3992 6198
473 362 542 372 σ-

472 376 542 387 σε...

1870 227 1928 283 S.
1965 226 2311 284 EPIPHANII

3635 229 3704 281 12

548 344 3691 389 Μ

1209 540 1436 626 TOY
1485 541 1629 624 EN
1684 512 2057 623 ἈΓΙΟΙΣ
2113 538 2545 625 ΠΑΤΡΟΣ
2619 538 2947 627 ΗΜΩΝ

1092 738 3063 979 ΕΠΙΦΑΝΙΟΥ

1352 1063 1752 1121 ΕΠΙΣΚΟΠΟΥ
1782 1061 2311 1117 ΚΩΝΣΤΑΝΤΕΙΑΣ
2357 1063 2495 1118 ΤΗΣ
2524 1063 2813 1119 ΚΥΠΡΟΥ

1558 1230 2628 1365 ΑΓΚΥΡΩΤΟΣ.

1508 1619 2119 1708 ΠΕΡΙΟΧΗ
2207 1620 2667 1710 ΛΟΓΟΥ.

1084 1989 1256 2254 s.
1366 1993 1562 2163 P.
1666 1991 1865 2163 N.
1972 1982 3093 2247 EPIPHANII

1464 2277 1779 2333 EPISCOPI
1818 2239 2286 2333 CONSTANTIiE
2325 2278 2391 2333 IN
2422 2277 2649 2335 emo

1565 2450 2558 2583 ANCOBATUS.

512 2695 605 2762 (Ex
632 2695 852 2749 editione
875 2690 1078 2757 Iosephi
1098 2690 1263 2747 laris
1286 2690 1415 2743 card.
1440 2687 1690 2743 Thomasii
1709 2689 1761 2762 in
1785 2684 1998 2762 Instituit.
2022 2685 2151 2762 meo!

2217 2688 2410 2815 ..ἱὲιίρὶ
2422 2695 2537 2740 tom.
2558 2689 2641 2751 1x,
2661 2696 2966 2745 recensente
2990 2690 3206 2744 Antonio
3238 2691 3413 2746 Franc.
3440 2697 3639 2749 Venosi

1714 2749 1767 2801 C.
1802 2750 1861 2800 Β.
1898 2750 2064 2799 Roma
2093 2749 2229 2809 1769,
2253 2749 2333 2800 in;

1420 3023 2001 3121 SYNOPSIS
2087 3026 2736 3122 ANCORATI.

524 3343 568 3410 ι
594 3341 812 3397 Divinas
826 3342 910 3396 hic
929 3349 981 3396 et
999 3355 1219 3411 magnus
1238 3339 1401 3394 Pater
1422 3310 1748 3409 Epiphanius
1776 3338 2023 3395 Eleuthe«

2210 3343 2263 3393 Ὀ
2292 3337 2447 3404 θεῖος
2474 3332 2653 3403 οὗτος
2677 3334 2773 3389 καὶ
2811 3336 2994 3405 μέγας
3030 3336 3232 3406 Πατὴρ
3261 3337 3426 3408 ήμῶν
3463 3342 3695 3410 Ἐπιφά.

450 3433 626 3501 ropoli
662 3434 717 3487 in
760 3433 1052 3488 Patastina
1095 3433 1378 3497 oriundus,
1419 3432 1615 3486 ibidem
1644 3431 2019 3486 monachorum

2128 3452 2277 3498 νιος,
2315 3430 2434 3487 ἀπὸ
2488 3430 3020 3497 Ἐλευθεροπόλεως
3058 3429 3174 3498 μὲν
3209 3430 3440 3500 ὡρμᾶτο
3474 3430 3584 3500 τῆς
3628 3434 3695 3486 ἐν

448 3523 617 3580 Pater
657 3524 779 3595 fuit.
822 3523 1063 3579 Primam
1100 3540 1219 3578 vero
1251 3523 1483 3577 instituti
1509 3523 1653 3577 illius
1681 3523 2019 3577 exercitatio—

449 3632 567 3671 nem
605 3616 659 3668 in
680 3612 911 3684 {Egypto
931 3614 1178 3683 suscepit,
1202 3630 1303 3684 quo
1346 3621 1458 3666 tum
1488 3619 1792 3665 secesserat.
1829 3609 1928 3664 Ubi
1953 3609 2022 3663 ad

451 3705 753 3760 vicesimum
784 3720 946 3774 usque
985 3704 1161 3757 aetatis
1207 3718 1402 3756 annum
1439 3702 1723 3766 remansit,
1764 3700 1927 3755 donec
1952 3700 2022 3753 ad

449 3794 1028 3863 Eleutheropolitanam
1058 3794 1317 3865 regionem
1368 3809 1604 3847 reversus
1644 3792 2021 3845 monasterium

436 3885 581 3938 inea
624 3882 879 3939 condidit.
920 3882 1226 3938 Ancoratus
1254 3898 1373 3935 vero
1403 3881 1534 3935 liber
1569 3882 1667 3934 iste
1696 3880 2017 3944 nominatur,

444 3982 719 4042 propterea
754 3971 893 4042 quod
927 3973 1161 4026 animum
1184 3971 1248 4025 de
1276 3972 1383 4025 vita
1417 3987 1479 4024 ac
1523 3971 1696 4025 salute
1726 3971 2019 4026 sollicitum

446 4064 619 4115 instar
650 4075 867 4118 ancora:
912 4060 1250 4125 moderatur;
1278 4076 1401 4114 nam
1429 4060 1721 4126 complures
1751 4059 1847 4113 hoc
1884 4076 2014 4130 opus

446 4150 573 4219 ﬁdei
616 4159 793 4219 partes
837 4151 1105 4212 continet,
1152 4157 1338 4216 utputa
1392 4148 1456 4202 de
1517 4148 1714 4213 Patris,
1769 4148 1902 4203 Filii
1958 4167 2020 4203 ac

446 4237 618 4290 sancti
636 4236 866 4303 Spiritus
890 4251 1020 4298 una,
1035 4233 1317 4293 eademque
1339 4234 1634 4287 substantia
1654 4251 1674 4299 ;
1701 4234 1765 4288 de
1789 4236 2018 4304 perfecta

448 4324 651 4379 Christi
676 4324 1061 4385 incarnatione,
1088 4324 1151 4377 de
1173 4332 1500 4376 mortuorum
1523 4325 1922 4388 resurrectione,
1954 4325 2019 4379 de

447 4422 645 4469 eterna
680 4414 787 4467 vita
837 4430 901 4467 ac
934 4412 1143 4482 judicio
1186 4413 1380 4469 animte
1427 4414 1630 4482 pariter
1658 4424 1708 4469 et
1740 4417 2016 4484 corporis;

448 4515 561 4559 tum
598 4504 849 4561 adversus
882 4504 1029 4559 idola
1061 4505 1385 4575 hwresesque
1412 4504 1751 4575 singillatim,
1789 4522 1851 4559 ac
1890 4522 2013 4560 con-

448 4603 533 4648 tra
571 4592 788 4649 Iudaeos
835 4603 1149 4665 cceterosque
1212 4595 1468 4663 disputat.
1524 4595 1805 4666 Octoginta
1857 4612 2013 4666 porro

444 4684 707 4739 hereseon
744 4686 955 4739 nomina
984 4684 1362 4761 complectitur,
1404 4702 1467 4739 ac
1491 4685 1711 4755 denique
1743 4687 1923 4741 varias
1952 4687 2016 4742 de

444 4775 738 4845 Scripturis
789 4778 958 4831 sacris
1013 4778 1323 4845 quaestiones
1366 4778 1600 4845 exponit.
1659 4776 1899 4846 Scriptus
1936 4790 2015 4834 est

443 4865 527 4923 hic
556 4868 685 4922 liber
712 4866 781 4921 ad
815 4868 1119 4931 nonnullos,
1161 4869 1252 4938 qui
1289 4865 1506 4922 Suedris
1562 4866 1890 4938 Pamphylia:
1922 4869 2014 4923 de-

443 4956 652 5028 gebant,
695 4958 785 5027 qui
810 4958 865 5011 id
910 4973 1001 5026 per
1031 4958 1279 5026 epistolas
1314 4957 1686 5027 postularant,
1731 4975 1848 5027 qua:
1870 4960 2013 5027 operi

402 5068 411 5078 ·
442 5048 544 5115 ipsi
587 5048 824 5117 prteﬁxa:
859 5056 1001 5102 sunt.
1035 5049 1171 5101 Acta
1214 5048 1323 5103 hwc
1352 5057 1474 5101 sunt
1507 5064 1645 5101 anno
1673 5049 2012 5117 nonagesimo

444 5130 781 5200 Diocletiani,
796 5135 1032 5190 Valentis
1045 5151 1162 5190 vero
1179 5134 1403 5200 decimo,
1422 5146 1469 5189 et
1486 5135 1732 5189 Gratiani
1746 5144 1891 5191 sexto
1909 5135 2006 5206 (1).

2046 4722 2088 4776 Β

2128 3520 2523 3586 Παλαιστίνῃ,
2564 3517 2711 3572 ἔνθα
2742 3518 2840 3570 καὶ
2882 3516 3087 3586 Πατὴρ
3116 3518 3324 3589 γέγονε
3352 3521 3693 3588 μοναστῶνο

2124 3610 2239 3677 τὴν
2283 3607 2351 3660 δὲ
2398 3605 2637 3674 πρώτην
2682 3606 2770 3670 είς
2800 3605 3105 3675 Αιγυπτον
3135 3607 3551 3676 ἀναχωρήσας,
3596 3610 3695 3662 καὶ

2125 3695 2476 3760 διατελέσας
2515 3694 2625 3759 ἕως
2657 3693 2956 3748 ἐπανόδου
2981 3695 3051 3748 ἐν
3070 3694 3151 3761 τῷ
3172 3697 3424 3762 εἰκοστῷ
3442 3697 3559 3751 ἔτει
3586 3698 3695 3766 τῆς

2121 3786 2361 3854 ἡλικίας
2377 3785 2582 3849 αὑτοῦ,
2612 3787 2699 3851 είς
2728 3785 2846 3853 τὴν
2880 3786 3451 3855 Ἐλευθεροπολιτῶν
3475 3804 3693 3859 περιοι-

2121 3876 2260 3931 κίδα
2292 3870 2465 3941 αὖθις
2511 3874 2875 3943 ἐπανῆλθεν,
2900 3876 3302 3945 οἰκοδομήσας
3323 3878 3392 3932 ἐν
3416 3879 3571 3949 αὐτῇ
3586 3899 3694 3951 μο.

2119 3963 2468 4031 ναστήριον.
2510 3963 2853 4035 Ἀγκυρωτὸς
2893 3964 2962 4016 δὲ
3008 3962 3289 4032 κέκληται
3318 3969 3349 4019 ὀ
3377 3968 3558 4036 λόγος
3589 3970 3695 4021 αὐ-

2120 4054 2249 4119 τοῦ,
2298 4052 2386 4107 ὅτι
2426 4052 2689 4124 ἀγκύρας
2726 4054 2907 4123 δίκην
2936 4056 3041 4110 τὸν
3072 4056 3207 4125 περὶ
3252 4056 3360 4126 τῆς
3407 4059 3555 4128 ζωῆς
3596 4061 3693 4116 καὶ

2120 4146 2422 4213 σωτηρίας
2451 4144 2783 4212 ἐρευνῶντα
2815 4146 2966 4201 νοῦν
2996 4147 3144 4216 ἄγει,
3188 4148 3285 4202 διὰ
3316 4151 3380 4202 τὸ
3408 4156 3689 4217 περισυλ-

2117 4235 2417 4301 ληπτικὸν
2457 4234 2568 4303 τῆς
2607 4236 2677 4289 ἐν
2715 4234 2873 4300 αὑτῷ
2914 4236 3258 4305 συντάξεως
3299 4239 3415 4293 τῶν
3448 4241 3689 4296 πολλῶν

2119 4321 2228 4390 τῆς
2254 4323 2513 4388 πίστεως
2532 4322 2751 4392 μερῶν·
2772 4323 2923 4393 φημὶ
2945 4324 3021 4393 δὴ
3044 4326 3150 4380 τοῦ
3176 4328 3307 4396 περὶ
3335 4329 3445 4397 τῆς
3465 4331 3687 4398 Πατρός

2118 4414 2214 4467 καί
2251 4412 2386 4467 Υίοῦ
2407 4414 2503 4470 καὶ
2530 4415 2701 4483 ἁγίου
2716 4416 3061 4483 Πνεύματος
3080 4418 3558 4487 όμοουσιότητος,
3580 4420 3689 4474 τοῦ

2116 4505 2247 4573 περὶ
2262 4504 2493 4570 τελείας
2508 4503 2617 4573 τῆς
2631 4505 2888 4573 Χριστοῦ
2903 4505 3202 4575 ἐνσάρκου
3215 4511 3567 4577 παρουσίας,
3581 4512 3689 4566 τοῦ

2115 4596 2246 4665 περὶ
2274 4596 2662 4663 ἀναστάσεως
2691 4595 2938 4667 νεκρῶν,
2971 4599 3070 4652 καὶ
3107 4598 3253 4666 ζωῆς
3276 4603 3538 4670 αἰωνίου,
3585 4606 3686 4659 καὶ

2116 4686 2367 4753 κρίσεως
2388 4686 2613 4753 σαρκός
2643 4702 2707 4739 τε
2730 4687 2827 4740 καί
2852 4686 3061 4755 ψυχῆς
3085 4688 3419 4755 ἐπιτοαυτὸ,
3451 4693 3550 4746 καὶ
3579 4692 3688 4749 τοῦ

2120 4775 2267 4829 κατὰ
2296 4774 2554 4829 είδώλων
2590 4792 2653 4829 τε
2691 4776 2788 4829 καὶ
2814 4774 3099 4844 αἱρέσεων
3120 4776 3189 4829 ἐν
3201 4778 3385 4847 μέρει,
3410 4782 3509 4836 καὶ
3550 4786 3693 4840 ’10:,-

2118 4866 2317 4931 δαίων,
2334 4866 2431 4921 καί
2449 4866 2564 4920 τῶν
2578 4865 2804 4921 ἄλλων.
2832 4864 3096 4933 Περιέχει
3115 4866 3185 4920 δέ
3203 4869 3302 4924 καὶ
3327 4870 3448 4926 τῶν
3474 4873 3687 4943 ὀγδοή-

2118 4973 2300 5009 κοντα
2330 4957 2616 5025 αἱρέσεων
2656 4958 2729 5011 τὰ
2764 4958 3045 5026 ὀνόματα,
3073 4960 3173 5013 καὶ
3208 4962 3327 5015 τῶν
3359 4965 3428 5015 ἐν
3454 4964 3529 5031 τῇ
3557 4967 3687 5034 θείᾳ

2117 5045 2329 5115 [ξραφῇ
2353 5046 2558 5101 ἄλλων
2587 5045 2930 5114 ζητημάτων
2950 5047 3066 5116 τὴν
3083 5050 3441 5119 σαφήνειαν.
3482 5052 3686 5121 Ἑγρά-

2116 5155 2201 5205 ςοη
2224 5137 2291 5189 δὲ
2310 5137 2434 5201 τοῖς
2457 5138 2526 5195 ἐν
2545 5137 2856 5207 Σουέδροις
2882 5138 2992 5207 τῆς
3010 5140 3687 5210 Παμςρυλίας,αίτήσασι

439 5224 514 5276 δι’
541 5223 878 5279 ἐπιστολῶν
902 5224 1020 5279 τῶν
1048 5226 1119 5279 ἐν
1143 5227 1333 5290 τούτῳ
1371 5223 1859 5293 προτεταγμένων
1899 5222 2009 5291 τῆς
2073 5225 2178 5278 τοῦ
2224 5226 2410 5294 λόγου
2456 5229 2877 5297 πραγματείας.
2923 5230 3222 5299 Ἐπράχθη
3264 5229 3333 5283 δέ
3373 5231 3561 5287 ταῦτα
3615 5235 3688 5289 ἐν

441 5320 557 5373 ἔτει
583 5316 962 5386 ἐνενηκοστῷ
988 5316 1105 5387 μὲν
1122 5317 1240 5372 ἀπὸ
1264 5319 1712 5386 Διοκλητιανοῦ,
1748 5317 2083 5385 Οὐάλεντος
2108 5317 2176 5371 δέ
2195 5317 2441 5385 δεκάτῳ,
2478 5321 2813 5388 Γρατιανοῦ
2839 5323 2909 5377 δέ
2933 5324 3100 5391 ἕκτῳ.

514 5469 592 5542 (Ι)
617 5471 774 5529 Anno
811 5472 935 5527 574.
