3992 6198
411 272 434 329 ι
450 274 483 326 5
1835 266 2276 326 ANCORATUS.
3616 264 3685 321 14

3188 414 3453 429 ψ

1331 473 1709 527 ΕΠΙΣΤΟΛΗ
1760 473 2112 525 ΓΡΑΦΕΙΣΑ
2158 473 2304 523 ΑΠΟ
2344 471 2769 523 ῙΙΑΜΦΥΛΙΑΣ
2918 494 2935 502 ι

842 564 945 618 ΕΚ
971 563 1262 617 ΠΟΛΕΩΣ
1297 562 1695 621 ΣΟΥΕΔΡΩΝ.
1750 562 1851 614 EK
1904 561 2045 614 ΊῺΝ
2092 563 2272 614 ΠΕΡΙ
2310 559 2698 627 ΤΑΡΣΙΝΟΝ,
2732 563 2855 614 ΚΑΙ
2896 563 3263 632 ΜΑΤΙΔΙΟΝ,

968 656 1097 709 ΚΑΙ
1117 658 1420 709 ΑΛΛΟΥΣ
1440 657 2013 709 ΠΡΕΣΒΥΤΕΡΟΥΣ
2038 659 2237 709 ΠΡΟΣ
2274 656 2411 707 ἸῸΝ
2434 657 2672 709 APION
2697 658 3129 723 ΕΠΙΦΑΝΙΟΝ,

723 745 902 800 [ΕΡΙ
937 745 1258 800 ΠΙΣΤΕΩΣ
1304 746 1771 799 ΑΙΤΗΣΑΝΤΩΝ
1808 747 2104 798 ΠΑΤΡΟΣ
2135 748 2260 799 ΚΑΙ
2300 748 2460 799 ΥΙΟΥ
2484 750 2610 802 ΚΑΙ
2648 748 2888 805 ΑΓΙΟΥ
2912 750 3386 821 ΠΝΕΥΜΑΤΟΣ,

1289 831 1422 891 ΚΑΙ
1450 836 1705 890 ΑΛΛΩΝ
1732 835 1991 889 ΜΕΡΩΝ
2027 838 2164 888 ΤΗΣ
2194 839 2441 892 ΑΥΤΗΣ
2470 841 2801 894 ΠΙΣΤΕΩΣ.

1369 1021 1421 1090 2
1454 1018 1817 1075 EPISTOLA
1862 1020 2172 1078 SCRIPTA
2212 1024 2263 1077 E
2298 1023 2737 1081 PAMPHYLIA

1228 1111 1333 1165 EX
1369 1110 1652 1167 OPPIDO
1693 1111 2015 1170 SUEDRIS
2048 1116 2092 1169 Α
2134 1114 2477 1185 TARSINO,
2512 1118 2875 1186 MATIDIO,

1079 1205 1175 1261 ET
1201 1205 1406 1261 ALIIS
1438 1205 1952 1263 PRESBYTERIS
1982 1209 2078 1263 AD
2106 1210 2464 1267 SANCTUH
2498 1213 2995 1272 EPIPHANIUM
3022 1216 3050 1283 ;’

683 1300 889 1371 QUEM
926 1298 1024 1355 DE
1053 1298 1230 1353 FIDE
1262 1299 1678 1357 SCISCITATI
1715 1300 1918 1357 SUNT
1947 1300 2213 1386 PATEIS
2248 1304 2341 1358 ET
2377 1305 2574 1362 FILII
2604 1308 2698 1362 ET
2731 1307 3091 1367 SPIRITUS
3117 1310 3419 1381 SANCTI,

1514 1391 1875 1459 ALIISQUE
1904 1391 2130 1446 FIDE!
2159 1394 2582 1454 CAPITIBUS.

2027 1512 2098 1523 ..ι-

494 1580 584 1652 Τῷ
628 1580 804 1651 κυρίῳ
841 1579 1149 1650 θεοτιμήτῳ
1178 1575 1463 1646 έπισκόπῳ
1504 1575 1830 1647 Ἐπιφανίῳ,
1872 1578 1993 1629 Μα·
2022 1584 2069 1639 Α

2169 1576 2397 1632 Domino
2413 1576 2556 1647 apud
2582 1576 2749 1634 Deum
2770 1579 3195 1640 honoratissimo
3211 1594 3265 1642 et
3287 1588 3543 1659 episcopo
3566 1589 3690 1661 Epi-

415 1674 578 1736 τίδιος
605 1673 702 1725 καὶ
749 1671 1015 1740 Ταρσῖνος
1047 1670 1097 1722 οἱ
1126 1669 1236 1722 νέοι
1266 1666 1629 1738 πρεσϐύτεροι
1649 1669 1748 1739 τῆς
1778 1670 1837 1720 ὲν
1863 1670 1991 1722 Σου-

2115 1668 2329 1739 phanio,
2350 1668 2607 1725 Matidius
2627 1679 2679 1726 et
2697 1671 2963 1731 Tarsinus
2994 1676 3120 1731 novi
3150 1680 3454 1751 presbyteri
3472 1682 3691 1737 catholi-

421 1767 590 1838 ἑδροις
614 1764 907 1835 καθολικῆς
947 1761 1294 1832 Ἐκκλησίας,
1323 1761 1382 1813 ὲν
1406 1761 1594 1833 Κυρίῳ
1624 1759 1857 1833 χαίρειν.

2112 1777 2185 1818 rae
2204 1763 2483 1827 Ecclesiae,
2500 1773 2720 1835 quaeest
2737 1766 2792 1820 in
2820 1765 3153 1823 Suedrorum
3182 1772 3405 1842 oppido,
3434 1775 3688 1830 salutem.

488 1857 759 1920 Ποικίλως
796 1858 827 1909 ὁ
860 1854 1056 1926 ἐχθρὸς
1092 1852 1199 1906 τῶν
1226 1851 1532 1923 ἀνθρώπων
1564 1852 1813 1917 διάϐολος
1837 1852 1996 1906 είωθε

2179 1852 2415 1909 Humani
2451 1856 2667 1924 generis
2700 1856 2874 1914 hostis
2898 1859 3148 1916 diabolus
3170 1862 3342 1919 variis
3368 1865 3544 1920 modis
3566 1882 3690 1936 per-

416 1950 732 2022 τιράττειν,
766 1949 861 2003 καὶ⁵
897 1946 966 2000 τὰ
1001 1947 1111 2000 ίδια
1151 1942 1493 2016 ὲπισπείρειν
1534 1945 1826 2017 σπέρματα
1856 1947 1992 2001 κατὰ

2110 1945 2342 2001 miscere
2368 1946 2508 2002 solet
2554 1948 2771 2013 omnia,
2810 1958 2865 2004 et
2902 1950 2957 2004 in
2992 1952 3273 2008 rudiorum
3323 1956 3523 2011 animis
3558 1973 3686 2013 nee-

410 2041 526 2094 τῶν
576 2038 979 2108 ἁπλουστέρων,
1028 2038 1122 2090 καὶ
1164 2035 1394 2107 μηδέπω
1440 2037 1521 2100 είς
1559 2036 1660 2107 τὴν
1694 2036 1878 2089 πίστιν
1904 2038 1986 2106 τῆς

2115 2036 2244 2090 dum
2304 2037 2358 2089 in
2413 2047 2788 2092 sacrosancta:
2839 2038 3126 2095 Trinitatis
3173 2044 3277 2098 fide
3321 2046 3691 2101 corroboratis

426 2130 588 2199 ἁγίας
624 2128 855 2201 Τριάδος
890 2128 1303 2197 βεὸαιωθέντων.
1351 2127 1411 2181 ’0
1442 2127 1626 2198 μέντοι
1658 2128 1879 2198 στερεὸς
1906 2128 1998 2181 θε-

2117 2132 2305 2195 suapte
2331 2126 2539 2180 semina
2576 2125 2909 2196 dispergere.
2942 2127 3377 2186 Fundamentum
3405 2149 3557 2198 vero,
3610 2133 3693 2189 uti

423 2223 629 2295 μέλιος,
688 2220 826 2275 κατὰ
877 2220 936 2274 τὸ
980 2222 1385 2292 γεγραμμένον,
1433 2221 1666 2291 ἕστηκεν
1712 2218 1852 2289 ἔχων
1901 2221 1999 2291 τὴν

2115 2216 2387 2286 scriptum
2410 2224 2515 2279 est,
2548 2217 2826 2272 immobile
2856 2228 3063 2288 perstat
3089 2228 3143 2275 et
3159 2222 3393 2277 solidum
3423 2233 3588 2296 atque
3611 2228 3691 2281 si~

423 2314 691 2386 σφραγῖδα
718 2313 942 2385 ταύτην.
971 2314 1155 2380 Ἔγνω
1186 2312 1296 2383 γὰρ
1322 2311 1529 2383 Κύριος
1554 2312 1681 2375 τοὺς
1712 2311 1873 2375 ὄντας
1898 2313 1999 2365 αὑ-

2123 2306 2239 2377 gilli
2278 2313 2406 2361 nota
2437 2306 2748 2377 signatum;
2799 2310 2949 2365 novit
2986 2311 3131 2366 enim
3176 2312 3441 2370 Dominus
3471 2331 3568 2373 eos
3598 2318 3692 2388 qui

423 2406 535 2461 τοῦ.
564 2407 627 2460 Οί
667 2406 727 2458 δὲ
762 2405 939 2459 πάντα
977 2405 1221 2475 εὐχερεῖς
1268 2404 1560 2474 αἱρετικοὶ,
1601 2404 1868 2476 παρέντες
1905 2404 1999 2475 τὴν

2117 2407 2247 2454 sunt
2286 2400 2460 2470 ipsius
2490 2400 2529 2454 ⁸.
2572 2401 2643 2455 At
2672 2401 2915 2458 bteretici
2954 2404 3021 2460 ad
3068 2407 3253 2461 omnia
3292 2406 3520 2474 faciles,
3563 2426 3693 2481 prae-

424 2499 564 2551 κατὰ
598 2496 693 2549 τυῦ
750 2495 925 2567 Ἰησοῦ
973 2495 1347 2566 βλασφημίαν,
1394 2494 1598 2567 ἑτέρως
1636 2496 1716 2559 είς
1754 2495 1846 2549 τὸν
1873 2495 2000 2549 Θεὸν

2116 2489 2369 2545 termissa
2399 2489 2454 2543 in
2478 2488 2665 2545 Jesum
2705 2491 3062 2562 blasphemia,
3096 2495 3255 2551 aliter
3289 2496 3342 2551 in
3382 2496 3553 2554 Deum
3587 2503 3692 2556 im-

430 2587 703 2652 ἀσεδοῦσι,
730 2588 869 2641 κατὰ
888 2585 986 2640 τοῦ
1016 2586 1173 2655 ἁγίου
1199 2585 1518 2657 Πνεύματος
1542 2584 1642 2656 τὴν
1670 2584 1807 2639 ἰδίαν
1832 2585 2006 2654 γλῶσ-

2119 2578 2190 2647 pii
2219 2586 2382 2644 sunt,
2409 2579 2539 2634 dum
2590 2587 2645 2634 ct
2688 2581 2955 2639 adversus
2992 2583 3254 2655 Spiritum
3300 2598 3552 2643 sanctum
3595 2591 3695 2645 lin~

432 2695 530 2730 σαν
551 2677 960 2746 μεγαλύνοντες,
988 2678 1083 2730 καλ¹
1105 2676 1324 2730 ἀδικίαν
1349 2677 1429 2738 είς
1453 2676 1516 2728 τὸ
1541 2674 1674 2744 ὕψος
1700 2674 2006 2739 λαλοῦντες.

2117 2683 2252 2737 guas
2275 2682 2405 2723 suas
2464 2668 2762 2725 insolenter
2795 2682 3027 2739 acuunt,
3059 2682 3114 2729 et
3147 2675 3471 2746 injustitiam
3502 2688 3692 2735 contra

444 2766 583 2819 Ἀλλ’
612 2768 761 2836 ὅμως
789 2766 993 2838 καίπερ
1026 2767 1234 2838 μυρίων
1266 2753 1617 2836 κινηθέντων,
1648 2766 1801 2819 αὐτοὶ
1826 2764 2009 2836 χάριτι

2119 2759 2518 2815 sublimitatem
2553 2761 2860 2831 loquuntur
2887 2767 2929 2818 ’.
2964 2764 3071 2821 Sed
3104 2768 3209 2822 etsi
3230 2768 3428 2823 infiniti
3447 2770 3695 2827 homines

434 2857 639 2929 Κυρίου
682 2860 761 2920 είς
803 2858 901 2929 τὴν
948 2858 1075 2928 ὑγιῆ
1118 2858 1433 2929 ἑστήκαμεν
1478 2857 1681 2919 πίστιν,
1727 2857 1786 2909 έν
1828 2855 2010 2927 μηδενὶ

2119 2860 2588 2918 commoveantur,
2638 2867 2740 2908 nos
2788 2861 2971 2909 tamen
3001 2854 3216 2911 Domini
3257 2860 3429 2929 gratia
3464 2861 3517 2914 in
3561 2878 3694 2917 sana

434 2949 573 3011 ὅλως
606 2948 1071 3019 παρακινηθέντες
1091 2949 1191 3018 τῆς
1221 2947 1388 3019 ὀρθῆς
1415 2948 1512 3000 καὶ
1538 2944 1735 3015 ὑγιοῦς
1759 2944 2010 2999 διδασκα-

2127 2935 2230 2992 ﬁde
2262 2954 2704 3009 perseveramus,
2744 2958 2845 2999 nec
2872 2945 2981 2998 ulla
3021 2962 3078 3000 re
3116 2949 3335 3015 penitus
3364 2950 3433 3004 ab
3464 2960 3612 3006 recta
3642 2962 3695 3007 et

436 3038 573 3101 λίας.
605 3039 712 3091 Καὶ
741 3037 930 3091 πολλοὶ
957 3038 1064 3091 τῶν
1090 3038 1390 3092 δοκούντων
1422 3035 1755 3101 ἀπατᾶσθαι,
1786 3036 2012 3107 ἐπανερ-

2129 3043 2263 3082 sana
2288 3028 2534 3083 doctrina
2569 3030 2921 3088 descivimus.
2949 3033 3093 3099 Quin
3116 3044 3169 3091 et
3198 3037 3375 3106 multi,
3403 3039 3493 3109 qui
3523 3039 3576 3094 in
3610 3058 3696 3096 cr-

443 3128 730 3199 ρὼσθησαν
774 3131 957 3201 χάριτι
1004 3129 1237 3201 Κυρίου,
1282 3129 1373 3183 διά
1416 3145 1477 3180 τε
1526 3126 1872 3198 γραμμάτων
1921 3126 2016 3179 τοῦ

2124 3133 2301 3173 rorem
2333 3118 2544 3189 abrepti
2572 3120 2918 3186 videbantur,
2951 3122 3045 3177 Dei
3068 3126 3240 3194 gratia
3266 3128 3692 3198 convaluerunt,

448 3216 846 3287 pvﬁpchﬁlou
879 3219 973 3271 καί⁸
1012 3218 1316 3289 μακαρίτου
1342 3216 1642 3270 ἐπισκόπου
1678 3215 2016 3279 Ἀθανασίου,

2126 3215 2370 3281 acceptis
2403 3227 2433 3265 a
2461 3212 2621 3268 beato
2648 3227 2711 3267 ac
2752 3213 2925 3270 felicis
2947 3217 3223 3273 memoriae
3247 3220 3504 3289 episeopo
3528 3220 3697 3276 Atha-

444 3308 543 3359 καὶ
583 3306 676 3359 τοῦ
719 3306 1134 3363 θεοσεϐεστάτου
1171 3306 1586 3379 συλλειτουργοῦ
1621 3323 1715 3359 σου
1747 3306 2018 3376 Προκλια-

2128 3302 2307 3367 nasio,
2364 3310 2419 3357 et
2461 3303 2530 3357 ab
2576 3304 2993 3375 religiosissimo
3035 3309 3242 3379 collega
3287 3319 3378 3365 tuo
3410 3311 3697 3369 Procliano

447 3395 559 3452 νοῦ.
603 3394 815 3467 Ἐπειδὴ
834 3398 893 3450 δὲ
917 3398 1139 3467 λείψανα
1167 3398 1265 3468 τῆς
1297 3399 1473 3467 κακῆς
1499 3394 1848 3457 διδασκαλίας
1869 3395 2022 3466 παρά

2126 3390 2341 3447 litteris.
2369 3392 2475 3447 Sed
2499 3395 2756 3463 quoniam
2781 3398 3140 3453 conscelerati
3165 3400 3435 3471 dogmatis
3458 3404 3699 3475 reliquiae

444 3503 587 3540 τισιν
626 3488 709 3541 ἐτι
752 3489 1149 3560 περιλείπεται,
1182 3489 1277 3541 καὶ
1306 3488 1412 3559 χρὴ
1443 3486 1613 3541 ταῦτα
1644 3487 1710 3541 δι’
1739 3488 1882 3558 ὑμᾶς
1909 3484 2019 3538 τῶν

2127 3484 2268 3555 apud
2314 3485 2608 3542 nonnullos
2647 3486 2826 3542 adhuc
2861 3498 3194 3561 supersunt,
3229 3508 3431 3564 easque
3461 3511 3557 3566 per
3598 3514 3694 3554 vos

442 3578 726 3649 ἐμπείρων
760 3580 839 3642 είς
877 3578 1214 3633 καλλιέλαιον
1261 3578 1732 3650 έγκεντρισθῆναι,
1771 3578 1805 3648 ἢ
1838 3576 2018 3631 τέλεον

2124 3576 2330 3646 peritos
2360 3578 2628 3649 agricolas
2656 3579 2713 3633 in
2743 3579 2955 3637 felicem
2988 3582 3161 3638 oleam
3195 3584 3384 3652 inseri,
3419 3598 3513 3641 aut
3546 3592 3700 3658 peni-

446 3671 841 3743 ὲκκοπηθῆναιο
887 3671 1078 3725 τούτου
1122 3671 1281 3743 χάριν
1314 3672 1613 3742 γράφοντες
1640 3673 1705 3740 τῇ
1740 3669 2021 3739 θεοσεϐείᾳ

2124 3675 2212 3721 tus
2244 3668 2423 3723 excidi
2475 3684 2702 3726 necesse
2756 3678 2863 3737 est,
2908 3673 2979 3727 ob
3012 3673 3067 3729 id
3123 3675 3379 3745 pietatem
3420 3685 3570 3733 tuam
3602 3695 3700 3749 per

448 3778 563 3825 σου,
604 3762 1035 3834 παρακαλοῦμεν
1074 3761 1410 3827 καταξιῶσαι
1449 3761 1545 3832 τὴν
1587 3760 1874 3815 εὐλάϐειάν
1924 3775 2016 3813 σου

2123 3758 2266 3813 hanc
2298 3759 2587 3830 epistolam
2629 3761 2980 3818 vehementer
3008 3764 3169 3819 etiam
3209 3776 3372 3835 atque
3413 3768 3578 3823 etiam
3608 3785 3699 3823 ro-

445 3853 747 3923 γράμματα
780 3853 915 3924 πρὸς
949 3852 1047 3924 τὴν
1085 3852 1361 3926 ἡμετέραν
1399 3851 1725 3922 Ἐκκλησίαν
1752 3848 2016 3920 διαχαρά-

2120 3864 2335 3921 gamus,
2365 3859 2427 3905 ut
2458 3850 2527 3904 ad
2571 3849 2873 3907 Ecclesiam
2908 3864 3151 3909 nostram
3188 3855 3396 3912 litteras
3424 3855 3557 3914 dare
3586 3875 3696 3915 non

447 3941 557 4006 ξαι,
590 3944 683 3995 καὶ
712 3942 800 3996 διὰ
832 3942 1168 4012 πλατυτέρου
1204 3941 1543 4013 διηγήματος
1587 3940 1686 4011 τὴν
1728 3938 1894 4010 ὀρθὴν
1922 3938 2017 3992 καὶ

2122 3947 2396 4009 gravetur,
2454 3954 2519 3994 ae
2567 3950 2772 3995 rectam
2814 3957 3115 4013 sanamque
3145 3944 3303 3999 fidem
3344 3947 3568 4006 uberius
3599 3967 3697 4007 ex-

446 4034 577 4102 ὐγιῆ
618 4035 799 4087 πίστιν
847 4033 1125 4098 ἐκθέσθαι,
1170 4032 1309 4104 πρὸς
1349 4033 1410 4085 τὸ
1440 4030 1734 4101 δυνηθῆναι
1763 4029 1859 4082 καὶ
1892 4028 2018 4089 τοὺς

2122 4031 2325 4101 plicare
2354 4049 2368 4084 :
2413 4044 2523 4100 quo
2560 4039 2614 4085 et
2660 4031 2911 4086 rudiores
2956 4041 3120 4105 atque
3150 4036 3206 4089 in
3242 4036 3347 4090 fide
3377 4038 3555 4095 adhuc
3587 4042 3698 4096 hm-

416 4122 864 4196 ‘drlouctépouc,
890 4124 986 4178 καὶ
1018 4123 1098 4177 ἔτι
1126 4124 1255 4194 περὶ
1279 4123 1379 4193 τὴν
1410 4122 1591 4176 πίστιν
1624 4119 1992 4185 ἐνδοιάζοντας

2124 4118 2357 4174 sitantes
2414 4118 2589 4173 sacris
2639 4119 2751 4176 tuis
2796 4119 2996 4180 litteris
3049 4123 3474 4193 confirmentur,
3518 4137 3571 4184 et
3595 4131 3699 4186 ini-

442 4181 802 4284 βεϐαιωθῆναι
823 4181 923 4267 ,διὰ
954 4213 1062 4266 τῶν
1093 4181 1254 4283 ίεριῦν
1285 4181 1379 4264 σου
1409 4210 1777 4283 γραμμάτων,
1806 4181 1899 4261 καὶ

2123 4212 2267 4266 mico
2305 4208 2566 4267 Ecclesia:
2609 4212 2829 4268 diabolo
2874 4217 3246 4274 sanctissimis
3284 4222 3395 4275 tuis
3440 4224 3698 4292 precibus

440 4303 635 4374 ἐχθρὸν
656 4302 757 4373 τῆς
792 4304 1116 4374 Ἐκκλησίας
1137 4301 1381 4356 διάϐολον
1412 4299 1502 4353 διά
1528 4298 1634 4352 τῶν
1652 4298 1826 4367 ἁγίων
1847 4315 2016 4369 προσ-

2010 4328 2016 4337 ·
2122 4300 2301 4370 pudor
2332 4302 2654 4359 incutiatur.
2679 4302 2834 4373 Vale,
2864 4306 2949 4361 vir
2976 4309 3227 4379 inprimis
3260 4313 3586 4369 venerande.

438 4394 619 4465 ευχῶν
652 4411 745 4447 σου
770 4394 1247 4465 ηταισχυνθῆναι.
1278 4394 1550 4465 Ἔῤῥωσο,
1589 4392 1907 4462 τιμιώτατε.

1334 4570 1711 4622 ΕΠΙΣΤΟΛΗ
1741 4567 2108 4620 ΓΡΑΦΕΙΣΑ
2146 4565 2337 4620 ΠΑΡΑ
2368 4568 2847 4635 ΠΑΛΛΑΔΙΟΥ,,

442 4656 558 4727 Τῆς
586 4662 777 4728 αὐτῆς
807 4662 1041 4729 πόλεως
1066 4662 1376 4733 Σουέδρων
1396 4660 1864 4741 πολιτευομένου
1890 4660 1991 4741 (ἢ),
2020 4660 2580 4741 καίρποσςααζεῖσα·
2598 4662 2748 4740 πρὸς
2778 4664 2887 4717 τὸν
2913 4665 3104 4719 αὐτὸν
3124 4667 3296 4737 ἅγιον
3328 4667 3699 4738 Ἐπιφάνιον,

1458 4729 1823 4800 αἰτήσαντος
1849 4729 1947 4783 καὶ
1976 4730 2165 4783 αὑτοῦ
2199 4731 2333 4800 περὶ
2361 4730 2481 4784 τῶν
2513 4729 2730 4786 αὐτῶν.

998 4915 1051 4987 3
1077 4913 1428 4969 PALLADII
1461 4912 1809 4969 EIUSDEM
1840 4909 2296 4969 SUEDRORUM
2332 4908 2551 4965 URBIS
2590 4910 3108 4969 MAGISTRATUS

1076 5005 1161 5059 Ad
1203 5016 1446 5061 sanctum
1493 5004 1847 5073 Epiphaniam
1901 5004 2163 5071 epistola,
2218 5020 2323 5072 qua
2362 5003 2500 5056 idem
2547 5004 2611 5056 ab
2665 5020 2725 5057 eo
2783 5006 3045 5073 postulat.

508 5184 599 5256 Τῷ
623 5185 860 5258 δεσπότῃ
896 5202 998 5256 μου
1029 5184 1129 5255 τῆς
1170 5184 1345 5255 ψυχῆς
1388 5184 1694 5255 θεοτιμήτῳ
1736 5182 2022 5254 έπισκὸπῳ

2204 5181 2434 5235 Domino
2485 5196 2516 5235 a
2570 5181 2679 5237 Deo
2728 5182 3022 5251 plurimum
3079 5184 3348 5237 honorato
3398 5182 3668 5255 Epiphani

448 5272 773 5347 Ἐπιφανίῳ,
791 5277 1114 5343 Παλλάδιος,
1141 5278 1199 5330 ὲν
1214 5276 1403 5347 Κυρίῳ
1432 5273 1661 5345 χαίρειν.

2128 5272 2408 5343 episc0po,
2430 5266 2731 5333 Palladius.
2758 5272 2811 5326 in
2832 5271 3062 5327 Domino
3092 5273 3344 5329 salutem.

507 5370 572 5421 Οἱ
600 5370 698 5441 τὴν
731 5370 975 5441 μεγάλην
1005 5371 1097 5424 καὶ¹
1128 5368 1439 5441 εὐρύχωρον
1456 5364 1799 5427 διαπλέοντες
1824 5363 2017 5417 θάλασο

2198 5362 2299 5430 Qui
2330 5364 2385 5418 in
2417 5365 2757 5435 amplissimo
2780 5365 3207 5435 vastissimoque
3234 5366 3375 5420 mari
3409 5370 3700 5440 navigant,

510 5486 591 5540 'll
625 5486 772 5541 Tim.
805 5503 869 5551 ιι,
902 5486 991 5542 l9.
1071 5490 1091 5519 ³
1115 5484 1260 5542 Psal.
1297 5501 1472 5549 um,
1499 5483 1552 5535 8.

508 5579 587 5647 (Sj
627 5578 755 5653 [ἧς
778 5579 969 5653 αὐτῆς
1007 5582 1236 5650 πόλεως
1280 5578 1589 5649 Σουέδριιη·
1622 5577 2010 5653 πολιτευομέ-

2124 5583 2354 5653 senator,
2386 5577 2444 5623 ut
2474 5569 2721 5653 inepist.
2754 5569 3057 5653 290_(p_nne
3083 5573 3700 5653 temporisincolitione

430 5638 581 5705 νου(
626 5638 1135 5718 ’θ’πηλιτεῦόμενος
1170 5638 1560 5726 nonnunquam
1592 5653 1676 5704 est
1708 5638 1928 5702 curialis
1959 5655 2006 5703 et

2121 5642 2456 5695 Carneriana
2502 5638 2632 5700 228.
2695 5656 2817 5713 pag.
2865 5640 2989 5705 551,
3029 5650 3161 5698 ιοιιι.
3196 5638 3286 5716 lll)
3332 5644 3545 5713 Basilii,
3581 5662 3696 5715 qua:
