3992 6198
469 332 538 391 ις
1877 320 1935 387 s.
1967 319 2304 376 EPIPHANII
3642 336 3701 390 ,δ

458 449 717 521 quandiu
760 446 999 502 secundo
1046 453 1210 500 vento
1265 445 1535 508 feruntur,
1589 441 1798 497 vicinos
1831 440 2033 494 littoris

2142 459 2263 507 σαν,
2295 442 2400 507 ἓως
2430 440 2528 513 μὲν
2549 443 2779 515 γαληνὸν
2802 445 3020 517 πνεῦμα
3040 446 3138 518 τὴν
3159 446 3287 501 ναῦν
3318 448 3502 511 ἰθύνει,
3534 461 3704 520 μικρὰ
3784 478 3790 484 -

471 551 663 610 portus
694 552 885 609 parum
927 534 1218 590 admodum
1256 548 1455 588 curare
1486 532 1663 586 solent
1689 568 1705 594 ,
1729 528 1874 598 quod
1916 527 2035 583 sine

2142 536 2244 588 τῶν
2267 536 2684 607 παρακειμένων
2709 539 2829 600 ταῖς
2851 536 3036 607 ὄχθαις
3051 537 3285 608 λιμένων
3306 540 3698 611 φροντίζωσιν,

473 647 670 700 magno
694 631 878 684 labore
908 627 1183 697 navigium
1209 640 1368 680 suum
1391 622 1809 677 transmissuros
1831 634 1889 675 se
1915 633 2037 674 esse

476 707 769 777 conﬁdant.
808 718 931 772 Mox
978 723 1157 772 autem
1201 723 1259 769 ut
1289 712 1600 768 contrarius
1659 725 1723 765 ac
1749 710 2038 765 vehemens

470 811 636 865 'ﬁatus
686 811 940 880 ingruere
979 806 1237 877 cmperit,
1280 817 1390 873 quo
1418 803 1704 857 decumani
1752 801 1951 855 ﬂuctus
1981 800 2036 854 in

478 904 715 960 sublime
759 901 1041 963 tolluntur,
1086 905 1139 952 et
1177 896 1332 951 navis
1360 896 1476 965 ipsa
1516 894 1887 963 demergitur;
1924 900 2038 945 tum

478 997 697 1052 demum
727 991 1005 1062 tranquilli
1031 987 1334 1057 cuiuspiam
1375 994 1565 1056 portus
1604 984 1873 1039 desiderio
1906 982 2037 1038 sub«

472 1088 676 1154 jeetam
732 1084 907 1139 oculis
958 1092 1156 1135 terram
1200 1078 1630 1146 circumquaque
1668 1074 2037 1144 prospiciunt;

478 1176 545 1229 ad
583 1190 743 1246 quam
773 1174 817 1228 si
842 1170 1109 1241 appellere
1145 1168 1526 1238 nequiverint,
1568 1165 1710 1236 quod
1746 1180 1912 1219 unum
1943 1179 2039 1219 su-

479 1273 681 1337 perest,
714 1262 779 1315 ad
806 1262 1039 1315 vicinam
1064 1258 1301 1327 aliquam
1327 1255 1637 1320 insulam,si
1673 1255 2041 1324 possint,sese

478 1358 811 1416 subducunt,
855 1358 909 1406 et
943 1350 1173 1406 salutem
1212 1362 1539 1419 quacunque
1567 1346 1779 1399 ratione
1808 1352 2039 1414 possunt

475 1446 787 1516 expediunt.
816 1441 897 1494 Ad
923 1441 1067 1495 illam
1105 1440 1270 1508 igitur
1299 1438 1635 1504 accedentes,
1665 1444 1717 1489 et
1741 1435 1808 1489 ad
1841 1430 2041 1503 promi-

476 1537 667 1584 nentes
704 1529 759 1581 in
791 1543 942 1582 mare
988 1527 1244 1595 scopulos
1273 1525 1569 1580 subeuntes
1595 1564 1608 1588 ,
1642 1538 1782 1593 aegre
1820 1518 2039 1576 tandem

474 1637 503 1673 a
551 1618 900 1675 circumfusis
956 1618 1215 1672 ﬂuctibus
1254 1624 1416 1687 atque
1472 1616 1831 1670 incommodis
1865 1630 2037 1669 emer-

474 1719 629 1781 gunt.
664 1709 805 1763 Idem
844 1718 898 1763 et
929 1709 1088 1764 nobis
1113 1745 1127 1773 ,
1177 1709 1427 1772 domine,
1461 1707 1620 1760 modo
1651 1706 1911 1776 contigit,
1946 1707 2039 1777 qui

2137 625 2370 697 οἰόμενοι
2419 628 2626 698 άκμητὶ
2680 628 2983 699 περαιῶσαι
3016 628 3078 681 τὸ
3108 629 3333 698 σκάφος.
3371 632 3619 684 Ἐπειδὰν
3648 632 3704 682 δὲ

2141 716 2380 769 ἐναντίον
2420 716 2514 769 καὶ
2547 716 2773 787 σφοδρὸν
2800 717 3081 790 ὲμπνεύσῃ
3116 717 3353 788 πνεῦμα,
3386 718 3486 782 τὰς
3514 737 3702 790 τρικυ-

2143 807 2271 876 μίας
2307 807 2384 877 ('5)
2418 808 2497 869 εἰς
2526 805 2659 875 ’ύψος
2687 807 2909 877 ὲπαῖρον
2940 805 3220 871 πάντοθεν,
3258 807 3353 860 καὶ
3381 808 3702 879 περικλύξον

2138 897 2238 969 τὴν
2264 897 2416 963 ναῦν,
2440 899 2562 950 τότε
2586 898 2648 968 δὴ
2668 898 2758 950 τὸν
2779 896 2951 950 εὖδιον
2973 897 3357 962 ἐπιποθοῦντες
3374 899 3587 970 λιμένα,
3610 901 3701 953 καὶ

2139 991 2320 1042 πᾶσαν
2341 990 2438 1059 τὴν
2466 989 2830 1059 ὑποκειμένην
2849 990 3074 1060 ἤπειρον
3096 991 3573 1060 περισκοποῦντες,
3601 1010 3702 1062 μη-

2139 1074 2312 1146 δαμοῦ
2356 1077 2412 1129 δὲ
2442 1077 2829 1148 ἐνορμίσασθαι
2861 1077 3209 1147 δυνηθέντες,
3244 1078 3427 1133 λοιπὸν
3472 1082 3562 1133 ἐπὶ
3607 1081 3701 1151 τὴν

2142 1166 2365 1236 πλησίον
2405 1168 2683 1238 κειμένην,
2721 1168 2786 1221 ἂν
2828 1168 2967 1221 οὑτω
2996 1168 3154 1239 τύχῃ,
3188 1169 3349 1239 νῆσον
3386 1172 3698 1240 ἀπαίρουσι,

2142 1258 2305 1311 παντὶ
2328 1259 2513 1329 τρόπῳ
2534 1258 2631 1329 τὴν
2662 1259 2933 1329 σωτηρίαν
2963 1259 3145 1321 αὐτοῖς
3171 1248 3535 1330 ποριζόμενοι.
3562 1260 3701 1312 Ταύ⁶

2140 1365 2205 1417 τῃ
2250 1365 2310 1400 τε
2354 1347 2771 1418 πλησιάσαντες,
2806 1348 2901 1400 κα)⁸
2933 1348 3040 1400 ὑπὸ
3066 1349 3165 1419 τὴν
3192 1348 3398 1418 σκέπην
3424 1349 3533 1401 τῶν
3567 1366 3699 1418 προ-

2140 1438 2486 1509 ϐεϐλημένων
2516 1438 2921 1501 ὑπεισελθόντες
2952 1438 3307 1510 ἀκρωτηρίων
3326 1478 3340 1502 ,
3390 1438 3542 1508 μόλις
3575 1440 3700 1492 ποτὲ

2139 1530 2247 1584 τῶν
2274 1530 2733 1601 περιαντλούντων
2757 1529 2942 1583 κακῶν
2966 1529 3344 1599 ἀπαλλαγῆναι
3368 1529 3698 1600 δεδύνηνται.

2139 1623 2249 1675 Καὶ
2300 1624 2459 1694 ἡμεῖς
2498 1621 2651 1675 αὐτοὶ
2689 1620 2758 1673 τὰ
2801 1620 2916 1684 νῦν,
2951 1614 2996 1674 ὦ
3026 1620 3278 1683 δέσποτα,
3313 1621 3404 1674 τὸν
3437 1623 3702 1691 σωτήριον

2139 1712 2233 1767 τοῦ
2262 1712 2396 1766 Θεοῦ
2422 1714 2576 1781 λόγον
2603 1716 3018 1786 κατηχούμενοι,
3041 1714 3133 1768 τοῦ
3164 1732 3222 1767 τε
3251 1713 3513 1782 κοσμικοῦ
3539 1714 3701 1768 σάλου

475 1800 701 1855 salutari
732 1799 826 1853 Dei
858 1799 1024 1854 verbo
1056 1798 1315 1861 instituti,
1343 1805 1397 1853 et
1438 1813 1469 1851 a
1500 1798 1685 1851 mundi
1719 1805 2041 1866 tempestate

2143 1805 2366 1866 ἑαυτοὺς
2386 1804 2689 1871 ἀπαλλάξαι
2711 1805 3043 1875 βουλόμενοι,
3072 1804 3164 1857 καὶ
3186 1805 3263 1866 εἱς
3285 1804 3376 1856 τὸν
3407 1804 3701 1858 ἀσάλευτον

475 1907 539 1945 ac
560 1891 855 1960 jactationc
889 1890 1136 1953 liberari,
1168 1896 1331 1958 atque
1367 1888 1433 1941 ad
1478 1888 1832 1958 tranquillum
1874 1888 2032 1958 quie-

475 1991 703 2051 tumque
732 1981 934 2037 Christi
962 1988 1177 2050 portum
1209 1979 1466 2048 scapham
1501 1990 1742 2033 nostram
1769 1978 2041 2049 applicare

472 2074 774 2144 cupientes,
840 2071 1026 2127 nescio
1056 2086 1194 2141 quas
1244 2070 1433 2125 inanes
1487 2077 1542 2123 et
1589 2068 1877 2136 absurdus,
1921 2084 2042 2124 meo

476 2165 693 2235 quidem
718 2162 929 2231 judicio
949 2204 962 2230 ,
990 2162 1315 2231 quaestiones
1352 2175 1381 2213 a
1423 2160 1701 2215 nonnullis
1739 2161 1807 2216 de
1833 2160 2041 2230 Spiritu

477 2253 1012 2311 sancloconnnoveri
1046 2250 1451 2321 perspeximus:
1487 2265 1647 2319 quem
1670 2250 1744 2303 illi
1782 2258 2044 2320 negarent

475 2362 598 2399 eum
634 2344 916 2397 divinitate
958 2340 1347 2409 dominatuque
1402 2338 1571 2409 gloria
1621 2338 1783 2393 simul
1811 2336 1947 2390 allici
1977 2350 2042 2390 ac

477 2433 761 2505 praedicari
787 2438 1055 2501 oportere,
1080 2429 1174 2486 sed
1210 2430 1266 2484 in
1292 2430 1528 2484 ministri
1572 2429 1819 2484 nuntiive
1855 2428 2041 2481 haberi

474 2527 619 2591 loco,
664 2526 772 2578 imo
808 2539 936 2578 vero
970 2522 1230 2578 humilius
1262 2521 1464 2591 aliquid
1498 2520 1564 2576 de
1598 2521 1715 2590 ipso
1742 2519 2041 2589 abiectius-

475 2635 582 2687 que
630 2604 916 2671 Sentirent.
950 2613 1163 2679 Quibus
1196 2613 1262 2669 de
1296 2613 1481 2668 causis
1531 2613 1611 2666 sic
1627 2619 1914 2680 \tanqnam
1960 2609 2045 2663 in~

2140 1895 2235 1948 τοῦ
2268 1896 2504 1966 Χριστοῦ
2542 1896 2735 1967 λιμένα
2771 1896 2831 1949 τὺ
2862 1896 3067 1965 σκάφος
3093 1895 3251 1965 ἡμῶν
3277 1895 3550 1949 εἰσελάσαι
3580 1894 3703 1965 βου-

2140 1986 2375 2057 λόμενοι,
2415 1987 2601 2057 ἐπειδὴ
2631 1987 2792 2049 κενάς
2824 2002 2975 2048 τινας
3010 1985 3103 2039 καὶ
3133 1985 3377 2052 ἀλόγους,
3402 1984 3477 2048 ὥς
3504 1987 3571 2053 γέ
3613 2002 3702 2054 μοι

2139 2076 2305 2139 δοκεῖ,
2340 2076 2467 2146 περὶ
2501 2075 2594 2128 τοῦ
2640 2077 2794 2145 ἁγίου
2833 2075 3150 2145 Πνεύματος
3181 2075 3504 2143 κινουμένας
3543 2073 3705 2145 ζητή-

2144 2185 2257 2232 σεις
2283 2168 2433 2239 παρά
2460 2185 2621 2220 τινων
2649 2168 2893 2239 ἔγνωμεν
2914 2207 2928 2232 ,
2963 2166 3277 2235 φασκόντων
3308 2166 3383 2236 μὴ
3412 2166 3520 2218 δεῖν
3551 2165 3708 2218 τοῦτο

2141 2261 2206 2329 τῇ
2239 2258 2451 2327 θεότητι
2508 2257 2602 2310 καὶ
2628 2260 2694 2328 τῇ
2733 2258 3016 2328 κυριότητι
3048 2246 3482 2319 συνδοξάζεσθαι,
3514 2254 3628 2307 ἀλλ’
3649 2255 3708 2306 έν

2143 2347 2413 2418 ὑπηρέτου
2453 2347 2547 2400 καὶ
2565 2346 2859 2399 ἀποστόλου
2884 2345 3136 2415 τετάχθαι
3166 2345 3421 2415 σχήματι,
3452 2345 3546 2396 καὶ
3570 2360 3706 2411 φαυ-

2140 2436 2363 2508 λοτέρας
2382 2436 2476 2489 καλ⁵
2491 2435 2871 2506 ταπεινοτέρας
2889 2434 2986 2499 τὰς
3004 2434 3129 2505 περὶ
3144 2432 3307 2486 αὑτοῦ
3325 2432 3479 2497 δόξας
3491 2433 3709 2503 διαλαμο

2142 2528 2383 2582 δάνουσι·
2398 2527 2483 2582 διὰ
2498 2526 2654 2581 τοῦτο
2667 2526 2853 2597 ὥσπερ
2869 2527 2926 2578 ὲν
2945 2525 3161 2596 ἀστάτῳ
3204 2524 3348 2595 σάλῳ
3377 2525 3469 2578 καὶ
3489 2524 3710 2594 χαλεπῷ

2143 2614 2368 2668 κλύδωνι
2387 2615 2753 2686 συσχεθέντες,
2776 2614 2979 2686 μηδένα
3002 2615 3109 2667 τῶν
3130 2614 3256 2686 παρ’
3277 2615 3408 2684 ἡμῖν
3431 2614 3611 2667 ἱκανὸν
3627 2615 3711 2667 εὑ-

476 2704 748 2758 constanti
776 2702 1073 2771 jactatione
1099 2717 1162 2755 ac
1187 2701 1391 2756 difﬁcili
1427 2707 1747 2771 tempestate
1778 2698 2046 2753 ﬁuctuan-

478 2804 582 2861 tes,
602 2810 726 2848 cum
758 2794 1029 2848 neminem
1061 2794 1150 2847 hic
1178 2792 1243 2847 ad
1272 2807 1364 2847 eas
1392 2792 1766 2848 dissolvendas
1787 2790 2044 2861 quaestio-

2146 2706 2258 2775 ρεῖν
2271 2705 2585 2774 δυνηθέντες
2600 2703 2914 2757 διαλύσοντα
2934 2705 3001 2757 τὰ
3020 2702 3341 2774 ζητούμενα,
3360 2704 3453 2757 καὶ
3469 2702 3566 2773 τὴν
3584 2703 3709 2774 ὑγιῆ

2146 2792 2329 2846 πίστιν
2353 2796 2485 2863 ἡμῖν
2524 2792 2775 2845 ἐκθέσθαι
2810 2793 3124 2862 δυνάμενον,
3167 2792 3260 2843 ἐπὶ
3285 2790 3382 2861 τὴν
3409 2789 3505 2859 σὴν
3529 2788 3711 2841 θεοσέ-

477 2901 575 2941 nes
618 2900 681 2939 ac
708 2901 895 2941 sanam
927 2885 1095 2939 fidem
1120 2883 1496 2954 exponendam
1525 2884 1777 2937 idoneum
1809 2883 2042 2953 reperire

2146 2884 2294 2937 6e~tav
2326 2883 2612 2952 ἀνενέγκαι
2638 2884 2698 2936 τὸ
2727 2884 2957 2953 πρᾶγμα
2984 2880 3220 2951 ἠπείχθη
3230 2897 3346 2949 μεν,
3386 2880 3485 2949 τὴν
3527 2878 3711 2949 φωνὴν

478 2978 775 3048 possimus,
808 2977 873 3029 ad
926 2976 1179 3046 pietatem
1211 2982 1357 3027 tuam
1388 2974 1455 3028 de
1498 2972 1602 3027 hoc
1633 2972 1849 3042 negotio
1882 2971 1937 3042 4
1967 2987 2042 3026 re-

2145 2972 2345 3043 ταύτην
2372 2972 2595 3036 εἰκότως
2626 2973 2720 3025 καὶ
2750 2972 2903 3024 αὑτοὶ
2929 2971 3176 3040 ἀφέντες’
3220 2969 3561 3031 Ἐπιστάτα,
3594 2969 3712 3023 σῶ·

465 3072 620 3124 ‘ferre
648 3068 823 3121 coacti
862 3067 1087 3131 fuimus,
1118 3066 1310 3119 merito
1336 3071 1394 3117 ut
1424 3073 1477 3119 et
1505 3065 1650 3118 illam
1675 3078 1864 3118 vocem
1890 3078 2042 3116 usur-

2147 3074 2282 3116 σον.
2315 3060 2557 3132 Δεόμεθα
2602 3057 2699 3114 οὖν
2742 3062 2839 3131 τῆς
2882 3060 3245 3131 ἀνυποκρίτου
3291 3077 3384 3111 σου
3425 3060 3518 3112 καὶ
3546 3057 3711 3129 ὀρθῆς

464 3175 605 3229 pare
618 3158 896 3228 possimus
924 3175 938 3211 :
972 3155 1293 3225 Prwceptor,
1327 3172 1475 3208 serva
1497 3170 1589 3207 nos
1612 3154 1655 3207 ί.
1676 3150 2039 3218 Quamobrem

2146 3160 2396 3225 πίστεως,
2424 3160 2489 3229 ἣν
2522 3156 2869 3230 προλαϐοῦσα
2900 3156 3077 3227 ἀγαθὴ
3107 3157 3260 3227 φήμη
3289 3156 3383 3208 καὶ
3440 3156 3712 3225 μάρτυρες

460 3249 531 3303 «Μ
566 3264 664 3319 pro
688 3248 900 3304 sincera
933 3254 1024 3299 tua
1051 3261 1115 3299 ac
1145 3254 1292 3299 recta
1320 3244 1423 3298 ﬁde
1455 3258 1483 3296 a
1514 3251 1568 3297 te
1598 3243 1854 3312 petimus,
1880 3253 2042 3308 quam

2148 3251 2449 3314 ἀξιόπιστοι
2516 3246 2849 3319 μαρτυροῦσι
2913 3247 3007 3300 καὶ
3048 3245 3519 3315 ἀνακηρύττουσι,
3576 3260 3709 3297 κατ-

478 3337 717 3393 secunda
763 3336 874 3405 jam
918 3334 1123 3389 dudum
1160 3333 1303 3387 fama
1347 3340 1401 3387 et
1447 3332 1769 3387 idoneorum
1801 3328 2042 3383 virorum

2146 3341 2376 3406 αξιῶσαι
2405 3342 2483 3402 εἰς
2511 3338 2667 3391 τοῦτο
2698 3337 2848 3408 παρὰ
2865 3337 2957 3389 τοῦ
2979 3337 3226 3407 Σωτῆρος
3246 3334 3592 3404 τεταγμένος,
3618 3330 3714 3385 ἀν-

466 3428 790 3484 ‘testimonia
843 3425 1046 3495 passim
1104 3423 1416 3487 celebrant,
1456 3431 1517 3503 _ut
1565 3422 1629 3475 ad
1666 3421 1811 3491 quod
1847 3434 2042 3473 munus

2148 3430 2415 3496 εξικάκως
2441 3430 2539 3499 τὴν
2571 3428 2913 3499 παράκλησιν
2941 3426 3099 3497 ἡμῶν
3122 3425 3394 3490 δέξασθαι,
3434 3426 3527 3477 καὶ
3561 3422 3718 3494 θελῆο

479 3517 790 3572 obeundum
822 3532 850 3569 a
877 3515 1159 3569 Salvatore
1176 3515 1506 3569 constitutus
1529 3529 1609 3577 es,
1629 3513 1770 3566 hanc
1802 3518 2042 3566 nostram

2151 3539 2239 3575 σαι
2268 3523 2431 3592 ἱεροῖς
2463 3521 2856 3590 συγγράμμασι
2879 3518 2966 3572 διά
2991 3516 3321 3587 πλατυτέρου
3342 3516 3435 3568 καὶ
3458 3512 3715 3582 σαφεστέ-

477 3610 842 3663 hortationem
887 3606 1198 3660 humaniter
1235 3605 1554 3668 admittere,
1594 3612 1649 3658 et
1680 3603 1809 3672 quid
1835 3603 1903 3657 de
1923 3601 2042 3655 Tri-

2154 3628 2247 3680 ρου
2281 3609 2614 3681 διηγήματος
2640 3607 2737 3679 τὴν
2766 3606 2866 3676 τῆς
2900 3608 3060 3674 ἁγίας
3093 3606 3135 3657 Τ
3141 3605 3320 3677 ριάδος
3343 3601 3591 3656 ἐκθέσθαι
3621 3600 3715 3652 πί-

480 3699 650 3754 nitate
690 3699 762 3753 sit
790 3697 1158 3761 credendum,
1213 3696 1385 3752 sacris
1413 3696 1525 3750 tuis
1579 3693 2042 3749 lucubrationibus

2154 3715 2289 3762 στιν,
2315 3699 2407 3751 καὶ
2426 3697 2630 3767 ταύτην
2661 3699 2790 3767 ἡμῖν
2819 3693 3154 3755 ἀποστεῖλαι,
3191 3692 3327 3763 πρὸς
3352 3691 3412 3743 τὸ
3452 3690 3544 3742 καὶ
3565 3688 3715 3758 ἡμᾶς

480 3789 706 3845 uberius
749 3789 882 3844 velis
921 3789 1270 3859 apertiusque
1315 3787 1620 3852 disserere,
1651 3799 1879 3855 eamque
1927 3784 2042 3839 ﬁdei

2151 3789 2208 3840 ὲν
2244 3785 2418 3856 ταύτῃ
2465 3782 2858 3855 βεϐαιωθέντας
2891 3784 3072 3851 τυχεῖν
3108 3780 3215 3845 τῶν
3247 3776 3713 3845 σπουδαζομένων,

487 3880 773 3936 formulam
809 3882 874 3936 ad
902 3895 1002 3935 nos
1030 3880 1275 3951 mittere,
1306 3887 1364 3932 ut
1390 3877 1510 3947 ejus
1539 3874 1801 3931 beneﬁcio
1849 3874 2042 3930 conﬁr-

2153 3881 2246 3933 καὶ
2273 3880 2397 3941 τοὺς
2422 3878 2522 3949 ἤδη
2549 3878 2607 3929 ὲν
2632 3876 2767 3945 αὐτῇ
2795 3873 3160 3942 εὑσεὸηκότας
3186 3868 3594 3939 ἀγαλλιαθῆναι,
3620 3865 3717 3917 καὶ

483 3973 633 4035 mati,
676 3973 786 4025 voti
837 3972 939 4042 ipsi
974 3980 1254 4041 compotes
1287 3969 1594 4025 efﬁciamur
1617 4008 1633 4035 ,
1676 3982 1737 4022 ac
1768 3982 1894 4021 cum
1928 3967 2003 4021 illi
2031 4006 2042 4032 ,

2153 3973 2278 4034 τοὺς
2308 3968 2726 4039 σφαλλομένους,
2746 3967 2795 4019 εἰ
2822 3963 3066 4028 δυνατὸν,
3090 3962 3323 4033 ἰαθῆναι,
3348 3959 3442 4013 καὶ
3471 3956 3561 4009 τὸν
3582 3951 3717 4007 Θεδν

480 4061 704 4132 qui'jam
746 4063 950 4117 dudum
992 4063 1047 4115 in
1077 4077 1139 4117 ea
1162 4063 1367 4132 pietate
1392 4068 1767 4131 perseverant,
1795 4059 2042 4130 volupta-

2156 4063 2211 4115 ὲν
2245 4062 2377 4114 πᾶσι
2399 4057 2737 4127 δοξασθῆναι.

482 4164 591 4211 tem
626 4169 840 4224 capere,
883 4163 995 4207 tum
1028 4153 1120 4223 qui
1160 4153 1453 4219 aberrant,
1480 4153 1760 4209 meliorem
1793 4151 1859 4207 ad
1889 4160 2121 4209 mentem
2158 4151 2423 4218 revocari,
2460 4164 2524 4205 ac
2576 4148 2719 4206 Deus
2776 4147 3012 4217 denique
3075 4139 3363 4216 praedicari
3416 4138 3473 4194 in
3539 4133 3722 4192 omni-

480 4247 586 4304 bus
618 4253 674 4303 et
712 4244 976 4303 celebrari
1011 4244 1206 4314 possit.

557 4423 730 4478 'Luc.
763 4435 883 4476 vnn.
905 4419 1014 4486 9.4;
1050 4416 1244 4472 Matth.
1281 4431 1399 4481 vin,
1430 4415 1519 4469 25.

1281 4584 1371 4633 οις
1404 4567 1758 4633 Halm-alae,
1786 4567 2042 4622 senatori-

2146 4564 2293 4635 las_s_e
2318 4557 2876 4635 videturzpt-Z'I'Mj‘llis-
2913 4622 2947 4635 η
3052 4621 3065 4633 ,
3112 4620 3151 4635 ,γ
3326 4614 3617 4635 ημλιψ,

2227 4615 2723 4701 {lane—doctissimi
2740 4622 2950 4680 Petavii
2978 4620 3311 4701 opinionem_
3323 4615 3722 4701 approbavisse

2153 4679 2380 4758 constat
2414 4679 2845 4762 iiiiéﬁiéﬁnum,
2896 4679 3057 4764 quem
3108 4689 3232 4745 vide
3263 4687 3335 4742 Il.
3360 4679 3434 4740 Ἐ.
3476 4692 3608 4738 tom.
3643 4679 3718 4746 Χ,

2152 4771 2456 4904 "afﬁgi;
2488 4835 2817 4907 τρικυμίας,
2843 4829 3119 4907 Τρικυμία
3149 4826 3367 4907 proprie
3401 4822 3599 4893 triplex
3622 4836 3725 4907 un-

2154 4892 2598 4969 Ja‘velﬁﬁu‘ctus,
2631 4892 2724 4958 a'ut
2753 4892 2916 4957 trium
2953 4892 3223 4969 undarum
3252 4892 3316 4969 in
3352 4892 3724 4969 unauncolle-

2152 4960 2615 5034 EﬁoL'x’meé
2650 4973 2988 5028 decumanus
3020 4970 3134 5026 sive
3164 4967 3485 5024 decimanus
3518 4960 3723 5015 ﬁuctus

2153 5049 2475 5118 appellatus,
2509 5042 2654 5115 quod
2687 5045 2933 5098 omnium
2963 5040 3258 5096 maximum
3304 5036 3455 5091 illum
3497 5038 3724 5099 reputa-

2152 5119 2350 5174 verint.

487 4576 749 4643 inscripta
775 4581 859 4627 est
882 4568 1280 4643 qucrsvopégf

489 4648 583 4698 bus
613 4636 674 4696 ac
704 4640 1016 4694 duumviris.
1050 4638 1125 4690 Ita
1158 4636 1211 4690 in
1241 4636 1497 4692 Chalced.
1533 4644 1798 4704 syn.,act.
1824 4637 1944 4704 δήτι
1971 4637 2045 4690 li-

489 4714 631 4767 bello
658 4708 948 4779 Sophronii
975 4715 1167 4779 contra
1189 4706 1528 4762 Dioscorum.
1554 4705 1654 4779 Ubi
1666 4707 1925 4779 queritur
1952 4705 2047 4779 So:

487 4774 754 4849 pbronius
788 4792 1011 4849 uxorem
1042 4776 1145 4831 sibi
1177 4786 1419 4849 ereptam
1439 4774 1916 4849 _7ra_tp&_M§txapf_qu
1949 4775 2044 4827 τοῦ

490 4843 902 4917 πολιτευομένου
942 4845 1041 4916 τῆς
1086 4843 1345 4917 μεγάλής-
1378 4843 1812 4917 Ἀλεξανδρείας(
1849 4843 2045 4898 Verum

492 4919 597 4972 hoc
638 4912 758 4969 loco
795 4912 1124 4979 senatorem,
1167 4912 1261 4969 aut
1282 4912 1568 4983 ejusmodi
1604 4912 1815 4983 aliquid
1835 4920 2047 4967 vertere

494 4985 685 5053 religio
718 4985 916 5047 fuerat,
947 4983 1091 5052 quod
1132 4999 1197 5038 ex
1241 4982 1509 5053 rescripto
1539 4982 1820 5053 Epiphanii
1867 4995 2051 5034 mona-

490 5050 655 5106 chnin
685 5054 829 5107 hunc
861 5050 983 5107 esse
1010 5067 1322 5121 cognoram.
1352 5050 1519 5121 Nunc
1549 5050 1813 5113 occurrit,
1848 5065 1916 5105 ex
1946 5064 2053 5121 cu-

406 5165 413 5169 .
495 5121 614 5175 riali
644 5130 696 5176 et
729 5130 978 5178 senatore
1010 5120 1131 5174 vitae
1159 5135 1330 5189 genus
1356 5120 1487 5177 illud
1520 5120 1771 5189 amplecti
1808 5120 2053 5187 potuisse

495 5189 817 5249 Palladium.
864 5191 1043 5258 Quare
1080 5199 1387 5247 senatorem
1430 5199 1523 5245 aut
1569 5190 1830 5244 curialem
1867 5190 2052 5259 appel-
