3992 6198
358 305 424 357 t7
1774 321 2212 383 anconarus.
2586 322 2589 323 '
3090 306 3093 308 ’
3542 326 3606 379 18

942 683 1438 741 ΔΝΤΕΠΙΣΤΟΛΗ
1479 686 1874 741 ΠΕΜΦΘΕῙΣΑ
1915 689 2093 744 ΠΡΟΣ
2121 690 2399 747 ΑΥΤΟΥΣ
2436 694 2617 748 ΠΑΡΑ
2654 696 2791 751 ΤΟΥ
2825 697 3029 753 ΔΓΙΟΥ

1676 852 2301 941 ΕΠΙΦΑΝΙΟΥ

405 1028 570 1098 Ἤτις
597 1031 698 1087 καί
730 1030 942 1090 πᾶσαν
972 1033 1088 1102 τὴν
1118 1032 1251 1103 περί
1292 1032 1395 1102 τῆς
1426 1034 1590 1101 θείας
1627 1034 1887 1102 πίστεως
1933 1034 2356 1105 διδασκαλίαν,
2389 1038 2471 1109 ἦν
2499 1042 2830 1109 ᾐτήσαντο,
2860 1044 2931 1098 ἐν
2959 1044 3143 1116 ἑαυτῇ
3170 1044 3574 1118 διαλαμϐάνει.

1220 1279 1318 1371 S.
1393 1281 2038 1373 EPIPHANII
2116 1281 2711 1377 EPISTOLA

1451 1485 1555 1536 QUA
1588 1487 1969 1532 SUPERIORIBUS
2008 1488 2150 1531 ιιιιε
2190 1488 2524 1542 RESPONDET,

852 1626 1010 1687 Tum
1048 1626 1407 1688 universam
1444 1627 1592 1707 ﬁdei
1618 1628 1997 1705 doctrinam,
2029 1630 2195 1711 quod
2228 1631 2330 1695 illi
2356 1631 2784 1711 postularant,
2821 1632 3102 1714 exponit.

410 1895 538 1961 Τοῖς
582 1897 795 1969 κυρίοις
836 1900 931 1952 καὶ
969 1878 1318 1971 τιμιωτάτοις
1375 1919 1479 1974 μου
1535 1904 1786 1976 ἀδελφοῖς
1824 1907 1904 1961 καί

2092 1906 2144 1977 5
2168 1904 2413 1963 Dominis
2437 1920 2503 1962 ac
2526 1903 2845 1963 reverendis
2883 1903 3152 1964 fratribus
3187 1912 3243 1962 et
3279 1904 3615 1979 presbyteris

338 1987 762 2061 πρεσϐυτέροις,
788 1989 1032 2062 Ματιδίῳ
1076 1992 1173 2046 καὶ
1217 1993 1468 2065 Ταρσίνῳ
1490 1996 1584 2049 καὶ
1602 1996 1915 2069 Νουμερίῳ,

346 2078 447 2131 καὶ
473 2077 684 2140 λοιποῖς
713 2079 846 2134 πᾶσι
877 2082 987 2143 τοῖς
1022 2082 1119 2136 σὺν
1146 2083 1298 2154 ὑμῖν,
1337 2083 1431 2138 καὶ
1459 2088 1573 2149 τοῖς
1609 2087 1921 2143 ποθεινοτά-

349 2182 469 2229 τοις
495 2166 707 2233 τέκνοις
752 2170 924 2239 ήμῶν,
945 2171 1223 2243 Παλλαδίῳ
1254 2173 1348 2227 καὶ
1373 2175 1672 2247 Σεὸηρίνῳ,
1697 2180 1810 2241 τοῖς
1828 2178 1921 2233 τὸν

340 2256 551 2324 ἀγαθὸν
593 2257 754 2328 ζῆλον
781 2259 1098 2329 ἐζηλωκόσι,
1136 2265 1231 2319 καὶ
1264 2265 1357 2319 τὸν
1396 2268 1664 2339 μακάριον
1705 2270 1799 2323 καὶ
1823 2286 1921 2323 πε-

343 2345 637 2417 ριπόθητον
667 2346 784 2416 βίον
837 2350 1051 2415 ἑαυτοῖς
1089 2351 1365 2423 ἑλομένοις
1404 2355 1685 2428 ὀρθοδόξου
1723 2375 1785 2412 τε
1831 2358 1921 2412 πί-

336 2449 507 2500 στεως
532 2438 629 2492 καὶ
675 2439 887 2504 τελείας
915 2444 1391 2512 συγκαταθέσεως,
1423 2448 1537 2510 τοῖς
1562 2447 1624 2500 τὸ
1648 2447 1801 2520 παρά
1822 2447 1917 2503 τοῦ

335 2526 591 2598 Σωτῆρος
621 2529 913 2602 εἰρημένον
941 2533 1231 2604 πληροῦσι,
1264 2536 1349 2602 τὸ,
1379 2538 1449 2591 Εἰ
1472 2537 1667 2605 θέλεις
1690 2540 1919 2607 τέλειος

334 2611 510 2682 εἶναι,
543 2618 836 2689 πώλησόν
861 2637 978 2677 σου
1009 2624 1081 2679 τὰ
1104 2624 1476 2696 ὑπάρχοντα,
1510 2629 1611 2682 καί
1634 2628 1741 2696 δὸς
1763 2646 1917 2685 πτω-

334 2706 488 2775 χοῖς·
518 2710 611 2762 καὶ
638 2710 721 2775 τὸ,
764 2712 1078 2769 Ἐπώλουν
1097 2717 1170 2772 τὰ
1191 2717 1543 2788 ὑπάρχοντα
1570 2720 1786 2788 αὐτῶν,
1816 2722 1917 2777 καί

332 2799 615 2856 ἐτίθεσαν
644 2803 810 2872 παρὰ
845 2805 989 2873 τοὺς
1023 2807 1215 2876 πόδας
1256 2810 1376 2864 τῶν
1408 2812 1786 2867 ἀποστόλων·
1822 2816 1918 2870 καὶ

332 2885 436 2941 ὅσα
468 2891 574 2944 εἰσὶ
603 2892 797 2963 καίρια
830 2895 925 2951 καὶ
961 2897 1291 2966 ἀγαθώτατα
1324 2904 1444 2966 ταῖς
1485 2902 1693 2958 ἑαυτῶν
1718 2905 1917 2977 ψυχαῖς

334 2981 801 3052 προστιθεμένοις·
846 2986 1163 3056 Ἐπιφάνιος
1185 2991 1214 3043 ὁ
1245 2990 1528 3062 ἐλάχιστος
1556 2995 1666 3050 τῶν
1694 2997 1917 3052 ἐπισκό-

334 3086 471 3136 πων,
503 3074 597 3126 καὶ
624 3076 676 3127 οἰ
694 3076 806 3135 ,σὺν
834 3077 960 3147 ἐμοὶ
994 3078 1231 3149 ἀδελφοὶ,
1258 3082 1316 3135 ὲν
1333 3084 1522 3155 Κυρίῳ
1537 3085 1657 3157 Θεῷ
1678 3088 1911 3160 χαίρειν.

404 3162 486 3218 Δ⁹.
512 3164 652 3235 Ἤδη
682 3166 780 3235 μὲν
801 3164 896 3221 οὖν
932 3169 1301 3245 μακαρίσαιμι
1323 3175 1390 3229 ἂν
1417 3176 1629 3243 ἑαυτὸν,
1669 3178 1914 3234 ποθεινό-

2025 1996 2271 2066 Matidio,
2304 1998 2542 2055 Tarsino
2571 2006 2627 2054 et
2666 1995 2951 2066 Numerio,
3001 2012 3067 2053 ac
3098 1998 3313 2055 caeteris
3344 1999 3438 2070 qui
3468 1998 3614 2070 apud

2023 2103 2122 2143 vos
2149 2096 2280 2145 sunt
2315 2089 2596 2153 omnibus,
2647 2103 2864 2145 necnon
2894 2098 2949 2145 et
2975 2088 3323 2145 ebarissimis
3357 2090 3484 2145 ﬁliis
3520 2105 3615 2144 no-

2023 2183 2154 2239 stris
2187 2182 2433 2239 Palladio
2458 2190 2514 2239 et
2543 2182 2826 2249 Severino,
2854 2183 2949 2253 qui
2977 2190 3033 2237 et
3084 2182 3343 2239 laudabili
3370 2183 3612 2254 quodam

2023 2272 2242 2343 pietatis
2270 2272 2467 2327 ardore
2494 2271 2749 2343 ﬂagrant,
2782 2279 2838 2327 et
2864 2271 3083 2327 beatum
3119 2280 3281 2341 atque
3307 2272 3609 2341 optandum

2021 2363 2147 2420 vitae
2175 2379 2348 2434 genus
2377 2362 2617 2433 amplexi
2650 2371 2781 2418 sunt
2808 2376 2934 2417 cum
2955 2368 3108 2417 recta
3138 2360 3242 2418 ﬁde
3274 2376 3339 2418 ac
3368 2362 3611 2433 perlecta

2021 2468 2151 2509 eum
2180 2453 2426 2510 Ecclesia
2454 2451 2821 2510 consensione
2864 2452 3222 2522 coniunctum
3242 2470 3258 2519 ;
3282 2452 3485 2524 quique
3518 2454 3609 2510 in-

2022 2558 2190 2615 super
2241 2543 2370 2598 huic
2419 2540 2724 2598 Salvatoris
2778 2541 3067 2597 sententia:
3114 2554 3323 2609 morem
3358 2551 3604 2613 gerunt:

2021 2636 2083 2692 Si
2106 2638 2181 2691 vis
2205 2636 2465 2707 perfectus
2500 2652 2634 2699 esse,
2667 2633 2826 2690 vende
2854 2650 2971 2705 qua:
2996 2633 3175 2701 habes,
3194 2642 3245 2689 et
3271 2632 3343 2689 da
3360 2636 3609 2704 pauperi-

2021 2727 2116 2782 bus
2150 2729 2172 2760 ¹
2208 2745 2225 2796 ;
2261 2726 2571 2795 cuiusmodi
2592 2734 2670 2783 est
2702 2733 2756 2782 et
2782 2725 2916 2781 illud
2953 2742 2968 2781 :
3008 2724 3310 2783 Vendebant
3330 2725 3464 2780 bona
3483 2742 3608 2797 sua,

2020 2826 2071 2871 et
2109 2815 2437 2883 deponebant
2458 2817 2527 2869 ad
2556 2813 2711 2884 pedes
2756 2814 3121 2884 apostolorum
3148 2816 3211 2883 ’ς
3256 2823 3368 2871 tum
3385 2816 3477 2886 qui
3508 2831 3609 2886 op-

2020 2912 2253 2976 portuna
2276 2912 2331 2960 et
2366 2904 2571 2975 optima
2585 2918 2814 2974 quaeque
2837 2902 3038 2959 animis
3064 2902 3121 2973 6
3150 2903 3265 2958 suis
3286 2903 3603 2970 conciliant,

2019 2995 2361 3066 Epiphanius
2414 2996 2677 3051 minimus
2728 2994 3134 3065 episcoporum,
3182 3001 3237 3051 et
3259 2995 3353 3065 qui
3388 3010 3602 3050 mecum

2018 3094 2149 3141 sunt
2186 3084 2405 3149 fratres,
2440 3086 2497 3140 in
2530 3084 2762 3140 Domino
2781 3084 3033 3140 salutem.

2089 3177 2131 3232 I.
2156 3176 2423 3249 Equidem
2470 3177 2557 3233 vel
2612 3177 2716 3232 hoc
2744 3175 2970 3233 nomine
3015 3175 3230 3232 felicem
3270 3190 3377 3242 me,
3408 3189 3443 3230 o
3470 3173 3602 3229 cha-

333 3268 508 3318 τατοι,
557 3255 638 3308 ὅτι
678 3272 742 3325 γε
788 3258 862 3330 μὴ
900 3260 1054 3325 ὅντες
1082 3264 1246 3334 ἡμεῖς
1281 3266 1456 3321 ἱκανοὶ
1496 3268 1632 3341 πρὸς
1676 3270 1775 3341 τὴν
1800 3272 1904 3327 τῶν

2016 3267 2242 3333 rissimi,
2269 3268 2395 3339 jure
2439 3266 2808 3339 praedicarim,
2862 3265 3030 3337 quod,
3070 3282 3196 3322 eum
3257 3266 3393 3322 nihil
3425 3266 3481 3321 in
3515 3281 3602 3322 me

334 3341 503 3410 ἁγίων
543 3344 638 3398 καὶ
676 3348 979 3404 σπουδαίων
1022 3352 1118 3405 καὶ
1178 3353 1341 3425 ζῆλον
1378 3356 1515 3410 Θεοῦ
1572 3359 1910 3431 ἀνειλημμέ-

331 3449 436 3486 νων
461 3434 716 3505 ἐνάρετον
747 3437 1054 3507 πολιτείαν,
1087 3443 1494 3516 καταξιούμεθα
1527 3448 1633 3502 ὑπὸ
1668 3449 1777 3503 τῶν
1805 3451 1908 3505 αὐ-

328 3522 435 3575 τῶν
467 3525 887 3595 ὑπονύττεσθαι,
926 3530 1018 3584 τὸν
1051 3533 1176 3587 νοῦν
1200 3535 1488 3607 διεγείρειν
1514 3556 1573 3591 τε
1630 3541 1725 3595 καὶ
1751 3558 1908 3612 περι-

329 3616 479 3684 ιστᾷν
500 3618 582 3680 εἰς
610 3618 673 3671 τὸ
710 3621 997 3692 χρήσιμον.
1033 3624 1106 3676 Τὸ
1136 3626 1247 3696 γὰρ
1272 3627 1331 3681 ἐν
1361 3629 1495 3698 ἡμῖν
1526 3631 1613 3685 ἀεὶ
1642 3635 1905 3691 ταπεινὸν

328 3705 583 3799 φρόνημα
607 3710 786 3782 ἡσυχῆ
818 3717 1103 3786 καρτερεῖν
1127 3718 1447 3785 σπουδάζον,
1476 3722 1571 3775 καὶ
1606 3723 1682 3796 μὴ
1708 3744 1904 3799 περαι-

323 3795 469 3866 τέρω
501 3799 913 3858 έπεκτείνεσθαι
947 3806 1055 3860 τῶν
1098 3808 1239 3877 ἄγαν
1284 3812 1629 3869 σκοπούντων
1664 3818 1682 3849 ³
1730 3795 1906 3874 ὲέείνο

324 3886 386 3941 τδ
418 3892 569 3962 παρά
602 3892 681 3962 τῷ
707 3895 1017 3969 Ἀποστόλῳ
1040 3900 1351 3972 εἰρημένον·
1371 3904 1506 3959 Ἵνα
1523 3907 1610 3975 μὴ
1640 3909 1907 3965 ἐπεκτεί-

325 3994 507 4048 νωμαι
538 3984 693 4053 ὑπὲρ
733 3986 801 4040 τὸ
832 3988 1056 4057 μέτρον
1083 3991 1189 4046 τοῦ
1219 3995 1496 4063 κανόνος,
1537 3995 1610 4054 οὗ
1644 4000 1904 4056 δέδωκεν

324 4070 531 4138 ῆμῖνό
585 4075 731 4142 Θεὸς
774 4077 1017 4147 μέτρου,
1069 4082 1361 4151 ἀφικέσθαι
1414 4086 1553 4157 πρὸς
1606 4088 1762 4142 τοῦτο
1807 4090 1902 4146 νῦν

324 4162 706 4232 ἀναγκάζεται.
740 4171 1083 4241 Πανταχόθεν
1111 4174 1219 4246 γὰρ
1248 4178 1302 4229 αἰ
1323 4176 1492 4248 ψῆφοι
1523 4182 1901 4251 πρυτανεύσα-

323 4270 411 4306 σαι
430 4256 522 4309 τοῦ
545 4260 603 4310 ἐν
631 4260 757 4329 ὑμῖν
778 4260 961 4315 θεόθεν
990 4263 1174 4336 ζήλου,
1194 4267 1303 4321 τῶν
1322 4287 1381 4322 τε
1413 4269 1588 4325 ἀλλων
1607 4274 1896 4343 ὁμοδόξων,

319 4346 465 4415 φημὶ
483 4346 547 4417 δὴ
576 4348 683 4401 τῶν
700 4351 798 4421 τὴν
826 4352 1131 4423 όρθοδοξίαν
1157 4356 1485 4427 ζηλούντων,
1509 4362 1601 4414 καὶ
1634 4363 1896 4419 Ὑπατίου

316 4434 373 4526 δέ
394 4435 492 4488 τοῦ
523 4437 712 4494 τέκνου
736 4444 914 4512 ήμῶν,
949 4445 1057 4499 ἀπὸ
1085 4447 1185 4518 τῆς
1203 4449 1521 4517 Αἰγυπτίων
1546 4452 1731 4525 χώρας
1759 4456 1897 4526 πρὸς

319 4524 385 4594 μὲ
415 4526 504 4582 διά
534 4530 693 4585 τοῦτο
721 4534 969 4604 ἥκοντος,
1004 4539 1185 4592 πᾶσαν
1218 4540 1318 4608 μὲν
1364 4524 1661 4613 ρᾳθυμίαν,
1709 4524 1894 4601 πάντα

2013 3361 2086 3417 sit
2110 3368 2426 3417 sanctorum
2463 3360 2928 3431 optimorumque,
2959 3374 3025 3415 ac
3054 3359 3226 3416 divini
3275 3360 3483 3415 amoris
3528 3359 3604 3414 fa-

2011 3452 2170 3508 cibus
2210 3451 2670 3509 inllammatorum
2702 3452 2987 3507 hominum
3038 3450 3301 3507 laudabili
3343 3451 3603 3508 instituto

2010 3543 2258 3616 dignum,
2294 3545 2363 3599 ab
2394 3544 2482 3601 bis
2526 3545 2663 3616 ipsis
2720 3553 2902 3600 tamen
2952 3543 3156 3600 stimuli
3202 3543 3335 3599 mihi
3366 3544 3600 3615 subjecti

2010 3637 2144 3704 sint,
2180 3637 2323 3692 utad
2357 3637 2411 3692 id
2445 3638 2591 3709 quod
2637 3637 2772 3693 utile
2802 3652 2867 3693 ac
2913 3637 3256 3694 fructuosum
3291 3647 3376 3693 est
3398 3639 3600 3694 excita-

2011 3736 2126 3783 tum
2169 3729 2411 3784 animum
2467 3732 2854 3787 transferrem.
2883 3729 3094 3786 Etenim
3134 3729 3411 3801 ingenium
3462 3730 3596 3786 illud

2011 3827 2281 3887 nostrum,
2306 3819 2453 3891 quod
2469 3821 2742 3891 abjectum
2758 3829 2812 3876 et
2839 3820 3046 3877 humile
3078 3822 3135 3875 in
3161 3822 3342 3891 quiete
3373 3821 3597 3891 otioque

2006 3911 2216 3966 versari
2250 3919 2515 3981 perpetuo
2546 3912 2749 3981 studet,
2780 3928 2958 3983 neque
2981 3927 3103 3967 sese
3133 3911 3275 3965 ultra
3298 3926 3461 3981 quam
3496 3929 3595 3983 par

2006 4009 2091 4054 est
2144 4001 2446 4067 intendere,
2505 4018 2629 4057 cum
2666 4003 2800 4056 illud
2851 4004 2953 4058 sibi
2992 4004 3059 4058 ab
3087 4004 3350 4074 Apostolo
3383 4004 3591 4059 dictum

2006 4091 2355 4158 proposuerit
2394 4106 2408 4141 :
2441 4088 2524 4144 Ne
2558 4091 2839 4145 extendant
2874 4110 2954 4146 me
2988 4094 3132 4147 ultra
3166 4110 3467 4147 mensuram
3518 4112 3593 4149 re.

2004 4182 2164 4250 gulae,
2199 4196 2358 4250 quam
2397 4181 2545 4236 nobis
2593 4181 2737 4237 Deus
2785 4184 3017 4254 prwﬁxit
3048 4185 3071 4216 ⁸
3105 4202 3119 4240 :
3152 4199 3217 4239 eo
3267 4183 3431 4239 modo
3466 4201 3589 4254 per-

2003 4274 2191 4329 venire
2220 4274 2458 4345 cogitur.
2512 4272 2650 4329 Nam
2703 4290 2826 4332 cum
2861 4287 3046 4332 vestra
3084 4275 3368 4331 hominum
3403 4277 3590 4332 divino

2003 4378 2190 4421 amore
2214 4363 2585 4436 ﬂagrantium,
2610 4352 2734 4421 tum
2765 4367 3021 4435 aliorum,
3046 4369 3141 4438 qui
3165 4367 3222 4423 in
3251 4368 3440 4424 eadem
3463 4384 3589 4424 sen-

2002 4455 2169 4510 tentia
2223 4464 2373 4523 sunt,
2427 4457 2531 4512 hoc
2578 4465 2664 4513 est
2703 4465 2910 4513 rectam
2945 4458 3224 4514 vobiscum
3267 4458 3425 4515 ﬁdem
3473 4475 3587 4514 am-

2005 4546 2148 4615 plexi
2197 4555 2349 4610 sunt,
2406 4562 2621 4604 necnon
2678 4555 2733 4603 et
2772 4548 2990 4620 Hypatii
3037 4550 3132 4605 ﬁlii
3164 4552 3363 4616 nostri,
3398 4553 3491 4623 qui
3521 4567 3587 4608 ex

312 4613 556 4716 δειδιινον
576 4624 1008 4716 παρεσκεύασαν
1052 4626 1376 4695 ἀποθέσθαι,
1430 4632 1627 4701 μηκέτι
1656 4634 1890 4704 στέγειν,

2009 4613 2230 4708 Εεγριο
2253 4637 2321 4691 ad
2343 4652 2444 4694 nos
2472 4654 2536 4694 ea
2562 4638 2631 4695 de
2656 4613 2840 4695 causa.
2857 4613 3139 4712 profectus
3184 4652 3290 4710 est,
3324 4613 3586 4716 still-‘ragia

317 4703 465 4795 μξιτε
488 4706 548 4758 ὲν
572 4707 813 4782 δευτέρῳ
840 4712 1105 4782 τίθεσθαι,
1131 4716 1201 4769 τὰ
1223 4719 1349 4789 περὶ
1369 4720 1609 4787 πίστεως
1632 4703 1888 4795 γράφειν,

324 4792 757 4885 Ἑπιζητούντων
783 4802 957 4873 ὑμῶν,
981 4806 1077 4859 καὶ
1098 4806 1209 4861 τῶν
1239 4810 1526 4883 ἡμετέρων
1552 4792 1797 4885 ἀδελφῶν
1824 4820 1893 4875 τά

311 4882 445 4977 περί
471 4884 597 4977 τῆς-
615 4887 887 4962 ὑμετέρας
928 4896 1224 4966 σωτηρίας,
1248 4901 1313 4952 ὲκ
1327 4882 1427 4970 τῆς
1442 4901 1592 4967 θείας
1607 4882 1704 4959 καὶ.
1730 4906 1893 4977 ἁγίας

550 4974 640 5027 τὸν
657 4980 876 5047 στερεὸν
890 4980 1138 5052 θεμέλιον
1152 4985 1254 5055 τῆς
1284 4969 1514 5053 πίστεως
1539 5009 1606 5045 πε
1614 4993 1667 5063 pi.
1680 4969 1893 5066 Πατρός

310 5058 403 5155 ἰαὶ
419 5060 547 5155 Υἰοῦ
564 5066 655 5119 καὶ
669 5068 826 5136 ἀγίου
844 5071 1177 5143 Πνεύματος,
1193 5078 1288 5130 καὶ
1306 5078 1406 5150 τῆς
1420 5080 1584 5152 ἄλλης
1598 5058 1815 5155 ἀπάσης
1833 5058 1891 5141 ὲν

308 5148 524 5241 λριστῷ
552 5159 846 5228 σωτηρίας,
875 5162 1224 5231 ἀναστάσεως
1257 5185 1316 5221 τε
1346 5148 1554 5241 νεκρῶν
1590 5172 1754 5241 λέγω,
1773 5148 1887 5229 ’καὶ

309 5237 571 5336 ἰδσάρκου
605 5248 911 5316 παρουσίας
949 5252 1044 5305 τοῦ
1095 5237 1460 5325 Μονογενοῦςί
1489 5262 1582 5316 καὶ
1618 5237 1748 5334 περι
1785 5265 1886 5336 τῆς

307 5326 465 5423 ἀγίας
502 5335 805 5415 Διαθήκης,
828 5343 1072 5409 Παλαιᾶς
1099 5364 1158 5400 τε
1192 5351 1287 5402 καὶ⁹
1312 5351 1541 5423 Καινῆς,
1573 5356 1670 5408 ποια)⁸
1694 5326 1885 5412 ’ἄλλων

306 5418 639 5515 ἁπαξαπλῷς
674 5430 987 5487 συστάσεων
1028 5436 1127 5506 τῆς
1173 5439 1387 5503 τελείας
1433 5418 1728 5515 σωτηρίας·
1772 5447 1883 5515 ἐγὼ

310 5508 432 5575 γοῦν
469 5512 651 5569 λαὸὼν
682 5518 783 5588 τὴν
814 5523 1074 5592 τοιαύτην
1110 5529 1375 5602 πρότασιν
1421 5532 1529 5584 τῶν
1583 5536 1877 5604 αἰτήσεων,

1998 4740 2319 4798 precesque,
2354 4744 2475 4798 qum
2523 4744 2611 4785 me
2659 4732 3072 4801 quodammodo
3109 4735 3468 4790 moderantur
3520 4750 3586 4789 ac

1996 4827 2211 4888 regunt,
2240 4819 2526 4888 segnitiem
2550 4828 2609 4875 ut
2635 4835 2854 4877 omnem
2883 4837 2947 4877 ac
2962 4825 3469 4894 tergiversationem
3488 4826 3586 4881 de-

1996 4922 2277 4978 ponerem,
2302 4908 2461 4965 facile
2489 4911 2896 4981 compulerunt,
2947 4919 3007 4969 ut
3032 4914 3308 4971 sustinere
3340 4916 3581 4985 amplius

1996 5008 2089 5053 aut
2118 5001 2534 5069 praetermittere
2563 5018 2670 5058 non
2721 5019 2963 5073 possem,
2996 5021 3107 5076 quo
3138 5007 3323 5063 minus
3360 5006 3483 5062 ﬁdei
3509 5009 3580 5063 ad

1996 5104 2093 5145 vos
2128 5090 2414 5146 formulam
2453 5095 2884 5153 conscriberem.
2921 5098 3374 5169 Quandoquidem
3407 5106 3521 5155 tam
3548 5116 3580 5157 a

1991 5181 2168 5247 vobis,
2192 5198 2356 5253 quam
2403 5200 2434 5238 a
2492 5188 2705 5243 exteris
2756 5188 3020 5246 fratribus
3062 5190 3271 5246 nostris
3350 5203 3579 5266 rogatus

1986 5285 2131 5335 sum,
2167 5284 2224 5328 ut
2249 5289 2311 5328 ea
2335 5290 2455 5345 quae
2478 5291 2603 5331 eum
2648 5279 2826 5335 salute
2860 5290 3043 5336 vestra
3073 5280 3373 5351 conjuncta
3418 5294 3571 5350 sunt,

1985 5361 2091 5417 hoc
2114 5370 2198 5419 est
2226 5365 2460 5421 solidum
2486 5366 2609 5422 ﬁdei
2633 5369 3090 5442 credulitatisque
3133 5371 3201 5427 de
3220 5372 3403 5442 Patre,
3432 5372 3575 5428 Filio

1984 5458 2039 5506 et
2073 5452 2283 5523 Spiritu
2322 5466 2514 5511 sancto
2550 5467 2757 5516 nostra:
2804 5461 3245 5532 fundamentum,
3281 5480 3499 5535 unaque
3518 5474 3575 5522 et

1983 5552 2306 5601 emterorum
2330 5546 2777 5611 Christianorum
2812 5550 3152 5625 dogmatum,
3189 5556 3357 5614 veluti
3388 5570 3574 5615 resur-

375 5662 476 5724 ἐν.
508 5686 764 5730 σκοπουν.
843 5678 863 5708 ⁸
889 5677 1070 5740 Matth.
1104 5702 1217 5764 xiv,
1248 5692 1338 5748 21.
1424 5690 1578 5746 ’Act.
1613 5706 1689 5755 tv,
1723 5694 1810 5751 57.
1896 5696 1904 5729 ⁴

2023 5697 2151 5753 Cor.
2180 5714 2234 5767 ι,
2274 5701 2354 5757 13.
