3992 6198
405 273 469 322 ὀ
1783 286 1838 340 s.
1880 283 2218 341 EPIPHANII
3583 279 3652 336 20

406 397 664 460 rectionis
699 408 1060 463 mortuorum,
1086 399 1506 464 incarnationis,
1531 400 1655 455 item
1684 398 1749 453 de
1777 395 1973 453 Vetere

2084 396 2175 448 οὐκ
2199 394 2394 463 ὀλίγων
2427 394 2623 459 οὐσῶν,
2656 396 2806 467 παρὰ
2822 395 2927 449 τῶν
2946 395 3070 465 περὶ
3090 391 3185 448 τὸν
3209 396 3430 467 ἀδελφὸν
3453 397 3652 453 Κώνω-

405 503 471 548 ιε
492 488 641 546 Novo
674 487 1048 550 Testamento,
1101 489 1334 557 aliisque
1372 488 1650 553 omnibus,
1698 487 1753 540 in
1777 486 1977 555 quibus

406 580 646 653 perfecta
707 578 858 633 salus
908 578 1167 633 consistit
1220 592 1283 631 ac
1328 578 1540 639 nititur,
1570 592 1635 631 ex
1668 575 1975 630 divinarum

401 687 465 726 ac
511 676 826 725 sanctarum
878 665 1204 727 Litterarum
1257 666 1582 722 auctoritate
1644 666 1973 728 scriberem;

400 773 498 830 ego
524 774 657 814 vero
678 757 884 819 auditis
916 756 1187 827 ejusmodi
1219 756 1491 825 precibus,
1524 770 1661 825 quas
1692 769 1799 809 non
1836 770 1972 825 pau-

400 867 494 906 cas
518 850 742 921 Conops
784 848 853 902 ad
894 864 982 904 me
1003 847 1203 917 collega
1228 845 1532 917 presbyter,
1566 854 1619 901 et
1640 844 1731 915 qui
1761 860 1886 900 cum
1908 860 1976 899 eo

399 950 578 1007 erant,
608 957 673 996 ac
705 957 829 996 cum
858 941 972 1004 alii,
994 948 1104 993 tum
1122 954 1241 1000 vos,
1266 937 1581 993 charissimi
1612 938 1729 1001 lilii,
1761 952 1971 992 necnon

399 1042 453 1088 et
486 1031 753 1104 Hypatius
794 1029 936 1086 filius
986 1035 1192 1089 noster,
1226 1028 1318 1097 qui
1360 1027 1426 1082 ad
1480 1042 1566 1082 me
1598 1036 1878 1098 propterea
1907 1042 1970 1082 es

400 1124 639 1197 [Egypto
674 1123 838 1185 venit,
872 1120 1234 1191 pertulerant;
1269 1133 1391 1173 cum
1419 1125 1500 1172 tot
1530 1119 1583 1172 in
1608 1119 1749 1174 idem
1778 1118 1972 1173 suﬂ’ra-

398 1216 490 1289 gia
527 1214 875 1272 consensisse
919 1224 1222 1274 cernerem,
1265 1217 1447 1265 mente
1494 1210 1786 1281 animoque
1823 1225 1975 1267 com-

2085 505 2162 540 πα
2201 486 2294 539 τὸν
2352 484 2834 556 ωμπρεσὸύτερον
2879 486 2975 539 καὶ
3351 488 3651 558 ἑπομένων,

2084 578 2256 633 ἄλλων
2287 578 2346 629 δὲ
2375 577 2467 629 καὶ
2494 577 2593 647 τῆς
2618 578 2648 636 ὑ
2658 577 2773 647 μῶν
2800 577 3132 647 τιμιότητος,
3163 577 3329 638 τέκνα
3348 578 3656 633 ποθεινότα-

2082 688 2174 735 τα,
2198 669 2259 721 οὐ
2287 668 2394 739 μὴν
2428 666 2562 721 ἀλλὰ
2591 668 2688 720 καὶ
2714 667 2808 720 τοῦ
2834 667 3024 720 τέκνου
3057 666 3212 737 ἡμῶν
3258 668 3518 721 ’Υπατίου
3546 667 3656 721 ἀπὸ

2080 759 2178 829 τῆς
2222 756 2497 826 Αἰγύπτου
2538 756 2676 827 πρὸς
2723 757 2790 826 μὲ
2834 756 2922 809 διὰ
2971 754 3130 809 τοῦτο
3158 758 3402 827 ἥκοντος,
3436 758 3655 826 ὁμοφώ-

2080 867 2206 914 νους
2262 848 2475 919 ψήφους
2509 847 2708 911 πολλὰς
2737 847 2877 919 ὀρῶν
2903 847 3062 918 ὁμοῦ,
3103 847 3320 919 δηχθεὶς
3355 847 3451 919 τὴν
3481 849 3654 919 φρένα

2079 940 2174 992 καὶ
2204 938 2296 991 τὸν
2331 937 2611 1009 λογισμὸν,
2648 938 2987 1008 ἐσκεψάμην·
3025 937 3121 990 καὶ
3148 937 3294 1003 ἔδοξέ
3324 954 3413 1008 μοι
3446 937 3649 1009 προθύ-

2082 1046 2200 1099 μως
2218 1024 2637 1100 ὁρμῆσαι,κατά
2652 1027 2749 1098 τὴν
2771 1022 2924 1098 ὑμῶν
2941 1026 3027 1080 διὰ
3048 1027 3389 1098 γραμμάτιον
3407 1026 3651 1091 ἀξίωσιν,

2080 1119 2469 1182 ἀνενδοιάστως
2505 1118 2601 1172 ἐπὶ
2632 1118 2692 1170 τὸ
2738 1117 2974 1189 γράφειν
3013 1118 3219 1188 ταύτην
3265 1134 3367 1188 μου
3405 1118 3504 1189 τὴν
3536 1119 3653 1171 ἐπι-

2081 1211 2274 1283 στολὴν
2299 1210 2401 1282 ἐμὲ
2431 1210 2523 1264 τὸν
2552 1208 2757 1282 βραχὺν
2784 1208 2862 1279 τῷ
2896 1208 3145 1280 ὑμετέρῳ
3175 1209 3345 1280 πόθῳ.

399 1318 581 1365 motus
602 1316 849 1377 reputare
883 1319 1095 1359 mecum
1126 1304 1241 1374 ipse
1260 1305 1401 1375 ccepi
1437 1318 1544 1359 :ac
1574 1306 1792 1361 tandem
1823 1305 1969 1361 istud
2010 1307 2141 1361 mihi
2186 1314 2439 1377 prompte
2489 1313 2544 1362 et
2573 1305 2828 1361 alacriter
2886 1304 3194 1358 faciendum
3230 1318 3353 1359 esse
3411 1304 3649 1367 decrevi,

401 1414 459 1455 ut
497 1418 594 1471 pro
647 1414 732 1464 eo,
786 1413 850 1453 ac
890 1413 985 1469 per
1038 1398 1247 1454 litteras
1299 1400 1639 1468 postulastis,
1679 1400 1747 1456 ad
1802 1401 1945 1456 hanc
1997 1403 2155 1458 vobis
2214 1417 2314 1473 pro
2371 1408 2556 1457 vestro
2610 1399 2884 1457 desiderio
2948 1397 3293 1456 scribendam
3340 1400 3648 1471 epistolam,

400 1496 579 1551 tenuis
604 1495 729 1550 licet
754 1493 1155 1560 etimbecillus,
1202 1495 1321 1549 sine
1358 1496 1468 1549 ulla
1522 1496 1975 1567 tergiversatione
2011 1512 2101 1553 me
2130 1495 2460 1553 conferrem.

468 1584 520 1653 7
550 1584 615 1639 ll.
654 1586 733 1639 Ac
767 1584 1142 1663 mihiquidem
1167 1583 1384 1641 Domini
1415 1585 1617 1658 Deique
1641 1588 1812 1647 nostri
1842 1603 1972 1660 pro-

2152 1590 2229 1644 B'.
2262 1588 2374 1642 Καὶ
2409 1586 2614 1659 σφόδρα
2641 1584 2742 1657 μὲν
2782 1584 3155 1657 ὲκπλήττομαι
3190 1581 3517 1655 θαυμαστῶς
3553 1583 3654 1654 τὴν

396 1675 689 1730 videntiam
713 1675 1060 1731 vehementer
1078 1675 1338 1731 admirari
1363 1677 1511 1743 libet,
1529 1678 1620 1747 qui
1639 1693 1739 1748 pro
1763 1677 1975 1740 infinita

2084 1676 2172 1731 τοῦ
2198 1678 2406 1749 Κυρίου
2442 1677 2536 1730 καὶ
2562 1675 2697 1728 Θεοῦ
2732 1674 2891 1745 ἡμῶν
2925 1673 3257 1745 οἰκονομίαν,
3292 1674 3352 1736 ὃς
3391 1674 3650 1743 εὐδόκησε

400 1779 499 1820 sua
536 1763 784 1820 bonitate
812 1764 1067 1821 omnibus
1091 1767 1145 1819 in
1180 1765 1346 1822 rebus
1374 1774 1625 1822 sanctum
1655 1781 1815 1822 suum
1851 1764 1975 1836 Spi-

396 1857 564 1914 ritum
597 1857 665 1914 iis
706 1857 899 1929 quise
944 1873 1010 1912 ex
1063 1857 1249 1912 animo
1301 1859 1666 1928 requirerent,
1709 1858 1974 1930 impertiri

393 1949 589 2004 voluit.
628 1948 817 2021 Neque
848 1949 995 2009 enim
1028 1949 1149 2004 sine
1193 1948 1381 2005 divino
1418 1950 1655 2021 quodam
1708 1950 1975 2007 instinctu

395 2050 645 2099 vestrum
690 2042 936 2100 omnium
985 2043 1386 2115 postulationes
1439 2060 1537 2115 per
1585 2045 1800 2102 litteras
1841 2045 1983 2103 mihi

395 2150 519 2193 esse
543 2135 877 2207 significatas
904 2134 1182 2201 existimo,
1214 2135 1311 2192 sed
1347 2137 1489 2191 hunc
1517 2152 1620 2207 ego
1647 2137 1817 2192 animi
1852 2153 1974 2193 mo-

396 2240 513 2286 tum
543 2228 733 2284 divina
760 2229 917 2285 vobis
945 2229 1185 2284 amatum
1221 2242 1344 2283 esse
1374 2229 1549 2299 gratia
1573 2228 1839 2298 iudicavi.
1870 2228 1981 2284 Νεε

396 2333 504 2387 que
534 2319 680 2373 enim
717 2317 945 2373 dubium
981 2326 1067 2374 est
1101 2317 1234 2388 quin
1276 2304 1313 2373 ii
1346 2318 1441 2388 qui
1475 2318 1662 2374 eadem
1688 2334 1811 2373 cum
1851 2319 1979 2375 divo

395 2406 559 2463 Petro
611 2422 675 2461 ac
733 2408 1126 2462 consentientia
1175 2406 1360 2463 dicere
1407 2407 1734 2478 potuerint;
1800 2406 1879 2461 Tu
1922 2425 1977 2462 es

398 2495 639 2550 Christus
668 2492 844 2549 Filius
873 2494 971 2549 Dei
996 2495 1098 2550 vivi
1124 2496 1165 2562 ί,
1199 2496 1267 2550 ab
1296 2496 1416 2566 ipso
1441 2495 1667 2550 Domino
1694 2494 1995 2552 manifeste"

398 2586 542 2641 beati
590 2585 923 2655 praedicandi
962 2585 1097 2651 sint,
1128 2587 1587 2658 quemadmodum
1632 2594 1855 2641 sanctus
1887 2587 1977 2642 ille

397 2676 527 2732 felix
581 2683 669 2730 est
710 2674 867 2730 hisce
903 2675 1086 2730 verbis
1126 2674 1384 2730 habitus:
1431 2674 1626 2729 Beatus
1682 2692 1756 2738 es,
1792 2673 1979 2733 Simon

400 2763 495 2817 bar
530 2760 671 2818 Iona
689 2766 734 2828 ¹,
774 2763 877 2820 hoc
904 2771 1010 2829 est,
1043 2763 1125 2833 ﬁli
1155 2762 1349 2818 Jonte:
1382 2761 1551 2819 Jonas
1590 2763 1792 2833 quippe
1825 2771 1979 2831 pater

400 2853 549 2909 illius
572 2852 967 2923 appellabatur.
986 2850 1158 2907 Porro
1179 2850 1369 2915 dictio,
1384 2851 1501 2915 bar,
1520 2850 1780 2906 Hebraice
1807 2851 1978 2919 ﬁlium

397 2953 577 3001 sonat.
629 2943 705 2998 Ea
735 2959 863 3001 vero
910 2943 1129 2999 demum
1159 2949 1244 2998 est
1286 2943 1426 3004 vita,
1463 2949 1626 3011 quam
1664 2942 1981 3010 unigenitus

2076 1772 2141 1840 τῇ
2171 1768 2443 1839 ὑπερϐολῇ
2476 1766 2575 1837 τῆς
2613 1765 2779 1819 αὐτοῦ
2814 1765 3151 1837 ἀγαθότητος
3175 1767 3233 1818 ὲν
3267 1764 3439 1818 ἅπασι
3468 1763 3651 1818 δοῦναι

2074 1858 2137 1911 τὸ
2167 1858 2321 1927 ἀγιον
2349 1856 2513 1911 αὑτοῦ
2540 1855 2764 1927 Πνεῦμα
2788 1856 2900 1918 τοῖς
2928 1854 3095 1909 αὐτὸν
3110 1856 3168 1909 ὲν
3196 1854 3422 1927 ἀληθείᾳ
3454 1852 3650 1924 ζητοῦ-

2078 1965 2184 2002 σιν.
2219 1948 2332 2001 Οὐκ
2358 1947 2551 2011 ἀθέους
2580 1944 2687 2017 γὰρ
2718 1946 2873 2017 ὑμῶν
2898 1944 2993 1999 καὶ
3038 1943 3148 1998 τῶν
3177 1944 3295 1998 καθ’
3329 1944 3474 2016 ὑμᾶς
3496 1945 3654 2015 αἰτή-

2078 2055 2193 2102 σεις
2228 2036 2327 2100 τάς
2357 2036 2443 2090 διὰ
2468 2036 2576 2089 τῶν
2618 2035 2962 2107 γραμμάτων
2996 2035 3312 2105 ἡγησάμην,
3342 2036 3651 2090 ποθεινότα-

2076 2146 2180 2192 τοι,
2224 2126 2361 2181 ἀλλά
2398 2125 2498 2197 τὴν
2533 2125 2745 2195 κίνησιν
2792 2125 3090 2195 ὲδοκίμασα
3132 2127 3197 2178 ὲκ
3238 2125 3341 2194 τῆς
3386 2124 3480 2177 τοῦ
3519 2123 3655 2178 Θεοῦ

2078 2220 2295 2291 χάριτος
2328 2219 2387 2271 ὲν
2417 2217 2543 2287 ὑμῖν
2572 2216 2916 2286 ὑπάρξασαν.
2956 2216 3072 2268 Ἐπ’
3106 2214 3363 2284 ἀληθείας
3404 2215 3529 2285 γὰρ,
3560 2216 3657 2270 καὶ

2078 2311 2277 2373 εἰδότες
2306 2307 2603 2372 συνοίδατε,
2631 2307 2727 2360 καὶ
2751 2305 3014 2375 σύμφωνα
3057 2304 3238 2372 λέγειν
3268 2304 3347 2375 τῷ
3372 2320 3647 2375 μακαριω·

2076 2402 2225 2473 τάτῳ
2261 2400 2470 2471 Πέτρῳ,
2510 2399 2593 2452 ὅτι
2640 2398 2723 2452 Σὺ
2753 2398 2811 2451 εἷ
2832 2397 2864 2450 ὁ
2886 2397 3139 2467 Χριστὸς
3160 2399 3195 2451 ὁ
3215 2396 3347 2461 Υἱὸς
3370 2396 3474 2450 τοῦ
3506 2396 3655 2450 Θεοῦ

2079 2495 2186 2549 τοῦ
2224 2492 2459 2559 ζῶντος,
2509 2492 2697 2560 σαφῶς
2724 2489 2812 2543 ὑπ’
2854 2488 3019 2542 αὑτοῦ
3052 2487 3146 2541 τοῦ
3183 2487 3384 2559 Κυρίου
3422 2503 3657 2558 μακαρι-

2080 2586 2388 2657 σθήσονται,
2438 2582 2623 2646 καθὼς
2674 2582 2767 2635 καὶ
2814 2583 2843 2634 6
2878 2580 3033 2649 ἅγιος
3064 2581 3270 2641 ἐκεῖνος
3302 2577 3652 2649 ὲμακαρίσθη

2079 2675 2293 2731 ἀκούων
2314 2692 2329 2707 ·
2357 2672 2658 2743 Μακάριος
2687 2667 2745 2725 εἷ
2771 2670 2874 2735 σὺ,
2906 2670 3103 2738 Σίμων
3131 2668 3254 2736 ,βὰρ
3286 2665 3478 2729 Ἰωνᾶ,
3502 2684 3657 2720 τουτ-

2080 2768 2250 2831 έστιν,
2301 2765 2393 2820 υίὲ
2420 2762 2612 2832 Ἰωνᾶ,
2654 2764 2682 2816 6
2718 2761 2826 2832 γὰρ
2868 2759 3046 2832 πατὴρ
3091 2758 3258 2813 αὐτοῦ
3299 2758 3484 2820 Ἰωνᾶς
3527 2760 3656 2811 ἐκα-

2079 2857 2256 2910 λεῖτο’
2310 2855 2370 2908 τὸ
2421 2854 2477 2907 δὲ
2518 2853 2642 2922 ,ϐὰρ
2687 2850 3045 2923 ἑρμηνεύεται
3086 2850 3152 2902 ὲκ
3199 2849 3297 2920 τῆς
3360 2846 3657 2919 Ἐϐραῖκῆς

2079 2948 2378 3011 διαλέκτου,
2420 2946 2569 3012 υἱός.
2597 2944 2708 2997 Καὶ
2751 2943 2907 2997 τοῦτο
2946 2938 3014 3014 ἦν
3045 2944 3078 3013 ὴ
3125 2940 3259 3013 ζωὴ,
3291 2941 3359 3011 ἥν
3396 2942 3595 2994 ἔδωκεν
3626 2940 3657 2992 6

399 3036 571 3092 Filius
618 3035 906 3105 discipulis
948 3034 1065 3091 suis
1088 3034 1316 3105 largitus
1364 3043 1448 3089 est
1478 3032 1708 3087 dicens:
1759 3030 1827 3084 Ut
1875 3033 1971 3085 Ita-

2084 3035 2370 3107 μονογενὴς
2410 3034 2535 3097 Υἱὸς
2581 3036 2694 3096 τοῖς
2740 3032 2935 3086 ἑαυτοῦ
2968 3031 3233 3103 μαθηταῖς
3274 3030 3444 3098 λέγων
3470 3048 3483 3059 ·
3520 3028 3656 3084 Ἵνα

402 3127 553 3179 beant
585 3125 748 3179 vitam
786 3125 839 3177 in
874 3140 929 3178 se
955 3124 1084 3192 ipsis
1107 3124 1163 3190 ³;
1198 3133 1255 3178 ut
1296 3122 1505 3178 scilicet
1543 3130 1859 3191 cognoscant
1891 3139 1981 3176 so-

399 3218 511 3271 lum
548 3232 723 3271 verum
762 3214 968 3279 Deum,
1008 3224 1057 3270 et
1091 3231 1244 3286 quem
1277 3217 1386 3285 ipse
1423 3215 1567 3268 misit
1594 3212 1781 3268 Jesum
1824 3210 1981 3267 Chri-

400 3320 540 3364 stum
561 3310 601 3361 ⁸.
627 3307 729 3363 Ubi
765 3322 889 3362 cum
922 3307 1058 3361 dixit
1087 3308 1259 3361 solum
1285 3323 1461 3361 verum
1493 3304 1682 3369 Deum,
1713 3305 1778 3359 ad
1809 3320 1980 3358 unum

402 3399 847 3468 singularemque
871 3394 1040 3452 Deum
1065 3410 1165 3451 nos
1191 3395 1496 3460 transtulit,
1515 3410 1585 3450 ne
1604 3394 1793 3448 mundi
1814 3394 1981 3461 hujus

401 3488 691 3544 clementis
735 3485 1087 3542 serviendum
1139 3483 1374 3553 amplius
1441 3492 1791 3554 putaremus;
1845 3499 1982 3540 neve

401 3579 627 3636 deorum
652 3578 708 3633 in
746 3577 907 3633 nobis
936 3576 1117 3632 adhuc
1144 3574 1437 3629 multitudo
1469 3574 1755 3642 resideret,
1791 3582 1884 3629 aut
1913 3575 1981 3631 ad

402 3670 534 3725 illud
576 3669 749 3739 stupri
783 3683 957 3740 genus
993 3666 1278 3721 hominum
1310 3672 1526 3722 mentes
1554 3665 1977 3736 dissiparentur,

408 3761 505 3818 sed
529 3761 597 3816 ad
639 3760 804 3815 unius
833 3758 1059 3831 verique
1090 3757 1187 3813 Dei
1224 3756 1658 3829 singularitatem
1691 3772 1814 3813 sese
1844 3772 1981 3811 con-

403 3860 726 3908 verterent:
784 3849 1008 3905 Initium
1046 3850 1232 3919 quippe
1274 3847 1644 3918 fornicationis
1685 3856 1764 3902 est
1798 3847 1983 3916 exqui-

400 3944 524 3998 sitio
552 3943 835 4008 idolorum,
863 3950 926 3997 ut
967 3942 1045 3997 ait
1077 3939 1361 4013 Scriptura
1382 3940 1425 3995 '.
1455 3938 1629 3996 Porro
1660 3953 1786 3995 cum
1825 3939 1979 4006 dicit,

409 4034 474 4091 Et
501 4054 652 4107 quem
693 4036 890 4091 misisti
937 4034 1123 4091 Iesum
1154 4033 1447 4100 Christum,
1491 4046 1720 4103 ecquem
1759 4031 1979 4087 tandem

400 4126 587 4184 Jesum
622 4127 913 4193 Christum
954 4126 1248 4197 intelligit?
1287 4123 1489 4180 Verum
1527 4125 1717 4195 utique
1760 4123 1977 4181 Deum:

403 4218 596 4282 Deum,
630 4218 875 4288 inquam,
897 4215 1180 4271 Christum
1214 4215 1427 4280 Iesum,
1458 4224 1520 4270 ut
1558 4217 1625 4271 de
1654 4217 1771 4285 ipso
1812 4224 1983 4272 testa-

2079 3129 2264 3197 ἔχωσι
2309 3126 2424 3196 τὴν
2470 3125 2627 3193 ζωὴν
2674 3125 2744 3178 ἐν
2780 3122 3035 3190 ἑαυτοῖς,
3087 3121 3154 3175 τὸ
3186 3120 3505 3192 γινώσκειν
3550 3121 3658 3175 τὸν

2077 3222 2268 3290 μόνον
2293 3219 2580 3287 ἀληθινὸν
2604 3220 2775 3282 Θεὸν,
2794 3218 2893 3271 καὶ
2925 3216 2997 3271 ὃν
3016 3214 3376 3270 ἀπέστειλεν
3411 3212 3660 3282 Ἰησοῦν

2080 3311 2356 3379 Χριστόν.
2402 3310 2490 3362 Ἐν
2517 3307 2596 3378 τῷ
2638 3303 2730 3361 οὖν
2757 3310 2954 3372 εἰπεῖν,
2996 3306 3116 3360 Τὸν
3144 3306 3340 3377 μόνον
3366 3306 3660 3368 ἀληθινὸν

2084 3404 2253 3469 Θεὸν,
2286 3404 2365 3466 εἰς
2411 3401 2710 3473 μοναρχίαν
2750 3401 2898 3471 ἡμᾶς
2931 3399 3137 3469 ἤγαγεν
3159 3414 3174 3429 ο
3207 3398 3297 3451 ἴνα
3329 3396 3526 3467 μηκέτι
3554 3394 3661 3448 ὑπὸ

2080 3494 2150 3548 τὰ
2192 3494 2431 3563 στοιχεῖα
2459 3489 2554 3543 τοῦ
2596 3488 2799 3560 κόσμου
2828 3483 2979 3560 ὦμεν
3021 3486 3432 3559 δεδουλωμένοι,
3461 3486 3548 3539 ἵνα
3583 3484 3660 3556 μὴ

2084 3584 2340 3640 πολυθεϊα
2373 3585 2429 3636 ὲν
2468 3585 2601 3654 ἡμῖν
2629 3581 2708 3635 ἐτι
2748 3578 2804 3653 ᾗ,
2850 3580 2946 3635 καὶ
2986 3581 3081 3634 ἐπὶ
3115 3580 3373 3650 πορνείαν
3404 3576 3659 3647 τοιαύτην

2083 3673 2539 3747 ὲπισκορπίζηται
2565 3673 2636 3727 τὰ
2666 3674 2775 3726 τῶν
2807 3672 3108 3744 ἀνθρώπιον
3132 3672 3400 3742 νοήματα,
3431 3668 3544 3722 ἀλλ’
3567 3667 3660 3721 ἐπὶ

2083 3766 2312 3838 ἑνότητα
2337 3764 2431 3819 τοῦ
2463 3765 2626 3837 μόνου
2660 3763 2915 3835 ἀληθινοῦ
2937 3762 3072 3817 Θεοῦ
3096 3779 3110 3791 ·
3144 3762 3349 3829 Πρώτη
3379 3759 3490 3831 γὰρ
3520 3772 3661 3824 πορ-

2080 3857 2234 3922 νεία,
2284 3856 2519 3910 ἐπίνοια
2572 3852 2853 3918 εἰδώλων,
2900 3852 3066 3924 φησὶν
3113 3852 3148 3923 ἠ
3184 3850 3397 3922 Γραφή.
3446 3844 3559 3903 Καὶ
3586 3846 3660 3900 ὃν

2083 3947 2447 4014 ἀπέστειλας
2519 3947 2756 4014 Ἰησοῦν
2816 3944 3094 4014 Χριστόν.
3166 3940 3373 4013 Ἰησοῦν
3426 3937 3659 4010 Χριστὸν

2080 4038 2241 4106 τίνα;
2270 4038 2520 4109 ἀληθινὸν
2551 4037 2703 4092 Θεόν.
2739 4036 2802 4090 Ei
2831 4036 2889 4091 δὲ
2910 4035 3041 4089 Θεὸν
3064 4032 3298 4105 Χριστὸν
3340 4029 3564 4101 Ἰησοῦν,
3586 4028 3662 4090 ὼς

2082 4130 2230 4199 λέγει
2263 4130 2393 4202 περὶ
2426 4127 2592 4184 αὐτοῦ
2624 4130 2654 4182 6
2689 4128 2973 4198 Ἰωάννης’
3013 4126 3075 4179 '0
3104 4120 3471 4191 Μονογενής,
3502 4122 3534 4172 ό
3576 4115 3663 4170 ὢν

2082 4224 2170 4288 εὶς
2200 4220 2309 4275 τὸν
2344 4221 2576 4274 κόλπον
2616 4218 2723 4271 τοῦ
2763 4216 3015 4282 Πατρός,
3062 4213 3245 4277 αὐτὸς
3283 4209 3621 4277 ἐξηγήσατο
3643 4218 3655 4231 ·

403 4319 493 4364 tur
512 4307 752 4362 Joannes
778 4322 791 4359 :
831 4305 1162 4377 Unigenitus,
1186 4307 1276 4376 qui
1301 4309 1455 4362 estin
1486 4307 1608 4361 sinu
1634 4305 1841 4372 Patris,
1874 4307 1976 4374 ipse

2085 4302 2167 4373 εἷς
2204 4309 2336 4372 Θεὸς
2376 4307 2554 4361 τοίνυν
2580 4307 2608 4358 6
2646 4302 2856 4373 Πατὴρ,
2895 4301 2987 4355 καὶ
3018 4300 3175 4370 μόνος
3213 4297 3464 4367 ἀληθινὸς
3505 4294 3658 4355 Θεὸς,

402 4397 710 4453 narravit“.
744 4397 899 4451 Unus
945 4395 1132 4467 itaque
1177 4395 1322 4452 Deus
1354 4404 1439 4452 est
1483 4394 1667 4460 Pater,
1713 4411 1778 4451 ac
1827 4369 1976 4453 solus

2089 4369 2183 4455 καὶ
2214 4400 2275 4453 οὐ
2317 4369 2466 4455 ⁷κατιτά
2495 4398 2621 4459 τοὺς
2667 4369 3030 4464 ἐψευσμένους
3059 4389 3234 4452 θεοὺς,
3278 4385 3372 4448 οὓς
3404 4380 3660 4453 ὲνόμισάν

403 4503 567 4543 verus
596 4486 761 4552 Deus,
808 4502 917 4541 non
949 4486 1258 4555 cuiusmodi
1298 4495 1427 4542 sunt
1475 4486 1720 4542 ementiti
1757 4486 1834 4542 illi
1881 4487 1980 4552 dii,

403 4593 543 4647 quos
600 4577 830 4648 gentiles
878 4576 1098 4649 quidam
1144 4578 1276 4633 deos
1330 4577 1579 4633 arbitrati
1634 4587 1804 4645 sunt,
1856 4594 1981 4635 cum

404 4679 585 4724 tamen
614 4668 689 4723 dii
724 4669 877 4723 nullo
907 4667 1069 4723 modo
1110 4667 1323 4737 forent;
1352 4684 1539 4723 verum
1581 4670 1733 4725 solus
1767 4678 1850 4725 est
1883 4684 1982 4724 ve-

404 4776 610 4831 rusque
661 4758 827 4826 Deus,
856 4759 1297 4830 quandoquidem
1332 4761 1485 4816 solus
1528 4776 1559 4814 a
1608 4760 1727 4815 solo
1783 4759 1981 4830 linige-

405 4853 575 4919 nitus,
608 4852 867 4922 solusque
913 4849 1150 4922 Spiritus
1185 4859 1409 4907 sanctus
1444 4851 1513 4904 ab
1563 4850 1657 4904 illo
1693 4864 1982 4920 processe-

405 4954 553 4999 runt.
615 4945 756 4998 Nam
808 4944 1051 5001 Trinitas
1101 4945 1157 4997 in
1206 4943 1413 4997 unitate
1459 4941 1749 5007 consistit,
1792 4951 1983 5011 estque

406 5019 548 5093 Deus
565 5053 730 5105 unus,
755 5036 935 5103 Pater,
963 5035 1134 5091 Filius
1163 5043 1215 5091 et
1244 5035 1480 5106 Spiritus
1504 5041 1751 5089 sanctus.
1903 5096 1909 5099 _

475 5123 562 5178 ιιι.
605 5124 712 5180 Sed
763 5140 860 5181 eos
899 5124 1149 5180 videlicet
1197 5124 1290 5193 qui
1322 5122 1560 5192 Spiritus
1609 5120 1782 5176 sancti
1836 5132 1977 5171 non-

405 5218 534 5274 dum
572 5221 865 5291 participes
892 5235 1015 5275 esse
1059 5224 1396 5279 meruerunt,
1430 5217 1535 5269 ista
1580 5218 1887 5268 commovet
1916 5224 1977 5262 ac

368 5358 371 5363 ,
410 5311 692 5377 perturbat
724 5311 923 5366 oratio.
976 5307 1141 5363 Nemo
1182 5308 1321 5369 enim
1370 5304 1541 5359 dicere
1568 5309 1755 5369 potest,
1794 5296 1977 5350 Domi-

2086 4509 2232 4556 τινες
2275 4491 2382 4544 τῶν
2423 4489 2691 4557 Ἐλλήνων
2736 4484 2914 4547 θεοὺς,
2952 4481 3052 4535 οὐκ
3099 4480 3258 4540 ὄντας
3304 4474 3489 4534 θεούς’
3525 4470 3661 4525 ἀλλά

2093 4582 2253 4653 μόνος
2276 4579 2525 4649 ἀληθινὸς
2553 4576 2704 4639 Θεὸς,
2728 4572 2917 4642 ἐπειδὴ
2958 4570 3117 4640 μόνος
3156 4570 3219 4619 ὲκ
3250 4564 3410 4635 μόνου
3439 4563 3468 4614 6
3488 4561 3662 4653 Μονο-

2090 4649 2274 4742 γενὴς,
2292 4672 2385 4723 καὶ
2413 4668 2571 4738 μόνον
2597 4665 2659 4717 τὸ
2687 4665 2845 4735 μόνον
2872 4663 2932 4714 τὸ
2955 4661 3031 4730 (4)
3049 4660 3201 4726 ἅγιον
3224 4654 3466 4725 Πνεῦμα.
3493 4649 3665 4722 Τριάς

2091 4764 2201 4835 γὰρ
2232 4764 2289 4814 ὲν
2325 4758 2531 4831 μονάδι,
2558 4756 2651 4809 καὶ¹
2680 4750 2760 4817 εἷς
2786 4752 2939 4815 Θεὸς,
2976 4748 3190 4821 Πατὴρ,
3217 4745 3341 4810 Υἱὸς
3368 4744 3464 4799 καὶ
3509 4744 3669 4814 ἅγιον

2090 4852 2331 4922 Πνεῦμα.

2162 5108 2232 5163 Γ’.
2285 5108 2485 5177 Πτύρει
2533 5106 2589 5157 δὲ
2638 5107 2666 5157 6
2720 5104 2875 5170 λόγος
2924 5102 3051 5164 τοὺς
3105 5100 3183 5171 μὴ
3227 5088 3663 5165 κατηξιωμένους

2086 5200 2403 5270 Πνεῦματος
2436 5198 2612 5265 ἁγίου.
2644 5192 2853 5258 Οὐδεὶς
2894 5192 3004 5262 γὰρ
3043 5192 3289 5245 δύναται
3321 5183 3531 5243 εἰπεῖν,
3551 5181 3670 5236 Κύ·

2079 5311 2216 5361 ριος
2263 5288 2517 5356 Ἰησοῦς,
2569 5290 2620 5340 εὶ
2668 5284 2754 5355 μὴ
2793 5285 2862 5337 ἐν
2914 5283 3210 5351 Πνεύματι
3238 5278 3415 5346 ἁγίῳ·
3451 5274 3512 5329 τὸ
3565 5270 3665 5347 μὲν

485 5503 713 5559 ‘Mattb.
739 5520 848 5569 xvr,
872 5502 958 5559 16.
1034 5501 1206 5559 ’ibid.
1230 5501 1313 5555 i7.
1393 5497 1591 5552 3.loan.
1628 5509 1682 5561 κ,
1714 5492 1796 5546 tt).
1876 5489 1976 5545 ‘Jo

2118 5503 2251 5551 xvu,
2282 5488 2335 5542 5.
2415 5487 2434 5516 ⁸
2464 5484 2591 5554 Sap.
2624 5499 2735 5547 νιν,
2767 5482 2851 5535 1-2.
2920 5477 3117 5532 σεῐοίιη.
3142 5492 3182 5540 I,
3218 5473 3305 5529 IS.

482 5681 562 5755 (4)
603 5686 706 5740 Καὶ
725 5682 913 5754 μόνον
941 5683 1006 5736 τὸ
1022 5683 1220 5752 μόνον
1243 5680 1325 5732 τό.
1356 5676 1533 5731 Locus
1556 5680 1868 5746 corruptus.
1895 5671 1976 5727 An

2084 5664 2299 5739 gendum
2338 5666 2428 5720 καί
2457 5664 2612 5737 μόνον
2639 5663 2699 5713 ἐκ
2732 5658 2925 5726 μόνουῖ
2958 5654 3110 5713 Eutr.
