3992 6198
372 278 441 334 21
1809 268 1973 328 ΑΜΖ(

2076 266 2246 327 tTUS.
3575 266 3651 326 Ἡ

372 387 495 460 γὰρ
537 382 753 458 Ἰησοῦς
795 382 965 454 ὄνομα
1010 381 1110 435 καὶ
1148 381 1392 437 Ἰουδαῖοι
1442 385 1713 452 λέγουσιν,
1756 384 1873 438 ἀλλ’
1914 384 1973 437 οὺ

2080 398 2202 447 nus,
2232 383 2337 438 nisi
2364 385 2423 437 in
2449 381 2654 451 Spiritu
2687 390 2872 437 sancto
2897 380 2935 434 '.
2977 378 3260 450 Siquidem
3285 375 3417 434 Iesu
3452 393 3651 435 nomen

380 479 611 549 Κύριον
649 473 938 544 ήγοῦιηαυ
974 472 1073 526 καὶ
1116 473 1386 545 Ἀρειανοὶ
1428 473 1645 542 λέγουσι
1679 472 1741 525 τὸ
1783 471 1976 543 ὄνομα,

390 570 497 622 καὶ
525 567 659 621 Θεὸν
682 566 831 621 θετὸν
854 563 1075 632 λέγουσι
1102 563 1221 635 (4⁸),
1249 564 1345 618 καὶ
1367 565 1468 618 οὐκ
1498 563 1766 635 ἀληθινὸν,
1794 563 1977 634 ἐπειδὴ

393 660 464 711 οὐ
504 653 1117 745 μετέσχονΙΠνεύματος
1149 654 1329 723 ἁγίου.
1370 656 1495 709 Ἐὰν
1535 656 1611 725 μὴ
1640 656 1748 725 γάρ
1786 672 1870 717 τις
1893 654 1978 707 δέ·

403 748 560 815 ξηται
601 740 825 813 Πνεῦμα
856 744 1034 810 ἅγιον,
1080 742 1142 795 οὒ
1186 742 1337 811 λέγει
1386 742 1479 795 τὸν
1518 740 1728 813 Ἰησοῦν
1774 740 1978 812 Κύριον

399 836 585 899 ὄντως,
638 834 736 889 καὶ
767 832 904 887 Θεὸν
949 832 1143 898 ὅντως,
1175 832 1270 885 καὶ
1302 831 1433 885 Υίὺν
1478 829 1613 885 Θεοῦ
1662 831 1850 894 ὅντως,
1884 828 1979 884 καὶ

390 925 621 995 βασιλέα
649 925 821 989 ὅντως
875 923 1115 978 αἰώνιον.
1166 921 1398 976 Μάθωσι
1422 921 1530 993 γὰρ
1569 923 1618 975 οἱ
1669 921 1769 993 τὴν
1801 920 1977 990 κακὴν

390 1015 663 1086 ὑπόληψιν
688 1015 1008 1085 ἐσχηκότες,
1038 1015 1122 1068 ὅτι
1151 1013 1331 1068 πάντα
1357 1015 1387 1068 6
1420 1012 1711 1084 μονογενὴς
1734 1012 1860 1076 Υἱὸς
1882 1009 1975 1067 τοῦ

388 1104 530 1158 Θεοῦ
574 1104 637 1157 οὐ
702 1104 848 1157 θέλει
898 1104 1027 1175 περὶ
1064 1101 1262 1159 ἑαυτοῦ
1309 1107 1628 1175 μαρτυρεῖν.
1669 1102 1824 1159 Οὕτω
1870 1103 1978 1174 γὰρ

391 1191 552 1249 εἶπεν
588 1194 647 1249 ὲν
676 1195 755 1266 τῷ
781 1194 1121 1266 Εὐαγγελίῳο
1166 1195 1308 1251 Ἐὰν
1327 1194 1607 1264 μαρτυρῶ
1638 1195 1771 1263 περὶ
1800 1194 1979 1264 ἐμαυ-

393 1285 525 1349 τοῦ,
556 1286 595 1353 ἡ
632 1285 931 1354 μαρτυρία
964 1302 1087 1354 μου
1128 1283 1311 1339 οὐδέν
1346 1284 1551 1340 ἐστιν’
1586 1284 1777 1351 ἄλλος
1806 1284 1979 1339 ἐστὶν

402 1378 434 1429 ὁ
456 1375 771 1445 μαρτυρῶν
800 1375 937 1445 περὶ
965 1375 1133 1445 ἐμοῦ.
1166 1376 1277 1431 Καὶ
1311 1375 1395 1440 τίς
1421 1377 1568 1429 ἐστιν
1600 1376 1789 1442 ἀλλοςς
1816 1376 1845 1428 6
1868 1394 1979 1446 φω-

404 1469 573 1538 νήσας
607 1468 667 1533 ἐξ
692 1467 943 1539 οὐρανοῦ·
986 1463 1173 1534 Οὗτός
1202 1467 1377 1527 ἐστιν
1413 1470 1447 1523 ό
1479 1467 1610 1534 Υἱός
1632 1485 1753 1537 μου
1777 1470 1810 1522 ὁ
1838 1468 1980 1537 ἀγα-

401 1558 611 1625 πητός,
652 1557 721 1611 ἐν
749 1550 798 1623 ᾧ
844 1557 1174 1625 εὐδόκησα.
1209 1550 1378 1622 Οὗτος
1421 1558 1479 1612 δὲ
1525 1560 1554 1612 ό
1601 1558 1795 1628 λέγων,
1839 1558 1980 1612 Ἐὰν

2078 472 2243 529 etiam
2270 471 2443 529 Judaei
2466 472 2842 544 pronuntiant,
2875 472 2972 528 sed
2999 484 3343 541 nequaquam
3363 468 3651 524 Dominum

2079 562 2439 618 arbitrantur.
2476 562 2622 617 ldem
2666 577 2864 617 nomen
2897 568 2954 618 et
2990 560 3181 614 Ariani
3211 557 3523 630 proferunt,
3554 558 3651 613 sed

2079 652 2403 723 adoptivum
2440 652 2708 707 duntaxat
2740 651 2934 715 Deum,
2980 665 3093 704 non
3123 663 3312 705 verum
3361 647 3651 713 aﬂirmant,

2076 742 2335 811 quoniam
2366 742 2423 811 8
2454 739 2697 811 Spiritus
2723 741 2896 796 sancti
2935 738 3234 810 participes
3258 751 3378 794 non-
3405 736 3649 793 inerunt.

2079 829 2292 884 Etenim
2326 829 2438 884 nisi
2471 829 2595 899 quis
2635 828 2900 899 Spiritum
2942 832 3193 882 sanetum
3226 825 3517 895 acceperit,
3552 821 3645 879 Je-

2076 936 2201 975 sum
2226 935 2354 976 vcre
2390 919 2701 985 Dominum,
2742 933 2871 975 vere
2898 916 3090 982 Deum,
3132 925 3228 972 aut
3265 929 3396 971 vere
3432 914 3526 970 Dei
3559 912 3651 967 Fi-

2079 1011 2237 1079 lium,
2286 1019 2383 1067 aut
2433 1011 2828 1082 sempiternum
2860 1022 2986 1064 vere
3028 1021 3215 1078 regem
3247 1005 3473 1060 minime
3526 1018 3652 1060 esse

2079 1103 2233 1160 dicit.
2291 1103 2584 1159 Enimvero
2613 1102 2829 1159 discant
2859 1100 2955 1172 qui
2986 1099 3043 1155 in
3075 1112 3242 1169 prava
3273 1097 3365 1152 illa
3391 1094 3650 1167 opinione

2076 1203 2208 1252 sunt
2239 1214 2253 1251 :
2285 1194 2630 1267 unigenitum
2651 1192 2747 1249 Dei
2769 1191 2968 1247 Filium
2986 1205 3096 1246 non
3124 1189 3347 1245 omnino
3366 1188 3435 1244 de
3449 1202 3508 1243 se
3531 1186 3652 1257 ipso

2077 1286 2360 1343 testiﬁcari
2407 1286 2562 1341 velle.
2598 1284 2677 1340 Ita
2699 1283 2846 1339 enim
2877 1284 2934 1337 in
2951 1280 3240 1352 Evangelio
3269 1279 3485 1334 locutus
3522 1286 3647 1333 est:

2078 1376 2140 1432 Si
2180 1378 2537 1433 testimonium
2567 1374 2865 1445 perhibeam
2891 1373 2957 1428 de
2977 1388 3079 1439 me,
3103 1368 3458 1426 testimonium
3481 1383 3652 1422 meum

2078 1468 2209 1522 nihil
2240 1476 2338 1523 est.
2367 1468 2519 1525 Alius
2544 1475 2622 1522 est
2651 1465 2743 1535 qui
2773 1463 3130 1520 testimonium
3162 1459 3393 1531 perhibet
3413 1457 3477 1511 de
3504 1473 3584 1511 me
3607 1458 3650 1511 ’.

2078 1559 2214 1623 Quis
2242 1558 2335 1613 ille
2363 1558 2504 1613 alius
2537 1557 2667 1612 est?
2696 1554 2903 1625 Nempe
2933 1554 3028 1624 qui
3060 1568 3092 1610 e
3118 1551 3262 1607 cmlo
3291 1551 3509 1605 locutus
3527 1554 3654 1603 est:

398 1649 515 1718 ἐγὼ
543 1647 819 1718 μαρτυρῶ
844 1648 977 1716 περὶ
1005 1648 1287 1717 ἐμαυτοῦ,
1328 1649 1369 1719 ἠ
1396 1650 1692 1719 μαρτυρία
1716 1666 1834 1718 μου
1877 1650 1973 1703 οὑ-

2076 1650 2172 1704 Hic
2206 1657 2284 1703 est
2314 1646 2363 1700 F
2367 1648 2493 1702 ilius
2524 1662 2669 1701 meus
2715 1644 2962 1710 dilectus,
3001 1644 3058 1698 in
3093 1657 3196 1712 quo
3244 1640 3377 1694 mihi
3422 1636 3658 1706 compla-

398 1741 509 1795 δέν
537 1743 726 1808 ἐστιν,
782 1742 946 1796 πάλιν
978 1740 1148 1809 λέγει,
1198 1739 1325 1796 Κᾶν
1368 1739 1485 1809 ἐγὼ
1522 1738 1800 1809 μαρτυρῶ
1843 1738 1973 1807 περὶ

2078 1736 2163 1790 cui
2188 1737 2231 1790 ³.
2275 1735 2419 1792 Idem
2448 1748 2633 1805 porro,
2664 1733 2760 1803 qui
2793 1731 3009 1788 dixerat
3040 1747 3056 1786 :
3107 1727 3167 1785 Si
3193 1745 3288 1800 ego
3316 1727 3567 1795 testi/icer
3592 1723 3659 1778 de

402 1829 675 1898 ἐμαυτοῦ,
706 1832 746 1898 ἡ
774 1830 1071 1900 μαρτυρία
1089 1847 1207 1899 μου
1227 1829 1463 1899 ἀληθής
1486 1830 1640 1885 ἐστι·
1668 1832 1763 1885 καὶ
1788 1831 1974 1896 πάλιν,

406 1920 562 1973 Auris
618 1920 690 1974 τὰ
710 1920 853 1989 ἔργα
877 1919 1171 1989 μαρτυρεῖ
1202 1918 1242 1975 d
1267 1919 1487 1974 δέδωκέ
1524 1938 1627 1990 μοι
1664 1924 1697 1975 ό
1721 1920 1926 1991 Πατήρ
1954 1937 1970 1953 ⁸

409 2008 715 2073 καΥπάλιν,
744 2009 1004 2076 Μωῦσῆς
1042 2009 1269 2078 ἔγραψε
1299 2009 1431 2078 περὶ
1461 2008 1628 2078 ἐμοῦ,
1658 2011 1773 2080 καὶ,
1804 2013 1973 2064 Mari)-

411 2094 536 2160 σῆς
558 2094 838 2163 μαρτυρεῖ
881 2096 1012 2163 περὶ
1054 2096 1228 2166 ἐμοῦ.
1292 2098 1336 2150 Τ
1338 2097 1367 2151 ὸ
1407 2096 1624 2169 πρῶτον
1673 2097 1790 2168 μὲν,
1832 2096 1974 2152 Ἐὰν

417 2180 532 2249 ἐγὼ
561 2181 838 2251 μαρτυρὼ
863 2183 993 2251 περὶ
1013 2184 1294 2255 ἐμαυτοῦ,
1325 2187 1365 2255 ἠ
1401 2186 1694 2257 μαρτυρία
1715 2203 1836 2255 μου
1874 2189 1974 2243 οὐ·

410 2270 517 2324 δέν
540 2271 711 2325 ἐστιν
731 2286 745 2299 ⁸
786 2272 969 2343 ἐπειδὴ
1015 2274 1200 2329 πολλοὶ
1241 2274 1556 2340 δοξάζουσιν
1603 2277 1846 2346 ἑαυτοὺς,
1877 2279 1973 2334 καὶ

408 2361 741 2433 μαρτυροῦσι
768 2366 897 2436 περὶ
929 2367 1161 2433 ἑαυτῶν,
1194 2369 1282 2424 ἴνα
1316 2369 1524 2441 ἐκκόψῃ
1544 2369 1654 2425 τῶν
1687 2370 1975 2442 καυχωμέ-

401 2468 502 2505 νων
557 2453 660 2524 τὴν
700 2455 969 2526 καύχησιν
1011 2459 1104 2513 καὶ
1146 2458 1257 2515 τῶν
1307 2461 1532 2525 ἑαυτοὺς
1577 2463 1971 2518 συνιστὼντων.

401 2542 565 2597 Ὅταν
588 2545 645 2599 δὲ
668 2547 800 2619 ετπῃ
818 2563 833 2579 ·
863 2549 994 2605 Κᾶν
1011 2549 1126 2620 ἐγὼ
1151 2552 1432 2622 μαρτυρῶ
1464 2554 1597 2622 περὶ
1625 2554 1906 2623 ἐμαυτοῦ,
1932 2554 1972 2625 ἠ

394 2639 688 2707 μαρτυρία
716 2659 835 2711 μου
877 2643 1117 2714 ἀληθής
1135 2645 1290 2712 ἐστι,
1330 2646 1601 2701 δείκνυσιν
1628 2647 1709 2701 ὅτι
1747 2649 1849 2702 οὐκ
1879 2650 1975 2705 ἀν-

400 2726 644 2801 θρωπίνη
693 2732 861 2786 αὐτοῦ
891 2735 926 2805 ἡ
974 2726 1272 2810 μαρτυρία,
1300 2736 1439 2791 ἀλλά
1484 2737 1617 2803 Θεός
1659 2740 1808 2794 ἐστιν
1840 2739 1975 2811 ἀλη-

396 2814 569 2871 θεύων
592 2821 658 2890 τῇ
692 2821 891 2875 ἑαυτοῦ
924 2825 1217 2896 μαρτυρίᾳ.
1264 2825 1541 2897 Ἀληθινὸς
1570 2828 1748 2883 τοίνυν
1774 2828 1907 2893 Θεὸς
1944 2830 1975 2883 6

396 2907 608 2979 Πατὴρ,
648 2910 906 2983 ἀληθινὸς
950 2913 1084 2977 Θεὸς
1118 2917 1149 2970 ό
1178 2915 1326 2980 Υίὺς,
1358 2915 1611 2987 ἀληθινὸν
1646 2916 1708 2971 τὸ
1747 2917 1973 2989 Πνεῦμα

393 2998 455 3051 τὸ
504 3000 680 3068 ἅγιον,
722 3002 944 3074 πνεῦμα
975 3005 1112 3060 Θεοῦ
1147 3006 1231 3072 ὃν,
1283 3008 1378 3063 καὶ
1424 3007 1643 3079 πνεῦμα
1692 3008 1969 3080 ἀληθείας.

392 3088 566 3160 Τριάς
606 3091 666 3144 ἑν
697 3091 779 3145 ἑνὶ
824 3093 1096 3164 πνεύματι
1124 3095 1521 3169 ἀριθμουμένη.
1564 3098 1697 3170 Περὶ
1725 3098 1835 3170 γὰρ
1876 3097 1971 3153 τοῦ

395 3177 616 3248 Πατρός
643 3179 803 3245 αὐτὸς
828 3183 857 3237 ό
890 3181 1021 3247 Υἱὸς
1046 3183 1215 3253 λέγει,
1248 3185 1375 3241 Ἵνα
1400 3185 1741 3257 γινώσκωσι
1767 3203 1844 3244 σε
1868 3187 1977 3244 τὸν

390 3269 592 3333 μόνον
637 3269 923 3338 ἀληθινὸν
966 3275 1136 3329 Θεόν.
1194 3272 1531 3343 ’Δξιόπιστος
1564 3276 1625 3332 δὲ
1679 3278 1895 3351 μάρτυρ
1946 3280 1977 3334 6

394 3357 495 3411 ixi
526 3357 587 3412 τὸ
614 3360 810 3431 στῆθος
845 3364 1013 3419 αὐτοῦ
1055 3366 1345 3422 ἀναπεσὼν
1366 3406 1382 3434 ,
1416 3369 1680 3441 μονογενῆ
1718 3369 1851 3424 Θεὸν
1879 3371 1976 3426 αὐ·

391 3448 487 3503 τὸν
511 3451 755 3520 φάσκων.
788 3453 863 3506 Οὐ
897 3455 1196 3526 προσέθετο
1231 3456 1288 3511 δὲ
1318 3457 1396 3529 τῷ
1428 3462 1707 3529 μονογενεῖ
1743 3459 1862 3531 Θεῷ
1884 3460 1969 3527 τὺ,

390 3539 545 3605 Θεὸς
575 3541 887 3611 ἀληθινός,
920 3544 1056 3600 ἀλλὰ
1076 3548 1205 3619 περὶ
1237 3548 1450 3619 Πατρδς
1491 3549 1825 3622 γέγραπται,
1850 3551 1978 3624 ἀληο

391 3628 547 3725 θινοῦ
572 3631 707 3725 Θεοῐι
723 3648 738 3663 ·
770 3634 897 3705 περὶ
923 3635 1052 3725 Υίοῦ
1096 3636 1176 3701 δὲ,
1202 3637 1284 3691 ὅτι
1316 3640 1608 3711 μονογενὴς
1632 3640 1785 3704 Θεός.
1821 3640 1894 3693 Τδ
1918 3640 1976 3695 δὲ

391 3721 558 3776 πάλιν
592 3724 721 3795 περὶ
757 3721 1106 3795 Πατρὸς,’ὅτι
1149 3726 1265 3797 φῶς
1297 3730 1328 3783 6
1363 3728 1525 3793 Θεός’
1560 3731 1690 3803 περὶ
1726 3731 1792 3786 δὲ’
1820 3732 1971 3799 Υίοῢ,

388 3812 479 3866 ὅτι
501 3808 613 3870 Ἦν
636 3813 704 3869 τὸ
726 3813 855 3884 φῶς
884 3814 952 3870 τὸ
972 3817 1285 3887 ἀληθινόν.

470 3990 541 4043 Δ’.
570 3990 678 4043 Καὶ
703 3991 809 4062 ὅρα
834 4007 925 4061 μοι
948 3991 1046 4062 τὴν
1065 3990 1176 4045 τῶν
1198 3992 1427 4063 Γραφῶν
1478 3994 1782 4065 ἀκρίϐειαν.
1819 3998 1975 4053 Ἔστι

398 4078 501 4146 μὲν
531 4079 638 4149 γὰρ
664 4080 855 4151 Πατὴρ
880 4080 1017 4150 φῶς,
1047 4082 1141 4136 καὶ
1160 4082 1223 4136 οὐ
1253 4084 1573 4156 πρόσκειται
1606 4085 1684 4155 τῷ
1716 4085 1844 4156 περὶ
1863 4087 1975 4139 Πα-

395 4166 540 4237 τρὸς,
558 4168 684 4237 φῶς
711 4170 1006 4237 ἀληθινόν
1022 4190 1036 4204 ο
1063 4172 1185 4225 ἐπεὶ
1208 4153 1358 4244 δὲτῷ
1380 4153 1507 4244 τὲερὶ
1533 4153 1664 4227 Υἱοῦ
1682 4153 1824 4239 εἷπε,
1848 4176 1974 4245 φῶς

391 4259 708 4324 ἀληθινόν,
758 4262 850 4314 καὶ
882 4262 1058 4326 οὐδεὶς
1098 4263 1273 4334 τολμᾷ
1306 4263 1481 4327 ἄλλως
1512 4264 1711 4332 λέγειν.
1736 4265 1833 4329 Τίς
1862 4265 1973 4336 γάρ

1999 3058 2046 3121 C

2075 1842 2177 1892 me,
2210 1824 2569 1879 testimonium
2612 1838 2785 1878 meum
2818 1822 2953 1877 nihil
2997 1830 3099 1887 est,
3130 1826 3320 1890 postea
3359 1816 3496 1873 dicit
3535 1834 3549 1871 :
3584 1813 3657 1869 Et

2074 1917 2123 1972 si
2172 1933 2264 1987 ego
2306 1904 2557 1985 testiﬁcer
2608 1913 2674 1970 de
2713 1929 2816 1980 me,
2861 1912 3221 1967 testimonium
3258 1924 3432 1964 meum
3458 1918 3655 1961 rerum

2073 2013 2150 2058 est
2174 2004 2229 2069 ‘;
2257 2013 2312 2058 et
2344 2018 2565 2058 rursum
2598 2021 2611 2056 :
2639 2001 2814 2066 Opera
2852 2002 2970 2070 ipsa
3013 1999 3368 2056 testimonium
3395 1995 3653 2067 prwbent,

2072 2109 2189 2164 qua:
2228 2093 2374 2147 dedit
2420 2091 2550 2145 mihi
2614 2090 2856 2155 Pater“;
2888 2090 3019 2144 item
3052 2088 3304 2158 :Moyses
3350 2087 3565 2154 scripsit
3591 2084 3657 2137 de

2073 2200 2153 2239 me
2179 2185 2200 2216 ⁸
2224 2201 2239 2250 ;
2267 2190 2322 2239 et
2356 2200 2370 2237 :
2401 2180 2612 2252 Moyses
2645 2179 2710 2236 de
2739 2196 2821 2236 me
2852 2188 3072 2234 testatus
3092 2188 3192 2233 est.
3230 2177 3476 2243 Quorum
3499 2175 3655 2245 prius

2073 2274 2229 2341 illud,
2291 2272 2354 2329 Si
2395 2289 2486 2343 ego
2532 2271 2779 2341 testiﬁcor
2828 2270 2893 2325 de
2933 2286 3035 2335 me,
3084 2267 3440 2324 testimonium
3479 2281 3654 2321 meum

2073 2365 2207 2421 nihil
2235 2372 2337 2429 est,
2387 2362 2511 2418 ideo
2548 2361 2761 2417 dictum
2808 2369 2915 2426 est,
2949 2369 3011 2415 ut
3053 2357 3431 2430 arrogantium
3477 2356 3654 2412 homi-

2074 2473 2206 2513 num
2238 2470 2305 2512 ac
2355 2469 2478 2511 sese
2528 2452 3032 2510 commendantium
3064 2450 3359 2507 vanitatem
3404 2447 3659 2505 exclude-

2073 2555 2180 2615 ret,
2204 2561 2271 2603 eo
2299 2545 2447 2617 quod
2474 2543 2633 2600 multi
2661 2542 2959 2614 praedicam
2982 2555 3043 2597 se
3073 2542 3224 2611 ipsos
3259 2554 3325 2596 ac
3350 2554 3457 2596 suo
3503 2540 3657 2595 testi-

2073 2637 2261 2694 monio
2298 2636 2668 2693 cohonestare
2706 2635 2905 2692 solent.
2962 2632 3032 2689 At
3064 2647 3189 2691 cum
3218 2632 3378 2699 dicit,
3426 2630 3657 2687 Etiamsi

2076 2727 2326 2798 testiﬁcor
2348 2726 2413 2781 de
2441 2742 2544 2792 me,
2598 2724 2956 2781 testimonium
2986 2739 3164 2779 meum
3202 2738 3382 2779 verum
3411 2729 3511 2790 est,
3546 2734 3658 2775 non

2075 2820 2378 2875 humanum
2411 2831 2537 2873 esse
2569 2816 2943 2872 testimonium
2980 2829 3166 2880 suum,
3202 2813 3300 2871 sed
3332 2812 3502 2867 Deum
3534 2825 3661 2866 esse

2072 2912 2167 2984 qui
2221 2925 2351 2967 vere
2407 2906 2788 2966 testimonium
2842 2904 3106 2977 praebeat,
3158 2904 3422 2959 ostendit.
3478 2900 3660 2958 Verus

2074 3002 2241 3074 igitur
2282 2999 2425 3056 Deus
2465 3006 2552 3055 est
2586 2997 2750 3053 Pater
2781 3013 2795 3063 ;
2828 3011 2993 3052 verus
3043 2994 3185 3052 Deus
3233 2992 3407 3049 Filius
3440 3009 3456 3058 ;
3493 3005 3659 3047 verus

2078 3092 2321 3164 Spiritus
2352 3096 2603 3153 sanctus,
2641 3086 2738 3142 Dei
2767 3085 3024 3142 videlicet
3056 3083 3288 3155 spiritus
3330 3095 3395 3136 ac
3428 3080 3658 3150 spiritus

2074 3182 2351 3250 veritatis,
2379 3180 2628 3237 Trinitas
2651 3178 2708 3233 in
2732 3190 2845 3233 uno
2868 3177 3069 3250 spiritu
3092 3181 3405 3232 numerata.
3431 3170 3567 3228 Nam
3589 3171 3660 3228 de

2075 3275 2239 3331 Patre
2266 3272 2441 3330 Filius
2473 3273 2591 3344 ipse
2615 3271 2863 3341 loquitur
2897 3289 2910 3324 :
2951 3268 3019 3323 Ut
3052 3274 3370 3338 cognoscant
3402 3272 3451 3319 te
3485 3265 3659 3319 solum

2075 3382 2251 3422 rerum
2289 3364 2461 3420 Deum
2483 3405 2499 3419 .
2573 3361 2672 3418 Est
2719 3368 2905 3416 autem
2937 3359 3172 3415 idoneus
3207 3357 3302 3413 ille
3346 3356 3526 3421 testis,
3560 3355 3655 3426 qui

2076 3460 2132 3516 in
2172 3460 2319 3516 illius
2359 3467 2552 3529 pectus
2588 3454 2843 3511 recubuit
2863 3455 2911 3519 ⁷,
2933 3467 3059 3508 cum
3091 3449 3435 3521 unigenitum
3483 3447 3653 3504 Deum

2074 3552 2228 3607 illum
2264 3549 2520 3622 appellat.
2566 3545 2755 3616 Neque
2795 3559 2927 3600 vero
2975 3542 3044 3597 ad
3093 3540 3435 3612 unigenitum
3483 3536 3655 3593 Deum

2075 3639 2305 3704 addidit,
2337 3638 2507 3693 Deum
2529 3652 2730 3700 verum,
2762 3632 2860 3690 scd
2893 3633 2961 3688 de
2989 3631 3175 3696 Patre,
3215 3644 3347 3686 vero
3376 3628 3487 3684 Deo
3514 3629 3656 3683 scri-

2075 3740 2226 3800 ptum
2272 3737 2391 3795 est;
2421 3725 2594 3782 Filius
2643 3730 2849 3789 autem,
2890 3720 3210 3793 unigenitus
3245 3718 3390 3774 Deus
3428 3716 3655 3775 dicitur.

2077 3817 2341 3873 Praeterea
2363 3816 2430 3872 de
2452 3814 2612 3870 Patre
2631 3812 2898 3883 scriptum
2919 3818 3026 3878 est,
3047 3812 3226 3866 lucem
3265 3821 3391 3864 esse
3412 3805 3585 3862 Deum
3606 3806 3653 3871 ';

2073 3909 2141 3964 de
2165 3906 2303 3962 Filio
2334 3925 2349 3960 :
2386 3905 2518 3959 Erat
2552 3905 2647 3959 tua:
2673 3904 2856 3958 vera’.

2144 3996 2235 4051 1V.
2278 3996 2663 4049 Animadverte
2690 4008 2821 4049 vero
2860 3988 3335 4046 accuratissimam
3370 4000 3654 4044 sacrarum

2074 4086 2409 4142 Litterarum
2446 4082 2807 4152 diligentiam.
2848 4079 2948 4134 Est
2983 4078 3132 4133 enim
3158 4076 3323 4132 Pater
3364 4077 3479 4131 lux.
3534 4075 3650 4130 Nec

2073 4176 2141 4233 ad
2174 4175 2504 4231 mentionem
2532 4172 2718 4227 Patris
2744 4171 2914 4227 lucem
2936 4184 3111 4225 veram
3138 4166 3361 4238 adjecit,
3391 4167 3484 4223 sed
3511 4165 3655 4221 Filio

2073 4265 2220 4323 istud
2264 4263 2539 4329 attribuit,
2574 4277 2754 4333 neque
2781 4260 3075 4332 quisquam
3113 4257 3471 4329 pronuntiare
3496 4257 3654 4313 aliter

392 4347 679 4440 μεμηνὼς,
710 4351 742 4421 ἢ
791 4352 991 4423 μᾶλλον
1029 4353 1454 4426 φρενοϐλάϐειαν
1492 4355 1671 4426 ἑαυτῷ
1701 4356 1970 4424 συνάγων,

2077 4364 2282 4430 potest.
2326 4355 2463 4423 Quis
2500 4353 2649 4412 enim
2699 4352 2838 4409 adeo
2864 4352 3094 4408 insanus
3135 4363 3199 4404 ac
3230 4355 3414 4413 mente
3458 4355 3653 4419 captus

390 4437 655 4508 τολμήσει
708 4440 1059 4513 βλασφημίας
1108 4445 1364 4500 ὑπόνοιαν
1408 4445 1586 4517 ἐαυτῷ
1639 4447 1965 4517 κτήσασθαι,

392 4528 471 4599 μὴ
508 4528 684 4599 εὑρὼν
714 4531 808 4584 ἐπὶ
834 4532 913 4601 τῷ
944 4534 1094 4604 ῥητῷ
1132 4536 1524 4608 προσκείμενον
1547 4536 1607 4590 τὸ
1636 4538 1931 4605 ἀληθινόν
1948 4555 1968 4602 ,'

390 4618 455 4671 El
478 4615 592 4690 γὰρ
616 4623 646 4673 6
678 4622 739 4686 ἐξ
779 4622 946 4676 αὐτοῦ
986 4626 1381 4696 γεγεννημένος
1424 4628 1648 4698 γνήσιος
1690 4626 1818 4691 Υίὸς
1852 4628 1968 4697 φῶς

389 4710 537 4762 ἔστιν
578 4711 849 4782 ἀληθινὸν,
884 4717 914 4768 6
942 4714 1036 4768 τοῦ
1070 4715 1199 4769 Υἱοῦ
1248 4718 1547 4789 γεννήτωρ,
1584 4718 1968 4788 ἀναμφιϐόλως

387 4799 505 4865 φῶς
533 4801 679 4855 ἐστιν
706 4802 978 4874 ἀληθινὸν,
1001 4806 1166 4870 αὐτὸς
1187 4808 1216 4859 ό
1231 4809 1497 4879 γεννήσας
1530 4808 1693 4862 αὑτὸν
1713 4809 1966 4880 ἀνάρχως

390 4888 487 4940 καὶ
507 4889 745 4960 ἀχρόνως
775 4894 893 4963 φῶς
918 4895 1191 4966 ἀληθινόν.
1226 4898 1339 4952 Καὶ
1364 4897 1555 4970 ὥσπερ
1583 4900 1644 4952 οὐ
1667 4901 1967 4971 τολμητέον

386 4978 481 5031 ἐπὶ
518 4980 594 5050 τῷ
644 4984 818 5055 Harp!
866 4984 1067 5053 λέγειν,
1104 4988 1187 5040 ὅτι
1219 4988 1320 5043 οὐκ
1362 4988 1479 5042 ἐστι
1522 4990 1638 5057 φῶς
1679 4991 1963 5060 ἀληθινόνο

385 5067 498 5120 ἀλλ’
522 5070 614 5139 ἀφ’
648 5073 879 5139 ἑαυτῶν,
909 5075 1002 5130 διὰ
1029 5076 1091 5130 τὸ
1134 5078 1379 5144 εὐσεϐὲς,
1410 5080 1551 5134 νοεῖν
1591 5079 1830 5151 οἴδαμεν,
1864 5082 1966 5137 κάν

382 5174 441 5210 τε
485 5156 621 5232 μὴῇ
663 5164 1074 5237 γεγραμμένον,
1120 5169 1202 5223 ὅτι
1240 5169 1357 5223 ἔστι
1403 5169 1518 5240 φῶς
1566 5170 1835 5243 ἀληθινὸν,
1871 5173 1966 5227 καὶ

456 5314 665 5375 'lCor.
705 5336 807 5380 xu,
832 5322 886 5375 5.
1015 5325 1038 5354 ¹
1072 5322 1229 5379 Joan.
1280 5342 1336 5387 v.
1369 5326 1461 5380 51.

382 5398 517 5451 xvu,
555 5387 609 5442 5.
685 5390 705 5421 '
727 5388 887 5445 Joan.
916 5408 1036 5457 xm,
1064 5394 1154 5449 ‘23.
1231 5397 1253 5428 '
1276 5397 1293 5451 Ι
1314 5396 1474 5452 Joan.
1504 5412 1543 5457 ι,
1575 5396 1629 5450 5.

455 5536 557 5623 μ)
596 5539 705 5623 lia!
728 5544 893 5623 ,Θερῂ
926 5545 1386 5623 θετύνλέγουσι.
1424 5549 1579 5619 Apud
1612 5547 1972 5623 Epiphanium

380 5612 485 5656 vox
518 5607 672 5673 θετός
696 5611 778 5666 sic
816 5612 1086 5672 interdum
1118 5607 1435 5700 usurpatur,
1456 5607 1513 5675 ut
1539 5634 1635 5690 per
1655 5607 1962 5689 adoptivum

1578 5323 1806 5398 {Mani}.
1839 5341 1917 5390 ιιι,
1957 5325 2059 5391 l7;
2087 5342 2222 5394 xvn,
2257 5327 2305 5383 5.
2387 5326 2586 5385 ‘Joan.
2618 5347 2736 5398 vm,
2764 5332 2849 5387 14.

1707 5398 1727 5427 ’
1747 5394 1903 5450 Joan.
1950 5412 1987 5461 I,
2017 5398 2071 5452 9.

2076 4455 2183 4513 est,
2225 4445 2351 4502 inde
2383 4451 2445 4501 ut
2486 4442 2897 4501 contumeliosa:
2947 4441 3005 4496 in
3051 4438 3221 4495 Deum
3258 4438 3539 4509 opinionis
3567 4453 3656 4493 oc-

2074 4538 2356 4595 casionem
2404 4534 2699 4604 concipiat,
2729 4533 2878 4604 quod
2909 4533 2966 4587 in
2999 4530 3095 4586 illo
3122 4530 3249 4586 loco
3280 4531 3386 4585 ueri
3415 4530 3653 4586 vocabu-

2076 4630 2187 4685 lum
2231 4643 2355 4685 csse
2400 4642 2511 4682 non
2557 4626 2775 4681 videat?
2812 4624 2947 4680 Nam
2996 4623 3045 4680 si
3089 4623 3309 4692 genitus
3366 4623 3436 4678 ab
3481 4622 3656 4693 illos

2077 4733 2372 4790 germanus
2402 4715 2573 4771 Filius
2608 4729 2736 4771 vera
2763 4714 2857 4770 lux
2897 4718 3004 4775 est,
3036 4710 3161 4766 Filii
3188 4726 3409 4781 quoque
3436 4712 3654 4780 genitor

2074 4812 2195 4868 sine
2244 4810 2355 4864 ulla
2405 4805 2746 4863 dubitatione
2788 4817 2920 4860 vera
2958 4802 3052 4857 lux
3101 4808 3189 4857 est
3218 4820 3233 4855 :
3267 4801 3651 4870 ille,inquam,

2075 4902 2213 4972 ipse,
2259 4900 2355 4971 qui
2380 4899 2528 4954 hunc
2561 4896 2683 4953 sine
2726 4895 2839 4950 ullo
2870 4894 3145 4965 principio
3173 4908 3241 4949 ac
3276 4900 3525 4963 tempore
3556 4910 3650 4950 ve-

2072 5008 2189 5049 ram
2222 4994 2396 5048 lucem
2426 4987 2733 5061 progenuit.
2756 4986 2834 5043 Ac
2854 4986 3319 5058 quemadmodum
3348 4998 3512 5041 nemo
3537 4990 3649 5041 tam

2073 5082 2251 5138 audax
2291 5096 2416 5138 esse
2464 5080 2645 5144 debet,
2700 5084 2760 5132 ut
2810 5076 3030 5135 Patrem
3076 5091 3265 5133 veram
3319 5088 3443 5131 esse
3472 5074 3649 5131 lucem

2072 5172 2370 5240 inﬁcictur,
2401 5179 2456 5229 et
2492 5186 2587 5242 per
2622 5185 2724 5228 nos
2753 5170 2859 5242 ipsi
2901 5169 3123 5241 pietatis
3149 5179 3339 5234 causa,
3369 5166 3516 5237 quod
3545 5168 3650 5222 mi-

2952 5327 3148 5385 ‘Joan.
3177 5342 3235 5394 v,
3282 5329 3373 5384 46.
3450 5326 3648 5384 eJoan.

2082 5552 2216 5629 satis
2262 5549 2489 5629 exprimi
2519 5553 2816 5629 rommode
2859 5558 3092 5629 nequeat
3120 5551 3430 5629 iidemque
3472 5558 3549 5611 sit
3592 5567 3652 5605 ac

2072 5622 2273 5691 ﬁctum,
2310 5631 2358 5675 et
2386 5621 2629 5689 opinione
2663 5621 2778 5678 sola
2811 5628 3093 5679 constans.
3122 5621 3328 5679 PE'nV.
