3992 6198
397 225 469 280 93
1801 223 1974 281 S.EP

2078 223 2231 281 iANll
3585 241 3657 298 Si

397 342 541 397 nime
568 337 831 409 scriptum
863 346 971 398 est.
1002 335 1361 407 intelligimus
1389 339 1568 396 lucem
1601 353 1723 396 esse
1757 353 1963 410 veram,

2078 341 2169 395 οὐκ
2216 339 2649 413 ἀμφιϐάλλομεν,
2696 341 2785 396 ῖνα
2834 342 2909 415 μὴ
2948 343 3282 416 ἀπολώμεθα
3314 363 3328 379 ο
3363 348 3503 405 οὕτω
3562 355 3656 408 καὶ

399 445 501 485 nec
533 429 602 485 de
639 444 705 486 ea
740 445 800 484 re
836 428 1177 495 dubitamus,
1218 444 1289 485 ne
1321 430 1379 485 in
1422 431 1812 503 sempiternum
1842 444 1972 486 rua-

400 538 521 576 mus
565 521 791 576 exitium
825 520 938 587 ;ita
979 528 1034 577 et
1070 521 1140 577 de
1189 520 1330 578 Filio
1375 522 1645 592 scriptum
1691 529 1795 587 est,
1823 522 1972 593 quod

399 612 544 668 Deus
575 614 647 669 sit
686 612 882 670 Filius.
928 614 1007 668 Ac
1032 613 1163 669 licet
1209 627 1355 667 verus
1388 611 1525 665 Deus
1574 629 1685 669 non
1731 614 1968 681 dicatur,

398 704 739 760 insanissiml
790 703 1146 759 nihilominus
1176 718 1299 758 esse
1339 702 1643 769 videamur,
1696 705 1742 761 si
1776 713 1973 760 contu.

400 794 630 849 meliose
679 793 886 865 aliquid
937 794 1144 850 idcirco
1162 792 1347 863 jacere
1389 794 1643 859 velimus,
1682 805 1735 850 et
1774 793 1969 849 Filium

398 901 589 941 verum
618 901 743 943 esse
777 887 944 943 Deum
969 900 1251 956 negemus.
1281 885 1429 941 Satis
1456 897 1539 941 est
1558 886 1704 941 enim
1732 886 1827 941 uni
1854 902 1973 957 pero

399 994 549 1034 sonte
590 980 737 1050 quod
772 994 895 1036 cum
924 985 1036 1034 tota
1070 977 1341 1034 Trinitate
1368 978 1723 1048 conjunctutn
1753 987 1839 1034 est
1871 979 1972 1033 tri-

399 1071 490 1125 bui
517 1082 795 1142 aportere,
837 1078 891 1128 et
918 1086 985 1126 ex
1030 1068 1193 1125 Patre
1224 1068 1422 1124 Filium
1456 1084 1644 1125 verum
1676 1069 1846 1125 Deum
1880 1069 1968 1124 in-

398 1161 566 1234 telligi
615 1178 681 1217 ac
728 1174 916 1215 verum
959 1156 1249 1231 Spiritum,
1307 1176 1431 1217 cum
1493 1177 1560 1216 ex
1608 1162 1687 1218 rei
1738 1161 1970 1217 veritate

395 1249 540 1308 idem
604 1249 965 1322 signiﬁcantia
1026 1250 1292 1305 vocabula
1344 1251 1593 1321 utrisque
1655 1251 1971 1308 nominibus

400 1344 789 1417 respondeant;
853 1340 1105 1397 videlicet
1171 1340 1321 1395 Patri
1376 1359 1524 1400 verus
1584 1343 1720 1401 Deus
1752 1382 1769 1409 ,
1830 1344 1971 1403 Filio

400 1435 561 1497 Deus,
607 1449 640 1491 e
683 1433 964 1488 contrario
996 1446 1128 1488 vero
1157 1429 1296 1488 Filio
1335 1435 1428 1490 tua:
1453 1452 1574 1490 vera
1601 1473 1617 1501 ,
1652 1435 1799 1492 Patri
1838 1453 1970 1494 vero

387 1519 532 1577 lux:
570 1529 629 1574 ut
672 1523 885 1579 duabus
918 1523 1029 1578 illis
1078 1522 1147 1578 de
1184 1523 1468 1580 divinitate
1505 1528 1795 1583 sententiis
1836 1543 1971 1583 con-

383 1613 608 1682 junctis,
672 1611 820 1683 quod
875 1620 930 1667 ct
973 1612 1138 1669 Pater
1171 1632 1325 1672 verus
1375 1614 1446 1669 sit
1498 1614 1669 1682 Deus,
1696 1625 1750 1674 et
1792 1618 1967 1676 Filius

391 1677 484 1752 ius:
513 1677 635 1754 vera
672 1677 704 1758 ε.
727 1709 841 1756 ιιιιιι
866 1703 1012 1775 quod
1043 1703 1204 1759 Pater
1234 1711 1327 1760 tua:
1368 1704 1461 1766 sit,
1490 1710 1544 1757 et
1577 1677 1750 1760 Filius
1780 1705 1920 1765 Deus
1938 1726 1960 1774 ;
1998 1677 2041 1734 Β

382 1798 447 1837 ex
483 1782 620 1863 lueis
686 1787 907 1863 Deique
936 1795 1166 1851 vocibus
1192 1794 1529 1851 divinitatetn
1576 1810 1738 1869 unam
1761 1836 1775 1860 ,
1808 1806 1863 1851 et
1898 1813 1965 1852 ex

396 1878 503 1944 liis,
547 1879 689 1936 Deus
718 1895 866 1935 verus
901 1890 956 1936 et
976 1884 1072 1938 tua:
1125 1901 1243 1940 vera
1276 1925 1291 1951 ,
1318 1898 1482 1938 unam
1521 1884 1745 1941 virtutis
1767 1886 1957 1956 singu-

391 1967 664 2025 laritatem
694 1967 982 2024 fateamur.

466 2056 529 2111 V.
573 2057 840 2117 Similiter
864 2070 918 2116 ct
943 2062 1009 2116 de
1038 2061 1244 2131 Spiritu
1286 2071 1479 2119 sancto
1514 2083 1526 2119 :
1564 2064 1624 2119 Si
1642 2081 1734 2136 ego
1760 2065 1963 2132 abiero,

391 2152 576 2216 veniet,
628 2152 823 2224 inquit,
875 2156 966 2209 ille
1013 2154 1244 2225 Spiritus
1283 2156 1583 2210 veritatis'.
1640 2156 1715 2213 De
1756 2173 1815 2213 se
1845 2157 1968 2228 ipso

393 2254 523 2294 vero
562 2240 792 2310 loquens
824 2262 837 2297 :
872 2240 983 2312 Ego
1018 2260 1155 2307 sum,
1198 2244 1396 2312 inquit,
1441 2245 1632 2299 ueritas
1654 2245 1676 2277 ⁸
1710 2262 1724 2308 ;
1759 2246 1827 2300 de
1864 2246 1967 2299 Pa-

392 2340 476 2386 tre
506 2350 520 2383 :
551 2330 784 2400 Spiritus
812 2331 995 2387 Patris
1038 2333 1136 2386 mei
1163 2334 1251 2402 qui
1274 2332 1506 2400 loquitur
1552 2334 1607 2386 in
1636 2335 1778 2391 vobis
1811 2336 1854 2389 ³.
1891 2336 1969 2392 Ac

390 2422 461 2474 de
495 2419 703 2491 Spiritu
733 2440 748 2476 :
779 2420 1038 2489 Spiritus,
1075 2422 1274 2492 inquit,
1312 2438 1456 2476 meus
1481 2433 1586 2476 stat
1610 2425 1665 2477 in
1695 2425 1866 2479 medio
1889 2444 1968 2481 ve-

390 2519 560 2565 strum
580 2510 622 2565 δ.
660 2510 743 2564 Ad
774 2509 890 2565 haec
924 2492 1182 2580 Spiritus,
1212 2510 1305 2581 qui
1333 2510 1702 2583 inexplicabili
1731 2515 1967 2583 quadam

391 2604 608 2659 ratione
645 2604 757 2675 agit
788 2617 914 2658 cum
954 2601 1116 2665 Filio,
1152 2603 1331 2675 ipsum
1372 2604 1430 2657 in
1482 2604 1833 2660 solitudinem
1883 2621 1973 2661 ex-

391 2694 565 2766 pellit.
596 2703 655 2748 ut
686 2709 716 2748 a
749 2694 971 2749 diabolo
1004 2703 1243 2749 tentetur
1264 2694 1308 2749 ³.
1349 2693 1494 2760 Quin
1525 2702 1580 2750 et
1613 2696 1731 2765 ipse
1779 2695 1970 2749 Domi-

391 2801 497 2842 nus
535 2806 548 2841 :
582 2785 836 2854 Spiritus,
880 2787 1077 2857 inquit,
1130 2785 1349 2839 Domini
1400 2801 1556 2854 super
1597 2803 1679 2841 me
1713 2803 1732 2841 :
1759 2796 1973 2857 propter

390 2877 529 2949 quod
566 2881 722 2932 unxit
751 2894 832 2933 me
852 2878 898 2934 ⁸.
931 2877 1104 2933 Porro
1144 2876 1385 2949 Spiritus
1433 2888 1658 2934 sanctus
1706 2894 1802 2948 per
1839 2894 1967 2949 pro-

391 2972 588 3041 phetas
618 2972 851 3042 loquens
880 2990 893 3026 :
924 2975 1052 3025 ch
1086 2970 1238 3037 dicit,
1273 2971 1474 3041 inquit,
1510 2970 1768 3025 Dominus
1799 2971 1971 3024 omni-

2074 433 2166 487 ἐπὶ
2186 432 2279 486 τοῦ
2311 432 2438 488 Υἱοῦ
2462 433 2786 505 γέγραπται,
2826 434 3059 498 ὅτιθεὸς
3102 438 3132 489 6
3155 437 3299 502 Υἱὸς,
3332 440 3426 493 καὶ
3459 445 3561 498 κᾶν
3591 444 3653 499 οὐ

2073 525 2395 596 πρόσκειται
2423 524 2505 591 τὸ,
2531 524 2675 591 Θεὸς
2703 524 3012 592 ἀληθινὸς,
3052 526 3248 595 μανίαν
3282 530 3495 594 ἑαυτοῖς
3536 535 3656 589 ὲπι-

2075 610 2406 686 σωρεύομεν,
2459 616 2509 668 ει
2559 615 2923 688 τολμήσωμεν
2961 614 3382 689 βλασφημῆσαι,
3432 624 3527 678 καὶ⁸
3580 626 3656 698 μὴ

2073 707 2249 759 εἰπεῖν
2269 706 2359 759 τὸν
2388 704 2513 758 Υἱὸν
2534 704 2666 760 Θεὸν
2689 705 2965 776 ἀληθινόν.
3006 707 3195 779 ’Δρκεῖ
3214 708 3324 780 γὰρ
3351 712 3444 764 ἐπὶ
3472 715 3549 785 τῷ
3577 718 3659 771 ἐνὶ

2071 796 2164 849 τὸν
2194 796 2371 850 πάντα
2404 794 2700 867 σύνδεσμον
2736 797 2835 866 τῆς
2879 797 3109 867 Τριάδος
3148 799 3359 870 φέρειν,
3404 812 3499 855 και
3547 808 3657 860 ἀπὸ

2070 887 2167 942 τοῦ
2218 887 2432 960 Πατρὸς
2482 890 2624 943 νοεῖν
2664 887 2758 943 τὸν
2795 888 2925 943 Υἱδν
2966 889 3099 943 Θεὸν
3150 891 3423 962 ἀληθινὸν,
3457 895 3550 948 καὶ
3593 898 3656 950 τὸ

2073 966 2298 1051 Πνεῧμα
2330 979 2605 1051 ἀληθινὸν,
2644 978 3191 1053 ἀντιπαρακειμένων
3224 985 3338 1046 τοῖς
3375 984 3655 1056 ἑκατέροις

2071 1073 2301 1143 ὀνόμασι
2322 1071 2430 1126 τῶν
2462 1071 2768 1143 ἰσορρόπων
2791 1072 2893 1143 τῆς
2919 1070 3204 1143 ἀληθείας
3232 1074 3311 1144 τῷ
3336 1075 3433 1145 μὲν
3456 1078 3651 1148 Harp},

2070 1164 2133 1217 τὸ
2164 1161 2308 1229 Θεὸς
2347 1161 2659 1230 ἀληθινὸς,
2688 1161 2769 1233 τῷ
2809 1161 2867 1215 δὲ
2915 1161 3049 1233 Υίῷ,
3080 1164 3140 1217 τὸ
3175 1165 3345 1231 Θεός¹
3387 1167 3655 1222 ἀνάπαλιν

2070 1252 2127 1307 δὲ
2156 1252 2234 1323 τῷ
2262 1250 2396 1323 Υἰῷ,
2438 1252 2499 1305 τὸ
2537 1250 2665 1321 φῶς
2694 1253 2763 1307 τὸ
2807 1252 3124 1322 ἀληθινὸν,
3153 1256 3232 1326 τῷ
3260 1257 3319 1309 δὲ
3360 1258 3555 1330 Πατρὶ,
3592 1261 3655 1313 τὸ

2070 1343 2198 1413 φῶς
2217 1359 2233 1375 ⁸
2260 1343 2347 1397 ἵνα
2372 1341 2474 1407 τάς
2506 1343 2600 1397 δύο
2618 1341 2777 1408 δόξας
2800 1343 2899 1407 τάς
2930 1345 3060 1416 περὶ
3086 1345 3337 1417 θεότητος
3367 1350 3653 1414 συζεύξαν-

2070 1448 2183 1495 τες,
2211 1432 2341 1504 περὶ
2370 1432 2582 1502 Πατρὸς
2618 1432 2716 1503 μὲν
2747 1432 2891 1501 Θεὸς
2916 1434 3228 1503 ἀληθινὸς,
3266 1438 3396 1508 περὶ
3431 1440 3489 1491 δὲ
3522 1438 3653 1493 Υἱοῦ

2070 1521 2196 1591 φῶς
2228 1521 2543 1589 ἀληθινὸν,
2582 1522 2678 1575 καὶ
2705 1522 2835 1593 περὶ
2873 1523 3092 1594 Πατρὸς
3122 1524 3183 1577 τὸ
3224 1525 3370 1594 φῶς,
3404 1528 3500 1580 καὶ
3526 1530 3653 1599 περὶ

2071 1611 2202 1666 Υἱοῦ
2228 1612 2288 1666 τὸ
2313 1611 2477 1678 Θεὸς,
2507 1611 2616 1665 ἀπὸ
2632 1610 2726 1665 τοῦ
2758 1612 2937 1682 φωτὸς
2964 1612 3064 1685 (5),
3098 1614 3192 1667 καὶ
3215 1614 3367 1682 Θεὸς,
3400 1616 3498 1687 τὴν
3524 1618 3651 1688 μίαν

2070 1701 2320 1773 θεότητα,
2373 1702 2468 1756 καὶ
2513 1701 2621 1757 ἀπὺ
2664 1701 2760 1755 τοῦ
2802 1701 2949 1770 Θεὸς
3002 1704 3318 1771 ἀληθινὸς,
3371 1706 3467 1759 καὶ
3522 1707 3650 1778 φῶς

2068 1794 2377 1863 ἀληθινὸν,
2403 1795 2504 1866 τὴν
2530 1793 2660 1865 μιαν
2681 1793 2910 1875 ἑνότητα
2935 1795 3037 1867 τῆς
3067 1795 3350 1868 δυνάμεως
3377 1798 3644 1871 ὁμολογή-

2072 1903 2274 1957 σωμεν.

2144 2066 2220 2119 E‘.
2262 2062 2538 2127 Ὡσαύτως
2557 2064 2651 2117 καὶ
2678 2064 2771 2117 ἐπὶ
2795 2063 2889 2119 τοῦ
2931 2064 3087 2134 ἀγίου
3122 2064 3463 2135 Πνεύματος·
3511 2061 3654 2117 Ἐὰν

2070 2156 2186 2228 ἐγὼ
2223 2154 2481 2219 ἀπέλθω,
2528 2155 2759 2221 ἐκεῖνος
2806 2154 3061 2223 ἔρχεται,
3092 2154 3246 2225 φησὶ,
3286 2156 3353 2207 τὸ
3411 2152 3653 2221 Πνεῦμα

2076 2245 2189 2315 τῆς
2217 2246 2522 2313 ἀληθείας.
2555 2244 2665 2297 Καὶ
2691 2243 2769 2297 ἔτι
2801 2244 2931 2314 περὶ⁵
2953 2242 3169 2307 ἑαυτοῦ,
3204 2244 3287 2296 ὅτι
3314 2250 3317 2251 ⁷
3342 2242 3481 2311 Ἐγώ
3536 2244 3652 2319 ειμι

2072 2336 2113 2403 ἡ
2138 2334 2385 2401 ἀλήθεια
2410 2350 2423 2366 ·
2453 2333 2545 2385 καὶ
2570 2333 2697 2403 περὶ
2730 2331 2965 2403 Πατρδς,
3004 2332 3076 2387 Τὸ
3114 2330 3355 2399 Πνεῦμα
3386 2331 3493 2384 τοῦ
3531 2334 3651 2385 Πα-

2072 2424 2211 2495 τρός
2242 2442 2360 2493 μου
2394 2424 2463 2477 τὸ
2492 2424 2728 2478 λαλοῦν
2758 2424 2829 2477 ἐν
2856 2422 2999 2491 iasiv-
3019 2440 3034 2455 ο
3067 2424 3163 2475 καὶ
3200 2413 3445 2492 περὶτοῦ
3482 2418 3651 2474 Πνεύ·

2074 2532 2261 2586 ματος,
2305 2515 2412 2568 Kal
2435 2513 2678 2583 Πνεῦμά
2703 2532 2823 2583 μου
2853 2513 3274 2583 ἐφέστηκενὲν
3285 2512 3448 2583 μέσῳ
3462 2509 3648 2580 ὑμῶν.

2072 2606 2147 2659 Tb
2174 2606 2231 2659 δὲ
2267 2605 2493 2676 Πνεῦμα
2538 2606 2792 2677 ἀρρήτως
2826 2606 3177 2676 συμπρᾶττον
3205 2604 3283 2674 τῷ
3316 2604 3428 2674 Υἱῷ
3458 2602 3653 2657 ἐκϐάλ-

2071 2697 2152 2751 λει
2178 2699 2341 2751 αὑτὸν
2367 2700 2445 2761 εἰς
2477 2697 2574 2769 τὴν
2601 2697 2807 2769 ἔρημον
2832 2696 3197 2767 πειρασθῆναι
3232 2696 3335 2748 ὑπὸ
3355 2696 3449 2749 τοῦ
3471 2694 3652 2748 διαδό-

2070 2789 2186 2843 λου.
2222 2788 2332 2842 Καὶ
2376 2788 2537 2852 αὐτὸς
2561 2790 2590 2841 6
2628 2789 2853 2859 Κὺριος,
2892 2788 3137 2857 Πνεῦμα
3180 2787 3421 2855 Κυρίου,
3455 2782 3529 2842 οὖ
3573 2788 3653 2840 εἵ-

2074 2896 2251 2936 νεκεν
2275 2880 2483 2949 ἔχρισέ
2503 2896 2580 2948 με
2597 2894 2611 2907 ·
2647 2879 2707 2932 τὸ
2728 2880 2785 2932 δὲ
2808 2879 3031 2950 Πνεῦμα
3064 2878 3126 2931 τὸ
3150 2880 3302 2946 ἅγιον
3341 2878 3397 2931 ὲν
3437 2879 3649 2948 προφή-

2075 2992 2199 3038 ταις
2233 2973 2454 3028 λαλοῦν·
2501 2971 2643 3028 Τάδε
2685 2971 2848 3042 λέγει
2894 2973 3107 3040 Κύριος
3151 2969 3589 3038 παντοκράτωρ,
3622 2970 3652 3022 6

390 3071 597 3131 potens,
653 3062 747 3133 qui
806 3062 861 3115 in
916 3060 1201 3131 prophetis
1241 3060 1487 3130 loquitur
1534 3059 1826 3124 Dominus,
1882 3061 1973 3131 qui

2078 3066 2253 3121 λαλῶν
2285 3068 2342 3120 ὲν
2378 3067 2491 3130 τοῖς
2528 3065 2834 3137 προφήταις
2870 3064 3093 3134 Κύριος,
3126 3066 3158 3117 ό
3188 3062 3447 3130 στερεῶν
3466 3062 3650 3129 ,βρον-

393 3148 574 3215 ﬁrmat
604 3148 822 3211 tonitru,
848 3156 898 3202 et
928 3156 1068 3201 creat
1098 3148 1382 3216 spiritum'
1418 3166 1431 3203 :
1461 3149 1691 3215 tonitru,
1724 3150 1969 3218 inquam,

394 3236 552 3299 illud,
595 3237 755 3304 cujus
779 3237 847 3291 ab
871 3237 1186 3293 hominibus
1210 3237 1395 3309 fragor
1418 3239 1710 3293 exauditur
1737 3257 1749 3292 :
1785 3254 1970 3293 creans

393 3340 525 3378 vero
546 3324 812 3394 spiritum,
846 3339 956 3394 quo
986 3326 1201 3395 pluvias
1229 3326 1452 3392 excitat,
1491 3342 1612 3397 quae
1641 3328 1804 3384 terris
1833 3328 1973 3383 divi-

393 3416 545 3471 nitus
598 3415 987 3471 immittuntur.
1041 3416 1185 3487 Ergo
1245 3417 1314 3473 de
1357 3419 1558 3473 creatis
1616 3418 1781 3474 rebus
1847 3434 1972 3474 cum

395 3505 661 3574 loquitur,
717 3506 803 3562 his
851 3506 1024 3561 utitur
1067 3506 1293 3562 verbis:
1332 3506 1585 3562 Firmans
1643 3509 1868 3573 tonitru,
1924 3516 1972 3561 et

395 3612 580 3649 creans
626 3596 872 3665 spiritum
905 3611 923 3648 :
954 3595 1071 3651 haec
1125 3595 1272 3650 enim
1312 3605 1495 3651 creata
1543 3607 1693 3652 sunt.
1738 3598 1974 3652 Annuit-

278 3701 283 3707 '
397 3688 543 3743 tians
581 3695 763 3743 autem
795 3687 1081 3743 Christum
1129 3704 1291 3743 suum
1337 3689 1672 3753 hominibus,
1714 3704 1823 3745 non
1859 3690 1973 3759 jam

396 3793 607 3843 creare,
660 3793 769 3833 non
805 3778 1045 3844 (innare,
1082 3779 1180 3837 sed
1229 3780 1486 3835 nuntiare
1524 3780 1843 3836 hominibus
1873 3780 1977 3849 ιο

400 3869 601 3923 dicitur
638 3884 768 3925 vere
818 3884 849 3923 a
898 3885 959 3927 se
1008 3871 1272 3941 genitum,
1304 3872 1611 3926 increatum
1643 3888 1656 3924 :
1689 3872 1783 3941 qui
1838 3887 1975 3925 con-

402 3958 541 4012 verti
588 3958 898 4028 mutarique
960 3974 1070 4015 non
1130 3968 1347 4031 potest,
1397 3960 1492 4030 qui
1554 3976 1586 4014 a
1642 3962 1978 4030 sempiterno

399 4048 769 4119 sempiternus
824 4058 935 4115 est,
992 4051 1086 4121 qui
1139 4052 1206 4106 ab
1241 4052 1451 4107 Joanne
1498 4050 1828 4121 praedicatus
1870 4060 1974 4119 est,

398 4142 603 4210 quique
635 4157 853 4210 semper
882 4148 990 4196 est.
1023 4140 1159 4195 Nam
1193 4142 1300 4207 Qui
1327 4152 1427 4208 est,
1458 4143 1535 4195 ait
1565 4142 1803 4212 Moyses,
1833 4146 1979 4199 misit

399 4246 482 4284 me
502 4232 546 4283 ⁸.
578 4231 645 4281 At
672 4229 912 4285 Joannes
945 4248 959 4284 :
991 4229 1098 4294 Qui
1133 4239 1212 4283 est
1246 4232 1302 4283 in
1331 4232 1453 4284 sinu
1484 4230 1688 4295 Patris,
1731 4233 1821 4286 ille
1859 4250 1980 4286 nar-

400 4321 539 4374 rauit
564 4322 607 4374 ’.
657 4321 845 4389 Itaque
870 4328 925 4373 et
959 4317 1133 4373 Filius
1170 4320 1446 4375 exsistens
1472 4319 1697 4387 dicitur,
1733 4329 1787 4375 et
1817 4320 1979 4378 Pater

2070 3156 2206 3226 τὴν,
2241 3154 2340 3209 καὶ
2360 3153 2569 3215 κτίζων
2594 3152 2863 3221 πνεῦμα·
2900 3150 3130 3223 βροντὴν
3176 3151 3273 3220 μὲν
3305 3150 3401 3219 τὴν
3434 3150 3645 3217 ὲνηχουο

2076 3247 2244 3318 μένην
2286 3243 2593 3315 ἀνθρώποις
2612 3260 2626 3275 ο
2658 3240 2874 3304 κτίζων
2892 3241 2949 3294 δὲ
2969 3240 3222 3310 πνεῦμα,
3246 3241 3328 3303 εἰς
3368 3239 3652 3309 ἐνέργειαν

2074 3336 2246 3391 ὑετῶν
2268 3332 2747 3404 ἀποστελλομένων
2771 3330 2881 3385 ἀπὸ
2906 3330 3003 3384 τοῦ
3026 3330 3161 3383 Θεοῦ
3183 3332 3249 3400 τῇ
3276 3332 3367 3398 γῇ.
3393 3328 3503 3381 Καὶ
3528 3344 3591 3379 πε
3601 3327 3653 3397 pi

2080 3426 2180 3498 μὲν
2225 3424 2537 3495 κτισμάτων
2562 3422 2706 3479 οὕτω
2746 3421 2900 3492 φησὶ,
2949 3419 3209 3488 Στερεῶν
3231 3417 3522 3487 βροντὴν,
3554 3415 3652 3469 καί

2073 3516 2282 3577 κτίζων
2309 3514 2564 3583 πνεῦμα,
2596 3512 2770 3567 ταῦτα
2800 3510 2911 3580 γὰρ
2934 3510 3125 3564 κτιστά
3154 3509 3404 3580 ὑπάρχει.
3447 3508 3652 3574 Ἀπαγ-

2074 3606 2277 3676 γέλλων
2300 3606 2357 3658 δὲ
2384 3605 2474 3659 τὸν
2494 3603 2725 3675 Χριστὸν
2747 3601 2910 3655 αὐτοῦ
2929 3600 3026 3672 (5‘)
3052 3602 3163 3661 τοῖς
3178 3596 3498 3669 ἀνθρώποις,
3527 3597 3654 3650 οὐκ·

2081 3696 2162 3748 ἐτι
2225 3690 2447 3757 κτίζων,
2477 3692 2659 3747 οὐκέτι
2690 3692 2945 3762 στερεῶν,
2973 3690 3085 3744 ἀλλ’
3111 3688 3464 3757 ἀπαγγέλλων
3492 3687 3653 3740 αὑτὸν

2075 3790 2189 3850 τοῖς
2222 3786 2545 3855 ἀνθρώποις,
2586 3784 2678 3837 τὸν
2705 3782 2922 3854 ἀληθῶς
2952 3780 3208 3850 γεννητὸν
3239 3779 3298 3845 ἐξ
3344 3778 3529 3841 αὑτοῦ,
3561 3779 3654 3830 τὸν

2077 3878 2353 3940 ἀκτιστον,
2411 3875 2504 3929 τὸν
2544 3875 2832 3946 ἄτρεπτον,
2883 3872 2974 3926 τὸν
3021 3869 3396 3935 ἀναλλοίωτον,
3443 3870 3534 3922 τὸν
3567 3868 3656 3922 ἀεὶ

2078 3968 2206 4021 ὄντα
2236 3968 2299 4020 ὲκ
2332 3964 2424 4019 τοῦ
2472 3966 2559 4018 ἀεὶ
2586 3965 2760 4029 ὄντος,
2788 3963 2878 4016 τὸν
2906 3961 2992 4015 διά
3025 3962 3273 4015 Ἰωάννου
3294 3960 3655 4031 κηρυχθέντα,

2080 4057 2166 4109 ἀεὶ
2193 4056 2341 4109 ὄντα.
2396 4055 2457 4108 '0
2488 4053 2574 4107 ὢν
2601 4053 2730 4124 γὰρ,
2774 4052 2929 4124 φησὶ,
2967 4049 3311 4106 ἀπέσταλκέ
3345 4066 3440 4118 με,
3490 4048 3656 4118 φησὶν

2082 4149 2110 4199 6
2142 4146 2405 4216 Μωῡσῆς.
2438 4145 2549 4197 Καὶ
2575 4146 2604 4197 6
2648 4143 2924 4214 Ἰωάννης,
2968 4142 3021 4196 '0
3054 4140 3139 4196 ὢν
3179 4144 3268 4208 είς
3295 4142 3399 4194 τὸν
3425 4142 3656 4193 κόλπον

2082 4234 2186 4287 τοῦ
2215 4232 2465 4300 Πατρός,
2494 4229 2723 4295 ἐκεῖνος
2756 4230 3115 4298 ἐξηγήσατο.
3147 4230 3243 4282 Ὠν
3271 4230 3415 4280 ἐστιν
3451 4230 3479 4279 6
3508 4226 3654 4291 Υἱὸς,

2081 4320 2156 4374 ὢν
2179 4324 2324 4376 ἐστιν
2352 4323 2382 4374 6
2406 4319 2615 4390 Πατὴρ,
2644 4320 2674 4371 6
2703 4317 2778 4370 ὢν
2810 4318 2945 4388 πρὸς
2977 4317 3067 4371 τὸν
3090 4318 3219 4369 ὄντα
3262 4319 3321 4382 ἐξ
3349 4316 3512 4369 αὑτοῦ
3536 4331 3659 4385 γεν-

399 4411 676 4467 exsistens
706 4429 717 4464 :
751 4410 1031 4466 exsislens
1062 4409 1316 4465 videlicet
1347 4410 1414 4464 ad
1450 4411 1805 4469 exsistentem
1834 4428 1974 4468 com-

2081 4413 2287 4483 νηθεὶς,
2320 4414 2380 4465 οὐ
2420 4410 2716 4481 συναλοιφὴ
2754 4407 2829 4462 ὣν
2857 4408 2936 4479 τῷ
2979 4408 3177 4477 Πατρὶ,
3220 4408 3319 4459 οὐκ
3352 4408 3659 4477 ἀρξάμενος

401 4509 650 4572 paratus,
688 4510 853 4571 atque
881 4516 947 4557 ex
992 4500 1112 4571 ipso
1146 4501 1363 4571 genitus
1395 4519 1408 4555 :
1441 4501 1535 4571 qui
1575 4517 1750 4572 neque
1780 4503 1980 4559 confu-

402 4607 499 4646 sus
547 4606 672 4645 cum
726 4590 910 4652 Patre.
962 4605 1067 4646 nec
1121 4605 1246 4647 esse
1292 4590 1591 4661 aliquando
1642 4593 1834 4662 ctepit,
1883 4594 1979 4648 sed

400 4699 618 4753 semper
644 4698 770 4738 cum
801 4682 964 4738 Patre
992 4696 1287 4754 germanus
1319 4691 1406 4739 est
1438 4702 1452 4738 :
1478 4681 1643 4739 Pater
1670 4699 1802 4741 vero
1835 4700 1981 4741 sem-

401 4791 497 4848 per
553 4774 747 4831 Filium
805 4775 1012 4847 genuit.
1087 4773 1274 4846 Neque
1330 4776 1478 4831 enim
1541 4784 1759 4847 tempus
1808 4777 1979 4831 ullum

399 4868 633 4935 exstitit,
666 4882 777 4938 quo
807 4866 972 4923 Pater
999 4882 1111 4922 non
1144 4867 1308 4923 fuerit
1340 4866 1523 4931 Pater,
1551 4876 1646 4922 aut
1676 4883 1787 4938 quo
1809 4866 1980 4924 Filius

398 4960 551 5019 Patri
578 4960 680 5016 soli
712 4973 822 5013 non
856 4958 1039 5013 fuerit.
1070 4957 1207 5012 Nam
1238 4961 1282 5014 si
1314 4966 1531 5028 tempus
1562 4956 1759 5015 fuisset
1785 4958 1978 5023 ullum,

408 5064 521 5117 quo
565 5048 730 5105 Pater
785 5062 895 5103 non
952 5046 1170 5113 fuisset,
1217 5048 1309 5103 ille
1350 5055 1499 5103 esset
1541 5048 1767 5103 alterius
1802 5047 1981 5104 Patris

402 5139 596 5203 Filius,
648 5149 939 5211 antequam
997 5138 1270 5211 Unigeniti
1327 5138 1490 5196 Pater
1543 5140 1854 5197 exsisteret.
1901 5140 1980 5194 lta

476 5256 493 5286 ¹
518 5254 671 5309 Joan.
709 5271 822 5319 xvi,
859 5255 909 5308 7.
1039 5254 1059 5286 ’
1089 5251 1249 5309 Joan.
1286 5271 1396 5318 stv,
1436 5255 1489 5311 6.

479 5413 567 5486 (ξἰ)⁸
598 5416 820 5486 Rectius
852 5416 1119 5486 scriptum
1151 5415 1345 5472 fuisset
1374 5418 1485 5470 ἀπὸ
1522 5416 1617 5470 τοῦ
1648 5416 1792 5486 φῶς.
1820 5419 1978 5470 Eutr.

1590 5254 1611 5286 ³
1654 5254 1845 5311 Matth.
1873 5272 1927 5318 χ,
1963 5255 2051 5311 ΞΘ.

411 5323 511 5389 l8;
570 5324 679 5379 lsa.
736 5341 848 5391 ut,
889 5325 943 5381 i.
1022 5324 1234 5379 'Amos
1274 5340 1346 5389 tv,
1376 5326 1463 5379 15.
1538 5324 1756 5379 ⁸Ειιοι1.
1791 5342 1874 5389 ιιι,
1910 5326 1996 5379 14.

2085 4503 2180 4556 τοῦ
2216 4500 2353 4556 εἶναι
2370 4520 2385 4535 θ
2418 4502 2507 4556 ἀεὶ
2530 4502 2586 4555 δὲ
2616 4501 2839 4570 γνήσιος
2861 4500 2957 4552 σὺν
2980 4498 3175 4568 Πατρὶ,
3206 4497 3293 4551 ἀεὶ
3320 4497 3508 4567 Πατὴρ
3536 4514 3658 4573 χεν-

2087 4594 2257 4664 νήσας
2284 4593 2375 4646 τὸν
2397 4593 2543 4646 Υιόν.
2569 4590 2681 4644 Οὐκ
2700 4585 2768 4660 ἦν
2787 4589 2895 4659 γάρ
2924 4604 3054 4640 ποτε
3078 4586 3287 4658 καιρὸς,
3310 4588 3396 4640 ὅτε
3421 4589 3449 4639 6
3470 4587 3659 4658 Πατὴρ

2085 4684 2186 4737 οὐκ
2218 4679 2285 4755 ἦν
2318 4683 2535 4753 Πατήρο
2568 4680 2667 4733 οὐκ
2710 4675 2777 4749 ἦν
2812 4695 2942 4731 ποτε
2973 4677 3187 4747 καιρὸς,
3217 4678 3307 4730 ὅτε
3339 4679 3368 4731 6
3400 4676 3527 4739 Υἱὸς
3563 4676 3661 4746 οὐχ

2087 4774 2301 4845 ὑπῆρχε
2343 4773 2519 4842 Πατρὶ
2550 4769 2629 4840 τῷ
2668 4770 2830 4839 μόνῳ.
2867 4768 2930 4821 El
2957 4769 3066 4837 γὰρ
3097 4762 3167 4839 ἦν
3196 4767 3406 4837 καιρὸς,
3443 4767 3532 4820 ὅτε
3560 4767 3662 4819 οὐκ

2082 4861 2152 4936 ἦν
2190 4861 2401 4934 Πατὴρ,
2437 4862 2541 4932 ἄρα
2594 4860 2756 4923 αὐτὸς
2786 4856 2855 4931 ἦν
2886 4860 3016 4925 Tib;
3056 4861 3243 4931 ἐτέρου
3272 4859 3508 4930 Πατρὸς,
3555 4857 3662 4929 πρὸ

2083 4956 2178 5010 τοῦ
2202 4952 2341 5009 εἶναι
2369 4954 2463 5007 τὸν
2489 4951 2708 5023 Πατέρα
2738 4950 2833 5005 τοῦ
2862 4952 3201 5021 Μονογενοῦς
3218 4968 3234 4982 θ
3264 4952 3358 5004 καὶ
3380 4948 3662 5011 δοκοῦντες

2084 5048 2164 5111 εἰς
2196 5046 2286 5101 τὸν
2318 5046 2537 5116 Πατέρα
2565 5043 2827 5110 εὐσεϐεῖν,
2850 5042 3067 5108 τελείως
3087 5040 3392 5097 ἀσεϐοῦσιν.
3433 5040 3519 5093 Ἐν
3540 5038 3661 5109 Θεῷ

2083 5141 2144 5193 οὐ
2182 5138 2391 5211 χρόνος,
2417 5139 2477 5191 οὐ
2517 5137 2727 5209 καιρὸς,
2755 5136 2815 5190 οὐ
2851 5135 3057 5207 στιγμὴ
3085 5134 3298 5207 χρόνου,
3337 5133 3437 5186 οὐκ
3459 5130 3659 5199 ἄτομον

2157 5254 2179 5285 ⁸
2219 5255 2355 5325 Agg.
2387 5268 2452 5325 ιι,
2482 5253 2538 5306 7.
2643 5251 2877 5308 'Matth.
2929 5267 3005 5316 tv,
3038 5250 3064 5305 ί
3099 5264 3219 5320 sqq.
3325 5247 3347 5278 ⁸
3396 5243 3529 5300 Luc.
3579 5221 3660 5311 iv,

2075 5324 2095 5354 '
2117 5322 2343 5386 Joanit,
2380 5323 2465 5379 18.

2088 5415 2263 5485 Αριιά
2297 5412 2583 5468 Petavium
2620 5412 2886 5485 legimus,
2938 5412 3007 5464 At
3053 5424 3170 5485 serg
3202 5408 3663 5485 ⁵(ΖΙηὶδηιηιβιιιιιιι

619 5473 1028 5555 Ἀπαγγέλλών
1055 5484 1124 5539 δὲ
1152 5485 1259 5540 τὸν
1282 5486 1543 5554 Χριστὸν
1571 5473 1765 5541 αὐτοῦ’
1780 5488 1974 5556 optime

2091 5473 2617 5556 nondjamfreare,
2652 5473 2760 5537 etc.
2794 5473 3056 5556 ῌςιειιειιι
3084 5478 3379 5556 editionem
3421 5473 3660 5556 exigenti

406 5568 441 5607 tt
487 5550 813 5613 Ἦιοιιιιιείσ
844 5562 1035 5613 nostro
1090 5550 1356 5619 redditur,
1423 5558 1745 5610 annuntians
1808 5550 1980 5610 autem

411 5622 685 5681 Christum
739 5641 893 5681 suum
944 5624 1283 5693 hominibus;
1335 5642 1435 5681 non
1471 5628 1581 5697 jam
1629 5643 1825 5695 creare,
1877 5634 1985 5683 ctc.

2090 5554 2155 5607 ad
2189 5544 2336 5606 illam
2370 5552 2578 5615 Petavii
2606 5544 2883 5605 constabit
2909 5556 2963 5602 et
2990 5549 3095 5601 alia
3123 5548 3354 5614 hujusce
3393 5544 3588 5615 capitis
3630 5559 3663 5598 ν

2096 5624 2213 5681 loca
2244 5623 2599 5681 'l‘liouiasiuni
2629 5618 2987 5692 expolivisse,
3013 5616 3411 5673 emendavisse.
