3992 6198
325 247 401 303 25
1772 249 2144 308 ANCOBATU
2155 251 2215 311 S.
3546 266 3619 325 ‘20

332 368 510 436 ὥραις,
546 362 612 415 οὗ
649 361 781 435 ῥιπὴ
809 360 1105 431 ὀφθαλμοῦ,
1139 363 1198 415 οὐ
1223 362 1460 429 διανοίας
1493 364 1766 436 μετέωρον
1800 367 1941 421 ἑνδέ-

2057 368 2171 423 lum
2203 369 2257 424 in
2291 368 2507 426 Patrem
2553 370 2673 441 pios
2714 386 2775 429 se
2803 389 2927 434 esse
2967 377 3209 447 student,
3241 395 3466 452 prorsus
3509 382 3617 438 ini-

330 469 501 523 χεται
518 465 537 481 ⁸
573 452 688 505 ἀλλ’
708 454 829 505 ὅσον
855 451 900 503 δ’
921 450 1097 522 ἀναϐῇ
1136 469 1230 504 σου
1260 454 1292 523 ἡ
1320 453 1528 507 διάνοια
1555 456 1684 509 Υίοῦ
1713 458 1729 487 ¹
1762 476 1929 510 κατα-

335 545 651 617 λαμϐάνειν
675 545 764 597 καὶ
805 543 1107 606 πιστεύειν,
1146 545 1255 597 νόει
1289 546 1406 616 ἅμα
1448 547 1541 600 καὶ
1587 548 1827 619 Πατέρα.
1856 549 1931 602 Τὸ

348 638 465 707 γὰρ
484 636 649 706 aventi
680 636 795 687 ἐστι
822 635 1187 706 σημαντικόν
1216 637 1345 689 ὅταν
1370 638 1477 705 γὰρ
1515 638 1642 690 Υῐδν
1666 639 1927 711 καλέσῃς,

354 728 483 781 Υίὸν
506 728 691 795 λέγων,
730 727 841 780 νόει
874 728 1133 797 Πατέρα·
1166 728 1273 780 ἀπὸ
1304 729 1411 799 γὰρ
1444 730 1539 782 τοῦ
1579 729 1708 783 Υίοῦ
1740 732 1929 803 Πατὴρ

355 820 559 869 νοεῖται.
596 816 707 868 Καὶ
734 817 865 869 ὅταν
895 816 1133 886 καλέσῃς
1157 816 1377 886 Πατέρα
1400 858 1414 882 ,
1448 820 1732 889 σημαίνεις
1767 821 1894 874 Υίόν
1912 837 1926 852 ·

347 906 533 976 Πατὴρ
562 907 669 977 γὰρ
703 906 923 970 πάντως
947 906 1078 960 Υἱοῦ
1110 907 1376 961 καλεῖται.

2043 460 2119 529 pii
2168 467 2320 513 sunt.
2351 458 2487 513 Nam
2518 461 2572 514 in
2604 460 2723 521 ,Deo
2748 479 2926 533 neque
2963 475 3179 538 tempus
3204 471 3405 537 ullum,
3446 486 3622 541 neque

2036 561 2332 624 tempestas
2366 563 2472 618 est,
2522 571 2632 611 non
2673 560 2935 628 temporis
2974 570 3260 630 punctum,
3314 581 3424 619 non
3470 564 3622 619 hora:

2034 652 2391 706 momentum,
2433 661 2542 700 non
2575 647 2719 701 oculi
2750 647 3080 713 nictus,non
3112 654 3461 723 cogitationis
3505 669 3623 709 mo-

2035 743 2123 788 tus
2154 736 2297 789 ullus
2338 744 2455 803 est;
2494 737 2586 791 sed
2641 748 2901 807 quantum
2939 757 3091 796 mens
3125 750 3218 795 tua
3269 760 3393 800 sese
3423 747 3490 801 ad
3527 745 3623 799 Fi-

2037 823 2168 877 lium
2203 828 2780 895 coinpreltendendutn
2825 846 2888 885 ac
2929 833 3258 887 credendum
3293 837 3473 905 erigit,
3508 851 3615 891 una

2034 922 2088 967 et
2130 914 2343 970 Patrem
2386 918 2570 971 animo
2619 920 2868 988 concipe.
2916 920 3123 991 Quippe
3178 939 3377 979 nomen
3428 926 3608 994 ipsum

352 994 685 1064 signiﬁcandi
735 998 840 1050 vim
882 997 1082 1063 habet;
1136 1013 1198 1051 ac
1229 998 1444 1066 quoties
1477 997 1672 1054 Filium
1712 1002 1976 1071 appellas.
2006 1011 2119 1058 tum
2175 1021 2299 1060 cum
2331 1005 2528 1062 Filium
2575 1009 2735 1074 dicis,
2810 1009 3022 1065 Patrem
3069 1013 3305 1083 intellige
3351 1031 3515 1068 :nam
3557 1032 3625 1071 ex

350 1083 485 1140 Filio
518 1085 676 1143 Pater
702 1090 1043 1159 intelligitur.
1084 1088 1148 1143 Et
1177 1107 1300 1145 cum
1324 1093 1540 1147 Patrem
1564 1096 1831 1161 nominas,
1852 1096 2045 1152 Filium
2079 1101 2357 1169 signiﬁcas
2385 1119 2401 1156 .'
2430 1102 2630 1173 quippe.
2658 1103 2820 1159 Pater
2846 1104 2965 1159 Filii
3001 1123 3224 1175 prorsus
3254 1125 3374 1164 esse
3403 1110 3622 1169 dicitur.

423 1181 511 1246 (τ’.
549 1182 683 1235 Πότε
722 1178 816 1235 οὖν
845 1183 1069 1237 δύνασαι
1110 1186 1336 1255 τολμᾷν,
1377 1188 1470 1240 καὶ
1515 1187 1691 1256 λέγειν
1718 1190 1799 1242 ὅτι
1839 1191 1937 1243 οὐκ

353 1267 419 1341 ἦν
447 1273 631 1343 Πατὴρ
656 1276 684 1326 ό
709 1275 921 1346 Πατὴρ,
952 1276 1040 1329 ἵνα
1066 1278 1159 1329 καὶ
1184 1276 1312 1329 Υἱὸν
1338 1277 1613 1349 τολμήσῃς
1650 1281 1822 1333 εἰπεῖν
1852 1281 1929 1351 μὴ

360 1356 524 1427 εἶναις
560 1364 622 1415 Ei
666 1363 722 1415 δὲ
756 1364 816 1415 οὐ
858 1365 1062 1435 τολμᾷς
1098 1364 1262 1429 Δἀξίαν
1296 1367 1611 1437 προσθεῖναι
1643 1370 1816 1440 Πατρὶ
1857 1369 1939 1439 (τὸ

364 1453 473 1522 γὰρ
506 1454 591 1505 ἀεὶ
622 1454 683 1505 ὃν
715 1456 771 1507 ὲν
803 1456 1095 1525 ταυτότητι
1124 1457 1382 1528 ὑπάρχει,
1412 1458 1507 1510 καὶ
1545 1460 1644 1513 οὐκ
1668 1460 1938 1513 ἐπιδέεται

2128 1193 2217 1247 Vl.
2261 1194 2620 1259 Quandonam
2658 1197 2823 1267 igitur
2862 1197 3121 1252 audacter
3161 1198 3213 1252 id
3272 1201 3623 1267 pronuntiare

2044 1295 2218 1354 potes,
2260 1286 2477 1342 Patrem
2511 1302 2620 1342 non
2651 1288 2819 1343 fuisse
2848 1286 3091 1354 Patrem,
3123 1298 3182 1343 ut
3214 1299 3267 1343 et
3292 1289 3485 1343 Filium
3515 1305 3623 1345 non

2038 1376 2219 1431 fuisse
2268 1377 2464 1431 dicas?
2500 1376 2657 1443 Quod
2702 1380 2748 1433 si
2787 1380 2992 1432 nullam
3040 1379 3321 1448 dignitatis
3364 1381 3627 1435 accessio-

2044 1482 2168 1519 nem
2206 1466 2461 1535 aﬁingere
2498 1467 2704 1522 audeas
2736 1467 2885 1521 Patri
2918 1486 2931 1521 :
2960 1482 3087 1522 nam
3124 1482 3223 1523 ens
3263 1475 3525 1522 aeternum
3571 1469 3625 1521 in

364 1544 690 1652 npoaﬁfxqc,
716 1547 775 1597 οὔ
799 1545 980 1616 δόξης,
1003 1547 1062 1598 οὐ
1094 1548 1418 1617 προκοπῆς),
1451 1550 1585 1619 μάθε
1606 1549 1681 1619 μὴ
1698 1550 1940 1623 βλασφη-

2057 1558 2342 1613 identitate
2384 1568 2690 1627 permanet,
2738 1573 2915 1629 neque
2962 1558 3335 1614 additamento
3373 1560 3505 1624 ullo,
3547 1560 3632 1612 vel

364 1639 501 1705 μεῖν,
528 1631 571 1689 ὦ
612 1636 868 1708 πολεμῶν
903 1637 1002 1707 τὴν
1039 1638 1243 1702 πίστιν,
1281 1639 1481 1709 μᾶλλον
1507 1640 1561 1693 δὲ
1586 1641 1808 1695 σεαυτὸν
1834 1643 1943 1695 ἀπὸ

364 1728 590 1790 πίστεως
641 1727 874 1792 διώκων,
930 1728 1048 1782 ἀλλ’
1082 1728 1170 1781 ἀεὶ
1224 1728 1448 1782 πίστευε
1506 1730 1728 1802 Πατέρα
1773 1732 1943 1785 ἀΐδιον

366 1817 571 1886 ἀληθῶς
606 1820 945 1888 γεννήσαντα
993 1817 1143 1880 Υίὸν,
1174 1816 1264 1869 τὸν
1305 1818 1390 1870 ἀεὶ
1421 1817 1589 1881 ὅντως
1615 1819 1766 1883 ὄντα,
1810 1820 1946 1891 πρὸς

366 1906 453 1958 τὸν
482 1906 644 1969 ὅντως
680 1907 810 1959 ὄντα
842 1906 1088 1976 Πατέρα.
1119 1906 1246 1968 Υἱὸς
1280 1905 1390 1976 γὰρ
1422 1906 1517 1977 ἀεὶ
1548 1907 1609 1958 οὐ
1652 1907 1946 1978 συναλοιφή

375 1994 449 2047 ὣν
484 1996 559 2065 τῷ
584 1998 782 2065 Πατρὶ,
824 1997 884 2049 οὐ
920 1996 1266 2063 συνάδελφος,
1311 1997 1425 2048 ἀλλ’
1459 1997 1586 2059 Υἱὸς
1628 1998 1853 2067 γνήσιος
1883 2001 1947 2051 ἐκ

385 2085 591 2155 Πατρὸς
613 2086 1018 2156 γεγεννημένος,
1058 2086 1288 2154 φυσικὸς
1329 2085 1474 2149 Υἱὸς,
1508 2085 1569 2137 οὐ
1608 2084 1759 2148 θετός
1780 2104 1791 2114 ·
1819 2086 1946 2150 Υἱὸς

380 2176 655 2246 όμοούσιος
677 2175 751 2245 τῷ
781 2177 952 2247 Πατρί
970 2194 983 2207 ο
1007 2177 1065 2229 οὐ
1104 2194 1137 2229 σ
1159 2195 1188 2228 υ
1212 2194 1239 2229 ν
1262 2193 1290 2228 ο
1314 2176 1342 2228 ὑ
1375 2193 1406 2228 σ
1431 2195 1447 2229 ι
1469 2193 1497 2228 ο
1514 2194 1562 2240 ς,
1588 2176 1702 2229 ἀλλ’
1734 2177 1945 2245 όμοού-

375 2284 521 2331 σιος,
556 2266 829 2319 τουτέστιν
860 2268 960 2320 οὐκ
1012 2267 1212 2334 ἔξωθεν
1254 2267 1349 2320 τοῦ
1400 2267 1613 2339 Πατρὸς
1644 2266 1945 2337 γεννηθεὶς,

368 2357 440 2420 ὡς
466 2374 604 2421 τινες
638 2359 895 2429 εἰρωνείᾳ⁵
932 2358 1209 2429 φέρονται,
1241 2358 1387 2411 ϐέσει
1416 2358 1663 2422 θέλοντες
1696 2354 1835 2412 εἶναι
1856 2357 1948 2411 τὸν

366 2449 509 2513 Υἱὸν,
556 2448 650 2501 καὶ
690 2450 790 2501 οὐκ
824 2449 1075 2519 ἀληθείᾳ.
1129 2450 1433 2519 Σύνδεσμος
1462 2450 1519 2504 δὲ
1567 2449 1669 2519 τῆς
1714 2450 1950 2512 πίστεως

366 2534 685 2601 ὀιιοούσιον
732 2535 932 2603 λέγειν.
971 2535 1096 2588 Ἐὰν
1130 2536 1238 2607 γὰρ
1288 2537 1449 2608 εἴπῃς
1495 2537 1555 2590 τὸ
1602 2538 1947 2605 ὀμοοὺσιον,

367 2623 557 2687 ἔλυσας
586 2623 877 2678 Σαδελλίου
906 2627 1006 2697 τὴν
1030 2626 1280 2698 δύναμιν.
1314 2628 1487 2680 Ὅπου
1512 2628 1587 2699 (6)
1612 2628 1720 2698 γὰρ
1742 2629 1951 2696 ὀμοού-

362 2730 520 2782 σιον,
559 2718 691 2786 μιᾶς
740 2717 1096 2782 timo-scissili;
1150 2720 1266 2771 ἐστι
1310 2718 1640 2789 δηλωτικόνο
1683 2719 1817 2772 ἀλλὰ
1857 2718 1952 2771 καὶ

362 2806 726 2860 ὲνυπόστατον
758 2808 1018 2878 σημαίνει
1061 2809 1151 2861 τὸν
1182 2810 1424 2880 Πατέρα,
1464 2810 1558 2863 καὶ
1590 2810 1953 2861 ὲνυπόστατον

2045 1646 2239 1715 gloria,
2273 1655 2370 1700 aut
2404 1647 2747 1702 incremento
2784 1662 2923 1716 opus
2946 1648 3131 1712 habet,
3163 1649 3318 1702 disce
3347 1656 3472 1703 tuas
3510 1649 3633 1703 illas

2046 1738 2103 1792 in
2139 1737 2305 1793 Deum
2348 1739 2712 1795 contumelias
2754 1740 3078 1809 reprimere,
3107 1742 3424 1810 quicunque
3466 1740 3627 1795 ﬁdem

2047 1844 2355 1900 oppugnas,
2395 1832 2480 1885 vel
2518 1832 2587 1885 ab
2621 1846 2683 1886 ea
2726 1839 2779 1885 te
2813 1832 2996 1900 potius
3035 1847 3287 1903 segreges
3324 1851 3336 1885 :
3385 1831 3480 1886 sed
3512 1846 3633 1901 per-

2046 1929 2212 1990 petuo
2264 1922 2426 1977 crede
2474 1930 2739 1977 aeternum
2791 1938 2915 1978 esse
2967 1922 3207 1986 Patrem,
3249 1938 3280 1976 a
3312 1938 3421 1992 quo
3464 1921 3635 1977 Filius

2048 2011 2121 2064 sit
2156 2027 2343 2066 revera
2389 2014 2646 2080 genitus:
2680 2015 2773 2081 qui
2805 2023 2860 2067 et
2894 2015 3009 2082 ipse
3040 2029 3231 2068 revera
3281 2029 3499 2082 semper
3528 2021 3634 2079 est,

2047 2112 2104 2156 et
2135 2102 2203 2156 ad
2240 2103 2599 2156 exsistentem
2635 2118 2825 2157 revera
2854 2096 3070 2157 Patrem
3113 2103 3352 2158 refertur
3387 2122 3399 2156 :
3427 2105 3634 2173 quippe

2048 2191 2222 2247 Filius
2258 2208 2473 2261 semper
2519 2200 2626 2256 est,
2677 2208 2787 2246 non
2816 2192 3081 2246 confusus
3132 2208 3257 2246 cum
3304 2191 3485 2255 Patre,
3529 2208 3635 2248 nec

2049 2282 2225 2352 ipsius
2256 2282 2446 2346 frater,
2477 2280 2573 2336 sed
2608 2296 2903 2351 germanus
2933 2281 3105 2335 Filius
3134 2297 3164 2334 a
3196 2281 3361 2336 Patre
3389 2287 3633 2352 genitus,

2050 2389 2115 2428 ac
2149 2384 2367 2438 natura,
2390 2389 2499 2428 non
2526 2373 2821 2443 ad0ptione
2845 2371 3038 2428 Filius.
3073 2372 3219 2427 Idem
3245 2384 3300 2428 et
3327 2373 3479 2428 Patri
3504 2390 3636 2429 eon-

2053 2464 2465 2529 substantialis;
2514 2478 2622 2517 non
2652 2462 2965 2533 synousios,
3001 2462 3054 2515 id
3079 2471 3182 2525 est,
3204 2462 3364 2516 simul
3390 2461 3637 2515 substan-

2053 2557 2207 2622 tia';
2258 2555 2354 2610 sed
2409 2555 2767 2617 homousios,
2835 2553 2890 2607 id
2945 2561 3062 2614 est,
3127 2553 3637 2619 consubstantialis,

2052 2659 2248 2713 nempe
2287 2658 2398 2698 non
2439 2651 2594 2699 extra
2626 2642 2844 2697 Patrem
2882 2644 3121 2712 genitus,
3168 2651 3229 2697 ut
3263 2645 3516 2698 nonnulli
3542 2660 3637 2698 ca-

2053 2735 2335 2799 villantur,
2382 2736 2475 2801 qui
2511 2734 2709 2789 Filium
2744 2748 2853 2789 non
2888 2750 2953 2789 ex
3001 2736 3079 2789 rei
3113 2736 3343 2791 veritate
3370 2752 3514 2802 esse,
3544 2737 3640 2792 sed

2057 2823 2351 2893 adoptione
2393 2832 2647 2879 censent.
2686 2824 2852 2894 Atqui
2902 2824 3025 2878 ﬁdei
3068 2826 3348 2879 vinculum
3398 2836 3483 2882 est
3523 2844 3641 2887 con-

360 2897 447 2950 τὸν
474 2899 624 2961 Υίὸν,
651 2900 747 2951 καὶ
768 2899 1134 2953 ὲνυπόστατον
1155 2900 1215 2953 τὸ
1249 2899 1470 2971 Πνεῦμα
1492 2899 1553 2953 τὸ
1578 2899 1752 2968 ἅγιον.
1785 2901 1952 2952 ὐταν

2057 2914 2466 2969 substantialem
2503 2914 2682 2969 fateri.
2714 2915 2835 2979 Quo
2871 2914 3192 2983 usurpando
3235 2916 3508 2970 vocabulo
3534 2915 3638 2971 Sa-

357 2988 413 3042 δὲ
440 2990 505 3043 τὸ
538 2991 865 3059 ὀμοούσιον
891 2990 1024 3062 λέγῃ
1046 2989 1199 3062 [τις],
1228 2991 1329 3044 οὐκ
1355 2990 1633 3062 ἀλλότριον
1658 2991 1757 3060 τῆς
1784 2991 1955 3060 αὐτῆς

359 3079 622 3149 θεότητος
650 3081 925 3150 σημαίνει,
954 3079 1094 3132 ἀλλὰ
1120 3080 1251 3134 Θεὸν
1277 3086 1341 3136 ὲκ
1373 3080 1509 3134 Θεοῦ
1540 3082 1631 3135 τὸν
1680 3080 1830 3144 Υἰὸν,
1859 3081 1958 3133 καὶ

361 3170 507 3224 Θεὸν
527 3172 589 3222 τὸ
612 3170 830 3241 Πνεῦμα
847 3172 909 3223 τὸ
934 3170 1085 3239 ἆγιον
1110 3173 1212 3241 τῆς
1230 3173 1400 3241 αὐτῆς
1419 3171 1691 3243 θεότητος,
1722 3174 1782 3224 οὐ
1807 3173 1958 3242 τρεῖς

364 3261 550 3324 θεοὺς.
574 3261 707 3315 Οὐδὲ
728 3262 833 3332 γὰρ
859 3261 955 3314 ἐὰν
979 3263 1220 3331 εἴπωμεν
1242 3262 1332 3315 τὸν
1362 3264 1485 3316 Υἱὸν
1507 3264 1599 3316 καὶ
1620 3263 1710 3315 τὸν
1737 3262 1957 3333 Πατέρα

365 3352 525 3416 Θεὸν,
544 3352 635 3405 δύο
652 3352 1075 3423 Θεοὺςλέγομεν·
1091 3349 1170 3417 εἷς
1196 3355 1297 3425 γάρ
1332 3358 1477 3409 ἐστιν
1507 3355 1660 3424 ἡμῶν
1677 3354 1867 3417 ὁΘεὸς,
1883 3352 1959 3416 ὥς

366 3465 540 3518 φησιν
568 3447 597 3498 ό
624 3446 889 3517 μακάριος
918 3448 1176 3516 Μωῦσῆς,
1205 3448 1422 3514 Κύριος
1453 3450 1485 3501 ό
1510 3447 1653 3511 Θεός
1676 3462 1813 3511 σου,
1844 3446 1960 3499 Κύ-

361 3558 498 3608 ριος
530 3534 620 3604 εἷς
646 3539 837 3591 ἐστιν.
870 3540 943 3590 Οὐ
974 3538 1129 3601 Οεοὺς
1164 3538 1415 3609 λέγομεν,
1448 3538 1577 3591 Θεὸν
1602 3538 1695 3591 τὸν
1717 3539 1958 3609 Πατέρα,

366 3632 507 3685 Θεὸν
531 3630 623 3682 τὸν
654 3630 798 3693 Υἱὸν,
832 3630 963 3681 Θεὸν
988 3630 1049 3681 τὸ
1076 3630 1229 3697 ἆγιον
1263 3628 1509 3699 Πνεῦμα,
1536 3630 1629 3682 καὶ
1654 3630 1715 3682 οὐ
1764 3630 1919 3693 Θεούς
1942 3645 1956 3659 ·

367 3721 495 3773 οὐδὲ
529 3718 639 3789 γὰρ
668 3718 925 3771 πολυϐεΐα
961 3720 1017 3770 ὲν
1042 3718 1180 3788 Θεῷ.
1214 3717 1314 3770 Διά
1346 3718 1403 3771 δὲ
1430 3718 1538 3771 τῶν
1569 3718 1737 3789 τριῶν
1762 3719 1961 3790 ὀνομά-

368 3828 480 3864 των
515 3813 547 3880 ἡ
591 3811 691 3880 μία
724 3809 918 3880 Θεότης
959 3809 1170 3880 Πατρὸς
1200 3809 1295 3862 καὶ
1321 3808 1453 3861 Υίοῦ
1480 3810 1573 3863 καὶ
1601 3811 1758 3879 ἁγίου
1786 3810 1959 3863 Πνεῦ-

376 3919 549 3971 ματος
572 3918 588 3932 ο
617 3902 709 3954 καί
734 3901 794 3953 οὐ
829 3900 922 3952 δύο
962 3902 1088 3966 υἱοὶ,
1133 3900 1443 3970 Μονογενὴς
1478 3900 1586 3972 γὰρ
1623 3897 1703 3965 εἷς
1728 3904 1757 3954 ό
1798 3902 1924 3965 Υἱός
1945 3917 1960 3932 ο

374 3993 436 4043 τὸ
484 3994 638 4059 ἆγιον
667 3991 913 4062 Πνεῦμα,
954 3992 1179 4062 Πνεῦμα
1220 3992 1395 4059 ἆγιον,
1429 3991 1652 4059 Πνεῦμα
1681 3991 1840 4057 Θεοῦ,
1872 3992 1959 4044 ἀεὶ

375 4081 437 4135 ὃν
472 4084 570 4135 σὺν
614 4084 786 4154 Πατρὶ
815 4084 905 4136 καὶ
940 4082 1075 4153 Υίῷ,
1115 4084 1216 4137 οὐκ
1254 4084 1530 4153 ἀλλότριον
1577 4082 1732 4147 Θεοῦ,
1765 4083 1873 4135 ἀπὸ
1904 4084 1961 4137 δὲ

376 4173 516 4225 Θεοῦ
550 4173 630 4235 ὃν,
666 4173 776 4226 ἀπὸ
819 4174 1031 4245 Πατρὸς
1070 4174 1522 4245 ἐκπορευόμενον,
1558 4176 1652 4227 καὶ
1682 4174 1777 4227 τοῦ
1828 4174 1959 4228 Υίοῦ

375 4263 661 4335 λαμϐάνον
702 4265 799 4335 (7).
840 4264 979 4317 Ἀλλ’
1031 4268 1059 4318 ό
1090 4264 1191 4337 μὲν
1224 4266 1353 4329 Υἱὸς
1405 4265 1699 4337 μονογενὴς
1742 4266 1953 4321 ἀκατά-

457 4420 473 4451 ¹
501 4416 564 4474 F.
594 4419 737 4473 Υίόν.
813 4421 834 4451 ⁹
860 4418 956 4476 Vel
980 4421 1153 4475 socius
1176 4422 1509 4475 substantia.
1588 4421 1609 4452 ³
1632 4420 1791 4475 Deut.
1826 4438 1900 4488 vt,
1932 4422 1987 4475 4.

2058 3005 2202 3059 hellii
2252 3004 2423 3058 robur
2465 3004 2740 3074 infringis.
2797 3002 2917 3057 Non
2971 3004 3117 3059 enim
3168 3005 3640 3059 consubstantialis

2056 3108 2161 3147 vox
2196 3093 2528 3163 singularem
2561 3094 2659 3161 ιι
2690 3092 3024 3163 hypostasim
3054 3093 3349 3162 signiﬁcat,
3386 3096 3479 3149 sed
3510 3096 3642 3149 sub-

2058 3186 2344 3240 sistentem
2377 3200 2504 3239 esse
2546 3183 2787 3247 Patrem,
2819 3183 3208 3239 subsistentem
3242 3185 3460 3249 Filium,
3499 3186 3643 3240 sub-

2058 3276 2343 3330 sistentem
2395 3273 2658 3344 Spiritum
2701 3281 2954 3329 sanctum
2996 3290 3118 3329 esse
3169 3274 3435 3330 declarat.
3474 3274 3645 3330 Porro

2058 3365 2151 3434 qui
2185 3363 2697 3418 consubstantialem
2728 3364 2883 3430 dicit,
2908 3366 2977 3418 ah
3000 3365 3189 3419 eadem
3218 3365 3509 3420 divinitate
3535 3381 3643 3420 non

2060 3454 2296 3509 alienum
2333 3454 2486 3517 facit,
2518 3454 2615 3509 sed
2651 3453 2820 3509 Deum
2861 3470 2926 3509 ex
2999 3454 3106 3509 Deo
3136 3452 3357 3521 Filium,
3386 3470 3450 3509 ac
3476 3454 3643 3509 Deum

2061 3546 2326 3614 Spiritum
2385 3553 2639 3603 sanctum
2691 3547 2882 3601 eadem
2940 3547 3229 3602 divinitate
3279 3556 3644 3608 constantem,

2060 3652 2171 3691 non
2204 3646 2318 3693 tres
2351 3638 2484 3693 deos
2522 3638 2801 3708 exprimit.
2852 3635 3063 3691 Etenim
3117 3653 3243 3692 cum
3292 3637 3497 3691 Filium
3550 3634 3650 3688 Pa-

2060 3737 2312 3796 tremque
2360 3729 2714 3783 nominamus
2759 3727 2949 3795 Deum,
3008 3729 3149 3783 duos
3198 3730 3332 3784 deos
3373 3743 3484 3781 non
3515 3726 3647 3780 dici-

2062 3834 2231 3873 mus:
2264 3818 2534 3887 siquidem
2592 3834 2737 3873 unus
2783 3818 2947 3873 nobis
2987 3830 3070 3873 est
3125 3818 3289 3883 Deus,
3351 3825 3411 3870 ut
3452 3817 3644 3871 beatus

2062 3905 2240 3962 Moses
2273 3910 2470 3962 asserit
2502 3924 2516 3960 :
2548 3907 2811 3961 Dominus
2849 3907 2989 3960 Deus
3022 3917 3166 3974 tuus,
3215 3907 3477 3962 Dominus
3511 3925 3645 3963 unus

2062 4004 2142 4048 est
2166 3995 2209 4046 ⁸.
2246 3993 2429 4059 Quare
2469 3995 2637 4049 Deum
2689 3994 2931 4059 Patrem,
2978 3996 3146 4050 Deum
3198 3997 3420 4060 Filium,
3475 3997 3645 4051 Deum

2065 4085 2327 4155 Spiritum
2352 4095 2625 4149 sanctum,
2658 4099 2769 4141 non
2796 4086 2929 4141 deos
2956 4086 3314 4155 appellamus.
3339 4086 3474 4140 Nam
3499 4087 3648 4140 nulla

2064 4185 2148 4233 est
2188 4176 2483 4232 multitudo
2528 4177 2777 4234 deorum.
2814 4178 3085 4232 Caeterum
3122 4180 3298 4235 tribus
3334 4181 3440 4234 illis
3474 4180 3651 4234 nomi-

2060 4267 2225 4323 nibus
2263 4266 2523 4323 divinitas
2574 4283 2684 4322 una
2714 4266 2916 4334 Patris,
2949 4265 3072 4322 Filii
3106 4282 3170 4323 ac
3204 4269 3381 4324 sancti
3415 4267 3651 4340 Spiritus

457 4573 532 4644 (6)
550 4576 761 4647 Ὅπου.
780 4574 1133 4647 Negationem
1162 4576 1299 4647 legit
1318 4574 1609 4644 interpres,
1644 4590 1954 4645 sensusque
1986 4576 2031 4632 ι)
2061 4573 2500 4647 αάιιιὶξοοηιηεοᾱ
2532 4573 2682 4647 illius
2709 4574 2831 4628 loco
2866 4573 2968 4629 has
3009 4575 3149 4631 alias
3178 4575 3474 4630 habeantza
3508 4575 3653 4632 Filio

383 4646 648 4716 postulat,
680 4646 787 4701 nisi
822 4647 1004 4716 aliqua
1028 4645 1236 4716 desint.
1260 4645 1425 4716 E011.

457 4715 531 4783 (ἲ)
556 4716 663 4768 Kal
697 4716 803 4770 τοῦ
841 4712 976 4768 Υίὸῦ
1009 4714 1338 4783 λαμϐάνον.
1358 4712 1423 4767 Ει
1447 4730 1479 4766 α
1504 4712 1647 4766 Filio
1672 4714 1954 4783 accipiens.

384 4780 668 4851 Loquendi
707 4786 903 4839 modus
943 4800 973 4837 a
1016 4780 1216 4853 divinis
1273 4784 1570 4853 Scripturis
1616 4780 1958 4852 desumptus,

388 4866 503 4933 guo
558 4862 766 4910 veteres
812 4853 1037 4933 Graeciae
1085 4852 1275 4933 Patres
1313 4852 1532 4933 _in'_re,
1573 4867 1705 4933 qua:
1736 4862 1961 4933 captum

390 4923 563 4993 longe
599 4933 817 4993 superat
866 4924 1146 4993 hominum
1168 4965 1183 4986 ,
1219 4924 1515 4993 utebantur
1548 4922 1616 4973 ad
1653 4922 1784 4993 illud
1812 4922 1959 4978 idem

390 4991 853 5062 signiﬁcandum,
905 4994 1051 5061 quod
1122 4991 1304 5062 Latini
1360 4991 1617 5062 dicebant
1690 4992 1961 5059 Spiritum

391 5060 641 5132 sanctum
676 5064 727 5117 in
762 5060 965 5117 divinis
991 5070 1043 5117 et
1084 5078 1113 5116 a
1164 5061 1302 5117 Filio
1337 5060 1653 5132 procedere.
1685 5062 1962 5127 Quemad-

391 5130 611 5185 modum
664 5134 809 5187 enim
864 5140 1123 5187 aeternam
1167 5133 1314 5185 illam
1339 5129 1715 5195 ineffabilem,
1746 5146 1845 5190 ac.
1886 5132 1963 5184 uti

394 5200 595 5255 schola:
644 5204 833 5264 aiunt,
884 5204 1273 5256 immauentem
1329 5203 1593 5270 originem
1653 5209 1767 5254 tum
1815 5199 1961 5264 Filii,

392 5281 509 5322 tum
537 5272 775 5340 Spiritus
806 5272 1003 5334 sancti,
1039 5287 1069 5325 a
1096 5270 1275 5333 Patre,
1304 5272 1613 5340 divinarum
1649 5270 1963 5339 Scriptura-

396 5351 518 5411 rum
556 5338 767 5403 verbis,
792 5342 995 5410 quibus
1027 5350 1256 5411 uterque
1284 5342 1484 5394 dicitur
1514 5355 1560 5411 a_
1583 5338 1742 5393 Patre
1773 5338 1965 5401 proce-

395 5407 547 5472 dere,
576 5407 995 5479 exprimehaut:
1028 5412 1129 5475 sic,
1158 5407 1217 5465 ut
1243 5411 1408 5466 simili
1441 5408 1602 5463 modo
1641 5411 1818 5465 sacris
1850 5420 1967 5464 ute-

401 5486 589 5548 rentur
624 5478 850 5534 vocibus
876 5481 941 5533 ad
971 5482 1337 5537 denotandum
1373 5489 1427 5535 et
1452 5478 1689 5548 Spiritus
1722 5480 1896 5535 sancti
1936 5494 1967 5533 a

400 5544 539 5599 Filio
566 5548 833 5622 originem
862 5568 875 5613 ;
901 5550 1235 5622 cunt__divina
1266 5544 1762 5622 eloquia-Spiritus
1791 5551 1968 5604 sancti

399 5618 671 5687 respectu
700 5618 868 5673 relate
916 5620 981 5673 ad
1023 5619 1247 5693 Filium,
1298 5618 1483 5682 vocent
1524 5618 1819 5691 procedere
1860 5636 1969 5677 non

2065 4645 2293 4711 accipit;
2347 4642 2499 4713 hisce
2540 4642 2617 4696 uti
2676 4646 3123 4713 consueverunt,
3173 4662 3296 4713 qua:
3335 4647 3475 4701 idem
3527 4662 3651 4699 cum

2066 4716 2233 4782 verbo
2260 4712 2583 4782 procedere
2620 4714 2846 4766 omnino
2895 4712 3157 4767 denotant
3189 4712 3201 4765 Ξ
3241 4717 3387 4782 quod
3437 4714 3584 4782 enim
3621 4730 3653 4768 a

2074 4781 2214 4838 Filio
2252 4780 2493 4850 Spiritus
2537 4790 2765 4835 sanctus
2793 4782 3012 4849 accipit,
3048 4782 3180 4835 illud
3213 4780 3391 4836 eidem
3424 4781 3653 4851 Spiritui

2073 4867 2181 4907 non
2225 4860 2546 4913 externum,
2582 4864 2690 4903 non
2730 4858 3049 4904 extraneum
3086 4860 3201 4915 est,
3233 4852 3329 4907 sed
3362 4850 3652 4914 οὐσιῶδες,

2070 4922 2173 4975 hoc
2203 4929 2288 4976 est
2315 4920 2383 4991 ad
2413 4930 2665 4991 naturam
2718 4921 2942 4975 omnino
2972 4930 3250 4989 spectans.
3280 4922 3355 4975 Ex
3387 4935 3656 4991 quosane

2080 4998 2308 5061 apparet
2344 4990 2535 5046 Patres
2567 4989 2795 5061 οπεος)εῄ
2822 4991 2964 5044 inter
3010 4999 3173 5061 atque
3209 4989 3433 5061 Latinos
3459 4990 3656 5061 discri-

2066 5058 2190 5114 men
2224 5060 2291 5114 de
2321 5062 2674 5129 processiune
2708 5059 2946 5128 Spiritus
2986 5058 3164 5115 sancti
3198 5076 3227 5113 a
3260 5058 3397 5115 Filio
3444 5076 3552 5114 non
3596 5060 3654 5116 in

2068 5130 2320 5199 dogmate
2346 5131 2584 5190 versari.
2638 5130 2732 5183 sed
2781 5130 2836 5183 in
2880 5144 3025 5183 mera
3070 5146 3258 5184 vocum
3313 5130 3653 5197 diversitate,

2110 5199 2214 5251 uod
2243 5214 2273 5251 a
2311 5200 2603 5269 nongentis
2626 5215 2745 5251 eam
2778 5201 2938 5253 annis
2976 5200 3141 5271 impie
3176 5199 3439 5269 ignorare
3467 5202 3657 5255 volunt

2068 5216 2241 5323 animi
2293 5269 2653 5323 schismatici.
2697 5267 2853 5323 Quod
2917 5268 3056 5323 adeo
3103 5282 3288 5323 verum
3322 5281 3446 5323 est.
3498 5277 3555 5323 ut
3602 5279 3657 5323 et

2121 5269 2241 5322 neci
2293 5267 2653 5324 scltismaticzi.
2697 5267 2853 5332 Quod
2917 5267 3073 5323 aduo'
3103 5267 3288 5323 verum
3322 5281 3446 5333 est,
3498 5277 3555 5323 ut
3602 5279 3659 5325 et

2070 5340 2176 5410 ipsi
2219 5337 2393 5394 (ἔτποί
2416 5338 2649 5410 Patres,
2684 5346 2736 5388 et
2766 5340 3289 5410 nostergpraasertim
3331 5338 3389 5410 S.
3420 5338 3659 5410 Epipha-

2073 5409 2222 5473 nius,
2257 5417 2315 5461 ut
2345 5408 2576 5479 inferius
2605 5409 2916 5479 constabit,
2962 5407 3015 5479 in
3063 5408 3319 5479 ltoc.ipso
3360 5407 3611 5479 Anchiali

2075 5479 2250 5541 libro,
2297 5477 2440 5531 haud
2489 5476 3066 5549 ra_t:o__conccptis_sitnc
3104 5476 3343 5533 dixerint
3388 5478 3654 5549 Spiritum

2076 5557 2327 5603 sanctum
2377 5554 2431 5599 et
2480 5561 2508 5599 a
2546 5544 2684 5600 Filio
2748 5544 3061 5616 procedere,
3094 5550 3311 5616 quando
3340 5544 3523 5603 dicere
3560 5562 3659 5615 po-

2079 5619 2313 5675 tuisseut
2359 5618 2516 5688 juxta
2572 5629 2847 5689 l‘CCL'plutll
2900 5617 3271 5695 usitatumque
3326 5618 3467 5690 apud
3511 5618 3665 5687 ipsos
