  <div class='ocr_page' id='page_1' title='image "/cluster/home/n/w/nwhite01/storage/ocr_20150623/43/hvd.32044054272794/019.png"; bbox 0 0 3992 6198; ppageno 0'>
   <div class='ocr_carea' id='block_1_1' title="bbox 440 219 3708 327">
    <p class='ocr_par' dir='ltr' id='par_1_1' title="bbox 440 219 3708 327">
     <span class='ocr_line' id='line_1_1' title="bbox 440 219 3708 327; baseline -0.003 0"><span class='ocrx_word' id='word_1_1' title='bbox 440 273 510 327; x_wconf 74' lang='lat'><strong>2&#39;:</strong></span> <span class='ocrx_word' id='word_1_2' title='bbox 1858 267 1914 323; x_wconf 91' lang='lat' dir='ltr'><strong>s.</strong></span> <span class='ocrx_word' id='word_1_3' title='bbox 1956 263 2297 322; x_wconf 80' lang='lat' dir='ltr'><strong>EPIPHANII</strong></span> <span class='ocrx_word' id='word_1_4' title='bbox 3465 219 3471 227; x_wconf 70' lang='grc'><em>’</em></span> <span class='ocrx_word' id='word_1_5' title='bbox 3633 258 3708 318; x_wconf 71' lang='lat' dir='ltr'><strong>es</strong></span> 
     </span>
    </p>
   </div>
   <div class='ocr_carea' id='block_1_2' title="bbox 441 376 2029 463">
    <p class='ocr_par' dir='ltr' id='par_1_2' title="bbox 441 386 2028 463">
     <span class='ocr_line' id='line_1_2' title="bbox 441 386 2028 463; baseline -0.004 -14"><span class='ocrx_word' id='word_1_6' title='bbox 441 390 767 463; x_wconf 71' lang='lat' dir='ltr'><strong>exprimitur</strong></span> <span class='ocrx_word' id='word_1_7' title='bbox 800 410 814 446; x_wconf 88' lang='lat'><strong>:</strong></span> <span class='ocrx_word' id='word_1_8' title='bbox 848 404 959 447; x_wconf 91' lang='lat' dir='ltr'><strong>non</strong></span> <span class='ocrx_word' id='word_1_9' title='bbox 998 389 1108 446; x_wconf 86' lang='lat' dir='ltr'><strong>duo</strong></span> <span class='ocrx_word' id='word_1_10' title='bbox 1143 387 1273 454; x_wconf 78' lang='lat' dir='ltr'><strong>ﬁlii;</strong></span> <span class='ocrx_word' id='word_1_11' title='bbox 1308 387 1635 461; x_wconf 70' lang='lat' dir='ltr'><strong>llaigenitus</strong></span> <span class='ocrx_word' id='word_1_12' title='bbox 1694 389 1894 458; x_wconf 85' lang='lat' dir='ltr'><strong>quippe</strong></span> <span class='ocrx_word' id='word_1_13' title='bbox 1938 386 2028 442; x_wconf 86' lang='lat' dir='ltr'><strong>Fi-</strong></span> 
     </span>
    </p>
   </div>
   <div class='ocr_carea' id='block_1_3' title="bbox 2133 376 3705 463">
    <p class='ocr_par' dir='ltr' id='par_1_3' title="bbox 2133 376 3705 457">
     <span class='ocr_line' id='line_1_3' title="bbox 2133 376 3705 457; baseline -0.006 -16"><span class='ocrx_word' id='word_1_14' title='bbox 2133 388 2357 457; x_wconf 86' lang='grc' dir='ltr'>ληπτος,</span> <span class='ocrx_word' id='word_1_15' title='bbox 2391 384 2485 439; x_wconf 74' lang='grc' dir='ltr'><strong>καὶ</strong></span> <span class='ocrx_word' id='word_1_16' title='bbox 2525 383 2587 437; x_wconf 80' lang='grc' dir='ltr'><strong>τὸ</strong></span> <span class='ocrx_word' id='word_1_17' title='bbox 2624 382 2849 451; x_wconf 81' lang='grc' dir='ltr'><strong>Πνεῦμα</strong></span> <span class='ocrx_word' id='word_1_18' title='bbox 2894 378 3298 449; x_wconf 85' lang='grc' dir='ltr'>ἀκατάληπτον,</span> <span class='ocrx_word' id='word_1_19' title='bbox 3334 379 3399 431; x_wconf 82' lang='grc' dir='ltr'>ὲκ</span> <span class='ocrx_word' id='word_1_20' title='bbox 3445 376 3578 431; x_wconf 87' lang='grc' dir='ltr'>Θεοῦ</span> <span class='ocrx_word' id='word_1_21' title='bbox 3624 377 3705 443; x_wconf 75' lang='grc' dir='ltr'>δὲ,</span> 
     </span>
    </p>
   </div>
   <div class='ocr_carea' id='block_1_4' title="bbox 445 463 2029 553">
    <p class='ocr_par' dir='ltr' id='par_1_4' title="bbox 445 480 2020 553">
     <span class='ocr_line' id='line_1_4' title="bbox 445 480 2020 553; baseline -0.004 -14"><span class='ocrx_word' id='word_1_22' title='bbox 445 484 555 541; x_wconf 85' lang='lat' dir='ltr'><strong>lius</strong></span> <span class='ocrx_word' id='word_1_23' title='bbox 606 500 750 540; x_wconf 90' lang='lat' dir='ltr'><strong>unus</strong></span> <span class='ocrx_word' id='word_1_24' title='bbox 783 494 888 540; x_wconf 85' lang='lat' dir='ltr'><strong>est.</strong></span> <span class='ocrx_word' id='word_1_25' title='bbox 924 481 1006 537; x_wconf 86' lang='lat' dir='ltr'><strong>Ita</strong></span> <span class='ocrx_word' id='word_1_26' title='bbox 1041 481 1280 553; x_wconf 91' lang='lat' dir='ltr'><strong>Spiritus</strong></span> <span class='ocrx_word' id='word_1_27' title='bbox 1322 490 1570 545; x_wconf 86' lang='lat' dir='ltr'><strong>sanctus,</strong></span> <span class='ocrx_word' id='word_1_28' title='bbox 1609 480 1847 550; x_wconf 76' lang='lat' dir='ltr'><strong>Spiritus</strong></span> <span class='ocrx_word' id='word_1_29' title='bbox 1890 496 2020 535; x_wconf 90' lang='lat' dir='ltr'><strong>san-</strong></span> 
     </span>
    </p>
   </div>
   <div class='ocr_carea' id='block_1_5' title="bbox 2133 463 3711 553">
    <p class='ocr_par' dir='ltr' id='par_1_5' title="bbox 2133 463 3711 546">
     <span class='ocr_line' id='line_1_5' title="bbox 2133 463 3711 546; baseline -0.004 -17"><span class='ocrx_word' id='word_1_30' title='bbox 2133 478 2229 530; x_wconf 82' lang='grc' dir='ltr'>οὺκ</span> <span class='ocrx_word' id='word_1_31' title='bbox 2256 474 2536 546; x_wconf 87' lang='grc' dir='ltr'>ἀλλότριον</span> <span class='ocrx_word' id='word_1_32' title='bbox 2560 472 2774 544; x_wconf 74' lang='grc' dir='ltr'>Πατρὸς</span> <span class='ocrx_word' id='word_1_33' title='bbox 2800 471 2895 523; x_wconf 67' lang='grc' dir='ltr'>καὶ</span> <span class='ocrx_word' id='word_1_34' title='bbox 2924 463 3055 522; x_wconf 80' lang='grc' dir='ltr'>Υῑοῦ</span> <span class='ocrx_word' id='word_1_35' title='bbox 3072 485 3085 498; x_wconf 86' lang='grc'><strong>·</strong></span> <span class='ocrx_word' id='word_1_36' title='bbox 3113 468 3236 521; x_wconf 81' lang='grc' dir='ltr'>οὐδὲ</span> <span class='ocrx_word' id='word_1_37' title='bbox 3271 468 3566 537; x_wconf 81' lang='grc' dir='ltr'>συναλοιφή</span> <span class='ocrx_word' id='word_1_38' title='bbox 3591 470 3711 523; x_wconf 78' lang='grc' dir='ltr'>ἐστι</span> 
     </span>
    </p>
   </div>
   <div class='ocr_carea' id='block_1_6' title="bbox 446 555 2029 642">
    <p class='ocr_par' dir='ltr' id='par_1_6' title="bbox 446 568 2023 642">
     <span class='ocr_line' id='line_1_6' title="bbox 446 568 2023 642; baseline -0.004 -13"><span class='ocrx_word' id='word_1_39' title='bbox 446 584 567 631; x_wconf 89' lang='lat' dir='ltr'><strong>ctus</strong></span> <span class='ocrx_word' id='word_1_40' title='bbox 599 581 705 639; x_wconf 89' lang='lat' dir='ltr'><strong>est,</strong></span> <span class='ocrx_word' id='word_1_41' title='bbox 746 572 954 642; x_wconf 81' lang='lat' dir='ltr'><strong>Deique</strong></span> <span class='ocrx_word' id='word_1_42' title='bbox 989 571 1251 641; x_wconf 77' lang='lat' dir='ltr'><strong>Spiritus,</strong></span> <span class='ocrx_word' id='word_1_43' title='bbox 1285 569 1379 640; x_wconf 88' lang='lat' dir='ltr'><strong>qui</strong></span> <span class='ocrx_word' id='word_1_44' title='bbox 1429 584 1553 622; x_wconf 91' lang='lat' dir='ltr'><strong>cum</strong></span> <span class='ocrx_word' id='word_1_45' title='bbox 1592 568 1753 624; x_wconf 77' lang='lat' dir='ltr'><strong>Patre</strong></span> <span class='ocrx_word' id='word_1_46' title='bbox 1800 576 1854 624; x_wconf 89' lang='lat' dir='ltr'><strong>et</strong></span> <span class='ocrx_word' id='word_1_47' title='bbox 1884 568 2023 623; x_wconf 88' lang='lat' dir='ltr'><strong>Filio</strong></span> 
     </span>
    </p>
   </div>
   <div class='ocr_carea' id='block_1_7' title="bbox 2133 555 3711 642">
    <p class='ocr_par' dir='ltr' id='par_1_7' title="bbox 2133 555 3711 639">
     <span class='ocr_line' id='line_1_7' title="bbox 2133 555 3711 639; baseline -0.004 -19"><span class='ocrx_word' id='word_1_48' title='bbox 2133 569 2344 639; x_wconf 85' lang='grc' dir='ltr'>Πατρὸς</span> <span class='ocrx_word' id='word_1_49' title='bbox 2376 568 2470 620; x_wconf 79' lang='grc' dir='ltr'>καὶ</span> <span class='ocrx_word' id='word_1_50' title='bbox 2518 564 2671 630; x_wconf 84' lang='grc' dir='ltr'>Υίοῦ,</span> <span class='ocrx_word' id='word_1_51' title='bbox 2716 562 2852 617; x_wconf 82' lang='grc' dir='ltr'>ἀλλὰ</span> <span class='ocrx_word' id='word_1_52' title='bbox 2885 561 3055 632; x_wconf 60' lang='grc' dir='ltr'>Τριὶς</span> <span class='ocrx_word' id='word_1_53' title='bbox 3095 561 3184 615; x_wconf 83' lang='grc' dir='ltr'>ἀεὶ</span> <span class='ocrx_word' id='word_1_54' title='bbox 3224 555 3359 614; x_wconf 85' lang='grc' dir='ltr'>οῦσα</span> <span class='ocrx_word' id='word_1_55' title='bbox 3397 560 3500 630; x_wconf 76' lang='grc' dir='ltr'><strong>τῆς</strong></span> <span class='ocrx_word' id='word_1_56' title='bbox 3538 561 3711 631; x_wconf 76' lang='grc' dir='ltr'>αὐτῆς</span> 
     </span>
    </p>
   </div>
   <div class='ocr_carea' id='block_1_8' title="bbox 446 651 2029 735">
    <p class='ocr_par' dir='ltr' id='par_1_8' title="bbox 446 659 2020 735">
     <span class='ocr_line' id='line_1_8' title="bbox 446 659 2020 735; baseline -0.004 -14"><span class='ocrx_word' id='word_1_57' title='bbox 446 681 665 735; x_wconf 84' lang='lat' dir='ltr'><strong>semper</strong></span> <span class='ocrx_word' id='word_1_58' title='bbox 685 674 792 733; x_wconf 78' lang='lat' dir='ltr'><strong>est,</strong></span> <span class='ocrx_word' id='word_1_59' title='bbox 827 679 927 719; x_wconf 90' lang='lat' dir='ltr'><strong>nec</strong></span> <span class='ocrx_word' id='word_1_60' title='bbox 950 663 1163 718; x_wconf 89' lang='lat' dir='ltr'><strong>alienus</strong></span> <span class='ocrx_word' id='word_1_61' title='bbox 1191 677 1222 716; x_wconf 91' lang='lat' dir='ltr'><strong>a</strong></span> <span class='ocrx_word' id='word_1_62' title='bbox 1243 660 1375 725; x_wconf 89' lang='lat' dir='ltr'><strong>Deo,</strong></span> <span class='ocrx_word' id='word_1_63' title='bbox 1412 661 1509 716; x_wconf 87' lang='lat' dir='ltr'><strong>sed</strong></span> <span class='ocrx_word' id='word_1_64' title='bbox 1535 675 1565 714; x_wconf 92' lang='lat' dir='ltr'><strong>a</strong></span> <span class='ocrx_word' id='word_1_65' title='bbox 1591 659 1699 714; x_wconf 90' lang='lat' dir='ltr'><strong>Deo</strong></span> <span class='ocrx_word' id='word_1_66' title='bbox 1726 660 2020 724; x_wconf 86' lang='lat' dir='ltr'><strong>exsistens,</strong></span> 
     </span>
    </p>
   </div>
   <div class='ocr_carea' id='block_1_9' title="bbox 2133 651 3710 735">
    <p class='ocr_par' dir='ltr' id='par_1_9' title="bbox 2133 651 3710 728">
     <span class='ocr_line' id='line_1_9' title="bbox 2133 651 3710 728; baseline -0.003 -17"><span class='ocrx_word' id='word_1_67' title='bbox 2133 660 2350 721; x_wconf 82' lang='grc' dir='ltr'>οὐσίας·</span> <span class='ocrx_word' id='word_1_68' title='bbox 2394 658 2494 728; x_wconf 87' lang='grc' dir='ltr'><strong>οὑχ</strong></span> <span class='ocrx_word' id='word_1_69' title='bbox 2527 656 2687 727; x_wconf 80' lang='grc' dir='ltr'>ἑτέρα</span> <span class='ocrx_word' id='word_1_70' title='bbox 2711 657 2745 726; x_wconf 82' lang='grc' dir='ltr'>ἠ</span> <span class='ocrx_word' id='word_1_71' title='bbox 2789 653 2946 707; x_wconf 79' lang='grc' dir='ltr'>οὐσία</span> <span class='ocrx_word' id='word_1_72' title='bbox 2988 652 3140 724; x_wconf 88' lang='grc' dir='ltr'><strong>παρά</strong></span> <span class='ocrx_word' id='word_1_73' title='bbox 3175 652 3275 723; x_wconf 78' lang='grc' dir='ltr'><strong>τὴν</strong></span> <span class='ocrx_word' id='word_1_74' title='bbox 3305 652 3557 722; x_wconf 82' lang='grc' dir='ltr'>θεότητα,</span> <span class='ocrx_word' id='word_1_75' title='bbox 3589 651 3710 707; x_wconf 80' lang='grc' dir='ltr'>οὐδὲ</span> 
     </span>
    </p>
   </div>
   <div class='ocr_carea' id='block_1_10' title="bbox 444 743 2029 824">
    <p class='ocr_par' dir='ltr' id='par_1_10' title="bbox 444 750 2024 824">
     <span class='ocr_line' id='line_1_10' title="bbox 444 750 2024 824; baseline -0.003 -15"><span class='ocrx_word' id='word_1_76' title='bbox 444 762 500 809; x_wconf 93' lang='lat' dir='ltr'><strong>et</strong></span> <span class='ocrx_word' id='word_1_77' title='bbox 529 770 558 808; x_wconf 89' lang='lat' dir='ltr'><strong>a</strong></span> <span class='ocrx_word' id='word_1_78' title='bbox 593 754 754 810; x_wconf 89' lang='lat' dir='ltr'><strong>Patre</strong></span> <span class='ocrx_word' id='word_1_79' title='bbox 784 752 1109 824; x_wconf 87' lang='lat' dir='ltr'><strong>procedens,</strong></span> <span class='ocrx_word' id='word_1_80' title='bbox 1152 760 1205 809; x_wconf 90' lang='lat' dir='ltr'><strong>et</strong></span> <span class='ocrx_word' id='word_1_81' title='bbox 1240 751 1517 819; x_wconf 87' lang='lat' dir='ltr'><strong>accipiens</strong></span> <span class='ocrx_word' id='word_1_82' title='bbox 1544 766 1575 804; x_wconf 94' lang='lat' dir='ltr'><strong>a</strong></span> <span class='ocrx_word' id='word_1_83' title='bbox 1606 750 1765 805; x_wconf 85' lang='lat' dir='ltr'><strong>Filio.</strong></span> <span class='ocrx_word' id='word_1_84' title='bbox 1799 751 1880 805; x_wconf 81' lang='lat' dir='ltr'><strong>Ad</strong></span> <span class='ocrx_word' id='word_1_85' title='bbox 1909 751 2024 806; x_wconf 61' lang='lat' dir='ltr'><strong>haec</strong></span> 
     </span>
    </p>
   </div>
   <div class='ocr_carea' id='block_1_11' title="bbox 2133 743 3708 824">
    <p class='ocr_par' dir='ltr' id='par_1_11' title="bbox 2133 743 3708 820">
     <span class='ocr_line' id='line_1_11' title="bbox 2133 743 3708 820; baseline -0.004 -19"><span class='ocrx_word' id='word_1_86' title='bbox 2133 749 2295 819; x_wconf 73' lang='grc' dir='ltr'>ἑτέρα</span> <span class='ocrx_word' id='word_1_87' title='bbox 2324 750 2358 820; x_wconf 78' lang='grc' dir='ltr'>ἡ</span> <span class='ocrx_word' id='word_1_88' title='bbox 2383 749 2571 818; x_wconf 78' lang='grc' dir='ltr'>θεότης</span> <span class='ocrx_word' id='word_1_89' title='bbox 2601 746 2748 817; x_wconf 88' lang='grc' dir='ltr'><strong>παρά</strong></span> <span class='ocrx_word' id='word_1_90' title='bbox 2763 744 2861 816; x_wconf 78' lang='grc' dir='ltr'>τὴν</span> <span class='ocrx_word' id='word_1_91' title='bbox 2882 744 3099 797; x_wconf 80' lang='grc' dir='ltr'>οὐσίαν·</span> <span class='ocrx_word' id='word_1_92' title='bbox 3130 744 3243 796; x_wconf 86' lang='grc' dir='ltr'>ἀλλ’</span> <span class='ocrx_word' id='word_1_93' title='bbox 3274 746 3308 815; x_wconf 82' lang='grc' dir='ltr'>ἡ</span> <span class='ocrx_word' id='word_1_94' title='bbox 3329 743 3469 814; x_wconf 80' lang='grc' dir='ltr'>αὐτὴ</span> <span class='ocrx_word' id='word_1_95' title='bbox 3496 743 3708 813; x_wconf 87' lang='grc' dir='ltr'>θεότης,</span> 
     </span>
    </p>
   </div>
   <div class='ocr_carea' id='block_1_12' title="bbox 446 832 2029 913">
    <p class='ocr_par' dir='ltr' id='par_1_12' title="bbox 446 840 2019 913">
     <span class='ocr_line' id='line_1_12' title="bbox 446 840 2019 913; baseline -0.001 -17"><span class='ocrx_word' id='word_1_96' title='bbox 446 844 761 913; x_wconf 84' lang='lat' dir='ltr'><strong>unigenitus</strong></span> <span class='ocrx_word' id='word_1_97' title='bbox 816 841 987 898; x_wconf 88' lang='lat' dir='ltr'><strong>Filius</strong></span> <span class='ocrx_word' id='word_1_98' title='bbox 1046 840 1432 910; x_wconf 84' lang='lat' dir='ltr'><strong>comprehendi</strong></span> <span class='ocrx_word' id='word_1_99' title='bbox 1480 856 1589 896; x_wconf 93' lang='lat' dir='ltr'><strong>non</strong></span> <span class='ocrx_word' id='word_1_100' title='bbox 1644 847 1822 911; x_wconf 80' lang='lat' dir='ltr'><strong>potest</strong></span> <span class='ocrx_word' id='word_1_101' title='bbox 1859 859 1872 895; x_wconf 91' lang='lat'>:</span> <span class='ocrx_word' id='word_1_102' title='bbox 1909 855 2019 895; x_wconf 85' lang='lat' dir='ltr'><strong>non</strong></span> 
     </span>
    </p>
   </div>
   <div class='ocr_carea' id='block_1_13' title="bbox 2133 832 3707 913">
    <p class='ocr_par' dir='ltr' id='par_1_13' title="bbox 2133 832 3707 909">
     <span class='ocr_line' id='line_1_13' title="bbox 2133 832 3707 909; baseline -0.003 -16"><span class='ocrx_word' id='word_1_103' title='bbox 2133 840 2222 893; x_wconf 70' lang='grc' dir='ltr'>καὶ</span> <span class='ocrx_word' id='word_1_104' title='bbox 2236 840 2300 893; x_wconf 76' lang='grc' dir='ltr'>ἐκ</span> <span class='ocrx_word' id='word_1_105' title='bbox 2325 839 2424 909; x_wconf 83' lang='grc' dir='ltr'>τῆς</span> <span class='ocrx_word' id='word_1_106' title='bbox 2444 839 2613 909; x_wconf 82' lang='grc' dir='ltr'>αὐτῆς</span> <span class='ocrx_word' id='word_1_107' title='bbox 2637 836 2886 907; x_wconf 85' lang='grc' dir='ltr'><strong>θεότητος</strong></span> <span class='ocrx_word' id='word_1_108' title='bbox 2900 837 2929 887; x_wconf 99' lang='lat'><strong>6</strong></span> <span class='ocrx_word' id='word_1_109' title='bbox 2946 834 3074 898; x_wconf 81' lang='grc' dir='ltr'>Υἱὸς</span> <span class='ocrx_word' id='word_1_110' title='bbox 3090 836 3185 887; x_wconf 69' lang='grc' dir='ltr'><strong>καὶ</strong></span> <span class='ocrx_word' id='word_1_111' title='bbox 3206 835 3267 887; x_wconf 81' lang='grc' dir='ltr'><strong>τὸ</strong></span> <span class='ocrx_word' id='word_1_112' title='bbox 3287 833 3439 903; x_wconf 83' lang='grc' dir='ltr'>ἆγιον</span> <span class='ocrx_word' id='word_1_113' title='bbox 3461 832 3707 904; x_wconf 81' lang='grc' dir='ltr'><strong>Πνεῦμα.</strong></span> 
     </span>
    </p>
   </div>
   <div class='ocr_carea' id='block_1_14' title="bbox 448 926 3712 1001">
    <p class='ocr_par' dir='ltr' id='par_1_14' title="bbox 448 926 3712 1001">
     <span class='ocr_line' id='line_1_14' title="bbox 448 926 3712 1001; baseline -0.001 -19"><span class='ocrx_word' id='word_1_114' title='bbox 448 938 627 999; x_wconf 86' lang='lat' dir='ltr'><strong>potest</strong></span> <span class='ocrx_word' id='word_1_115' title='bbox 655 938 709 986; x_wconf 91' lang='lat' dir='ltr'><strong>et</strong></span> <span class='ocrx_word' id='word_1_116' title='bbox 739 930 977 1001; x_wconf 84' lang='lat' dir='ltr'><strong>Spiritus</strong></span> <span class='ocrx_word' id='word_1_117' title='bbox 1010 939 1254 993; x_wconf 89' lang='lat' dir='ltr'><strong>sanctus,</strong></span> <span class='ocrx_word' id='word_1_118' title='bbox 1286 930 1380 1000; x_wconf 86' lang='lat' dir='ltr'><strong>qui</strong></span> <span class='ocrx_word' id='word_1_119' title='bbox 1438 931 1521 985; x_wconf 90' lang='lat' dir='ltr'><strong>sic</strong></span> <span class='ocrx_word' id='word_1_120' title='bbox 1572 947 1601 985; x_wconf 90' lang='lat' dir='ltr'><strong>a</strong></span> <span class='ocrx_word' id='word_1_121' title='bbox 1647 930 1758 986; x_wconf 90' lang='lat' dir='ltr'><strong>Deo</strong></span> <span class='ocrx_word' id='word_1_122' title='bbox 1819 929 2093 1001; x_wconf 70' lang='lat' dir='ltr'><strong>procedit.</strong></span> <span class='ocrx_word' id='word_1_123' title='bbox 2153 940 2271 985; x_wconf 91' lang='lat' dir='ltr'><strong>uta</strong></span> <span class='ocrx_word' id='word_1_124' title='bbox 2309 930 2470 986; x_wconf 80' lang='lat' dir='ltr'><strong>Patre</strong></span> <span class='ocrx_word' id='word_1_125' title='bbox 2507 940 2562 985; x_wconf 90' lang='lat' dir='ltr'><strong>et</strong></span> <span class='ocrx_word' id='word_1_126' title='bbox 2615 927 2752 983; x_wconf 86' lang='lat' dir='ltr'><strong>Filio</strong></span> <span class='ocrx_word' id='word_1_127' title='bbox 2798 943 2907 983; x_wconf 94' lang='lat' dir='ltr'><strong>non</strong></span> <span class='ocrx_word' id='word_1_128' title='bbox 2954 926 3026 981; x_wconf 89' lang='lat' dir='ltr'><strong>sit</strong></span> <span class='ocrx_word' id='word_1_129' title='bbox 3091 928 3335 991; x_wconf 86' lang='lat' dir='ltr'><strong>alienus;</strong></span> <span class='ocrx_word' id='word_1_130' title='bbox 3384 943 3561 996; x_wconf 86' lang='lat' dir='ltr'><strong>neque</strong></span> <span class='ocrx_word' id='word_1_131' title='bbox 3613 941 3712 995; x_wconf 85' lang='lat' dir='ltr'><strong>per</strong></span> 
     </span>
    </p>
   </div>
   <div class='ocr_carea' id='block_1_15' title="bbox 448 1019 3712 1092">
    <p class='ocr_par' dir='ltr' id='par_1_15' title="bbox 448 1019 3712 1092">
     <span class='ocr_line' id='line_1_15' title="bbox 448 1019 3712 1092; baseline -0.002 -17"><span class='ocrx_word' id='word_1_132' title='bbox 448 1022 626 1092; x_wconf 90' lang='lat' dir='ltr'><strong>ipsum</strong></span> <span class='ocrx_word' id='word_1_133' title='bbox 658 1022 821 1078; x_wconf 89' lang='lat' dir='ltr'><strong>Pater</strong></span> <span class='ocrx_word' id='word_1_134' title='bbox 848 1031 902 1075; x_wconf 88' lang='lat' dir='ltr'><strong>et</strong></span> <span class='ocrx_word' id='word_1_135' title='bbox 928 1023 1101 1076; x_wconf 87' lang='lat' dir='ltr'><strong>Filius</strong></span> <span class='ocrx_word' id='word_1_136' title='bbox 1127 1022 1183 1076; x_wconf 91' lang='lat' dir='ltr'><strong>in</strong></span> <span class='ocrx_word' id='word_1_137' title='bbox 1209 1037 1380 1076; x_wconf 89' lang='lat' dir='ltr'><strong>unum</strong></span> <span class='ocrx_word' id='word_1_138' title='bbox 1415 1022 1633 1078; x_wconf 79' lang='lat' dir='ltr'><strong>confusi</strong></span> <span class='ocrx_word' id='word_1_139' title='bbox 1670 1024 2025 1080; x_wconf 88' lang='lat' dir='ltr'><strong>coalescunt:</strong></span> <span class='ocrx_word' id='word_1_140' title='bbox 2058 1038 2251 1080; x_wconf 83' lang='lat' dir='ltr'><strong>verum</strong></span> <span class='ocrx_word' id='word_1_141' title='bbox 2280 1023 2524 1078; x_wconf 79' lang='lat' dir='ltr'><strong>Trinitas</strong></span> <span class='ocrx_word' id='word_1_142' title='bbox 2566 1021 2757 1078; x_wconf 89' lang='lat' dir='ltr'><strong>eadem</strong></span> <span class='ocrx_word' id='word_1_143' title='bbox 2815 1019 3122 1076; x_wconf 84' lang='lat' dir='ltr'><strong>substantia</strong></span> <span class='ocrx_word' id='word_1_144' title='bbox 3179 1027 3439 1075; x_wconf 83' lang='lat' dir='ltr'><strong>constans</strong></span> <span class='ocrx_word' id='word_1_145' title='bbox 3494 1033 3712 1089; x_wconf 85' lang='lat' dir='ltr'><strong>semper</strong></span> 
     </span>
    </p>
   </div>
   <div class='ocr_carea' id='block_1_16' title="bbox 446 1113 3703 1187">
    <p class='ocr_par' dir='ltr' id='par_1_16' title="bbox 446 1113 3703 1187">
     <span class='ocr_line' id='line_1_16' title="bbox 446 1113 3703 1187; baseline -0.002 -15"><span class='ocrx_word' id='word_1_146' title='bbox 446 1119 682 1185; x_wconf 78' lang='lat' dir='ltr'><strong>exsistit,</strong></span> <span class='ocrx_word' id='word_1_147' title='bbox 735 1132 800 1171; x_wconf 90' lang='lat' dir='ltr'><strong>ac</strong></span> <span class='ocrx_word' id='word_1_148' title='bbox 845 1132 1021 1187; x_wconf 89' lang='lat' dir='ltr'><strong>neque</strong></span> <span class='ocrx_word' id='word_1_149' title='bbox 1073 1117 1239 1172; x_wconf 88' lang='lat' dir='ltr'><strong>altera</strong></span> <span class='ocrx_word' id='word_1_150' title='bbox 1292 1125 1488 1187; x_wconf 66' lang='lat' dir='ltr'><strong>praeter</strong></span> <span class='ocrx_word' id='word_1_151' title='bbox 1518 1118 1857 1175; x_wconf 86' lang='lat' dir='ltr'><strong>divinitatem</strong></span> <span class='ocrx_word' id='word_1_152' title='bbox 1888 1126 1974 1174; x_wconf 86' lang='lat' dir='ltr'><strong>est</strong></span> <span class='ocrx_word' id='word_1_153' title='bbox 2007 1120 2338 1184; x_wconf 83' lang='lat' dir='ltr'><strong>substantia,</strong></span> <span class='ocrx_word' id='word_1_154' title='bbox 2367 1132 2469 1174; x_wconf 89' lang='lat' dir='ltr'><strong>nec</strong></span> <span class='ocrx_word' id='word_1_155' title='bbox 2513 1117 2682 1173; x_wconf 87' lang='lat' dir='ltr'><strong>altera</strong></span> <span class='ocrx_word' id='word_1_156' title='bbox 2721 1121 2920 1186; x_wconf 72' lang='lat' dir='ltr'><strong>praeter</strong></span> <span class='ocrx_word' id='word_1_157' title='bbox 2979 1113 3346 1169; x_wconf 85' lang='lat' dir='ltr'><strong>substantiam</strong></span> <span class='ocrx_word' id='word_1_158' title='bbox 3399 1113 3660 1168; x_wconf 83' lang='lat' dir='ltr'><strong>divinitas</strong></span> <span class='ocrx_word' id='word_1_159' title='bbox 3686 1152 3703 1176; x_wconf 88' lang='lat'><strong>,</strong></span> 
     </span>
    </p>
   </div>
   <div class='ocr_carea' id='block_1_17' title="bbox 448 1208 2984 1282">
    <p class='ocr_par' dir='ltr' id='par_1_17' title="bbox 448 1208 2984 1282">
     <span class='ocr_line' id='line_1_17' title="bbox 448 1208 2984 1282; baseline -0.002 -17"><span class='ocrx_word' id='word_1_160' title='bbox 448 1210 545 1265; x_wconf 84' lang='lat' dir='ltr'><strong>scd</strong></span> <span class='ocrx_word' id='word_1_161' title='bbox 597 1212 786 1267; x_wconf 91' lang='lat' dir='ltr'><strong>eadem</strong></span> <span class='ocrx_word' id='word_1_162' title='bbox 834 1216 920 1265; x_wconf 87' lang='lat' dir='ltr'><strong>est</strong></span> <span class='ocrx_word' id='word_1_163' title='bbox 962 1208 1245 1277; x_wconf 83' lang='lat' dir='ltr'><strong>divinitas,</strong></span> <span class='ocrx_word' id='word_1_164' title='bbox 1297 1217 1355 1265; x_wconf 90' lang='lat' dir='ltr'><strong>et</strong></span> <span class='ocrx_word' id='word_1_165' title='bbox 1399 1225 1467 1264; x_wconf 80' lang='lat' dir='ltr'><strong>ex</strong></span> <span class='ocrx_word' id='word_1_166' title='bbox 1505 1209 1698 1267; x_wconf 90' lang='lat' dir='ltr'><strong>eadem</strong></span> <span class='ocrx_word' id='word_1_167' title='bbox 1748 1210 2033 1268; x_wconf 84' lang='lat' dir='ltr'><strong>divinitate</strong></span> <span class='ocrx_word' id='word_1_168' title='bbox 2071 1210 2244 1268; x_wconf 89' lang='lat' dir='ltr'><strong>Filius</strong></span> <span class='ocrx_word' id='word_1_169' title='bbox 2272 1219 2359 1267; x_wconf 90' lang='lat' dir='ltr'><strong>cst</strong></span> <span class='ocrx_word' id='word_1_170' title='bbox 2387 1220 2442 1267; x_wconf 90' lang='lat' dir='ltr'><strong>et</strong></span> <span class='ocrx_word' id='word_1_171' title='bbox 2472 1209 2710 1282; x_wconf 88' lang='lat' dir='ltr'><strong>Spiritus</strong></span> <span class='ocrx_word' id='word_1_172' title='bbox 2738 1214 2984 1264; x_wconf 91' lang='lat' dir='ltr'><strong>sanctus.</strong></span> 
     </span>
    </p>
   </div>
   <div class='ocr_carea' id='block_1_18' title="bbox 518 1322 2021 1396">
    <p class='ocr_par' dir='ltr' id='par_1_18' title="bbox 518 1322 2021 1396">
     <span class='ocr_line' id='line_1_18' title="bbox 518 1322 2021 1396; baseline 0.004 -20"><span class='ocrx_word' id='word_1_173' title='bbox 518 1322 633 1376; x_wconf 80' lang='lat' dir='ltr'><strong>VII.</strong></span> <span class='ocrx_word' id='word_1_174' title='bbox 688 1322 925 1392; x_wconf 86' lang='lat' dir='ltr'><strong>Spiritus</strong></span> <span class='ocrx_word' id='word_1_175' title='bbox 982 1324 1249 1393; x_wconf 89' lang='lat' dir='ltr'><strong>proinde,</strong></span> <span class='ocrx_word' id='word_1_176' title='bbox 1312 1332 1539 1381; x_wconf 85' lang='lat' dir='ltr'><strong>sanctus</strong></span> <span class='ocrx_word' id='word_1_177' title='bbox 1602 1325 1842 1396; x_wconf 88' lang='lat' dir='ltr'><strong>Spiritus</strong></span> <span class='ocrx_word' id='word_1_178' title='bbox 1896 1334 2021 1395; x_wconf 88' lang='lat' dir='ltr'><strong>est;</strong></span> 
     </span>
    </p>
   </div>
   <div class='ocr_carea' id='block_1_19' title="bbox 448 1410 2026 1485">
    <p class='ocr_par' dir='ltr' id='par_1_19' title="bbox 448 1410 2026 1485">
     <span class='ocr_line' id='line_1_19' title="bbox 448 1410 2026 1485; baseline 0.004 -20"><span class='ocrx_word' id='word_1_179' title='bbox 448 1410 640 1475; x_wconf 88' lang='lat' dir='ltr'><strong>Filius,</strong></span> <span class='ocrx_word' id='word_1_180' title='bbox 690 1410 862 1467; x_wconf 91' lang='lat' dir='ltr'><strong>Filius</strong></span> <span class='ocrx_word' id='word_1_181' title='bbox 894 1430 907 1466; x_wconf 92' lang='lat'><strong>:</strong></span> <span class='ocrx_word' id='word_1_182' title='bbox 939 1410 1180 1482; x_wconf 85' lang='lat' dir='ltr'><strong>Spiritus</strong></span> <span class='ocrx_word' id='word_1_183' title='bbox 1226 1427 1258 1467; x_wconf 89' lang='lat' dir='ltr'><strong>a</strong></span> <span class='ocrx_word' id='word_1_184' title='bbox 1306 1412 1468 1471; x_wconf 85' lang='lat' dir='ltr'><strong>Patre</strong></span> <span class='ocrx_word' id='word_1_185' title='bbox 1518 1416 1827 1485; x_wconf 73' lang='lat' dir='ltr'><strong>procedit‘,</strong></span> <span class='ocrx_word' id='word_1_186' title='bbox 1889 1426 1943 1472; x_wconf 88' lang='lat' dir='ltr'><strong>et</strong></span> <span class='ocrx_word' id='word_1_187' title='bbox 1995 1431 2026 1471; x_wconf 86' lang='lat' dir='ltr'><strong>a</strong></span> 
     </span>
    </p>
   </div>
   <div class='ocr_carea' id='block_1_20' title="bbox 2201 1316 3707 1398">
    <p class='ocr_par' dir='ltr' id='par_1_20' title="bbox 2201 1316 3707 1398">
     <span class='ocr_line' id='line_1_20' title="bbox 2201 1316 3707 1398; baseline -0.008 -16"><span class='ocrx_word' id='word_1_188' title='bbox 2201 1330 2275 1384; x_wconf 88' lang='lat' dir='ltr'><strong>Z&#39;.</strong></span> <span class='ocrx_word' id='word_1_189' title='bbox 2309 1328 2419 1382; x_wconf 79' lang='grc' dir='ltr'>Καὶ</span> <span class='ocrx_word' id='word_1_190' title='bbox 2446 1327 2507 1381; x_wconf 80' lang='grc' dir='ltr'>τὸ</span> <span class='ocrx_word' id='word_1_191' title='bbox 2537 1325 2638 1398; x_wconf 84' lang='grc' dir='ltr'>μὲν</span> <span class='ocrx_word' id='word_1_192' title='bbox 2666 1322 2912 1394; x_wconf 78' lang='grc' dir='ltr'><strong>Πνεῦμα,</strong></span> <span class='ocrx_word' id='word_1_193' title='bbox 2936 1320 3090 1389; x_wconf 74' lang='grc' dir='ltr'>ἅγιον</span> <span class='ocrx_word' id='word_1_194' title='bbox 3124 1316 3375 1388; x_wconf 80' lang='grc' dir='ltr'><strong>Πνεῦμα·</strong></span> <span class='ocrx_word' id='word_1_195' title='bbox 3407 1318 3436 1370; x_wconf 86' lang='grc' dir='ltr'>ὁ</span> <span class='ocrx_word' id='word_1_196' title='bbox 3471 1316 3527 1370; x_wconf 86' lang='grc' dir='ltr'>δὲ</span> <span class='ocrx_word' id='word_1_197' title='bbox 3558 1316 3707 1380; x_wconf 75' lang='grc' dir='ltr'>Υἱὸς,</span> 
     </span>
    </p>
   </div>
   <div class='ocr_carea' id='block_1_21' title="bbox 2132 1407 3708 1485">
    <p class='ocr_par' dir='ltr' id='par_1_21' title="bbox 2132 1407 3708 1485">
     <span class='ocr_line' id='line_1_21' title="bbox 2132 1407 3708 1485; baseline -0.011 -11"><span class='ocrx_word' id='word_1_198' title='bbox 2132 1418 2259 1483; x_wconf 75' lang='grc' dir='ltr'>Υἱός</span> <span class='ocrx_word' id='word_1_199' title='bbox 2283 1435 2298 1451; x_wconf 91' lang='grc'><strong>·</strong></span> <span class='ocrx_word' id='word_1_200' title='bbox 2326 1418 2386 1472; x_wconf 84' lang='grc' dir='ltr'><strong>τὸ</strong></span> <span class='ocrx_word' id='word_1_201' title='bbox 2423 1418 2481 1471; x_wconf 85' lang='grc' dir='ltr'>δὲ</span> <span class='ocrx_word' id='word_1_202' title='bbox 2535 1415 2757 1485; x_wconf 78' lang='grc' dir='ltr'>Πνεῦμα</span> <span class='ocrx_word' id='word_1_203' title='bbox 2792 1411 2943 1482; x_wconf 85' lang='grc' dir='ltr'><strong>παρά</strong></span> <span class='ocrx_word' id='word_1_204' title='bbox 2990 1410 3205 1480; x_wconf 78' lang='grc' dir='ltr'>Πατρδς</span> <span class='ocrx_word' id='word_1_205' title='bbox 3254 1407 3708 1478; x_wconf 81' lang='grc' dir='ltr'>ἐκπορευόμενον,</span> 
     </span>
    </p>
   </div>
   <div class='ocr_carea' id='block_1_22' title="bbox 449 1497 2029 1597">
    <p class='ocr_par' dir='ltr' id='par_1_22' title="bbox 449 1502 2028 1597">
     <span class='ocr_line' id='line_1_22' title="bbox 449 1502 2028 1597; baseline 0.005 -42"><span class='ocrx_word' id='word_1_206' title='bbox 449 1502 587 1597; x_wconf 63' lang='lat' dir='ltr'><strong>Eilio</strong></span> <span class='ocrx_word' id='word_1_207' title='bbox 639 1502 902 1573; x_wconf 82' lang='lat' dir='ltr'><strong>accipit&#39;,</strong></span> <span class='ocrx_word' id='word_1_208' title='bbox 963 1503 1061 1559; x_wconf 89' lang='lat' dir='ltr'><strong>Dei</strong></span> <span class='ocrx_word' id='word_1_209' title='bbox 1110 1504 1383 1575; x_wconf 81' lang='lat' dir='ltr'><strong>profunda</strong></span> <span class='ocrx_word' id='word_1_210' title='bbox 1429 1509 1855 1577; x_wconf 78' lang='lat' dir='ltr'><strong>perscrutans&#39;;</strong></span> <span class='ocrx_word' id='word_1_211' title='bbox 1904 1524 2028 1578; x_wconf 73' lang='lat' dir='ltr'><strong>qua:</strong></span> 
     </span>
    </p>
   </div>
   <div class='ocr_carea' id='block_1_23' title="bbox 2133 1497 3709 1597">
    <p class='ocr_par' dir='ltr' id='par_1_23' title="bbox 2133 1497 3709 1575">
     <span class='ocr_line' id='line_1_23' title="bbox 2133 1497 3709 1575; baseline -0.008 -12"><span class='ocrx_word' id='word_1_212' title='bbox 2133 1510 2226 1563; x_wconf 70' lang='grc' dir='ltr'><strong>καὶ</strong></span> <span class='ocrx_word' id='word_1_213' title='bbox 2276 1512 2341 1563; x_wconf 85' lang='grc' dir='ltr'>ὲκ</span> <span class='ocrx_word' id='word_1_214' title='bbox 2392 1508 2485 1561; x_wconf 86' lang='grc' dir='ltr'><strong>τοῦ</strong></span> <span class='ocrx_word' id='word_1_215' title='bbox 2534 1506 2663 1560; x_wconf 88' lang='grc' dir='ltr'>Υἱοῦ</span> <span class='ocrx_word' id='word_1_216' title='bbox 2713 1503 2989 1575; x_wconf 73' lang='grc' dir='ltr'>λαμϐάνον</span> <span class='ocrx_word' id='word_1_217' title='bbox 3018 1544 3032 1567; x_wconf 85' lang='grc'><strong>,</strong></span> <span class='ocrx_word' id='word_1_218' title='bbox 3085 1499 3318 1571; x_wconf 78' lang='grc' dir='ltr'>ἐρευνῶν</span> <span class='ocrx_word' id='word_1_219' title='bbox 3346 1500 3414 1553; x_wconf 81' lang='grc' dir='ltr'><strong>τὰ</strong></span> <span class='ocrx_word' id='word_1_220' title='bbox 3448 1499 3583 1567; x_wconf 83' lang='grc' dir='ltr'>βάθη</span> <span class='ocrx_word' id='word_1_221' title='bbox 3612 1497 3709 1551; x_wconf 85' lang='grc' dir='ltr'><strong>τοῦ</strong></span> 
     </span>
    </p>
   </div>
   <div class='ocr_carea' id='block_1_24' title="bbox 447 1590 2027 1666">
    <p class='ocr_par' dir='ltr' id='par_1_24' title="bbox 447 1590 2027 1666">
     <span class='ocr_line' id='line_1_24' title="bbox 447 1590 2027 1666; baseline 0.006 -21"><span class='ocrx_word' id='word_1_222' title='bbox 447 1590 571 1645; x_wconf 89' lang='lat' dir='ltr'><strong>Filii</strong></span> <span class='ocrx_word' id='word_1_223' title='bbox 614 1592 834 1662; x_wconf 88' lang='lat' dir='ltr'><strong>propria</strong></span> <span class='ocrx_word' id='word_1_224' title='bbox 866 1601 996 1648; x_wconf 91' lang='lat' dir='ltr'><strong>sunt</strong></span> <span class='ocrx_word' id='word_1_225' title='bbox 1028 1592 1084 1648; x_wconf 86' lang='lat' dir='ltr'><strong>in</strong></span> <span class='ocrx_word' id='word_1_226' title='bbox 1126 1594 1391 1649; x_wconf 91' lang='lat' dir='ltr'><strong>mundum</strong></span> <span class='ocrx_word' id='word_1_227' title='bbox 1437 1596 1764 1666; x_wconf 80' lang='lat' dir='ltr'><strong>praedicans,</strong></span> <span class='ocrx_word' id='word_1_228' title='bbox 1806 1606 2027 1655; x_wconf 89' lang='lat' dir='ltr'><strong>sanctos</strong></span> 
     </span>
    </p>
   </div>
   <div class='ocr_carea' id='block_1_25' title="bbox 448 1681 2024 1756">
    <p class='ocr_par' dir='ltr' id='par_1_25' title="bbox 448 1681 2024 1756">
     <span class='ocr_line' id='line_1_25' title="bbox 448 1681 2024 1756; baseline 0.005 -19"><span class='ocrx_word' id='word_1_229' title='bbox 448 1692 549 1752; x_wconf 81' lang='lat' dir='ltr'><strong>per</strong></span> <span class='ocrx_word' id='word_1_230' title='bbox 588 1681 913 1738; x_wconf 77' lang='lat' dir='ltr'><strong>Trinitatem</strong></span> <span class='ocrx_word' id='word_1_231' title='bbox 957 1684 1334 1751; x_wconf 81' lang='lat' dir='ltr'><strong>sanctiﬁcans,</strong></span> <span class='ocrx_word' id='word_1_232' title='bbox 1390 1688 1753 1756; x_wconf 87' lang='lat' dir='ltr'><strong>appellatione</strong></span> <span class='ocrx_word' id='word_1_233' title='bbox 1782 1689 2024 1745; x_wconf 89' lang='lat' dir='ltr'><strong>tertius:</strong></span> 
     </span>
    </p>
   </div>
   <div class='ocr_carea' id='block_1_26' title="bbox 449 1772 2025 1849">
    <p class='ocr_par' dir='ltr' id='par_1_26' title="bbox 449 1772 2025 1849">
     <span class='ocr_line' id='line_1_26' title="bbox 449 1772 2025 1849; baseline 0.005 -24"><span class='ocrx_word' id='word_1_234' title='bbox 449 1772 610 1827; x_wconf 77' lang='lat' dir='ltr'><strong>Pater</strong></span> <span class='ocrx_word' id='word_1_235' title='bbox 632 1780 688 1828; x_wconf 89' lang='lat' dir='ltr'><strong>et</strong></span> <span class='ocrx_word' id='word_1_236' title='bbox 720 1772 892 1830; x_wconf 88' lang='lat' dir='ltr'><strong>Filius</strong></span> <span class='ocrx_word' id='word_1_237' title='bbox 920 1783 974 1831; x_wconf 90' lang='lat' dir='ltr'><strong>et</strong></span> <span class='ocrx_word' id='word_1_238' title='bbox 1006 1775 1247 1845; x_wconf 89' lang='lat' dir='ltr'><strong>Spiritus</strong></span> <span class='ocrx_word' id='word_1_239' title='bbox 1280 1785 1531 1833; x_wconf 65' lang='lat' dir='ltr'><strong>sanctus.</strong></span> <span class='ocrx_word' id='word_1_240' title='bbox 1570 1777 1794 1844; x_wconf 82' lang='lat' dir='ltr'><strong>Euntes,</strong></span> <span class='ocrx_word' id='word_1_241' title='bbox 1828 1779 2025 1849; x_wconf 88' lang='lat' dir='ltr'><strong>inquit,</strong></span> 
     </span>
    </p>
   </div>
   <div class='ocr_carea' id='block_1_27' title="bbox 449 1866 2029 1937">
    <p class='ocr_par' dir='ltr' id='par_1_27' title="bbox 449 1866 2029 1937">
     <span class='ocr_line' id='line_1_27' title="bbox 449 1866 2029 1937; baseline 0.004 -19"><span class='ocrx_word' id='word_1_242' title='bbox 449 1866 717 1934; x_wconf 73' lang='lat' dir='ltr'><strong>baptizata</strong></span> <span class='ocrx_word' id='word_1_243' title='bbox 744 1867 799 1918; x_wconf 83' lang='lat' dir='ltr'><strong>in</strong></span> <span class='ocrx_word' id='word_1_244' title='bbox 832 1869 1044 1921; x_wconf 79' lang='lat' dir='ltr'><strong>nomine</strong></span> <span class='ocrx_word' id='word_1_245' title='bbox 1083 1867 1271 1922; x_wconf 80' lang='lat' dir='ltr'><strong>Patris</strong></span> <span class='ocrx_word' id='word_1_246' title='bbox 1297 1878 1348 1922; x_wconf 88' lang='lat' dir='ltr'><strong>et</strong></span> <span class='ocrx_word' id='word_1_247' title='bbox 1386 1867 1517 1922; x_wconf 84' lang='lat' dir='ltr'><strong>Filii</strong></span> <span class='ocrx_word' id='word_1_248' title='bbox 1553 1879 1603 1923; x_wconf 89' lang='lat' dir='ltr'><strong>et</strong></span> <span class='ocrx_word' id='word_1_249' title='bbox 1649 1868 1879 1937; x_wconf 80' lang='lat' dir='ltr'><strong>Spiritus</strong></span> <span class='ocrx_word' id='word_1_250' title='bbox 1910 1887 2029 1924; x_wconf 83' lang='lat' dir='ltr'><strong>san-</strong></span> 
     </span>
    </p>
   </div>
   <div class='ocr_carea' id='block_1_28' title="bbox 444 1956 2025 2030">
    <p class='ocr_par' dir='ltr' id='par_1_28' title="bbox 444 1956 2025 2030">
     <span class='ocr_line' id='line_1_28' title="bbox 444 1956 2025 2030; baseline 0.003 -21"><span class='ocrx_word' id='word_1_251' title='bbox 444 1958 582 2011; x_wconf 68' lang='lat' dir='ltr'><strong>cti‘.</strong></span> <span class='ocrx_word' id='word_1_252' title='bbox 610 1957 708 2012; x_wconf 89' lang='lat' dir='ltr'><strong>Est</strong></span> <span class='ocrx_word' id='word_1_253' title='bbox 753 1958 899 2012; x_wconf 90' lang='lat' dir='ltr'><strong>enim</strong></span> <span class='ocrx_word' id='word_1_254' title='bbox 945 1956 1187 2028; x_wconf 89' lang='lat' dir='ltr'><strong>Spiritus</strong></span> <span class='ocrx_word' id='word_1_255' title='bbox 1228 1959 1504 2029; x_wconf 88' lang='lat' dir='ltr'><strong>quoddam</strong></span> <span class='ocrx_word' id='word_1_256' title='bbox 1532 1961 1722 2030; x_wconf 77' lang='lat' dir='ltr'><strong>gratiae</strong></span> <span class='ocrx_word' id='word_1_257' title='bbox 1766 1960 2025 2029; x_wconf 80' lang='lat' dir='ltr'><strong>sigillum,</strong></span> 
     </span>
    </p>
   </div>
   <div class='ocr_carea' id='block_1_29' title="bbox 450 2046 2028 2114">
    <p class='ocr_par' dir='ltr' id='par_1_29' title="bbox 450 2046 2028 2114">
     <span class='ocr_line' id='line_1_29' title="bbox 450 2046 2028 2114; baseline 0.003 -14"><span class='ocrx_word' id='word_1_258' title='bbox 450 2046 737 2102; x_wconf 87' lang='lat' dir='ltr'><strong>Trinitatis</strong></span> <span class='ocrx_word' id='word_1_259' title='bbox 770 2048 1069 2113; x_wconf 86' lang='lat' dir='ltr'><strong>vinculum,</strong></span> <span class='ocrx_word' id='word_1_260' title='bbox 1132 2065 1242 2103; x_wconf 91' lang='lat' dir='ltr'><strong>non</strong></span> <span class='ocrx_word' id='word_1_261' title='bbox 1302 2050 1515 2105; x_wconf 84' lang='lat' dir='ltr'><strong>alienus</strong></span> <span class='ocrx_word' id='word_1_262' title='bbox 1548 2065 1579 2103; x_wconf 86' lang='lat' dir='ltr'><strong>a</strong></span> <span class='ocrx_word' id='word_1_263' title='bbox 1620 2065 1870 2114; x_wconf 88' lang='lat' dir='ltr'><strong>numero,</strong></span> <span class='ocrx_word' id='word_1_264' title='bbox 1918 2066 2028 2105; x_wconf 90' lang='lat' dir='ltr'><strong>non</strong></span> 
     </span>
    </p>
   </div>
   <div class='ocr_carea' id='block_1_30' title="bbox 452 2136 2031 2210">
    <p class='ocr_par' dir='ltr' id='par_1_30' title="bbox 452 2136 2031 2210">
     <span class='ocr_line' id='line_1_30' title="bbox 452 2136 2031 2210; baseline 0.003 -21"><span class='ocrx_word' id='word_1_265' title='bbox 452 2138 822 2207; x_wconf 88' lang='lat' dir='ltr'><strong>appellatione</strong></span> <span class='ocrx_word' id='word_1_266' title='bbox 854 2136 1201 2207; x_wconf 85' lang='lat' dir='ltr'><strong>discrepans,</strong></span> <span class='ocrx_word' id='word_1_267' title='bbox 1230 2152 1330 2193; x_wconf 85' lang='lat' dir='ltr'><strong>nec</strong></span> <span class='ocrx_word' id='word_1_268' title='bbox 1362 2146 1623 2209; x_wconf 86' lang='lat' dir='ltr'><strong>tanquam</strong></span> <span class='ocrx_word' id='word_1_269' title='bbox 1651 2140 1970 2210; x_wconf 80' lang='lat' dir='ltr'><strong>peregrinus</strong></span> <span class='ocrx_word' id='word_1_270' title='bbox 1998 2154 2031 2193; x_wconf 88' lang='lat' dir='ltr'><strong>a</strong></span> 
     </span>
    </p>
   </div>
   <div class='ocr_carea' id='block_1_31' title="bbox 450 2228 2030 2298">
    <p class='ocr_par' dir='ltr' id='par_1_31' title="bbox 450 2228 2030 2298">
     <span class='ocr_line' id='line_1_31' title="bbox 450 2228 2030 2298; baseline 0.004 -18"><span class='ocrx_word' id='word_1_271' title='bbox 450 2228 758 2298; x_wconf 83' lang='lat' dir='ltr'><strong>largitionis</strong></span> <span class='ocrx_word' id='word_1_272' title='bbox 816 2228 1206 2282; x_wconf 90' lang='lat' dir='ltr'><strong>communione</strong></span> <span class='ocrx_word' id='word_1_273' title='bbox 1264 2231 1602 2297; x_wconf 87' lang='lat' dir='ltr'><strong>separandus</strong></span> <span class='ocrx_word' id='word_1_274' title='bbox 1658 2247 1673 2283; x_wconf 92' lang='lat'><strong>:</strong></span> <span class='ocrx_word' id='word_1_275' title='bbox 1724 2231 1817 2285; x_wconf 91' lang='lat' dir='ltr'><strong>sed</strong></span> <span class='ocrx_word' id='word_1_276' title='bbox 1886 2246 2030 2286; x_wconf 87' lang='lat' dir='ltr'><strong>unus</strong></span> 
     </span>
    </p>
   </div>
   <div class='ocr_carea' id='block_1_32' title="bbox 450 2314 2029 2385">
    <p class='ocr_par' dir='ltr' id='par_1_32' title="bbox 450 2314 2029 2385">
     <span class='ocr_line' id='line_1_32' title="bbox 450 2314 2029 2385; baseline 0.001 -15"><span class='ocrx_word' id='word_1_277' title='bbox 450 2315 618 2381; x_wconf 87' lang='lat' dir='ltr'><strong>Deus,</strong></span> <span class='ocrx_word' id='word_1_278' title='bbox 663 2330 770 2368; x_wconf 86' lang='lat' dir='ltr'><strong>una</strong></span> <span class='ocrx_word' id='word_1_279' title='bbox 805 2314 963 2377; x_wconf 85' lang='lat' dir='ltr'><strong>ﬁdes,</strong></span> <span class='ocrx_word' id='word_1_280' title='bbox 1014 2330 1155 2369; x_wconf 91' lang='lat' dir='ltr'><strong>unus</strong></span> <span class='ocrx_word' id='word_1_281' title='bbox 1187 2314 1472 2378; x_wconf 90' lang='lat' dir='ltr'><strong>Dominus,</strong></span> <span class='ocrx_word' id='word_1_282' title='bbox 1526 2331 1632 2369; x_wconf 89' lang='lat' dir='ltr'><strong>una</strong></span> <span class='ocrx_word' id='word_1_283' title='bbox 1669 2318 1869 2385; x_wconf 81' lang='lat' dir='ltr'><strong>gratia,</strong></span> <span class='ocrx_word' id='word_1_284' title='bbox 1920 2332 2029 2371; x_wconf 88' lang='lat' dir='ltr'><strong>una</strong></span> 
     </span>
    </p>
   </div>
   <div class='ocr_carea' id='block_1_33' title="bbox 452 2404 2026 2477">
    <p class='ocr_par' dir='ltr' id='par_1_33' title="bbox 452 2404 2026 2477">
     <span class='ocr_line' id='line_1_33' title="bbox 452 2404 2026 2477; baseline 0.003 -19"><span class='ocrx_word' id='word_1_285' title='bbox 452 2405 716 2471; x_wconf 81' lang='lat' dir='ltr'><strong>Ecclesia,</strong></span> <span class='ocrx_word' id='word_1_286' title='bbox 761 2420 933 2459; x_wconf 89' lang='lat' dir='ltr'><strong>unum</strong></span> <span class='ocrx_word' id='word_1_287' title='bbox 976 2405 1248 2474; x_wconf 89' lang='lat' dir='ltr'><strong>baptisma</strong></span> <span class='ocrx_word' id='word_1_288' title='bbox 1271 2407 1313 2457; x_wconf 82' lang='grc'><strong>⁸.</strong></span> <span class='ocrx_word' id='word_1_289' title='bbox 1357 2404 1604 2461; x_wconf 86' lang='lat' dir='ltr'><strong>Trinitas</strong></span> <span class='ocrx_word' id='word_1_290' title='bbox 1645 2422 1863 2477; x_wconf 87' lang='lat' dir='ltr'><strong>semper</strong></span> <span class='ocrx_word' id='word_1_291' title='bbox 1900 2407 2026 2462; x_wconf 80' lang='lat' dir='ltr'><strong>Tri-</strong></span> 
     </span>
    </p>
   </div>
   <div class='ocr_carea' id='block_1_34' title="bbox 450 2494 2025 2569">
    <p class='ocr_par' dir='ltr' id='par_1_34' title="bbox 450 2494 2025 2569">
     <span class='ocr_line' id='line_1_34' title="bbox 450 2494 2025 2569; baseline 0.004 -20"><span class='ocrx_word' id='word_1_292' title='bbox 450 2494 601 2549; x_wconf 88' lang='lat' dir='ltr'><strong>nitas</strong></span> <span class='ocrx_word' id='word_1_293' title='bbox 638 2501 768 2550; x_wconf 87' lang='lat' dir='ltr'><strong>est:</strong></span> <span class='ocrx_word' id='word_1_294' title='bbox 806 2495 895 2548; x_wconf 92' lang='lat' dir='ltr'><strong>cui</strong></span> <span class='ocrx_word' id='word_1_295' title='bbox 922 2495 1060 2548; x_wconf 90' lang='lat' dir='ltr'><strong>nihil</strong></span> <span class='ocrx_word' id='word_1_296' title='bbox 1098 2510 1339 2563; x_wconf 89' lang='lat' dir='ltr'><strong>unquam</strong></span> <span class='ocrx_word' id='word_1_297' title='bbox 1369 2496 1533 2565; x_wconf 88' lang='lat' dir='ltr'><strong>adjici</strong></span> <span class='ocrx_word' id='word_1_298' title='bbox 1572 2504 1771 2567; x_wconf 83' lang='lat' dir='ltr'><strong>potest,</strong></span> <span class='ocrx_word' id='word_1_299' title='bbox 1792 2513 2025 2569; x_wconf 68' lang='lat' dir='ltr'><strong>quinque</strong></span> 
     </span>
    </p>
   </div>
   <div class='ocr_carea' id='block_1_35' title="bbox 449 2583 2028 2657">
    <p class='ocr_par' dir='ltr' id='par_1_35' title="bbox 449 2583 2028 2657">
     <span class='ocr_line' id='line_1_35' title="bbox 449 2583 2028 2657; baseline 0.001 -16"><span class='ocrx_word' id='word_1_300' title='bbox 449 2587 529 2641; x_wconf 84' lang='lat' dir='ltr'><strong>ita</strong></span> <span class='ocrx_word' id='word_1_301' title='bbox 574 2592 914 2650; x_wconf 77' lang='lat' dir='ltr'><strong>numeratur,</strong></span> <span class='ocrx_word' id='word_1_302' title='bbox 957 2583 1137 2657; x_wconf 78' lang='lat' dir='ltr'><strong>Pater,</strong></span> <span class='ocrx_word' id='word_1_303' title='bbox 1168 2584 1341 2640; x_wconf 85' lang='lat' dir='ltr'><strong>Filius</strong></span> <span class='ocrx_word' id='word_1_304' title='bbox 1386 2595 1441 2641; x_wconf 93' lang='lat' dir='ltr'><strong>et</strong></span> <span class='ocrx_word' id='word_1_305' title='bbox 1501 2586 1742 2657; x_wconf 88' lang='lat' dir='ltr'><strong>Spiritus</strong></span> <span class='ocrx_word' id='word_1_306' title='bbox 1775 2600 2028 2656; x_wconf 83' lang='lat' dir='ltr'><strong>sanctus;</strong></span> 
     </span>
    </p>
   </div>
   <div class='ocr_carea' id='block_1_36' title="bbox 449 2654 2031 2748">
    <p class='ocr_par' dir='ltr' id='par_1_36' title="bbox 449 2654 2031 2748">
     <span class='ocr_line' id='line_1_36' title="bbox 449 2654 2031 2748; baseline 0.001 -14"><span class='ocrx_word' id='word_1_307' title='bbox 449 2694 554 2734; x_wconf 82' lang='lat' dir='ltr'><strong>nec</strong></span> <span class='ocrx_word' id='word_1_308' title='bbox 597 2686 681 2734; x_wconf 89' lang='lat' dir='ltr'><strong>est</strong></span> <span class='ocrx_word' id='word_1_309' title='bbox 740 2654 1044 2732; x_wconf 53' lang='lat' dir='ltr'><strong>confusum.</strong></span> <span class='ocrx_word' id='word_1_310' title='bbox 1081 2684 1176 2732; x_wconf 91' lang='lat' dir='ltr'><strong>aut</strong></span> <span class='ocrx_word' id='word_1_311' title='bbox 1220 2678 1536 2733; x_wconf 86' lang='lat' dir='ltr'><strong>coalescens</strong></span> <span class='ocrx_word' id='word_1_312' title='bbox 1582 2678 1891 2748; x_wconf 90' lang='lat' dir='ltr'><strong>quidpiam;</strong></span> <span class='ocrx_word' id='word_1_313' title='bbox 1931 2694 2031 2735; x_wconf 91' lang='lat' dir='ltr'><strong>nec</strong></span> 
     </span>
    </p>
   </div>
   <div class='ocr_carea' id='block_1_37' title="bbox 449 2766 2079 2837">
    <p class='ocr_par' dir='ltr' id='par_1_37' title="bbox 449 2766 2079 2837">
     <span class='ocr_line' id='line_1_37' title="bbox 449 2766 2079 2837; baseline 0.001 -15"><span class='ocrx_word' id='word_1_314' title='bbox 449 2767 655 2837; x_wconf 87' lang='lat' dir='ltr'><strong>aliquid</strong></span> <span class='ocrx_word' id='word_1_315' title='bbox 694 2767 838 2821; x_wconf 92' lang='lat' dir='ltr'><strong>inest</strong></span> <span class='ocrx_word' id='word_1_316' title='bbox 878 2766 982 2837; x_wconf 84' lang='lat' dir='ltr'><strong>ipsi</strong></span> <span class='ocrx_word' id='word_1_317' title='bbox 1030 2766 1100 2821; x_wconf 85' lang='lat' dir='ltr'><strong>ab</strong></span> <span class='ocrx_word' id='word_1_318' title='bbox 1157 2768 1369 2822; x_wconf 87' lang='lat' dir='ltr'><strong>unitate</strong></span> <span class='ocrx_word' id='word_1_319' title='bbox 1405 2768 1626 2837; x_wconf 88' lang='lat' dir='ltr'><strong>propria</strong></span> <span class='ocrx_word' id='word_1_320' title='bbox 1665 2768 1976 2835; x_wconf 77' lang='lat' dir='ltr'><strong>seiunctum</strong></span> <span class='ocrx_word' id='word_1_321' title='bbox 2011 2786 2024 2823; x_wconf 94' lang='lat'>:</span> <span class='ocrx_word' id='word_1_322' title='bbox 2076 2802 2079 2803; x_wconf 52' lang='grc' dir='ltr'><em>ν</em></span> 
     </span>
    </p>
   </div>
   <div class='ocr_carea' id='block_1_38' title="bbox 2130 1587 3710 1666">
    <p class='ocr_par' dir='ltr' id='par_1_38' title="bbox 2130 1587 3710 1666">
     <span class='ocr_line' id='line_1_38' title="bbox 2130 1587 3710 1666; baseline -0.008 -14"><span class='ocrx_word' id='word_1_323' title='bbox 2130 1598 2265 1652; x_wconf 84' lang='grc' dir='ltr'>Θεοῦ</span> <span class='ocrx_word' id='word_1_324' title='bbox 2293 1638 2307 1661; x_wconf 88' lang='grc'><strong>,</strong></span> <span class='ocrx_word' id='word_1_325' title='bbox 2338 1596 2669 1666; x_wconf 83' lang='grc' dir='ltr'>ἀναγγέλλον</span> <span class='ocrx_word' id='word_1_326' title='bbox 2717 1595 2786 1647; x_wconf 83' lang='grc' dir='ltr'><strong>τὰ</strong></span> <span class='ocrx_word' id='word_1_327' title='bbox 2822 1590 2916 1646; x_wconf 84' lang='grc' dir='ltr'>τοῦ</span> <span class='ocrx_word' id='word_1_328' title='bbox 2967 1590 3097 1645; x_wconf 81' lang='grc' dir='ltr'>Υίοῦ</span> <span class='ocrx_word' id='word_1_329' title='bbox 3124 1630 3140 1655; x_wconf 87' lang='grc'><strong>,</strong></span> <span class='ocrx_word' id='word_1_330' title='bbox 3171 1592 3227 1644; x_wconf 86' lang='grc' dir='ltr'>ὲν</span> <span class='ocrx_word' id='word_1_331' title='bbox 3259 1588 3447 1658; x_wconf 83' lang='grc' dir='ltr'>κόσμῳ</span> <span class='ocrx_word' id='word_1_332' title='bbox 3483 1587 3710 1655; x_wconf 79' lang='grc' dir='ltr'>ἁγιάζον</span> 
     </span>
    </p>
   </div>
   <div class='ocr_carea' id='block_1_39' title="bbox 2131 1675 3710 1755">
    <p class='ocr_par' dir='ltr' id='par_1_39' title="bbox 2131 1675 3710 1755">
     <span class='ocr_line' id='line_1_39' title="bbox 2131 1675 3710 1755; baseline -0.004 -21"><span class='ocrx_word' id='word_1_333' title='bbox 2131 1687 2318 1755; x_wconf 76' lang='grc' dir='ltr'>ἁγίους</span> <span class='ocrx_word' id='word_1_334' title='bbox 2346 1685 2435 1738; x_wconf 81' lang='grc' dir='ltr'><strong>διὰ</strong></span> <span class='ocrx_word' id='word_1_335' title='bbox 2460 1684 2561 1755; x_wconf 84' lang='grc' dir='ltr'><strong>τῆς</strong></span> <span class='ocrx_word' id='word_1_336' title='bbox 2591 1682 2851 1753; x_wconf 83' lang='grc' dir='ltr'>Τριάδος,</span> <span class='ocrx_word' id='word_1_337' title='bbox 2886 1679 3068 1751; x_wconf 82' lang='grc' dir='ltr'>τρίτον</span> <span class='ocrx_word' id='word_1_338' title='bbox 3101 1680 3167 1748; x_wconf 74' lang='grc' dir='ltr'><strong>τῇ</strong></span> <span class='ocrx_word' id='word_1_339' title='bbox 3189 1676 3482 1747; x_wconf 81' lang='grc' dir='ltr'>ὀνομασίᾳ·</span> <span class='ocrx_word' id='word_1_340' title='bbox 3518 1675 3710 1744; x_wconf 84' lang='grc' dir='ltr'>Πατὴρ</span> 
     </span>
    </p>
   </div>
   <div class='ocr_carea' id='block_1_40' title="bbox 2130 1767 3705 1841">
    <p class='ocr_par' dir='ltr' id='par_1_40' title="bbox 2130 1767 3705 1841">
     <span class='ocr_line' id='line_1_40' title="bbox 2130 1767 3705 1841; baseline -0.01 -8"><span class='ocrx_word' id='word_1_341' title='bbox 2130 1780 2225 1832; x_wconf 75' lang='grc' dir='ltr'>καὶ</span> <span class='ocrx_word' id='word_1_342' title='bbox 2266 1780 2295 1832; x_wconf 89' lang='lat'><strong>6</strong></span> <span class='ocrx_word' id='word_1_343' title='bbox 2345 1778 2472 1840; x_wconf 81' lang='grc' dir='ltr'>Υἱὸς</span> <span class='ocrx_word' id='word_1_344' title='bbox 2531 1776 2625 1829; x_wconf 73' lang='lat' dir='ltr'><strong>ml.</strong></span> <span class='ocrx_word' id='word_1_345' title='bbox 2675 1773 2736 1827; x_wconf 81' lang='grc' dir='ltr'><strong>τὸ</strong></span> <span class='ocrx_word' id='word_1_346' title='bbox 2796 1772 2950 1841; x_wconf 75' lang='grc' dir='ltr'>ἅγιον</span> <span class='ocrx_word' id='word_1_347' title='bbox 2999 1767 3245 1839; x_wconf 88' lang='grc' dir='ltr'>Πνεῦμα.</span> <span class='ocrx_word' id='word_1_348' title='bbox 3302 1767 3705 1830; x_wconf 74' lang='grc' dir='ltr'><strong>Ἀπελθόντες,</strong></span> 
     </span>
    </p>
   </div>
   <div class='ocr_carea' id='block_1_41' title="bbox 2131 1855 3712 1938">
    <p class='ocr_par' dir='ltr' id='par_1_41' title="bbox 2131 1855 3712 1938">
     <span class='ocr_line' id='line_1_41' title="bbox 2131 1855 3712 1938; baseline -0.008 -17"><span class='ocrx_word' id='word_1_349' title='bbox 2131 1869 2265 1938; x_wconf 71' lang='grc' dir='ltr'>φησὶ</span> <span class='ocrx_word' id='word_1_350' title='bbox 2288 1908 2303 1933; x_wconf 90' lang='grc'><strong>,</strong></span> <span class='ocrx_word' id='word_1_351' title='bbox 2333 1866 2675 1932; x_wconf 76' lang='grc' dir='ltr'>βαπτίσατε</span> <span class='ocrx_word' id='word_1_352' title='bbox 2704 1866 2792 1929; x_wconf 83' lang='grc' dir='ltr'>εις</span> <span class='ocrx_word' id='word_1_353' title='bbox 2837 1863 3024 1931; x_wconf 82' lang='grc' dir='ltr'>ὄνομα</span> <span class='ocrx_word' id='word_1_354' title='bbox 3052 1858 3279 1926; x_wconf 78' lang='grc' dir='ltr'>Πατρός</span> <span class='ocrx_word' id='word_1_355' title='bbox 3311 1857 3410 1912; x_wconf 77' lang='grc' dir='ltr'>καὶ</span> <span class='ocrx_word' id='word_1_356' title='bbox 3445 1856 3582 1911; x_wconf 82' lang='grc' dir='ltr'>Υίοῦ</span> <span class='ocrx_word' id='word_1_357' title='bbox 3609 1855 3712 1910; x_wconf 75' lang='grc' dir='ltr'>καὶ</span> 
     </span>
    </p>
   </div>
   <div class='ocr_carea' id='block_1_42' title="bbox 2129 1946 3710 2030">
    <p class='ocr_par' dir='ltr' id='par_1_42' title="bbox 2129 1946 3710 2030">
     <span class='ocr_line' id='line_1_42' title="bbox 2129 1946 3710 2030; baseline -0.008 -16"><span class='ocrx_word' id='word_1_358' title='bbox 2129 1960 2300 2030; x_wconf 77' lang='grc' dir='ltr'>ἁγίου</span> <span class='ocrx_word' id='word_1_359' title='bbox 2335 1960 2682 2027; x_wconf 81' lang='grc' dir='ltr'>Πνεύματος</span> <span class='ocrx_word' id='word_1_360' title='bbox 2704 1971 2719 1986; x_wconf 94' lang='grc'><strong>·</strong></span> <span class='ocrx_word' id='word_1_361' title='bbox 2752 1955 2874 2008; x_wconf 73' lang='grc' dir='ltr'>ἐπεὶ</span> <span class='ocrx_word' id='word_1_362' title='bbox 2903 1952 3142 2025; x_wconf 76' lang='grc' dir='ltr'>σφραγὶς</span> <span class='ocrx_word' id='word_1_363' title='bbox 3169 1952 3269 2021; x_wconf 83' lang='grc' dir='ltr'>τῆς</span> <span class='ocrx_word' id='word_1_364' title='bbox 3295 1951 3516 2021; x_wconf 84' lang='grc' dir='ltr'>χάριτος</span> <span class='ocrx_word' id='word_1_365' title='bbox 3536 1988 3550 2013; x_wconf 86' lang='grc'><strong>,</strong></span> <span class='ocrx_word' id='word_1_366' title='bbox 3587 1946 3710 2002; x_wconf 82' lang='grc' dir='ltr'>σύν-</span> 
     </span>
    </p>
   </div>
   <div class='ocr_carea' id='block_1_43' title="bbox 2128 2037 3708 2120">
    <p class='ocr_par' dir='ltr' id='par_1_43' title="bbox 2128 2037 3708 2120">
     <span class='ocr_line' id='line_1_43' title="bbox 2128 2037 3708 2120; baseline -0.008 -17"><span class='ocrx_word' id='word_1_367' title='bbox 2128 2050 2326 2120; x_wconf 84' lang='grc' dir='ltr'>δεσμος</span> <span class='ocrx_word' id='word_1_368' title='bbox 2356 2049 2455 2118; x_wconf 82' lang='grc' dir='ltr'>τῆς</span> <span class='ocrx_word' id='word_1_369' title='bbox 2484 2048 2715 2119; x_wconf 77' lang='grc' dir='ltr'>Τριάδος</span> <span class='ocrx_word' id='word_1_370' title='bbox 2737 2084 2753 2108; x_wconf 87' lang='grc'><strong>,</strong></span> <span class='ocrx_word' id='word_1_371' title='bbox 2787 2045 2886 2097; x_wconf 83' lang='grc' dir='ltr'><strong>οὐκ</strong></span> <span class='ocrx_word' id='word_1_372' title='bbox 2914 2043 3193 2112; x_wconf 88' lang='grc' dir='ltr'>ἀλλότριον</span> <span class='ocrx_word' id='word_1_373' title='bbox 3227 2040 3321 2093; x_wconf 84' lang='grc' dir='ltr'>τοῦ</span> <span class='ocrx_word' id='word_1_374' title='bbox 3351 2039 3612 2109; x_wconf 85' lang='grc' dir='ltr'>ἀριθμοῦ,</span> <span class='ocrx_word' id='word_1_375' title='bbox 3644 2037 3708 2092; x_wconf 77' lang='grc' dir='ltr'><strong>οὐ</strong></span> 
     </span>
    </p>
   </div>
   <div class='ocr_carea' id='block_1_44' title="bbox 2129 2129 3711 2211">
    <p class='ocr_par' dir='ltr' id='par_1_44' title="bbox 2129 2129 3711 2211">
     <span class='ocr_line' id='line_1_44' title="bbox 2129 2129 3711 2211; baseline -0.007 -16"><span class='ocrx_word' id='word_1_376' title='bbox 2129 2140 2356 2204; x_wconf 86' lang='grc' dir='ltr'>διεστὼς</span> <span class='ocrx_word' id='word_1_377' title='bbox 2395 2141 2494 2211; x_wconf 83' lang='grc' dir='ltr'><strong>τῆς</strong></span> <span class='ocrx_word' id='word_1_378' title='bbox 2525 2138 2819 2210; x_wconf 75' lang='grc' dir='ltr'>ὀνομασίας</span> <span class='ocrx_word' id='word_1_379' title='bbox 2839 2177 2855 2203; x_wconf 91' lang='grc'><strong>,</strong></span> <span class='ocrx_word' id='word_1_380' title='bbox 2900 2137 2960 2188; x_wconf 79' lang='grc' dir='ltr'><strong>οὐ</strong></span> <span class='ocrx_word' id='word_1_381' title='bbox 3013 2135 3161 2201; x_wconf 82' lang='grc' dir='ltr'>ξένον</span> <span class='ocrx_word' id='word_1_382' title='bbox 3188 2132 3284 2202; x_wconf 82' lang='grc' dir='ltr'>τῆς</span> <span class='ocrx_word' id='word_1_383' title='bbox 3312 2131 3518 2202; x_wconf 82' lang='grc' dir='ltr'>δωρεᾶς</span> <span class='ocrx_word' id='word_1_384' title='bbox 3543 2147 3556 2160; x_wconf 90' lang='grc'><strong>·</strong></span> <span class='ocrx_word' id='word_1_385' title='bbox 3592 2129 3711 2185; x_wconf 80' lang='grc' dir='ltr'>ἀλλ’</span> 
     </span>
    </p>
   </div>
   <div class='ocr_carea' id='block_1_45' title="bbox 2130 2221 3710 2299">
    <p class='ocr_par' dir='ltr' id='par_1_45' title="bbox 2130 2221 3710 2299">
     <span class='ocr_line' id='line_1_45' title="bbox 2130 2221 3710 2299; baseline -0.006 -16"><span class='ocrx_word' id='word_1_386' title='bbox 2130 2225 2210 2294; x_wconf 79' lang='grc' dir='ltr'>εἷς</span> <span class='ocrx_word' id='word_1_387' title='bbox 2233 2230 2366 2292; x_wconf 81' lang='grc' dir='ltr'>Θεὸς</span> <span class='ocrx_word' id='word_1_388' title='bbox 2390 2271 2405 2295; x_wconf 90' lang='grc'><strong>,</strong></span> <span class='ocrx_word' id='word_1_389' title='bbox 2438 2230 2536 2299; x_wconf 92' lang='grc' dir='ltr'><strong>μία</strong></span> <span class='ocrx_word' id='word_1_390' title='bbox 2570 2228 2753 2290; x_wconf 79' lang='grc' dir='ltr'>πίστις</span> <span class='ocrx_word' id='word_1_391' title='bbox 2777 2267 2792 2291; x_wconf 91' lang='grc'><strong>,</strong></span> <span class='ocrx_word' id='word_1_392' title='bbox 2826 2222 2908 2289; x_wconf 73' lang='grc' dir='ltr'>εἷς</span> <span class='ocrx_word' id='word_1_393' title='bbox 2945 2224 3149 2296; x_wconf 76' lang='grc' dir='ltr'>Κύριος</span> <span class='ocrx_word' id='word_1_394' title='bbox 3172 2262 3187 2286; x_wconf 87' lang='grc'><strong>,</strong></span> <span class='ocrx_word' id='word_1_395' title='bbox 3213 2221 3271 2275; x_wconf 77' lang='grc' dir='ltr'>ἓν</span> <span class='ocrx_word' id='word_1_396' title='bbox 3299 2222 3541 2292; x_wconf 80' lang='grc' dir='ltr'>χάρισμα</span> <span class='ocrx_word' id='word_1_397' title='bbox 3562 2262 3576 2285; x_wconf 88' lang='grc'><strong>,</strong></span> <span class='ocrx_word' id='word_1_398' title='bbox 3612 2222 3710 2292; x_wconf 90' lang='grc' dir='ltr'><strong>μία</strong></span> 
     </span>
    </p>
   </div>
   <div class='ocr_carea' id='block_1_46' title="bbox 2143 2308 3709 2388">
    <p class='ocr_par' dir='ltr' id='par_1_46' title="bbox 2143 2308 3709 2388">
     <span class='ocr_line' id='line_1_46' title="bbox 2143 2308 3709 2388; baseline -0.005 -17"><span class='ocrx_word' id='word_1_399' title='bbox 2143 2318 2435 2388; x_wconf 80' lang='grc' dir='ltr'>Ἐκκλησία</span> <span class='ocrx_word' id='word_1_400' title='bbox 2457 2357 2471 2380; x_wconf 91' lang='grc'><strong>,</strong></span> <span class='ocrx_word' id='word_1_401' title='bbox 2508 2318 2566 2370; x_wconf 84' lang='grc' dir='ltr'>ἓν</span> <span class='ocrx_word' id='word_1_402' title='bbox 2603 2316 2905 2387; x_wconf 84' lang='grc' dir='ltr'>βάπτισμα.</span> <span class='ocrx_word' id='word_1_403' title='bbox 2946 2314 3056 2366; x_wconf 73' lang='grc' dir='ltr'>Ἀεὶ</span> <span class='ocrx_word' id='word_1_404' title='bbox 3084 2311 3192 2383; x_wconf 83' lang='grc' dir='ltr'><strong>γὰρ</strong></span> <span class='ocrx_word' id='word_1_405' title='bbox 3241 2312 3275 2381; x_wconf 82' lang='grc' dir='ltr'><strong>ἡ</strong></span> <span class='ocrx_word' id='word_1_406' title='bbox 3304 2308 3473 2384; x_wconf 82' lang='grc' dir='ltr'>Τριάς</span> <span class='ocrx_word' id='word_1_407' title='bbox 3520 2312 3709 2381; x_wconf 83' lang='grc' dir='ltr'>Τριάς,</span> 
     </span>
    </p>
   </div>
   <div class='ocr_carea' id='block_1_47' title="bbox 2129 2402 3710 2478">
    <p class='ocr_par' dir='ltr' id='par_1_47' title="bbox 2129 2402 3710 2478">
     <span class='ocr_line' id='line_1_47' title="bbox 2129 2402 3710 2478; baseline -0.006 -17"><span class='ocrx_word' id='word_1_408' title='bbox 2129 2409 2381 2463; x_wconf 82' lang='grc' dir='ltr'>οὐδέποτε</span> <span class='ocrx_word' id='word_1_409' title='bbox 2411 2407 2727 2478; x_wconf 77' lang='grc' dir='ltr'>προσθήκην</span> <span class='ocrx_word' id='word_1_410' title='bbox 2758 2405 3026 2477; x_wconf 77' lang='grc' dir='ltr'>λαμϐάνει</span> <span class='ocrx_word' id='word_1_411' title='bbox 3047 2442 3061 2467; x_wconf 92' lang='lat'><strong>,</strong></span> <span class='ocrx_word' id='word_1_412' title='bbox 3111 2402 3284 2466; x_wconf 77' lang='grc' dir='ltr'>οὕτως</span> <span class='ocrx_word' id='word_1_413' title='bbox 3310 2402 3710 2473; x_wconf 85' lang='grc' dir='ltr'>ἀριθμουμένη,</span> 
     </span>
    </p>
   </div>
   <div class='ocr_carea' id='block_1_48' title="bbox 2131 2489 3711 2569">
    <p class='ocr_par' dir='ltr' id='par_1_48' title="bbox 2131 2489 3711 2569">
     <span class='ocr_line' id='line_1_48' title="bbox 2131 2489 3711 2569; baseline 0.006 -19"><span class='ocrx_word' id='word_1_414' title='bbox 2131 2498 2357 2569; x_wconf 83' lang='grc' dir='ltr'>Πατὴρ,</span> <span class='ocrx_word' id='word_1_415' title='bbox 2407 2496 2532 2559; x_wconf 69' lang='grc' dir='ltr'>Υἱὸς</span> <span class='ocrx_word' id='word_1_416' title='bbox 2586 2497 2681 2549; x_wconf 75' lang='grc' dir='ltr'><strong>καὶ</strong></span> <span class='ocrx_word' id='word_1_417' title='bbox 2729 2494 2884 2562; x_wconf 83' lang='grc' dir='ltr'>ἆγιον</span> <span class='ocrx_word' id='word_1_418' title='bbox 2927 2492 3190 2562; x_wconf 86' lang='grc' dir='ltr'>Πνεῦμα·</span> <span class='ocrx_word' id='word_1_419' title='bbox 3255 2492 3313 2543; x_wconf 80' lang='grc' dir='ltr'>οὐ</span> <span class='ocrx_word' id='word_1_420' title='bbox 3352 2489 3642 2559; x_wconf 75' lang='grc' dir='ltr'><strong>συναλοιφῆ</strong></span> <span class='ocrx_word' id='word_1_421' title='bbox 3676 2490 3711 2559; x_wconf 67' lang='grc' dir='ltr'>ἢ</span> 
     </span>
    </p>
   </div>
   <div class='ocr_carea' id='block_1_49' title="bbox 2130 2579 3715 2658">
    <p class='ocr_par' dir='ltr' id='par_1_49' title="bbox 2130 2579 3715 2658">
     <span class='ocr_line' id='line_1_49' title="bbox 2130 2579 3715 2658; baseline -0.004 -18"><span class='ocrx_word' id='word_1_422' title='bbox 2130 2587 2329 2658; x_wconf 86' lang='grc' dir='ltr'>Τριάς·</span> <span class='ocrx_word' id='word_1_423' title='bbox 2360 2586 2421 2639; x_wconf 84' lang='grc' dir='ltr'><strong>οὐ</strong></span> <span class='ocrx_word' id='word_1_424' title='bbox 2451 2585 2676 2648; x_wconf 79' lang='grc' dir='ltr'>διεστὼς</span> <span class='ocrx_word' id='word_1_425' title='bbox 2699 2602 2750 2636; x_wconf 85' lang='grc' dir='ltr'>τι</span> <span class='ocrx_word' id='word_1_426' title='bbox 2778 2585 2837 2636; x_wconf 83' lang='grc' dir='ltr'>ὲν</span> <span class='ocrx_word' id='word_1_427' title='bbox 2878 2583 3016 2652; x_wconf 76' lang='grc' dir='ltr'>αὐτῇ</span> <span class='ocrx_word' id='word_1_428' title='bbox 3048 2582 3146 2652; x_wconf 83' lang='grc' dir='ltr'>τῆς</span> <span class='ocrx_word' id='word_1_429' title='bbox 3180 2579 3317 2642; x_wconf 82' lang='grc' dir='ltr'>ίδίας</span> <span class='ocrx_word' id='word_1_430' title='bbox 3354 2579 3521 2649; x_wconf 82' lang='grc' dir='ltr'>αὐτῆς</span> <span class='ocrx_word' id='word_1_431' title='bbox 3552 2580 3715 2650; x_wconf 75' lang='grc' dir='ltr'>μονά-</span> 
     </span>
    </p>
   </div>
   <div class='ocr_carea' id='block_1_50' title="bbox 2128 2670 3710 2743">
    <p class='ocr_par' dir='ltr' id='par_1_50' title="bbox 2128 2670 3710 2743">
     <span class='ocr_line' id='line_1_50' title="bbox 2128 2670 3710 2743; baseline -0.004 -15"><span class='ocrx_word' id='word_1_432' title='bbox 2128 2675 2216 2739; x_wconf 87' lang='grc' dir='ltr'><strong>δος</strong></span> <span class='ocrx_word' id='word_1_433' title='bbox 2234 2692 2247 2705; x_wconf 92' lang='grc'><strong>·</strong></span> <span class='ocrx_word' id='word_1_434' title='bbox 2275 2676 2332 2727; x_wconf 86' lang='grc' dir='ltr'>ὲν</span> <span class='ocrx_word' id='word_1_435' title='bbox 2364 2674 2660 2729; x_wconf 84' lang='grc' dir='ltr'>ὑποστάσει</span> <span class='ocrx_word' id='word_1_436' title='bbox 2688 2672 2745 2726; x_wconf 82' lang='grc' dir='ltr'>δὲ</span> <span class='ocrx_word' id='word_1_437' title='bbox 2791 2672 3129 2743; x_wconf 83' lang='grc' dir='ltr'>τελειότητος</span> <span class='ocrx_word' id='word_1_438' title='bbox 3154 2709 3172 2737; x_wconf 87' lang='grc'><strong>,</strong></span> <span class='ocrx_word' id='word_1_439' title='bbox 3201 2670 3408 2733; x_wconf 87' lang='grc' dir='ltr'>τέλειος</span> <span class='ocrx_word' id='word_1_440' title='bbox 3435 2671 3463 2722; x_wconf 93' lang='lat'><strong>6</strong></span> <span class='ocrx_word' id='word_1_441' title='bbox 3501 2670 3710 2741; x_wconf 86' lang='grc' dir='ltr'>Πατὴρ,</span> 
     </span>
    </p>
   </div>
   <div class='ocr_carea' id='block_1_51' title="bbox 2131 2760 3709 2833">
    <p class='ocr_par' dir='ltr' id='par_1_51' title="bbox 2131 2760 3709 2833">
     <span class='ocr_line' id='line_1_51' title="bbox 2131 2760 3709 2833; baseline -0.003 -15"><span class='ocrx_word' id='word_1_442' title='bbox 2131 2765 2335 2827; x_wconf 85' lang='grc' dir='ltr'>τέλειος</span> <span class='ocrx_word' id='word_1_443' title='bbox 2365 2768 2395 2818; x_wconf 93' lang='lat'><strong>6</strong></span> <span class='ocrx_word' id='word_1_444' title='bbox 2418 2765 2544 2829; x_wconf 77' lang='grc' dir='ltr'>Υἱὸς</span> <span class='ocrx_word' id='word_1_445' title='bbox 2568 2804 2583 2829; x_wconf 94' lang='grc'><strong>,</strong></span> <span class='ocrx_word' id='word_1_446' title='bbox 2613 2765 2815 2818; x_wconf 81' lang='grc' dir='ltr'>τέλειον</span> <span class='ocrx_word' id='word_1_447' title='bbox 2846 2764 2906 2817; x_wconf 84' lang='grc' dir='ltr'><strong>τὸ</strong></span> <span class='ocrx_word' id='word_1_448' title='bbox 2948 2762 3173 2833; x_wconf 90' lang='grc' dir='ltr'>Πνεῦμα</span> <span class='ocrx_word' id='word_1_449' title='bbox 3202 2762 3263 2816; x_wconf 84' lang='grc' dir='ltr'><strong>τὸ</strong></span> <span class='ocrx_word' id='word_1_450' title='bbox 3292 2763 3464 2831; x_wconf 74' lang='grc' dir='ltr'>ἅγιον·</span> <span class='ocrx_word' id='word_1_451' title='bbox 3500 2760 3709 2832; x_wconf 81' lang='grc' dir='ltr'>Πατὴρ,</span> 
     </span>
    </p>
   </div>
   <div class='ocr_carea' id='block_1_52' title="bbox 453 2851 2029 2932">
    <p class='ocr_par' dir='ltr' id='par_1_52' title="bbox 453 2858 2024 2930">
     <span class='ocr_line' id='line_1_52' title="bbox 453 2858 2024 2930; baseline 0.003 -18"><span class='ocrx_word' id='word_1_452' title='bbox 453 2858 589 2914; x_wconf 88' lang='lat' dir='ltr'><strong>adeo</strong></span> <span class='ocrx_word' id='word_1_453' title='bbox 634 2867 693 2913; x_wconf 89' lang='lat' dir='ltr'><strong>ut</strong></span> <span class='ocrx_word' id='word_1_454' title='bbox 729 2859 782 2912; x_wconf 92' lang='lat' dir='ltr'><strong>in</strong></span> <span class='ocrx_word' id='word_1_455' title='bbox 816 2858 1057 2927; x_wconf 81' lang='lat' dir='ltr'><strong>perfecta</strong></span> <span class='ocrx_word' id='word_1_456' title='bbox 1089 2858 1371 2929; x_wconf 84' lang='lat' dir='ltr'><strong>hypostasi</strong></span> <span class='ocrx_word' id='word_1_457' title='bbox 1418 2859 1696 2930; x_wconf 81' lang='lat' dir='ltr'><strong>perfectus</strong></span> <span class='ocrx_word' id='word_1_458' title='bbox 1742 2860 1815 2916; x_wconf 91' lang='lat' dir='ltr'><strong>sit</strong></span> <span class='ocrx_word' id='word_1_459' title='bbox 1842 2860 2024 2929; x_wconf 90' lang='lat' dir='ltr'><strong>Pater,</strong></span> 
     </span>
    </p>
   </div>
   <div class='ocr_carea' id='block_1_53' title="bbox 2133 2851 3711 2932">
    <p class='ocr_par' dir='ltr' id='par_1_53' title="bbox 2133 2851 3711 2926">
     <span class='ocr_line' id='line_1_53' title="bbox 2133 2851 3711 2926; baseline -0.003 -17"><span class='ocrx_word' id='word_1_460' title='bbox 2133 2857 2224 2909; x_wconf 71' lang='grc' dir='ltr'><strong>καὶ</strong></span> <span class='ocrx_word' id='word_1_461' title='bbox 2256 2856 2382 2919; x_wconf 77' lang='grc' dir='ltr'>Υἱὸς</span> <span class='ocrx_word' id='word_1_462' title='bbox 2410 2856 2505 2909; x_wconf 72' lang='grc' dir='ltr'>καὶ</span> <span class='ocrx_word' id='word_1_463' title='bbox 2548 2856 2701 2924; x_wconf 73' lang='grc' dir='ltr'>ἅγιον</span> <span class='ocrx_word' id='word_1_464' title='bbox 2734 2855 2980 2926; x_wconf 89' lang='grc' dir='ltr'>Πνεῦμα.</span> <span class='ocrx_word' id='word_1_465' title='bbox 3014 2853 3088 2907; x_wconf 81' lang='grc' dir='ltr'><strong>Τδ</strong></span> <span class='ocrx_word' id='word_1_466' title='bbox 3120 2855 3177 2907; x_wconf 81' lang='grc' dir='ltr'>δὲ</span> <span class='ocrx_word' id='word_1_467' title='bbox 3202 2851 3468 2908; x_wconf 82' lang='grc' dir='ltr'>ἀνάπαλιν</span> <span class='ocrx_word' id='word_1_468' title='bbox 3489 2852 3711 2925; x_wconf 87' lang='grc' dir='ltr'>Πνεῦμα</span> 
     </span>
    </p>
   </div>
   <div class='ocr_carea' id='block_1_54' title="bbox 451 2946 2032 3019">
    <p class='ocr_par' dir='ltr' id='par_1_54' title="bbox 451 2946 2032 3019">
     <span class='ocr_line' id='line_1_54' title="bbox 451 2946 2032 3019; baseline 0.001 -16"><span class='ocrx_word' id='word_1_469' title='bbox 451 2948 729 3019; x_wconf 75' lang='lat' dir='ltr'><strong>perfectus</strong></span> <span class='ocrx_word' id='word_1_470' title='bbox 759 2947 951 3012; x_wconf 83' lang='lat' dir='ltr'><strong>Filius,</strong></span> <span class='ocrx_word' id='word_1_471' title='bbox 984 2946 1257 3017; x_wconf 85' lang='lat' dir='ltr'><strong>perfectus</strong></span> <span class='ocrx_word' id='word_1_472' title='bbox 1297 2947 1539 3017; x_wconf 88' lang='lat' dir='ltr'><strong>Spiritus</strong></span> <span class='ocrx_word' id='word_1_473' title='bbox 1577 2955 1824 3014; x_wconf 86' lang='lat' dir='ltr'><strong>sanctus,</strong></span> <span class='ocrx_word' id='word_1_474' title='bbox 1866 2951 2032 3006; x_wconf 88' lang='lat' dir='ltr'><strong>Pater</strong></span> 
     </span>
    </p>
   </div>
   <div class='ocr_carea' id='block_1_55' title="bbox 446 3035 2031 3109">
    <p class='ocr_par' dir='ltr' id='par_1_55' title="bbox 446 3035 2031 3109">
     <span class='ocr_line' id='line_1_55' title="bbox 446 3035 2031 3109; baseline 0.002 -17"><span class='ocrx_word' id='word_1_475' title='bbox 446 3047 507 3093; x_wconf 87' lang='lat' dir='ltr'><strong>et</strong></span> <span class='ocrx_word' id='word_1_476' title='bbox 541 3038 710 3092; x_wconf 85' lang='lat' dir='ltr'><strong>Filius</strong></span> <span class='ocrx_word' id='word_1_477' title='bbox 738 3045 793 3091; x_wconf 88' lang='lat' dir='ltr'><strong>et</strong></span> <span class='ocrx_word' id='word_1_478' title='bbox 826 3037 928 3105; x_wconf 60' lang='grc' dir='ltr'><strong>ιε</strong></span> <span class='ocrx_word' id='word_1_479' title='bbox 964 3035 1205 3104; x_wconf 84' lang='lat' dir='ltr'><strong>Spiritus</strong></span> <span class='ocrx_word' id='word_1_480' title='bbox 1237 3046 1484 3093; x_wconf 89' lang='lat' dir='ltr'><strong>sanctus.</strong></span> <span class='ocrx_word' id='word_1_481' title='bbox 1519 3037 1591 3090; x_wconf 83' lang='lat' dir='ltr'><strong>At</strong></span> <span class='ocrx_word' id='word_1_482' title='bbox 1617 3052 1749 3092; x_wconf 89' lang='lat' dir='ltr'><strong>vero</strong></span> <span class='ocrx_word' id='word_1_483' title='bbox 1788 3037 2031 3109; x_wconf 88' lang='lat' dir='ltr'><strong>Spiritus</strong></span> 
     </span>
    </p>
   </div>
   <div class='ocr_carea' id='block_1_56' title="bbox 451 3126 2033 3199">
    <p class='ocr_par' dir='ltr' id='par_1_56' title="bbox 451 3126 2033 3199">
     <span class='ocr_line' id='line_1_56' title="bbox 451 3126 2033 3199; baseline 0.001 -17"><span class='ocrx_word' id='word_1_484' title='bbox 451 3126 775 3182; x_wconf 67' lang='lat' dir='ltr'><strong>caelestibus</strong></span> <span class='ocrx_word' id='word_1_485' title='bbox 806 3126 967 3179; x_wconf 89' lang='lat' dir='ltr'><strong>donis</strong></span> <span class='ocrx_word' id='word_1_486' title='bbox 1011 3126 1351 3182; x_wconf 85' lang='lat' dir='ltr'><strong>attribuitur.</strong></span> <span class='ocrx_word' id='word_1_487' title='bbox 1402 3126 1538 3181; x_wconf 86' lang='lat' dir='ltr'><strong>Nam</strong></span> <span class='ocrx_word' id='word_1_488' title='bbox 1581 3127 1862 3184; x_wconf 80' lang='lat' dir='ltr'><strong>divisiones</strong></span> <span class='ocrx_word' id='word_1_489' title='bbox 1908 3147 2033 3199; x_wconf 87' lang='lat' dir='ltr'><strong>gra-</strong></span> 
     </span>
    </p>
   </div>
   <div class='ocr_carea' id='block_1_57' title="bbox 452 3216 2035 3287">
    <p class='ocr_par' dir='ltr' id='par_1_57' title="bbox 452 3216 2035 3287">
     <span class='ocr_line' id='line_1_57' title="bbox 452 3216 2035 3287; baseline 0.003 -18"><span class='ocrx_word' id='word_1_490' title='bbox 452 3218 652 3271; x_wconf 80' lang='lat' dir='ltr'><strong>tiarum</strong></span> <span class='ocrx_word' id='word_1_491' title='bbox 680 3226 824 3281; x_wconf 87' lang='lat' dir='ltr'><strong>sunt,</strong></span> <span class='ocrx_word' id='word_1_492' title='bbox 854 3217 994 3271; x_wconf 88' lang='lat' dir='ltr'><strong>idem</strong></span> <span class='ocrx_word' id='word_1_493' title='bbox 1032 3231 1150 3271; x_wconf 74' lang='lat' dir='ltr'><strong>vero</strong></span> <span class='ocrx_word' id='word_1_494' title='bbox 1197 3216 1467 3287; x_wconf 82' lang='lat' dir='ltr'><strong>Spiritus;</strong></span> <span class='ocrx_word' id='word_1_495' title='bbox 1494 3228 1541 3273; x_wconf 86' lang='lat' dir='ltr'><strong>et</strong></span> <span class='ocrx_word' id='word_1_496' title='bbox 1566 3220 1850 3274; x_wconf 80' lang='lat' dir='ltr'><strong>divisiones</strong></span> <span class='ocrx_word' id='word_1_497' title='bbox 1881 3222 2035 3274; x_wconf 85' lang='lat' dir='ltr'><strong>mini-</strong></span> 
     </span>
    </p>
   </div>
   <div class='ocr_carea' id='block_1_58' title="bbox 454 3307 2032 3375">
    <p class='ocr_par' dir='ltr' id='par_1_58' title="bbox 454 3307 2032 3375">
     <span class='ocr_line' id='line_1_58' title="bbox 454 3307 2032 3375; baseline 0.002 -13"><span class='ocrx_word' id='word_1_498' title='bbox 454 3310 737 3363; x_wconf 79' lang='lat' dir='ltr'><strong>steriorum</strong></span> <span class='ocrx_word' id='word_1_499' title='bbox 779 3317 933 3375; x_wconf 82' lang='lat' dir='ltr'><strong>sunt,</strong></span> <span class='ocrx_word' id='word_1_500' title='bbox 979 3307 1116 3362; x_wconf 82' lang='lat' dir='ltr'><strong>idem</strong></span> <span class='ocrx_word' id='word_1_501' title='bbox 1163 3324 1283 3362; x_wconf 81' lang='lat' dir='ltr'><strong>vero</strong></span> <span class='ocrx_word' id='word_1_502' title='bbox 1309 3308 1615 3375; x_wconf 84' lang='lat' dir='ltr'><strong>Dominus;</strong></span> <span class='ocrx_word' id='word_1_503' title='bbox 1659 3319 1707 3365; x_wconf 82' lang='lat' dir='ltr'><strong>et</strong></span> <span class='ocrx_word' id='word_1_504' title='bbox 1750 3310 2032 3365; x_wconf 76' lang='lat' dir='ltr'><strong>divisiones</strong></span> 
     </span>
    </p>
   </div>
   <div class='ocr_carea' id='block_1_59' title="bbox 455 3398 2031 3471">
    <p class='ocr_par' dir='ltr' id='par_1_59' title="bbox 455 3398 2031 3471">
     <span class='ocr_line' id='line_1_59' title="bbox 455 3398 2031 3471; baseline 0.002 -19"><span class='ocrx_word' id='word_1_505' title='bbox 455 3399 815 3465; x_wconf 83' lang='lat' dir='ltr'><strong>operationum</strong></span> <span class='ocrx_word' id='word_1_506' title='bbox 856 3406 1012 3465; x_wconf 84' lang='lat' dir='ltr'><strong>sunt,</strong></span> <span class='ocrx_word' id='word_1_507' title='bbox 1062 3398 1204 3454; x_wconf 84' lang='lat' dir='ltr'><strong>idem</strong></span> <span class='ocrx_word' id='word_1_508' title='bbox 1240 3415 1357 3454; x_wconf 79' lang='lat' dir='ltr'><strong>vero</strong></span> <span class='ocrx_word' id='word_1_509' title='bbox 1402 3400 1581 3464; x_wconf 85' lang='lat' dir='ltr'><strong>Deus,</strong></span> <span class='ocrx_word' id='word_1_510' title='bbox 1633 3402 1725 3471; x_wconf 84' lang='lat' dir='ltr'><strong>qui</strong></span> <span class='ocrx_word' id='word_1_511' title='bbox 1779 3411 2031 3470; x_wconf 81' lang='lat' dir='ltr'><strong>operatur</strong></span> 
     </span>
    </p>
   </div>
   <div class='ocr_carea' id='block_1_60' title="bbox 456 3488 2035 3562">
    <p class='ocr_par' dir='ltr' id='par_1_60' title="bbox 456 3488 2035 3562">
     <span class='ocr_line' id='line_1_60' title="bbox 456 3488 2035 3562; baseline 0.004 -21"><span class='ocrx_word' id='word_1_512' title='bbox 456 3489 634 3542; x_wconf 88' lang='lat' dir='ltr'><strong>omnia</strong></span> <span class='ocrx_word' id='word_1_513' title='bbox 668 3490 721 3542; x_wconf 89' lang='lat' dir='ltr'><strong>in</strong></span> <span class='ocrx_word' id='word_1_514' title='bbox 760 3488 1003 3543; x_wconf 87' lang='lat' dir='ltr'><strong>omnibus</strong></span> <span class='ocrx_word' id='word_1_515' title='bbox 1018 3489 1060 3545; x_wconf 80' lang='lat'><strong>°.</strong></span> <span class='ocrx_word' id='word_1_516' title='bbox 1093 3488 1384 3560; x_wconf 83' lang='lat' dir='ltr'><strong>Nunquam</strong></span> <span class='ocrx_word' id='word_1_517' title='bbox 1423 3492 1746 3547; x_wconf 81' lang='lat' dir='ltr'><strong>excidamus</strong></span> <span class='ocrx_word' id='word_1_518' title='bbox 1775 3507 1804 3545; x_wconf 93' lang='lat' dir='ltr'><strong>a</strong></span> <span class='ocrx_word' id='word_1_519' title='bbox 1834 3506 2035 3562; x_wconf 84' lang='lat' dir='ltr'><strong>propo-</strong></span> 
     </span>
    </p>
   </div>
   <div class='ocr_carea' id='block_1_61' title="bbox 456 3580 2033 3653">
    <p class='ocr_par' dir='ltr' id='par_1_61' title="bbox 456 3580 2033 3653">
     <span class='ocr_line' id='line_1_61' title="bbox 456 3580 2033 3653; baseline 0.003 -19"><span class='ocrx_word' id='word_1_520' title='bbox 456 3580 583 3642; x_wconf 89' lang='lat' dir='ltr'><strong>sito,</strong></span> <span class='ocrx_word' id='word_1_521' title='bbox 628 3595 905 3650; x_wconf 89' lang='lat' dir='ltr'><strong>nunquam</strong></span> <span class='ocrx_word' id='word_1_522' title='bbox 943 3594 973 3633; x_wconf 85' lang='lat' dir='ltr'><strong>a</strong></span> <span class='ocrx_word' id='word_1_523' title='bbox 1020 3581 1250 3637; x_wconf 85' lang='lat' dir='ltr'><strong>veritate</strong></span> <span class='ocrx_word' id='word_1_524' title='bbox 1293 3582 1635 3637; x_wconf 81' lang='lat' dir='ltr'><strong>deﬁciamus.</strong></span> <span class='ocrx_word' id='word_1_525' title='bbox 1684 3582 1871 3653; x_wconf 86' lang='lat' dir='ltr'><strong>Neque</strong></span> <span class='ocrx_word' id='word_1_526' title='bbox 1904 3598 2033 3638; x_wconf 91' lang='lat' dir='ltr'><strong>vero</strong></span> 
     </span>
    </p>
   </div>
   <div class='ocr_carea' id='block_1_62' title="bbox 457 3668 2035 3745">
    <p class='ocr_par' dir='ltr' id='par_1_62' title="bbox 457 3668 2035 3745">
     <span class='ocr_line' id='line_1_62' title="bbox 457 3668 2035 3745; baseline 0.003 -23"><span class='ocrx_word' id='word_1_527' title='bbox 457 3668 567 3724; x_wconf 91' lang='lat' dir='ltr'><strong>Deo</strong></span> <span class='ocrx_word' id='word_1_528' title='bbox 607 3671 972 3738; x_wconf 85' lang='lat' dir='ltr'><strong>patrocinium</strong></span> <span class='ocrx_word' id='word_1_529' title='bbox 1019 3673 1407 3743; x_wconf 86' lang='lat' dir='ltr'><strong>impendimus,</strong></span> <span class='ocrx_word' id='word_1_530' title='bbox 1441 3674 1538 3729; x_wconf 85' lang='lat' dir='ltr'><strong>sed</strong></span> <span class='ocrx_word' id='word_1_531' title='bbox 1573 3674 1828 3745; x_wconf 79' lang='lat' dir='ltr'><strong>religiose</strong></span> <span class='ocrx_word' id='word_1_532' title='bbox 1872 3672 2035 3729; x_wconf 87' lang='lat' dir='ltr'><strong>senti-</strong></span> 
     </span>
    </p>
   </div>
   <div class='ocr_carea' id='block_1_63' title="bbox 455 3760 2033 3836">
    <p class='ocr_par' dir='ltr' id='par_1_63' title="bbox 455 3760 2033 3836">
     <span class='ocr_line' id='line_1_63' title="bbox 455 3760 2033 3836; baseline 0.003 -23"><span class='ocrx_word' id='word_1_533' title='bbox 455 3774 602 3824; x_wconf 88' lang='lat' dir='ltr'><strong>mus,</strong></span> <span class='ocrx_word' id='word_1_534' title='bbox 649 3775 718 3815; x_wconf 88' lang='lat' dir='ltr'><strong>ne</strong></span> <span class='ocrx_word' id='word_1_535' title='bbox 749 3760 890 3817; x_wconf 82' lang='lat' dir='ltr'><strong>forte</strong></span> <span class='ocrx_word' id='word_1_536' title='bbox 928 3766 1256 3831; x_wconf 87' lang='lat' dir='ltr'><strong>pereamus:</strong></span> <span class='ocrx_word' id='word_1_537' title='bbox 1291 3778 1355 3818; x_wconf 91' lang='lat' dir='ltr'><strong>ac</strong></span> <span class='ocrx_word' id='word_1_538' title='bbox 1387 3763 1686 3834; x_wconf 86' lang='lat' dir='ltr'><strong>loquimur,</strong></span> <span class='ocrx_word' id='word_1_539' title='bbox 1724 3780 1832 3820; x_wconf 93' lang='lat' dir='ltr'><strong>non</strong></span> <span class='ocrx_word' id='word_1_540' title='bbox 1873 3764 2033 3836; x_wconf 87' lang='lat' dir='ltr'><strong>quasi</strong></span> 
     </span>
    </p>
   </div>
   <div class='ocr_carea' id='block_1_64' title="bbox 456 3851 2035 3927">
    <p class='ocr_par' dir='ltr' id='par_1_64' title="bbox 456 3851 2035 3927">
     <span class='ocr_line' id='line_1_64' title="bbox 456 3851 2035 3927; baseline 0.004 -23"><span class='ocrx_word' id='word_1_541' title='bbox 456 3851 1023 3921; x_wconf 87' lang='lat' dir='ltr'><strong>comprehendamus;</strong></span> <span class='ocrx_word' id='word_1_542' title='bbox 1086 3862 1346 3923; x_wconf 87' lang='lat' dir='ltr'><strong>tanquam</strong></span> <span class='ocrx_word' id='word_1_543' title='bbox 1404 3854 1552 3909; x_wconf 91' lang='lat' dir='ltr'><strong>enim</strong></span> <span class='ocrx_word' id='word_1_544' title='bbox 1610 3856 1861 3913; x_wconf 87' lang='lat' dir='ltr'><strong>homines</strong></span> <span class='ocrx_word' id='word_1_545' title='bbox 1912 3871 2035 3927; x_wconf 75' lang='lat' dir='ltr'><strong>quae</strong></span> 
     </span>
    </p>
   </div>
   <div class='ocr_carea' id='block_1_65' title="bbox 458 3939 2033 4010">
    <p class='ocr_par' dir='ltr' id='par_1_65' title="bbox 458 3939 2033 4010">
     <span class='ocr_line' id='line_1_65' title="bbox 458 3939 2033 4010; baseline 0.006 -19"><span class='ocrx_word' id='word_1_546' title='bbox 458 3939 644 3992; x_wconf 89' lang='lat' dir='ltr'><strong>animo</strong></span> <span class='ocrx_word' id='word_1_547' title='bbox 697 3940 1045 4009; x_wconf 87' lang='lat' dir='ltr'><strong>percepimus</strong></span> <span class='ocrx_word' id='word_1_548' title='bbox 1092 3940 1423 4010; x_wconf 89' lang='lat' dir='ltr'><strong>eloquimur.</strong></span> <span class='ocrx_word' id='word_1_549' title='bbox 1476 3942 1548 3995; x_wconf 82' lang='lat' dir='ltr'><strong>At</strong></span> <span class='ocrx_word' id='word_1_550' title='bbox 1596 3943 1816 3999; x_wconf 87' lang='lat' dir='ltr'><strong>divinus</strong></span> <span class='ocrx_word' id='word_1_551' title='bbox 1858 3944 2033 4001; x_wconf 89' lang='lat' dir='ltr'><strong>honos</strong></span> 
     </span>
    </p>
   </div>
   <div class='ocr_carea' id='block_1_66' title="bbox 456 4028 2034 4104">
    <p class='ocr_par' dir='ltr' id='par_1_66' title="bbox 456 4028 2034 4104">
     <span class='ocr_line' id='line_1_66' title="bbox 456 4028 2034 4104; baseline 0.006 -22"><span class='ocrx_word' id='word_1_552' title='bbox 456 4028 757 4085; x_wconf 89' lang='lat' dir='ltr'><strong>immensus</strong></span> <span class='ocrx_word' id='word_1_553' title='bbox 786 4037 893 4093; x_wconf 87' lang='lat' dir='ltr'><strong>est,</strong></span> <span class='ocrx_word' id='word_1_554' title='bbox 926 4038 981 4085; x_wconf 89' lang='lat' dir='ltr'><strong>et</strong></span> <span class='ocrx_word' id='word_1_555' title='bbox 1009 4046 1174 4101; x_wconf 87' lang='lat' dir='ltr'><strong>supra</strong></span> <span class='ocrx_word' id='word_1_556' title='bbox 1212 4032 1413 4087; x_wconf 87' lang='lat' dir='ltr'><strong>mentis</strong></span> <span class='ocrx_word' id='word_1_557' title='bbox 1454 4042 1659 4088; x_wconf 74' lang='lat' dir='ltr'><strong>nostra:</strong></span> <span class='ocrx_word' id='word_1_558' title='bbox 1692 4042 1911 4104; x_wconf 90' lang='lat' dir='ltr'><strong>captum</strong></span> <span class='ocrx_word' id='word_1_559' title='bbox 1948 4036 2034 4091; x_wconf 82' lang='lat' dir='ltr'><strong>in-</strong></span> 
     </span>
    </p>
   </div>
   <div class='ocr_carea' id='block_1_67' title="bbox 455 4118 2031 4195">
    <p class='ocr_par' dir='ltr' id='par_1_67' title="bbox 455 4118 2031 4195">
     <span class='ocr_line' id='line_1_67' title="bbox 455 4118 2031 4195; baseline 0.006 -24"><span class='ocrx_word' id='word_1_560' title='bbox 455 4118 623 4174; x_wconf 84' lang='lat' dir='ltr'><strong>tinitis</strong></span> <span class='ocrx_word' id='word_1_561' title='bbox 670 4120 919 4188; x_wconf 87' lang='lat' dir='ltr'><strong>partibus</strong></span> <span class='ocrx_word' id='word_1_562' title='bbox 950 4121 1220 4174; x_wconf 82' lang='lat' dir='ltr'><strong>attollitur</strong></span> <span class='ocrx_word' id='word_1_563' title='bbox 1250 4140 1265 4175; x_wconf 88' lang='lat'><strong>:</strong></span> <span class='ocrx_word' id='word_1_564' title='bbox 1305 4129 1471 4190; x_wconf 89' lang='lat' dir='ltr'><strong>atque</strong></span> <span class='ocrx_word' id='word_1_565' title='bbox 1512 4122 1588 4175; x_wconf 90' lang='lat' dir='ltr'><strong>ita</strong></span> <span class='ocrx_word' id='word_1_566' title='bbox 1624 4124 1881 4179; x_wconf 75' lang='lat' dir='ltr'><strong>divinitas</strong></span> <span class='ocrx_word' id='word_1_567' title='bbox 1915 4127 2031 4195; x_wconf 86' lang='lat' dir='ltr'><strong>ipsa</strong></span> 
     </span>
    </p>
   </div>
   <div class='ocr_carea' id='block_1_68' title="bbox 2132 2945 3710 3020">
    <p class='ocr_par' dir='ltr' id='par_1_68' title="bbox 2132 2945 3710 3020">
     <span class='ocr_line' id='line_1_68' title="bbox 2132 2945 3710 3020; baseline -0.003 -21"><span class='ocrx_word' id='word_1_568' title='bbox 2132 2948 2463 3020; x_wconf 87' lang='grc' dir='ltr'>χαρίσμασιν</span> <span class='ocrx_word' id='word_1_569' title='bbox 2519 2947 2904 3017; x_wconf 80' lang='grc' dir='ltr'>ὲνταττόμενον</span> <span class='ocrx_word' id='word_1_570' title='bbox 2931 2964 2945 2978; x_wconf 93' lang='grc'><strong>·</strong></span> <span class='ocrx_word' id='word_1_571' title='bbox 3001 2945 3331 3015; x_wconf 79' lang='grc' dir='ltr'>Διαιρέσεις</span> <span class='ocrx_word' id='word_1_572' title='bbox 3385 2945 3492 3016; x_wconf 86' lang='grc' dir='ltr'>γὰρ</span> <span class='ocrx_word' id='word_1_573' title='bbox 3546 2961 3710 3013; x_wconf 84' lang='grc' dir='ltr'>χαρι-</span> 
     </span>
    </p>
   </div>
   <div class='ocr_carea' id='block_1_69' title="bbox 2132 3032 3712 3108">
    <p class='ocr_par' dir='ltr' id='par_1_69' title="bbox 2132 3032 3712 3108">
     <span class='ocr_line' id='line_1_69' title="bbox 2132 3032 3712 3108; baseline -0.003 -17"><span class='ocrx_word' id='word_1_574' title='bbox 2132 3038 2377 3108; x_wconf 81' lang='grc' dir='ltr'>σμάτων</span> <span class='ocrx_word' id='word_1_575' title='bbox 2435 3039 2554 3093; x_wconf 71' lang='grc' dir='ltr'>εἰσί</span> <span class='ocrx_word' id='word_1_576' title='bbox 2581 3079 2597 3104; x_wconf 85' lang='grc'><strong>,</strong></span> <span class='ocrx_word' id='word_1_577' title='bbox 2636 3041 2705 3093; x_wconf 83' lang='grc' dir='ltr'><strong>τὸ</strong></span> <span class='ocrx_word' id='word_1_578' title='bbox 2755 3037 2824 3091; x_wconf 83' lang='grc' dir='ltr'>δὲ</span> <span class='ocrx_word' id='word_1_579' title='bbox 2863 3037 3013 3092; x_wconf 85' lang='grc' dir='ltr'><strong>αὐτὸ</strong></span> <span class='ocrx_word' id='word_1_580' title='bbox 3059 3037 3333 3106; x_wconf 81' lang='grc' dir='ltr'>Πνεῦμα·</span> <span class='ocrx_word' id='word_1_581' title='bbox 3368 3035 3467 3091; x_wconf 72' lang='grc' dir='ltr'>καὶ</span> <span class='ocrx_word' id='word_1_582' title='bbox 3497 3032 3712 3103; x_wconf 73' lang='grc' dir='ltr'>διαιρέ-</span> 
     </span>
    </p>
   </div>
   <div class='ocr_carea' id='block_1_70' title="bbox 2131 3124 3713 3197">
    <p class='ocr_par' dir='ltr' id='par_1_70' title="bbox 2131 3124 3713 3197">
     <span class='ocr_line' id='line_1_70' title="bbox 2131 3124 3713 3197; baseline -0.004 -13"><span class='ocrx_word' id='word_1_583' title='bbox 2131 3146 2263 3197; x_wconf 87' lang='grc' dir='ltr'>σεις</span> <span class='ocrx_word' id='word_1_584' title='bbox 2291 3130 2611 3185; x_wconf 78' lang='grc' dir='ltr'>διακονιῶν</span> <span class='ocrx_word' id='word_1_585' title='bbox 2657 3132 2815 3183; x_wconf 75' lang='grc' dir='ltr'>εἰσιν</span> <span class='ocrx_word' id='word_1_586' title='bbox 2838 3167 2853 3192; x_wconf 92' lang='grc'><strong>,</strong></span> <span class='ocrx_word' id='word_1_587' title='bbox 2912 3132 2947 3184; x_wconf 85' lang='grc' dir='ltr'><strong>ό</strong></span> <span class='ocrx_word' id='word_1_588' title='bbox 2999 3128 3068 3182; x_wconf 83' lang='grc' dir='ltr'>δὲ</span> <span class='ocrx_word' id='word_1_589' title='bbox 3112 3128 3293 3193; x_wconf 82' lang='grc' dir='ltr'>αὐτὸς</span> <span class='ocrx_word' id='word_1_590' title='bbox 3324 3128 3540 3195; x_wconf 81' lang='grc' dir='ltr'>Κύριος</span> <span class='ocrx_word' id='word_1_591' title='bbox 3562 3144 3575 3156; x_wconf 92' lang='grc'><strong>·</strong></span> <span class='ocrx_word' id='word_1_592' title='bbox 3610 3124 3713 3179; x_wconf 79' lang='grc' dir='ltr'>καὶ</span> 
     </span>
    </p>
   </div>
   <div class='ocr_carea' id='block_1_71' title="bbox 2131 3216 3708 3290">
    <p class='ocr_par' dir='ltr' id='par_1_71' title="bbox 2131 3216 3708 3290">
     <span class='ocr_line' id='line_1_71' title="bbox 2131 3216 3708 3290; baseline -0.003 -17"><span class='ocrx_word' id='word_1_593' title='bbox 2131 3220 2447 3289; x_wconf 77' lang='grc' dir='ltr'>διαιρέσεις</span> <span class='ocrx_word' id='word_1_594' title='bbox 2477 3219 2893 3290; x_wconf 75' lang='grc' dir='ltr'>ἐνεργημάτων</span> <span class='ocrx_word' id='word_1_595' title='bbox 2919 3218 3082 3273; x_wconf 71' lang='grc' dir='ltr'>εἰσιν</span> <span class='ocrx_word' id='word_1_596' title='bbox 3100 3256 3117 3283; x_wconf 89' lang='grc'><strong>,</strong></span> <span class='ocrx_word' id='word_1_597' title='bbox 3150 3221 3183 3272; x_wconf 84' lang='grc' dir='ltr'><em>ὁ</em></span> <span class='ocrx_word' id='word_1_598' title='bbox 3211 3217 3280 3271; x_wconf 83' lang='grc' dir='ltr'>δὲ</span> <span class='ocrx_word' id='word_1_599' title='bbox 3312 3218 3494 3282; x_wconf 83' lang='grc' dir='ltr'>αὐτὸς</span> <span class='ocrx_word' id='word_1_600' title='bbox 3542 3216 3708 3281; x_wconf 84' lang='grc' dir='ltr'>Θεὸς,</span> 
     </span>
    </p>
   </div>
   <div class='ocr_carea' id='block_1_72' title="bbox 2133 3308 3709 3381">
    <p class='ocr_par' dir='ltr' id='par_1_72' title="bbox 2133 3308 3709 3381">
     <span class='ocr_line' id='line_1_72' title="bbox 2133 3308 3709 3381; baseline -0.003 -16"><span class='ocrx_word' id='word_1_601' title='bbox 2133 3313 2167 3365; x_wconf 84' lang='grc' dir='ltr'><strong>ό</strong></span> <span class='ocrx_word' id='word_1_602' title='bbox 2190 3310 2451 3380; x_wconf 69' lang='grc' dir='ltr'>ἐνεργῶν</span> <span class='ocrx_word' id='word_1_603' title='bbox 2495 3312 2569 3366; x_wconf 80' lang='grc' dir='ltr'><em>τὰ</em></span> <span class='ocrx_word' id='word_1_604' title='bbox 2597 3311 2794 3364; x_wconf 80' lang='grc' dir='ltr'>πάντα</span> <span class='ocrx_word' id='word_1_605' title='bbox 2822 3312 2893 3364; x_wconf 79' lang='grc' dir='ltr'><strong>ἐν</strong></span> <span class='ocrx_word' id='word_1_606' title='bbox 2935 3308 3105 3365; x_wconf 80' lang='grc' dir='ltr'>πᾶσι.</span> <span class='ocrx_word' id='word_1_607' title='bbox 3143 3310 3235 3381; x_wconf 83' lang='grc' dir='ltr'><strong>Μὴ</strong></span> <span class='ocrx_word' id='word_1_608' title='bbox 3265 3309 3584 3379; x_wconf 77' lang='grc' dir='ltr'>ἐκπέσωμεν</span> <span class='ocrx_word' id='word_1_609' title='bbox 3616 3308 3709 3361; x_wconf 90' lang='grc' dir='ltr'>τοῦ</span> 
     </span>
    </p>
   </div>
   <div class='ocr_carea' id='block_1_73' title="bbox 2133 3397 3711 3472">
    <p class='ocr_par' dir='ltr' id='par_1_73' title="bbox 2133 3397 3711 3472">
     <span class='ocr_line' id='line_1_73' title="bbox 2133 3397 3711 3472; baseline -0.004 -18"><span class='ocrx_word' id='word_1_610' title='bbox 2133 3401 2499 3472; x_wconf 81' lang='grc' dir='ltr'>προκειμένου</span> <span class='ocrx_word' id='word_1_611' title='bbox 2527 3442 2540 3468; x_wconf 92' lang='grc'><strong>,</strong></span> <span class='ocrx_word' id='word_1_612' title='bbox 2598 3400 2673 3472; x_wconf 80' lang='grc' dir='ltr'>μὴ</span> <span class='ocrx_word' id='word_1_613' title='bbox 2703 3400 3030 3470; x_wconf 86' lang='grc' dir='ltr'>ἀποστῶμεν</span> <span class='ocrx_word' id='word_1_614' title='bbox 3059 3399 3159 3469; x_wconf 84' lang='grc' dir='ltr'><strong>τῆς</strong></span> <span class='ocrx_word' id='word_1_615' title='bbox 3198 3398 3474 3469; x_wconf 85' lang='grc' dir='ltr'>ἀληθείας.</span> <span class='ocrx_word' id='word_1_616' title='bbox 3520 3397 3711 3467; x_wconf 81' lang='grc' dir='ltr'>Ἡμεῖς</span> 
     </span>
    </p>
   </div>
   <div class='ocr_carea' id='block_1_74' title="bbox 2133 3473 3707 3562">
    <p class='ocr_par' dir='ltr' id='par_1_74' title="bbox 2133 3473 3707 3562">
     <span class='ocr_line' id='line_1_74' title="bbox 2133 3473 3707 3562; baseline -0.002 -20"><span class='ocrx_word' id='word_1_617' title='bbox 2133 3491 2194 3543; x_wconf 77' lang='grc' dir='ltr'><strong>οὐ</strong></span> <span class='ocrx_word' id='word_1_618' title='bbox 2232 3473 2639 3562; x_wconf 89' lang='grc' dir='ltr'>συνηγοροῦμεν</span> <span class='ocrx_word' id='word_1_619' title='bbox 2676 3489 2816 3560; x_wconf 82' lang='grc' dir='ltr'>ὑπὲρ</span> <span class='ocrx_word' id='word_1_620' title='bbox 2846 3490 2981 3543; x_wconf 84' lang='grc' dir='ltr'>Θεοῦ</span> <span class='ocrx_word' id='word_1_621' title='bbox 3008 3529 3023 3555; x_wconf 89' lang='grc'><strong>,</strong></span> <span class='ocrx_word' id='word_1_622' title='bbox 3056 3490 3171 3543; x_wconf 83' lang='grc' dir='ltr'>ἀλλ’</span> <span class='ocrx_word' id='word_1_623' title='bbox 3200 3488 3438 3551; x_wconf 78' lang='grc' dir='ltr'>εὐσεϐῶς</span> <span class='ocrx_word' id='word_1_624' title='bbox 3460 3488 3707 3557; x_wconf 88' lang='grc' dir='ltr'>νοοῦμεν,</span> 
     </span>
    </p>
   </div>
   <div class='ocr_carea' id='block_1_75' title="bbox 2135 3576 3713 3648">
    <p class='ocr_par' dir='ltr' id='par_1_75' title="bbox 2135 3576 3713 3648">
     <span class='ocr_line' id='line_1_75' title="bbox 2135 3576 3713 3648; baseline -0.002 -17"><span class='ocrx_word' id='word_1_625' title='bbox 2135 3578 2223 3632; x_wconf 76' lang='grc' dir='ltr'>ἵνα</span> <span class='ocrx_word' id='word_1_626' title='bbox 2252 3578 2326 3648; x_wconf 83' lang='grc' dir='ltr'>μὴ</span> <span class='ocrx_word' id='word_1_627' title='bbox 2358 3577 2685 3648; x_wconf 80' lang='grc' dir='ltr'>ἀπολώμεθα</span> <span class='ocrx_word' id='word_1_628' title='bbox 2707 3595 2722 3610; x_wconf 86' lang='grc'><strong>·</strong></span> <span class='ocrx_word' id='word_1_629' title='bbox 2758 3578 2852 3630; x_wconf 83' lang='grc' dir='ltr'>καὶ</span> <span class='ocrx_word' id='word_1_630' title='bbox 2880 3577 3249 3647; x_wconf 82' lang='grc' dir='ltr'>φθεγγόμεθα,</span> <span class='ocrx_word' id='word_1_631' title='bbox 3281 3577 3379 3647; x_wconf 82' lang='grc' dir='ltr'>οὐχ</span> <span class='ocrx_word' id='word_1_632' title='bbox 3431 3576 3506 3639; x_wconf 82' lang='grc' dir='ltr'>ὡς</span> <span class='ocrx_word' id='word_1_633' title='bbox 3544 3592 3713 3628; x_wconf 86' lang='grc' dir='ltr'>κατα-</span> 
     </span>
    </p>
   </div>
   <div class='ocr_carea' id='block_1_76' title="bbox 2132 3666 3710 3741">
    <p class='ocr_par' dir='ltr' id='par_1_76' title="bbox 2132 3666 3710 3741">
     <span class='ocr_line' id='line_1_76' title="bbox 2132 3666 3710 3741; baseline -0.002 -19"><span class='ocrx_word' id='word_1_634' title='bbox 2132 3669 2500 3741; x_wconf 76' lang='grc' dir='ltr'>λαμϐάνοντες</span> <span class='ocrx_word' id='word_1_635' title='bbox 2523 3685 2539 3699; x_wconf 90' lang='grc'><strong>·</strong></span> <span class='ocrx_word' id='word_1_636' title='bbox 2568 3670 2644 3733; x_wconf 86' lang='grc' dir='ltr'>ὡς</span> <span class='ocrx_word' id='word_1_637' title='bbox 2673 3669 2950 3741; x_wconf 78' lang='grc' dir='ltr'>ἄνθρωποι</span> <span class='ocrx_word' id='word_1_638' title='bbox 2978 3668 3086 3740; x_wconf 79' lang='grc' dir='ltr'>γὰρ</span> <span class='ocrx_word' id='word_1_639' title='bbox 3114 3667 3485 3737; x_wconf 85' lang='grc' dir='ltr'>φθεγγόμεθα,</span> <span class='ocrx_word' id='word_1_640' title='bbox 3522 3666 3558 3719; x_wconf 79' lang='grc' dir='ltr'>ἃ</span> <span class='ocrx_word' id='word_1_641' title='bbox 3582 3684 3710 3720; x_wconf 89' lang='grc' dir='ltr'>κατ-</span> 
     </span>
    </p>
   </div>
   <div class='ocr_carea' id='block_1_77' title="bbox 2134 3758 3711 3833">
    <p class='ocr_par' dir='ltr' id='par_1_77' title="bbox 2134 3758 3711 3833">
     <span class='ocr_line' id='line_1_77' title="bbox 2134 3758 3711 3833; baseline -0.003 -18"><span class='ocrx_word' id='word_1_642' title='bbox 2134 3762 2454 3831; x_wconf 80' lang='grc' dir='ltr'>ειλήφαμεν.</span> <span class='ocrx_word' id='word_1_643' title='bbox 2525 3762 2591 3816; x_wconf 79' lang='grc' dir='ltr'><em>Ἡ</em></span> <span class='ocrx_word' id='word_1_644' title='bbox 2639 3761 2748 3833; x_wconf 88' lang='grc' dir='ltr'>γὰρ</span> <span class='ocrx_word' id='word_1_645' title='bbox 2815 3762 2896 3824; x_wconf 78' lang='grc' dir='ltr'><strong>είς</strong></span> <span class='ocrx_word' id='word_1_646' title='bbox 2941 3760 3073 3814; x_wconf 76' lang='grc' dir='ltr'>Θεὸν</span> <span class='ocrx_word' id='word_1_647' title='bbox 3119 3760 3292 3832; x_wconf 83' lang='grc' dir='ltr'>τιμὴ,</span> <span class='ocrx_word' id='word_1_648' title='bbox 3344 3761 3568 3830; x_wconf 80' lang='grc' dir='ltr'>ἄπειρος</span> <span class='ocrx_word' id='word_1_649' title='bbox 3615 3758 3711 3813; x_wconf 76' lang='grc' dir='ltr'>καὶ</span> 
     </span>
    </p>
   </div>
   <div class='ocr_carea' id='block_1_78' title="bbox 2138 3849 3710 3924">
    <p class='ocr_par' dir='ltr' id='par_1_78' title="bbox 2138 3849 3710 3924">
     <span class='ocr_line' id='line_1_78' title="bbox 2138 3849 3710 3924; baseline -0.001 -19"><span class='ocrx_word' id='word_1_650' title='bbox 2138 3851 2643 3924; x_wconf 86' lang='grc' dir='ltr'>μυριονταπλασίως</span> <span class='ocrx_word' id='word_1_651' title='bbox 2677 3852 2804 3921; x_wconf 70' lang='grc' dir='ltr'>περὶ</span> <span class='ocrx_word' id='word_1_652' title='bbox 2828 3852 2848 3882; x_wconf 81' lang='grc'><strong>⁷</strong></span> <span class='ocrx_word' id='word_1_653' title='bbox 2892 3850 2983 3904; x_wconf 78' lang='grc' dir='ltr'><strong>τὸν</strong></span> <span class='ocrx_word' id='word_1_654' title='bbox 3033 3850 3301 3922; x_wconf 80' lang='grc' dir='ltr'>ἡμέτερον</span> <span class='ocrx_word' id='word_1_655' title='bbox 3338 3849 3463 3903; x_wconf 90' lang='grc' dir='ltr'>νοῦν</span> <span class='ocrx_word' id='word_1_656' title='bbox 3494 3850 3710 3915; x_wconf 81' lang='grc' dir='ltr'>δεδόξα-</span> 
     </span>
    </p>
   </div>
   <div class='ocr_carea' id='block_1_79' title="bbox 2136 3938 3710 4011">
    <p class='ocr_par' dir='ltr' id='par_1_79' title="bbox 2136 3938 3710 4011">
     <span class='ocr_line' id='line_1_79' title="bbox 2136 3938 3710 4011; baseline -0.001 -17"><span class='ocrx_word' id='word_1_657' title='bbox 2136 3960 2279 4005; x_wconf 84' lang='grc' dir='ltr'>σται,</span> <span class='ocrx_word' id='word_1_658' title='bbox 2312 3941 2402 3992; x_wconf 80' lang='grc' dir='ltr'>καὶ</span> <span class='ocrx_word' id='word_1_659' title='bbox 2441 3940 2554 3994; x_wconf 78' lang='grc' dir='ltr'>ἔστι</span> <span class='ocrx_word' id='word_1_660' title='bbox 2582 3939 2941 4011; x_wconf 80' lang='grc' dir='ltr'>δεδοξασμένη</span> <span class='ocrx_word' id='word_1_661' title='bbox 2970 3979 2984 4004; x_wconf 92' lang='grc'><strong>,</strong></span> <span class='ocrx_word' id='word_1_662' title='bbox 3021 3940 3186 4011; x_wconf 83' lang='grc' dir='ltr'>μηδὲν</span> <span class='ocrx_word' id='word_1_663' title='bbox 3218 3938 3710 4010; x_wconf 72' lang='grc' dir='ltr'>προσλαμϐάνουσα</span> 
     </span>
    </p>
   </div>
   <div class='ocr_carea' id='block_1_80' title="bbox 2133 4030 3710 4102">
    <p class='ocr_par' dir='ltr' id='par_1_80' title="bbox 2133 4030 3710 4102">
     <span class='ocr_line' id='line_1_80' title="bbox 2133 4030 3710 4102; baseline -0.002 -17"><span class='ocrx_word' id='word_1_664' title='bbox 2133 4031 2317 4102; x_wconf 80' lang='grc' dir='ltr'>δόξης,</span> <span class='ocrx_word' id='word_1_665' title='bbox 2361 4032 2497 4101; x_wconf 78' lang='grc' dir='ltr'>μήτε</span> <span class='ocrx_word' id='word_1_666' title='bbox 2527 4031 2937 4101; x_wconf 77' lang='grc' dir='ltr'>ἀφαιρουμένη·</span> <span class='ocrx_word' id='word_1_667' title='bbox 2967 4030 3118 4083; x_wconf 77' lang='grc' dir='ltr'>οὐδὲν</span> <span class='ocrx_word' id='word_1_668' title='bbox 3153 4030 3261 4101; x_wconf 80' lang='grc' dir='ltr'>γὰρ</span> <span class='ocrx_word' id='word_1_669' title='bbox 3293 4032 3349 4083; x_wconf 85' lang='grc' dir='ltr'>ὲν</span> <span class='ocrx_word' id='word_1_670' title='bbox 3377 4031 3565 4100; x_wconf 86' lang='grc' dir='ltr'>Τριάδι</span> <span class='ocrx_word' id='word_1_671' title='bbox 3594 4047 3710 4082; x_wconf 84' lang='grc' dir='ltr'>κτι-</span> 
     </span>
    </p>
   </div>
   <div class='ocr_carea' id='block_1_81' title="bbox 2137 4121 3708 4194">
    <p class='ocr_par' dir='ltr' id='par_1_81' title="bbox 2137 4121 3708 4194">
     <span class='ocr_line' id='line_1_81' title="bbox 2137 4121 3708 4194; baseline 0 -21"><span class='ocrx_word' id='word_1_672' title='bbox 2137 4124 2259 4175; x_wconf 75' lang='grc' dir='ltr'>στὸν</span> <span class='ocrx_word' id='word_1_673' title='bbox 2334 4123 2367 4191; x_wconf 86' lang='grc' dir='ltr'>ἢ</span> <span class='ocrx_word' id='word_1_674' title='bbox 2428 4123 2748 4190; x_wconf 82' lang='grc' dir='ltr'>ὲπιγενητόν</span> <span class='ocrx_word' id='word_1_675' title='bbox 2772 4139 2786 4152; x_wconf 92' lang='grc'><strong>·</strong></span> <span class='ocrx_word' id='word_1_676' title='bbox 2850 4122 2966 4175; x_wconf 86' lang='grc' dir='ltr'>ἀλλ’</span> <span class='ocrx_word' id='word_1_677' title='bbox 2997 4122 3026 4173; x_wconf 86' lang='lat'><strong>6</strong></span> <span class='ocrx_word' id='word_1_678' title='bbox 3062 4123 3160 4194; x_wconf 83' lang='grc' dir='ltr'><strong>μὲν</strong></span> <span class='ocrx_word' id='word_1_679' title='bbox 3215 4122 3403 4194; x_wconf 75' lang='grc' dir='ltr'>Πατὴρ</span> <span class='ocrx_word' id='word_1_680' title='bbox 3449 4123 3540 4176; x_wconf 79' lang='grc' dir='ltr'>τὸν</span> <span class='ocrx_word' id='word_1_681' title='bbox 3583 4121 3708 4174; x_wconf 83' lang='grc' dir='ltr'>Υἱὸν</span> 
     </span>
    </p>
   </div>
   <div class='ocr_carea' id='block_1_82' title="bbox 456 4205 2029 4282">
    <p class='ocr_par' dir='ltr' id='par_1_82' title="bbox 456 4205 2029 4278">
     <span class='ocr_line' id='line_1_82' title="bbox 456 4205 2029 4278; baseline 0.007 -22"><span class='ocrx_word' id='word_1_682' title='bbox 456 4206 803 4272; x_wconf 71' lang='grc' dir='ltr'>ριἐειιίοαιυτ,</span> <span class='ocrx_word' id='word_1_683' title='bbox 838 4205 974 4258; x_wconf 85' lang='lat' dir='ltr'><strong>nihil</strong></span> <span class='ocrx_word' id='word_1_684' title='bbox 1009 4214 1069 4258; x_wconf 90' lang='lat' dir='ltr'><strong>ut</strong></span> <span class='ocrx_word' id='word_1_685' title='bbox 1109 4206 1159 4259; x_wconf 88' lang='lat' dir='ltr'><strong>ei</strong></span> <span class='ocrx_word' id='word_1_686' title='bbox 1203 4207 1388 4275; x_wconf 69' lang='lat' dir='ltr'><strong>gloriae</strong></span> <span class='ocrx_word' id='word_1_687' title='bbox 1416 4209 1677 4263; x_wconf 85' lang='lat' dir='ltr'><strong>accedere</strong></span> <span class='ocrx_word' id='word_1_688' title='bbox 1713 4212 1906 4278; x_wconf 83' lang='lat' dir='ltr'><strong>possit,</strong></span> <span class='ocrx_word' id='word_1_689' title='bbox 1937 4221 2029 4266; x_wconf 87' lang='lat' dir='ltr'><strong>aut</strong></span> 
     </span>
    </p>
   </div>
   <div class='ocr_carea' id='block_1_83' title="bbox 2133 4205 3703 4282">
    <p class='ocr_par' dir='ltr' id='par_1_83' title="bbox 2133 4209 3703 4282">
     <span class='ocr_line' id='line_1_83' title="bbox 2133 4209 3703 4282; baseline -0.001 -19"><span class='ocrx_word' id='word_1_690' title='bbox 2133 4215 2297 4282; x_wconf 77' lang='grc' dir='ltr'>γεννᾷ</span> <span class='ocrx_word' id='word_1_691' title='bbox 2318 4229 2333 4244; x_wconf 95' lang='grc'><strong>·</strong></span> <span class='ocrx_word' id='word_1_692' title='bbox 2377 4215 2475 4266; x_wconf 82' lang='grc' dir='ltr'><strong>οὐκ</strong></span> <span class='ocrx_word' id='word_1_693' title='bbox 2499 4210 2566 4282; x_wconf 85' lang='grc' dir='ltr'>ἦν</span> <span class='ocrx_word' id='word_1_694' title='bbox 2596 4213 2653 4264; x_wconf 88' lang='grc' dir='ltr'><strong>δέ</strong></span> <span class='ocrx_word' id='word_1_695' title='bbox 2690 4229 2817 4264; x_wconf 85' lang='grc' dir='ltr'>ποτε</span> <span class='ocrx_word' id='word_1_696' title='bbox 2849 4216 3040 4281; x_wconf 86' lang='grc' dir='ltr'>χρόνος</span> <span class='ocrx_word' id='word_1_697' title='bbox 3060 4252 3074 4275; x_wconf 89' lang='grc'><strong>,</strong></span> <span class='ocrx_word' id='word_1_698' title='bbox 3110 4215 3199 4266; x_wconf 83' lang='grc' dir='ltr'><strong>ὅτε</strong></span> <span class='ocrx_word' id='word_1_699' title='bbox 3228 4214 3328 4265; x_wconf 83' lang='grc' dir='ltr'><strong>οὐκ</strong></span> <span class='ocrx_word' id='word_1_700' title='bbox 3374 4209 3443 4282; x_wconf 81' lang='grc' dir='ltr'>ἦν</span> <span class='ocrx_word' id='word_1_701' title='bbox 3475 4214 3503 4265; x_wconf 91' lang='lat'><strong>6</strong></span> <span class='ocrx_word' id='word_1_702' title='bbox 3536 4212 3662 4272; x_wconf 76' lang='grc' dir='ltr'>Υἱός</span> <span class='ocrx_word' id='word_1_703' title='bbox 3686 4226 3703 4243; x_wconf 76' lang='grc' dir='ltr'><strong><em>ο</em></strong></span> 
     </span>
    </p>
   </div>
   <div class='ocr_carea' id='block_1_84' title="bbox 455 4292 2028 4363">
    <p class='ocr_par' dir='ltr' id='par_1_84' title="bbox 455 4292 2028 4363">
     <span class='ocr_line' id='line_1_84' title="bbox 455 4292 2028 4363; baseline 0.004 -15"><span class='ocrx_word' id='word_1_704' title='bbox 455 4292 757 4348; x_wconf 85' lang='lat' dir='ltr'><strong>decedere:</strong></span> <span class='ocrx_word' id='word_1_705' title='bbox 791 4294 928 4346; x_wconf 82' lang='lat' dir='ltr'><strong>nihil</strong></span> <span class='ocrx_word' id='word_1_706' title='bbox 952 4301 1035 4348; x_wconf 89' lang='lat' dir='ltr'><strong>est</strong></span> <span class='ocrx_word' id='word_1_707' title='bbox 1063 4295 1208 4349; x_wconf 91' lang='lat' dir='ltr'><strong>enim</strong></span> <span class='ocrx_word' id='word_1_708' title='bbox 1241 4295 1295 4348; x_wconf 91' lang='lat' dir='ltr'><strong>in</strong></span> <span class='ocrx_word' id='word_1_709' title='bbox 1329 4295 1601 4351; x_wconf 89' lang='lat' dir='ltr'><strong>Trinitate</strong></span> <span class='ocrx_word' id='word_1_710' title='bbox 1636 4309 1900 4363; x_wconf 86' lang='lat' dir='ltr'><strong>creatum,</strong></span> <span class='ocrx_word' id='word_1_711' title='bbox 1934 4310 2028 4357; x_wconf 92' lang='lat' dir='ltr'><strong>aut</strong></span> 
     </span>
    </p>
   </div>
   <div class='ocr_carea' id='block_1_85' title="bbox 457 4382 2023 4457">
    <p class='ocr_par' dir='ltr' id='par_1_85' title="bbox 457 4382 2023 4457">
     <span class='ocr_line' id='line_1_85' title="bbox 457 4382 2023 4457; baseline 0.006 -23"><span class='ocrx_word' id='word_1_712' title='bbox 457 4383 511 4434; x_wconf 88' lang='lat' dir='ltr'><strong>in</strong></span> <span class='ocrx_word' id='word_1_713' title='bbox 551 4396 615 4435; x_wconf 87' lang='lat' dir='ltr'><strong>ea</strong></span> <span class='ocrx_word' id='word_1_714' title='bbox 649 4390 836 4449; x_wconf 92' lang='lat' dir='ltr'><strong>postea</strong></span> <span class='ocrx_word' id='word_1_715' title='bbox 865 4382 1087 4437; x_wconf 80' lang='lat' dir='ltr'><strong>factum.</strong></span> <span class='ocrx_word' id='word_1_716' title='bbox 1128 4382 1323 4438; x_wconf 82' lang='lat' dir='ltr'><strong>Verum</strong></span> <span class='ocrx_word' id='word_1_717' title='bbox 1350 4384 1511 4438; x_wconf 86' lang='lat' dir='ltr'><strong>Pater</strong></span> <span class='ocrx_word' id='word_1_718' title='bbox 1544 4384 1740 4439; x_wconf 90' lang='lat' dir='ltr'><strong>Filium</strong></span> <span class='ocrx_word' id='word_1_719' title='bbox 1770 4398 2023 4457; x_wconf 82' lang='lat' dir='ltr'><strong>generat;</strong></span> 
     </span>
    </p>
   </div>
   <div class='ocr_carea' id='block_1_86' title="bbox 455 4470 2023 4544">
    <p class='ocr_par' dir='ltr' id='par_1_86' title="bbox 455 4470 2023 4544">
     <span class='ocr_line' id='line_1_86' title="bbox 455 4470 2023 4544; baseline 0.007 -19"><span class='ocrx_word' id='word_1_720' title='bbox 455 4470 552 4525; x_wconf 89' lang='lat' dir='ltr'><strong>sed</strong></span> <span class='ocrx_word' id='word_1_721' title='bbox 570 4470 777 4523; x_wconf 90' lang='lat' dir='ltr'><strong>nullum</strong></span> <span class='ocrx_word' id='word_1_722' title='bbox 796 4486 1036 4540; x_wconf 82' lang='lat' dir='ltr'><strong>unquam</strong></span> <span class='ocrx_word' id='word_1_723' title='bbox 1065 4480 1279 4541; x_wconf 86' lang='lat' dir='ltr'><strong>tempus</strong></span> <span class='ocrx_word' id='word_1_724' title='bbox 1302 4472 1422 4535; x_wconf 81' lang='lat' dir='ltr'><strong>fuit,</strong></span> <span class='ocrx_word' id='word_1_725' title='bbox 1448 4489 1558 4543; x_wconf 91' lang='lat' dir='ltr'><strong>quo</strong></span> <span class='ocrx_word' id='word_1_726' title='bbox 1584 4485 1825 4544; x_wconf 87' lang='lat' dir='ltr'><strong>tempore</strong></span> <span class='ocrx_word' id='word_1_727' title='bbox 1852 4478 2023 4536; x_wconf 87' lang='lat' dir='ltr'><strong>Filius</strong></span> 
     </span>
    </p>
   </div>
   <div class='ocr_carea' id='block_1_87' title="bbox 455 4562 2025 4635">
    <p class='ocr_par' dir='ltr' id='par_1_87' title="bbox 455 4562 2025 4635">
     <span class='ocr_line' id='line_1_87' title="bbox 455 4562 2025 4635; baseline 0.007 -19"><span class='ocrx_word' id='word_1_728' title='bbox 455 4575 567 4616; x_wconf 88' lang='lat' dir='ltr'><strong>non</strong></span> <span class='ocrx_word' id='word_1_729' title='bbox 602 4567 749 4614; x_wconf 87' lang='lat' dir='ltr'><strong>esset</strong></span> <span class='ocrx_word' id='word_1_730' title='bbox 781 4578 795 4614; x_wconf 90' lang='lat'><strong>:</strong></span> <span class='ocrx_word' id='word_1_731' title='bbox 824 4576 933 4614; x_wconf 88' lang='lat' dir='ltr'><strong>non</strong></span> <span class='ocrx_word' id='word_1_732' title='bbox 960 4562 1102 4615; x_wconf 91' lang='lat' dir='ltr'><strong>enim</strong></span> <span class='ocrx_word' id='word_1_733' title='bbox 1130 4562 1293 4618; x_wconf 89' lang='lat' dir='ltr'><strong>Pater</strong></span> <span class='ocrx_word' id='word_1_734' title='bbox 1318 4565 1500 4633; x_wconf 90' lang='lat' dir='ltr'><strong>aliquo</strong></span> <span class='ocrx_word' id='word_1_735' title='bbox 1532 4573 1775 4635; x_wconf 87' lang='lat' dir='ltr'><strong>tempore</strong></span> <span class='ocrx_word' id='word_1_736' title='bbox 1799 4584 1907 4623; x_wconf 90' lang='lat' dir='ltr'><strong>non</strong></span> <span class='ocrx_word' id='word_1_737' title='bbox 1938 4580 2025 4627; x_wconf 88' lang='lat' dir='ltr'><strong>est</strong></span> 
     </span>
    </p>
   </div>
   <div class='ocr_carea' id='block_1_88' title="bbox 456 4649 2025 4725">
    <p class='ocr_par' dir='ltr' id='par_1_88' title="bbox 456 4649 2025 4725">
     <span class='ocr_line' id='line_1_88' title="bbox 456 4649 2025 4725; baseline 0.008 -21"><span class='ocrx_word' id='word_1_738' title='bbox 456 4650 758 4720; x_wconf 87' lang='lat' dir='ltr'><strong>appellatus</strong></span> <span class='ocrx_word' id='word_1_739' title='bbox 811 4649 990 4716; x_wconf 87' lang='lat' dir='ltr'><strong>Pater,</strong></span> <span class='ocrx_word' id='word_1_740' title='bbox 1037 4653 1133 4707; x_wconf 92' lang='lat' dir='ltr'><strong>scd</strong></span> <span class='ocrx_word' id='word_1_741' title='bbox 1177 4661 1233 4708; x_wconf 89' lang='lat' dir='ltr'><strong>et</strong></span> <span class='ocrx_word' id='word_1_742' title='bbox 1284 4652 1445 4708; x_wconf 87' lang='lat' dir='ltr'><strong>Pater</strong></span> <span class='ocrx_word' id='word_1_743' title='bbox 1486 4664 1749 4725; x_wconf 89' lang='lat' dir='ltr'><strong>perpetuo</strong></span> <span class='ocrx_word' id='word_1_744' title='bbox 1796 4659 1919 4725; x_wconf 83' lang='lat' dir='ltr'><strong>fuit,</strong></span> <span class='ocrx_word' id='word_1_745' title='bbox 1968 4670 2025 4717; x_wconf 88' lang='lat' dir='ltr'><strong>et</strong></span> 
     </span>
    </p>
   </div>
   <div class='ocr_carea' id='block_1_89' title="bbox 456 4737 2022 4810">
    <p class='ocr_par' dir='ltr' id='par_1_89' title="bbox 456 4737 2022 4810">
     <span class='ocr_line' id='line_1_89' title="bbox 456 4737 2022 4810; baseline 0.008 -17"><span class='ocrx_word' id='word_1_746' title='bbox 456 4747 717 4810; x_wconf 70' lang='lat' dir='ltr'><strong>perpetuo</strong></span> <span class='ocrx_word' id='word_1_747' title='bbox 743 4737 949 4807; x_wconf 88' lang='lat' dir='ltr'><strong>Filius;</strong></span> <span class='ocrx_word' id='word_1_748' title='bbox 983 4756 1091 4795; x_wconf 90' lang='lat' dir='ltr'><strong>non</strong></span> <span class='ocrx_word' id='word_1_749' title='bbox 1134 4742 1322 4807; x_wconf 80' lang='lat' dir='ltr'><strong>frater,</strong></span> <span class='ocrx_word' id='word_1_750' title='bbox 1360 4743 1456 4797; x_wconf 91' lang='lat' dir='ltr'><strong>sed</strong></span> <span class='ocrx_word' id='word_1_751' title='bbox 1478 4743 1673 4809; x_wconf 88' lang='lat' dir='ltr'><strong>Filius,</strong></span> <span class='ocrx_word' id='word_1_752' title='bbox 1720 4761 1784 4800; x_wconf 89' lang='lat' dir='ltr'><strong>ea</strong></span> <span class='ocrx_word' id='word_1_753' title='bbox 1809 4749 2022 4808; x_wconf 87' lang='lat' dir='ltr'><strong>ratione</strong></span> 
     </span>
    </p>
   </div>
   <div class='ocr_carea' id='block_1_90' title="bbox 448 4833 2026 4906">
    <p class='ocr_par' dir='ltr' id='par_1_90' title="bbox 448 4833 2026 4906">
     <span class='ocr_line' id='line_1_90' title="bbox 448 4833 2026 4906; baseline 0.005 -20"><span class='ocrx_word' id='word_1_754' title='bbox 448 4833 689 4901; x_wconf 76' lang='lat' dir='ltr'><strong>genitus,</strong></span> <span class='ocrx_word' id='word_1_755' title='bbox 725 4845 887 4901; x_wconf 89' lang='lat' dir='ltr'><strong>quam</strong></span> <span class='ocrx_word' id='word_1_756' title='bbox 927 4833 1074 4887; x_wconf 86' lang='lat' dir='ltr'><strong>nulla</strong></span> <span class='ocrx_word' id='word_1_757' title='bbox 1104 4834 1365 4904; x_wconf 88' lang='lat' dir='ltr'><strong>consequi</strong></span> <span class='ocrx_word' id='word_1_758' title='bbox 1395 4843 1576 4904; x_wconf 87' lang='lat' dir='ltr'><strong>potest</strong></span> <span class='ocrx_word' id='word_1_759' title='bbox 1621 4838 1835 4906; x_wconf 87' lang='lat' dir='ltr'><strong>oratio;</strong></span> <span class='ocrx_word' id='word_1_760' title='bbox 1867 4848 1920 4893; x_wconf 91' lang='lat' dir='ltr'><strong>ct</strong></span> <span class='ocrx_word' id='word_1_761' title='bbox 1949 4840 2026 4894; x_wconf 85' lang='lat' dir='ltr'><strong>in-</strong></span> 
     </span>
    </p>
   </div>
   <div class='ocr_carea' id='block_1_91' title="bbox 527 5024 2827 5106">
    <p class='ocr_par' dir='ltr' id='par_1_91' title="bbox 527 5024 2827 5106">
     <span class='ocr_line' id='line_1_91' title="bbox 527 5024 2827 5106; baseline 0.008 -27"><span class='ocrx_word' id='word_1_762' title='bbox 527 5026 545 5056; x_wconf 82' lang='grc'>¹</span> <span class='ocrx_word' id='word_1_763' title='bbox 572 5024 855 5106; x_wconf 47' lang='lat' dir='ltr'><strong>{omn-35v,</strong></span> <span class='ocrx_word' id='word_1_764' title='bbox 881 5024 989 5106; x_wconf 74' lang='lat'><strong>26._</strong></span> <span class='ocrx_word' id='word_1_765' title='bbox 1050 5024 1250 5081; x_wconf 65' lang='lat' dir='ltr'><strong>&#39;Joan.</strong></span> <span class='ocrx_word' id='word_1_766' title='bbox 1306 5043 1415 5094; x_wconf 80' lang='lat' dir='ltr'><strong>xvr,</strong></span> <span class='ocrx_word' id='word_1_767' title='bbox 1444 5028 1531 5096; x_wconf 73' lang='grc' dir='ltr'>Μ,</span> <span class='ocrx_word' id='word_1_768' title='bbox 1554 5028 1639 5084; x_wconf 78' lang='grc'><strong>15.</strong></span> <span class='ocrx_word' id='word_1_769' title='bbox 1712 5031 1777 5086; x_wconf 82' lang='grc'><strong>⁸1</strong></span> <span class='ocrx_word' id='word_1_770' title='bbox 1810 5033 1936 5089; x_wconf 89' lang='lat' dir='ltr'><strong>Cor.</strong></span> <span class='ocrx_word' id='word_1_771' title='bbox 1968 5050 2027 5102; x_wconf 90' lang='lat' dir='ltr'><strong>ll,</strong></span> <span class='ocrx_word' id='word_1_772' title='bbox 2072 5037 2157 5091; x_wconf 77' lang='grc'><strong>10.</strong></span> <span class='ocrx_word' id='word_1_773' title='bbox 2233 5038 2257 5071; x_wconf 74' lang='grc'><strong>⁸</strong></span> <span class='ocrx_word' id='word_1_774' title='bbox 2291 5040 2483 5095; x_wconf 81' lang='lat' dir='ltr'><strong>Matth.</strong></span> <span class='ocrx_word' id='word_1_775' title='bbox 2518 5059 2708 5106; x_wconf 69' lang='lat' dir='ltr'><strong>xxvm,</strong></span> <span class='ocrx_word' id='word_1_776' title='bbox 2745 5043 2827 5098; x_wconf 82' lang='lat' dir='ltr'><strong>i9.</strong></span> 
     </span>
    </p>
   </div>
   <div class='ocr_carea' id='block_1_92' title="bbox 457 5093 1017 5165">
    <p class='ocr_par' dir='ltr' id='par_1_92' title="bbox 457 5093 1017 5165">
     <span class='ocr_line' id='line_1_92' title="bbox 457 5093 1017 5165; baseline -0.002 -17"><span class='ocrx_word' id='word_1_777' title='bbox 457 5101 556 5161; x_wconf 74' lang='lat' dir='ltr'><strong>XN,</strong></span> <span class='ocrx_word' id='word_1_778' title='bbox 584 5095 637 5149; x_wconf 88' lang='lat'><strong>6.</strong></span> <span class='ocrx_word' id='word_1_779' title='bbox 697 5096 717 5126; x_wconf 85' lang='grc'><strong>⁷</strong></span> <span class='ocrx_word' id='word_1_780' title='bbox 746 5093 813 5148; x_wconf 85' lang='lat' dir='ltr'><strong>F.</strong></span> <span class='ocrx_word' id='word_1_781' title='bbox 847 5095 1017 5165; x_wconf 87' lang='grc' dir='ltr'>παρά.</span> 
     </span>
    </p>
   </div>
   <div class='ocr_carea' id='block_1_93' title="bbox 458 5273 2027 5346">
    <p class='ocr_par' dir='ltr' id='par_1_93' title="bbox 458 5273 2027 5346">
     <span class='ocr_line' id='line_1_93' title="bbox 458 5273 2027 5346; baseline 0.007 -21"><span class='ocrx_word' id='word_1_782' title='bbox 458 5273 716 5346; x_wconf 70' lang='lat' dir='ltr'><strong>loquendi</strong></span> <span class='ocrx_word' id='word_1_783' title='bbox 750 5292 953 5332; x_wconf 87' lang='lat' dir='ltr'><strong>morem</strong></span> <span class='ocrx_word' id='word_1_784' title='bbox 980 5314 996 5339; x_wconf 91' lang='lat'><strong>,</strong></span> <span class='ocrx_word' id='word_1_785' title='bbox 1032 5276 1296 5346; x_wconf 87' lang='lat' dir='ltr'><strong>Spiritum</strong></span> <span class='ocrx_word' id='word_1_786' title='bbox 1333 5290 1580 5335; x_wconf 90' lang='lat' dir='ltr'><strong>sanctum</strong></span> <span class='ocrx_word' id='word_1_787' title='bbox 1616 5296 1647 5335; x_wconf 85' lang='lat' dir='ltr'><strong>a</strong></span> <span class='ocrx_word' id='word_1_788' title='bbox 1696 5278 1834 5335; x_wconf 85' lang='lat' dir='ltr'><strong>Filio</strong></span> <span class='ocrx_word' id='word_1_789' title='bbox 1882 5282 2027 5336; x_wconf 84' lang='lat' dir='ltr'><strong>acci-</strong></span> 
     </span>
    </p>
   </div>
   <div class='ocr_carea' id='block_1_94' title="bbox 458 5342 2028 5417">
    <p class='ocr_par' dir='ltr' id='par_1_94' title="bbox 458 5342 2028 5417">
     <span class='ocr_line' id='line_1_94' title="bbox 458 5342 2028 5417; baseline 0.006 -22"><span class='ocrx_word' id='word_1_790' title='bbox 458 5357 604 5409; x_wconf 83' lang='lat' dir='ltr'><strong>perc.</strong></span> <span class='ocrx_word' id='word_1_791' title='bbox 663 5342 902 5417; x_wconf 71' lang='lat' dir='ltr'><strong>Utraque</strong></span> <span class='ocrx_word' id='word_1_792' title='bbox 956 5346 1047 5400; x_wconf 90' lang='lat' dir='ltr'><strong>illa</strong></span> <span class='ocrx_word' id='word_1_793' title='bbox 1076 5342 1354 5417; x_wconf 47' lang='lat' dir='ltr'><strong>_loquendi</strong></span> <span class='ocrx_word' id='word_1_794' title='bbox 1404 5350 1752 5405; x_wconf 83' lang='lat' dir='ltr'><strong>scribendive</strong></span> <span class='ocrx_word' id='word_1_795' title='bbox 1796 5350 2028 5405; x_wconf 80' lang='lat' dir='ltr'><strong>formula</strong></span> 
     </span>
    </p>
   </div>
   <div class='ocr_carea' id='block_1_95' title="bbox 461 5414 2028 5493">
    <p class='ocr_par' dir='ltr' id='par_1_95' title="bbox 461 5414 2028 5493">
     <span class='ocr_line' id='line_1_95' title="bbox 461 5414 2028 5493; baseline 0.008 -31"><span class='ocrx_word' id='word_1_796' title='bbox 461 5426 634 5493; x_wconf 55' lang='lat' dir='ltr'><strong>t‘l‘lltlnl</strong></span> <span class='ocrx_word' id='word_1_797' title='bbox 681 5414 938 5493; x_wconf 68' lang='lat' dir='ltr'><strong>idemque</strong></span> <span class='ocrx_word' id='word_1_798' title='bbox 966 5414 1235 5493; x_wconf 73' lang='lat' dir='ltr'><strong>significat</strong></span> <span class='ocrx_word' id='word_1_799' title='bbox 1263 5419 1544 5493; x_wconf 37' lang='lat' dir='ltr'><strong>{quodet</strong></span> <span class='ocrx_word' id='word_1_800' title='bbox 1573 5434 1681 5473; x_wconf 92' lang='lat' dir='ltr'><strong>non</strong></span> <span class='ocrx_word' id='word_1_801' title='bbox 1712 5434 1839 5474; x_wconf 85' lang='lat' dir='ltr'><strong>raro</strong></span> <span class='ocrx_word' id='word_1_802' title='bbox 1866 5420 2028 5475; x_wconf 79' lang='lat' dir='ltr'><strong>iidem</strong></span> 
     </span>
    </p>
   </div>
   <div class='ocr_carea' id='block_1_96' title="bbox 464 5480 2030 5557">
    <p class='ocr_par' dir='ltr' id='par_1_96' title="bbox 464 5480 2030 5557">
     <span class='ocr_line' id='line_1_96' title="bbox 464 5480 2030 5557; baseline 0.007 -26"><span class='ocrx_word' id='word_1_803' title='bbox 464 5480 635 5557; x_wconf 56' lang='lat' dir='ltr'><strong>graeci</strong></span> <span class='ocrx_word' id='word_1_804' title='bbox 682 5480 1055 5557; x_wconf 28' lang='lat' dir='ltr'><strong>expriin‘ebaift</strong></span> <span class='ocrx_word' id='word_1_805' title='bbox 1106 5480 1341 5543; x_wconf 73' lang='lat' dir='ltr'><strong>dicendo</strong></span> <span class='ocrx_word' id='word_1_806' title='bbox 1384 5488 1646 5557; x_wconf 89' lang='lat' dir='ltr'><strong>Spiritum</strong></span> <span class='ocrx_word' id='word_1_807' title='bbox 1694 5497 1944 5544; x_wconf 89' lang='lat' dir='ltr'><strong>sanctum</strong></span> <span class='ocrx_word' id='word_1_808' title='bbox 2000 5504 2030 5542; x_wconf 88' lang='lat' dir='ltr'><strong>a</strong></span> 
     </span>
    </p>
   </div>
   <div class='ocr_carea' id='block_1_97' title="bbox 468 5545 2030 5631">
    <p class='ocr_par' dir='ltr' id='par_1_97' title="bbox 468 5545 2030 5631">
     <span class='ocr_line' id='line_1_97' title="bbox 468 5545 2030 5631; baseline 0.006 -30"><span class='ocrx_word' id='word_1_809' title='bbox 468 5545 641 5631; x_wconf 37' lang='lat' dir='ltr'><strong>Patre.</strong></span> <span class='ocrx_word' id='word_1_810' title='bbox 680 5545 774 5631; x_wconf 59' lang='lat' dir='ltr'><strong>per:</strong></span> <span class='ocrx_word' id='word_1_811' title='bbox 820 5552 1380 5631; x_wconf 59' lang='lat' dir='ltr'><strong>Filiniii__giu&#39;occderte.</strong></span> <span class='ocrx_word' id='word_1_812' title='bbox 1426 5545 1510 5611; x_wconf 65' lang='lat' dir='ltr'><strong>&#39;De</strong></span> <span class='ocrx_word' id='word_1_813' title='bbox 1542 5558 1684 5631; x_wconf 90' lang='lat' dir='ltr'><strong>_ho_c__</strong></span> <span class='ocrx_word' id='word_1_814' title='bbox 1709 5566 2030 5631; x_wconf 57' lang='grc' dir='ltr'>ιιι-εμπιριιο</span> 
     </span>
    </p>
   </div>
   <div class='ocr_carea' id='block_1_98' title="bbox 468 5617 2027 5685">
    <p class='ocr_par' dir='ltr' id='par_1_98' title="bbox 468 5617 2027 5685">
     <span class='ocr_line' id='line_1_98' title="bbox 468 5617 2027 5685; baseline 0.007 -14"><span class='ocrx_word' id='word_1_815' title='bbox 468 5617 644 5681; x_wconf 68' lang='lat' dir='ltr'><strong>evolvi</strong></span> <span class='ocrx_word' id='word_1_816' title='bbox 682 5617 885 5679; x_wconf 81' lang='lat' dir='ltr'><strong>debent</strong></span> <span class='ocrx_word' id='word_1_817' title='bbox 916 5622 971 5678; x_wconf 92' lang='lat' dir='ltr'><strong>S.</strong></span> <span class='ocrx_word' id='word_1_818' title='bbox 1000 5617 1235 5683; x_wconf 81' lang='lat' dir='ltr'><strong>llilarius</strong></span> <span class='ocrx_word' id='word_1_819' title='bbox 1267 5627 1321 5681; x_wconf 91' lang='lat' dir='ltr'><strong>in</strong></span> <span class='ocrx_word' id='word_1_820' title='bbox 1355 5628 1596 5683; x_wconf 86' lang='lat' dir='ltr'><strong>secundo</strong></span> <span class='ocrx_word' id='word_1_821' title='bbox 1630 5617 1875 5685; x_wconf 49' lang='lat' dir='ltr'><strong>librovDe</strong></span> <span class='ocrx_word' id='word_1_822' title='bbox 1907 5626 2027 5682; x_wconf 82' lang='lat' dir='ltr'><strong>Tri-</strong></span> 
     </span>
    </p>
   </div>
   <div class='ocr_carea' id='block_1_99' title="bbox 2131 4300 3705 4372">
    <p class='ocr_par' dir='ltr' id='par_1_99' title="bbox 2131 4300 3705 4372">
     <span class='ocr_line' id='line_1_99' title="bbox 2131 4300 3705 4372; baseline 0.002 -20"><span class='ocrx_word' id='word_1_823' title='bbox 2131 4301 2250 4353; x_wconf 79' lang='grc' dir='ltr'>οὐδὲ</span> <span class='ocrx_word' id='word_1_824' title='bbox 2282 4302 2392 4372; x_wconf 85' lang='grc' dir='ltr'>γὰρ</span> <span class='ocrx_word' id='word_1_825' title='bbox 2438 4305 2465 4355; x_wconf 93' lang='lat'><strong>6</strong></span> <span class='ocrx_word' id='word_1_826' title='bbox 2495 4302 2683 4372; x_wconf 83' lang='grc' dir='ltr'>Πατὴρ</span> <span class='ocrx_word' id='word_1_827' title='bbox 2731 4302 2787 4353; x_wconf 82' lang='grc' dir='ltr'><strong>ἐν</strong></span> <span class='ocrx_word' id='word_1_828' title='bbox 2819 4300 2996 4370; x_wconf 86' lang='grc' dir='ltr'>χρόνῳ</span> <span class='ocrx_word' id='word_1_829' title='bbox 3043 4301 3150 4353; x_wconf 74' lang='grc' dir='ltr'>τινὶ</span> <span class='ocrx_word' id='word_1_830' title='bbox 3189 4302 3380 4372; x_wconf 77' lang='grc' dir='ltr'>Πατὴρ</span> <span class='ocrx_word' id='word_1_831' title='bbox 3429 4303 3530 4355; x_wconf 78' lang='grc' dir='ltr'><strong>οὐκ</strong></span> <span class='ocrx_word' id='word_1_832' title='bbox 3574 4303 3705 4355; x_wconf 75' lang='grc' dir='ltr'>ἑκασ-</span> 
     </span>
    </p>
   </div>
   <div class='ocr_carea' id='block_1_100' title="bbox 2131 4388 3707 4463">
    <p class='ocr_par' dir='ltr' id='par_1_100' title="bbox 2131 4388 3707 4463">
     <span class='ocr_line' id='line_1_100' title="bbox 2131 4388 3707 4463; baseline 0.001 -21"><span class='ocrx_word' id='word_1_833' title='bbox 2131 4391 2271 4443; x_wconf 83' lang='grc' dir='ltr'>λείτο</span> <span class='ocrx_word' id='word_1_834' title='bbox 2289 4410 2302 4423; x_wconf 91' lang='grc'><strong>·</strong></span> <span class='ocrx_word' id='word_1_835' title='bbox 2330 4392 2463 4446; x_wconf 69' lang='grc' dir='ltr'>ἀλλὰ</span> <span class='ocrx_word' id='word_1_836' title='bbox 2489 4388 2556 4463; x_wconf 83' lang='grc' dir='ltr'>ἧν</span> <span class='ocrx_word' id='word_1_837' title='bbox 2582 4392 2667 4444; x_wconf 75' lang='grc' dir='ltr'><strong>ἀεὶ</strong></span> <span class='ocrx_word' id='word_1_838' title='bbox 2701 4390 2884 4462; x_wconf 83' lang='grc' dir='ltr'>Πατὴρ</span> <span class='ocrx_word' id='word_1_839' title='bbox 2907 4432 2922 4455; x_wconf 91' lang='grc'><strong>,</strong></span> <span class='ocrx_word' id='word_1_840' title='bbox 2955 4393 3049 4444; x_wconf 60' lang='grc' dir='ltr'><strong>καὶ⁵</strong></span> <span class='ocrx_word' id='word_1_841' title='bbox 3076 4388 3143 4462; x_wconf 84' lang='grc' dir='ltr'>ἦν</span> <span class='ocrx_word' id='word_1_842' title='bbox 3172 4393 3261 4444; x_wconf 75' lang='grc' dir='ltr'><strong>ἀεὶ</strong></span> <span class='ocrx_word' id='word_1_843' title='bbox 3305 4393 3429 4454; x_wconf 79' lang='grc' dir='ltr'>Υἱὸς</span> <span class='ocrx_word' id='word_1_844' title='bbox 3448 4431 3463 4456; x_wconf 87' lang='grc'><strong>,</strong></span> <span class='ocrx_word' id='word_1_845' title='bbox 3492 4392 3555 4444; x_wconf 83' lang='grc' dir='ltr'><strong>οὐ</strong></span> <span class='ocrx_word' id='word_1_846' title='bbox 3584 4408 3707 4444; x_wconf 85' lang='grc' dir='ltr'>συν-</span> 
     </span>
    </p>
   </div>
   <div class='ocr_carea' id='block_1_101' title="bbox 2132 4480 3707 4550">
    <p class='ocr_par' dir='ltr' id='par_1_101' title="bbox 2132 4480 3707 4550">
     <span class='ocr_line' id='line_1_101' title="bbox 2132 4480 3707 4550; baseline -0.001 -17"><span class='ocrx_word' id='word_1_847' title='bbox 2132 4481 2390 4550; x_wconf 74' lang='grc' dir='ltr'>άδελφος,</span> <span class='ocrx_word' id='word_1_848' title='bbox 2452 4482 2587 4535; x_wconf 83' lang='grc' dir='ltr'><strong>ἀλλά</strong></span> <span class='ocrx_word' id='word_1_849' title='bbox 2640 4481 2766 4544; x_wconf 85' lang='grc' dir='ltr'>Υίὸς</span> <span class='ocrx_word' id='word_1_850' title='bbox 2803 4480 3085 4549; x_wconf 75' lang='grc' dir='ltr'>γεννηθεὶς</span> <span class='ocrx_word' id='word_1_851' title='bbox 3138 4480 3575 4548; x_wconf 86' lang='grc' dir='ltr'>ἀνεκδιηγήτως,</span> <span class='ocrx_word' id='word_1_852' title='bbox 3612 4480 3707 4533; x_wconf 50' lang='grc' dir='ltr'><strong>και⁹</strong></span> 
     </span>
    </p>
   </div>
   <div class='ocr_carea' id='block_1_102' title="bbox 2129 4569 3701 4643">
    <p class='ocr_par' dir='ltr' id='par_1_102' title="bbox 2129 4569 3701 4643">
     <span class='ocr_line' id='line_1_102' title="bbox 2129 4569 3701 4643; baseline -0.002 -19"><span class='ocrx_word' id='word_1_853' title='bbox 2129 4572 2524 4643; x_wconf 73' lang='grc' dir='ltr'>ὀνομαζόμενος</span> <span class='ocrx_word' id='word_1_854' title='bbox 2564 4572 2964 4640; x_wconf 77' lang='grc' dir='ltr'>ἀκαταλήπτως</span> <span class='ocrx_word' id='word_1_855' title='bbox 2989 4612 3002 4636; x_wconf 86' lang='grc'><strong>,</strong></span> <span class='ocrx_word' id='word_1_856' title='bbox 3044 4573 3142 4624; x_wconf 78' lang='grc' dir='ltr'><strong>σὺν</strong></span> <span class='ocrx_word' id='word_1_857' title='bbox 3172 4572 3346 4641; x_wconf 73' lang='grc' dir='ltr'>Πατρὶ</span> <span class='ocrx_word' id='word_1_858' title='bbox 3374 4570 3431 4622; x_wconf 82' lang='grc' dir='ltr'>δὲ</span> <span class='ocrx_word' id='word_1_859' title='bbox 3467 4569 3543 4622; x_wconf 83' lang='grc' dir='ltr'><strong>ὢν</strong></span> <span class='ocrx_word' id='word_1_860' title='bbox 3595 4571 3701 4635; x_wconf 79' lang='grc' dir='ltr'>ἀεὶ,</span> 
     </span>
    </p>
   </div>
   <div class='ocr_carea' id='block_1_103' title="bbox 2134 4657 3705 4733">
    <p class='ocr_par' dir='ltr' id='par_1_103' title="bbox 2134 4657 3705 4733">
     <span class='ocr_line' id='line_1_103' title="bbox 2134 4657 3705 4733; baseline -0.002 -18"><span class='ocrx_word' id='word_1_861' title='bbox 2134 4663 2403 4733; x_wconf 81' lang='grc' dir='ltr'>μηδέποτε</span> <span class='ocrx_word' id='word_1_862' title='bbox 2435 4663 2721 4716; x_wconf 83' lang='grc' dir='ltr'>διαλείπων</span> <span class='ocrx_word' id='word_1_863' title='bbox 2752 4662 2845 4715; x_wconf 78' lang='grc' dir='ltr'>τοῦ</span> <span class='ocrx_word' id='word_1_864' title='bbox 2886 4659 3045 4717; x_wconf 83' lang='grc' dir='ltr'>εῐναι.</span> <span class='ocrx_word' id='word_1_865' title='bbox 3078 4662 3266 4733; x_wconf 81' lang='grc' dir='ltr'>Πατὴρ</span> <span class='ocrx_word' id='word_1_866' title='bbox 3296 4657 3388 4714; x_wconf 79' lang='grc' dir='ltr'><strong>οὖν</strong></span> <span class='ocrx_word' id='word_1_867' title='bbox 3414 4661 3705 4730; x_wconf 85' lang='grc' dir='ltr'>ἁγέννητος</span> 
     </span>
    </p>
   </div>
   <div class='ocr_carea' id='block_1_104' title="bbox 2131 4751 3707 4825">
    <p class='ocr_par' dir='ltr' id='par_1_104' title="bbox 2131 4751 3707 4825">
     <span class='ocr_line' id='line_1_104' title="bbox 2131 4751 3707 4825; baseline 0 -19"><span class='ocrx_word' id='word_1_868' title='bbox 2131 4754 2225 4807; x_wconf 57' lang='grc' dir='ltr'><strong>καὶ⁹</strong></span> <span class='ocrx_word' id='word_1_869' title='bbox 2251 4756 2502 4818; x_wconf 79' lang='grc' dir='ltr'>άκτιστος</span> <span class='ocrx_word' id='word_1_870' title='bbox 2532 4757 2626 4807; x_wconf 78' lang='grc' dir='ltr'><strong>καὶ</strong></span> <span class='ocrx_word' id='word_1_871' title='bbox 2664 4753 3064 4824; x_wconf 81' lang='grc' dir='ltr'>ἀκατάληπτος.</span> <span class='ocrx_word' id='word_1_872' title='bbox 3094 4756 3221 4819; x_wconf 79' lang='grc' dir='ltr'>Υἱὸς</span> <span class='ocrx_word' id='word_1_873' title='bbox 3251 4754 3507 4825; x_wconf 83' lang='grc' dir='ltr'>γεννητὸς</span> <span class='ocrx_word' id='word_1_874' title='bbox 3526 4794 3541 4819; x_wconf 91' lang='grc'><strong>,</strong></span> <span class='ocrx_word' id='word_1_875' title='bbox 3569 4751 3707 4806; x_wconf 86' lang='grc' dir='ltr'><strong>ἀλλά</strong></span> 
     </span>
    </p>
   </div>
   <div class='ocr_carea' id='block_1_105' title="bbox 2128 4844 3704 4919">
    <p class='ocr_par' dir='ltr' id='par_1_105' title="bbox 2128 4844 3704 4919">
     <span class='ocr_line' id='line_1_105' title="bbox 2128 4844 3704 4919; baseline -0.001 -21"><span class='ocrx_word' id='word_1_876' title='bbox 2128 4844 2223 4898; x_wconf 75' lang='grc' dir='ltr'><strong>καὶ</strong></span> <span class='ocrx_word' id='word_1_877' title='bbox 2254 4846 2504 4910; x_wconf 82' lang='grc' dir='ltr'>ἄκτιστος</span> <span class='ocrx_word' id='word_1_878' title='bbox 2552 4847 2647 4900; x_wconf 73' lang='grc' dir='ltr'><strong>καὶ</strong></span> <span class='ocrx_word' id='word_1_879' title='bbox 2693 4846 3094 4919; x_wconf 84' lang='grc' dir='ltr'>ἀκατάληπτος.</span> <span class='ocrx_word' id='word_1_880' title='bbox 3127 4847 3353 4917; x_wconf 74' lang='grc' dir='ltr'>Πνεῦμα</span> <span class='ocrx_word' id='word_1_881' title='bbox 3398 4844 3554 4915; x_wconf 73' lang='grc' dir='ltr'>ἅγιον</span> <span class='ocrx_word' id='word_1_882' title='bbox 3597 4846 3704 4907; x_wconf 83' lang='grc' dir='ltr'>ἀεὶ,</span> 
     </span>
    </p>
   </div>
   <div class='ocr_carea' id='block_1_106' title="bbox 2926 5040 3704 5116">
    <p class='ocr_par' dir='ltr' id='par_1_106' title="bbox 2926 5040 3704 5116">
     <span class='ocr_line' id='line_1_106' title="bbox 2926 5040 3704 5116; baseline -0.012 -16"><span class='ocrx_word' id='word_1_883' title='bbox 2926 5045 2947 5075; x_wconf 86' lang='grc'><strong>⁸</strong></span> <span class='ocrx_word' id='word_1_884' title='bbox 2992 5045 3190 5116; x_wconf 86' lang='lat' dir='ltr'><strong>Ephes.</strong></span> <span class='ocrx_word' id='word_1_885' title='bbox 3225 5062 3295 5113; x_wconf 81' lang='lat' dir='ltr'><strong>tv,</strong></span> <span class='ocrx_word' id='word_1_886' title='bbox 3328 5048 3379 5100; x_wconf 80' lang='grc'><strong>5.</strong></span> <span class='ocrx_word' id='word_1_887' title='bbox 3485 5045 3504 5073; x_wconf 75' lang='grc'>⁸</span> <span class='ocrx_word' id='word_1_888' title='bbox 3531 5040 3548 5093; x_wconf 87' lang='grc'><strong>1</strong></span> <span class='ocrx_word' id='word_1_889' title='bbox 3578 5041 3704 5094; x_wconf 81' lang='lat' dir='ltr'><strong>Cor.</strong></span> 
     </span>
    </p>
   </div>
   <div class='ocr_carea' id='block_1_107' title="bbox 2131 5284 3705 5357">
    <p class='ocr_par' dir='ltr' id='par_1_107' title="bbox 2131 5284 3705 5357">
     <span class='ocr_line' id='line_1_107' title="bbox 2131 5284 3705 5357; baseline 0 -21"><span class='ocrx_word' id='word_1_890' title='bbox 2131 5284 2316 5357; x_wconf 78' lang='lat' dir='ltr'><strong>nitate,</strong></span> <span class='ocrx_word' id='word_1_891' title='bbox 2350 5285 2442 5338; x_wconf 89' lang='lat' dir='ltr'><strong>ubi</strong></span> <span class='ocrx_word' id='word_1_892' title='bbox 2466 5295 2649 5357; x_wconf 85' lang='lat' dir='ltr'><strong>versat</strong></span> <span class='ocrx_word' id='word_1_893' title='bbox 2677 5287 2804 5357; x_wconf 90' lang='lat' dir='ltr'><strong>quid</strong></span> <span class='ocrx_word' id='word_1_894' title='bbox 2829 5289 2933 5344; x_wconf 85' lang='lat' dir='ltr'><strong>sibi</strong></span> <span class='ocrx_word' id='word_1_895' title='bbox 2956 5290 3083 5344; x_wconf 88' lang='lat' dir='ltr'><strong>velit</strong></span> <span class='ocrx_word' id='word_1_896' title='bbox 3108 5289 3160 5340; x_wconf 90' lang='lat' dir='ltr'><strong>in</strong></span> <span class='ocrx_word' id='word_1_897' title='bbox 3192 5286 3390 5357; x_wconf 58' lang='lat' dir='ltr'><strong>divinis</strong></span> <span class='ocrx_word' id='word_1_898' title='bbox 3429 5286 3497 5339; x_wconf 85' lang='lat' dir='ltr'><strong>ab</strong></span> <span class='ocrx_word' id='word_1_899' title='bbox 3522 5287 3705 5357; x_wconf 83' lang='lat' dir='ltr'><strong>aliquo</strong></span> 
     </span>
    </p>
   </div>
   <div class='ocr_carea' id='block_1_108' title="bbox 2131 5353 3700 5422">
    <p class='ocr_par' dir='ltr' id='par_1_108' title="bbox 2131 5353 3700 5422">
     <span class='ocr_line' id='line_1_108' title="bbox 2131 5353 3700 5422; baseline 0.002 -17"><span class='ocrx_word' id='word_1_900' title='bbox 2131 5353 2411 5422; x_wconf 85' lang='lat' dir='ltr'><strong>accipere;</strong></span> <span class='ocrx_word' id='word_1_901' title='bbox 2459 5356 2634 5409; x_wconf 88' lang='lat' dir='ltr'><strong>evolvi</strong></span> <span class='ocrx_word' id='word_1_902' title='bbox 2680 5353 2733 5411; x_wconf 79' lang='lat' dir='ltr'><strong>et</strong></span> <span class='ocrx_word' id='word_1_903' title='bbox 2781 5359 2912 5411; x_wconf 82' lang='lat' dir='ltr'><strong>Acta</strong></span> <span class='ocrx_word' id='word_1_904' title='bbox 2958 5358 3173 5410; x_wconf 83' lang='lat' dir='ltr'><strong>concilii</strong></span> <span class='ocrx_word' id='word_1_905' title='bbox 3239 5355 3535 5409; x_wconf 85' lang='lat' dir='ltr'><strong>Florentini</strong></span> <span class='ocrx_word' id='word_1_906' title='bbox 3598 5353 3700 5410; x_wconf 80' lang='lat' dir='ltr'><strong>sub</strong></span> 
     </span>
    </p>
   </div>
   <div class='ocr_carea' id='block_1_109' title="bbox 2130 5421 3702 5490">
    <p class='ocr_par' dir='ltr' id='par_1_109' title="bbox 2130 5421 3702 5490">
     <span class='ocr_line' id='line_1_109' title="bbox 2130 5421 3702 5490; baseline 0.003 -17"><span class='ocrx_word' id='word_1_907' title='bbox 2130 5421 2482 5490; x_wconf 72' lang='lat' dir='ltr'><strong>EugenioJV,</strong></span> <span class='ocrx_word' id='word_1_908' title='bbox 2516 5425 2713 5481; x_wconf 85' lang='lat' dir='ltr'><strong>Leonis</strong></span> <span class='ocrx_word' id='word_1_909' title='bbox 2736 5426 2915 5479; x_wconf 79' lang='lat' dir='ltr'><strong>Allatii</strong></span> <span class='ocrx_word' id='word_1_910' title='bbox 2944 5426 3162 5481; x_wconf 74' lang='lat' dir='ltr'><strong>ercia:</strong></span> <span class='ocrx_word' id='word_1_911' title='bbox 3198 5424 3504 5479; x_wconf 76' lang='lat' dir='ltr'><strong>orthodoxa:</strong></span> <span class='ocrx_word' id='word_1_912' title='bbox 3528 5424 3651 5478; x_wconf 89' lang='lat' dir='ltr'><strong>libri</strong></span> <span class='ocrx_word' id='word_1_913' title='bbox 3686 5441 3702 5489; x_wconf 87' lang='lat'><strong>;</strong></span> 
     </span>
    </p>
   </div>
   <div class='ocr_carea' id='block_1_110' title="bbox 2131 5490 3700 5565">
    <p class='ocr_par' dir='ltr' id='par_1_110' title="bbox 2131 5490 3700 5565">
     <span class='ocr_line' id='line_1_110' title="bbox 2131 5490 3700 5565; baseline 0.001 -20"><span class='ocrx_word' id='word_1_914' title='bbox 2131 5498 2297 5565; x_wconf 84' lang='lat' dir='ltr'><strong>atque</strong></span> <span class='ocrx_word' id='word_1_915' title='bbox 2343 5490 2549 5547; x_wconf 82' lang='lat' dir='ltr'><strong>Petavii</strong></span> <span class='ocrx_word' id='word_1_916' title='bbox 2586 5495 3017 5565; x_wconf 80' lang='lat' dir='ltr'><strong>Theologicornm</strong></span> <span class='ocrx_word' id='word_1_917' title='bbox 3063 5496 3371 5564; x_wconf 80' lang='lat' dir='ltr'><strong>dogmatum</strong></span> <span class='ocrx_word' id='word_1_918' title='bbox 3416 5494 3553 5549; x_wconf 85' lang='lat' dir='ltr'><strong>liber</strong></span> <span class='ocrx_word' id='word_1_919' title='bbox 3588 5507 3700 5558; x_wconf 85' lang='lat' dir='ltr'><strong>vn,</strong></span> 
     </span>
    </p>
   </div>
   <div class='ocr_carea' id='block_1_111' title="bbox 2131 5564 2733 5631">
    <p class='ocr_par' dir='ltr' id='par_1_111' title="bbox 2131 5564 2733 5631">
     <span class='ocr_line' id='line_1_111' title="bbox 2131 5564 2733 5631; baseline 0.002 -15"><span class='ocrx_word' id='word_1_920' title='bbox 2131 5564 2310 5629; x_wconf 81' lang='lat' dir='ltr'><strong>capite</strong></span> <span class='ocrx_word' id='word_1_921' title='bbox 2347 5565 2647 5631; x_wconf 70' lang='lat' dir='ltr'><strong>prtescrtim</strong></span> <span class='ocrx_word' id='word_1_922' title='bbox 2681 5565 2733 5618; x_wconf 81' lang='lat'><strong>5.</strong></span> 
     </span>
    </p>
   </div>
  </div>
