3992 6198
303 315 384 373 29
1745 308 2188 368 ANCORA'I‘US.
3503 314 3577 374 κο

314 431 375 485 οὐ
400 427 692 499 γεννητὸν,
723 424 784 479 οὐ
800 422 1113 489 κτιστδν,οὐ
1144 423 1491 495 συναδελφον,
1521 424 1582 478 οὑ
1610 426 1885 495 Μτράδελ·

2013 426 2492 497 comprehensihili
2526 426 2685 482 modo
2722 426 3057 493 nominatus,
3097 442 3222 483 cum
3259 426 3423 483 Patre
3447 442 3583 484 vero

317 537 417 589 φον
443 559 459 582 ,
491 518 555 570 οὐ
587 515 928 587 προπάτορον
950 512 1073 585 (sic)
1092 555 1107 579 ,
1141 515 1241 568 οὐκ
1269 514 1488 585 ἔκγονον
1511 555 1526 578 ,
1561 515 1675 569 ἀλλ’
1710 519 1773 569 ἐκ
1804 518 1901 587 τῆς

321 607 497 678 αὐτῆς
544 604 726 668 οὐσίας
768 603 979 673 Πατρὸς
1006 603 1103 655 καὶ
1125 599 1257 655 Υἰοῦ
1289 602 1396 675 (8),
1444 603 1669 675 Πνεῦμα
1721 605 1897 674 ἆγιονι

321 697 568 766 Πνεῦμα
604 695 711 764 γὰρ
751 697 787 748 ὁ
821 694 987 759 Θεός.

2012 534 2226 588 semper
2255 518 2550 584 exsistens,
2582 534 2682 574 nec
2724 535 2979 590 unquam
3010 535 3130 575 esse
3153 520 3428 575 desinens.
3476 522 3577 573 Ita-

2008 625 2114 679 que
2139 610 2300 664 Pater
2328 611 2604 681 ingenitus
2631 618 2737 674 est,
2769 612 3043 666 increatus
3075 619 3131 665 et
3164 610 3577 679 incomprehen-

2008 716 2124 756 sus.
2160 699 2331 755 Filius
2360 702 2596 771 genitus,
2621 700 2714 756 sed
2766 700 3043 756 increatus
3072 708 3126 755 et
3159 700 3576 770 incomprehen-

326 805 464 844 sus:
496 786 732 855 Spiritus
762 793 990 842 sanctus
1023 800 1244 856 semper
1293 794 1396 851 est,
1424 799 1532 841 non
1563 785 1802 857 genitus,
1839 802 1949 841 non
1984 801 2220 855 creatus,
2267 807 2373 845 non
2428 791 2612 855 frater,
2662 806 2771 843 non
2826 801 3072 860 patruus,
3123 805 3230 844 non
3272 807 3428 857 avus,
3464 805 3576 846 non

323 895 509 949 nepos,
568 878 664 934 sed
704 895 771 934 ex
816 878 1009 935 eadem
1069 878 1251 935 Patris
1308 877 1539 949 Filiique
1590 879 1896 933 substantia
1934 879 2170 951 Spiritus
2201 891 2465 938 sanctus:
2510 879 2740 950 Spiritus
2766 884 2904 937 enim
2943 882 3079 936 Deus
3108 884 3247 936 est”.

390 974 473 1025 li’.
526 973 799 1025 Ἐκαστον
848 972 909 1025 δὲ
955 972 1065 1025 τῶν
1109 973 1386 1042 ὀνομάτων
1427 972 1740 1044 μονώνυμον
1768 1014 1783 1037 ,
1822 974 1897 1044 μὴ

314 1060 441 1132 ἔχον
473 1062 817 1133 δευτέρωσιν.
858 1063 967 1116 Καὶ
996 1062 1101 1136 γὰρ
1124 1065 1152 1116 6
1177 1063 1365 1134 Πατὴρ
1404 1065 1623 1134 Πατήρσ
1676 1064 1768 1117 καὶ
1797 1064 1897 1117 οὐκ

317 1150 433 1222 ἔχει
464 1153 923 1224 ἀντιπαράθετον,
955 1153 1075 1206 οὐδὲ
1123 1154 1296 1224 ἑτέρῳ
1324 1155 1498 1225 Πατρὶ
1529 1153 1898 1223 συζευγνύμε-

315 1259 442 1295 νον’
486 1244 573 1295 ἵνα
611 1242 688 1313 μὴ
738 1244 831 1295 δύο
872 1243 1001 1297 θεοί.
1055 1245 1166 1296 Καὶ
1226 1244 1353 1307 Υἱὸς
1405 1246 1697 1315 μονογενὴς
1763 1246 1894 1309 Θεὸς

316 1330 567 1399 ἀληθινὸς
598 1334 662 1383 ὲκ
688 1330 825 1383 Θεοῦ
854 1331 1107 1401 ἀληθινοῦ
1131 1373 1146 1398 ,
1183 1333 1243 1385 οὐ
1278 1333 1491 1404 Πατρὸς
1520 1335 1657 1405 ἔχων
1697 1335 1891 1405 ὄνομα,

316 1423 441 1478 οὐδὲ
472 1424 749 1494 ἀλλότριον
782 1422 994 1494 Πατρός
1015 1463 1031 1487 ,
1066 1422 1180 1475 ἀλλ’
1220 1422 1339 1486 ἐνὸς
1372 1422 1583 1492 Πατρδς
1613 1424 1892 1494 ὑπάρχων·

316 1510 630 1579 Μονογενὴς
661 1510 717 1563 δὲ
741 1549 756 1572 ,
787 1510 876 1563 ἵνα
924 1507 1237 1579 μονώνυμος
1347 1510 1375 1561 ὁ
1419 1508 1545 1570 Υἱός
1570 1526 1581 1536 ·
1633 1508 1729 1560 καὶ
1763 1506 1895 1568 Θεὸς

313 1603 383 1654 ἐκ
409 1600 564 1665 Θεοῦ,
597 1601 683 1654 ἵνα
713 1596 794 1664 εἷς
821 1601 953 1663 Θεὸς
982 1601 1170 1670 Πατὴρ
1215 1601 1308 1653 καὶ
1336 1600 1464 1662 Υἱὸς
1493 1598 1721 1668 καλῆται
1751 1616 1765 1630 ·
1802 1598 1895 1651 καὶ

312 1689 375 1742 τὺ
403 1690 627 1759 Πνεῦμα
656 1688 719 1741 τὸ
746 1689 900 1758 ἅγιον
939 1689 1223 1759 μονογενὲς
1240 1728 1253 1750 ,
1277 1688 1375 1758 οὐχ
1400 1687 1529 1740 Υἱοῦ
1552 1687 1672 1757 ἔχον
1700 1687 1890 1757 ὄνομα,

2075 976 2208 1031 VIII.
2261 976 2394 1031 Nam
2464 992 2803 1046 unaquaeque
2876 977 3294 1046 appellationum
3343 978 3572 1045 istarum

2002 1066 2293 1137 singularis
2320 1076 2434 1132 est;
2466 1080 2641 1135 neque
2666 1065 2961 1135 quidquam
2985 1065 3146 1118 habet
3166 1064 3308 1135 quod
3331 1066 3573 1123 secundo

1999 1156 2354 1225 signiﬁcetur.
2386 1155 2545 1209 Pater
2569 1155 2714 1209 enim
2740 1154 2899 1207 Pater
2929 1160 3043 1217 est;
3075 1170 3251 1222 neque
3272 1155 3570 1225 quidquam

2001 1246 2183 1311 habet,
2212 1244 2356 1314 quod
2390 1261 2513 1299 cum
2545 1246 2663 1313 ipso
2695 1260 2760 1299 ex
2792 1244 3021 1298 adverso
3049 1252 3415 1313 comparatum
3446 1247 3519 1300 sit
3549 1283 3567 1309 ,

1999 1341 2092 1387 aut
2128 1349 2253 1388 cum
2281 1333 2451 1387 altero
2492 1332 2651 1387 Patre
2679 1333 3012 1401 copulatum,
3042 1347 3111 1386 ne
3147 1330 3284 1385 forte
3320 1331 3429 1384 duo
3458 1331 3572 1387 sint

1994 1424 2088 1477 dii.
2121 1422 2291 1477 Filius
2331 1423 2662 1493 unigenitus,
2695 1419 2836 1476 Deus
2860 1437 3021 1475 verus
3049 1437 3114 1476 ex
3138 1418 3248 1474 Deo
3272 1434 3429 1484 vero;
3460 1435 3568 1474 non

1993 1513 2170 1567 Patris
2203 1528 2401 1567 nomen
2441 1514 2545 1567 sibi
2587 1512 2887 1575 vindicans,
2918 1526 3020 1566 nec
3053 1511 3262 1566 alienus
3305 1524 3335 1563 a
3370 1509 3566 1575 Patre,

1992 1606 2085 1659 sed
2111 1605 2270 1659 unius
2296 1600 2475 1659 Patris
2502 1605 2806 1669 exsistens;
2837 1603 3162 1672 Uuigenitus
3191 1615 3339 1665 vero,
3372 1609 3432 1654 ut
3453 1602 3568 1654 sin-

1991 1696 2165 1765 gulari
2209 1695 2280 1749 sit
2311 1694 2671 1764 appellatione
2699 1694 2738 1747 F
2744 1695 2898 1759 ilius;
2943 1700 2998 1748 et
3028 1690 3175 1748 Deus
3219 1707 3285 1745 ex
3334 1689 3463 1754 Deo,
3510 1697 3569 1742 ut

311 1780 376 1833 οὗ
416 1779 627 1850 Πατρὸς
659 1780 757 1851 τὴν
786 1779 1081 1849 ὀνομασίαν
1102 1794 1119 1811 ’
1150 1777 1285 1831 ἀλλὰ
1314 1778 1537 1849 Πνεῦμα
1565 1778 1718 1845 ἅγιον
1749 1776 1885 1830 οὕτω

1992 1801 2134 1840 unus
2177 1784 2319 1839 Deus
2360 1784 2521 1839 Pater
2552 1794 2605 1840 et
2636 1784 2807 1840 Filius
2850 1784 3182 1855 appelletur;
3228 1788 3282 1836 et
3331 1779 3568 1850 Spiritus

315 1872 685 1941 καλούμενον,
741 1873 843 1924 οὐκ
893 1870 1171 1939 ἀλλότριον
1228 1870 1458 1942 Πατρός.
1506 1869 1676 1932 Αὐτὸς
1714 1870 1823 1941 γὰρ
1859 1871 1888 1922 ὀ

312 1962 625 2031 Μονογενὴς
652 1961 803 2029 λέγει
821 2002 838 2026 ,
880 1959 953 2013 Τὸ
980 1959 1207 2031 Πνεῦμα
1237 1960 1330 2013 τοῦ
1364 1961 1577 2030 Πατρδς
1597 1999 1613 2024 ,
1650 1960 1742 2013 καὶ
1765 2000 1779 2024 ,
1817 1959 1887 2015 Τὸ

317 2048 389 2100 ἐκ
420 2049 525 2102 τοῦ
558 2049 783 2117 Πατρός
805 2050 1281 2118 ἐκπορευόμενον
1303 2090 1320 2116 ,
1346 2049 1443 2102 καὶ
1482 2051 1551 2103 ἐκ
1598 2049 1703 2104 τοῦ
1740 2049 1887 2119 ἐμοῦ

319 2136 583 2204 λήψεται
608 2153 622 2166 ⁸
660 2138 747 2191 ἵνα
782 2139 854 2208 μὴ
885 2137 1156 2210 ἀλλότριον
1186 2138 1465 2209 νομισθείη
1498 2140 1708 2212 Πατρὸς
1751 2141 1886 2211 μηδὲ

318 2226 454 2279 Υίοῦ
476 2266 491 2291 ,
530 2227 663 2281 ἀλλὰ
698 2231 794 2298 τῆς
820 2229 985 2299 αὐτῆς
1009 2230 1198 2293 οὐσίας
1220 2270 1234 2292 ,
1272 2231 1370 2301 τῆς
1402 2229 1574 2301 αὐτῆς
1604 2231 1880 2301 θεότητος,

313 2316 542 2386 Πνεῦμα
573 2316 731 2381 θεῖον,
768 2318 827 2371 τὸ
856 2319 1077 2388 Πνεῦμα
1109 2322 1207 2390 τῆς
1256 2318 1544 2391 ἀληθείας,
1580 2321 1639 2373 τὸ
1664 2320 1887 2391 Πνεῦμα

304 2406 405 2460 τοῦ
436 2405 567 2458 Θεοῦ
589 2446 604 2469 ,
634 2406 695 2459 τὸ
734 2407 958 2477 Πνεῦμα
988 2410 1050 2460 τὸ
1099 2410 1452 2479 Παράκλητον
1481 2449 1496 2474 ,
1554 2411 1885 2480 μονωνύμως

310 2496 663 2566 καλούμενον,
698 2498 771 2567 μὴ
793 2498 914 2568 ἔχον
940 2499 1362 2567 ἀντιπαράθεσιν
1387 2540 1403 2565 ,
1438 2501 1513 2570 μὴ
1540 2496 1902 2569 ἐξισούμενον

308 2588 482 2656 ἑτέρῳ
509 2588 613 2639 τινὶ
640 2585 908 2658 πνεύματι
926 2628 941 2652 ,
992 2590 1067 2659 μὴ
1109 2590 1436 2660 καλούμενον
1463 2591 1686 2661 ὀνόματι
1730 2590 1882 2657 Υἰοῦ,

308 2674 344 2743 ἢ
372 2674 765 2743 ὀνομαζόμενον
808 2676 1071 2747 ὀνομασίᾳ
1120 2678 1365 2747 Πατρός·
1400 2678 1485 2731 ἱνα
1529 2679 1603 2749 μὴ
1646 2678 1716 2731 τὰ
1762 2696 1887 2748 μον-

311 2764 501 2832 ώνυμα
527 2763 766 2833 ὀνόματα.
796 2764 1058 2836 ὁμώνυμα
1085 2766 1323 2837 ὑπάρχῃ.
1361 2766 1505 2837 Πλὴν
1521 2768 1603 2820 ὅτι
1628 2766 1687 2820 τὸ
1718 2768 1883 2830 Θεὸς,

310 2853 429 2905 ἀλλ’
480 2855 535 2905 ἐν
566 2855 771 2926 Πατρί·
826 2854 888 2906 τὸ
928 2856 1071 2921 Θεὸς
1105 2859 1161 2909 ὲν
1208 2856 1324 2927 Υἱῷ
1350 2874 1364 2887 ο
1396 2857 1455 2909 τὸ
1484 2858 1628 2923 Θεὸς
1656 2859 1713 2909 ὲν
1747 2857 1886 2928 ἁγίῳ

312 2944 608 3014 Πνεύματι,
639 2945 699 2998 τὸ
728 2944 862 2999 Θεοῦ
891 2948 905 2976 ¹
948 2948 1042 2999 καὶ
1071 2948 1220 3011 Θεός.
1250 2948 1474 3019 Πνεῦμα
1498 2949 1604 3020 γὰρ
1632 2947 1765 3001 Θεοῦ
1793 2951 1886 3001 καὶ

311 3034 535 3103 Πνεῦμα
559 3035 652 3089 τοῦ
686 3038 923 3110 Πατρὸς,
952 3039 1047 3092 καὶ
1067 3038 1291 3110 Πνεῦμα
1332 3040 1426 3092 τοῦ
1460 3040 1591 3092 Υίοῦ
1617 3056 1632 3071 ·
1659 3042 1718 3093 οὐ
1746 3039 1888 3094 κατά

1990 1881 2215 1928 sanctus
2239 1872 2465 1939 unicus;
2493 1887 2601 1925 non
2624 1869 2744 1924 Filii
2772 1886 2991 1934 nomen,
3014 1886 3126 1924 non
3145 1868 3563 1938 appellationem

1986 1961 2164 2018 Patris
2196 1977 2490 2032 usurpans,
2521 1961 2616 2016 sed
2645 1959 2883 2031 Spiritus
2914 1968 3140 2016 sanctus
3169 1967 3397 2013 vocatus
3416 1998 3431 2021 ,
3461 1972 3565 2012 nec

1986 2052 2197 2106 alienus
2236 2066 2266 2104 a
2294 2051 2472 2105 Patre.
2508 2050 2720 2105 Etenim
2753 2052 2987 2119 unigena
3023 2051 3139 2118 ipse
3173 2048 3343 2103 Filius
3375 2049 3448 2101 ita
3487 2048 3569 2101 lo-

1985 2142 2170 2211 quitur
2195 2160 2207 2195 :
2233 2139 2468 2210 Spiritus
2485 2138 2663 2196 Patris
2684 2141 2726 2193 ³.
2744 2141 2871 2194 Item
2899 2158 2912 2192 :
2939 2138 3089 2202 Quia
3115 2138 3274 2191 Patre
3293 2136 3522 2205 procedit
3546 2137 3566 2167 ⁵

1984 2244 2032 2287 ει
2068 2234 2131 2287 de
2156 2249 2265 2286 meo
2317 2232 2530 2299 accipiet
2558 2232 2579 2262 ⁸
2608 2249 2622 2285 :
2671 2239 2730 2285 ut
2757 2245 2825 2284 ne
2856 2230 3066 2284 alienus
3090 2244 3119 2281 a
3141 2228 3303 2282 Patre
3327 2229 3407 2282 vel
3429 2227 3564 2281 Filio

1985 2322 2332 2385 crederetur,
2374 2322 2468 2376 sed
2500 2319 2745 2390 ejusdem
2793 2318 3115 2373 substantiae
3155 2332 3219 2371 ac
3258 2316 3564 2371 divinitatis

1984 2410 2225 2479 ejusdem
2254 2409 2471 2463 divinus
2506 2408 2758 2477 Spiritus,
2810 2406 3045 2475 Spiritus
3078 2406 3345 2469 veritatis,
3396 2404 3566 2473 Spiri-

1986 2510 2072 2554 tus
2102 2499 2217 2562 Dei,
2263 2497 2500 2569 Spiritus
2526 2498 2857 2559 ,Paracletus
2888 2516 2901 2551 :
2936 2497 3037 2566 13
3076 2498 3168 2565 qui
3199 2496 3419 2566 quidem
3449 2496 3566 2550 sin-

1984 2590 2247 2660 gulariter
2291 2589 2631 2651 nominatur,
2673 2602 2773 2641 nec
2812 2603 2878 2642 ex
2911 2587 3141 2641 adverso
3189 2590 3575 2655 comparatum

1986 2681 2147 2735 habet
2174 2680 2492 2749 quidquam,
2528 2695 2703 2749 neque
2734 2694 2857 2733 cum
2893 2680 3065 2732 altero
3098 2679 3413 2747 adaequalur
3452 2676 3564 2746 spi-

1984 2754 2112 2834 ritu,
2141 2786 2315 2838 neque
2337 2778 2431 2822 aut
2458 2767 2577 2822 Filii
2606 2769 2845 2831 nomine,
2877 2778 2969 2821 aut
2993 2766 3173 2821 Patris
3199 2766 3567 2836 appellatione

1984 2870 2259 2921 censetur,
2303 2875 2371 2914 ne
2411 2859 2709 2929 singularia
2758 2858 2977 2912 nomina
3015 2859 3291 2927 aequivoca
3332 2857 3565 2912 reddan-

1984 2956 2093 3003 tur.
2130 2948 2276 3003 Inest
2305 2964 2434 3019 ergo
2464 2947 2604 3004 Deus
2634 2949 2687 3000 in
2724 2947 2883 3002 Patre
2906 2987 2921 3010 ,
2969 2946 3113 3000 inest
3148 2946 3201 2999 in
3232 2944 3389 3009 Filio,
3426 2948 3567 3001 inest

1983 3041 2039 3094 in
2062 3039 2267 3109 Spiritu
2308 3048 2521 3105 sancto,
2562 3038 2652 3109 qui
2692 3054 2759 3093 ex
2802 3038 2908 3093 Deo
2938 3038 3140 3107 pariter
3176 3042 3229 3091 et
3274 3034 3416 3090 Deus
3457 3044 3562 3091 est.

307 3138 431 3174 τινα
454 3122 718 3187 σύνθεσιν,
752 3125 1003 3198 καθάπερ
1028 3127 1086 3180 ἐν
1114 3129 1246 3198 ἡμῖν
1269 3128 1413 3199 ψυχὴ
1440 3130 1535 3182 καὶ
1560 3128 1736 3200 σῶμα,
1767 3130 1880 3183 ἀλλ’

1990 3128 2223 3199 Spiritus
2251 3131 2396 3184 enim
2431 3128 2548 3194 Dei,
2582 3144 2646 3184 ac
2700 3127 2937 3199 Spiritus
2966 3126 3167 3191 Patris,
3199 3132 3253 3181 et
3286 3124 3408 3179 Filii
3439 3125 3566 3196 Spi-

308 3208 371 3257 ἐν
415 3208 564 3277 μέσῳ
610 3210 819 3281 Πατρὸς
849 3214 944 3265 καὶ
983 3212 1154 3281 Υίοῦ,
1194 3217 1258 3268 ἐκ
1292 3214 1385 3267 τοῦ
1410 3216 1622 3288 Πατρὸς
1666 3219 1759 3270 καὶ
1788 3216 1881 3271 τοῦ

306 3296 447 3350 Υῐοῦ
482 3298 588 3369 (9),
639 3302 818 3373 τρίτον
869 3308 938 3376 τῇ
971 3306 1266 3379 ὀνομασίαι
1311 3302 1713 3375 Ἀπελθόντες
1748 3308 1880 3380 γὰρ,

1988 3221 2147 3287 ritus,
2180 3235 2289 3275 non
2332 3219 2727 3288 compositione
2773 3219 2975 3289 aliqua,
3010 3214 3470 3287 quemadmodum
3509 3214 3562 3267 in

1990 3311 2150 3367 nobis
2194 3310 2375 3365 anima
2402 3325 2710 3381 corpusque
2736 3308 3109 3380 coniungitur.
3158 3308 3253 3365 sed
3292 3307 3434 3363 inter
3468 3304 3566 3358 Pa-

378 3456 395 3486 ¹
422 3455 548 3512 For.
578 3456 658 3527 τῷ
687 3458 846 3516 Θεοῦ.
921 3460 1122 3517 'Joan.
1153 3476 1227 3531 Iv,
1256 3463 1349 3519 24.
1425 3464 1447 3496 ⁸
1483 3462 1644 3522 Joan.
1678 3480 1770 3532 xv,
1804 3464 1897 3523 26.
1973 3465 2150 3521 ‘ibid.
2225 3465 2423 3521 'Joan.
2456 3481 2565 3533 xvr,
2611 3467 2698 3534 M,
2732 3466 2820 3521 l5.

380 3611 458 3683 (8)
489 3613 761 3686 _‘Ex_tﬁq
790 3616 981 3686 αὐΞῆς
1026 3616 1244 3686 οὐσίας
1274 3618 1510 3686 Πατρός
1574 3619 1675 3673 καὶ
1719 3620 1880 3685 Υίοῦ,

304 3681 580 3758 £3}qu!!!
608 3681 789 3758 Patris
846 3681 1075 3758 Fifiiquc
1111 3681 1430 3741 substantia.
1467 3681 1547 3743 Ex
1591 3704 1718 3758 quo;
1752 3681 1883 3758 pro;

307 3750 399 3831 col
436 3752 883 3831 dubio_sequitur
913 3750 1181 3831 Spiritum
1200 3765 1453 3831 sanctum
1484 3750 1671 3831 sicuia
1700 3750 1882 3831 Patre,

309 3821 385 3873 ita
418 3831 474 3875 et
508 3837 562 3892 an
591 3818 730 3892 Filio
782 3818 1095 3892 procedere.
1142 3825 1382 3881 Consule
1417 3824 1699 3881 Petavium
1735 3818 1886 3881 citati

308 3905 483 3959 nuper
512 3890 634 3944 libri
666 3906 739 3943 vn
770 3890 947 3960 capite
975 3895 1033 3957 Δ,
1065 3909 1219 3947 num.
1254 3897 1310 3949 4.

313 3960 601 4045 μωλᾜκ
632 3960 739 4045 ξρῆ
769 3962 999 4045 Harpe};
1055 3965 1153 4043 acui
1220 3963 1325 4045 £02?
1355 3963 1526 4045 fici}.
1570 3963 1755 4045 Multis
1788 3963 1892 4019 hoc

313 4029 373 4080 in
428 4043 587 4097 opere
637 4029 773 4083 locis
818 4029 1161 4100 Epiphanius
1223 4032 1490 4103 Spiritum
1547 4042 1801 4088 sanctum
1858 4049 1890 4086 a

312 4094 472 4171 Patre
518 4092 765 4171 Filioque
814 4101 1109 4171 procedere
1165 4101 1529 4158 disertissime
1580 4102 1881 4171 proﬁtetur.

310 4164 468 4247 Quod
504 4166 788 4247 _ad_versus_
814 4164 1199 4247 Cmulosjn
1236 4181 1516 4247 promptu_
1543 4164 1633 4247 est
1659 4171 1887 4247 haben-

306 4237 460 4288 dum.
504 4233 921 4309 Videpaginam
950 4255 1068 4309 seq.
1111 4233 1423 4296 Item-num:
1459 4242 1549 4304 Η,
1582 4242 1675 4295 ubi
1712 4240 1887 4309 Spiri-

307 4312 422 4376 t_um
482 4318 511 4354 a
572 4302 709 4359 Filio
742 4302 1059 4376 'procedere
1131 4310 1339 4364 scribit.
1398 4302 1545 4365 idem
1603 4302 1769 4366 docef
1827 4309 1883 4363 in

305 4371 685 4427 Pneumatom.
719 4371 912 4431 haeresi
962 4377 1050 4438 74,
1084 4394 1237 4433 num.
1277 4382 1309 4432 7
1332 4388 1386 4435 et
1425 4380 1477 4433 8.
1506 4381 1711 4434 Psnv.

1989 3620 2168 3689 capite
2210 3620 2245 3675 8
2304 3620 2429 3675 libri
2466 3620 2542 3674 De
2569 3620 2679 3688 ﬁde
2721 3620 3017 3689 orthodoxa
3043 3659 3058 3683 ,
3093 3627 3279 3689 aperte
3308 3628 3557 3675 statuen-

1990 3688 2126 3759 tiurn
2152 3690 2413 3759 Spiritum
2442 3697 2691 3743 sanctum
2727 3705 2758 3743 a
2782 3688 2920 3743 Filio
2953 3706 3061 3745 non
3085 3688 3209 3744 eSSe
3237 3690 3525 3744 dicendum
3548 3709 3564 3755 ;

1992 3768 2046 3813 et
2076 3758 2449 3829 blasphemum
2500 3769 2549 3813 te
2582 3774 2705 3829 esse
2759 3769 2921 3829 atque
2963 3760 3187 3828 impium
3219 3758 3277 3829 si
3320 3759 3561 3829 illuddi-

1994 3842 2110 3881 cas.
2151 3827 2297 3881 Nova
2333 3843 2440 3881 non
2492 3836 2619 3882 sunt
2652 3828 2783 3890 haec,
2820 3827 2914 3883 sed
2956 3844 2983 3880 a
3012 3827 3424 3895 q’uatuordecim
3451 3827 3566 3894 jam

1992 3896 2198 3965 jactata
2234 3898 2485 3959 saaculis;
2531 3912 2562 3949 a
2599 3896 2792 3950 Photio
2828 3899 2914 3951 vel
2959 3896 3194 3965 maxime
3224 3896 3421 3963 agitata
3448 3936 3462 3954 .
3496 3903 3569 3965 nt

1998 3964 2237 4034 aliquam
2270 3967 2617 4033 protenderet
2648 3981 2892 4026 causam,
2920 3979 3027 4034 qua
3064 3964 3361 4034 videretur,
3404 3965 3448 4019 si
3469 3964 3585 4034 ias.

2001 4031 2303 4101 sin—ipsum
2338 4048 2577 4101 suosque
2613 4034 2753 4101 haud
2790 4031 3062 4101 immerito
3102 4048 3133 4086 a
3176 4031 3436 4087 Romanae
3466 4032 3569 4087 Ec-

1994 4099 2175 4157 clesia:
2204 4099 2591 4158 communione
2624 4100 2911 4156 deiecisse.
2956 4099 3154 4153 Notum
3192 4110 3273 4154 est
3325 4100 3382 4155 S.
3418 4101 3569 4154 Basi-

1993 4170 2125 4224 lium
2182 4185 2282 4225 suo
2336 4171 2391 4225 in
2449 4171 2590 4225 libro
2638 4171 2713 4225 De
2751 4169 2957 4238 Spiritu
2988 4178 3169 4239 sancto
3198 4210 3213 4233 ,
3261 4178 3317 4224 et
3346 4170 3568 4239 quidem

1992 4240 2184 4310 primis
2217 4240 2315 4311 ab
2337 4240 2497 4295 initio
2531 4241 2805 4311 capitibus
2827 4280 2842 4311 ,
2872 4238 3326 4311 animadvertisse
3368 4238 3569 4311 distin-

1991 4302 2227 4363 ctionem
2266 4309 2413 4363 illam
2444 4302 2764 4364 vocularum
2798 4310 2856 4376 ἐξ
2902 4302 2962 4363 οῦ
2989 4351 3002 4374 ,
3044 4318 3097 4363 et
3138 4307 3202 4360 δι’
3225 4303 3308 4368 οὗ,
3339 4325 3402 4362 ex
3432 4310 3564 4377 ipso.

1990 4386 2043 4432 et
2074 4396 2167 4447 per
2210 4380 2381 4447 ipsum
2429 4381 2485 4434 in
2536 4381 2739 4435 divinis
2779 4378 3177 4448 prolationihus
3228 4378 3563 4440 indicandis,

385 4438 472 4492 Ex
508 4441 673 4517 Patre
727 4455 776 4517 et
828 4461 892 4517 ex
936 4444 1095 4517 Filio
1121 4487 1137 4512 ,
1188 4448 1536 4517 subintellige
1581 4448 1882 4517 procedens.
1915 4438 1964 4497 D
1990 4438 2238 4502 om'nium'
2276 4450 2512 4516 primum
2544 4452 2689 4503 malo
2727 4438 2909 4502 adimo
2948 4449 3221 4503 invexisse
3256 4438 3568 4502 maleferiaé

304 4508 419 4589 {iur
451 4525 563 4591 ppu
597 4514 798 4569 dixerit
837 4508 1271 4591 S_._Epipha_nius
1304 4519 1410 4572 hoc
1453 4508 1507 4572 in
1548 4508 1668 4573 loco
1696 4560 1711 4583 ,
1732 4529 1797 4591 ιιι
1826 4527 1882 4572 et

305 4580 363 4631 in
417 4579 539 4652 aliis
563 4620 579 4643 ,
629 4599 753 4652 qum
799 4584 958 4652 nobis
981 4579 1223 4641 'in'lerius
1255 4598 1579 4651 occurrent,
1606 4603 1671 4641 ex
1698 4579 1883 4640 Patre

304 4650 613 4715 procedens,
648 4650 698 4725 et
731 4669 762 4725 a
802 4651 949 4725 Filio
983 4657 1266 4725 accipiens,
1294 4650 1751 4725 quemadmodum
1795 4656 1881 4710 di-

307 4725 463 4796 .xcrat
492 4722 762 4796 superiori
800 4724 853 4796 in
889 4724 1069 4792 capite
1095 4722 1153 4786 θ.
1194 4734 1248 4779 et
1292 4722 1381 4779 hic
1428 4727 1589 4795 paulo
1629 4726 1883 4796 superius

308 4790 366 4863 in
392 4790 673 4863 praesenti,
714 4790 997 4863 declarant
1050 4809 1172 4863 quae
1207 4796 1393 4863 paucis
1425 4790 1591 4863 supra
1628 4790 1882 4862 indigna-

305 4858 490 4935 yimus
516 4858 863 4935 adnotatione
896 4858 1094 4935 nostra
1131 4858 1349 4918 ad'not.
1393 4864 1445 4919 Ἰ.
1482 4858 1879 4935 Argumentum

302 4923 439 5003 hinc
476 4926 658 4995 accipe
688 4930 1086 5003 ﬁrmissimum,
1120 4944 1417 5003 utrumque
1465 4923 1720 5003 loquendi
1763 4948 1876 4986 mo-

302 4994 449 5071 dum_
489 4994 623 5071 rem_
648 4999 915 5071 eamdem_
944 5002 1088 5069 apud
1120 4994 1480 5071 Epiphanium
1523 4994 1832 5071 signiﬁcare
1862 5019 1877 5066 ;

301 5062 451 5129 quod
486 5074 540 5117 et
591 5064 660 5120 de
704 5070 829 5122 aliis
876 5062 1099 5125 Graiciaa
1146 5062 1402 5125 Pairibus
1454 5062 1721 5126 aﬂirmare
1762 5062 1881 5123 tuto

303 5145 405 5209 pos
455 5148 615 5209 posse
662 5139 1004 5209 exploratum
1046 5140 1248 5196 habent
1307 5142 1410 5195 viri
1464 5141 1632 5195 docti.
1692 5139 1879 5194 Grieca

304 5201 750 5281 igiturE'eciesia—
772 5216 828 5262 et
867 5210 1109 5281 agnovit,
1138 5220 1194 5265 et
1217 5212 1463 5279 professa
1495 5220 1580 5267 est
1620 5218 1881 5281 μεῖναιυο

302 5271 478 5352 sancti
523 5271 1355 5352 Spiritus__pro'cessionem'non
1391 5282 1569 5337 solum
1619 5271 1649 5333 Ξι
1697 5271 1877 5352 Patre,

301 5338 398 5419 ped
426 5348 480 5392 et
512 5355 542 5392 a
565 5338 732 5419 Filio.
764 5338 873 5419 nec
908 5362 1127 5419 movere
1152 5364 1215 5403 ea
1248 5351 1302 5403 in
1336 5364 1394 5406 re
1418 5364 1749 5419 quemquam
1781 5338 1879 5419 de;

302 5406 437 5488 bffﬂ.
477 5414 716 5488 ποι-,ψει
767 5416 1044 5488 loquendi
1075 5434 1209 5475 usus
1236 5460 1251 5483 ,
1288 5435 1399 5488 quo
1437 5406 1622 5475 ’ϐταεᾶ
1674 5418 1878 5488 passim

335 5478 525 5563 iebaqt
563 5474 766 5563 Filium.
792 5474 853 5563 in.
879 5486 1081 5542 divinis
1114 5474 1320 5542 ὲκτοῦ
1353 5489 1593 5563 Πατρός,
1624 5474 1689 5542 ei
1720 5487 1881 5563 Patre

301 5548 632 5634 yfgcgtlege;
674 5548 936 5634 Spiritum
983 5573 1114 5613 vero
1162 5567 1411 5634 salictum
1443 5548 1508 5634 ei;
1551 5548 1758 5634 Patre.
1792 5556 1880 5634 cui

295 5615 559 5696 795.):106
588 5658 602 5680 ι
650 5615 738 5696 νεά
772 5620 1015 5696 “imm;
1052 5637 1144 5683 aut
1195 5628 1506 5685 Theodoriti
1552 5627 1787 5696 capitula
1818 5626 1874 5679 S.

300 5685 563 5749 (ίῖτίηυιιι
596 5689 919 5757 Tumultus;
976 5685 1067 5751 aut
1118 5699 1175 5756 S.
1218 5700 1459 5758 Joannes
1509 5685 1877 5752 Damascenus

1984 4524 2101 4587 tum
2135 4519 2287 4571 illum
2330 4519 2542 4573 Aetium
2584 4528 2751 4575 sectae
2794 4518 3185 4572 Anomceorum
3232 4519 3564 4587 principem.

1983 4586 2066 4655 A_d
2103 4587 2216 4641 haec
2242 4588 2466 4655 in_super
2495 4588 2945 4641 animadvertisse
2991 4588 3213 4640 voculas
3233 4584 3475 4641 'easde‘m
3506 4584 3568 4648 ὲξ

1981 4648 2043 4707 οῦ
2074 4664 2128 4709 et
2162 4656 2227 4707 δι’
2253 4647 2337 4719 οὗ,
2371 4647 2695 4725 promiscue
2748 4664 2803 4711 et
2848 4656 3001 4710 nullo
3034 4655 3356 4725 discrimine
3408 4647 3567 4725 usurf

1983 4725 2255 4794 pariptum
2313 4723 2394 4777 in'
2421 4725 2622 4778 divinis
2672 4726 2927 4794 Litteris,
2964 4732 3079 4777 tum
3132 4739 3161 4776 a
3200 4723 3457 4794 Patribus
3496 4723 3563 4775 ad

1984 4792 2405 4862 Signiﬁcandum
2435 4807 2547 4847 rem
2578 4792 2846 4862 eamdem.
2878 4793 2991 4846 Hoc
3018 4807 3152 4846 sane
3179 4792 3567 4862 animadverso

1982 4859 2126 4932 quod
2171 4862 2340 4917 Graeci
2369 4863 2593 4932 passim
2653 4861 2837 4915 dicere
2875 4860 3257 4932 consueverint
3301 4859 3564 4932 Spiritum

1983 4927 2231 4986 sanctum
2283 4948 2311 4985 a
2362 4927 2525 4985 Patre
2554 4932 2847 4999 procedere
2900 4946 2996 4999 per
3050 4928 3270 4996 Filium,
3302 4928 3435 4999 ora
3466 4927 3563 4979 τοῦ

1983 5001 2114 5054 Υίοῦ
2137 5042 2151 5065 ,
2194 5002 2419 5070 perinde
2453 5016 2513 5056 se
2554 4997 2724 5070 habet
2767 5015 2831 5054 ac
2887 4997 2931 5055 si
2960 5069 2965 5070 ν
2994 5000 3260 5070 dixissent
3295 4997 3562 5070 Spiritum

1982 5066 2233 5125 sanctum
2266 5086 2297 5124 a
2322 5070 2481 5125 Patre
2512 5080 2566 5126 et
2610 5068 2746 5124 Filio
2774 5069 3087 5139 procedere.
3129 5066 3397 5139 Praeterea
3423 5066 3561 5139 illud

1980 5142 2143 5193 etiam
2170 5141 2510 5209 exploratum
2536 5133 3014 5208 habeinus,Patres
3041 5138 3387 5209 potissimum
3406 5133 3566 5209 Drm-

1982 5224 2077 5263 cos
2101 5247 2115 5270 ,
2156 5205 2411 5263 subtilius
2443 5209 2675 5265 fortasse
2706 5205 2869 5279 quam
2909 5205 3056 5277 opus
3088 5206 3280 5261 fuisset
3306 5244 3321 5268 ,
3356 5205 3420 5277 _ni
3454 5205 3557 5279 _ad~

1981 5280 2257 5353 versarios
2291 5280 2614 5353 re_tundend_i
2644 5274 2978 5353 postulasset
3002 5284 3324 5353 necessitas.
3356 5274 3564 5353 animo

1983 5349 2311 5414 versavisse,
2339 5348 2553 5403 Patrem
2586 5346 2661 5401 in'
2686 5348 2888 5402 divinis
2925 5362 3046 5401 esse
3080 5346 3311 5413 primum
3351 5346 3561 5413 princi-

2023 5421 2128 5471 ium
2154 5457 2169 5479 ,
2202 5434 2266 5472 ac
2301 5413 2468 5472 veluti
2526 5417 2727 5471 fontem
2760 5427 2814 5470 et
2844 5417 3106 5483 originem
3138 5413 3384 5468 omnium
3433 5427 3561 5483 pro-

1983 5432 2284 5539 iiitionnm:
2322 5486 2519 5539 Filium
2564 5501 2691 5539 vero
2724 5500 3032 5539 quanquam
3084 5481 3230 5538 Patri
3284 5484 3561 5537 voluntate

2002 5490 2284 5549 ationnm;
2322 5486 2519 5539 Filium
2564 5501 2691 5539 vero
2724 5481 3032 5554 quanquam
3084 5481 3230 5538 Patri
3284 5481 3565 5537 voluntate

1982 5556 2535 5625 conjunctissimum,
2595 5556 2769 5609 cidem
2824 5554 3388 5625 consubstantialem.
3424 5568 3564 5625 csse

1982 5623 2166 5695 tamen
2211 5640 2240 5677 a
2288 5625 2448 5695 Patre
2507 5623 2787 5695 geriitumg,
2824 5632 2877 5677 ct
2928 5624 3093 5679 veluti
3129 5625 3367 5679 medium
3421 5623 3565 5677 inter

1983 5694 2197 5751 Patrem
2224 5705 2277 5751 et
2309 5693 2573 5766 Spiritum
2608 5696 2667 5751 δ.
2690 5710 2729 5749 a
2754 5693 2913 5751 Patre
2944 5696 3193 5763 accipere
3221 5705 3565 5763 quacunque
