3992 6198
387 279 450 333 δι
1787 263 1843 318 s.
1887 262 2228 320 EPlPllANll
3574 273 3646 328 32

390 401 528 445 trem
558 394 614 442 et
639 384 835 441 Filium
879 382 1113 449 medius,
1148 397 1215 439 ex
1255 381 1447 445 Patre,
1488 379 1736 452 Filioque
1777 395 1968 452 proce-

2097 384 2235 456 ›ησὶ,
2261 385 2601 449 βαπτισατε
2648 385 2735 449 εἰς
2786 382 2852 436 τὸ
2881 382 3068 453 ὄνομα
3095 383 3327 453 Πατρός
3375 387 3475 441 καὶ
3509 391 3647 446 Υιοῦ
3709 347 3713 351 ί

392 481 551 539 dens.
583 486 639 534 et
667 476 1028 547 appellatione
1057 474 1272 529 tertius.
1323 472 1520 527 Euntes
1550 473 1718 536 enim,
1771 472 1969 543 inquit,

395 570 660 639 baptizata
677 569 731 622 in
747 569 953 622 nomine
982 567 1165 621 Patris
1187 576 1235 621 et
1259 567 1389 622 Filii
1408 578 1456 622 et
1485 569 1718 636 Spiritus
1742 569 1969 625 sancti‘.

394 663 474 716 Ac
514 662 563 717 si
607 661 769 716 Pater
818 661 872 713 in
919 659 1137 715 nomine
1182 676 1283 716 suo
1326 660 1597 729 baptizat,
1649 660 1703 714 in
1754 659 1975 715 nomine

397 751 530 820 Dei;
557 750 965 822 perfectumque
989 750 1225 821 sigillum
1261 750 1391 804 illud
1420 757 1505 805 est
1536 750 1593 804 in
1626 749 1720 805 Dei
1751 750 1973 805 nomine

396 845 454 897 in
484 842 641 896 nobis
671 841 1054 911 obsignatum;
1085 848 1140 896 et
1167 840 1215 895 si
1247 838 1500 896 Christus
1539 841 1593 895 in
1626 840 1846 896 nomine
1873 854 1974 896 suo

400 931 660 1002 baptizat,
688 933 794 987 hoc
827 942 912 987 est
940 933 995 986 in
1025 930 1247 986 nomine
1290 930 1419 998 Dei;
1459 939 1513 987 et
1556 930 1857 1001 perfectum
1900 931 1948 986 si

400 1022 588 1093 gilium
624 1020 757 1075 illud
791 1030 904 1087 est,
945 1035 1055 1090 quo
1087 1021 1142 1075 in
1171 1020 1393 1075 nomine
1428 1019 1524 1075 Dei
1554 1029 1769 1075 nosmet
1827 1020 1976 1077 obsi-

401 1126 634 1183 gnamur
663 1110 766 1180 ipsi
795 1128 810 1164 :
840 1109 964 1179 quis
998 1118 1106 1164 tam
1137 1110 1441 1164 eritanimo
1472 1125 1572 1165 suo
1599 1110 1775 1165 hostis
1796 1120 1849 1165 et
1889 1111 1975 1164 in-

402 1202 613 1266 fensus,
636 1201 871 1255 alienum
896 1206 954 1253 ut
980 1197 1243 1268 Spiritum
1267 1214 1299 1253 a
1324 1199 1607 1255 divinitate
1634 1199 1978 1269 pronuntiet?

402 1293 540 1347 Cum
572 1291 717 1347 enim
758 1292 814 1344 in
846 1291 1067 1347 nomine
1098 1290 1192 1347 Dei
1214 1294 1259 1357 ⁸,
1286 1300 1339 1347 et
1384 1292 1440 1346 in
1484 1292 1703 1346 nomine
1734 1289 1876 1353 Filii,
1923 1297 1978 1346 et

400 1387 461 1441 in
501 1385 720 1440 nomine
762 1385 937 1441 sancti
972 1385 1209 1455 Spiritus
1254 1400 1422 1440 unum
1459 1385 1532 1440 sit
1574 1384 1861 1438 Trinitatis
1902 1384 1979 1439 si—

405 1475 614 1544 gilium,
645 1488 989 1545 consequens
1013 1486 1098 1531 est
1122 1489 1287 1529 unam
1310 1489 1431 1530 esse
1458 1472 1760 1528 divinitatis
1782 1472 1838 1526 in
1860 1470 1981 1525 Tri-

406 1559 578 1613 nitate
618 1559 895 1615 virtutem.
930 1560 1086 1626 Quod
1127 1562 1174 1617 si
1218 1576 1387 1616 unum
1428 1560 1634 1631 aliquid
1676 1559 1820 1616 Deus
1858 1569 1975 1626 est;

407 1658 604 1705 cmtera
636 1660 840 1715 creata,
879 1668 988 1707 non
1020 1653 1203 1709 Deus:
1234 1668 1342 1723 qua
1382 1652 1599 1708 tandem
1630 1652 1841 1707 ratione
1867 1650 1977 1705 duo

408 1742 464 1795 in
489 1756 657 1795 unum
698 1740 1049 1812 perfeCtionis
1091 1721 1272 1814 sigillo
1314 1744 1564 1814 colligata
1604 1742 1779 1799 sunt?
1816 1742 1984 1811 Igitur
2014 1721 2057 1776 Β

410 1832 466 1886 in
500 1848 670 1887 unum
710 1832 972 1888 duntaxat
1012 1836 1221 1905 regium
1261 1849 1461 1889 nomen
1503 1833 1684 1890 Patris
1713 1833 1985 1904 obsignati

409 1940 624 1991 sumus,
651 1932 845 1980 caetera
877 1941 1008 1983 vero
1050 1928 1198 1998 regia
1225 1942 1334 1982 non
1363 1934 1515 1991 sunt,
1545 1926 1639 1982 sed
1662 1925 1841 1981 adhuc
1870 1927 1983 1982 ele-

410 2016 611 2070 mentis
639 2017 1017 2087 creaturisque
1046 2018 1315 2073 servimus
1345 2018 1386 2071 ³.
1416 2016 1627 2086 Quippe
1667 2017 1844 2071 solum
1886 2015 1988 2069 Pa-

410 2108 512 2162 tris
545 2122 744 2162 nomen
771 2109 1001 2163 salutem
1044 2109 1238 2165 aﬁ‘erre
1266 2124 1378 2163 non
1412 2114 1598 2178 posset
1641 2107 1986 2173 hominibus,

411 2196 509 2252 sed
539 2196 643 2251 alia
683 2197 791 2252 duo
818 2201 910 2267 (ut
936 2197 1212 2252 maledicti
1237 2197 1328 2253 isti
1350 2198 1408 2252 in
1444 2196 1614 2253 Deum
1642 2195 1987 2265 existimant)

412 2287 519 2343 sibi
551 2288 893 2357 adjunxisset
918 2288 1208 2352 elementa,
1233 2303 1342 2356 quo
1370 2288 1543 2356 ipsius
1574 2287 1849 2342 divinitati
1870 2287 1991 2341 alia:

409 2378 642 2433 virtutes
675 2377 1017 2441 accederent,
1051 2386 1111 2431 ut
1143 2385 1197 2431 et
1231 2377 1576 2447 obsignatum
1604 2391 1635 2430 a
1664 2377 1841 2446 seipso
1872 2391 1991 2432 ser-

410 2482 542 2547 vare
571 2473 771 2537 posset,
804 2476 858 2521 et
890 2480 1054 2536 quem
1085 2465 1410 2535 procreavit,
1446 2464 1613 2519 homo
1636 2472 1988 2535 peccatorum

413 2557 867 2612 condonationem
901 2569 964 2609 ac
993 2555 1420 2624 redemptionem
1448 2553 1741 2609 obtineret.
1789 2548 1797 2556 ’

485 2647 577 2701 1X.
617 2647 800 2701 Proh!
836 2662 999 2717 quam
1043 2645 1279 2701 absurda
1327 2645 1432 2700 ista
1472 2651 1778 2700 commenta
1817 2652 1990 2700 sunt:

415 2756 579 2812 quam
604 2739 920 2795 detestanda
948 2737 1319 2806 blasphemia!
1355 2734 1634 2791 Undenam
1661 2751 1859 2791 novum
1890 2738 1996 2791 hoc

417 2834 474 2888 in
503 2832 689 2887 orbem
718 2839 986 2885 terrarum
1020 2836 1106 2885 est
1138 2827 1478 2882 inﬁdelitatis
1518 2841 1710 2896 genus,
1750 2826 1836 2880 vel
1874 2840 1996 2895 per-

415 2940 590 2981 versae
618 2922 743 2976 ﬁdei
768 2922 949 2992 potius
976 2916 1384 2973 introductum?
1414 2916 1549 2969 Nam
1578 2930 1832 2985 perversa
1864 2916 1996 2971 lides

418 3015 737 3072 inﬁdelitate
778 3014 896 3082 ipsa
941 3009 1182 3065 deterior
1218 3014 1341 3063 est:
1384 3005 1653 3076 siquidem
1705 3005 1996 3061 inﬁdelitas

418 3109 543 3165 ﬁdei
593 3107 908 3163 accessione
957 3104 1291 3173 corrigitur:
1334 3116 1517 3171 prava:
1554 3100 1679 3154 ﬁdei
1710 3100 1998 3170 desperata

419 3200 729 3258 emendatio
765 3208 879 3264 est;
914 3211 1033 3266 qua:
1071 3195 1139 3249 ad
1181 3193 1412 3248 salutem
1455 3191 1673 3246 diﬁicile
1707 3190 1997 3245 admodum

419 3292 679 3362 emergit,
720 3290 825 3345 nisi
872 3288 1111 3343 caelestis
1153 3285 1328 3356 gratia
1374 3283 1636 3338 divinitus
1684 3284 1996 3338 accesserit.

423 3385 605 3451 Quare
642 3383 833 3437 beatus
862 3378 1059 3435 Petrus
1102 3376 1383 3447 apostolus
1426 3373 1699 3428 Ananiam
1744 3374 1825 3429 sic
1871 3373 2002 3427 allo-

423 3477 611 3547 quitur
654 3491 667 3528 :
704 3472 807 3544 ιᾶ.
842 3471 953 3527 Cur
981 3473 1195 3525 tentavit
1235 3486 1321 3524 vos
1353 3469 1585 3523 Satanas
1630 3468 1840 3522 mentiri
1881 3466 2003 3533 Spi-

427 3566 555 3621 ritui
581 3574 762 3619 sancto
788 3564 843 3617 ‘?
876 3562 1013 3617 Tum
1054 3561 1205 3616 addit
1232 3579 1245 3615 :
1275 3558 1402 3614 Non
1425 3560 1671 3613 mentitus
1701 3576 1755 3613 es
1782 3558 2002 3612 homini-

428 3660 552 3722 bus,
601 3657 690 3711 sed
737 3655 841 3709 Deo
868 3655 911 3706 ⁸.
948 3653 1114 3724 Igitur
1159 3652 1302 3707 Deus
1345 3658 1429 3707 est
1469 3665 1500 3704 a
1549 3649 1709 3704 Patre
1755 3648 2002 3720 Filioque

427 3751 729 3822 procedens
760 3748 1017 3819 Spiritus,
1053 3746 1139 3801 cui
1178 3745 1388 3801 mentiti
1426 3752 1553 3799 sunt
1582 3744 1617 3798 ii
1647 3743 1740 3813 qui
1772 3741 1840 3798 de
1870 3757 1996 3811 pre-

428 3844 505 3899 tio
534 3844 936 3900 subtraxerant.
961 3838 1064 3895 Cui
1088 3837 1308 3909 quidem
1338 3837 1541 3892 Paulus
1561 3835 1888 3905 astipulatur
1915 3834 2000 3890 his

427 3934 612 3989 verbis
638 3950 652 3986 :
687 3931 786 3986 Vos
816 3942 989 3984 autem
1025 3930 1269 3996 templum
1299 3926 1393 3980 Dei
1416 3927 1627 3991 estis,et
1650 3923 1881 3992 Spiritus
1903 3921 2002 3977 Dei

427 4024 633 4080 habitat
661 4025 716 4078 in
745 4023 886 4077 vobis
913 4024 954 4075 °.
988 4020 1131 4075 Deus
1164 4019 1329 4089 igitur
1357 4024 1441 4073 est
1487 4016 1755 4087 Spiritus,
1790 4023 1848 4067 ut
1877 4024 2003 4069 ante

427 4121 564 4186 dixi,
587 4119 707 4175 ideo
729 4118 986 4187 templum
1009 4116 1104 4170 Dei
1128 4120 1391 4169 vocantur
1416 4112 1665 4166 homines
1686 4107 1881 4172 sancti,
1908 4105 2001 4176 qui

429 4222 621 4270 sancto
652 4209 749 4263 Dei
780 4206 1007 4278 Spiritui
1046 4205 1383 4260 domicilium
1424 4203 1481 4257 in
1511 4201 1707 4271 seipsis
1738 4198 1997 4268 praebent,

430 4303 511 4359 uti
556 4302 807 4371 princeps
843 4297 1212 4368 apostolorum
1255 4301 1508 4357 testatur,
1540 4293 1634 4363 qui
1678 4292 1803 4347 felix
1831 4306 1860 4344 a
1899 4290 2002 4344 Do-

2074 475 2171 528 καὶ
2202 474 2376 546 ἁγίου
2400 476 2762 544 Πνεύματος.
2802 473 2867 525 Εἰ
2893 473 2950 526 δὲ
2983 472 3235 543 βαπτίζει
3285 477 3313 529 6
3349 476 3540 551 Πατὴρ
3571 482 3651 546 είς

2074 566 2244 637 ὄνομα
2276 564 2469 620 ἑαυτοῦ
2489 608 2505 633 ,
2532 568 2612 629 είς
2638 566 2810 635 ὄνομα
2843 564 2978 618 Θεοῦ
2998 606 3015 632 ,
3058 566 3153 619 zeal
3191 567 3373 622 τελεία
3406 572 3441 643 ή
3474 588 3651 643 σφρα-

2074 658 2162 725 γὶς
2199 658 2256 709 ὲν
2299 657 2523 727 ὀνόματι
2568 655 2700 709 Θεοῦ
2749 655 3161 727 ἐσφραγισμένη
3216 660 3275 713 ὲν
3331 662 3464 731 ἡμῖν
3490 676 3506 691 ⁶
3560 665 3654 718 zeal

2077 748 2326 819 βαπτίζει
2349 748 2583 820 Χριστὸς
2606 749 2686 812 είς
2712 746 2883 819 ὄνομα
2916 746 3150 813 ἑαυτοῦ,
3182 750 3262 813 είς
3290 750 3464 821 ὄνομα
3491 753 3650 819 Θεοῦ,

2076 840 2169 893 zeal
2197 838 2374 893 τελεία
2398 840 2432 909 ή
2463 840 2695 909 σφραγὶς
2727 839 2785 892 ὲν
2813 838 3037 909 ὀνόματι
3069 839 3205 894 Θεοῦ
3239 842 3652 917 ὲσφραγισμένη

2076 931 2136 984 ὲν
2185 931 2317 1001 ἡμῖν
2341 943 2357 960 ⁸
2382 928 2467 992 τίς
2497 928 2760 1000 τολμήσει
2785 929 3259 1005 ,καταπολεμῆσαι
3310 934 3410 1003 τὴν
3461 935 3653 989 ἑαυτοῦ

2076 1020 2254 1092 ψυχὴν
2277 1060 2294 1088 ,
2320 1020 2383 1073 τὸ
2434 1018 2659 1089 Πνεῦμα
2705 1018 2981 1091 ἀλλότριον
3021 1020 3121 1088 τῆς
3154 1020 3409 1093 θεότητος
3437 1024 3653 1093 λέγωνς

2078 1112 2142 1164 El
2179 1111 2288 1183 γὰρ
2336 1113 2416 1175 εἰς
2461 1111 2631 1182 ὄνομα
2659 1109 2793 1163 Θεοῦ
2822 1110 2869 1175 ⁸,
2902 1111 2997 1164 zeal
3026 1112 3106 1175 είς
3152 1110 3324 1184 ὄνομα
3352 1114 3484 1167 Υίοῦ
3510 1154 3526 1180 ,
3562 1117 3657 1169 zeal

2079 1205 2160 1267 είς
2195 1202 2364 1274 ὄνομα
2403 1202 2559 1273 ἁγίου
2590 1202 2938 1273 Πνεύματος,
2972 1202 3071 1273 μία
3100 1206 3339 1276 σφραγὶς
3370 1206 3468 1275 τῆς
3489 1206 3656 1277 Τριά-

2079 1294 2166 1358 δος
2189 1334 2203 1359 ,
2241 1295 2339 1363 μία
2372 1294 2486 1376 ἄρα⁴
2527 1293 2757 1365 δύναμις
2793 1296 2893 1365 τῆς
2930 1293 3183 1364 θεότητος
3233 1297 3292 1349 ὲν
3326 1295 3538 1367 Τριάδι.
3592 1296 3657 1350 Εἰ

2080 1388 2139 1441 δὲ
2168 1387 2229 1442 τὸ
2260 1387 2318 1441 ἓν
2348 1388 2463 1441 ἐστι
2499 1387 2632 1451 Θεὸς
2656 1429 2671 1454 ,
2703 1387 2773 1440 τὰ
2799 1387 2855 1439 δὲ
2882 1387 3018 1441 ἀλλα
3045 1388 3260 1451 κτιστὰ,
3286 1389 3381 1442 zeal
3406 1389 3467 1442 οὐ
3503 1388 3658 1453 Θεὸς,

2080 1479 2187 1531 τίνι
2217 1478 2359 1548 λόγῳ
2396 1478 2697 1533 συνδέδεται
2727 1477 2796 1530 τά
2840 1477 2935 1531 δύο
2982 1480 3062 1541 είς
3089 1479 3150 1531 τὸ
3179 1478 3238 1532 ἓν
3279 1482 3347 1549 τῇ
3405 1479 3658 1549 σφραγῖδι

2082 1567 2182 1637 τῆς
2225 1566 2589 1637 τελειότητος
2643 1567 2785 1638 ’Δρα
2834 1566 2965 1635 γοῦν
3018 1568 3099 1630 εἰς
3157 1566 3443 1637 βασιλικὸν
3485 1569 3658 1637 ὄνομα

2083 1659 2528 1732 ὲσφραγίσθημεν
2556 1659 2617 1712 τὸ
2647 1658 2704 1712 ἒν
2748 1656 2842 1710 τοῦ
2873 1657 3117 1727 Πατρὸς,
3166 1657 3261 1711 zeal
3292 1656 3364 1710 τά
3414 1655 3549 1710 ἀλλα
3596 1658 3659 1709 ού

2089 1749 2345 1822 βασιλικά
2365 1789 2381 1816 ,
2415 1748 2529 1802 ἀλλ’
2559 1736 2638 1802 ἔτι
2668 1746 2953 1817 στοιχείοις
2983 1748 3079 1798 καὶ
3106 1746 3369 1817 κτίσμασι
3401 1746 3661 1799 δεδουλώ-

2090 1841 2261 1913 μεθα,
2295 1840 2392 1894 καὶ
2420 1840 2519 1892 οὐκ
2552 1838 2781 1907 ἠδύνατο
2824 1837 2982 1909 μόνον
3011 1837 3071 1889 τὸ
3099 1837 3272 1907 ὄνομα
3318 1834 3416 1888 τοῦ
3449 1836 3662 1906 Πατρὸς

2089 1933 2282 1996 σώζειν
2309 1971 2325 1995 ,
2350 1930 2486 1984 ἀλλά
2517 1928 2695 1999 ἑαυτῷ
2719 1929 2910 1991 κτίσας
2941 1927 3079 1981 ἄλλα
3104 1926 3197 1979 δύο
3232 1928 3472 1995 στοιχεῖα
3525 1926 3665 1981 κατὰ

2087 2024 2187 2093 τὴν
2215 2022 2323 2075 τῶν
2371 2021 2834 2091 βλασφημούντων
2868 2019 3122 2072 ὑπόνοιαν
3142 2057 3157 2082 ,
3185 2018 3273 2070 ἵνα
3308 2016 3594 2087 προσλάϐῃ
3628 2020 3663 2087 ἡ

2089 2111 2255 2167 αὐτοῦ
2287 2112 2478 2181 θεότης
2522 2112 2617 2164 zeal
2670 2110 2835 2173 ἄλλας
2866 2110 3121 2179 δυνάμεις
3145 2148 3160 2173 ,
3198 2107 3292 2160 zeal
3322 2105 3521 2177 δυνηθῇ
3563 2105 3665 2158 σῶα

2093 2219 2184 2256 σαι
2226 2202 2317 2255 τὸν
2344 2203 2471 2272 παρ’
2500 2198 2665 2253 αὑτοῦ
2702 2198 3167 2271 σφραγιζὸμενον,
3217 2194 3364 2251 κατά
3398 2193 3666 2267 λύτρωσιν

2090 2292 2505 2363 ἁμαρτημάτων
2535 2291 2677 2366 λάϐῃ
2708 2290 2954 2361 ἀφέσεως
2989 2293 3017 2345 ό
3060 2288 3189 2362 παρ’
3224 2286 3389 2344 αὑτοῦ
3430 2285 3666 2350 κτισθεὶς

2091 2382 2188 2438 ἄνθ
2198 2400 2395 2455 ρωπος,
2626 2394 2629 2396 ‘

2165 2654 2242 2708 Θ¹.
2271 2652 2376 2706 Φεῦ
2411 2652 2510 2721 τῆς
2554 2648 2809 2721 τοιαύτης
2858 2649 3158 2721 ληρῳδίαςῐ
3208 2648 3253 2701 ὢ
3280 2649 3381 2718 τῆς
3414 2647 3669 2718 τοιαύτης

2098 2742 2479 2813 βλασφημίαςῐ
2511 2740 2679 2794 Πόθεν
2727 2739 3020 2808 ὑπεισῆλθε
3051 2739 3143 2793 τὸν
3192 2738 3305 2808 βίον
3346 2737 3480 2808 ἄλλη
3509 2738 3669 2791 πάλιν

2096 2834 2255 2905 καινὴ
2289 2833 2533 2895 ἀπιστία,
2568 2832 2765 2903 μᾶλλον
2798 2832 2856 2885 δὲ
2888 2832 3099 2902 εἴποιμι
3145 2830 3508 2894 κακοπιστία;
3544 2829 3673 2883 Χεί-

2100 2943 2208 2996 ρων
2242 2925 2351 2995 γὰρ
2398 2926 2430 2995 ἡ
2488 2922 2821 2977 κακοπιστία
2852 2922 2952 2993 τῆς
3002 2920 3276 2985 ἀπιστίας.
3312 2922 3377 2973 Ἠ
3419 2920 3517 2991 μὲν
3562 2919 3671 2990 γὰρ

2098 3014 2325 3067 ἀπιστία
2358 3014 2538 3067 πίστιν
2572 3013 2918 3082 λαμϐάνουσα
2947 3010 3296 3081 διορθώσεται
3322 3012 3343 3043 9
3372 3025 3387 3041 ο
3416 3011 3450 3081 ή
3482 3009 3538 3063 δὲ
3575 3026 3673 3062 κα-

2100 3104 2353 3158 κοπιστία
2400 3102 2811 3175 ἀκατόρθωτος,
2845 3101 3122 3174 δυσχερῶς
3156 3099 3467 3173 σωζομένη,
3520 3101 3592 3171 μή
3620 3117 3675 3152 τι

2100 3196 2166 3251 ἂν
2194 3198 2302 3268 ἄρα
2346 3196 2409 3249 τὸ
2444 3196 2689 3266 χάρισμα
2715 3194 2921 3249 ἀνωθεν
2971 3194 3318 3265 ὲπιφοιτήσῃ.
3352 3192 3489 3262 Φησὶ
3515 3190 3606 3245 οῦν
3646 3192 3676 3243 6

2103 3286 2371 3356 μακάριος
2401 3284 2605 3353 Πέτρος
2633 3286 2747 3346 τοῖς
2791 3283 2919 3353 περὶ
2979 3282 3256 3335 Ἀνανίαν·
3293 3280 3357 3334 Τί
3396 3281 3485 3334 ὅτι
3520 3282 3677 3335 ἐπεί-

2092 3391 2285 3445 ρασεν
2316 3373 2543 3451 ὑμᾶςῤ
2571 3371 2844 3439 Σατανᾶς
2873 3373 3221 3440 ψεύσασθαι
3252 3367 3332 3435 τῷ
3377 3372 3676 3438 Πνεύματι

2099 3465 2179 3530 τῷ
2201 3464 2381 3533 ἁγίῳ;
2405 3462 2498 3515 καί
2524 3478 2656 3531 φησι
2674 3476 2687 3490 ⁸
2710 3463 2833 3514 Οὐκ
2858 3461 3100 3529 ἐψεύσω
3128 3458 3481 3526 ἀνθρώποις,
3514 3457 3677 3512 ἀλλὰ

2102 3553 2243 3619 Θεῷ.
2281 3556 2424 3623 ’Ἄρα
2445 3551 2575 3615 Θεὸς
2595 3554 2659 3604 ὲκ
2687 3551 2903 3622 Πατρδς
2926 3551 3022 3603 zeal
3042 3548 3172 3601 Υἱοῦ
3194 3550 3254 3602 τὸ
3284 3548 3508 3619 Πνεῦμα
3538 3547 3672 3616 (l0),

2099 3639 2144 3714 ᾧ
2182 3644 2479 3716 ἐψεύσαντο
2533 3645 2581 3695 οἱ
2635 3642 2745 3695 ἀπὸ
2780 3641 2874 3695 τοῦ
2919 3643 3233 3712 τιμήματος
3264 3642 3672 3711 νοσφισάμενοι.

2112 3738 2200 3801 Ὠς
2239 3737 2334 3790 zeal
2380 3738 2408 3789 6
2449 3734 2656 3796 Παῦλος
2680 3731 2892 3803 συνᾴδει
2936 3730 3013 3802 τῷ
3040 3731 3187 3802 λόγῳ
3210 3731 3412 3801 τούτῳ,
3465 3730 3671 3798 λέγων·

2113 3827 2298 3898 Ὑμεῖς
2330 3825 2398 3880 δὲ
2429 3824 2576 3890 ναὸς
2602 3823 2709 3877 τοῦ
2764 3822 2911 3877 Θεοῦ
2942 3822 3084 3876 ἐστε
3104 3861 3118 3886 ,
3171 3822 3270 3877 καί
3318 3821 3386 3874 τὸ
3431 3821 3676 3890 Πνεῦμα

2101 3921 2206 3975 τοῦ
2235 3918 2382 3973 Θεοῦ
2414 3915 2567 3970 οἰκεῖ
2587 3915 2656 3968 ἐν
2678 3913 2840 3984 ὑμῖν.
2879 3915 3022 3987 Ἀρα
3046 3908 3139 3967 οῦν
3176 3913 3309 3975 Θεὸς
3337 3912 3397 3965 τὸ
3430 3912 3673 3981 Πνεῦμα,

2100 4013 2176 4076 ὡς
2201 4013 2461 4083 προεῖπον
2484 4027 2497 4041 ο
2529 4008 2606 4062 διὸ
2631 4008 2756 4073 ναὸς
2786 4008 2922 4062 Θεοῦ
2946 4008 3310 4078 κληθήσονται
3341 4007 3434 4060 καὶ
3454 4007 3501 4058 oi
3534 4005 3680 4071 ἅγιοι

2102 4103 2374 4173 ἄνθρωποι
2400 4102 2822 4171 κατοικήσαντες
2854 4102 3069 4163 ἑαυτοῖς
3090 4100 3135 4131 ⁸⁸
3164 4099 3224 4151 τὸ
3244 4098 3399 4166 ἅγιον
3424 4094 3518 4147 τοῦ
3544 4091 3678 4145 Θεοῦ

2102 4192 2355 4263 Πνεῦμαο
2393 4189 2575 4252 καθὼς
2598 4193 2870 4260 μαρτυρεῖ
2889 4193 2917 4243 6
2948 4188 3371 4259 κορυφαιότατος
3399 4185 3508 4237 τῶν
3541 4184 3679 4235 ἀπο-

2105 4284 2333 4346 στόλων,
2384 4285 2412 4334 ὁ
2466 4280 2833 4343 καταξιωθεὶς
2861 4277 3267 4349 μακαρισθῆναι
3317 4276 3421 4329 ὑπὸ
3450 4273 3677 4344 Κυρίου,

431 4366 581 4448 mino
625 4366 906 4462 praedicari
945 4388 1165 4451 meruit,
1197 4401 1262 4442 eo
1307 4386 1452 4456 quod
1501 4384 1659 4439 Pater
1699 4384 1799 4454 ipsi
1848 4398 1993 4438 reve-

2108 4374 2186 4426 ὅτι
2208 4374 2236 4425 6
2263 4370 2450 4441 Πατὴρ
2476 4368 2623 4439 αὐτῷ
2650 4369 2988 4435 ἀπεκάλυψε.
3020 4367 3211 4421 Τοίνυν
3253 4370 3283 4419 6
3327 4366 3514 4436 Πατὴρ
3546 4367 3683 4416 ἁπο-

433 4485 654 4540 lasset".
698 4480 837 4536 Huic
875 4479 1397 4551 igiturgermanum
1434 4491 1591 4534 suum
1622 4474 1815 4529 Filium
1848 4472 2005 4527 Pater

2112 4461 2376 4516 καλύπτει
2404 4461 2495 4513 τὸν
2534 4459 2661 4512 Υἰὸν
2686 4459 2776 4512 τὸν
2803 4457 3054 4529 ἀληθινὸν
3081 4454 3231 4525 αύτῷ
3254 4494 3269 4521 ,
3316 4454 3411 4507 zeal
3443 4450 3681 4524 μακαρί-

510 4636 528 4667 ι
557 4633 746 4689 Matth.
782 4644 977 4690 xxvtn,
1030 4629 1118 4684 l9.
1196 4631 1215 4660 ²
1241 4625 1308 4680 ιτ.
1361 4625 1559 4681 Patris.
1637 4626 1657 4656 ³
1680 4624 1796 4678 Gal.
1827 4639 1898 4685 tv,
1931 4622 1985 4676 '5.

2097 4619 2241 4690 gAct.
2274 4633 2329 4684 v,
2366 4617 2453 4690 5.”
2574 4614 2710 4670 ibid.
2738 4616 2803 4690 4._
2870 4611 2934 4666 ‘l
2963 4612 3226 4690 Co_r._tu,
3267 4610 3354 4690 16.
3432 4610 3453 4643 ⁷
3491 4608 3680 4666 Matth.

435 4721 549 4771 xVI,
585 4703 673 4759 l7.
775 4702 797 4732 ⁸
822 4700 881 4755 F.
919 4698 1148 4769 Πατρός.

1238 4699 1260 4729 ⁹
1284 4714 1374 4767 γρ.
1402 4694 1780 4767 διορθώσηται,
1815 4692 1853 4745 ι.
1885 4681 2333 4761 θιορθωθήσεταις
2412 4685 2457 4716 ¹⁹
2492 4685 2553 4739 ιτ.
2589 4683 2998 4746 κατοικίσαντες
3029 4684 3087 4735 ὲν
3108 4681 3340 4751 ἑαυτοῖς.

437 4815 645 4880 habet;
676 4811 822 4882 quod
858 4810 1121 4882 Spiritum
1180 4808 1239 4863 S.
1281 4808 1512 4882 emittat.
1573 4802 1999 4882 Subtilissiuiam
2103 4801 2289 4882 rillum
2326 4797 2649 4882 redarguit,
2684 4796 2842 4882 quasi
2874 4796 2970 4866 qui
3002 4793 3292 4882 nega‘verit
3331 4793 3687 4882 mox'indica-

438 4887 581 4939 hanc
610 4874 1139 4937 animadversionem
1165 4918 1179 4941 ,
1211 4887 1265 4933 et
1311 4877 1405 4931 Dei
1452 4876 1630 4930 Patris
1671 4874 1853 4927 dolent
1879 4911 1894 4937 ,
1949 4881 2004 4926 et

440 4953 852 5023 praerogativam
920 4957 979 5003 ut
1013 4949 1401 5023 exprimerent,
1431 4943 1865 5023 sapgdicebapt
1900 4956 2004 5021 po:

440 5011 551 5079 tius
585 5011 847 5091 Spiritum
887 5011 1138 5074 sanctuin
1173 5033 1203 5070 a
1232 5017 1393 5091 Patre
1424 5011 1757 5091 pef‘ﬁilium‘,
1792 5011 2004 5091 διὰ-φοῦ

440 5093 593 5154 Υίοῦ,
622 5080 1133 5161 procedere,_quatn
1170 5102 1199 5139 a
1229 5088 1389 5161 Patre
1417 5080 1470 5136 et
1504 5081 1849 5161 FilioLVQuia
1885 5080 2008 5134 licet

441 5150 693 5217 tenere-nt
734 5167 788 5215 et
841 5150 1222 5229 proﬁterentur
1262 5157 1436 5229 ipsum
1484 5161 1538 5207 et
1586 5168 1618 5205 a
1648 5150 1784 5229 Filio
1818 5165 2011 5229 proce:

441 5231 595 5296 dere,
636 5218 888 5284 tenebant
912 5229 1070 5283 etiam
1100 5218 1297 5279 Filium
1326 5239 1356 5277 a
1397 5222 1555 5296 Patre
1583 5218 1832 5296 accipere
1864 5218 2009 5296 quod

446 5289 711 5370 Spiritum
733 5299 944 5370 emittat
967 5314 982 5362 ;
1011 5302 1065 5350 et
1093 5296 1227 5370 ideo
1245 5308 1363 5346 eam
1392 5289 2009 5370 adhibebanthlocutio-

448 5356 572 5424 nem
606 5383 712 5438 qua
738 5356 1065 5438 denotarent
1089 5363 1351 5438 Spiritum
1386 5368 1635 5438 sanctum
1670 5374 1699 5412 a
1725 5356 1887 5411 Patre
1914 5371 2009 5438 per

447 5426 643 5494 Filium
680 5436 990 5507 procedere.
1025 5426 1231 5507 “arcet
1248 5430 1352 5507 ali_a
1385 5430 1704 5507 doctissime
1728 5442 1791 5480 ac
1817 5426 2008 5507 multis

447 5495 1128 5580 prosequitur-“laudatoin
1155 5500 1356 5580 loco
1387 5500 1639 5580 Basilius.
1664 5497 1738 5551 Ea
1764 5495 2007 5580 adhibita

447 5571 645 5648 ᾐκιςηῖ
668 5577 852 5631 Basilii
905 5576 1153 5648 doctrina
1196 5571 1356 5648 facile
1406 5571 1475 5624 ab
1526 5585 1713 5648 errore
1749 5574 2011 5648 purgatur

446 5636 836 5712 ThEodoritus,
867 5645 959 5715 qui
1007 5643 1187 5701 studio
1223 5641 1453 5712 partium
1485 5647 1638 5697 actus
1665 5636 1785 5694 ideo
1815 5636 1871 5690 S.
1906 5636 2010 5706 Cy-

2106 4879 2217 4925 tam
2247 4863 2657 4940 praerogativam
2685 4863 2853 4940 illam,
2893 4863 3018 4936 qua:
3046 4863 3101 4918 in
3123 4865 3327 4940 divi__n_i_s
3361 4863 3685 4940 prnolatio‘ni-

2107 4941 2213 4996 bus
2239 4933 2342 4993 soli
2369 4933 2520 4991 Patri
2551 4937 2826 5002 convenit,
2861 4933 2971 4990 non
3003 4943 3184 4990 autem
3220 4933 3379 4988 Filio:
3409 4934 3679 5002 Purgatur

2107 5010 2343 5065 fortasse
2363 5016 2418 5062 et
2441 4999 2829 5069 Damascenus,
2859 5007 2929 5076 de
2954 5021 3064 5076 quo
3088 5004 3358 5076 videndus
3389 5000 3481 5069 qui
3507 4999 3683 5076 ipsum

2108 5078 2392 5137 exornavit
2422 5067 2832 5146 praefationibus
2853 5116 2869 5143 ,
2901 5067 3423 5146 dissertationibus,
3456 5067 3686 5146 adnota-

2110 5149 2354 5204 tionibus
2400 5138 2739 5202 doctissimis
2781 5138 3007 5201 Michael
3038 5143 3277 5212 Lequien
3314 5138 3685 5212 Dominicapaa

2117 5202 2335 5271 familiae
2380 5216 2633 5271 alumnus
2667 5217 2723 5269 in
2753 5202 3223 5269 animadversione
3252 5221 3349 5261 sua
3390 5202 3682 5283 adlaudat

2110 5294 2224 5341 tum
2288 5287 2357 5341 de
2425 5285 2529 5339 title
2584 5285 2888 5340 orthodoxa
2953 5284 3131 5336 locum
3208 5292 3329 5343 pag.
3388 5273 3483 5326 Nl
3551 5273 3683 5343 torni

2112 5340 2270 5425 primi
2307 5373 2350 5435 ς⁵
2382 5362 2495 5437 tum
2554 5355 2608 5409 in
2670 5356 2846 5425 prima
2901 5354 2969 5407 de
3033 5340 3523 5403 Dissertationibus
3579 5340 3686 5395 Da~

2112 5439 2461 5479 lllﬂSCCIllCIS.

2184 5493 2297 5561 (l0)
2332 5493 2407 5546 En
2457 5493 2602 5547 aliud
2658 5493 2725 5545 de
2777 5488 3125 5561 processione
3163 5485 3403 5556 Spiritus
3437 5481 3615 5540 sancti
3653 5496 3681 5534 a

2115 5559 2356 5621 Patre'ct
2385 5563 2524 5620 Filio
2559 5563 2617 5619 S.
2645 5559 2932 5631 Epiplianii
2968 5559 3370 5613 documentum.
