3992 6198
358 289 427 346 33

1792 282 2230 342 ANCORATUS.

3551 294 3625 351 36

358 402 513 468 ζεται
538 416 553 432 ο
598 398 700 455 καὶ
737 400 766 452 6
794 395 953 461 αὐτὸς
991 395 1158 451 πάλιν
1188 394 1565 451 ἀποκαλύπτει
1591 394 1653 448 τὸ
1678 394 1831 465 ἅγιον
1857 397 1954 451 αύ-

2077 399 2286 464 ndicat;
2322 405 2375 453 et
2407 399 2601 456 beatus
2637 400 2841 458 idcirco
2862 401 3079 459 dicitur.
3118 403 3187 459 At
3228 404 3317 461 ille
3341 405 3457 477 ipse
3495 421 3623 462 rur-

357 493 458 548 τοῦ
489 490 758 562 Πνεῦμα*
795 489 901 542 ἔδει
948 488 1042 541 τὸν
1091 488 1309 560 πρῶτον
1346 488 1454 541 τῶν
1497 486 1809 541 ἀποστόλων
1840 488 1951 559 (Η)

360 583 469 651 τὴν
527 580 733 649 πέτραν
778 577 876 648 τὴν
904 576 1173 647 στερεὰν,
1222 577 1308 646 ἐφ’
1341 578 1408 647 ῆν
1455 578 1488 648 ἡ
1535 576 1826 648 Ἐκκλησία
1856 574 1951 629 τοῦ

365 671 511 724 Θεοῦ
540 670 875 741 ᾠκοδόμηται
895 707 912 732 ,
947 669 1041 721 καὶ
1081 668 1248 721 πύλαι
1274 668 1405 739 ᾅδου
1440 669 1500 721 ού
1538 667 1953 739 κατισχύσουσιν

371 760 546 829 αὐτῆς
570 777 584 791 ·
614 758 775 810 πύλαι
804 756 863 809 δὲ
893 756 1023 828 ᾆδου
1069 757 1125 810 αἱ
1155 756 1429 827 αἱρέσεις,
1468 756 1564 811 καὶ
1602 758 1652 808 οἱ
1682 755 1955 828 αἱρεσιάρ-

375 868 463 921 χαι
484 870 496 881 ·
526 850 664 904 κατά
698 850 881 903 πάντα
922 848 1032 921 γὰρ
1077 849 1281 920 τρόπον
1308 849 1365 900 ἐν
1395 847 1543 919 αύτῷ
1569 847 1873 921 ὲστερεώθη
1918 849 1951 918 ἡ

368 943 550 1005 πίστις
572 982 587 1005 ,
619 944 676 994 ὲν
707 941 787 1012 τῷ
822 941 1041 995 λαϐόντι
1090 941 1191 1012 τὴν
1224 941 1371 994 κλεῖν
1403 941 1513 994 τῶν
1566 940 1812 1011 οὐρανῶν
1836 980 1852 1005 ,
1895 942 1953 994 ὲν

363 1034 444 1105 τῷ
495 1034 678 1087 λύοντι
744 1033 839 1087 ἐπὶ
872 1034 975 1104 τῆς
1024 1032 1131 1102 γῆς
1180 1034 1274 1086 καὶ
1312 1032 1485 1087 δέοντι
1538 1034 1596 1086 ὲν
1654 1032 1730 1103 τῷ
1786 1033 1951 1101 ούρα-

368 1124 466 1194 νῷ.
506 1124 598 1177 Ἐν
624 1123 800 1194 τούτῳ
820 1125 930 1194 γάρ
966 1125 1085 1176 ἐστι
1116 1123 1295 1177 πάντα
1326 1122 1396 1177 τὰ
1419 1123 1728 1195 ζητούμενα
1763 1125 1956 1177 λεπτο-

366 1214 659 1286 λογήματα
707 1215 811 1285 τῆς
844 1215 1081 1277 πίστεως
1113 1214 1498 1286 εὑρισκόμενα.
1542 1210 1709 1279 Οὗτός
1752 1218 1899 1269 ἐστιν
1926 1218 1954 1269 6

369 1306 555 1375 τρίτον
597 1305 1008 1378 ἀρνησάμενος,
1039 1307 1135 1358 καὶ
1178 1305 1361 1376 τρίτον
1390 1305 1792 1377 ἁναθεματίσας
1824 1308 1953 1377 πρὶν

372 1397 410 1467 ἢ
459 1398 549 1449 τὸν
582 1397 849 1468 ἀλέκτορα
883 1390 1154 1467 φωνῆσαι.
1192 1396 1304 1467 Τὴν
1356 1396 1660 1468 ὑπερϐολὴν
1700 1398 1817 1469 ,γὰρ
1856 1398 1955 1467 τῆς

379 1482 544 1535 αὑτοῦ
585 1483 721 1554 πρὸς
745 1484 837 1537 τὸν
865 1482 1059 1536 ἑαυτοῦ
1088 1484 1362 1555 Δεσπότην
1396 1485 1723 1555 ἀγαπήσεως
1757 1487 1956 1557 σημαί-

384 1590 512 1637 νων,
545 1573 1005 1646 διισχυριζόμενος
1033 1575 1216 1643 ἔλεγεν
1236 1592 1249 1605 °
1290 1577 1358 1629 Ei
1384 1575 1486 1629 καὶ
1513 1575 1737 1642 πάντες
1769 1576 1954 1646 ἀρνή-

376 1668 593 1720 σονται
636 1683 729 1730 σε,
757 1666 873 1738 ἐγὼ
910 1669 1023 1721 οὐκ
1076 1666 1415 1736 ἀρνήσομαι
1441 1684 1455 1696 ·
1485 1668 1608 1721 ὅσον
1635 1668 1715 1739 τῷ
1746 1669 1831 1721 ἐπ’
1862 1670 1955 1722 ἀν-

376 1756 580 1829 θρώπῳ
611 1757 773 1825 λέγω.
798 1735 991 1820 *Οὗτός
1020 1758 1167 1810 ἐστιν
1194 1759 1223 1810 ό
1258 1735 1499 1821 κλαύσας
1541 1758 1633 1810 ἐπὶ
1682 1735 1748 1829 τῇ
1802 1762 1951 1829 φωνῇ
1987 1735 2027 1789 Β

378 1850 470 1904 τοῦ
507 1852 897 1923 ἀλεκτρυόνος·
956 1851 1044 1904 ἵνα
1096 1849 1313 1921 ἀληθῶς
1361 1850 1672 1923 ὁμολογήσῃ
1708 1852 1807 1922 τὴν
1863 1852 1954 1905 τοῦ

378 1941 510 1995 Υἱοῦ
534 1942 631 1995 τοῦ
664 1943 800 1996 Θεοῦ
830 1941 1090 2013 σύλληψιν
1109 1943 1171 1994 ού
1205 1942 1425 2013 δοκήσει
1463 1938 1648 2008 οὖσαν,
1682 1942 1796 1996 ἀλλ’
1827 1943 1958 2013 ἁλη-

378 2032 575 2102 θινήν·
627 2033 718 2086 ἵνα
765 2034 895 2107 εἴπῃ
942 2033 1103 2087 αὑτὸν
1150 2032 1401 2105 ἀληθινὸν
1438 2034 1724 2106 ἄνθρωπον
1776 2036 1837 2087 ὲν
1878 2035 1957 2106 τῷ

384 2121 595 2174 κλαίειν
626 2123 719 2175 ἐπὶ
744 2126 811 2193 τῇ
844 2124 1001 2176 αὑτοῦ
1027 2122 1286 2193 συλλήψει
1319 2125 1749 2196 παραδοθέντος·
1780 2126 1808 2178 6
1833 2141 1960 2192 συγ-

394 2213 653 2277 κοινωνὸς
684 2214 778 2266 τοῦ
816 2215 907 2267 ἐπὶ
929 2214 1016 2268 τοῦ
1056 2213 1288 2283 στήθους
1321 2214 1721 2279 ἅνακλιθέντος.
1770 2216 1827 2268 Ὀ
1860 2215 1958 2285 μὲν

385 2306 497 2375 γὰρ
526 2307 677 2377 παρά
726 2306 821 2359 τοῦ
849 2307 974 2360 Υίοῦ
1013 2307 1331 2378 μανθάνων,
1384 2309 1480 2361 καὶ
1529 2307 1637 2360 ἀπὸ
1684 2306 1779 2360 τοῦ
1827 2306 1957 2360 Υίοῦ

385 2397 675 2467 λαμϐάνων
704 2400 805 2468 τῆς
840 2398 1095 2467 γνώσεως
1125 2399 1224 2472 τὴν
1256 2398 1507 2471 δύναμιν,
1543 2398 1922 2453 ἀπεκάλυπτεν
1942 2415 1956 2428 ο

383 2488 415 2538 6
447 2489 506 2541 δὲ
536 2490 683 2559 παρὰ
711 2489 807 2543 τοῦ
834 2490 1051 2562 Πατρὸς
1074 2491 1335 2560 ὠφελεῖτο
1360 2532 1374 2556 ,
1409 2490 1507 2561 τὴν
1537 2489 1833 2558 ἀσφάλειαν
1862 2487 1961 2558 τῆς

392 2579 620 2643 πίστεως
648 2580 942 2651 θεμελιῶν·
974 2580 1034 2644 ὃς
1072 2582 1129 2634 ὲν
1170 2584 1236 2651 τῇ
1262 2580 1353 2651 νηῒ
1399 2580 1617 2650 ὲπὶτῆς
1650 2578 1962 2649 Τιϐεριάδος

391 2672 590 2742 γυμνὸς
620 2673 781 2726 πάλιν
806 2672 945 2743 μετὰ
971 2672 1032 2725 τὸ
1069 2671 1333 2743 κληθῆναι
1357 2672 1572 2743 ὴλίευεν
1592 2688 1605 2701 ·
1643 2672 1672 2723 6
1703 2671 1759 2724 δὲ
1792 2669 1966 2741 μαθη-

389 2764 490 2835 τής
515 2764 573 2818 ὃν
616 2764 807 2833 ἠγάπα
853 2765 884 2817 6
923 2762 1130 2833 Ἰησοῦς
1152 2802 1168 2827 ,
1220 2763 1314 2815 ἐπὶ
1345 2760 1422 2832 τῷ
1472 2762 1674 2832 ῥήματι
1704 2759 1732 2811 ὃ
1763 2755 1913 2812 εἶπεν
1938 2760 1966 2811 6

390 2855 612 2925 Σωτήρ’
660 2854 875 2908 Παιδία
902 2896 918 2920 ,
959 2853 1045 2923 μή
1096 2870 1153 2907 τι
1185 2851 1566 2922 προσφάγιον
1605 2851 1811 2920 ﬁxere;
1856 2848 1966 2902 Καί

389 2963 546 3017 φησι,
578 2946 803 3001 Βάλετε
825 2948 912 3012 εις
940 2946 1012 2999 τὰ
1049 2944 1219 3008 δεξιὰ
1252 2943 1358 2997 τοῦ
1397 2942 1637 3006 πλοίου,
1671 2941 1767 2994 καὶ
1796 2938 1970 3007 εὑρή-

390 3050 558 3089 σετε*
594 3036 686 3088 ἐπὶ
715 3036 773 3089 δὲ
796 3036 875 3106 τῷ
906 3034 1184 3105 γενομένῳ
1219 3035 1422 3104 ῥήματι
1464 3031 1831 3100 ἐκπλαγέντες
1851 3071 1865 3096 ,
1892 3028 1970 3100 τῷ

392 3123 586 3194 Πέτρῳ
614 3124 777 3193 φησὶν
804 3124 833 3175 6
876 3122 1151 3193 Ἰωάννης,
1192 3121 1265 3175 ὃν
1288 3120 1491 3191 ἠγάπα
1520 3124 1553 3175 ὁ
1596 3119 1825 3189 Ἰησοῦς
1848 3136 1864 3152 ο
1905 3120 1969 3170 '0

397 3214 613 3281 Κύριός
635 3211 823 3267 ἐστιν.
862 3213 1184 3285 ’Ἄνθρωπος
1214 3212 1312 3285 μὲν
1342 3211 1483 3266 κατὰ
1510 3211 1687 3281 σάρκα
1716 3209 1824 3263 ἀπὸ
1849 3209 1973 3263 Μα-

403 3303 527 3376 ρίας
554 3304 826 3375 γεννηθεὶς
856 3306 916 3358 ὲν
947 3304 1177 3376 ἀληθείᾳ
1198 3344 1213 3369 ,
1245 3304 1307 3357 οὐ
1347 3302 1453 3374 μὴν
1483 3302 1700 3373 δοκήσει
1721 3340 1736 3362 ,
1763 3299 1897 3363 Θεὸς
1918 3298 1975 3352 δὲ

398 3393 618 3463 πνεῦμα
648 3393 724 3447 ῶν
751 3394 860 3447 ἀπὸ
887 3394 997 3447 τῶν
1044 3393 1380 3466 ἐπουρανίων
1432 3393 1497 3445 ὲκ
1530 3390 1744 3459 Πατρὸς
1773 3388 1969 3442 ἐλθών·

405 3478 435 3530 ὁ
472 3484 687 3538 ἀκούων
740 3485 891 3555 παρὰ
944 3483 1039 3539 τοῦ
1093 3483 1259 3537 αὑτοῦ
1281 3501 1294 3514 ·
1332 3481 1517 3551 Πέτρε
1543 3522 1558 3548 ,
1590 3481 1867 3550 ποίμιιινε
1903 3478 1976 3533 τὰ

396 3575 573 3644 ἀρνία
608 3592 750 3644 μου,
780 3576 809 3627 6
839 3575 1269 3646 πεπιστευμένος
1294 3573 1395 3644 τὴν
1431 3570 1668 3642 ποίμνην
1694 3586 1707 3600 ·
1744 3571 1772 3622 6
1798 3568 1978 3633 καλῶς

396 3666 607 3736 ὁδηγῶν
638 3668 698 3719 ὲν
726 3667 794 3736 τῇ
825 3664 1050 3736 δυνάμει
1092 3663 1188 3718 τοῦ
1218 3664 1346 3717 ἰδίου
1375 3661 1648 3714 Δεσπὸτου
1669 3677 1684 3694 ο
1729 3660 1759 3712 6
1788 3659 1978 3731 ὁμολο-

400 3757 511 3824 γῶν
544 3757 674 3828 περὶ
711 3758 947 3829 σαρκός·
978 3758 1008 3811 6
1054 3756 1323 3829 ἀληθινῶς
1352 3756 1423 3810 τὰ
1450 3754 1666 3826 Πατρὸς
1696 3752 1978 3822 ἀπαγγέλ-

402 3847 507 3899 λων
533 3848 665 3918 περὶ
690 3847 822 3901 Υίοῦ
838 3865 853 3879 ο
884 3849 997 3902 δ’τὸ
1024 3848 1250 3920 Πνεῦμα
1275 3849 1556 3919 σημαίνων
1577 3888 1592 3914 ,
1636 3848 1733 3901 καὶ
1757 3847 1856 3918 τὴν
1878 3847 1978 3900 αύ-

401 3936 496 3989 τοῦ
525 3936 680 4003 ἀξίαν
741 3940 800 3991 ὲν
852 3938 1098 4010 θεότητι·
1134 3940 1163 3993 6
1208 3937 1389 4004 δεξιὰν
1416 3938 1627 4002 διαδοὺς
1667 3937 1746 4008 τῷ
1782 3937 1980 4008 Παύλῳ

405 4029 498 4084 καὶ
523 4030 782 4103 Βαρνάϐᾳ
829 4032 1113 4096 κοινωνίας
1164 4032 1260 4085 σὺν
1315 4030 1559 4100 Ἰακώϐῳ
1602 4029 1697 4084 καὶ
1737 4030 1979 4101 Ἰωάννῃ,

407 4118 493 4175 ἶνα
519 4120 607 4174 διὰ
628 4120 798 4192 τριῶν
829 4121 1123 4193 μαρτύρων
1155 4120 1326 4192 σταθῇ
1355 4122 1464 4175 πᾶν
1495 4121 1668 4191 ῥῆμα.

2054 504 2175 543 sum
2222 488 2483 559 Spiritum
2514 500 2761 545 sanctum
2803 492 3202 562 patefecitzsic
3239 496 3382 551 enim
3427 498 3497 563 ei,
3531 498 3625 568 qui

2053 579 2194 634 inter
2239 582 2514 650 apostolos
2552 582 2760 653 primus
2798 593 2962 650 esset,
3018 593 3442 643 consentaneum
3475 596 3624 655 erat,

2054 670 2261 734 solidae,
2307 670 2550 740 inquam,
2587 672 2664 725 illi
2694 680 2897 742 petrze;
2935 689 3099 746 supra
3131 692 3295 747 quam
3324 686 3409 733 est
3442 677 3627 733 Eccle-

2054 760 2134 813 sia
2170 760 2262 815 Dei
2312 759 2535 815 fundata
2561 801 2575 826 ,
2621 770 2676 817 et
2704 774 2871 833 porta:
2917 764 3073 819 inferi
3106 781 3217 820 non
3258 767 3628 836 praevalebunt

2055 849 2130 903 illi
2158 851 2195 904 ⁸.
2224 850 2462 917 Quarum
2510 859 2785 923 portarum
2828 855 3047 911 nomine
3081 856 3316 911 haereses
3358 864 3412 912 et
3456 857 3627 911 haere—

2054 957 2185 998 seon
2255 943 2566 998 conditores
2643 944 3039 1016 intelliguntur.
3098 943 3366 1001 Omnibus
3429 946 3628 1017 quippe

2053 1031 2229 1087 modis
2254 1032 2305 1085 in
2327 1047 2391 1087 eo
2422 1033 2651 1086 stabilita
2684 1031 2818 1087 ﬁdes
2853 1041 2956 1100 est,
2983 1033 3075 1103 qui
3108 1034 3232 1088 cteli
3263 1034 3443 1088 claves
3472 1048 3629 1089 acce-

2054 1125 2156 1194 pit,
2191 1134 2245 1179 et
2273 1125 2326 1177 in
2350 1132 2489 1179 terra
2515 1125 2677 1180 solvit
2702 1134 2756 1179 et
2785 1126 2916 1194 ligat
2943 1126 2995 1179 iu
3024 1126 3163 1181 coelo
3189 1127 3232 1178 ¹.
3273 1124 3331 1179 ln
3368 1140 3434 1181 eo
3464 1125 3630 1195 siqui-

2055 1216 2178 1271 dem
2210 1217 2520 1273 subtiliores
2546 1218 2797 1287 quzelibet
2828 1218 2948 1271 fidei
2980 1217 3306 1287 quaestiones
3357 1218 3631 1287 reperiun-

2053 1313 2162 1359 tur.
2209 1306 2309 1359 Hic
2356 1314 2438 1360 est
2467 1307 2557 1375 qui
2592 1308 2753 1361 tertio
2792 1308 3038 1376 negavit,
3080 1307 3347 1377 tertioque
3395 1323 3454 1361 se
3502 1321 3628 1361 cum

2055 1399 2431 1453 exsecratione
2467 1398 2719 1463 devovit,
2774 1405 3062 1468 antequam
3113 1398 3289 1468 gallus
3335 1405 3556 1452 caneret
3583 1397 3625 1449 ³.

2054 1484 2193 1540 Nam
2226 1494 2285 1539 ut
2309 1488 2678 1541 vehementem
2710 1502 2869 1541 suum
2918 1502 3044 1558 erga
3088 1486 3379 1541 Dominum
3431 1484 3633 1556 signiﬁ-

2057 1585 2204 1632 caret
2248 1577 2517 1642 allectum,
2563 1594 2686 1633 cum
2731 1578 3135 1633 asseveratione
3172 1576 3636 1636 dixeratzEtiam-

2056 1669 2103 1721 si
2146 1684 2321 1721 omnes
2365 1666 2634 1737 abnegent,
2667 1684 2759 1738 ego
2821 1684 2926 1721 non
2970 1666 3235 1737 abnegabo
3280 1683 3299 1720 :
3328 1668 3630 1736 quantum,

2057 1761 2300 1830 inquam,
2327 1760 2391 1814 ad
2415 1761 2705 1814 humanam
2732 1760 3097 1815 conditionem
3125 1758 3381 1829 pertinet.
3414 1757 3513 1813 Hic
3550 1766 3635 1814 est

2057 1853 2151 1923 qui
2189 1852 2373 1906 audito
2416 1852 2542 1922 galli
2602 1858 2766 1906 cantu
2810 1851 2955 1906 llevit
2981 1890 2996 1915 ,
3029 1858 3089 1904 ut
3118 1865 3242 1905 vere
3278 1850 3639 1920 comprehen-

2059 1960 2178 2000 sum
2210 1944 2302 1999 Dei
2336 1943 2553 2009 Filium,
2583 1960 2690 1997 non
2718 1944 2901 2013 specie
2931 1950 3092 1998 tenus
3123 1942 3453 2008 ostenderet,
3493 1949 3549 1996 et
3577 1948 3637 1995 ut

2058 2032 2510 2101 comprehensum
2557 2032 2707 2084 illum
2750 2031 3119 2100 traditumque
3150 2031 3529 2102 prosequendo
3558 2032 3639 2085 la-

2058 2122 2279 2191 crymis,
2308 2136 2492 2174 verum
2524 2120 2798 2174 hominem
2826 2136 2948 2174 esse
2988 2128 3339 2174 monstraret.
3367 2120 3514 2175 Idem
3546 2121 3637 2175 ille

2060 2211 2260 2266 sodalis
2289 2211 2408 2280 ejus
2437 2210 2558 2275 fuit,
2587 2212 2680 2281 qui
2708 2211 2764 2263 in
2796 2209 3010 2263 Domini
3054 2219 3275 2279 pectore
3310 2211 3560 2265 recubuit
3587 2213 3633 2265 ‘.

2060 2297 2157 2353 llic
2184 2299 2326 2353 enim
2355 2315 2516 2369 quam
2543 2316 2570 2352 a
2599 2298 2737 2355 Filio
2760 2300 3019 2353 hauserat
3051 2314 3114 2353 ac
3135 2299 3429 2364 didicerat,
3456 2300 3637 2356 scicn-

2061 2390 2152 2444 tia:
2180 2391 2286 2445 vim
2312 2398 2497 2459 postea
2543 2389 2817 2460 patefecit.
2866 2389 2935 2441 At
2965 2390 3057 2444 ille
3085 2388 3230 2444 istud
3263 2390 3442 2460 ipsum
3475 2405 3505 2443 a
3534 2390 3639 2445 Pa-

2064 2491 2146 2536 tre
2184 2490 2512 2537 consecutus
2544 2489 2648 2546 est,
2682 2489 2743 2535 ut
2788 2480 2910 2536 ﬁdei
2942 2480 3249 2536 firmitatem
3283 2480 3535 2537 fundaret
3576 2498 3642 2539 ac

2067 2572 2302 2628 fulciret.
2365 2572 2467 2639 Qui
2508 2581 2862 2644 posteaquam
2903 2588 2933 2626 a
2981 2572 3210 2629 Domino
3256 2581 3483 2629 vocatus
3519 2582 3641 2641 est,

2065 2663 2245 2718 nudus
2293 2663 2486 2717 iterum
2517 2664 2571 2717 in
2601 2664 2724 2718 navi
2768 2664 2822 2717 in
2870 2662 3179 2720 Tiberiadis
3225 2663 3349 2718 lacu
3394 2664 3641 2734 piscatus

2066 2760 2151 2807 est
2176 2754 2219 2807 ⁸.
2250 2751 2389 2807 Tum
2418 2769 2548 2808 vero
2597 2754 2898 2824 discipulus
2929 2755 3019 2809 ille
3050 2769 3211 2825 quem
3260 2753 3520 2824 diligebat
3561 2752 3645 2809 Je-

2068 2856 2190 2905 sus,
2239 2856 2362 2895 cum
2427 2842 2502 2894 ita
2550 2842 2859 2911 loquentem
2915 2840 3253 2897 Salvatorem
3330 2843 3641 2898 audiisset:

2076 2930 2250 2996 Pueri,
2271 2931 2506 3003 nunquid
2547 2933 2806 3000 pulmenti
2842 2932 3087 2988 habetis?
3122 2934 3200 2987 Ac
3234 2933 3473 2989 deinde:
3514 2933 3644 2987 Mit-

2073 3021 2164 3074 tite
2196 3019 2264 3073 ad
2288 3020 2530 3074 dextrum
2562 3022 2756 3091 navigii
2789 3022 2948 3087 latus,
2975 3030 3024 3075 et
3054 3021 3320 3075 invenietis
3351 3022 3408 3076 ἐ
3445 3020 3645 3091 quibus

2071 3129 2137 3168 ex
2182 3114 2363 3170 verbis
2415 3122 2638 3185 stupore
2691 3116 2929 3186 perculsi
2978 3124 3153 3170 sunt:
3190 3112 3429 3169 Joannes
3478 3129 3643 3179 vero,

2069 3220 2222 3274 quem
2260 3204 2517 3275 diligebat
2563 3204 2746 3270 Iesus,
2796 3204 2957 3261 Petro
3000 3206 3178 3260 dixit:
3211 3205 3471 3259 Dominus
3503 3206 3643 3261 θεῖ’.

2077 3294 2178 3364 15
2218 3294 2390 3350 Homo
2422 3297 2511 3351 ille
2547 3296 2766 3366 quidem
2813 3294 3112 3351 secundum
3141 3310 3360 3350 carnem
3397 3309 3585 3350 revera
3616 3310 3649 3351 θ

2075 3386 2242 3441 Maria
2272 3388 2523 3457 genitus;
2554 3402 2661 3441 non
2692 3388 2873 3453 specie
2937 3402 3001 3441 ac
3034 3387 3379 3442 simulatione
3411 3393 3648 3451 tantum,

2075 3480 2167 3535 sed
2205 3478 2346 3534 idem
2377 3488 2556 3534 tamen
2588 3476 2731 3533 Deus
2774 3492 2837 3532 ac
2869 3476 3114 3547 spiritus,
3145 3493 3177 3532 e
3208 3478 3349 3533 caalo
3395 3486 3449 3532 et
3482 3492 3512 3531 a
3548 3476 3653 3532 Pa-

2074 3578 2159 3626 tre
2200 3570 2477 3640 delapsus.
2527 3569 2573 3623 A
2624 3584 2733 3639 quo
2779 3568 2972 3624 Petrus
3016 3568 3186 3623 audiit
3216 3586 3228 3623 :
3258 3567 3447 3633 Petre,
3497 3584 3654 3636 pasce

2076 3678 2237 3733 agnos
2270 3677 2411 3714 meos
2439 3662 2482 3727 ⁸,
2552 3660 2638 3717 cui
2683 3660 2862 3732 gregis
2908 3669 2990 3716 est
3022 3660 3313 3716 commissa
3360 3658 3653 3727 custodia;

2077 3771 2236 3826 quem
2279 3753 2492 3808 Domini
2527 3753 2611 3808 sui
2642 3753 2845 3808 virtute
2887 3752 3059 3809 fretus
3100 3752 3358 3823 praeclare
3386 3752 3658 3823 gubernat

2080 3861 2144 3901 ac
2172 3845 2339 3915 regit;
2370 3845 2461 3915 qui
2490 3860 2710 3899 carnem
2751 3843 2964 3899 Domini
3008 3844 3320 3906 conﬁtetur,
3344 3842 3438 3912 qui
3476 3856 3596 3911 quae
3623 3856 3655 3896 a

2078 3935 2241 3991 Patre
2287 3935 2674 4005 acceperat,de
2706 3935 2846 3989 Filio
2888 3934 3174 3989 verissime
3206 3933 3523 4003 proﬁtetur;
3563 3932 3658 4001 qui

2084 4023 2347 4093 Spiritum
2377 4023 2605 4092 ejusque
2627 4023 2683 4076 in
2706 4023 2988 4077 divinitate
3017 4022 3362 4093 splendorem
3387 4039 3452 4078 ac
3478 4024 3660 4094 digni-

2082 4121 2248 4168 tatem
2295 4111 2497 4166 indicat
2536 4129 2549 4164 :
2585 4112 2676 4180 qui
2710 4110 2881 4165 Paulo
2927 4126 2990 4165 ac
3034 4111 3297 4167 Barnabae
3340 4112 3395 4166 in
3442 4113 3660 4183 signum

2084 4203 2360 4261 societatis
2386 4202 2661 4258 dexteram
2694 4203 2840 4259 dedit
2894 4217 3018 4258 eum
3046 4201 3251 4259 Jacobo
3282 4212 3337 4259 et
3365 4202 3574 4260 Joanne
3595 4203 3619 4235 ⁹
3644 4222 3660 4258 :

2084 4302 2145 4351 ut
2169 4297 2226 4350 in
2259 4294 2435 4351 tribus
2464 4296 2697 4352 testibus
2723 4294 2947 4351 verbum
2977 4310 3141 4352 omne
3168 4295 3437 4352 consistat
3460 4296 3522 4351 ιο.

478 4378 726 4435 ι’.οι’›δὲν
751 4382 859 4456 γὰρ
904 4382 1036 4438 ἄνευ
1063 4381 1175 4438 τῶν
1218 4382 1313 4439 δύο
1353 4384 1450 4438 καὶ
1488 4382 1655 4456 τριῶν
1688 4383 1969 4456 μαρτύρων

2154 4384 2223 4440 Χ.
2261 4384 2404 4440 Nihil
2458 4386 2605 4441 enim
2654 4388 2772 4442 sine
2825 4385 3041 4443 duobus
3090 4385 3373 4458 tribusque
3435 4386 3668 4443 testibus

401 4471 628 4527 δύναται
650 4469 807 4529 εἶναι.
851 4474 949 4538 Et;
975 4474 1115 4529 αὐτὰ
1141 4474 1251 4545 γὰρ
1277 4473 1593 4529 ὲϐεϐαιοῦτο
1621 4474 1688 4528 δι’
1724 4475 1980 4545 αἰνίγμα-

402 4579 498 4625 τος
518 4562 628 4617 τῶν
657 4564 717 4616 έν
751 4563 829 4634 τῷ
859 4564 1038 4635 νόμῳ,
1080 4563 1238 4634 μόνον
1284 4564 1507 4637 Πατέρα
1533 4565 1864 4634 ὲπιγνόντων
1885 4606 1900 4630 ,
1933 4565 1984 4618 εί

408 4654 485 4723 μή
520 4670 575 4705 τι
608 4653 815 4707 λάϐωσι
856 4654 1085 4725 δύναμιν
1126 4653 1290 4719 Υίοῦ,
1320 4655 1416 4709 καὶ
1438 4655 1526 4709 διὰ
1553 4655 1662 4710 τῶν
1694 4655 1984 4728 μαρτύρων

406 4741 618 4813 Πατρὸς
650 4744 745 4796 καὶ
775 4743 907 4796 Υίοῦ
950 4742 1367 4813 ὲνδυναμωθῶσι
1396 4785 1412 4811 ,
1445 4746 1535 4799 διά
1560 4746 1619 4801 δὲ
1652 4746 1753 4817 τῆς
1797 4745 1987 4817 τρίτης

412 4835 715 4904 μαρτυρίας
751 4834 957 4891 λάϐωσι
1004 4834 1233 4905 Πνεῦμα
1277 4835 1432 4907 ἅγιον
1456 4877 1472 4904 ,
1522 4838 1616 4892 κα)⁸
1661 4837 1991 4910 πληρωθῶσι

411 4926 661 4995 φανερῶς
703 4928 811 4983 τῶν
865 4931 1060 4997 φωνῶν
1108 4931 1219 4986 τῶν
1266 4929 1533 5004 χερουϐὶμ
1581 4930 1674 4982 καὶ
1726 4928 1990 5001 σεραφὶμὲ

406 5019 717 5089 κραζόντων
743 5022 806 5075 τὸ
849 5024 1033 5095 τρίτον
1069 5024 1350 5095 τὸ,Ἅγιος
1372 5063 1389 5089 ,
1420 5022 1590 5091 ἅγιος
1609 5060 1624 5085 ,
1663 5020 1847 5091 ἅγιος.
1914 5022 1988 5075 Ού

406 5110 519 5183 γάρ
550 5112 637 5167 διὰ
666 5113 781 5185 (ιε)
831 5115 927 5169 δύο
969 5116 1166 5187 φωνῶν
1194 5117 1229 5189 ή
1265 5114 1539 5184 δοξολογία
1569 5114 1628 5166 ὲν
1655 5114 1869 5185 οὐρανῷ
1902 5130 1991 5166 τε-

484 5291 503 5322 ¹
524 5290 715 5347 Matth.
744 5309 853 5358 va,
884 5294 968 5355 18.
1072 5294 1251 5349 'ibid.
1285 5294 1372 5353 l9.

1478 5294 1500 5326 ³
1521 5292 1712 5348 Matth.
1750 5308 1896 5355 χχιι,
1928 5294 1997 5348 54
2023 5308 2143 5363 sqq.

2088 4477 2301 4533 ﬁrmum
2327 4493 2449 4533 esse
2468 4485 2666 4548 potest.
2690 4477 2770 4532 Ad
2793 4478 2908 4534 haec
2927 4478 3071 4534 enim
3098 4493 3194 4550 per
3220 4477 3447 4550 ﬁguram
3476 4493 3671 4551 quam-

2088 4569 2213 4624 dam
2261 4566 2840 4638 adumbrationemque
2889 4568 3340 4625 conﬁrmabatur.
3390 4568 3526 4624 Nam
3575 4570 3669 4639 qui

2092 4661 2196 4717 sub
2224 4661 2341 4729 lege
2386 4659 2596 4726 vivunt,
2620 4657 2837 4715 Patrem
2879 4660 3146 4715 duntaxat
3192 4671 3516 4732 agnoscunt,
3561 4660 3672 4715 nisi

2095 4749 2218 4805 Filii
2245 4751 2352 4805 vim
2385 4764 2449 4804 ac
2477 4750 2734 4805 virtutem
2762 4750 3033 4820 accipiant
3057 4768 3072 4819 ;
3106 4760 3269 4821 atque
3295 4767 3325 4805 a
3351 4751 3567 4806 duobus
3604 4753 3675 4805 il—

2096 4843 2162 4898 lis
2187 4841 2419 4899 testibus
2459 4839 2619 4895 Patre
2651 4841 3079 4897 corroborantur
3112 4851 3167 4897 et
3197 4843 3365 4907 Filio;
3403 4852 3514 4897 tum
3548 4856 3675 4896 vero

2093 4932 2255 4988 tertio
2298 4931 2606 4987 testimonio
2656 4931 2920 5001 Spiritum
2969 4940 3219 4987 sanctum
3262 4932 3566 4996 obtineant,
3609 4946 3675 4987 ac

2093 5021 2516 5077 cherubinorum
2545 5028 2600 5077 et
2634 5021 3051 5093 seraphinorum
3100 5023 3391 5078 manifeste
3429 5022 3537 5076 illis
3580 5037 3678 5077 νου

2092 5112 2249 5168 cibus
2285 5113 2632 5184 oppleantur,
2675 5113 2768 5184 qui
2811 5114 2973 5170 tertio
3010 5114 3319 5170 clamabant
3358 5132 3370 5168 :
3411 5109 3639 5168 Sanctus
3665 5155 3680 5183 ,

2219 5292 2416 5349 ‘Joan.
2470 5310 2592 5358 riu,
2631 5295 2724 5351 23.
2816 5295 3013 5351 'Joan.
3055 5310 3168 5361 χιι,
3217 5292 3266 5349 7.
3343 5294 3520 5351 “ibid.
3544 5295 3598 5362 5,
3628 5296 3682 5351 6.

408 5362 433 5394 "
474 5362 605 5417 ibid.
633 5364 684 5418 7.
763 5365 942 5421 ‘ibid.
979 5365 1068 5420 15.
1132 5364 1295 5420 'Gal.
1323 5380 1384 5429 ιι,
1414 5364 1468 5421 9.
1546 5365 1590 5396 ¹⁶
1630 5364 1791 5420 Deut.
1821 5378 1940 5431 xix,
1967 5363 2035 5417 15
2060 5362 2081 5430 ;“
2110 5362 2300 5418 Matth.
2337 5380 2491 5432 xvm,
2553 5367 2641 5419 l6.

490 5514 602 5586 (ιι)
640 5516 803 5586 Ἔδει
831 5516 939 5570 τὸν
987 5517 1220 5586 πρῶτον
1271 5516 1389 5573 τῶν
1413 5517 1793 5573 ἀποστόλων.
1824 5516 1991 5574 Vides

414 5590 477 5660 ut
506 5585 625 5660 haec
659 5585 851 5641 Matth.
890 5602 977 5640 xu
1000 5627 1027 5660 ,Δ
1055 5600 1104 5660 ει
1138 5606 1291 5660 super
1320 5589 1455 5643 hanc
1482 5598 1686 5660 petram
1715 5586 1997 5657 azdiﬁcabo

419 5651 714 5708 Ecclesium
744 5671 938 5722 meum,
964 5656 1030 5711 ad
1064 5651 1281 5720 Petrum
1315 5651 1495 5733 ipsum
1520 5658 1721 5715 referat
1744 5695 1760 5721 ,
1796 5651 1992 5731 supra-

2097 5534 2206 5590 que
2236 5519 2387 5590 illum
2429 5518 2709 5590 fundatam
2737 5518 3035 5575 Ecclesiam
3064 5526 3361 5577 asseveret.

2170 5588 2281 5658 (l2)
2314 5586 2575 5659 Voculam
2613 5589 2722 5657 διά,
2754 5604 2874 5659 quae
2912 5590 3143 5647 fortasse
3182 5591 3481 5656 exciderat.
3538 5587 3679 5645 eoin

2101 5657 2221 5714 loco
2248 5674 2315 5713 ex
2337 5657 2503 5715 editis
2538 5658 2695 5716 libris
2727 5657 3124 5731 supplevimus.
