3992 6198
422 217 494 275 35
1834 209 1897 267 ε.
1934 208 2281 267 EPlPHANll
3612 219 3681 273 εδ

421 341 662 398 sanctus,
707 341 924 390 sanctus
977 331 1021 385 ⁸.
1054 327 1187 384 Nam
1224 344 1403 400 neque
1436 329 1652 385 duabus
1685 328 1862 383 solum
1916 344 1988 384 vo

2109 329 2280 383 λεῖται
2304 369 2319 394 ,
2345 327 2467 382 οὐδὲ
2500 328 2756 400 τέταρτον
2790 329 3123 399 ἐπιφωνοῦσι
3158 328 3227 383 τὰ
3254 330 3394 383 αύτά
3433 331 3561 400 ἆγια
3589 335 3682 387 καὶ

421 423 579 478 cibus
622 422 818 479 divinae
860 422 919 475 in
960 419 1101 475 cado
1168 418 1351 488 gloria:
1395 417 1709 489 praedicatio
1752 425 1999 487 constat;

421 529 598 584 neque
634 524 832 584 quarto
862 519 1052 569 sancta
1090 510 1181 563 illa
1210 526 1314 565 nec
1352 509 1724 581 aspectabilia,
1764 509 1858 565 sed
1893 511 2000 580 spi-

422 606 602 660 ritalia
645 605 1016 661 vociferantur
1063 602 1352 668 animalia;
1406 617 1582 674 neque
1626 611 1723 655 aut
1762 610 1998 672 quarto,

420 708 517 753 ant
553 698 719 753 semel
752 697 1015 752 duntaxat
1042 696 1382 760 exclamant;
1412 693 1509 748 sed
1549 701 1684 756 tres,
1716 708 1781 747 ac
1811 692 2000 762 singu-

420 786 561 841 lares
606 800 766 840 voces
806 783 1284 848 edunt:Sanctus,
1315 790 1552 843 sanctus,
1608 791 1846 835 sanctus.
1878 780 1997 835 Non

417 878 639 940 dicunt,
688 875 893 942 Sancti,
940 876 1146 937 sancti,
1180 881 1238 927 ut
1270 872 1320 927 ei
1364 875 1507 942 quod
1558 872 1837 942 singulare
1875 881 1995 939 est,

416 970 775 1040 multiplicem
822 966 1242 1039 appellationem
1292 964 1565 1029 tribuant,
1606 977 1784 1032 neque
1830 963 1995 1017 trium

415 1070 704 1113 numerum
730 1054 1117 1117 dissimulent;
1149 1050 1246 1107 sed
1281 1051 1353 1104 ita
1388 1061 1469 1106 ter
1500 1050 1755 1106 Sanctum
1786 1051 1988 1121 praedi-

414 1154 561 1209 cant,
588 1153 641 1198 et
669 1157 779 1198 uno
807 1141 1179 1211 singularique
1206 1140 1367 1194 modo
1399 1155 1707 1195 sermonem
1739 1156 1985 1210 pronun-

415 1236 574 1299 tiant,
619 1250 686 1288 ne
712 1231 1043 1300 multiplices
1080 1230 1211 1286 deos
1240 1230 1523 1285 nominare
1562 1230 1867 1285 videantur.
1903 1230 1995 1286 Et-

414 1327 560 1380 enim
598 1339 741 1379 unus
771 1330 854 1378 est
889 1321 1032 1376 Deus
1060 1319 1220 1375 Pater
1263 1320 1318 1373 in
1349 1318 1508 1384 Filio,
1542 1318 1714 1374 Filius
1745 1320 1801 1374 in
1832 1318 1994 1377 Patre

413 1430 540 1470 cum
577 1413 787 1483 Spiritu
818 1420 1030 1468 sancto.
1069 1409 1364 1483 Pr0pterea
1395 1417 1620 1465 sanctus
1649 1426 1793 1466 unus
1820 1419 1904 1466 est
1933 1412 1989 1466 in

413 1505 618 1560 sanctis
656 1504 1057 1575 conquiescens
1078 1500 1238 1555 Pater
1264 1517 1427 1557 verus
1452 1510 1506 1557 et
1532 1502 1860 1570 subsistens,
1890 1501 1984 1554 Fi-

411 1596 520 1650 lius
548 1610 714 1649 verus
752 1602 809 1648 et
846 1593 1174 1657 subsistens,
1214 1590 1452 1662 Spiritus
1482 1601 1707 1648 sanctus
1740 1608 1904 1649 verus
1935 1599 1988 1649 et

2112 418 2318 490 ἀόρατα
2348 418 2692 488 πνευματικά
2722 417 2836 481 ζῶα
2873 419 2984 486 (15)
3008 459 3024 480 ,
3054 418 3175 470 οὐδὲ
3207 419 3473 489 τετάρτην
3501 420 3684 489 φωνὴν

2105 508 2429 562 ἀποδίδωσιν
2460 506 2529 560 τά
2556 507 2717 572 αὐτὰ,
2768 508 2889 573 οὐδὲ
2937 508 3065 578 μίαν
3108 508 3308 578 μόνην·
3345 507 3483 561 ἀλλά
3533 504 3680 577 τρεῖς

2106 598 2289 666 φωνὰς
2319 597 2504 659 ἑνικὰς
2525 636 2541 660 ,
2571 597 2878 665 τὺ,”Αγιος,
2912 597 3098 666 ἅγιος,
3128 596 3295 664 ἅγιος
3314 614 3329 627 ·
3359 596 3454 649 καὶ
3490 597 3555 650 οὐ
3594 596 3683 648 λέ-

2105 706 2292 758 γουσιν
2316 731 2331 753 ,
2393 690 2574 758 Ἅγιοι
2594 728 2609 753 ,
2665 688 2819 758 ἅγιοι
2842 728 2858 753 ,
2902 688 2989 742 ἴνα
3019 689 3079 741 τὸ
3111 689 3290 742 ἑνικὸν
3329 688 3684 758 πολυώνυμον

2103 781 2449 852 ἀποφήνωσι,
2484 780 2617 851 μηδὲ
2644 781 2752 833 τῶν
2778 780 2946 856 τριῶν
2975 780 3067 832 τὸν
3093 779 3325 851 ἀριθμὸν
3351 780 3682 850 ἀποκρύψω-

2106 889 2189 926 σιν
2214 889 2227 903 ·
2260 872 2398 928 ἀλλά
2429 874 2547 944 τρὶς
2595 872 2694 943 μὲν
2722 872 2927 925 διδόασι
2954 871 3054 941 τὴν
3079 871 3396 939 άγιαστείαν
3415 912 3429 934 ,
3471 887 3681 941 μονοει·

2094 963 2207 1028 δῶς
2231 964 2288 1018 δὲ
2317 965 2412 1018 καὶ
2453 963 2647 1027 ἑνικῶς
2680 962 3119 1033 ἀποφθέγγονται
3146 962 3239 1016 τὸν
3266 962 3423 1030 λόγον
3443 1002 3457 1025 .
3490 963 3577 1015 ἵνα
3605 962 3679 1032 μὴ

2101 1054 2391 1108 πολυθεῖαν
2413 1054 2778 1124 ὁνομάσωσιν.
2829 1047 2925 1116 Είς
2968 1053 3074 1123 γάρ
3102 1054 3218 1106 ἐστι
3250 1052 3382 1115 Θεὸς
3408 1052 3595 1123 Πατὴρ
3623 1053 3682 1105 ἐν

2102 1145 2217 1215 Υίῷ
2239 1186 2255 1210 ,
2290 1146 2416 1208 Υἱὸς
2454 1147 2511 1198 ὲν
2545 1144 2723 1214 Πατρὶ
2773 1144 2869 1197 σὺν
2920 1144 3060 1213 άγίῳ
3099 1143 3374 1213 Πνεύματι
3398 1159 3414 1175 ο
3450 1145 3542 1196 καὶ
3594 1143 3680 1197 διὰ

2096 1239 2258 1290 τοῦτο
2291 1235 2445 1305 ἅγιος
2484 1237 2541 1288 ὲν
2588 1236 2767 1303 ἁγίοις
2794 1235 3209 1304 ἀναπαυόμενος
3227 1274 3243 1299 ,
3271 1235 3460 1305 Πατὴρ
3487 1234 3680 1305 ἀληθι-

2098 1328 2188 1390 νὸς
2241 1326 2637 1389 ὲνυπόστατος,
2674 1326 2769 1378 καὶ
2818 1324 2943 1387 Υίὸς
2981 1323 3237 1394 ἀληθινὸς
3296 1324 3676 1389 ὲνυπόστατος,

2097 1416 2193 1470 καὶ
2225 1414 2451 1485 Πνεῦμα
2480 1416 2635 1483 ἅγιον
2667 1414 2924 1486 ἀληθινὸν
2965 1416 3350 1478 ὲνυπόστατον.
3377 1416 3500 1485 τρία
3525 1416 3675 1478 ὅντα,

2098 1505 2198 1575 μία
2228 1504 2436 1573 θεότης,
2469 1503 2565 1572 μία
2586 1503 2763 1570 οὐσία,
2796 1503 2896 1573 μία
2908 1502 3204 1572 δοξολογία,
3226 1499 3307 1565 εἷς
3327 1502 3479 1563 Θεός.
3522 1501 3680 1554 Ὦνό-

2098 1611 2287 1662 μασας
2312 1592 2443 1645 Θεόν
2464 1609 2478 1658 ;
2512 1593 2982 1664 συμπεριείληφας
3003 1595 3067 1663 τῇ
3098 1592 3303 1662 διανοίᾳ
3328 1592 3425 1662 τὴν
3451 1591 3673 1662 Τριάδα.

411 1686 759 1750 subsistens;
796 1693 908 1742 tres
950 1699 1215 1748 numero,
1260 1683 1355 1739 sed
1401 1698 1511 1738 una
1560 1684 1840 1750 divinitas,
1885 1698 1988 1739 una

2098 1684 2296 1753 Ἐσχες
2327 1683 2551 1754 Πνεῦμα
2580 1684 2732 1752 ἅγιον
2754 1701 2767 1748 ;
2790 1684 3121 1753 κατηξίωσαι
3155 1685 3253 1754 τῆς
3281 1684 3559 1753 δυνάμεως
3576 1683 3677 1753 τῆς

410 1778 743 1840 substantia,
775 1791 885 1833 una
912 1776 1106 1847 gloria,
1132 1790 1275 1830 unus
1298 1774 1461 1832 Deus.
1499 1775 1667 1830 Deum
1700 1774 1989 1831 nominas?

411 1882 518 1922 una
550 1876 604 1922 et
641 1866 965 1923 Trinitatem
995 1867 1181 1921 animo
1229 1866 1667 1935 comprehendis.
1724 1864 1988 1935 Spiritum

409 1965 666 2013 sanctum
706 1968 1034 2014 consecutus
1052 1954 1161 2024 es?
1194 1970 1301 2008 una
1339 1964 1393 2010 et
1422 1954 1601 2011 Patris
1638 1965 1693 2011 et
1737 1955 1834 2010 Dei
1869 1955 1989 2009 Filii

412 2049 672 2102 virtutem
694 2032 999 2104 obtinuisti.
1037 2048 1252 2102 Patrem
1282 2046 1625 2117 praadicasti?
1652 2061 1777 2099 cum
1804 2060 1869 2100 eo
1894 2060 1989 2114 pa-

418 2130 553 2184 riter
581 2138 636 2185 et
669 2128 868 2185 Filium
904 2140 959 2187 et
989 2131 1252 2202 Spiritum
1282 2140 1533 2188 sanctum
1561 2132 1683 2186 sine
1714 2131 1824 2185 ulla
1851 2146 1988 2185 con-

413 2220 625 2281 fusione
666 2223 1005 2295 signiiicasti.
1048 2224 1155 2295 16
1189 2222 1353 2281 Pater
1393 2220 1595 2292 quippe
1640 2221 1804 2277 Pater
1860 2230 1987 2288 est;

409 2309 579 2368 Filius
621 2320 708 2371 est
765 2311 978 2376 Filius;
1018 2309 1256 2380 Spiritus
1298 2317 1521 2364 sanctus
1569 2308 1809 2378 Spiritus
1860 2324 1989 2364 san-

402 2410 531 2456 ctus
560 2411 684 2468 est;
730 2416 911 2474 neque
942 2401 1185 2457 Trinitas
1218 2399 1337 2469 ipsa
1375 2399 1444 2451 ab
1476 2400 1684 2454 unitate
1712 2407 1766 2454 et
1800 2399 1991 2455 identi-

405 2499 514 2546 tate
550 2490 843 2548 divellitur.
884 2492 1063 2556 Pater,
1106 2497 1377 2561 quatenus
1407 2486 1567 2543 Pater
1594 2498 1713 2556 est,
1751 2489 1990 2544 honora-

404 2593 525 2648 tur;
557 2582 857 2638 honoratur
880 2589 935 2637 et
966 2580 1160 2644 Filius,
1209 2588 1480 2651 quatenus
1505 2577 1719 2646 Filius;
1752 2581 1989 2635 honora-

404 2679 495 2725 tur
533 2672 767 2743 denique
811 2672 1050 2741 Spiritus
1095 2681 1339 2740 sanctus,
1382 2678 1656 2741 quatenus
1694 2686 1858 2726 verus
1904 2682 1989 2727 est

406 2761 608 2833 Deique
658 2763 915 2834 Spiritus.
961 2763 1138 2833 Atque
1178 2763 1283 2819 hoc
1316 2769 1441 2833 est,
1477 2763 1625 2837 quod
1665 2763 1988 2834 Unigenitus

401 2854 598 2908 asserit
629 2873 642 2909 :
682 2854 786 2920 Qui
815 2852 1040 2911 hanorat
1078 2852 1314 2921 Patrem,
1355 2854 1581 2910 honorat
1609 2864 1660 2908 et
1693 2852 1897 2908 Filium
1938 2856 1983 2909 ².

401 2939 539 3004 Nam
565 2950 667 3003 hoc
690 2949 811 3017 ipso
837 2946 984 3018 quod
1012 2944 1228 3000 Patrem
1256 2944 1531 3011 nominas,
1558 2943 1757 2999 Filium
1784 2942 1988 3013 signiﬁ-

2092 1776 2355 1847 πατρῴας
2368 1777 2458 1833 καὶ
2484 1775 2579 1829 τοῦ
2599 1775 2727 1830 Υίοῦ
2763 1776 2857 1829 τοῦ
2883 1774 3039 1830 Θεοῦ.
3082 1773 3369 1840 Ἐδόξασας
3383 1775 3475 1827 τὸν
3500 1776 3676 1829 Πατέ-

2092 1884 2163 1939 ρα
2192 1883 2207 1932 ;
2236 1867 2523 1937 ὲσήμανας
2553 1867 2642 1921 τὸν
2694 1866 2821 1919 Υἱὸν
2870 1867 2965 1920 καὶ
3010 1866 3071 1920 τὸ
3098 1866 3249 1934 ἅγιον
3272 1866 3513 1935 Πνεῦμα,
3541 1864 3676 1918 ἀλλά

2093 1956 2170 2027 μὴ
2204 1956 2346 2011 κατά
2370 1957 2719 2026 συναλοιφὴν.
2764 1957 2922 2010 Ἐστι
2952 1957 3063 2026 7&9
3121 1959 3150 2009 6
3200 1956 3391 2026 Πατὴρ
3443 1957 3632 2026 Πατήρ
3656 1973 3671 1986 ·

2089 2045 2237 2099 ἔστιν
2280 2048 2309 2098 6
2364 2047 2493 2108 Υίὸς
2542 2047 2701 2107 Υἱός·
2755 2046 2869 2099 ἔστι
2922 2046 2982 2098 τὸ
3030 2046 3185 2114 ἆγιον
3226 2047 3449 2115 Πνεῦμα
3513 2047 3666 2112 ἆγιον

2090 2134 2316 2205 Πνεῦμα
2341 2153 2355 2166 ·
2391 2135 2505 2189 ἀλλ’
2545 2135 2646 2189 οὐκ
2674 2135 3084 2207 ἠλλοτριωμένη
3109 2138 3142 2207 ἡ
3166 2135 3338 2207 Τριάς
3370 2136 3471 2205 τῆς
3502 2137 3677 2205 ἑνότη-

2089 2244 2181 2292 τος
2209 2227 2307 2279 καὶ
2330 2227 2433 2296 τῆς
2460 2226 2808 2295 ταυτότητος.
2854 2227 3092 2297 Τιμᾶται
3123 2227 3180 2279 δὲ
3212 2229 3241 2279 ό
3268 2227 3459 2298 Πατὴρ
3484 2269 3500 2293 ,
3534 2227 3674 2280 καθὸ

2090 2317 2280 2386 Πατήρ
2311 2317 2457 2368 ἐστι·
2489 2318 2717 2386 τιμᾶται
2742 2319 2771 2371 ό
2800 2316 2958 2383 Υἱὸς,
3012 2317 3147 2371 καθὸ
3174 2317 3301 2381 Υίός
3334 2320 3451 2371 ὲστι
3473 2334 3488 2349 ο
3515 2320 3675 2388 τιμᾶ-

2088 2421 2180 2458 ται
2215 2404 2276 2458 τὸ
2305 2403 2529 2474 Πνεῦμα
2558 2405 2620 2458 τὸ
2647 2404 2801 2473 ἅγιον
2820 2444 2836 2470 ,
2868 2404 3002 2458 καθὸ
3046 2406 3272 2477 Πνεῦμα
3312 2406 3542 2476 ἀληθὲς,
3575 2408 3669 2460 καὶ

2090 2495 2316 2566 Πνεῦμα
2350 2495 2507 2549 Θεοῦ.
2544 2495 2700 2550 Οὕτω
2753 2496 2900 2564 λέγει
2945 2496 2973 2549 6
3004 2498 3312 2568 Μονογενής
3336 2514 3351 2530 ο
3398 2498 3451 2549 '0
3494 2496 3674 2567 τιμῶν

2094 2588 2205 2643 τόν
2254 2586 2489 2655 Πατέρα
2547 2587 2685 2657 τιμᾷ
2720 2589 2827 2643 τὸν
2863 2589 3017 2643 Υίόν.
3053 2588 3212 2659 Αὐτῷ
3238 2588 3347 2660 γὰρ
3376 2589 3554 2657 λέγειν
3581 2590 3672 2641 τὸν

2089 2678 2347 2751 Πατέρα,
2392 2678 2520 2732 Υἱὸν
2574 2680 2895 2751 σημαίνεις,
2951 2680 3045 2732 καὶ
3100 2679 3229 2733 Υίὸν
3266 2680 3465 2749 τιμᾷς·
3502 2679 3595 2731 καὶ
3644 2681 3674 2732 6

2089 2770 2218 2822 Υίὸν
2249 2768 2424 2837 τιμῶν
2472 2770 2606 2838 τιμᾷ
2651 2769 2742 2823 τὸν
2785 2768 3026 2840 Πατέρα.
3065 2767 3225 2839 Αύτῷ
3256 2768 3364 2839 7&9
3390 2768 3672 2837 ὀνομάζειν

2091 2875 2149 2911 σε
2180 2859 2271 2912 τὸν
2308 2856 2465 2920 Υἱὸν,
2521 2860 2690 2927 τιμᾷς
2741 2858 2830 2910 τὸν
2880 2857 3133 2928 Πατέρα,
3168 2857 3268 2909 ούκ
3297 2857 3554 2910 ἐλάττονα
3580 2856 3672 2911 τὸν

2089 2947 2322 3017 Χριστὸν
2352 2945 2577 3016 φάσκων
2607 2947 2702 2999 τοῦ
2738 2947 2982 3018 Πατρός.

402 3059 527 3108 cas,
564 3052 618 3097 et
650 3040 846 3095 Filium
888 3041 1172 3096 bonoras:
1212 3046 1269 3093 at
1315 3040 1411 3111 qui
1457 3036 1656 3094 Filium
1703 3037 1973 3103 honorat,
2006 3038 2243 3094 honorat
2267 3049 2321 3096 et
2349 3041 2563 3095 Patrem
2592 3060 2605 3093 :
2630 3055 2755 3097 cum
2810 3041 2959 3097 enim
2993 3039 3186 3096 Filium
3239 3039 3509 3105 nominas,
3569 3039 3674 3097 hcc

405 3133 521 3203 ipso
570 3131 784 3186 Patrem
829 3132 1088 3197 bonoras,
1120 3131 1254 3186 dum
1284 3130 1565 3186 Christum
1612 3129 1777 3185 Patre
1817 3129 1988 3184 nihilo
2020 3129 2333 3188 inferiorem
2368 3132 2625 3188 allirmas.

358 3276 371 3283 .,
419 3293 421 3296 7
475 3224 567 3279 Χί.
609 3225 823 3279 Etenim
848 3224 894 3279 si
927 3223 1074 3295 apud
1097 3239 1200 3279 nos
1226 3224 1488 3278 mortales
1520 3218 1834 3277 Communis
1863 3223 1985 3291 qui-

2158 3226 2261 3280 IA'.
2316 3227 2379 3278 El
2417 3226 2525 3296 7&9
2580 3226 2640 3280 ἐν
2688 3226 2821 3295 ἡμῖν
2880 3227 2992 3288 τοῖς
3035 3224 3344 3296 ἀνθρώποις
3392 3224 3579 3279 ἔπεστι
3613 3226 3673 3279 τὸ

403 3314 528 3368 dam
556 3316 656 3369 iste
679 3329 877 3369 sensus
906 3322 1012 3378 est,
1043 3321 1101 3367 ut
1132 3315 1271 3368 iilios
1303 3314 1620 3384 parentibus
1652 3312 1821 3368 nihilo
1849 3313 1989 3369 infe-

404 3403 599 3468 riores,
626 3410 722 3457 aut
756 3403 824 3457 ab
853 3418 1042 3458 eorum
1077 3403 1341 3473 dignitate
1369 3402 1593 3458 minime
1620 3402 1985 3459 removendos

402 3502 678 3565 putemus,
720 3492 980 3563 quoniam
1007 3506 1128 3563 quae
1168 3491 1293 3547 iiliis
1322 3492 1616 3563 imponitur
1650 3492 1985 3563 ignominia,

402 3586 458 3639 in
488 3592 739 3653 parentes
771 3584 1078 3639 redundat:
1133 3592 1340 3655 quanto
1375 3585 1547 3655 magis
1582 3584 1725 3641 Deus
1749 3592 1803 3639 et
1828 3583 1990 3639 Pater

403 3673 528 3729 Filii
564 3675 885 3745 dignitatem
913 3675 1063 3729 nullo
1104 3674 1265 3730 modo
1293 3672 1550 3730 inferiore
1578 3675 1698 3731 loco
1725 3691 1849 3732 esse
1887 3691 1988 3745 pa-

402 3766 608 3820 tietur?
641 3765 901 3837 Quisquis
933 3765 1098 3837 igitur
1128 3779 1320 3820 verum
1344 3780 1408 3820 ac
1429 3778 1749 3835 germanum
1780 3765 1873 3820 Dei
1906 3764 1992 3821 Fi-

401 3854 535 3908 lium
575 3853 717 3909 infra
752 3863 1030 3926 paternam
1073 3855 1300 3925 gloriam
1347 3853 1751 3909 amandandum
1794 3863 1987 3925 putat,

403 3945 630 4000 infamia
660 3947 811 4001 illum
843 3962 951 4001 non
982 3946 1190 4001 honore
1218 3945 1381 4001 allicit
1405 3956 1458 4001 et
1486 3947 1542 4000 in
1587 3962 1801 4002 summa
1829 3948 1987 4017 igno-

400 4037 615 4092 ratione
656 4045 928 4092 versatur.
974 4037 1340 4104 Quamobrem
1373 4036 1453 4091 uti
1482 4035 1736 4094 Cbristus
1768 4036 1983 4094 Patrem

401 4143 562 4182 suum
615 4126 866 4183 indicans
910 4135 1189 4183 testatur:
1218 4127 1386 4181 Nemo
1432 4128 1574 4181 novit
1617 4126 1837 4182 Patrem
1882 4128 1987 4183 nisi

401 4215 603 4281 Filius,
639 4226 689 4271 et
723 4234 874 4271 nemo
904 4218 1047 4270 novit
1076 4216 1280 4271 Filium
1311 4217 1416 4270 nisi
1446 4216 1609 4270 Pater
1632 4216 1675 4281 ³,
1723 4231 1826 4287 ego
1857 4232 1987 4271 vero

400 4322 505 4362 nec
561 4307 707 4363 istud
760 4308 1117 4377 pronuntiare
1165 4306 1407 4362 dubitem
1448 4324 1462 4361 :
1502 4307 1673 4362 Nemo
1722 4307 1984 4377 Spiritum

398 4398 553 4454 novit
586 4399 690 4454 nisi
722 4397 916 4466 Pater,
959 4406 1011 4454 et
1054 4396 1262 4463 Filius,
1296 4412 1328 4451 a
1363 4412 1473 4468 quo
1514 4398 1826 4470 procedit‘,
1858 4407 1913 4454 et
1953 4413 1985 4454 a

398 4503 512 4560 quo
538 4488 737 4558 accipit
762 4489 802 4542 ⁸.
839 4487 1090 4555 Quanam
1137 4503 1267 4547 vero
1316 4487 1494 4544 fronte
1531 4488 1769 4543 alienum
1800 4504 1833 4543 a
1876 4487 1985 4543 Deo

2095 3316 2333 3370 τοιοῦτον
2367 3316 2621 3387 φρόνημα
2642 3357 2656 3381 ,
2684 3317 2778 3369 καὶ
2804 3317 2903 3388 οὐχ
2929 3317 3165 3387 ἥσσονας
3208 3316 3333 3379 τοὺς
3373 3317 3521 3378 υἱοὺς
3550 3316 3673 3384 βου-

2096 3408 2305 3479 λόμεθα
2326 3449 2342 3473 ,
2377 3408 2498 3462 οὐδὲ
2524 3409 2941 3480 ἠλαττωμένους
2985 3408 3132 3479 παρὰ
3160 3408 3257 3479 τὴν
3284 3408 3391 3460 τῶν
3421 3408 3672 3477 πατέριον

2091 3500 2293 3571 τιμήν⁶
2345 3500 2379 3569 ἡ
2418 3498 2528 3569 7&9
2553 3501 2631 3563 είς
2659 3500 2786 3561 τοὺς
2832 3500 2979 3562 υἱοὺς
3015 3497 3207 3568 ἀτιμία
3239 3498 3319 3559 είς
3355 3497 3479 3558 τοὺς
3508 3495 3672 3547 πατέ-

2098 3606 2200 3660 ρας
2244 3588 2588 3657 ἀναλογεῖται
2611 3604 2627 3619 ·
2662 3589 2815 3659 πόσῳ
2869 3588 3068 3659 μᾶλλον
3120 3590 3149 3642 6
3183 3587 3316 3650 Θεὸς
3362 3586 3453 3639 καὶ
3483 3582 3671 3653 Πατὴρ

2094 3682 2193 3734 οὐκ
2221 3680 2287 3735 ἂν
2332 3681 2618 3754 βουληθείη
2646 3682 2776 3735 ποτὲ
2806 3680 3172 3750 ἐλαττωθῆναι
3202 3679 3294 3732 τὸν
3322 3676 3485 3731 αὐτοῦ
3509 3677 3667 3741 Υίόν;

2065 3790 2071 3796 '
2106 3775 2166 3828 '0
2196 3774 2375 3827 τοίνυν
2423 3774 2519 3827 τὸν
2566 3773 2783 3844 ἀληθῶς
2814 3773 2944 3827 ὄντα
2984 3771 3079 3824 τοῦ
3133 3769 3347 3841 Πατρὸς
3376 3768 3504 3822 Υίὸν
3535 3768 3671 3820 ἀπο-

2093 3862 2281 3917 δέοντα
2311 3862 2412 3933 τῆς
2438 3862 2534 3917 τοῦ
2573 3863 2789 3933 Πατρὸς
2816 3862 2974 3932 δόξης
3005 3858 3400 3930 ὑπολαμϐάνων
3423 3897 3440 3922 ,
3473 3855 3672 3927 μᾶλλον

2095 3951 2349 4024 ἀτιμάζει
2376 3992 2389 4017 ,
2438 3954 2561 4008 ἀντὶ
2612 3954 2777 4024 τιμῆς
2828 3953 3021 4023 ἀγνοίᾳ
3070 3951 3390 4022 φερόμενος.
3445 3948 3535 4011 Ὦς
3580 3941 3673 4000 οῦν

2093 4041 2468 4096 ἀποκαλύπτει
2500 4042 2592 4096 τὸν
2617 4042 2837 4113 Πατέρα
2865 4041 3090 4111 φάσκων
3116 4056 3131 4071 ο
3178 4038 3391 4105 Οὐδεὶς
3417 4034 3541 4091 οἶδέ
3567 4037 3673 4090 τὸν

2092 4131 2345 4199 Πατέρα,
2380 4135 2432 4185 εί
2466 4131 2554 4201 μὴ
2583 4135 2615 4186 ὁ
2644 4134 2795 4199 Υἱός·
2832 4132 2931 4187 καὶ
2964 4131 3164 4197 οὐδεὶς
3195 4124 3317 4183 οἶδε
3349 4127 3455 4179 τὸν
3513 4124 3669 4187 Υίὸν,

2091 4222 2144 4272 εὶ
2162 4220 2248 4288 μὴ
2285 4224 2318 4274 ό
2346 4220 2548 4288 Πατήρ
2569 4237 2582 4249 ·
2609 4221 2794 4290 τολμῶ
2824 4220 3035 4287 λέγειν,
3079 4218 3213 4271 Οὐδὲ
3240 4217 3302 4268 τὸ
3334 4212 3558 4284 Πνεῦμά
3588 4229 3683 4274 τιςι

2091 4308 2250 4378 οἶδεν,
2303 4313 2357 4365 εί
2390 4313 2466 4384 μὴ
2517 4314 2547 4365 6
2593 4311 2783 4382 Πατὴρ
2805 4350 2820 4375 ,
2852 4311 2945 4363 καὶ
2987 4313 3015 4362 ό
3042 4309 3170 4372 Υἱὸς
3194 4346 3209 4371 ,
3257 4309 3387 4377 παρ’
3414 4301 3474 4359 οὗ
3506 4307 3672 4357 ἐκπο-

2096 4402 2308 4474 ρεύεται
2331 4442 2347 4468 ,
2400 4403 2495 4459 καὶ
2527 4404 2658 4469 παρ’
2698 4395 2761 4456 οῦ
2807 4400 3095 4470 λαμϐάνει.
3132 4398 3257 4460 Πῶς
3298 4398 3358 4450 δὲ
3392 4395 3671 4465 ἀλλότριον

2093 4496 2228 4551 Θεοῦ
2260 4496 2321 4550 τὸ
2362 4494 2589 4565 Πνεῦμα
2633 4495 2811 4565 λέγειν
2845 4493 3120 4564 τολμῶσιν
3140 4532 3157 4559 ,
3184 4492 3234 4543 oi
3264 4489 3429 4561 μανίᾳ
3471 4485 3670 4555 μᾶλλον

402 4578 671 4651 Spiritum
698 4580 902 4635 audent
926 4595 1195 4646 asserere,
1221 4581 1313 4652 qui
1353 4580 1538 4635 furore
1558 4595 1623 4635 ac
1648 4581 1867 4635 vesania
1890 4596 1988 4650 po-

2093 4589 2477 4658 κατεχόμενοι,
2512 4588 2614 4641 ούκ
2660 4586 2890 4658 ἀληθείᾳ.
2913 4624 2929 4649 ,
2964 4584 3060 4638 καὶ
3086 4584 3147 4637 ού
3200 4580 3531 4653 μανθάνουσι
3569 4576 3670 4644 τὴν

399 4671 515 4726 tius
553 4686 717 4741 quam
768 4671 998 4726 veritate
1044 4671 1341 4736 ducuntur,
1386 4687 1562 4742 neque
1589 4670 1693 4727 ﬁde
1735 4672 1885 4742 digni
1918 4686 1983 4726 ac

401 4763 738 4819 sanctissimi
766 4764 996 4834 apostoli
1032 4762 1188 4820 Pauli
1220 4765 1559 4819 verissimam
1588 4764 1736 4818 illam
1770 4771 1983 4818 senten-

401 4854 532 4907 tiam
575 4854 926 4924 intelligunt?
967 4852 1154 4919 Pauli,
1196 4855 1442 4925 inquam,
1493 4853 1582 4908 cui
1610 4854 1981 4924 apostolorum

401 4943 654 5014 princeps
687 4943 902 5007 Petrus,
937 4944 1024 4998 cui
1061 4946 1212 5015 regni
1242 4945 1423 4999 claves
1458 4945 1767 5000 commissae
1788 4953 1917 5000 sunt
1939 4945 1979 5010 ⁸,

399 5034 678 5089 dexteram
721 5035 938 5091 dedisse
981 5036 1252 5106 legitur’,
1293 5037 1385 5106 qui
1428 5036 1569 5090 hanc
1607 5036 1673 5092 de
1707 5037 1848 5091 ccelo
1890 5052 1984 5092 vo—

399 5136 517 5177 cem
554 5125 831 5179 exaudiit:
860 5124 1046 5189 Saule,
1095 5122 1278 5190 Saule,
1311 5126 1439 5196 quid
1472 5142 1550 5180 me
1576 5128 1901 5196 persequeris
1923 5127 1981 5181 '?

400 5214 494 5284 qui
534 5215 724 5271 audire
757 5216 955 5270 meruit
992 5232 1193 5270 arcana
1224 5216 1401 5282 verba,
1438 5233 1555 5287 qua:
1585 5232 1687 5271 non
1731 5217 1851 5272 licet
1885 5216 1981 5271 ho-

472 5343 618 5423 flsa.
651 5358 726 5423 vi,
750 5345 835 5423 5Ἀ
875 5347 901 5423 ξ
931 5343 1088 5400 Joan.
1124 5361 1174 5423 ν,
1214 5344 1304 5399 ‘23.
1382 5345 1610 5401 3Matth.
1644 5361 1720 5412 xI,
1758 5345 1848 5401 27.
1925 5345 2126 5404 ‘Joan.
2163 5366 2252 5417 xv,
2276 5352 2365 5408 26.
2445 5353 2644 5413 'Joan.
2680 5350 2791 5423 xvi,
2837 5358 2921 5423 Μ,
2956 5357 3041 5411 l5.

401 5408 557 5464 'Gal.
596 5427 658 5476 ιι,
687 5411 741 5467 9.
814 5414 835 5443 ⁸
860 5415 979 5470 Act.
1015 5432 1091 5479 Ix,
1123 5408 1177 5468 4.

2090 4676 2349 4748 ἀληθινὴν
2381 4677 2564 4747 φωνὴν
2610 4678 2705 4731 τοῦ
2751 4676 3065 4741 ἀξιοπίστου
3107 4674 3197 4728 καὶ
3248 4673 3401 4740 ἁγίου
3454 4667 3670 4723 Παύλου

2088 4768 2183 4822 τοῦ
2214 4768 2534 4837 ἀποστόλου,
2562 4762 2608 4837 ᾧ
2627 4769 2807 4834 δεξιὰν
2833 4769 3034 4823 ἔδωκεν
3062 4769 3092 4820 6
3116 4764 3545 4839 κορυφαιότατος
3564 4760 3671 4815 τῶν

2089 4859 2401 4916 ἀποστόλων
2448 4860 2681 4933 Πέτρος,
2714 4863 2743 4914 ό
2780 4858 3189 4930 κατηξιωμένος
3226 4857 3369 4928 ἔχειν
3395 4853 3494 4926 τὴν
3525 4852 3673 4906 κλεῖν

2089 4950 2188 5020 τῆς
2214 4949 2489 5020 βασιλείας
2506 4992 2521 5017 ,
2546 4952 2640 5006 τοῦ
2671 4950 3004 5015 ἀκούσαντος
3022 4951 3115 5005 ἀπ’
3138 4950 3385 5021 οὐρανῶν
3404 4966 3420 4981 ·
3446 4944 3668 5003 Σαοὺλ,

2090 5041 2291 5096 Σαοὺλ
2317 5081 2333 5105 ,
2378 5044 2436 5097 τί
2469 5061 2547 5113 με
2573 5043 2801 5109 διώκεις
2817 5060 2837 5109 ;
2867 5042 2960 5097 τοῦ
3003 5041 3411 5113 κατηξιωμένου
3438 5033 3668 5088 ἀκοῦσαι

2088 5131 2315 5199 ᾶρῤητα
2340 5133 2598 5202 ῥήματα,
2635 5133 2674 5189 ά
2697 5137 2807 5189 οὐκ
2847 5133 2995 5199 ἐξὸν
3035 5132 3323 5200 ἀνθρώπῳ
3351 5121 3619 5189 λαλῆσαι
3654 5137 3663 5150 ε

2087 5219 2181 5274 τοῦ
2214 5221 2463 5291 λέγοντος
2487 5241 2501 5254 ο
2538 5225 2751 5291 Οὐδεὶς
2784 5222 2909 5279 οἶδε
2957 5224 3029 5278 τὰ
3075 5222 3183 5275 τοῦ
3215 5214 3528 5285 ἀνθρώπου
3548 5253 3564 5277 ,
3615 5210 3669 5264 ει

3157 5353 3177 5384 ⁸
3201 5349 3389 5405 Matth.
3432 5364 3543 5411 xw,
3578 5346 3667 5401 l9.

472 5521 585 5612 (ίῖξ)
611 5528 988 5612 ,Πνευματικά
1022 5530 1152 5595 ζῶα,
1195 5529 1462 5599 δρῖνίιαιία
1496 5530 1679 5588 dicere
1711 5530 1971 5586 animalia
2006 5547 2307 5597 necessuas
2340 5549 2423 5597 est
2453 5543 2602 5599 nulla
2630 5560 2643 5608 ;
2678 5541 2898 5596 virentia
2943 5537 3233 5612 spiritalia
3272 5536 3454 5592 diccrc
3516 5540 3661 5589 recte

412 5602 717 5657 possumus.
