3992 6198
340 160 417 227 ‘57

1787 162 2226 222 ANCORATUS.
3569 174 3640 231 58

341 290 424 358 μὴ
482 282 559 338 τὸ
613 279 857 350 πνεῦμα
904 275 1014 331 τοῦ
1045 275 1365 346 ἀνθρώπου
1414 276 1479 331 τὸ
1508 274 1831 331 κατοικοῦν
1886 277 1955 331 ἐν

2060 279 2190 333 mini
2219 278 2365 350 loqui
2394 282 2410 313 ¹
2438 299 2449 333 :
2485 281 2578 351 qui
2624 281 2697 335 ita
2726 280 2962 353 denique
2998 283 3221 355 scripsit
3247 302 3264 349 ;
3302 284 3470 343 Nemo
3500 293 3640 345 novit

348 377 520 443 αὐτῷ
552 389 566 405 ·
617 371 731 427 ἀπὸ
770 369 861 425 τοῦ
900 368 1346 440 παραδείγματος
1375 367 1445 422 τά
1482 368 1595 422 ἀνω
1630 367 1954 439 βουλόμενος

357 470 637 541 φράζειν,
672 466 756 520 ἵνα
785 464 863 536 μὴ
899 463 963 516 τὸ
1002 460 1100 517 τοῦ
1148 460 1439 532 ἀνθρώπου
1485 460 1837 531 παράδειγμα
1876 463 1955 524 είς

361 567 460 618 τὸν
493 560 625 617 Θεὸν
670 557 978 631 ἀπεικάσῃ,
1033 555 1171 610 ἀλλά
1218 555 1299 626 τῷ
1331 555 1747 627 παραδείγματι
1789 555 1955 626 μέρος

367 655 481 707 τῶν
505 653 613 707 ἀνω
637 646 989 718 ἀποκαλύψῃ.
1029 645 1165 717 Ὀλη
1206 645 1316 717 γὰρ
1347 646 1381 716 ἠ
1422 637 1601 707 κτίσις
1628 644 1957 714 συναχθεῖσα

373 744 609 814 ἀγγέλων
645 742 743 794 καὶ
785 737 1185 812 ἀρχαγγὲλων,
1253 737 1521 809 χερουϐιμ
1558 737 1651 790 καὶ
1687 738 1950 808 σεραφὶμ,

371 837 463 889 σὺν
489 833 723 903 στρατιᾷ
754 828 1067 903 ἐπουρανίῳ
1089 867 1103 891 ,
1136 826 1370 898 οὐρανοῦ
1406 844 1465 879 τε
1514 828 1608 881 καὶ
1643 826 1746 896 γῆς
1768 869 1783 893 ,
1836 828 1956 881 ἐπι-

369 924 531 991 γείων
587 922 685 975 καὶ
736 920 1011 992 οὐρανίων
1060 918 1158 973 καὶ
1212 917 1582 988 καταχθονίων
1602 958 1616 983 ,
1654 919 1957 989 φωστήρων

358 1031 419 1067 τε
450 1013 545 1066 καὶ
576 1012 861 1082 ἀστέρων,
894 1008 1078 1081 ξηρῶν
1115 1024 1177 1062 τε
1222 1009 1319 1063 καὶ
1358 1008 1575 1080 ὑγρῶν,
1608 1010 1703 1063 καὶ
1740 1010 1957 1065 πάντων

362 1103 701 1172 ἁπαξαπλῶς
732 1090 842 1155 τῶν
870 1103 930 1154 ὲν
954 1099 1173 1171 οὑρανῷ
1197 1100 1294 1152 καὶ
1326 1100 1420 1152 ἐπὶ
1470 1099 1603 1169 γῆς,
1642 1100 1703 1152 οὑ
1735 1098 1957 1153 δύναται

361 1194 732 1262 ἐνδείξασθαι,
754 1192 882 1246 οὔτε
910 1192 1269 1262 ὑποδείγματι
1298 1191 1705 1263 ἀῳμοιωθῆναι
1733 1191 1810 1261 τῷ
1840 1192 1967 1253 ἑαυ-

361 1288 470 1343 τῶν
496 1285 765 1356 Δεσπότῃ.
796 1283 956 1337 Κατά
982 1282 1144 1354 χάριν
1171 1282 1280 1355 γὰρ
1325 1282 1403 1353 τῷ
1434 1281 1705 1353 ἀνθρώπῳ
1745 1281 1845 1352 τὴν
1879 1283 1959 1334 εί-

366 1375 500 1429 κόνα
528 1373 823 1444 χαρίζεται
843 1414 859 1438 ,
888 1374 1065 1443 λέγων
1089 1389 1105 1405 ο
1146 1373 1465 1440 Ἐποίησεν
1491 1377 1525 1426 ὀ
1556 1373 1699 1439 Θεὸς
1724 1373 1832 1427 τὸν
1855 1372 1959 1426 ἇν-

368 1470 637 1535 θρωπον’
688 1466 815 1519 κατ’
843 1466 1054 1519 είκόνα
1085 1462 1235 1517 Θεοῦ
1274 1464 1570 1531 ἐποίησεν
1610 1466 1816 1518 αὐτόν.
1853 1466 1962 1516 Xa-

369 1557 593 1628 ρίσματι
620 1556 730 1628 γὰρ
768 1556 882 1626 ἔχει
918 1555 1020 1625 τὴν
1066 1555 1250 1608 εἰκόνα
1279 1557 1387 1619 πᾶς
1428 1555 1734 1625 ἄνθρωπος.
1771 1556 1957 1619 Οὐδεὶς

2055 386 2173 439 qua:
2200 380 2322 424 sunt
2369 373 2617 439 hominis,
2669 374 2774 428 nisi
2815 376 3034 444 spiritus
3068 377 3294 432 hominis
3326 381 3415 448 qui
3452 382 3507 434 in
3530 383 3640 450 ipso

2058 461 2261 515 habitat
2287 450 2329 516 ³.
2358 461 2478 528 Quo
2504 466 2753 535 exemplo
2782 467 3108 524 adumbrare
3138 472 3419 539 superiora
3448 472 3539 525 illa
3570 488 3637 528 ac

2058 551 2305 607 cmlestia
2338 553 2538 617 voluit,
2582 570 2651 609 ne
2680 556 2977 611 humanum
3010 561 3318 626 exemplum
3349 561 3417 616 ad
3466 560 3635 617 Deum

2063 644 2425 711 transferret;
2469 646 2562 702 sed
2604 652 2853 720 exemplo
2886 651 2980 705 illo
3011 653 3257 707 cmlestia
3293 669 3357 708 ac
3385 669 3642 725 suprema

2058 749 2123 790 ex
2156 742 2312 805 parte
2339 736 2522 806 aliqua
2552 736 2873 793 declararet.
2919 738 3059 794 Nam
3094 752 3291 796 creata:
3332 758 3419 798 res
3448 758 3640 800 omnes

2057 825 2106 881 si
2148 827 2203 879 in
2244 842 2412 880 unum
2460 827 2639 881 locum
2680 829 3069 898 conferantur;
3117 833 3339 903 angeli,
3375 838 3597 905 inquam
3624 877 3639 902 ,

2057 928 2113 972 et
2153 918 2486 989 archangeli,
2530 919 2813 976 cherubim
2858 928 2912 975 et
2940 923 3232 992 serapliim,
3281 940 3404 979 cum
3432 928 3641 984 cmlesti

2062 1009 2212 1064 omni
2258 1011 2521 1074 exercitu,
2554 1011 2734 1081 iisque
2764 1028 2886 1082 quae
2916 1021 3058 1067 terra
3090 1028 3151 1069 ac
3180 1016 3319 1069 cmlo
3345 1018 3640 1073 Continen-

2058 1108 2171 1165 tur,
2223 1100 2457 1154 terrenis
2505 1099 2756 1156 videlicet
2798 1116 2862 1155 ac
2907 1102 3245 1167 coelestibus,
3277 1112 3331 1160 et
3376 1123 3498 1177 quae
3538 1109 3641 1164 sub

2061 1196 2208 1244 terra
2260 1198 2409 1256 sunt,
2460 1206 2674 1246 necnon
2713 1200 2767 1247 et
2802 1192 3077 1249 sideribus
3122 1209 3187 1248 ac
3236 1197 3429 1261 stellis,
3478 1200 3641 1254 siccis

2057 1281 2187 1335 item
2222 1288 2275 1336 et
2320 1281 2579 1347 humidis,
2632 1292 2794 1352 atque
2843 1284 3098 1339 omnibus
3145 1284 3379 1355 denique
3425 1304 3546 1358 quae
3585 1290 3640 1343 in

2058 1371 2198 1425 cmlo
2246 1378 2501 1441 terraque
2549 1382 2699 1437 sunt,
2751 1371 3040 1428 Dominum
3088 1391 3247 1430 suum
3297 1380 3639 1446 exprimere,

2060 1468 2155 1515 aut
2188 1462 2483 1531 exemplari
2512 1478 2612 1517 suo
2634 1463 2927 1519 assimilari
2959 1474 3257 1536 nequeunt.
3291 1467 3392 1538 17
3432 1468 3643 1525 Etenim

2060 1552 2268 1607 homini
2318 1563 2376 1607 ut
2420 1555 2600 1624 imago
2642 1556 2734 1620 sit,
2779 1570 2846 1609 ex
2880 1556 3114 1625 quadam
3168 1560 3339 1628 gratia
3374 1560 3634 1631 largitur,

361 1649 418 1703 δὲ
458 1648 540 1718 τῷ
586 1646 781 1700 ἑαυτοῦ
813 1646 1060 1717 Δεσπότῃ
1089 1646 1554 1718 ἀπεικασθήσεται
1584 1662 1597 1675 °
1628 1648 1690 1700 τὸ
1724 1648 1822 1719 μὲν
1847 1648 1955 1719 γὰρ

2060 1643 2137 1697 uti
2173 1644 2440 1713 scriptum
2488 1653 2613 1699 est:
2646 1643 2795 1699 Fecit
2838 1645 2980 1701 Deus
3012 1648 3307 1713 hominem;
3346 1650 3417 1703 ad
3456 1652 3645 1723 imagi-

365 1741 590 1808 ἀόρατον
614 1778 634 1803 ,
665 1739 728 1792 τὸ
754 1738 813 1793 δὲ
857 1738 1054 1811 ὁρατόν
1073 1753 1089 1769 ·
1120 1738 1183 1791 τὸ
1222 1739 1323 1809 μὲν
1351 1737 1649 1805 ἀθάνατον,
1678 1739 1741 1792 τὸ
1776 1740 1833 1793 δὲ
1862 1739 1956 1793 θα-

367 1834 528 1888 νάτου
554 1831 836 1885 δεκτικόν⁸
869 1832 964 1885 καὶ
986 1831 1050 1885 τὸ
1083 1831 1181 1901 μὲν
1210 1830 1393 1901 πάσης
1425 1831 1618 1900 σοφίας
1652 1832 1825 1903 πηγὴ,
1858 1833 1954 1886 καὶ

371 1924 549 1977 πάντα
570 1922 693 1991 ἕχον
722 1923 781 1975 ὲν
812 1920 991 1991 ἑαυτῷ
1021 1919 1419 1991 τετελειωμένα
1445 1960 1461 1986 ,
1500 1921 1529 1972 ὁ
1558 1920 1616 1973 δὲ
1666 1920 1951 1991 ᾄνθρωπος

372 2013 622 2082 χάρισμα
650 2009 787 2080 ἔχων
810 2010 915 2063 ἀπὸ
946 2010 1147 2081 μέρους
1170 2051 1185 2075 ,
1215 2008 1535 2078 λειπόμενός
1562 2009 1680 2061 ἐστι
1711 2006 1820 2061 τῶν
1860 2025 1952 2059 τε-

377 2101 668 2154 λειοτάτων
692 2137 707 2162 ,
735 2100 785 2152 εί
816 2100 893 2170 μὴ
917 2099 1053 2153 θέλει
1088 2100 1119 2152 ὁ
1143 2098 1279 2163 Θεὸς
1306 2100 1613 2170 παρασχεῖν
1638 2098 1760 2151 κατ’
1793 2095 1953 2162 ἀξίαν

371 2196 486 2257 τοῖς
522 2190 903 2263 κομιζομένοις
946 2190 1045 2262 τὴν
1083 2189 1173 2244 διὰ
1214 2189 1556 2262 χαρίσματος
1608 2187 1947 2258 τελειότητα.

2070 1750 2185 1787 nem
2217 1734 2313 1789 Dei
2339 1734 2463 1803 fecit
2497 1737 2650 1789 illum
2674 1738 2715 1791 ³.
2750 1736 2884 1792 Nam
2918 1738 3009 1793 Dei
3037 1741 3297 1796 beneﬁcio
3327 1742 3491 1797 homo
3526 1745 3647 1815 qui-

2066 1824 2197 1879 libet
2224 1825 2517 1895 imaginem
2558 1827 2720 1882 habet
2752 1828 2863 1883 Dei.
2901 1828 3072 1884 Nemo
3102 1847 3229 1885 vero
3257 1846 3381 1887 cum
3414 1833 3646 1890 Domino

2059 1928 2161 1969 suo
2208 1914 2483 1985 adaequari
2515 1924 2730 1986 potest:
2761 1932 2886 1971 nam
2928 1919 3075 1974 aliud
3122 1922 3296 1977 oculis
3324 1923 3494 1978 videri
3537 1941 3647 1979 non

2056 2012 2264 2073 potest;
2298 2005 2446 2059 aliud
2480 2008 2812 2075 aspectabile
2839 2016 2921 2063 est
2952 2026 2964 2061 :
2991 2026 3157 2064 unum
3196 2012 3502 2067 immortale
3536 2026 3644 2079 est;

2060 2093 2227 2148 morti
2284 2094 2433 2148 aliud
2477 2096 2846 2151 obnoxium:
2894 2097 3126 2151 alterum
3181 2101 3462 2169 sapientia:
3522 2103 3643 2159 fetis

2061 2192 2167 2249 est,
2194 2182 2487 2254 omniaque
2516 2184 2572 2239 in
2605 2185 2788 2255 seipso
2817 2186 3057 2255 perfecta
3091 2191 3505 2258 complectitur;
3547 2194 3650 2248 ho-

369 2303 457 2343 mo
482 2286 804 2343 beneficium
831 2300 897 2341 ex
928 2294 1087 2357 parte
1118 2292 1452 2341 consecutus
1479 2284 1644 2354 longe
1687 2278 2108 2355 perfectissimis
2145 2277 2374 2333 inferior
2407 2287 2511 2345 est,
2552 2280 2659 2336 nisi
2689 2279 2830 2336 forte
2884 2296 2984 2351 pro
3048 2285 3317 2355 cujusque
3382 2286 3645 2359 dignitate

364 2394 460 2449 per
485 2380 732 2435 caelestia
764 2379 909 2433 dona
953 2376 1345 2450 perfectionem
1381 2376 1528 2434 Deus
1573 2377 1706 2433 velit
1733 2377 2029 2447 unicuique
2058 2372 2321 2427 tribuere.

434 2472 538 2525 IB'.
574 2471 763 2541 Ὅμως
790 2469 1151 2541 ὑποδείγματι
1178 2469 1517 2541 κεχρημένος
1548 2471 1578 2523 ό
1604 2469 1767 2534 αὐτὸς
1795 2470 1951 2539 ἅγιος

2126 2462 2245 2518 XII.
2291 2461 2490 2519 Verum
2515 2464 2764 2537 exemplo
2793 2474 2951 2522 utens
2984 2466 3125 2523 idem
3154 2468 3450 2539 Apostolus
3486 2490 3498 2525 :
3540 2470 3644 2527 Ne-

379 2562 697 2626 ’Ᾱπόστολος
714 2578 731 2594 ο
767 2560 1003 2647 Οὐδείς,
1038 2562 1191 2633 φησι,
1217 2560 1382 2616 οἶδεν
1405 2561 1715 2630 ἄνθρωπος
1742 2562 1816 2617 τὰ
1842 2562 1950 2616 τοῦ

2060 2570 2162 2618 mo,
2191 2553 2370 2623 inquit
2400 2558 2443 2620 ⁸,
2475 2556 2618 2609 novit
2660 2572 2776 2625 qua:
2827 2566 2950 2611 sunt
2991 2558 3241 2623 hominis,
3290 2562 3394 2613 nisi
3430 2562 3645 2629 spiritus

366 2653 709 2721 ἀνθρώπου,
757 2654 812 2708 εί
840 2644 927 2724 pi;
974 2653 1039 2708 τὸ
1085 2650 1324 2722 πνεῦμα
1374 2652 1484 2706 τοῦ
1523 2651 1839 2721 ἀνθρώπου
1883 2650 1952 2705 τὸ

2060 2644 2280 2700 hominis
2324 2646 2416 2716 qui
2450 2646 2502 2699 in
2554 2647 2664 2715 ipso
2707 2647 2914 2702 habitat
2946 2663 2964 2701 :
3002 2650 3077 2703 ita
3107 2666 3198 2704 nec
3233 2667 3349 2720 qua:
3394 2651 3494 2707 Dei
3524 2664 3645 2707 sunt

364 2744 688 2800 κατοικοῦν
704 2744 777 2800 ἐν
794 2744 957 2810 αὐτῷ
974 2760 989 2776 °
1014 2744 1166 2799 οὕτω
1198 2743 1299 2799 καί
1329 2742 1399 2797 τὰ
1422 2743 1531 2797 τοῦ
1565 2743 1715 2798 Θεοῦ
1753 2742 1953 2809 οὐδεὶς

2060 2737 2339 2808 quisquam
2367 2738 2552 2801 norit;
2584 2753 2691 2791 non
2718 2737 2995 2801 dixit,nisi
3028 2738 3261 2808 Spiritus
3300 2741 3394 2796 Dei
3422 2745 3512 2813 qui
3542 2744 3645 2797 Ita-

364 2835 553 2906 ιγνωο
582 2837 679 2889 καὶ
709 2836 811 2892 οὑκ
848 2831 1022 2902 εἷπεν,
1066 2836 1119 2890 εί
1154 2835 1240 2905 μὴ
1281 2835 1348 2889 τὸ
1386 2835 1631 2906 Πνεῦμα
1661 2835 1770 2890 τοῦ
1802 2834 1950 2890 Θεοῦ

2064 2828 2197 2882 bitat
2216 2829 2272 2882 in
2302 2829 2460 2898 ipso;
2499 2830 2615 2893 sed,
2641 2828 2873 2898 Spiritus
2907 2828 3025 2894 Dei,
3061 2830 3362 2897 duntaxat;
3397 2849 3466 2888 ne
3519 2836 3645 2905 quis

362 2924 433 2977 td
459 2923 784 2978 κατοικοῦν-
801 2923 872 2979 ἐν
893 2923 1053 2989 αὐτῷ
1069 2939 1081 2954 ·
1104 2923 1260 2987 ἀλλὰ,
1284 2925 1352 2977 τὸ
1380 2922 1624 2994 Πνεῦμα
1648 2922 1756 2977 τοῦ
1778 2922 1952 2988 Θεοῦ,

2060 2920 2420 2990 compositum
2467 2927 2521 2976 et
2561 2921 2729 2976 variis
2778 2936 2844 2975 ex
2892 2921 3140 2991 partibus
3190 2922 3480 2978 conﬂatum
3522 2942 3645 2982 esse

368 3013 561 3084 μόνον·
593 3014 682 3067 ἵνα
717 3015 792 3084 μή
840 3030 929 3078 τις
974 3013 1230 3067 σύνθετον
1261 3014 1356 3068 καὶ
1399 3015 1756 3085 συγκείμενον
1786 3015 1952 3085 νοήσῃ

2060 3010 2229 3065 Deum
2252 3018 2487 3081 putaret.
2524 3008 2652 3077 Sed,
2688 3012 2812 3077 nisi,
2845 3011 3046 3080 inquit,
3080 3010 3312 3081 Spiritus
3338 3013 3458 3068 Dei.
3500 3015 3644 3070 Nam

366 3103 431 3156 τδ
455 3104 637 3158 Θεῖον.
673 3107 741 3158 El
779 3104 886 3174 μὴ,
934 3106 1090 3176 φησὶ,
1138 3104 1207 3158 τό
1255 3106 1499 3175 Πνεῦμα
1534 3105 1641 3160 τοῦ
1681 3104 1858 3159 Θεοῦο
1888 3104 1955 3157 τὸ

2060 3098 2159 3155 Dei
2222 3098 2451 3169 Spiritus
2511 3101 2689 3155 omnia
2737 3112 3123 3169 perserutatur,
3163 3103 3325 3155 etiam
3372 3106 3643 3174 profunda

368 3192 485 3265 γὰρ
508 3193 748 3265 Πνεῦμα
774 3196 876 3251 τοῦ
906 3195 1055 3251 Θεοῦ
1076 3195 1274 3251 πάντα
1302 3195 1540 3266 ἐρευνᾷ,
1564 3197 1665 3250 καί
1692 3199 1764 3251 τὰ
1785 3196 1952 3265 ,βάθη

2060 3188 2154 3244 Dei
2175 3191 2217 3244 ⁸.
2260 3188 2378 3246 Non
2411 3190 2575 3262 igitur
2607 3192 2816 3246 alienus
2864 3199 2947 3247 est
2997 3206 3027 3245 a
3079 3191 3188 3247 Deo
3240 3192 3516 3263 Spiritus,
3549 3198 3643 3266 qui

368 3283 481 3337 τοῦ
530 3284 696 3338 Θεοῦ.
746 3285 860 3338 Οὐκ
917 3284 1197 3356 ἀλλότριον
1248 3284 1430 3339 τοίνυν
1469 3285 1530 3338 τὺ
1590 3284 1816 3355 Πνεῦμα
1859 3283 1951 3338 τοῦ

2060 3279 2319 3349 profunda
2366 3288 2658 3334 scrutatur.
2704 3279 2915 3335 Etenim
2944 3295 3068 3335 cum
3106 3296 3210 3337 nos
3246 3282 3527 3353 Scriptura
3561 3300 3646 3340 re-

369 3372 503 3428 Θεοῦ
532 3375 595 3428 τὸ
628 3375 894 3444 ἐρευνῶν
920 3376 1106 3445 βάθη.
1148 3377 1213 3430 Ei
1245 3376 1355 3448 γὰρ
1393 3379 1540 3447 ἡμᾶς
1594 3376 1866 3449 μέμφεται
1894 3376 1954 3429 τὸ

2060 3371 2359 3441 prehendat
2388 3371 2475 3425 his
2508 3371 2727 3426 verbis:
2757 3370 2889 3437 Qute
2926 3381 3185 3439 praecepta
3218 3373 3314 3426 tibi
3352 3385 3495 3442 sunt,
3531 3376 3641 3433 lucc

366 3464 506 3519 θεῖον
553 3466 790 3537 γράμμα
834 3466 992 3536 λέγον
1015 3483 1031 3498 ⁸
1089 3470 1151 3521 Ἃ
1195 3467 1538 3538 προσετάγη
1590 3481 1711 3533 σοι,
1761 3467 1951 3522 ταῦτα

2060 3462 2269 3532 cogita;
2305 3478 2467 3532 neque
2491 3461 2704 3516 arcanis
2729 3470 2780 3516 et
2809 3462 3028 3517 occultis
3074 3462 3166 3516 tibi
3191 3479 3318 3533 opus
3345 3476 3421 3519 est
3440 3483 3459 3520 :
3487 3476 3535 3519 et
3564 3475 3646 3520 at.

364 3555 634 3621 διανοοῦ,
671 3558 769 3611 καί
823 3559 897 3612 οὐ
942 3558 1114 3628 χρεία
1158 3558 1295 3612 ἐστι
1332 3574 1431 3613 σοι
1484 3558 1604 3613 τῶν
1647 3558 1948 3627 κρυπτῶν,

2060 3555 2197 3609 tiara
2223 3562 2272 3609 te
2303 3570 2365 3608 ne
2388 3554 2681 3624 quazsieris,
2704 3570 2766 3607 ac
2794 3554 3140 3623 prolundiora
3172 3567 3221 3609 te
3246 3573 3309 3610 ne
3324 3557 3559 3627 inquiras
3583 3560 3602 3590 ‘
3627 3577 3640 3611 :

366 3648 463 3699 καί
505 3647 861 3715 ὑψηλότερά
899 3662 1015 3702 σου
1046 3648 1133 3717 μὴ
1164 3646 1339 3714 ζήτει,
1378 3647 1479 3701 καί
1503 3649 1807 3719 ,βαθύτερα
1834 3664 1952 3704 σου

2062 3653 2375 3700 utrumnam
2445 3644 2711 3714 Spiritum
2779 3656 3029 3700 sanctum
3107 3647 3352 3703 dicemus
3411 3650 3641 3705 curiosi-

361 3733 445 3803 μὴ
481 3732 737 3799 ἐξέταζε.
760 3731 908 3807 *Αρα
931 3736 1175 3808 είπωμεν
1204 3737 1299 3789 καὶ
1330 3736 1457 3808 περὶ
1480 3737 1572 3790 τοῦ
1599 3738 1753 3807 ἀγίου
1785 3738 1953 3792 Πνεὺ⁴

366 3842 553 3896 ματος,
588 3826 671 3879 ὅτι
704 3826 906 3896 μᾶλλον
947 3826 1259 3898 περιεργίᾳ,
1302 3827 1399 3881 καὶ
1445 3827 1566 3897 οὑχ)⁵
1600 3828 1798 3899 μᾶλλον
1823 3844 1953 3898 γνη-

367 3917 573 3985 σιότητι
609 3917 807 3987 ἐρευνᾷ
848 3916 916 3970 τά
962 3916 1100 3987 βάθη
1149 3919 1244 3971 τοῦ
1275 3917 1447 3984 Θεοῦ;
1481 3917 1582 3971 ποῦ
1617 3918 1726 3991 γὰρ
1757 3920 1953 3990 ἐρευνᾷ

364 4008 437 4062 ca
486 4007 621 4079 βάθη
674 4007 770 4061 τοῦ
819 4007 990 4076 Θεοῦ;
1047 4008 1135 4063 διὰ
1191 4008 1355 4064 ποίαν
1418 4009 1633 4075 αἱτίαν;
1684 4008 1808 4078 λέγε
1832 4048 1848 4073 ,
1907 4007 1955 4063 ὧ

363 4098 579 4170 ἀνόητε.
630 4098 719 4161 Ὠς
743 4098 1272 4170 περιεργαζόμενονς
1301 4098 1377 4163 ὡς
1400 4098 1950 4171 ἀλλοτριεπίσκοπον;

2053 3742 2163 3790 tate
2187 3735 2391 3805 potius,
2422 3750 2586 3806 quam
2618 3735 2763 3806 quod
2807 3736 2911 3791 hoc
2956 3736 3033 3791 illi
3082 3743 3279 3791 natura
3317 3740 3638 3804 conveniat,

2052 3826 2145 3882 Dei
2173 3827 2439 3897 profunda
2480 3828 2763 3883 scrutari?
2800 3828 3013 3883 Etenim
3052 3828 3273 3882 ubinam
3301 3830 3518 3886 tandem
3546 3831 3639 3889 Dei

2052 3915 2322 3987 profunda
2351 3916 2442 3969 ille
2473 3917 2796 3970 scrutatur?
2823 3929 2918 3972 aut
2948 3934 3112 3990 quam
3142 3921 3213 3977 ob
3238 3926 3499 3980 causam?
3523 3925 3636 3993 die,

2052 4006 2235 4061 homo-
2257 4005 2631 4060 stolidissime.
2674 4007 2755 4059 An
2785 4016 2844 4062 ut
2871 4010 3126 4066 curiosus
3159 4012 3420 4079 inquirit?
3447 4030 3517 4069 an
3559 4018 3639 4070 sic

2053 4101 2308 4164 tanquam
2332 4093 2634 4149 alienorum
2658 4097 3004 4167 explorator?
3024 4114 3093 4153 an
3119 4109 3295 4157 utsua
3319 4101 3640 4160 fastidiens?

361 4190 439 4254 ὠς
470 4189 548 4260 μὴ
581 4188 726 4242 ίδίων
757 4189 1094 4262 ὲπιθυμοῦν;
1145 4188 1238 4260 Μὴ
1286 4189 1531 4257 γένοιτοί
1574 4190 1716 4244 Ἀλλ’
1764 4192 1950 4264 ἐπειδὴ

2060 4182 2247 4238 Absit!
2295 4182 2492 4240 Verum
2532 4186 2792 4255 quoniam
2844 4189 3023 4243 sancti
3076 4189 3339 4262 Spiritum
3391 4205 3639 4252 sanctum

362 4280 747 4344 καταξιοῦνται
786 4282 834 4333 oi
872 4282 1019 4350 ἀγιοί
1057 4279 1119 4333 τὸ
1160 4277 1386 4349 Πνεῦμα
1431 4280 1493 4333 τὸ
1544 4280 1697 4349 ἅγιον
1729 4284 1788 4335 ὲν
1825 4284 1951 4337 ἑαυ-

2060 4273 2108 4329 in
2148 4275 2345 4346 seipsis
2386 4278 2641 4349 excipere
2671 4290 2969 4344 merentur,
3004 4290 3121 4338 tum
3159 4298 3283 4339 cum
3327 4286 3383 4342 in
3432 4290 3639 4345 sanctis

359 4375 480 4433 τοῖς
522 4369 846 4435 κατοικίζειν
870 4410 886 4435 ,
940 4373 1079 4426 ὲπάν
1123 4374 1182 4427 ὲν
1233 4374 1348 4433 τοῖς
1392 4371 1567 4439 ἁγίοις
1612 4370 1834 4444 γένηται
1890 4374 1950 4427 τὸ

2060 4365 2305 4421 habitare
2330 4368 2579 4436 coeperit,
2614 4368 2717 4422 hoc
2741 4367 2878 4439 ipsis
2911 4370 3126 4440 tribuit,
3160 4382 3220 4429 ut
3248 4376 3520 4444 profunda
3544 4378 3637 4434 Dei

363 4460 587 4532 Πνεῦμα
609 4461 671 4514 τὸ
700 4461 876 4530 ἅγιον,
907 4462 1188 4535 χαρίζεται
1220 4462 1403 4525 αὑτοῖς
1443 4464 1669 4535 ὲρευνᾷν
1701 4462 1768 4517 τὰ
1811 4462 1947 4535 βάθη

2060 4458 2387 4527 perscrutari
2410 4458 2648 4527 possint,
2680 4468 2740 4513 ut
2760 4475 2824 4515 ex
2850 4464 3102 4532 penitiori
3134 4466 3387 4525 videlicet
3414 4479 3635 4540 pectore

359 4551 456 4605 τοῦ
507 4540 665 4615 Θεοῦ,
716 4553 798 4615 είς
851 4552 912 4606 τὸ
973 4552 1182 4623 βαθέως
1239 4552 1482 4617 δοξάζειν
1514 4555 1611 4621 (ὡς
1645 4555 1737 4607 καὶ
1788 4554 1950 4607 Δαὸὶδ

2060 4546 2856 4616 eelebrent,(quemadmodum
2905 4551 3072 4607 David
3105 4556 3221 4625 ipse
3257 4564 3493 4612 testatur
3521 4580 3533 4614 :
3562 4558 3640 4615 De

358 4639 516 4693 τοῦτο
547 4640 817 4710 ὁμολογεῖ·
855 4642 959 4696 Ἕκ
1000 4640 1241 4705 ,ϐαθέων
1271 4640 1402 4713 γὰρ,
1446 4642 1600 4712 φησὶ,
1656 4638 1950 4708 ἐκέκραξα

2060 4636 2329 4707 profundis
2350 4637 2577 4691 clamavi
2604 4639 2674 4691 ad
2711 4650 2779 4704 te,
2810 4640 3117 4715 Domine',)
3142 4656 3303 4716 atque
3338 4656 3395 4702 ut
3434 4650 3484 4703 id
3516 4649 3639 4703 inli-

361 4744 483 4792 σοι,
527 4730 724 4800 Κύριε)
771 4731 868 4784 καὶ
917 4730 1389 4803 ἀπειρομεγέθως,
1433 4732 1528 4784 καὶ
1591 4729 1665 4801 μὴ
1707 4728 1954 4801 σμικρῶς

2060 4730 2174 4784 nita
2214 4730 2448 4800 quadam
2485 4729 2845 4800 amplitudine
2891 4733 3116 4800 faciant,
3152 4752 3261 4790 non
3313 4739 3529 4794 exiliter
3575 4754 3641 4794 ac

362 4818 460 4870 καὶ
505 4818 728 4881 ἀτελῶς,
764 4818 1022 4891 καθάπερ
1048 4821 1099 4873 oi.
1142 4821 1244 4890 τῆς
1270 4819 1481 4889 Ἀρείου
1526 4819 1807 4890 αἱρέσεως,
1859 4816 1954 4870 καὶ

2060 4820 2260 4891 lejune,
2293 4821 2751 4891 quemadmodum
2791 4824 2884 4895 qui
2928 4824 3142 4881 Arianm
3183 4826 3409 4885 factioni
3441 4845 3505 4884 ac
3534 4846 3640 4886 cae-

358 4906 563 4974 ιξωθεν
597 4911 789 4975 πᾶσαι,
822 4910 919 4965 καὶ
947 4909 1099 4975 ἐξότε
1146 4911 1313 4980 νόμος
1343 4909 1432 4963 διὰ
1459 4910 1735 4973 Μωῦσέως
1772 4908 1949 4981 ἐδόθη,

2060 4913 2191 4968 teris
2215 4913 2519 4969 bteresibus
2550 4914 2931 4972 adhaerescunt
2960 4936 2972 4971 :
3018 4918 3329 4990 cuiusmodi
3358 4929 3487 4977 sunt
3527 4930 3637 4977 tam

358 5001 417 5054 αί
451 5000 568 5069 μετ’
605 5000 770 5054 αὑτὸν
807 5000 1111 5071 ηισθείσαι
1157 5000 1400 5073 αἱρέσεις
1437 4999 1543 5072 πρὸ
1589 5000 1689 5070 τῆς
1716 4998 1951 5073 Χριστοῦ

2060 5004 2310 5060 undecim
2346 5006 2449 5061 illa:
2491 5014 2674 5068 sectae.
2707 5024 2828 5079 qua:
2874 5018 2997 5080 post
3044 5010 3214 5083 legem
3262 5028 3358 5083 per
3393 5012 3633 5085 Moysem

360 5090 627 5160 ινσάρκου
656 5092 963 5162 παρουσίας
1009 5092 1224 5158 ἕνδεκα,
1271 5093 1364 5149 καὶ
1396 5089 1535 5163 μετά
1559 5091 1658 5162 τὴν
1691 5089 1951 5163 ἔνσαρκον

2060 5096 2314 5152 traditam
2344 5107 2472 5155 ante
2507 5099 2713 5156 Christi
2744 5100 2960 5156 Domini
2996 5100 3428 5158 lncarnationem
3465 5101 3639 5158 variis

360 5180 665 5251 παρουσίαν
686 5181 842 5236 ἄλλαι
872 5181 1158 5254 ἐξήκοντα,
1186 5185 1355 5256 χωρὶς
1380 5183 1490 5238 τῶν
1515 5182 1620 5254 πρὸ
1640 5180 1732 5235 τοῦ
1762 5182 1947 5251 νόμου,

2060 5196 2279 5245 suntex
2312 5189 2560 5248 divertiis
2588 5200 2815 5261 exortae,
2862 5208 3024 5264 quam
3055 5196 3337 5265 sexaginta
3367 5197 3488 5251 alia:
3512 5204 3637 5267 post

360 5271 457 5324 καὶ
489 5272 681 5327 πασῶν
713 5272 917 5327 τούτων
949 5274 1134 5339 πέντε,
1180 5277 1274 5331 καὶ
1322 5278 1432 5334 τῶν
1461 5276 1637 5333 ἄλλων
1669 5274 1950 5344 τεσσάρων

2060 5276 2493 5338 lncarnationem
2529 5282 2719 5350 editae;
2752 5290 2949 5356 praeter
2977 5284 3098 5339 illas
3125 5300 3245 5355 quae
3275 5287 3444 5359 legem
3479 5295 3633 5342 ante.

435 5428 453 5458 '
474 5426 521 5482 ll
545 5427 676 5483 Cor.
716 5446 815 5498 xu,
837 5430 892 5485 ι.

435 5430 521 5482 'll
545 5430 676 5483 Cor.
716 5430 892 5498 sint.
1006 5431 1064 5487 Ἰ
1099 5430 1219 5495 Cor.
1258 5457 1317 5520 ιι,
1350 5445 1438 5505 Η.
1519 5434 1698 5491 'Gen.
1734 5447 1771 5499 ι,
1810 5433 1899 5488 27.

363 5513 550 5551 cms.
584 5498 636 5551 ι.

2060 5434 2215 5492 ηϐοτ.
2250 5453 2309 5501 ιι,
2340 5438 2423 5492 Η.
2514 5436 2683 5493 'ibid.
2730 5440 2814 5493 io.
2895 5442 2916 5471 ⁶
2958 5438 3128 5495 Eccli.
3159 5460 3239 5510 ιιι,
3274 5443 3363 5499 2‘2.
3443 5441 3632 5503 'Psal.
