3992 6198
485 239 555 295 39
1882 240 1944 296 ε..
1986 239 2327 296 EPIPHANII
3659 251 3722 307 40

486 360 794 418 cesserunt,
825 368 946 425 qum
968 363 1097 409 sunt
1127 371 1359 413 numero
1387 356 1648 426 quinque.
1689 354 1786 410 llis
1820 356 1926 425 18
1962 369 2059 410 ac-

2174 357 2502 429 Ἐλληνικῶν
2529 362 2825 433 αίρέσεωνο
2853 367 3053 431 αῐτινές
3096 372 3206 423 εἱσι
3236 368 3343 440 πρὸ
3364 370 3524 445 νόμου
3550 375 3726 433 ἐννέαο

487 445 690 499 cedunt
716 445 1031 500 Graecorum
1063 455 1320 516 quatuor,
1353 457 1413 501 ut
1443 447 1498 501 in
1526 446 1841 501 universum
1871 460 2062 499 novem

489 534 603 589 sint
630 536 804 604 legem
853 544 1217 607 antegressae;
1270 552 1335 592 ac
1380 537 1544 593 simul
1589 536 1830 590 collectae
1875 549 2065 590 omnes

490 637 614 676 cum
654 623 923 679 matribus
973 626 1091 681 suis
1134 627 1411 697 octoginta
1456 625 1794 699 conficiant:
1832 639 2066 693 quarum

492 714 574 770 hae
609 724 809 771 matres
844 726 971 771 sunt
999 734 1229 773 numero
1253 719 1495 788 quinque
1517 717 1663 770 hunc
1709 716 1764 770 in
1813 716 2062 770 modum:

492 804 893 871 Barbarismus,
920 806 1286 879 Scylhismus,
1317 808 1701 869 Hcllenismus,
1725 806 2064 871 Judaismus,

493 894 925 951 Samaritismus.
960 897 1040 951 Ex
1073 898 1162 953 his
1204 898 1569 953 Ilellenismus
1609 905 1845 969 quatuor
1888 906 2066 952 sectas

492 987 721 1056 peperit,
750 986 1239 1059 Pythagoreorum,
1266 989 1697 1050 Platonicorum,
1731 988 2063 1052 Stoicorum,

491 1075 880 1145 Epicureorum
909 1096 923 1131 :
949 1093 1014 1131 ex
1047 1079 1161 1147 lege
1190 1094 1319 1133 vero
1349 1086 1476 1133 ante
1499 1078 1703 1134 Christi
1729 1078 2068 1133 Incarnatio-

490 1183 612 1220 nem
647 1168 901 1221 undecim
934 1186 946 1221 :
990 1182 1056 1220 cx
1090 1166 1375 1222 Judaismo
1425 1176 1666 1238 septem;
1710 1167 2063 1231 Scribarum,

489 1254 912 1320 Pharisaeorum,
947 1256 1394 1321 Sadducaeorum,
1423 1258 1750 1322 Essaeorum,
1780 1257 2067 1311 Nazaraeo-

489 1363 631 1410 rum,
679 1348 1298 1416 IIemerobaptistarum,
1344 1348 1813 1416 Herodianorum;
1856 1365 1922 1405 ex
1969 1347 2069 1402 Sa-

489 1438 796 1491 maritismo
825 1446 1079 1506 quatuor,
1108 1438 1535 1507 Gorthenorum,
1566 1441 1941 1506 Sebua‘orum,
1970 1439 2070 1505 Es-

489 1540 769 1589 senorum,
820 1525 1218 1582 Dositheorum.
1261 1529 1465 1584 Omnes
1512 1530 1676 1584 simul
1734 1528 1985 1585 undecim
2036 1543 2068 1582 a

489 1614 604 1684 lege
636 1632 698 1668 ex
733 1615 936 1671 Judzeis
965 1624 1019 1671 et
1057 1617 1343 1673 Saniaritis
1379 1628 1604 1675 exortaa.

2166 448 2301 518 ὁμοῦ
2334 449 2390 501 δὲ
2430 452 2633 506 ἅπασαι
2668 457 2764 509 σὺν
2795 461 2915 519 ταῖς
2943 459 3152 511 ἑαυτῶν
3192 464 3433 532 μητράσι
3471 463 3578 517 τῶν
3609 468 3726 539 ἀριο

2166 537 2318 608 Θμῶν
2356 541 2371 571 ⁸
2408 541 2768 613 ὀγδοήκοντω
2806 540 2880 599 ὧν
2914 549 3019 600 είσι
3054 549 3289 620 μητέρες
3322 551 3421 621 μὲν
3456 554 3615 607 πέντε
3644 537 3733 610 οὖν

2164 646 2309 693 τωςο
2356 633 2756 705 Βαρϐαρισμὸς,
2817 639 3142 709 Σκυθισμὸς,
3191 640 3572 712 Ἑλληνισμὸς,
3611 646 3737 699 Ἰου-

2165 719 2428 791 δαῖσμὸς,
2482 726 2936 799 Σαμαρειτισμός.
2980 732 3075 783 Ἐκ
3121 730 3346 795 τούτων,
3400 733 3459 798 ἐξ
3499 734 3737 805 Ἐλληνι-

2168 811 2305 880 σμοῦ
2339 813 2437 883 μὲν
2468 816 2707 884 αἱρέσεις
2747 818 3028 891 τέσσαρες,
3079 822 3483 893 Πυθαγορείων,
3522 825 3733 879 Πλατω-

2167 902 2352 966 νικῶν,
2397 906 2672 976 Στωϊκῶν,
2707 909 3113 982 Ἐπικουρείων.
3169 913 3301 965 Ἀπὸ
3337 914 3394 966 δὲ
3438 912 3532 966 τοῦ
3574 915 3734 984 νόμου

2167 992 2273 1063 πρὸ
2318 995 2551 1065 Χριστοῦ
2607 1001 2906 1071 παρουσίας
2958 1002 3057 1072 τῆς
3106 1004 3366 1074 ἐνσάρκου
3416 1004 3639 1057 ἕνδεκα·
3672 1007 3737 1058 ὲκ

2170 1086 2270 1155 μὲν
2307 1087 2575 1141 Ἰουδαίων
2611 1090 2771 1153 ἑπτὰ,
2813 1091 3208 1161 Γραμματέων,
3236 1094 3561 1164 Φαρισαίων,
3604 1094 3730 1148 Σαδ-

2165 1175 2446 1243 δουκαίων,
2471 1181 2756 1246 Ἐσσαίων,
2783 1181 3165 1252 Νασσαραίων,
3203 1184 3733 1254 Ἡμεροϐαπτιστῶν,

2180 1266 2538 1338 Ἥρωδιανῶν.
2572 1271 2667 1323 Ἐκ
2704 1271 2761 1323 δὲ
2798 1272 3148 1342 Σαμαρειτῶν
3184 1276 3465 1345 τέσσαρες,
3505 1274 3735 1346 Γοροθη-

2169 1359 2294 1421 νῶν⁹
2345 1360 2663 1425 Σεὸουαίων,
2697 1362 2970 1434 Ἐσσηνῶν
2993 1406 3007 1430 ,
3060 1364 3350 1418 Δοσιθέωνο
3384 1366 3516 1436 ὁμοῦ
3550 1367 3738 1421 ἕνδεκα

2168 1451 2274 1504 ἀπὺ
2302 1450 2468 1521 νόμου
2504 1452 2566 1514 ἐξ
2591 1453 2862 1507 Ἰουδαίων
2894 1456 2987 1509 καὶ
3010 1457 3363 1528 Σαμαρειτῶν
3397 1458 3655 1527 φύσασαι.

576 1702 709 1757 XIII.
754 1704 1030 1762 Universae
1071 1709 1235 1779 igitur
1258 1719 1385 1765 ante
1424 1711 1714 1766 adventum
1755 1709 1981 1773 Christi,
2016 1715 2065 1764 et

2241 1711 2338 1767 II".
2373 1713 2547 1769 Πᾶσαι
2585 1711 2677 1773 οῦν
2704 1719 2759 1771 αί
2785 1720 2891 1791 πρὸ
2916 1723 3178 1797 ἐνσάρκου
3208 1727 3300 1780 τοῦ
3334 1728 3569 1799 Χριστοῦ
3604 1748 3739 1803 παρ-

488 1793 554 1846 ad
608 1794 786 1863 ipsum
833 1785 1007 1868 usque
1060 1810 1280 1870 sumpto
1334 1802 1402 1855 ab
1439 1802 1650 1856 Adamo
1689 1802 2068 1871 initio-viginti

489 1892 638 1947 sunt.
674 1883 804 1941 Post
829 1889 1120 1943 adventum
1160 1907 1292 1946 vero
1323 1891 1529 1948 Christi
1562 1909 1735 1963 usque
1771 1894 1839 1947 ad
1873 1893 2069 1949 Valenv

493 1974 787 2041 tinianum,
840 1977 1119 2036 Valentem
1167 1989 1222 2035 et
1279 1982 1620 2050 Gratianum,
1668 2000 1858 2041 omnes
1900 1987 2069 2040 luere—

490 2078 601 2130 ses,
632 2083 751 2135 qua:
774 2067 914 2124 falso
940 2070 1141 2126 Christi
1176 2089 1372 2128 nomen
1408 2085 1762 2146 usurparunt,
1787 2077 2069 2146 sexaginta

488 2164 637 2219 sunt,
677 2175 800 2226 quae
845 2162 947 2214 hoc
983 2164 1144 2219 modo
1177 2173 1574 2221 numerantur:
1610 2167 1934 2231 Simoniani,
1962 2167 2066 2223 Me-

488 2246 823 2312 nandriani,
896 2249 1277 2321 Satttrniliani,
1336 2256 1682 2321 Basilidiani,
1752 2257 2064 2323 Nicolaitae,

489 2333 731 2389 Gnostici
750 2339 840 2405 qui
862 2347 915 2391 et
936 2338 1237 2396 Stratiotici
1262 2353 1315 2397 et
1351 2344 1690 2408 Phibionitaa.
1710 2355 1763 2400 et
1779 2363 1809 2400 a
1835 2350 2070 2402 nonnul-

488 2422 557 2475 lis
610 2424 1033 2493 Secundianitaa,
1088 2430 1225 2485 alias
1277 2433 1585 2498 Socratitre,
1619 2436 1757 2489 alias
1797 2436 2064 2504 Zacchazi,

491 2512 620 2565 item
661 2515 927 2569 Coddiani
970 2520 1315 2589 appellantur
1366 2538 1428 2578 ac
1478 2524 1808 2593 Borboritae;
1854 2527 2065 2597 Carpo-

494 2603 725 2666 cratitm,
774 2607 1115 2664 Cerinthiani
1152 2611 1243 2679 qui
1283 2620 1337 2665 et
1387 2613 1759 2682 Merinthiani,
1792 2615 2061 2686 Nazora‘i,

490 2693 755 2758 Ebionzci,
787 2694 1082 2763 Valentini,
1113 2700 1444 2758 Secundiani
1469 2745 1482 2769 ,
1516 2706 1717 2776 quibus
1745 2709 2066 2780 adjungitur

499 2782 809 2854 Epiphanes
860 2801 915 2843 et
960 2789 1246 2848 Isidorus:
1296 2793 1734 2864 Ptolemaeonitaa,
1784 2800 2063 2866 Marcosii,

489 2874 816 2942 Colorbasii,
855 2878 1267 2948 Heracleonitae,
1300 2884 1757 2955 Ophitae,Caiani,
1798 2891 2062 2960 Sethiani,

2167 1803 2379 1868 ουσίας,
2408 1806 2501 1858 ἐπὶ
2528 1809 2702 1879 Ἀδὰμ
2743 1811 3065 1884 ἀρξάμεναι,
3094 1818 3187 1871 καὶ
3223 1820 3412 1889 μέχρις
3440 1822 3631 1891 αὐτῆς,
3665 1825 3740 1876 εί·-

2169 1892 2319 1946 κοσίν
2352 1896 2484 1947 εἱσι·
2522 1897 2658 1965 μετὰ
2692 1898 2749 1951 δὲ
2772 1902 2869 1972 τὴν
2918 1903 3177 1976 ἐνσαρκον
3209 1908 3301 1961 τοῦ
3332 1911 3567 1982 Χριστοῦ
3600 1930 3741 1984 παρ-

2168 1985 2354 2037 ουσίαν
2370 1986 2475 2050 ἒως
2513 1988 2784 2057 βασιλείας
2812 1994 3275 2063 Οὑαλεντινιανοῦ,
3295 2001 3389 2053 καὶ
3422 2002 3738 2069 Οὐάλεντος,

2169 2072 2265 2124 καὶ
2291 2074 2609 2143 Γρατιανοῦ,
2640 2081 2812 2132 πᾶσαι
2845 2083 2899 2134 αί
2930 2084 3167 2153 αἱρέσεις
3196 2088 3252 2139 αί
3294 2087 3501 2155 ψευδῶς
3542 2090 3741 2160 ἐπιφη-

2173 2161 2399 2232 μίσασαι
2435 2162 2513 2218 ’τὸ
2561 2169 2655 2221 τοῦ
2686 2172 2921 2240 Χριστοῦ
2975 2174 3144 2245 ὄνομα
3191 2177 3428 2241 ἑαυταῖς,
3480 2178 3744 2250 ἑξήκοντά

2169 2256 2339 2321 είσιν,
2390 2258 2560 2322 οὕτως
2625 2261 3054 2331 ἀριθμούμεναι’
3112 2267 3471 2334 Σιμωνιανοὶ,
3528 2271 3743 2324 Μεναν-

2167 2344 2392 2415 δριανοὶ,
2435 2346 2760 2417 Σατορνῖλοι,
2807 2352 3183 2416 Βασιλιδιανοὶ,
3224 2355 3560 2423 Νικολαῖται,
3600 2361 3744 2413 Γνω-

2169 2434 2362 2499 στικοὶ,
2392 2436 2441 2487 οί
2468 2437 2525 2489 δὲ
2558 2439 2943 2509 Στρατιωτικοὶ
2988 2444 3079 2495 καὶ
3119 2444 3447 2509 Φιϐιωνῖται,
3496 2449 3647 2520 παρὰ
3682 2452 3742 2505 δέ

2165 2538 2274 2575 τισι
2307 2525 2756 2592 Σεκουνδιανῖται,
2780 2532 2908 2600 παρ’
2934 2531 3111 2595 ἄλλοις
3144 2533 3199 2585 δὲ
3227 2537 3583 2607 Σωκρατίται,
3609 2542 3741 2613 παρ’

2167 2612 2372 2685 ἑτέροις
2404 2615 2461 2668 δὲ
2494 2618 2771 2687 Ζακχαίοι,
2808 2621 2956 2690 παρὰ
2986 2621 3042 2674 δέ
3074 2640 3180 2675 τισι
3212 2624 3491 2701 Χοδδιανοὶ
3523 2612 3743 2701 λεγόμε-

2167 2722 2245 2757 νοι
2294 2706 2388 2759 καὶ
2430 2707 2768 2779 Βορϐορῖται,
2806 2706 3274 2785 Καρποκρατῖται,
3310 2718 3659 2789 Κηρινθιανοὶ
3692 2724 3741 2776 οἱ

2164 2797 2222 2850 δὲ
2270 2798 2644 2870 Μηρινθιανοὶ,
2698 2803 3026 2874 Ναζωραῖοι,
3068 2806 3401 2875 Ἐὄιωναῖοι,
3457 2811 3741 2865 Οὐαλεντῖ-

2165 2905 2267 2951 νοι,
2320 2890 2721 2959 Σεκουνδιανοὶ,
2779 2891 2859 2957 οἷς
2910 2898 3236 2952 συνάπτεται
3287 2902 3598 2970 Ἐπιφάνιος
3648 2905 3743 2957 καὶ

488 2964 831 3034 Archontici,
883 2969 1234 3037 Cerdoniani,
1283 2974 1669 3043 Marcionistaa,
1710 2979 2060 3049 Lucianislaz,

2179 2980 2463 3052 Ἰσίδωρος,
2510 2983 3337 3062 Πτολεμαιονῖται,Μαρκόσιοι
3388 2964 3435 3057 ²,
3460 2964 3740 3066 Κολορϐά-

487 3058 847 3128 Appelleiani,
905 3063 1204 3131 Severiani,
1256 3064 1493 3132 Tatiani,
1542 3071 1858 3138 Encratitaa,
1911 3073 2065 3129 Cata-

494 3151 737 3220 phryges
762 3152 854 3221 qui
888 3161 942 3207 et
976 3153 1336 3222 Montanistae,
1371 3166 1425 3213 et
1456 3159 1921 3236 Tascodrungitae,
1959 3166 2063 3223 Pe-

488 3240 707 3307 pusiani
757 3243 847 3311 qui
903 3251 957 3297 et
992 3244 1324 3301 Priscilliani
1372 3258 1425 3305 et
1452 3249 1791 3316 Quintilliani
1820 3274 1833 3308 :
1866 3258 2063 3326 quibus

489 3342 855 3385 accensentur
915 3333 1252 3406 Artotyritaz,
1304 3338 1913 3413 Tessaresczedecatitaa,
1971 3348 2065 3419 qui

488 3416 700 3475 Pascha
737 3431 877 3478 stata
903 3440 965 3479 ac
1003 3428 1109 3481 lixa
1147 3430 1276 3484 anni
1316 3433 1403 3487 die
1443 3434 1752 3502 celebrant;
1787 3438 1940 3509 AIogi
1969 3416 2065 3509 qui

490 3510 846 3583 Evau‘gelium
920 3529 976 3572 et
1026 3519 1410 3593 Apocalypsim
1469 3525 1698 3583 Joannis
1763 3540 2062 3601 respuunt,

490 3604 804 3671 Adamiani,
854 3607 1114 3681 Sainpswi
1150 3615 1325 3683 quiet
1368 3615 1648 3687 llelceszei,
1682 3620 2063 3691 Theodotiani,

492 3694 987 3765 llelchisedeciani,
1036 3701 1475 3774 Bardesianistae,
1524 3708 1796 3776 Noetiani,
1839 3712 2063 3781 Valesii,

489 3788 725 3875 Cathari
766 3791 859 3859 qui
913 3800 967 3845 et
1020 3792 1312 3852 Novatiani
1362 3808 1454 3854 aut
1497 3802 1661 3856 etiam
1707 3801 2063 3873 Montenses;

490 3894 619 3933 nam
681 3880 756 3933 ita
817 3881 1002 3937 Romae
1044 3896 1336 3955 vocantur;
1388 3888 1671 3961 Angelici,
1739 3894 2064 3965 Apostolici,

489 3970 604 4024 sive
634 3970 1085 4040 Renuntiatores,
1114 3974 1429 4044 Sabelliani,
1462 3979 1789 4052 Origenista:
1821 3986 1915 4056 qui
1944 3995 2066 4043 tur-

493 4059 587 4128 pia
638 4059 871 4127 faciunt,
907 4062 1012 4132 19
1037 4062 1359 4135 Origenistae
1409 4069 1479 4124 ab
1514 4070 1747 4143 Origene
1792 4075 2069 4131 Adaman-

494 4149 595 4215 tio,
645 4148 802 4207 Pauli
850 4151 1253 4212 Samosatensis
1301 4166 1622 4229 sectatores,
1654 4163 1939 4220 Manichazi
1972 4166 2067 4236 qui

493 4248 549 4294 ct
592 4240 896 4304 Acuanitae,
941 4241 1265 4310 Ilieracitaa;
1308 4246 1580 4305 Meletiani
1608 4255 1700 4322 qui
1747 4255 1803 4308 in
1831 4254 2066 4326 Egypto

2166 3087 2291 3136 σιοι,
2364 3071 2803 3142 ’11ρακλεωνῖται,
2864 3078 3107 3148 Ὀφῖται,
3160 3083 3405 3146 Καῖανοὶ,
3464 3084 3737 3153 Σηϐιανοὶ,

2178 3163 2530 3234 ’Λρχοντικοὶ,
2570 3167 2953 3238 Κερδωνιανοὶ,
2996 3172 3405 3242 Μαρκιωνισταὶ
3432 3214 3448 3237 ,
3506 3176 3744 3229 Λουκια-

2165 3256 2359 3320 νισταὶ,
2388 3256 2783 3328 Ἀπελληϊανοὶ,
2818 3262 3152 3332 Σευηριανοὶ,
3193 3266 3463 3331 Τατιανοὶ,
3511 3267 3743 3339 Ἐγκρα-

2164 3345 2326 3410 τῖται,
2361 3347 2732 3418 Κατάφρυγας
2764 3350 2783 3381 ³
2815 3353 2863 3404 οί
2906 3352 2999 3404 κα)⁵
3024 3354 3386 3407 Μοντανισταὶ
3412 3357 3503 3408 καὶ
3533 3357 3744 3412 Τασκοο

2165 3432 2471 3503 δρουγῖται,
2520 3437 2877 3502 Πεπουζιανοὶ
2935 3442 2982 3494 οἱ
3040 3441 3131 3494 καὶ
3193 3443 3591 3511 Πρισκιλλιανοὶ
3647 3448 3742 3500 καὶ

2165 3525 2583 3591 Κυϊντιλλιανοὶ,
2628 3522 2708 3592 οἷς
2762 3529 3118 3583 συνάπτονται
3162 3532 3561 3603 Ἀρτοτυρῖται,
3606 3536 3740 3587 Tec-

2168 3620 2727 3689 σαρεσκαιδεκατῖται,
2783 3622 2831 3674 οί
2873 3621 2934 3674 τὸ
2984 3622 3171 3692 Πάσχα
3225 3623 3349 3692 μίαν
3394 3623 3603 3694 ἡμέραν
3644 3625 3739 3679 τοῦ

2167 3708 2320 3773 ἔτους
2363 3709 2668 3774 ποιοῦντες²
2702 3712 2915 3781 Ἀλογοι
2953 3713 3002 3765 οί
3046 3714 3103 3765 τὸ
3133 3714 3458 3783 Εὐαγγέλιον
3502 3716 3595 3770 καὶ
3637 3717 3740 3786 τὴν

2179 3800 2545 3871 Ἀποκὰλυψιν
2602 3801 2849 3855 Ἰωάννου
2906 3802 2980 3873 μὴ
3029 3804 3341 3873 δεχόμενοι,
3371 3805 3738 3876 “Ἀδαμιανοὶ’,

2167 3890 2458 3960 Σαμψαῖοι,
2485 3892 2533 3943 οί
2560 3892 2651 3945 καὶ
2692 3891 3009 3958 Ἐλκεσαῖοι,
3034 3892 3385 3959 Θεοδοτιανοὶ,
3421 3896 3742 3965 Μελχισεδε-

2167 3983 2361 4045 κιανοὶ,
2392 3983 2863 4055 Βαρδησιανισταὶ,
2885 3983 3190 4051 Νοητιανοὶ,
3220 3986 3530 4057 Οὐαλήσιοι,
3557 3988 3745 4041 Καθα-

2169 4074 2252 4144 ροὶ
2276 4075 2326 4127 οί
2355 4075 2446 4128 καὶ
2482 4076 2779 4130 Ναυαταῖοι
2826 4076 2875 4129 οἱ
2912 4078 3004 4130 καὶ
3036 4079 3327 4149 Μοντήσιοι
3362 4079 3436 4143 ὡς
3465 4081 3521 4133 ὲν
3557 4078 3744 4149 Ῥώμῃ

2167 4164 2493 4231 καλοῦνται,
2544 4167 2883 4235 Ἀγγελικοὶ,
2938 4170 3341 4234 Ἀποστολικοὶ,
3393 4170 3745 4236 Ἀποτάκται,

2169 4255 2532 4320 Σαϐελλιανοὶ,
2561 4256 2923 4327 Ὠριγενισταὶ
2973 4262 3021 4311 οἱ
3085 4261 3175 4312 καὶ
3214 4258 3566 4327 αίσχροποιοὶ.
3598 4258 3747 4327 Ὠρι-

492 4330 735 4384 schisma
799 4330 1143 4398 conﬂarunt;
1207 4336 1387 4391 Ariani
1438 4341 1537 4409 qui
1579 4349 1634 4396 et
1682 4342 2064 4413 Ariomanitai;

2170 4347 2414 4414 γενισταὶ
2444 4346 2494 4398 οί
2517 4345 2609 4398 τοῦ
2641 4347 3017 4417 Ἀδαμαντίου,
3040 4349 3089 4400 οί
3129 4347 3339 4400 Παύλου
3374 4346 3466 4401 τοῦ
3502 4348 3749 4417 Σαμοσα-

491 4417 726 4471 Audiani
764 4419 857 4488 qui
900 4419 1140 4475 schisma
1183 4439 1294 4478 non
1330 4426 1563 4482 haeresin
1601 4428 1848 4498 faciunt;
1884 4430 2063 4488 Photi-

493 4507 664 4569 niatii,
710 4506 1071 4575 Marcelliani,
1110 4510 1383 4580 Semiarii,
1425 4515 1925 4588 Pneumatomaclii,
1965 4526 2061 4594 qui

494 4597 551 4652 in
618 4608 868 4653 sanctum
903 4599 997 4656 Dei
1050 4601 1317 4674 Spiritum
1382 4610 1743 4665 contumelias
1803 4612 2061 4683 jaciunt;

494 4688 739 4755 Aeriani,
787 4690 1005 4748 Aetiani
1053 4698 1149 4765 qui
1185 4705 1238 4751 et
1275 4698 1548 4766 Anomoei,
1584 4703 1786 4773 quibus
1819 4706 2066 4778 adjungio

497 4788 587 4835 tur
638 4779 958 4847 Eunomius,
1005 4786 1117 4841 imo
1172 4791 1353 4859 potius
1402 4792 1699 4862 Anomius;
1765 4795 2065 4855 Dimmrita:

499 4869 595 4940 qui
632 4884 741 4923 non
770 4872 1072 4940 perfectam
1101 4875 1304 4934 Christi
1334 4879 1767 4938 Incarnationem
1802 4887 2068 4943 conﬁten-

496 4969 607 5026 tur,
666 4968 722 5015 et
762 4962 1203 5036 Apollinaristae;
1261 4976 1376 5023 tum
1421 4971 1515 5040 qui
1557 4981 1801 5028 sanctam
1842 4975 2068 5032 Mariam

496 5066 716 5121 semper
764 5048 1078 5121 Virginem,
1130 5064 1420 5126 postquam
1466 5057 1801 5115 Salvatorem
1850 5065 2068 5134 genuit,

495 5156 619 5194 cum
653 5139 891 5211 Josepho
915 5145 1369 5202 consuetudinem
1404 5148 1660 5206 habuisse
1686 5150 1902 5221 dicunt,
1933 5168 2073 5224 quos

2163 4437 2322 4503 τέως,
2350 4438 2640 4509 Μανιχαῖοι
2666 4437 2715 4489 οί
2740 4440 2836 4490 καὶ
2862 4440 3188 4501 Ἀκοανίται,
3228 4438 3539 4508 Ἱερακῖται,
3570 4440 3749 4506 Μελη-

2165 4530 2335 4583 τιανοὶ
2378 4530 2428 4583 ol
2476 4530 2594 4582 κατ’
2632 4528 2901 4597 Αἴγυπτον
2933 4530 3135 4599 σχίσμα
3180 4530 3352 4591 ὄντες,
3381 4528 3647 4597 Ἀρειανοὶ
3679 4527 3731 4579 οί

2167 4618 2263 4671 καὶ
2310 4618 2731 4689 Ἀρειομανῖται,
2787 4616 3038 4669 Αὑδιιινολ⁹
3087 4616 3148 4668 τὸ
3200 4615 3426 4686 σχίσμα,
3476 4615 3593 4668 ἀλλ’
3643 4615 3747 4685 οὐχ

2170 4706 2379 4778 αἵρεσις
2404 4746 2419 4769 ,
2476 4707 2792 4759 Φωτινιανοὶ
2821 4745 2835 4770 ,
2898 4704 3293 4776 Μαρκελλιανοὶ
3320 4745 3335 4768 ,
3408 4706 3746 4775 Ἠμιάρειοι,

2172 4793 2621 4864 Πνευματομάχοι
2654 4794 2703 4846 οί
2746 4793 2807 4847 τὸ
2844 4795 2997 4862 ἆγιον
3028 4794 3248 4866 Πνεῦμα
3272 4794 3364 4848 τοῦ
3394 4794 3527 4848 Θεοῦ
3583 4795 3752 4866 βλασ-

2169 4883 2497 4954 φημοῦντες,
2547 4883 2835 4955 Ἀεριανοὶ,
2880 4885 3077 4937 Ἀέτιοι
3121 4885 3170 4937 οἱ
3216 4886 3309 4938 καὶ
3341 4885 3632 4958 Ἀνόμοιοι,
3665 4882 3751 4951 οἷς

2171 4975 2500 5028 συνάπτεται
2529 4974 2809 5046 Εὐνόμιος,
2837 4974 3035 5045 μᾶλλον
3054 4975 3110 5028 δὲ
3138 4978 3166 5030 ὁ
3192 4976 3419 5048 ἄνομος·
3444 4980 3749 5048 Διμοιρτται

2171 5065 2222 5118 oi.
2252 5065 2325 5137 μὴ
2351 5065 2561 5119 τελείαν
2596 5065 2831 5136 Χριστοῦ
2856 5064 2955 5137 τὴν
2987 5066 3394 5138 ὲνανϐρώπησιν
3425 5066 3753 5137 ὁμολογοῦν-

2173 5171 2283 5219 τες,
2319 5155 2682 5226 Ἀπολινάριοι
2713 5157 2763 5209 οἱ
2810 5156 2905 5210 καὶ
2929 5156 3030 5228 τὴν
3062 5156 3224 5226 ἁγίαν
3262 5156 3476 5226 Μαρίαν
3502 5155 3601 5225 τὴν
3627 5155 3762 5208 ἀει-

575 5294 591 5324 ¹
618 5293 744 5349 Cor.
776 5296 869 5351 τὸν
902 5296 1155 5368 ἀριθμόν.
1232 5302 1252 5331 ²
1287 5318 1377 5370 πο.
1409 5302 1727 5373 Μαρκίσιοι,
1768 5303 1807 5357 f.
1842 5305 2181 5375 Μαρκώσιοι.
2258 5305 2279 5338 ³
2306 5323 2397 5375 γρ.
2429 5306 2816 5379 Κατάφρυγες.

570 5449 683 5537 (If)
739 5450 815 5532 pe
863 5450 1278 5537 illisnomnibus
1329 5454 1582 5537 distincte
1610 5455 1900 5537 etul'usiu's
1954 5456 2070 5537 agit

500 5516 835 5605 Epiphanius
881 5522 935 5574 in
985 5522 1140 5605 libris
1179 5524 1306 5605 suis.
1349 5526 1545 5605 tribus,
1586 5524 1792 5605 quibus
1844 5516 2070 5605 Panq'rii

502 5585 695 5642 indidit
744 5604 985 5647 nomen:
1027 5594 1135 5664 agit
1191 5602 1243 5650 et
1292 5595 1347 5650 in
1393 5585 1624 5650 Pandrii'
1661 5609 1895 5663 summa,
1958 5595 2073 5651 sive

2176 5458 2607 5525 Anacephalwosi
2622 5478 2642 5525 ;
2668 5467 2721 5516 et
2757 5461 2878 5516 ideo
2903 5461 2973 5516 de
3019 5460 3209 5516 iisdem
3238 5457 3434 5515 redibit
3463 5459 3619 5515 nobis
3651 5462 3755 5515 ali--

2176 5528 2306 5597 quid
2333 5536 2640 5597 opportune
2666 5546 2697 5586 e
2734 5545 2793 5585 re
2820 5538 3010 5587 nostra
3043 5528 3339 5585 adnotandi
3369 5531 3607 5586 occasio.
