3992 6198
323 302 349 357 1
1697 288 2135 347 ANCOBATUS.
3480 297 3550 351 42

282 313 309 364 ά
323 313 349 357 1
1697 313 1806 345 tam
1821 313 1871 346 .U

279 411 556 485 παρθὲνον
577 384 832 477 λέγοντες
862 407 1003 479 μετὰ
1023 406 1083 460 τὸ
1107 405 1198 459 τὸν
1233 405 1462 476 Σωτῆρα
1488 407 1871 476 γεγεννηκέναι

1989 313 2011 344 ι
2030 313 2063 347 U
2079 313 2135 345 ὖ.
3480 313 3550 351 43

1977 405 2554 461 Antidicomarianitas
2584 405 2959 476 appellamus;
3001 406 3093 476 qui
3148 406 3199 459 in
3231 404 3412 459 Maria:
3448 423 3551 460 nu.

278 503 364 574 τῷ
388 503 592 571 Ἰωσὴφ
627 499 910 568 συνῆφθαι,
948 498 1199 569 οὕστινας
1228 496 1563 567 ἐκαλέσαμεν
1594 498 1875 550 ’Λντιδικο-

292 592 645 664 μαριανίτας·
676 592 765 643 καὶ
797 593 847 643 οἱ
876 591 957 653 εἰς
984 590 1154 659 ὄνομα
1198 588 1370 657 αὐτῆς
1402 587 1687 659 κολλυρίδα
1715 605 1874 658 προσ-

292 682 563 754 φέροντες,
592 680 640 733 οἳ
657 678 947 734 καλοῦνται
964 676 1319 747 Κολλυριανοί
1339 693 1350 704 ⁸
1378 676 1760 739 Μεσσαλιανοὶ,
1792 672 1873 740 οἷς

296 772 644 827 συνάπτονται
673 770 1052 842 Μαρτυριανοὶ
1089 769 1199 823 ἀπὸ
1240 768 1524 839 Ἑλλήνων,
1565 768 1659 821 καὶ
1700 768 1870 835 Εὐφη-

296 867 440 932 μῖται
470 862 561 916 καὶ
593 860 933 915 Σατανιανοί.

355 952 447 1007 1Δ⁸.
482 955 592 1007 Καὶ
640 953 831 1015 ἁπλῶς
867 951 1250 1023 περιεκάκησα
1297 951 1391 1004 καὶ
1440 948 1726 1020 περικακῶ
1759 965 1873 1002 τοσ-

282 1044 453 1098 ούτων
477 1045 745 1115 αἱρέσεων
770 1044 1012 1113 ὀνόματα
1039 1045 1119 1105 εἰς
1148 1042 1379 1113 ἀριθμὸν
1409 1042 1615 1112 φέρειν,
1656 1042 1750 1094 καὶ
1776 1041 1873 1104 τὰς

280 1136 569 1205 ἀθεμίτους
599 1134 781 1187 αὐτῶν
810 1134 1036 1205 πράξεις
1073 1132 1408 1205 διηγεῖσθαι·
1447 1133 1541 1186 καὶ
1592 1132 1722 1202 περὶ
1763 1131 1873 1183 τῶν

277 1226 371 1279 δύο
403 1226 737 1295 σχισμάτων,
768 1224 878 1277 τῶν
907 1242 966 1277 τε
1014 1226 1134 1278 κατ’
1160 1225 1452 1293 Αἴγυπτον,
1491 1225 1652 1292 φημὶ,
1686 1240 1873 1293 προει-

281 1317 532 1386 ρημένων
566 1317 945 1387 Μελητιανῶν,
982 1316 1089 1369 τῶν
1121 1317 1211 1370 διὰ
1244 1317 1341 1386 τὴν
1370 1316 1461 1366 ἐπὶ
1504 1314 1597 1367 τοῦ
1630 1314 1871 1385 διωγμοῦ

276 1409 578 1479 γενομένην
608 1408 731 1461 τινὰ
781 1408 1012 1470 πτῶσιν,
1048 1406 1199 1477 παρὰ
1230 1406 1286 1458 δὲ
1330 1404 1436 1456 τῶν
1472 1402 1754 1473 ἡμετέρων
1784 1403 1871 1455 δε-

282 1499 526 1568 χθέντων
578 1500 636 1551 ὲν
696 1501 807 1560 τοῖς
861 1499 1039 1550 αὐτῶν
1088 1497 1310 1567 κλήροις
1371 1495 1509 1564 μετὰ
1563 1495 1869 1564 μετάνοιαν,

286 1590 517 1651 ἑαυτοὺς
544 1589 861 1659 σχισάντων,
900 1588 962 1639 οὐ
991 1588 1095 1657 μὴν
1126 1587 1183 1640 δὲ
1210 1587 1268 1641 ὲν
1300 1586 1510 1657 αἱρέσει
1543 1584 1736 1637 ὖντων’
1774 1586 1869 1637 καὶ

276 1678 387 1731 τῶν
409 1678 553 1731 κατὰ
582 1679 679 1748 τὴν
702 1677 1127 1746 Μεσοποταμίαν
1149 1676 1582 1746 προειρημένων,
1610 1674 1870 1737 ὡσαύτως

275 1770 574 1831 Αύδιανῶν,
606 1744 717 1821 των
745 1771 843 1822 καὶ
872 1744 1246 1837 σχισματικῶν
1278 1744 1466 1835 ὄντων,
1496 1767 1607 1819 ἀλλ’
1641 1768 1742 1820 οὐκ
1779 1765 1871 1819 ἀλ·
1907 1744 1946 1797 Β

275 1860 490 1929 λοτρίαν
533 1858 716 1912 πίστιν
762 1860 1018 1927 ἑχόντων,
1058 1858 1218 1926 μόνον
1263 1856 1549 1919 ἰδιωτικῶς
1597 1856 1726 1926 περὶ
1780 1854 1873 1907 τοῦ

289 1953 409 2004 κατ’
437 1951 621 2003 εἰκόνα
665 1947 1138 2018 φιλονεικούντων,
1184 1950 1243 2000 ού
1280 1948 1368 2001 διὰ
1416 1948 1597 2001 πίστιν
1641 1948 1875 2018 ἀφηνια-

292 2041 516 2103 ζὸντων,
543 2041 638 2092 καὶ
665 2040 887 2101 ἑαυτοὺς
916 2038 1300 2109 ἀφριζὸντων,
1324 2036 1445 2089 οὐδὲ
1467 2036 1555 2089 διά
1582 2055 1636 2089 τι
1666 2036 1871 2106 ἕτερον’

306 2131 443 2183 ἀλλὰ
495 2128 636 2182 κατὰ.
688 2129 1107 2199 ὲθελοακρότητα
1157 2127 1501 2197 δικαιοσύνης
1545 2126 1705 2196 δῆθεν
1731 2169 1744 2190 ,
1789 2124 1874 2179 διά

297 2219 359 2271 τὸ
414 2218 490 2288 μὴ
533 2221 897 2285 συγκοινωνεῖν
943 2217 1263 2281 ἐπισκόποις
1319 2216 1411 2270 καὶ
1459 2214 1871 2286 πρεσϐυτέροις,

294 2311 410 2371 τοῖς
458 2308 657 2377 χρυσὸν
707 2307 795 2361 καὶ
848 2309 1087 2378 ἄργυρον
1124 2308 1510 2377 κεκτημένοις,
1548 2307 1641 2358 καὶ
1681 2303 1767 2357 διὰ
1817 2304 1876 2358 τὸ

294 2402 465 2452 ποιεῖν
491 2399 552 2451 τὸ
598 2399 787 2469 Πάσχα
816 2401 874 2451 ὲν
907 2392 951 2465 ᾧ
992 2397 1169 2470 καιρῷ
1212 2398 1457 2452 Ἰουδαῖοι
1500 2396 1735 2461 ποιοῦσι,
1781 2396 1876 2451 καὶ

293 2491 566 2561 σχίζοντες
599 2488 829 2552 ἑαυτοὺς
860 2489 1066 2543 τούτων
1107 2490 1268 2561 χάριν
1329 2490 1421 2541 καὶ
1456 2488 1878 2558 ἀπαλλοτριοῦν-

290 2597 383 2643 τες
414 2583 513 2650 τῆς
549 2578 795 2643 ἑνώσεως
831 2580 932 2647 τῆς
979 2580 1255 2650 ὀρθοδόξου
1283 2579 1629 2650 Ἐκκλησίας.
1664 2581 1726 2630 Οἱ
1769 2580 1877 2650 γὰρ

291 2671 367 2742 μὴ
387 2670 632 2733 λαὸόντες
662 2669 890 2740 Πνεῦμα
918 2669 1071 2738 ἅγιον
1103 2672 1202 2725 οὐκ
1260 2669 1463 2740 ἔμαθον
1497 2670 1567 2723 τὰ
1608 2670 1744 2740 βάθη
1786 2670 1875 2723 τοῦ

296 2762 455 2824 Θεοῦ,
484 2762 576 2815 καὶ
617 2764 698 2825 εἰς
738 2761 942 2825 ταύτας
980 2761 1453 2833 περιεκλάσθησαν
1490 2761 1589 2825 τὰς
1637 2762 1876 2832 αἱρέσεις

286 2853 385 2907 καὶ
410 2853 488 2914 εἰς
518 2851 618 2915 τὰς
651 2851 761 2904 τῶν
810 2854 1123 2921 σχισμάτων
1164 2852 1255 2907 διὰ
1293 2852 1612 2924 προφάσεως
1654 2854 1873 2923 ιὶρεσχε⁹

284 2944 409 3005 λὶας
436 2942 548 3013 (15)
567 2960 582 2973 ο
619 2942 1045 3011 καταλείψαντες
1071 2943 1180 3014 γὰρ
1206 2942 1305 3013 τὴν
1332 2942 1608 3013 ἀλήθειαν,
1639 2943 1731 2995 ἐπὶ
1754 2942 1879 2995 πολ-

1978 514 2100 553 men
2125 498 2444 569 collyridem
2481 498 2718 553 oﬂ‘eruut
2753 509 2807 554 et
2834 507 3103 553 vocantur
3157 497 3551 568 Collyridiam;

1978 588 2310 652 lllassaliaui,
2351 589 2553 659 quibus
2598 590 2971 658 adiunguntur
3004 590 3319 661 Martyriaui
3352 606 3383 646 e
3423 606 3551 663 gen-

1977 682 2186 747 tilibus,
2225 688 2279 736 et
2312 681 2649 751 Euphemita:
2673 689 2729 737 et
2759 680 3064 736 Sataniani.

2045 938 2185 994 XIV.
2229 942 2472 1012 Denique
2532 951 2611 998 tot
2659 944 2937 1001 haereseon
2988 948 3211 1002 nomina
3256 962 3549 1004 commme-

1975 1048 2119 1098 rare,
2180 1049 2245 1088 ac
2282 1035 2488 1090 nefaria
2529 1036 2749 1090 illarum
2793 1040 3003 1094 scelera
3042 1055 3268 1095 narrare
3298 1041 3463 1111 piget,
3495 1051 3548 1095 ut

1975 1124 2121 1178 inter
2164 1133 2359 1180 caue-ra
2408 1126 2518 1181 duo
2568 1128 2659 1181 illa
2697 1128 3017 1192 schismata,
3069 1138 3181 1185 tum
3233 1131 3548 1186 Meletiano~

1976 1228 2096 1265 rum
2131 1213 2185 1267 in
2220 1213 2459 1285 IEgypto
2492 1256 2507 1282 ,
2536 1217 2628 1286 qui
2669 1216 2738 1271 ob
2792 1233 2908 1281 eos,
2940 1218 3033 1288 qui
3086 1220 3139 1273 in
3171 1221 3551 1289 persecutione

1976 1305 2112 1374 lapsi
2147 1316 2200 1360 et
2229 1322 2259 1360 a
2290 1309 2495 1364 nostris
2528 1309 2582 1362 in
2615 1325 2775 1364 suum
2810 1311 3059 1366 ordinem
3094 1326 3158 1366 ac
3191 1320 3391 1367 statum
3427 1320 3552 1383 post

1976 1394 2350 1463 paenitentiam
2403 1397 2606 1467 recepti
2660 1397 2894 1463 fuerant,
2954 1401 3168 1470 seipsos
3211 1402 3551 1470 avulsemm,

1974 1499 2152 1554 neque
2203 1496 2383 1540 tamen
2422 1488 2475 1540 in
2511 1488 2702 1543 haeresi
2747 1499 3076 1557 versantur;
3115 1500 3228 1546 tum
3272 1493 3553 1547 Audiano-

1975 1591 2095 1628 rum
2136 1579 2190 1630 in
2228 1576 2639 1648 Mesopotamia,
2676 1581 2768 1651 qui
2798 1591 2852 1637 et
2882 1585 2985 1653 ipsi
3033 1586 3273 1640 schisma
3321 1585 3549 1648 faciunt.

1974 1682 2075 1721 nec
2106 1669 2339 1723 alienam
2376 1670 2537 1725 [idem
2573 1673 2916 1741 proﬁtentur,
2972 1676 3067 1731 sed
3098 1678 3163 1731 de
3207 1691 3273 1732 eo
3307 1678 3451 1747 quod
3487 1680 3553 1734 ad

1977 1758 2270 1828 imaginem
2327 1760 2423 1815 Dei
2476 1762 2656 1818 factus
2699 1764 2864 1820 homo
2907 1765 3145 1832 dicitur,
3199 1770 3556 1837 pertinaciter

1977 1854 2340 1906 contendunt.
2373 1851 2561 1924 Neque
2586 1870 2717 1910 vero
2748 1865 2969 1926 propter
2999 1860 3170 1913 ullum
3203 1860 3323 1916 ﬁdei
3357 1862 3552 1932 dogma

1978 1942 2311 1998 reluctantes
2356 1945 2569 2012 seipsos
2604 1958 2923 2018 segregant;
2979 1966 3157 2020 neque
3189 1952 3350 2006 aliam
3388 1955 3553 2007 ullam

1977 2031 2046 2083 ob
2092 2047 2337 2097 causam,
2391 2045 2587 2103 praeter
2628 2038 2930 2092 aﬂectatam
2980 2042 3273 2109 quamdam
3327 2045 3556 2110 justitiav

1978 2121 2399 2187 perfectionem;
2428 2126 2572 2191 quod
2621 2142 2744 2179 cum
2794 2129 3069 2197 episcopis
3100 2146 3163 2183 ac
3193 2134 3553 2200 presbyteris,

1976 2208 2069 2276 qui
2126 2224 2319 2263 aurum
2381 2223 2773 2283 argentumque
2835 2217 3157 2285 possident,
3218 2223 3556 2275 communio-

1977 2311 2101 2349 nem
2140 2295 2339 2351 habere
2395 2300 2616 2364 nolunt;
2667 2301 2862 2356 deinde
2904 2304 3049 2372 quod
3098 2305 3305 2359 Pascha
3358 2308 3550 2365 eodem

1976 2402 2087 2457 quo
2118 2386 2288 2443 Judaei
2338 2397 2584 2459 tempore
2628 2391 2936 2457 celebrant,
2995 2394 3064 2448 ob
3103 2395 3265 2464 idque
3316 2413 3439 2453 sese
3484 2400 3555 2453 ab

1977 2478 2223 2533 Ecclesia
2254 2489 2532 2549 separant,
2574 2490 2624 2535 et
2660 2482 2728 2535 ab
2760 2483 3081 2538 orthodoxa:
3121 2483 3378 2541 Ecclesiae
3423 2504 3557 2543 cou-

1975 2572 2265 2641 junctione
2317 2572 2478 2627 divisi
2531 2583 2679 2627 sunt.
2728 2572 2939 2643 Quippe
2977 2575 3069 2643 qui
3132 2575 3395 2645 Spiritum
3438 2595 3559 2635 san-

1977 2671 2125 2714 ctum
2176 2676 2285 2714 non
2343 2670 2694 2731 acceperunt.
2738 2662 2832 2717 Dei
2878 2665 3147 2732 profunda
3196 2684 3306 2722 non
3353 2669 3560 2726 didice.

1978 2758 2129 2811 runt,
2160 2756 2326 2818 atque
2356 2749 2411 2803 in
2446 2751 2757 2806 istiusmodi
2796 2752 3033 2807 haereses
3063 2754 3313 2824 dissipati
3342 2768 3472 2813 sunt
3505 2770 3560 2815 et

1978 2840 2298 2903 schismala,
2331 2857 2452 2910 quae
2481 2858 2546 2897 ex
2579 2843 2870 2897 cavillandi
2904 2844 3132 2900 libidine
3172 2859 3225 2901 et
3268 2852 3561 2907 occasione

1978 2928 2334 2997 prodierunt;
2370 2930 2573 2985 ctenim
2602 2932 2792 2987 relicta
2836 2938 3066 2991 veritate
3102 2939 3285 2995 varias
3336 2953 3562 3002 temnere

284 3033 385 3095 λὰς
426 3032 645 3102 τρὶὁους
684 3032 959 3095 ὲῦάδισαν,
997 3032 1186 3085 ἄλλοτε
1226 3032 1402 3094 ἄλλως
1446 3032 1542 3085 καὶ
1585 3030 1719 3085 ἄλλα
1759 3030 1871 3083 δια-

1982 3023 2230 3085 semitas,
2283 3022 2444 3077 aliter
2497 3024 2606 3078 alio
2665 3033 2909 3096 tempore
2963 3029 3289 3099 cogitantes.
3329 3034 3397 3086 At
3430 3050 3560 3090 vero

285 3122 583 3191 νοούμενοι.
615 3123 751 3191 Φησὶ
781 3122 838 3175 δὲ
867 3124 897 3174 ὁ
929 3122 1089 3184 αὐτὸς
1134 3122 1287 3190 ἅγιος
1316 3121 1657 3184 ’Δπόστολος,
1697 3120 1872 3191 δηλῶν

290 3216 432 3281 ἡμῖν
458 3213 523 3264 δι’
548 3213 614 3281 ἣν
636 3213 808 3265 αἰτίαν
828 3211 990 3266 τοῦτο
1013 3208 1165 3265 εἶπεν
1180 3230 1193 3242 ·
1230 3212 1428 3281 Ἡμεῖς
1453 3212 1522 3265 δὲ
1544 3211 1612 3265 τὸ
1632 3211 1875 3280 Πνεῦμα

288 3302 403 3356 τοῦ
432 3303 579 3356 Θεοῦ
608 3303 916 3371 ἐλάϐομεν,
949 3302 1109 3369 ὅπως
1142 3300 1374 3371 γνῶμεν
1397 3303 1468 3357 τὰ
1482 3303 1550 3355 ἐκ
1585 3302 1732 3355 Θεοῦ
1765 3318 1872 3370 χα-

284 3390 575 3459 ρισθέντα
608 3392 770 3460 ἡμῖν,
799 3393 837 3446 d
870 3392 970 3445 καὶ
996 3393 1303 3461 λαλοῦμεν
1331 3396 1442 3446 οὐκ
1465 3392 1537 3445 ἐν
1574 3390 1875 3457 διδακτοῖς

288 3484 510 3550 σοφίας
563 3484 804 3552 λόγοις,
856 3484 997 3538 ἀλλ’
1054 3484 1125 3537 ἐν
1174 3484 1474 3553 διδακτοῖς
1528 3486 1873 3552 Πνεύματος

286 3571 480 3638 ἁγίου,
532 3572 956 3640 πνευματικοῖς
1001 3572 1368 3642 πνευματικὰ
1418 3573 1871 3642 συγκρίνοντες,

285 3662 381 3713 καὶ
397 3662 463 3713 τὰ
488 3661 636 3730 ἑξῆς.
653 3663 725 3715 Τὸ
745 3663 973 3732 Πνεῦμα
995 3663 1173 3716 τοίνυν
1196 3662 1289 3716 τοῦ
1313 3663 1447 3716 Θεοῦ
1469 3664 1568 3715 ούκ
1599 3662 1874 3734 ἀλλότριον

286 3752 443 3805 Θεοῦ·
456 3755 505 3805 εἰ
518 3756 626 3824 γὰρ
638 3755 913 3826 ἀλλότριον
926 3755 1060 3808 Θεοῦ
1074 3755 1333 3819 ἐστι,πῶς
1347 3756 1416 3808 τὰ
1423 3754 1586 3822 ,ϐάθη
1602 3755 1707 3808 τοῦ
1727 3754 1873 3807 Θεοῦ

285 3842 501 3909 ἐρευνᾷ
507 3860 525 3905 ;
541 3844 764 3897 ’Δλλὰτί
786 3846 929 3912 ἐρεῖς
948 3838 1107 3914 μοι,ὧ
1124 3844 1385 3910 κενόδοξε,
1407 3846 1434 3896 ὁ
1452 3843 1702 3913 πολεμῶν
1717 3860 1875 3895 σεαυ-

288 3933 500 3995 τὸν,ἷνα
527 3936 602 4004 μὴ
629 3936 767 3987 εἴπω
780 3935 842 3987 τὸ
867 3934 1086 4005 Πνεῦμα
1112 3935 1172 3989 τὸ
1191 3935 1341 4004 ἅγιον
1357 3934 1450 3988 τοῦ
1472 3934 1606 3988 Θεοῦ
1627 3952 1643 4001 ;
1664 3934 1717 3986 τί
1743 3933 1871 4003 γὰρ,

291 4023 552 4090 κενόδοξε,
598 4025 853 4095 πολεμεῖς
891 4025 982 4078 τὸν
1000 4026 1519 4096 ἀκαταπολέμητον;
1550 4025 1601 4077 τί
1632 4026 1778 4096 μάχῃ
1797 4022 1874 4093 τῷ

290 4113 732 4185 ἀκαταμαχήτιμ
781 4116 1056 4182 Σκληρόν
1097 4130 1196 4169 σοι
1233 4116 1382 4185 πρὸς
1425 4115 1643 4183 κέντρα
1667 4115 1874 4168 λακτί-

289 4198 429 4260 (iam.
463 4203 695 4256 Σεαυτὸν
727 4202 1119 4267 σκανδαλίζεις,
1158 4204 1251 4257 καὶ
1278 4205 1340 4256 οὺ
1378 4204 1469 4256 τὸν
1502 4203 1694 4271 Λόγον.
1728 4204 1865 4255 Σαυ-

366 4336 380 4365 ¹
408 4334 425 4386 I
458 4336 587 4389 Cor.
612 4352 674 4402 ll,
721 4335 801 4396 1‘2,
836 4336 924 4391 15.
1003 4337 1024 4366 ¹
1053 4336 1173 4391 Act.
1206 4352 1283 4398 ιχ,
1321 4337 1375 4391 5.

1980 3122 2208 3169 sanctus
2246 3113 2545 3183 Apostolus
2586 3131 2685 3171 cur
2732 3118 2882 3173 istud
2913 3119 3112 3177 dixerit
3153 3124 3314 3179 nobis
3359 3126 3433 3180 ita
3472 3128 3560 3182 de-

1980 3205 2153 3259 clarat
2185 3224 2198 3259 :
2232 3205 2347 3260 Nos
2395 3216 2570 3261 autem
2604 3207 2859 3275 Spiritum
2889 3211 2984 3265 Dei
3022 3216 3337 3283 accepimus,
3379 3227 3435 3271 ut
3471 3235 3562 3274 co-

1978 3309 2294 3362 gnoscamus
2331 3311 2447 3366 qua:
2468 3312 2500 3348 a
2526 3296 2630 3349 Deo
2654 3296 2856 3352 donata
2882 3300 2991 3371 2ο
3010 3313 3131 3354 sunt
3159 3304 3332 3368 nobis,
3361 3323 3478 3375 qua:
3511 3318 3562 3363 et

1983 3384 2245 3452 loquimur
2285 3400 2387 3437 non
2428 3384 2713 3454 disciplina
2744 3393 3066 3457 comparatis
3110 3393 3236 3445 ullis
3287 3398 3562 3463 sapientia

1982 3471 2169 3536 verbis,
2212 3473 2304 3527 sed
2336 3475 2551 3529 docente
2595 3474 2801 3545 Spiritu
2832 3488 3015 3533 sancto
3047 3481 3272 3547 tradita,
3304 3486 3568 3554 spiritua-

1983 3562 2119 3617 libus
2149 3564 2453 3631 spiritualia
2490 3566 2872 3636 conferentes‘,
2908 3578 3015 3627 etc.
3048 3571 3220 3642 Igitur
3249 3574 3343 3630 Dei
3386 3577 3566 3647 Spiri-

1981 3656 2073 3709 tus
2111 3670 2141 3711 a
2185 3654 2297 3711 Deo
2342 3673 2453 3712 non
2495 3668 2582 3713 est
2625 3659 2859 3727 alienus,
2910 3663 3111 3734 alioqui
3166 3665 3262 3721 Dei
3293 3670 3564 3737 profunda

1981 3748 2257 3816 quomodo
2309 3755 2687 3807 scrutaretur?
2741 3750 2824 3806 Tu
2884 3770 3033 3819 vero,
3088 3756 3267 3812 inanis
3320 3759 3563 3828 gloriolae

1981 3836 2199 3914 cupide,
2244 3837 2338 3907 qui
2376 3848 2551 3893 tecum
2596 3841 2714 3909 ipse
2759 3859 2990 3913 pugnas,
3027 3846 3156 3914 quid
3204 3847 3421 3901 tandem
3461 3864 3559 3901 no-

1982 3926 2065 3981 bis
2114 3910 2348 3982 aﬂ‘eres?
2396 3930 2526 3999 quid
2578 3933 2627 3985 ei
2682 3910 2773 3999 qui
2808 3910 2951 3988 bello
2995 3910 3179 3988 vexari
3224 3952 3333 3992 non
3380 3948 3560 4007 potest

1982 4027 2176 4087 sponte
2200 4019 2401 4072 bellum
2438 4022 2767 4076 denuntias?
2789 4024 2921 4092 quid
2963 4027 3434 4098 inexpugnabilem
3461 4048 3559 4097 op-

1982 4108 2450 4177 pugnas‘iDurum
2479 4111 2575 4164 tibi
2597 4121 2673 4164 est
2700 4113 2982 4169 calcitrare
3013 4127 3197 4170 contra
3228 4120 3555 4174 stimulum'.

1982 4197 2361 4270 Tibimetipsi,
2421 4217 2530 4255 non
2590 4200 2766 4258 Verbo
2842 4204 3199 4262 oﬂeusioucm
3263 4210 3429 4278 paris.
3483 4209 3558 4265 Te

363 4487 477 4580 μδ)
506 4488 607 4580 Δίὰ
638 4490 990 4572 προφάσεως
1034 4491 1410 4580 ἐρεσχελξας.
1452 4492 1751 4548 Cavillandi
1788 4494 1866 4580 .lio

1977 4497 2213 4580 undique
2273 4497 2600 4580 submovere
2644 4506 3094 4580 pertentant_;_et
3140 4516 3262 4557 cum
3310 4519 3370 4558 ea
3422 4507 3559 4563 satis

286 4559 475 4632 liidine
501 4568 558 4611 et
589 4559 879 4616 occasione
924 4562 1193 4632 prodiisse
1245 4563 1311 4615 ad
1339 4578 1493 4615 suam
1536 4579 1709 4632 usque
1738 4572 1867 4617 teta-

289 4638 395 4699 tem
428 4628 660 4699 haereses
686 4639 869 4699 atque
908 4628 1227 4691 schismata,
1268 4632 1488 4699 scripsit
1522 4628 1706 4685 hoe-in
1748 4636 1868 4688 loco

289 4696 654 4772 Epiphanius.
681 4696 816 4772 Illud
853 4700 995 4752 idem
1036 4701 1158 4768 jure
1204 4707 1261 4772 et
1304 4696 1503 4772 merito
1537 4701 1717 4772 dicere
1743 4718 1868 4772 pos-

288 4782 483 4819 sumus
522 4776 576 4820 et
623 4768 691 4821 de
745 4769 853 4822 illis
904 4784 1030 4840 qua;
1060 4777 1190 4823 sunt
1232 4769 1488 4839 deinceps
1526 4770 1593 4823 ad
1628 4768 1871 4840 praesens

290 4851 469 4902 usque
504 4845 720 4905 tempus
750 4849 972 4892 exortae.
1000 4838 1104 4903 Qui
1153 4838 1715 4906 ejusmodiscandala
1754 4858 1867 4895 mo-

291 4911 443 4975 vent,
475 4906 787 4975 plermuque
822 4908 1001 4975 pravis
1032 4908 1337 4970 desideriis,
1372 4908 1697 4965 inordinatis
1737 4912 1867 4965 alie—

289 4973 495 5035 clibus,
526 4973 753 5041 partiuin
799 4973 1001 5047 studio,
1035 4979 1287 5047 exagitati
1341 4980 1602 5031 adversus
1645 4983 1871 5033 catholi-

288 5057 411 5114 cam
444 5054 783 5097 exacuuntur
822 5046 1159 5101 Eeelesiam.’
1196 5047 1422 5101 Constat
1468 5049 1664 5114 quibus
1710 5066 1871 5103 exor-

288 5111 400 5164 diis
466 5127 529 5166 ae
567 5115 734 5167 veluti
780 5116 1083 5169 seminibus
1116 5117 1377 5170 debeatur
1424 5111 1660 5171 defectio
1710 5118 1871 5173 Joan-

286 5181 548 5254 nis_il|ius_
576 5182 830 5245 Wicklef,
858 5183 1243 5239 Joannisllnss
1268 5203 1282 5251 ;
1312 5186 1510 5254 quibus
1537 5185 1865 5252 Lulherana,

283 5251 493 5327 quibus
520 5252 839 5327 Anglicana,
876 5254 1179 5319 Quaaritant
1219 5251 1427 5327 deinde
1451 5272 1586 5324 quas
1628 5251 1869 5327 proferre

284 5321 503 5397 possint
536 5325 867 5397 secessionis
902 5340 1098 5397 causas
1128 5340 1141 5387 ;
1172 5340 1299 5397 non,
1344 5321 1487 5397 enim
1541 5321 1659 5381 sine
1700 5344 1867 5382 causa

283 5392 681 5465 ipsanientium
720 5408 880 5465 more
916 5394 1000 5462 agi
1041 5408 1111 5465 se,
1135 5394 1306 5449 videri
1346 5395 1549 5465 volunt.
1598 5397 1659 5449 Et
1704 5415 1872 5465 quan-

282 5456 590 5535 doquidem
619 5463 821 5535 veritas
847 5456 977 5535 noui
1014 5463 1117 5516 nisi
1172 5464 1397 5519 subdola
1440 5466 1649 5535 ratione
1685 5456 1866 5535 impeti

284 5535 489 5593 potest.
528 5530 592 5583 ad
622 5532 999 5586 cavillationes
1047 5548 1103 5587 se
1132 5543 1475 5589 convertunt.
1515 5534 1709 5589 Mirum
1743 5530 1868 5593 hinc

281 5609 491 5669 quanta
528 5599 747 5653 licentia
786 5616 1057 5669 quamque
1106 5604 1467 5667 intoleranda,
1512 5613 1735 5667 temere,
1772 5624 1869 5661 au-

280 5666 510 5731 dacter,
574 5668 916 5735 impudenter
953 5666 1272 5732 debaceliari
1329 5677 1537 5733 soleant
1569 5696 1579 5730 :
1618 5666 1871 5745 dogmata

659 5759 927 5824 Pnaoc.
958 5764 1072 5828 Gn.
1123 5769 1337 5837 XLIII.

1973 4569 2125 4639 lirma
2157 4567 2464 4639 inveniant,
2501 4578 2595 4622 aut
2644 4567 2807 4639 impie
2872 4572 3147 4637 rejiciunt,
3204 4582 3297 4626 aut
3331 4584 3388 4628 ut
3435 4579 3560 4630 sim-

1970 4637 2299 4711 plicioribus
2326 4636 2506 4689 fucum
2547 4636 2747 4711 faciant
2775 4648 2829 4692 et
2858 4636 2946 4692 illa
2968 4642 3363 4711 reprehendere
3389 4654 3441 4698 et
3469 4646 3560 4699 de-

1971 4713 2183 4760 struere
2212 4705 2531 4777 videantur,
2579 4708 2813 4762 miscent
2842 4705 3108 4777 quadrata
3158 4712 3426 4775 rotundis,
3465 4715 3557 4767 do-

1973 4784 2151 4849 gmata
2190 4790 2297 4827 non
2340 4774 2791 4849 distinguunt‘ab
2834 4774 3055 4849 iisquae
3091 4782 3155 4832 ad
3186 4781 3551 4849 disciplinam,

1972 4844 2039 4897 ad
2091 4858 2289 4918 mores,
2329 4844 2395 4897 ad
2426 4846 2800 4909 caeremonias,
2856 4848 2921 4901 ad
2952 4844 3113 4901 'ritus
3163 4844 3430 4918 spectant.
3491 4851 3553 4904 Et

1971 4912 2114 4982 quod
2156 4915 2283 4985 haec
2335 4930 2433 4983 pro
2477 4924 2780 4985 temporum
2828 4927 2990 4985 atque
3045 4912 3285 4974 locorum
3334 4920 3552 4975 diversi-

1972 4992 2081 5035 tate
2138 4983 2350 5036 divcrsa
2417 4983 2709 5053 aliquando
2758 4983 2959 5040 fuerint
3030 4995 3083 5041 et
3134 5006 3256 5045 esse
3318 4990 3551 5049 valeant.

1972 5054 2339 5127 inconstantis
2380 5057 2527 5108 circa
2574 5056 2749 5127 ﬁdem
2785 5058 3066 5127 religionis
3107 5061 3273 5113 animi
3327 5074 3427 5113 nos
3458 5078 3557 5116 ca-

1972 5123 2205 5199 tholicos
2240 5128 2541 5199 postulant.
2574 5142 2675 5181 nos
2722 5123 3003 5199 damnant,
3038 5130 3165 5183 dum
3218 5130 3349 5199 ipsis
3388 5134 3554 5185 animi

1972 5194 2310 5249 volubilitate
2364 5204 2417 5248 et
2500 5196 2870 5250 inconstantia
2932 5199 3006 5251 nil
3073 5194 3414 5254 familiarius.
3475 5204 3555 5255 An

1974 5262 2086 5337 luce
2164 5270 2218 5316 et
2279 5264 2561 5337 ejusmodi
2612 5268 2715 5318 alia
2777 5276 2978 5337 temere
3026 5280 3438 5337 exaggerentur,
3488 5288 3556 5325 an

1974 5332 2154 5400 potius
2186 5348 2310 5386 vera
2351 5335 2479 5397 sint,
2525 5335 2781 5389 Ecclesiae
2826 5332 3187 5391 demonstrat.
3217 5340 3463 5393 historia.
3500 5341 3555 5395 In

1971 5418 2032 5457 ca
2076 5402 2320 5477 proiecto
2373 5412 2614 5477 apparet,
2657 5408 2861 5477 quilms
2878 5408 3094 5477 artibus
3147 5408 3418 5477 Pelagius,
3451 5410 3556 5466 Ne-

1973 5472 2554 5545 st_orius,_ICuIXches;
2597 5477 2796 5543 quibus
2848 5474 3231 5545 Monothelitze,
3278 5472 3559 5534 l'cnuoma-

1977 5541 2063 5592 chi
2091 5558 2104 5604 ;
2131 5542 2328 5611 quibus
2356 5540 2628 5606 ’Photius,‘
2658 5545 2917 5596 Calvinus
2960 5545 3195 5604 haereses
3220 5540 3558 5611 ’ἰιιιιυιειηὶηε

1979 5626 2127 5676 suas,
2166 5610 2417 5665 inductas
2448 5612 2937 5667 coustabilivcrint.

3169 5779 3209 5838 Si
