3992 6198
351 287 422 344 49
1773 277 2214 334 ANCORATUS.
3552 267 3626 322 50

353 397 428 459 ὡς
475 395 705 467 ἔπρεπε,
746 393 1005 465 μειζόνως
1035 396 1401 466 τετιμημένος
1429 395 1533 450 ὑπὸ
1569 396 1664 449 τοῦ
1711 398 1945 468 Πατρός.

2072 397 2198 452 :nim
2234 397 2319 452 vel
2351 396 2466 466 ipse
2497 400 2767 448 testatur:
2803 391 2966 444 Pater
2993 405 3134 443 meus
3165 391 3336 455 major
3364 402 3441 439 me
3477 380 3584 439 est'
3606 421 3623 437 .

363 487 518 541 Ἔδει
552 486 662 556 γὰρ
689 484 901 554 ἀληθῶς
937 484 1030 538 τὸν
1071 487 1295 556 γνήσιον
1325 487 1451 539 Υἱὸν
1487 489 1653 558 τιμᾷν
1680 487 1771 541 τὸν
1815 488 1943 541 ἴδιον

281 572 284 576 ’
370 577 609 647 Πατέρα,
643 576 725 628 ἵνα
746 575 895 647 δείξῃ
929 576 1030 646 τὴν
1059 577 1410 646 γνησιότητα.
1441 577 1565 641 Πῶς
1598 578 1656 630 δὲ
1693 579 1755 632 σὺ
1797 579 1946 649 νομί-

373 669 485 732 ζεις
515 667 733 737 μείζονα
771 662 911 719 εἶναι
968 667 1171 732 αὑτόν;
1209 668 1572 739 περιφερεὶᾳ;
1626 669 1658 739 ἢ
1698 669 1874 740 δγκῳ;
1910 669 1944 738 ἦ

375 759 578 827 χρόνῳς
611 757 643 827 ἢ
685 757 899 828 καιρῷ;
939 757 972 827 ἢ
1009 755 1135 828 ἀξία
1161 773 1175 822 ;
1205 757 1238 829 ἢ
1275 758 1526 828 θεότητι;
1566 758 1598 827 ἢ
1644 757 1944 827 ἁοανασίας

371 849 400 915 ἦ
446 848 745 917 ἀϊδιότητις
798 847 891 918 Μὴ
939 846 1113 901 ταῦτα
1165 847 1372 917 νόμιζε.
1417 849 1578 901 Οὐδὲν
1621 848 1728 919 γὰρ
1777 850 1834 901 ὲν
1879 851 1947 919 τῇ

366 937 576 1008 θεότητι
623 938 811 993 ἄνισον
856 938 1094 1010 ὑπάρχει
1136 940 1272 1010 πρὸς
1308 940 1398 993 τὸν
1429 941 1577 997 Υἱόν.
1614 940 1774 994 Ἀλλὰ
1816 940 1951 993 καθὸ

365 1029 552 1100 Πατὴρ
571 1031 600 1082 6
628 1031 821 1102 Πατήρ
854 1032 993 1097 ἐστι,
1017 1032 1111 1084 καὶ
1151 1031 1285 1084 καθὸ
1307 1032 1433 1094 Υἱὸς
1451 1033 1672 1103 γνήσιος
1697 1033 1832 1102 τιμᾷ
1859 1031 1950 1084 τὸν

365 1119 560 1172 ἑαυτοῦ
607 1122 830 1191 Πατέρα
853 1137 868 1151 ο
898 1120 1021 1174 οὔτε
1062 1121 1171 1192 γὰρ
1223 1124 1369 1192 ὄγκῳ
1419 1123 1647 1194 φέρεται
1679 1122 1740 1176 τὸ
1775 1119 1948 1186 Θείον,

365 1208 452 1260 ἵνα
499 1209 804 1280 ὑπέρογκος
835 1208 932 1262 τοῦ
990 1207 1190 1282 Υἱοῦῇ
1246 1213 1273 1263 6
1319 1212 1545 1282 Πατήρ·
1605 1211 1728 1264 οὔτε
1775 1210 1952 1281 χρόνῳ

367 1300 666 1354 ὑποπίπτει
694 1339 709 1364 ,
760 1301 847 1352 ἴνα
892 1301 1228 1373 ὑπέρχρονος
1273 1302 1301 1352 6
1349 1302 1539 1371 Πατὴρ
1581 1302 1807 1372 γένηται
1857 1299 1951 1354 τοῦ

370 1391 538 1442 Υἱοῦο
590 1389 714 1443 οὑδὲ
781 1389 860 1460 τῷ
904 1390 1029 1459 ὕψει
1081 1391 1320 1461 μερικῶς
1360 1391 1616 1445 τάττεται
1665 1393 1692 1444 6
1740 1393 1951 1461 Πατήρ.

371 1483 563 1547 Πάντα
584 1483 691 1554 γὰρ
714 1483 958 1554 περιέχει
981 1483 1164 1546 αὑτὸς,
1185 1484 1276 1536 ὑπ’
1298 1483 1510 1546 οὐδενὸς
1533 1484 1918 1554 περιεχόμενος
1937 1500 1950 1513 °

373 1576 460 1627 ἵνα
507 1575 537 1626 6
577 1575 703 1637 Υἱὸς
749 1573 1144 1645 ὑπερϐεϐηκώς
1183 1576 1374 1627 νοοῖτο.
1413 1573 1690 1629 Ἐκάθισε
1727 1573 1837 1645 γὰρ
1887 1574 1957 1627 ἐν

365 1666 538 1734 δεξιᾷ
582 1666 692 1720 τοῦ
723 1666 988 1736 Πατρός,
1038 1667 1132 1718 καὶ
1177 1666 1278 1719 οὑκ
1309 1662 1482 1730 εἶπεν,
1534 1665 1837 1734 Εἰσῆλθεν
1869 1667 1956 1731 εις

371 1758 479 1810 τὸν
507 1758 762 1826 Πατέρα,
827 1757 916 1810 ἵνα
956 1757 1239 1812 Σαϐέλλιον
1283 1758 1572 1830 παραλύσῃ
1615 1758 1706 1812 καὶ
1741 1758 1956 1829 Ἀρειον

373 1848 588 1902 καθέλοι
620 1850 720 1916 τῆς
750 1847 917 1902 αὑτοῦ
956 1848 1324 1919 βλασφημίας.

2054 488 2538 543 Verumcnimvero
2569 483 2740 539 Filius
2771 482 2838 537 ad
2864 480 3247 535 honorandum
3283 477 3496 531 Patrem
3521 475 3625 530 ista

2053 580 2214 642 dixit,
2250 579 2305 633 id
2347 578 2493 648 quod
2534 578 2728 631 merito
2765 574 3020 636 faciebat,
3055 581 3242 640 utpote
3279 569 3539 638 majorem
3571 575 3627 621 et

2054 674 2170 743 ipse
2196 673 2251 726 in
2283 671 2502 726 modum
2532 671 2834 724 honoratus
2865 681 2893 718 a
2928 665 3110 718 Patre.
3144 661 3444 732 Oportebat
3476 659 3625 714 enim

2055 765 2244 832 utique
2287 778 2606 833 germanum
2657 759 2851 814 Filium
2899 757 3118 828 proprio
3171 754 3319 808 Patri
3363 754 3626 807 honorem

2056 853 2318 914 tribuere,
2364 859 2423 904 ut
2464 863 2786 920 germanum
2831 863 2953 902 sese
3008 845 3333 900 declararet.
3367 840 3450 894 Tu
3501 841 3629 895 vero

2057 958 2162 1014 qua
2193 942 2413 997 tandem
2449 943 2502 995 in
2533 957 2592 996 re
2621 941 2882 1009 majorem
2917 939 3068 993 illum
3096 951 3220 992 esse
3261 932 3630 1004 pronuntias?

2058 1033 2300 1087 ambitu?
2330 1048 2398 1086 an
2443 1033 2618 1086 mole?
2647 1046 2716 1084 an
2749 1030 3030 1100 tempore?
3071 1043 3138 1081 an
3170 1024 3528 1095 tempestate?
3559 1039 3628 1076 an

2058 1121 2356 1193 dignitate?
2385 1137 2451 1174 an
2483 1121 2807 1176 divinitate?
2832 1135 2898 1174 an
2924 1115 3370 1172 immortalitate?
3389 1130 3457 1167 an
3481 1122 3638 1167 aeter—

2060 1215 2270 1268 nitate?
2294 1211 2437 1266 Cave
2467 1210 2570 1266 ista
2606 1211 2702 1266 tibi
2735 1209 3090 1279 persuadeas.
3119 1206 3262 1261 Nihil
3289 1205 3432 1260 enim
3463 1212 3548 1258 est
3577 1204 3632 1256 in

2060 1305 2346 1360 divinitate
2402 1320 2511 1359 non
2551 1303 2758 1372 zequale
2792 1300 2950 1355 Filio.
2985 1299 3093 1354 Sed
3134 1307 3405 1368 quatenus
3447 1295 3634 1360 Pater,

2060 1392 2220 1448 Pater
2247 1403 2358 1461 est;
2387 1402 2441 1449 et
2469 1402 2739 1464 quatenus
2760 1393 2934 1446 Filius
2963 1403 3256 1460 germanus
3282 1393 3385 1449 est,
3417 1384 3635 1439 Patrem

2062 1485 2315 1539 honorat.
2365 1483 2499 1538 Nam
2549 1499 2728 1554 neque
2764 1483 2905 1538 mole
2942 1488 3161 1535 constat
3201 1479 3364 1539 Deus,
3414 1483 3473 1530 nt
3516 1475 3638 1544 ejus

2063 1577 2426 1645 amplitudine
2470 1575 2672 1629 Filium
2729 1580 2950 1644 superet
2988 1571 3185 1637 Pater;
3234 1585 3412 1639 neque
3452 1568 3640 1622 subest

2063 1669 2318 1737 tempori,
2355 1677 2412 1721 ut
2435 1665 2574 1722 Filio
2602 1675 2850 1737 tempore
2871 1666 2945 1721 sit
2972 1665 3218 1719 anterior
3245 1663 3438 1726 Pater;
3465 1675 3641 1730 neque

2064 1757 2117 1812 in
2154 1759 2371 1814 sublimi
2407 1758 2643 1828 quodam
2673 1758 2794 1812 loco
2825 1772 2890 1812 ex
2917 1765 3072 1826 parte
3104 1755 3423 1809 continetur
3452 1751 3635 1806 Pater.

1995 1839 2038 1894 Β
2071 1850 2355 1919 Siquidem
2401 1851 2583 1904 omnia
2621 1849 2739 1919 ipse
2783 1849 3167 1919 complectitur
3209 1863 3240 1900 a
3288 1845 3442 1900 nullo
3489 1857 3642 1898 com-

376 1942 701 2009 prehensus.
749 1951 808 1996 ut
855 1941 999 1995 infra
1045 1941 1348 1997 consistere
1399 1939 1597 1995 Filium
1648 1940 1946 2011 intelligas.
1990 1940 2139 1995 Sedit
2164 1943 2308 1997 enim
2333 1942 2401 1995 ad
2427 1941 2701 1996 dexteram
2725 1939 2930 1995 Patris.
2980 1937 3098 1994 Non
3142 1937 3302 2002 dixit,
3361 1935 3642 2006 Ingressus

379 2042 454 2085 est
492 2033 547 2085 in
582 2031 812 2096 Patrem,
848 2040 905 2086 ut
940 2031 1232 2087 Sabellium
1265 2032 1536 2089 refelleret
1577 2045 1631 2089 et
1659 2035 1773 2088 Arii
1805 2035 2197 2104 blasphemiam
2232 2043 2521 2090 everteret.

461 2120 569 2174 IH'.
619 2122 718 2174 Διὰ
748 2121 900 2175 τοῦτο
933 2123 1007 2194 μὴ
1052 2122 1205 2195 ζήτει
1241 2122 1310 2178 τὰ
1358 2125 1434 2194 μὴ
1483 2124 1793 2196 ζητούμενα
1823 2123 1959 2191 (IS),

384 2210 524 2264 ἀλλὰ
588 2212 724 2281 τίμα
781 2213 869 2266 τὸν
919 2213 1084 2279 Υἰὸν,
1137 2215 1225 2266 ἵνα
1278 2216 1370 2267 τὸν
1427 2215 1650 2285 Πατέρα
1697 2214 1958 2284 τιμήσῃς.

394 2301 630 2355 Ἀκούων
662 2303 717 2355 δὲ
748 2304 875 2374 περὶ
905 2305 998 2356 τοῦ
1052 2304 1186 2357 Θεοῦ
1207 2321 1221 2336 ο
1261 2305 1474 2371 Οὐδεὶς
1521 2305 1764 2374 ἀγαθὸς,
1797 2309 1850 2360 εὶ
1874 2305 1960 2374 μὴ

373 2389 464 2458 εἷς
490 2395 524 2446 ό
554 2393 720 2459 Θεὸς,
751 2393 826 2465 μὴ
855 2393 1135 2466 τολμήσῃς
1169 2396 1258 2450 διὰ
1300 2396 1360 2448 τὸ
1392 2397 1483 2448 τὸν
1528 2397 1655 2450 Υἱὸν
1695 2397 1966 2468 ὑπερϐαλ-

372 2485 575 2548 λόντως
594 2488 762 2556 τιμᾷν
788 2486 881 2538 τὸν
914 2487 1158 2557 Πατέρα,
1193 2489 1293 2541 οὑκ
1335 2488 1535 2556 ἀγαθὸν
1568 2489 1843 2559 ἀποφῆναι
1869 2489 1961 2542 τὸν

376 2575 527 2632 Υἱόν.
573 2574 710 2629 Οὔτε
749 2576 860 2648 γὰρ
921 2577 1252 2648 ἀρνούμενος
1305 2578 1496 2632 ἑαυτὸν
1540 2579 1744 2649 ἀγαθὸν
1788 2575 1958 2645 εἶναι,

377 2667 524 2734 λέγει
553 2665 644 2719 τὸν
689 2667 913 2738 Πατέρα
959 2669 1159 2736 ἀγαθὸν
1186 2710 1199 2732 ,
1234 2669 1370 2722 ἀλλὰ
1414 2668 1652 2741 τοσούτῳ
1695 2668 1962 2739 μειζόνως

375 2758 568 2812 ἑαυτὸν
603 2758 982 2812 ἀποκαλύπτει
1015 2760 1030 2790 ⁸
1060 2762 1120 2814 ὲν
1151 2745 1233 2831 τῷ
1255 2761 1354 2831 τὴν
1394 2760 1559 2830 τιμὴν
1590 2761 1683 2813 ἐπὶ
1711 2760 1800 2813 τὸν
1835 2758 1965 2814 ἴδιον

330 2924 334 2927 ξ
374 2848 543 2902 αὑτοῦ
573 2849 817 2921 Πατέρα,
847 2850 934 2902 ἵνα
979 2851 1090 2904 ἀπὸ
1125 2851 1226 2921 τῆς
1254 2850 1589 2922 ἀγαθότητος
1625 2849 1719 2904 τοῦ
1756 2850 1967 2920 Πατρδς

373 2936 596 3008 γνωσθῇ
631 2939 664 3007 ἡ
699 2938 902 3005 γνῶσις
929 2939 1030 3008 τῆς
1061 2938 1155 2992 τοῦ
1188 2939 1316 2992 Υῐοῦ
1338 2939 1433 2992 τοῦ
1462 2939 1597 2992 Θεοῦ
1626 2938 1963 3008 ἀγαθότητος

2133 2123 2322 2180 XVIII.
2364 2124 2729 2190 Quamobrem
2775 2137 2896 2192 qua:
2926 2121 3153 2175 minime
3181 2119 3352 2190 qureri
3399 2126 3638 2188 Oportet,

2064 2231 2134 2270 ne
2164 2215 2416 2285 quaerito,
2455 2215 2551 2271 sed
2594 2214 2806 2268 honora
2853 2211 3074 2278 Filium,
3109 2221 3169 2266 ut
3211 2221 3265 2267 et
3293 2210 3510 2266 Patrem
3546 2213 3642 2265 ho-

2067 2320 2252 2361 nores.
2302 2305 2441 2359 Cum
2483 2311 2667 2360 autem
2724 2304 2793 2357 de
2838 2302 2949 2358 Deo
3003 2302 3208 2356 dictum
3257 2302 3390 2356 illud
3427 2301 3587 2357 audis
3625 2320 3638 2355 :

2069 2395 2239 2451 Nemo
2261 2395 2447 2460 bonus,
2481 2397 2585 2449 nisi
2609 2395 2754 2450 solus
2781 2393 2920 2447 Deus
2947 2393 2990 2458 ³,
3020 2408 3129 2447 non
3154 2393 3277 2448 ideo
3303 2392 3449 2463 quod
3470 2391 3641 2448 Filius

2068 2486 2287 2544 Patrem
2338 2488 2670 2543 excellenter
2713 2487 2968 2552 honoret,
3023 2485 3222 2539 Filium
3277 2499 3387 2538 non
3437 2484 3642 2538 bonum

2067 2594 2191 2635 esse
2230 2580 2591 2649 pronuntiare
2625 2577 2851 2634 audeas.
2883 2576 3071 2647 Neque
3097 2575 3241 2631 enim
3276 2590 3399 2629 cum
3427 2573 3642 2628 Patrem

2069 2671 2273 2726 bonum
2303 2686 2427 2727 esse
2458 2669 2611 2734 dicit,
2646 2670 2850 2724 bonum
2881 2684 3006 2724 esse
3043 2667 3399 2737 semetipsum
3433 2673 3596 2736 negat
3629 2683 3641 2717 :

2074 2763 2188 2818 imo
2235 2778 2366 2818 vero
2407 2769 2563 2816 tanto
2604 2776 2665 2816 se
2712 2761 2991 2815 meliorem
3044 2774 3166 2814 esse
3218 2757 3492 2821 declarat,
3536 2769 3648 2826 quo

2074 2856 2334 2910 honorem
2365 2852 2516 2906 Patri
2547 2866 2649 2907 suo
2679 2850 2878 2913 defert,
2918 2857 2980 2904 ut
3001 2865 3068 2904 ex
3108 2848 3288 2903 Patris
3318 2848 3560 2902 bonitate
3578 2847 3647 2900 de

2071 2943 2194 2998 Filii
2242 2943 2334 2999 Dei
2376 2943 2622 2998 bonitate
2663 2949 2901 3004 constet,
2944 2939 3037 3010 qui
3085 2955 3116 2993 a
3162 2939 3306 2993 bono
3347 2936 3507 2992 Patre
3538 2935 3648 2990 Deo

376 3029 492 3082 ἀπὸ
522 3029 731 3097 ἀγαθοῦ
773 3030 988 3101 ΙΙατρὸς
1019 3030 1154 3084 Θεοῦ
1185 3031 1605 3103 γεγεννημένου.
1649 3030 1826 3101 Πολλὴ
1858 3029 1965 3101 γὰρ

2073 3036 2290 3107 genitus
2343 3043 2449 3092 est.
2511 3033 2725 3104 Quippe
2770 3046 2989 3088 summa
3036 3040 3122 3087 est
3169 3029 3373 3102 ingenii
3427 3030 3644 3083 illorum

378 3117 645 3189 ἁδρὰνεια
683 3118 790 3173 τῶν
841 3118 1166 3190 τολμώντων
1205 3121 1384 3189 λέγειν
1439 3121 1567 3193 περὶ
1602 3121 1696 3174 τοῦ
1738 3120 1870 3174 Υἱοῦ
1909 3121 1969 3174 τὸ

382 3207 648 3272 τοιοῦτον,
677 3211 774 3264 κᾶν
797 3229 856 3264 τε
884 3212 1091 3274 εἴποις⁸
1128 3207 1232 3278 Εἷς
1269 3213 1442 3266 ἐστιν
1474 3211 1696 3279 ἀγαθός
1740 3215 1772 3265 ὀ
1803 3211 1967 3277 Θεός.

400 3299 538 3351 Ἰδοὺ
563 3299 668 3371 γὰρ
709 3301 766 3353 ἐν
793 3301 1006 3366 πολλοῖς
1049 3301 1289 3357 διδάσκει
1319 3304 1466 3374 ἡμᾶς
1505 3306 1538 3374 ή
1586 3303 1706 3356 θεία
1756 3303 1794 3355 Γ
1802 3303 1970 3374 ραφὴ»

383 3389 618 3459 ἀγαθὸν
667 3392 908 3446 καλοῦσα
939 3392 1122 3448 παῖδα
1142 3395 1387 3463 πτωχὸν
1435 3394 1533 3448 καὶ
1586 3395 1809 3464 cogar
1855 3395 1968 3458 καὶ,

397 3481 634 3550 Ἀΐαθὸς
660 3483 771 3552 (19)
803 3482 1088 3551 Σαμουὴλ
1111 3486 1261 3553 μετὰ
1292 3483 1439 3537 Θεοῦ
1468 3483 1566 3536 καὶ
1611 3483 1967 3552 ἀνθρώπων·

388 3575 508 3636 xui,
547 3574 784 3642 Ἀγαθός
809 3569 888 3642 ἦν
915 3573 1115 3628 Σαοὺλ
1143 3573 1274 3640 υἱὸς
1304 3573 1412 3640 Κὶς
1436 3574 1504 3628 ἐκ
1535 3573 1738 3644 φυλῆς
1768 3579 1974 3629 Βενια-

382 3664 510 3733 μὶν,
544 3664 925 3733 ὑψηλότερος
963 3665 1190 3731 παντὸς
1231 3666 1470 3734 Ἰσραὴλ
1496 3668 1842 3737 ὑπερωμίαν
1874 3667 1973 3721 καὶ

382 3755 591 3810 ἐπάνω
611 3775 624 3788 ο
665 3759 778 3824 καὶ,
818 3758 1070 3826 Ἀγαθὸν
1103 3760 1462 3826 πορεύεσθαι
1503 3761 1592 3826 εἰς
1623 3755 1792 3814 οἷκον·
1831 3759 1974 3813 πέν-

385 3856 565 3914 θους,
609 3849 647 3916 ἣ
704 3852 793 3915 εἰς
831 3844 1002 3904 οἶκον
1048 3851 1270 3904 πότου·
1303 3851 1418 3915 καὶ,
1445 3850 1736 3916 Ἀνοιξον,
1779 3853 1974 3920 Κύριε,

387 3939 500 3990 τὸν
520 3940 804 4008 οὐρανὸν,
832 3941 937 3992 τὸν
961 3941 1271 4010 θησαυρόν
1291 3957 1409 3996 σου
1439 3942 1546 3996 τὸν
1572 3943 1799 4012 ἀγαθόν
1817 3958 1830 3972 ·
1859 3943 1974 4007 καὶ,

405 4029 647 4097 Ἀγαθός
678 4032 862 4100 λόγος
893 4031 1044 4098 ὑπὲρ
1086 4030 1239 4101 δόμα
1261 4049 1274 4064 ⁶
1311 4034 1425 4099 καὶ,
1462 4034 1710 4104 Ἀγαθός
1753 4035 1785 4086 ό
1819 4033 1978 4085 κύων

391 4121 426 4170 ὀ
458 4117 568 4178 ὧν
599 4120 751 4188 ὑπὲρ
780 4120 890 4174 τὸν
923 4120 1147 4176 λέοντα
1177 4121 1284 4176 τὸν
1309 4126 1561 4193 νεκρόν·
1594 4124 1710 4189 καὶ,
1741 4122 1980 4192 Ἀγαθὸν

2069 3127 2442 3190 imbecillitas,
2489 3126 2582 3197 qui
2623 3123 2895 3194 ejusmodi
2929 3122 3191 3193 quiddam
3231 3122 3436 3176 audent
3482 3119 3644 3191 proli-

2071 3219 2173 3274 teri
2216 3220 2283 3274 de
2331 3215 2495 3280 Filio,
2541 3214 2762 3271 tametsi
2813 3214 2868 3268 in
2917 3213 3157 3270 medium
3208 3211 3343 3267 illud
3398 3211 3643 3266 afl‘eras:

2075 3309 2222 3365 Unus
2248 3321 2325 3366 est
2355 3310 2518 3364 bonus
2549 3308 2712 3363 Deus.
2771 3305 2907 3361 Nam
2949 3307 3226 3378 plerisque
3252 3305 3308 3360 in
3340 3305 3473 3361 locis
3501 3303 3650 3360 Scri-

2070 3411 2230 3474 ptura
2263 3417 2364 3458 nos
2389 3401 2726 3457 contrarium
2757 3398 2950 3457 edocet
2977 3419 2991 3454 :
3032 3399 3269 3469 primum
3299 3413 3426 3452 cum
3459 3398 3651 3453 bonum

2072 3494 2310 3564 appellat
2352 3493 2650 3547 mendicum
2698 3499 2748 3546 et
2790 3492 3083 3561 sapientem
3122 3505 3344 3560 puerum
3373 3489 3416 3544 ⁸.
3459 3488 3592 3544 Item
3633 3507 3647 3543 :

2075 3583 2291 3640 Samuel
2313 3584 2475 3639 bonus
2491 3593 2604 3639 erat
2628 3599 2745 3637 cum
2773 3582 2877 3638 Deo
2892 3593 2940 3636 et
2956 3582 3310 3637 hominibus".
3335 3581 3433 3636 Et:
3466 3581 3645 3636 Bonus

2073 3690 2181 3734 erat
2229 3677 2362 3732 Saul
2397 3678 2543 3746 [ilius
2589 3675 2679 3732 Cis
2706 3693 2734 3731 e
2785 3675 2925 3730 tribu
2964 3675 3265 3744 Benjamin,
3293 3673 3455 3726 altior
3485 3672 3653 3725 omni-

2076 3770 2170 3822 bus
2226 3767 2494 3821 Israelitis
2521 3766 2584 3820 ab
2615 3766 2846 3820 humeris
2877 3776 2925 3819 et
2956 3781 3120 3834 supra
3146 3766 3188 3819 °.
3239 3765 3375 3818 Item
3405 3781 3418 3816 :
3445 3762 3654 3815 Bonum

2076 3871 2152 3914 est
2183 3862 2259 3915 ire
2291 3858 2360 3913 ad
2378 3858 2592 3913 domum
2617 3859 2812 3923 luctus,
2848 3874 3007 3926 quam
3031 3856 3101 3910 ad
3118 3856 3334 3908 domum
3363 3855 3586 3908 convivii
3611 3855 3652 3905 ⁷.

2078 3950 2256 4005 Tum:
2293 3951 2474 4017 Aperi,
2510 3949 2752 4011 Domine,
2791 3949 3001 4014 cwlum,
3047 3947 3350 4001 thesaurum
3393 3955 3540 3998 tuum
3567 3945 3656 3998 bo-

2079 4057 2202 4094 num
2231 4040 2273 4093 ⁸.
2313 4039 2491 4094 Item:
2537 4038 2926 4092 Bonus~sermo
2983 4054 3088 4108 pm
3145 4052 3376 4090 mamere.
3432 4035 3657 4090 Necnon

2079 4141 2133 4188 et
2164 4131 2297 4186 illud
2327 4149 2341 4185 :
2380 4129 2574 4185 Melior
2606 4138 2683 4183 est
2721 4129 2870 4183 canis
2901 4129 3045 4183 vivus
3089 4128 3233 4182 leone
3261 4138 3470 4183 mortuo
3496 4128 3539 4182 ’.
3572 4126 3654 4188 Et.

388 4207 505 4261 δύο
547 4209 697 4277 ὑπὲρ
743 4211 851 4263 τὸν
893 4209 1029 4264 ἕνα·
1067 4211 1188 4276 καὶ,
1243 4213 1461 4282 Ἀγαθὴ
1507 4213 1735 4282 ἐσχάτη
1783 4214 1965 4283 λόγωι

2082 4219 2274 4275 Melius
2302 4229 2378 4274 est
2399 4218 2532 4274 duos
2569 4235 2700 4284 esse,
2731 4234 2890 4289 quam
2925 4235 3086 4272 unum
3119 4219 3183 4273 ³ο.
3221 4217 3305 4284 Et,
3339 4217 3530 4272 Melior
3565 4230 3643 4272 est

387 4301 550 4367 ὑπὲρ
581 4300 776 4368 ἀρχὴν
798 4317 810 4330 ·
841 4301 955 4365 καὶ,
993 4303 1062 4356 Ei
1098 4302 1267 4372 ὑμεῖς
1309 4305 1563 4372 πονηροὶ
1589 4306 1760 4370 ὄντες
1781 4303 1981 4359 οῖδατε

2084 4313 2205 4382 ﬁnis
2235 4313 2490 4366 sermonis
2543 4311 2802 4379 principio
2834 4309 3053 4365 “.ltem
3087 4331 3099 4366 :
3144 4309 3204 4366 Si
3235 4327 3322 4365 vos
3361 4311 3491 4365 mali
3530 4328 3649 4365 cum

391 4395 627 4461 διῃιατα
666 4391 852 4460 ἀγαθὰ
893 4392 1125 4449 διδόναι
1175 4394 1299 4461 τοῖς
1332 4396 1569 4463 τέκνοις
1618 4396 1802 4468 ὑμῶν,
1849 4398 1965 4467 περὶ

2079 4400 2218 4465 sitis,
2238 4399 2403 4453 nostis
2437 4397 2574 4453 bona
2605 4396 2714 4468 24
2748 4395 2880 4451 data
2907 4399 3037 4452 dare
3063 4398 3193 4469 [iliis
3224 4399 3408 4453 vestris
3443 4399 3485 4428 ¹²
3511 4419 3524 4455 :
3561 4398 3656 4454 ubi

471 4510 488 4541 ¹
522 4509 679 4564 Deest
704 4508 949 4563 verbum.
1027 4513 1047 4542 ’
1070 4509 1228 4566 Joan.
1259 4527 1372 4574 xtv,
1403 4512 1492 4567 28.

1583 4515 1603 4545 ³
1627 4514 1758 4568 Luc.
1791 4529 1945 4574 xvul,
1981 4515 2063 4567 I9.
2143 4515 2394 4570 ‘Eccles.
2437 4529 2509 4583 Iv,
2544 4513 2630 4566 13.
2709 4511 2775 4565 'I
2807 4511 2940 4582 Reg.
2991 4530 3050 4577 ll,
3077 4515 3167 4570 9.6.
3236 4513 3257 4544 ⁸
3288 4513 3303 4566 Ι
3339 4512 3472 4583 Reg.
3500 4531 3574 4578 Ix,
3601 4515 3654 4565 ‘2.

391 4583 411 4612 '
435 4579 614 4635 Eccle.
648 4594 744 4644 vn,
771 4579 824 4633 5.
898 4581 918 4611 ⁸
942 4579 1106 4638 Νιιιιι.
1140 4598 1230 4647 sx,
1261 4582 1311 4639 ὑ.
1388 4584 1408 4614 ⁹
1434 4582 1614 4639 Eccle.
1642 4599 1718 4650 ιιι,
1749 4584 1803 4639 4.
1879 4583 1965 4636 ¹⁰Ι

2077 4601 2123 4639 e.
2163 4602 2235 4651 ιν,
2268 4586 2300 4640 9
2398 4583 2439 4614 ¹¹
2465 4582 2643 4638 Eccle.
2671 4598 2766 4650 vn,
2801 4584 2862 4638 9.
2892 4579 2944 4614 ³³
2981 4583 3171 4639 Matth.
3203 4600 3294 4648 vn,
3318 4585 3396 4639 Il.

397 4761 656 4834 Hebraeos
686 4760 965 4834 Christum
1020 4761 1308 4818 Dominum
1352 4765 1419 4819 ad
1471 4765 1695 4833 angelos
1753 4781 1976 4834 compa-

399 4833 686 4905 rans,__ait,
729 4831 981 4905 Τοσούτῳ
1019 4833 1282 4905 κρείττων
1314 4831 1603 4905 γενόμενος
1651 4836 1758 4889 τῶν
1796 4831 1978 4904 ἀγγέ-

398 4898 746 5022 λωνῇψιιιι
779 4901 848 4955 de
875 4898 965 4956 his
995 4898 1130 4957 satis
1159 4919 1256 4973 pro
1287 4898 1521 4960 instituti
1559 4898 1731 4960 nostri
1762 4898 1974 4961 ratione

401 4987 511 5022 tam
583 4985 799 5022 mmns.

422 4987 511 5024 am
543 4985 799 5024 animus.

394 4988 511 5041 jam
543 4988 799 5024 uisimus.

470 5039 583 5110 (18)
622 5039 719 5108 Μὴ
751 5038 905 5104 ζήτει
941 5040 1011 5094 τὰ
1034 5041 1122 5109 μὴ
1167 5042 1515 5112 ζητούμενα.
1552 5043 1840 5114 Epiphanii
1883 5044 1981 5099 do-

396 5116 906 5190 Cll-fligl-Ilu.lll.81.l_l_lp
961 5114 1491 5190 Opportunissimum
1555 5130 1673 5190 ρι’-ιιΔ
1720 5115 1978 5171 omnibus

397 5180 782 5261 subtilissitnis
812 5180 922 5261 illis
963 5180 1270 5261 rationibus
1302 5199 1442 5261 quas
1499 5180 1784 5261 versabant
1817 5202 1980 5255 supe-

401 5249 539 5328 riori
583 5249 638 5301 in
666 5247 1042 5328 adnotatione.
1079 5253 1256 5321 Atque
1282 5247 1596 5328 utinam__in_
1630 5256 1796 5328 rebus
1826 5247 1978 5328 theo-

403 5320 566 5398 logia:
597 5320 776 5398 sacris
802 5320 1434 5398 simplicitate,contenti
1465 5325 1599 5378 illud
1633 5325 1979 5398 impleverim

398 5385 683 5467 doctores,
720 5385 930 5467 Maiora
951 5399 997 5442 te
1024 5407 1086 5445 ne
1116 5394 1425 5467 qumsieris;
1455 5402 1617 5467 atque
1648 5385 1808 5447 ali-eui
1841 5395 1976 5451 fuis-

400 5464 534 5536 seu}.
557 5457 627 5509 ab
664 5457 873 5536 inutili,
918 5467 1011 5512 aut
1041 5457 1148 5536 non
1193 5465 1360 5518 semel
1407 5457 1717 5536 perniciosa
1750 5467 1981 5536 investif

401 5525 628 5606 gatione
668 5525 782 5606 illa.
825 5543 932 5595 qua
971 5533 1231 5606 qtlmritnr
1259 5548 1360 5606 cur
1402 5525 1543 5606 licus
1579 5535 1680 5587 hoc
1723 5535 1805 5587 vel
1848 5534 1980 5589 illud

405 5600 626 5678 fecerit,
680 5605 772 5678 aut
817 5600 1092 5678 quomodo
1143 5603 1348 5662 fecerit.
1407 5604 1520 5659 lleu
1571 5611 1777 5678 quanta
1847 5621 1982 5674 pace

407 5664 691 5721 frueretur
725 5663 1007 5722 Ecclesia!
1050 5688 1211 5740 quam
1261 5692 1444 5748 pauca:
1475 5663 1662 5732 essent
1705 5663 1980 5734 habre-ses!

2080 4779 2244 4836 quam
2271 4758 2671 4836 contractiores
2693 4757 2977 4836 theologia:
2999 4765 3266 4836 tractatus
3285 4758 3298 4810 !
3323 4758 3521 4836 quales
3533 4758 3658 4836 heu,

2081 4828 2384 4904 quantique
2421 4829 2723 4904 Christiani
2765 4830 3068 4904 essemus!
3111 4833 3178 4882 At
3223 4828 3556 4904 insatiabilis
3605 4831 3658 4882 in

2083 4898 2322 4960 humana
2359 4909 2540 4956 mente
2587 4898 2798 4953 sciendi
2855 4898 3167 4969 cupiditas,
3222 4898 3415 4953 odiosa
3466 4898 3658 4969 adver-

2084 4975 2354 5032 sariormn
2381 4970 2676 5026 morositas
2700 4977 2754 5023 et
2793 4967 3104 5038 improbum
3162 4967 3541 5039 oppugnanda}
3573 4985 3659 5022 vc-

2087 5045 2266 5100 ritalis
2295 5042 2560 5104 studium,
2588 5041 2973 5095 necessitatem
3004 5040 3163 5094 nobis
3187 5045 3445 5091 errarunt
3468 5054 3661 5107 quam-

2085 5117 2233 5179 dam,
2267 5113 2478 5183 litigiis,
2514 5111 2768 5183 salebris,
2799 5109 3392 5183 dillicillin_tis_nexiln_i_s
3424 5124 3542 5183 eam
3563 5110 3662 5183 im:

2085 5176 2326 5256 plicandi
2355 5176 2891 5256 'doetrinaln._qn._e
2935 5178 3263 5256 castissime
3314 5176 3551 5247 Virginis
3595 5180 3662 5231 ad

2087 5249 2279 5319 instar,
2313 5253 2580 5306 modestia
2618 5258 2670 5304 et
2712 5250 3066 5319 simplicitate
3099 5249 3290 5319 lubens
3321 5263 3414 5316 per
3445 5263 3502 5301 se
3533 5264 3665 5317 gau-

2084 5317 2598 5380 deret.VCaveamus
2627 5320 2793 5388 igitur
2821 5317 2891 5374 ire
2927 5318 3072 5386 quod
3117 5317 3309 5370 vitium
3365 5320 3666 5372 necessitas

2085 5395 2290 5454 intulit,
2322 5393 2531 5459 absque
2567 5388 2901 5443 necessitate
2930 5399 3022 5441 aut
3055 5402 3372 5456 sequamur,
3409 5396 3504 5440 aut
3538 5404 3662 5458 pt‘O-

2087 5466 2369 5519 vehamus.

2161 5528 2550 5603 (ιθ),ιειτιξι,ιιη
2591 5522 2659 5598 ἦν
2685 5541 2751 5581 co
2784 5527 2841 5580 in
2893 5525 3008 5603 loco
3041 5526 3354 5603 desiderari
3386 5542 3509 5603 cum
3549 5526 3659 5603 t1“-

2094 5592 2484 5657 tio‘ne'Pt-tavii
2517 5592 2742 5652 monent
2790 5605 2844 5651 et
2885 5596 3268 5666 probatissinm
3315 5596 3528 5651 Veteris
3561 5592 3669 5647 Τρ-

2095 5673 2351 5729 stamcnti
2377 5671 2623 5738 exetnpla
2658 5669 2866 5724 Graeca.
