  <div class='ocr_page' id='page_1' title='image "/cluster/home/n/w/nwhite01/storage/ocr_20150623/43/hvd.32044054272794/031.png"; bbox 0 0 3992 6198; ppageno 0'>
   <div class='ocr_carea' id='block_1_1' title="bbox 402 310 1976 376">
    <p class='ocr_par' dir='ltr' id='par_1_1' title="bbox 402 310 1976 372">
     <span class='ocr_line' id='line_1_1' title="bbox 402 310 1976 372; baseline 0.004 -7"><span class='ocrx_word' id='word_1_1' title='bbox 402 310 462 365; x_wconf 76' lang='grc'><strong>51</strong></span> <span class='ocrx_word' id='word_1_2' title='bbox 1811 318 1864 372; x_wconf 91' lang='lat' dir='ltr'><strong>S.</strong></span> <span class='ocrx_word' id='word_1_3' title='bbox 1909 318 1976 372; x_wconf 76' lang='lat' dir='ltr'><strong>El</strong></span> 
     </span>
    </p>
   </div>
   <div class='ocr_carea' id='block_1_2' title="bbox 2081 310 3641 376">
    <p class='ocr_par' dir='ltr' id='par_1_2' title="bbox 2081 320 3641 376">
     <span class='ocr_line' id='line_1_2' title="bbox 2081 320 3641 376; baseline -0.013 -4"><span class='ocrx_word' id='word_1_4' title='bbox 2081 321 2244 375; x_wconf 75' lang='lat' dir='ltr'><strong>iANII</strong></span> <span class='ocrx_word' id='word_1_5' title='bbox 3576 320 3641 376; x_wconf 52' lang='grc' dir='ltr'><strong>εει</strong></span> 
     </span>
    </p>
   </div>
   <div class='ocr_carea' id='block_1_3' title="bbox 401 434 1976 514">
    <p class='ocr_par' dir='ltr' id='par_1_3' title="bbox 401 434 1972 512">
     <span class='ocr_line' id='line_1_3' title="bbox 401 434 1972 512; baseline 0.004 -23"><span class='ocrx_word' id='word_1_6' title='bbox 401 434 469 489; x_wconf 86' lang='lat' dir='ltr'><strong>de</strong></span> <span class='ocrx_word' id='word_1_7' title='bbox 511 434 658 503; x_wconf 77' lang='lat' dir='ltr'><strong>pisce</strong></span> <span class='ocrx_word' id='word_1_8' title='bbox 688 443 741 488; x_wconf 87' lang='lat' dir='ltr'><strong>et</strong></span> <span class='ocrx_word' id='word_1_9' title='bbox 783 450 922 505; x_wconf 84' lang='lat' dir='ltr'><strong>pane</strong></span> <span class='ocrx_word' id='word_1_10' title='bbox 957 436 1216 505; x_wconf 76' lang='lat' dir='ltr'><strong>loquitur.</strong></span> <span class='ocrx_word' id='word_1_11' title='bbox 1262 436 1392 502; x_wconf 70' lang='lat' dir='ltr'><strong>Quae</strong></span> <span class='ocrx_word' id='word_1_12' title='bbox 1424 451 1546 492; x_wconf 88' lang='lat' dir='ltr'><strong>cum</strong></span> <span class='ocrx_word' id='word_1_13' title='bbox 1587 439 1658 493; x_wconf 89' lang='lat' dir='ltr'><strong>ita</strong></span> <span class='ocrx_word' id='word_1_14' title='bbox 1690 441 1819 502; x_wconf 87' lang='lat' dir='ltr'><strong>sint,</strong></span> <span class='ocrx_word' id='word_1_15' title='bbox 1853 459 1972 512; x_wconf 76' lang='lat' dir='ltr'><strong>quae</strong></span> 
     </span>
    </p>
   </div>
   <div class='ocr_carea' id='block_1_4' title="bbox 2081 434 3644 514">
    <p class='ocr_par' dir='ltr' id='par_1_4' title="bbox 2081 439 3644 514">
     <span class='ocr_line' id='line_1_4' title="bbox 2081 439 3644 514; baseline 0 -20"><span class='ocrx_word' id='word_1_16' title='bbox 2081 443 2258 514; x_wconf 79' lang='grc' dir='ltr'><strong>ἰχθύος</strong></span> <span class='ocrx_word' id='word_1_17' title='bbox 2293 445 2382 496; x_wconf 71' lang='grc' dir='ltr'>καὶ</span> <span class='ocrx_word' id='word_1_18' title='bbox 2429 444 2594 513; x_wconf 81' lang='grc' dir='ltr'>ἄρτου</span> <span class='ocrx_word' id='word_1_19' title='bbox 2634 442 2828 511; x_wconf 81' lang='grc' dir='ltr'>λέγων.</span> <span class='ocrx_word' id='word_1_20' title='bbox 2883 443 3010 506; x_wconf 83' lang='grc' dir='ltr'><strong>Πῶς</strong></span> <span class='ocrx_word' id='word_1_21' title='bbox 3069 443 3271 514; x_wconf 79' lang='grc' dir='ltr'><strong>τολμᾷν</strong></span> <span class='ocrx_word' id='word_1_22' title='bbox 3321 439 3644 494; x_wconf 72' lang='grc' dir='ltr'>διανοεῖσθαι</span> 
     </span>
    </p>
   </div>
   <div class='ocr_carea' id='block_1_5' title="bbox 403 526 1970 591">
    <p class='ocr_par' dir='ltr' id='par_1_5' title="bbox 403 526 1970 591">
     <span class='ocr_line' id='line_1_5' title="bbox 403 526 1970 591; baseline 0.006 -14"><span class='ocrx_word' id='word_1_23' title='bbox 403 534 555 579; x_wconf 87' lang='lat' dir='ltr'><strong>tanta</strong></span> <span class='ocrx_word' id='word_1_24' title='bbox 595 526 688 580; x_wconf 66' lang='lat' dir='ltr'><strong>ilia</strong></span> <span class='ocrx_word' id='word_1_25' title='bbox 727 535 906 582; x_wconf 69' lang='lat' dir='ltr'><strong>vestra</strong></span> <span class='ocrx_word' id='word_1_26' title='bbox 945 538 1027 583; x_wconf 91' lang='lat' dir='ltr'><strong>est</strong></span> <span class='ocrx_word' id='word_1_27' title='bbox 1061 526 1312 591; x_wconf 84' lang='lat' dir='ltr'><strong>audacia,</strong></span> <span class='ocrx_word' id='word_1_28' title='bbox 1347 537 1405 582; x_wconf 91' lang='lat' dir='ltr'><strong>ut</strong></span> <span class='ocrx_word' id='word_1_29' title='bbox 1439 527 1636 584; x_wconf 80' lang='lat' dir='ltr'><strong>Filium</strong></span> <span class='ocrx_word' id='word_1_30' title='bbox 1673 532 1970 587; x_wconf 73' lang='lat' dir='ltr'><strong>bonitatem</strong></span> 
     </span>
    </p>
   </div>
   <div class='ocr_carea' id='block_1_6' title="bbox 401 617 1971 689">
    <p class='ocr_par' dir='ltr' id='par_1_6' title="bbox 401 617 1971 689">
     <span class='ocr_line' id='line_1_6' title="bbox 401 617 1971 689; baseline 0.005 -18"><span class='ocrx_word' id='word_1_31' title='bbox 401 617 676 687; x_wconf 85' lang='lat' dir='ltr'><strong>abnegare</strong></span> <span class='ocrx_word' id='word_1_32' title='bbox 700 634 878 683; x_wconf 90' lang='lat' dir='ltr'><strong>suam,</strong></span> <span class='ocrx_word' id='word_1_33' title='bbox 905 635 1012 674; x_wconf 88' lang='lat' dir='ltr'><strong>non</strong></span> <span class='ocrx_word' id='word_1_34' title='bbox 1038 635 1136 689; x_wconf 91' lang='lat' dir='ltr'><strong>pro</strong></span> <span class='ocrx_word' id='word_1_35' title='bbox 1158 621 1444 675; x_wconf 77' lang='lat' dir='ltr'><strong>excellenti</strong></span> <span class='ocrx_word' id='word_1_36' title='bbox 1469 637 1569 676; x_wconf 90' lang='lat' dir='ltr'><strong>suo</strong></span> <span class='ocrx_word' id='word_1_37' title='bbox 1592 623 1772 679; x_wconf 84' lang='lat' dir='ltr'><strong>Patris</strong></span> <span class='ocrx_word' id='word_1_38' title='bbox 1799 625 1971 678; x_wconf 85' lang='lat' dir='ltr'><strong>bono-</strong></span> 
     </span>
    </p>
   </div>
   <div class='ocr_carea' id='block_1_7' title="bbox 402 708 1972 766">
    <p class='ocr_par' dir='ltr' id='par_1_7' title="bbox 402 708 1972 766">
     <span class='ocr_line' id='line_1_7' title="bbox 402 708 1972 766; baseline 0.003 -6"><span class='ocrx_word' id='word_1_39' title='bbox 402 708 558 762; x_wconf 82' lang='lat' dir='ltr'><strong>randi</strong></span> <span class='ocrx_word' id='word_1_40' title='bbox 590 709 775 763; x_wconf 81' lang='lat' dir='ltr'><strong>studio</strong></span> <span class='ocrx_word' id='word_1_41' title='bbox 802 709 1132 763; x_wconf 85' lang='lat' dir='ltr'><strong>mentionem</strong></span> <span class='ocrx_word' id='word_1_42' title='bbox 1166 709 1427 764; x_wconf 70' lang='lat' dir='ltr'><strong>bonitatis</strong></span> <span class='ocrx_word' id='word_1_43' title='bbox 1448 709 1596 765; x_wconf 91' lang='lat' dir='ltr'><strong>illius</strong></span> <span class='ocrx_word' id='word_1_44' title='bbox 1627 710 1821 766; x_wconf 81' lang='lat' dir='ltr'><strong>fecisse</strong></span> <span class='ocrx_word' id='word_1_45' title='bbox 1855 719 1972 765; x_wconf 89' lang='lat' dir='ltr'><strong>sta-</strong></span> 
     </span>
    </p>
   </div>
   <div class='ocr_carea' id='block_1_8' title="bbox 399 798 1969 871">
    <p class='ocr_par' dir='ltr' id='par_1_8' title="bbox 399 798 1969 871">
     <span class='ocr_line' id='line_1_8' title="bbox 399 798 1969 871; baseline 0.003 -20"><span class='ocrx_word' id='word_1_46' title='bbox 399 799 610 854; x_wconf 84' lang='lat' dir='ltr'><strong>tuatis?</strong></span> <span class='ocrx_word' id='word_1_47' title='bbox 644 799 778 852; x_wconf 88' lang='lat' dir='ltr'><strong>Eum</strong></span> <span class='ocrx_word' id='word_1_48' title='bbox 810 799 1011 868; x_wconf 69' lang='lat' dir='ltr'><strong>quippe</strong></span> <span class='ocrx_word' id='word_1_49' title='bbox 1057 798 1150 869; x_wconf 90' lang='lat' dir='ltr'><strong>qui</strong></span> <span class='ocrx_word' id='word_1_50' title='bbox 1193 814 1251 854; x_wconf 92' lang='lat' dir='ltr'><strong>se</strong></span> <span class='ocrx_word' id='word_1_51' title='bbox 1285 799 1372 854; x_wconf 89' lang='lat' dir='ltr'><strong>his</strong></span> <span class='ocrx_word' id='word_1_52' title='bbox 1412 801 1591 854; x_wconf 83' lang='lat' dir='ltr'><strong>verbis</strong></span> <span class='ocrx_word' id='word_1_53' title='bbox 1641 802 1969 871; x_wconf 87' lang='lat' dir='ltr'><strong>appellabat,</strong></span> 
     </span>
    </p>
   </div>
   <div class='ocr_carea' id='block_1_9' title="bbox 401 889 1970 960">
    <p class='ocr_par' dir='ltr' id='par_1_9' title="bbox 401 889 1970 960">
     <span class='ocr_line' id='line_1_9' title="bbox 401 889 1970 960; baseline 0.001 -16"><span class='ocrx_word' id='word_1_54' title='bbox 401 890 700 959; x_wconf 67' lang='lat' dir='ltr'><strong>Prmeptor</strong></span> <span class='ocrx_word' id='word_1_55' title='bbox 728 892 863 944; x_wconf 82' lang='lat' dir='ltr'><strong>bone</strong></span> <span class='ocrx_word' id='word_1_56' title='bbox 896 892 937 954; x_wconf 83' lang='grc'><strong>¹,</strong></span> <span class='ocrx_word' id='word_1_57' title='bbox 973 906 1068 945; x_wconf 92' lang='lat' dir='ltr'><strong>ore</strong></span> <span class='ocrx_word' id='word_1_58' title='bbox 1112 902 1270 945; x_wconf 86' lang='lat' dir='ltr'><strong>tenus</strong></span> <span class='ocrx_word' id='word_1_59' title='bbox 1308 891 1410 945; x_wconf 89' lang='lat' dir='ltr'><strong>ista</strong></span> <span class='ocrx_word' id='word_1_60' title='bbox 1463 889 1824 960; x_wconf 85' lang='lat' dir='ltr'><strong>proferentem</strong></span> <span class='ocrx_word' id='word_1_61' title='bbox 1863 907 1970 945; x_wconf 91' lang='lat' dir='ltr'><strong>non</strong></span> 
     </span>
    </p>
   </div>
   <div class='ocr_carea' id='block_1_10' title="bbox 399 980 1966 1050">
    <p class='ocr_par' dir='ltr' id='par_1_10' title="bbox 399 980 1966 1050">
     <span class='ocr_line' id='line_1_10' title="bbox 399 980 1966 1050; baseline 0 -16"><span class='ocrx_word' id='word_1_62' title='bbox 399 994 464 1034; x_wconf 80' lang='lat' dir='ltr'><strong>ex</strong></span> <span class='ocrx_word' id='word_1_63' title='bbox 505 981 690 1033; x_wconf 87' lang='lat' dir='ltr'><strong>animo</strong></span> <span class='ocrx_word' id='word_1_64' title='bbox 733 980 972 1047; x_wconf 85' lang='lat' dir='ltr'><strong>videbat,</strong></span> <span class='ocrx_word' id='word_1_65' title='bbox 1029 994 1264 1049; x_wconf 88' lang='lat' dir='ltr'><strong>eumque</strong></span> <span class='ocrx_word' id='word_1_66' title='bbox 1317 980 1644 1050; x_wconf 75' lang='lat' dir='ltr'><strong>redarguere</strong></span> <span class='ocrx_word' id='word_1_67' title='bbox 1688 981 1904 1034; x_wconf 85' lang='lat' dir='ltr'><strong>volebat</strong></span> <span class='ocrx_word' id='word_1_68' title='bbox 1953 999 1966 1034; x_wconf 86' lang='lat'><strong>:</strong></span> 
     </span>
    </p>
   </div>
   <div class='ocr_carea' id='block_1_11' title="bbox 399 1070 1971 1140">
    <p class='ocr_par' dir='ltr' id='par_1_11' title="bbox 399 1070 1971 1140">
     <span class='ocr_line' id='line_1_11' title="bbox 399 1070 1971 1140; baseline 0 -16"><span class='ocrx_word' id='word_1_69' title='bbox 399 1071 543 1140; x_wconf 88' lang='lat' dir='ltr'><strong>quod</strong></span> <span class='ocrx_word' id='word_1_70' title='bbox 574 1071 757 1126; x_wconf 85' lang='lat' dir='ltr'><strong>verbis</strong></span> <span class='ocrx_word' id='word_1_71' title='bbox 784 1071 930 1125; x_wconf 87' lang='lat' dir='ltr'><strong>illius</strong></span> <span class='ocrx_word' id='word_1_72' title='bbox 961 1071 1188 1126; x_wconf 86' lang='lat' dir='ltr'><strong>minime</strong></span> <span class='ocrx_word' id='word_1_73' title='bbox 1218 1070 1495 1132; x_wconf 84' lang='lat' dir='ltr'><strong>crederet,</strong></span> <span class='ocrx_word' id='word_1_74' title='bbox 1529 1071 1624 1125; x_wconf 86' lang='lat' dir='ltr'><strong>sed</strong></span> <span class='ocrx_word' id='word_1_75' title='bbox 1664 1072 1971 1140; x_wconf 78' lang='lat' dir='ltr'><strong>exploraret</strong></span> 
     </span>
    </p>
   </div>
   <div class='ocr_carea' id='block_1_12' title="bbox 399 1161 1970 1232">
    <p class='ocr_par' dir='ltr' id='par_1_12' title="bbox 399 1161 1970 1232">
     <span class='ocr_line' id='line_1_12' title="bbox 399 1161 1970 1232; baseline 0 -17"><span class='ocrx_word' id='word_1_76' title='bbox 399 1163 670 1226; x_wconf 86' lang='lat' dir='ltr'><strong>animum,</strong></span> <span class='ocrx_word' id='word_1_77' title='bbox 717 1161 1175 1232; x_wconf 85' lang='lat' dir='ltr'><strong>quemadmodum</strong></span> <span class='ocrx_word' id='word_1_78' title='bbox 1208 1163 1315 1217; x_wconf 90' lang='lat' dir='ltr'><strong>alio</strong></span> <span class='ocrx_word' id='word_1_79' title='bbox 1351 1164 1402 1216; x_wconf 90' lang='lat' dir='ltr'><strong>in</strong></span> <span class='ocrx_word' id='word_1_80' title='bbox 1447 1164 1565 1217; x_wconf 86' lang='lat' dir='ltr'><strong>loco</strong></span> <span class='ocrx_word' id='word_1_81' title='bbox 1607 1163 1738 1216; x_wconf 84' lang='lat' dir='ltr'><strong>dicit</strong></span> <span class='ocrx_word' id='word_1_82' title='bbox 1776 1181 1788 1216; x_wconf 91' lang='lat'>:</span> <span class='ocrx_word' id='word_1_83' title='bbox 1830 1163 1970 1228; x_wconf 85' lang='lat' dir='ltr'><strong>Quid</strong></span> 
     </span>
    </p>
   </div>
   <div class='ocr_carea' id='block_1_13' title="bbox 399 1248 1971 1320">
    <p class='ocr_par' dir='ltr' id='par_1_13' title="bbox 399 1248 1971 1320">
     <span class='ocr_line' id='line_1_13' title="bbox 399 1248 1971 1320; baseline 0.001 -15"><span class='ocrx_word' id='word_1_84' title='bbox 399 1252 528 1306; x_wconf 70' lang='lat' dir='ltr'><strong>milii</strong></span> <span class='ocrx_word' id='word_1_85' title='bbox 573 1252 770 1320; x_wconf 74' lang='lat' dir='ltr'><strong>dicitis,</strong></span> <span class='ocrx_word' id='word_1_86' title='bbox 819 1248 1064 1317; x_wconf 77' lang='lat' dir='ltr'><strong>Domine,</strong></span> <span class='ocrx_word' id='word_1_87' title='bbox 1094 1251 1334 1316; x_wconf 82' lang='lat' dir='ltr'><strong>Domine,</strong></span> <span class='ocrx_word' id='word_1_88' title='bbox 1379 1262 1429 1306; x_wconf 81' lang='lat' dir='ltr'><strong>et</strong></span> <span class='ocrx_word' id='word_1_89' title='bbox 1478 1269 1581 1306; x_wconf 80' lang='lat' dir='ltr'><strong>non</strong></span> <span class='ocrx_word' id='word_1_90' title='bbox 1631 1253 1810 1320; x_wconf 80' lang='lat' dir='ltr'><strong>facitis</strong></span> <span class='ocrx_word' id='word_1_91' title='bbox 1855 1269 1971 1320; x_wconf 73' lang='lat' dir='ltr'><strong>qua:</strong></span> 
     </span>
    </p>
   </div>
   <div class='ocr_carea' id='block_1_14' title="bbox 403 1343 1968 1415">
    <p class='ocr_par' dir='ltr' id='par_1_14' title="bbox 403 1343 1968 1415">
     <span class='ocr_line' id='line_1_14' title="bbox 403 1343 1968 1415; baseline 0.003 -20"><span class='ocrx_word' id='word_1_92' title='bbox 403 1345 522 1400; x_wconf 79' lang='lat' dir='ltr'><strong>dico</strong></span> <span class='ocrx_word' id='word_1_93' title='bbox 551 1346 613 1399; x_wconf 73' lang='lat'><strong>’?</strong></span> <span class='ocrx_word' id='word_1_94' title='bbox 651 1347 828 1415; x_wconf 82' lang='lat' dir='ltr'><strong>Atque</strong></span> <span class='ocrx_word' id='word_1_95' title='bbox 857 1345 1009 1399; x_wconf 86' lang='lat' dir='ltr'><strong>illum</strong></span> <span class='ocrx_word' id='word_1_96' title='bbox 1049 1343 1154 1400; x_wconf 89' lang='lat' dir='ltr'><strong>hoc</strong></span> <span class='ocrx_word' id='word_1_97' title='bbox 1199 1353 1358 1414; x_wconf 89' lang='lat' dir='ltr'><strong>pacto</strong></span> <span class='ocrx_word' id='word_1_98' title='bbox 1407 1345 1733 1399; x_wconf 83' lang='lat' dir='ltr'><strong>convincere</strong></span> <span class='ocrx_word' id='word_1_99' title='bbox 1775 1345 1968 1413; x_wconf 85' lang='lat' dir='ltr'><strong>cupie-</strong></span> 
     </span>
    </p>
   </div>
   <div class='ocr_carea' id='block_1_15' title="bbox 400 1437 1965 1508">
    <p class='ocr_par' dir='ltr' id='par_1_15' title="bbox 400 1437 1965 1508">
     <span class='ocr_line' id='line_1_15' title="bbox 400 1437 1965 1508; baseline -0.002 -16"><span class='ocrx_word' id='word_1_100' title='bbox 400 1440 508 1503; x_wconf 92' lang='lat' dir='ltr'><strong>bat,</strong></span> <span class='ocrx_word' id='word_1_101' title='bbox 567 1437 835 1508; x_wconf 85' lang='lat' dir='ltr'><strong>siquidem</strong></span> <span class='ocrx_word' id='word_1_102' title='bbox 898 1452 1018 1492; x_wconf 92' lang='lat' dir='ltr'><strong>cum</strong></span> <span class='ocrx_word' id='word_1_103' title='bbox 1095 1438 1294 1492; x_wconf 89' lang='lat' dir='ltr'><strong>bonum</strong></span> <span class='ocrx_word' id='word_1_104' title='bbox 1359 1437 1509 1490; x_wconf 90' lang='lat' dir='ltr'><strong>illum</strong></span> <span class='ocrx_word' id='word_1_105' title='bbox 1575 1445 1965 1506; x_wconf 62' lang='lat' dir='ltr'><strong>praeceptorem</strong></span> 
     </span>
    </p>
   </div>
   <div class='ocr_carea' id='block_1_16' title="bbox 398 1525 1967 1596">
    <p class='ocr_par' dir='ltr' id='par_1_16' title="bbox 398 1525 1967 1596">
     <span class='ocr_line' id='line_1_16' title="bbox 398 1525 1967 1596; baseline -0.002 -16"><span class='ocrx_word' id='word_1_106' title='bbox 398 1534 677 1591; x_wconf 83' lang='lat' dir='ltr'><strong>vocasset,</strong></span> <span class='ocrx_word' id='word_1_107' title='bbox 723 1541 1065 1596; x_wconf 81' lang='lat' dir='ltr'><strong>nequaquam</strong></span> <span class='ocrx_word' id='word_1_108' title='bbox 1111 1526 1163 1580; x_wconf 89' lang='lat' dir='ltr'><strong>in</strong></span> <span class='ocrx_word' id='word_1_109' title='bbox 1197 1525 1301 1581; x_wconf 89' lang='lat' dir='ltr'><strong>ﬁde</strong></span> <span class='ocrx_word' id='word_1_110' title='bbox 1345 1539 1445 1580; x_wconf 89' lang='lat' dir='ltr'><strong>sua</strong></span> <span class='ocrx_word' id='word_1_111' title='bbox 1498 1525 1757 1595; x_wconf 89' lang='lat' dir='ltr'><strong>perstitit,</strong></span> <span class='ocrx_word' id='word_1_112' title='bbox 1815 1532 1871 1578; x_wconf 93' lang='lat' dir='ltr'><strong>ut</strong></span> <span class='ocrx_word' id='word_1_113' title='bbox 1915 1526 1967 1578; x_wconf 91' lang='lat' dir='ltr'><strong>in</strong></span> 
     </span>
    </p>
   </div>
   <div class='ocr_carea' id='block_1_17' title="bbox 400 1613 1198 1688">
    <p class='ocr_par' dir='ltr' id='par_1_17' title="bbox 400 1613 1198 1688">
     <span class='ocr_line' id='line_1_17' title="bbox 400 1613 1198 1688; baseline -0.003 -18"><span class='ocrx_word' id='word_1_114' title='bbox 400 1618 574 1688; x_wconf 83' lang='lat' dir='ltr'><strong>ipsius</strong></span> <span class='ocrx_word' id='word_1_115' title='bbox 603 1618 898 1672; x_wconf 89' lang='lat' dir='ltr'><strong>bonitatem</strong></span> <span class='ocrx_word' id='word_1_116' title='bbox 931 1613 1198 1672; x_wconf 78' lang='lat' dir='ltr'><strong>crederet.</strong></span> 
     </span>
    </p>
   </div>
   <div class='ocr_carea' id='block_1_18' title="bbox 467 1705 1967 1779">
    <p class='ocr_par' dir='ltr' id='par_1_18' title="bbox 467 1705 1967 1779">
     <span class='ocr_line' id='line_1_18' title="bbox 467 1705 1967 1779; baseline -0.001 -17"><span class='ocrx_word' id='word_1_117' title='bbox 467 1708 608 1764; x_wconf 76' lang='lat' dir='ltr'><strong>XIX.</strong></span> <span class='ocrx_word' id='word_1_118' title='bbox 652 1708 824 1779; x_wconf 86' lang='lat' dir='ltr'><strong>Igitur</strong></span> <span class='ocrx_word' id='word_1_119' title='bbox 854 1715 1104 1763; x_wconf 82' lang='lat' dir='ltr'><strong>sanctum</strong></span> <span class='ocrx_word' id='word_1_120' title='bbox 1151 1709 1325 1778; x_wconf 89' lang='lat' dir='ltr'><strong>ipsum</strong></span> <span class='ocrx_word' id='word_1_121' title='bbox 1365 1709 1458 1764; x_wconf 87' lang='lat' dir='ltr'><strong>Dei</strong></span> <span class='ocrx_word' id='word_1_122' title='bbox 1485 1705 1746 1773; x_wconf 80' lang='lat' dir='ltr'><strong>Verbum,</strong></span> <span class='ocrx_word' id='word_1_123' title='bbox 1778 1707 1967 1761; x_wconf 86' lang='lat' dir='ltr'><strong>vivens</strong></span> 
     </span>
    </p>
   </div>
   <div class='ocr_carea' id='block_1_19' title="bbox 2078 531 3740 606">
    <p class='ocr_par' dir='ltr' id='par_1_19' title="bbox 2078 531 3740 606">
     <span class='ocr_line' id='line_1_19' title="bbox 2078 531 3740 606; baseline -0.002 -20"><span class='ocrx_word' id='word_1_124' title='bbox 2078 531 2488 605; x_wconf 83' lang='grc' dir='ltr'>ἀπαρνούμενον</span> <span class='ocrx_word' id='word_1_125' title='bbox 2540 533 2630 588; x_wconf 78' lang='grc' dir='ltr'><strong>τὸν</strong></span> <span class='ocrx_word' id='word_1_126' title='bbox 2660 535 2784 587; x_wconf 79' lang='grc' dir='ltr'>Υίὸν</span> <span class='ocrx_word' id='word_1_127' title='bbox 2817 534 2914 606; x_wconf 76' lang='grc' dir='ltr'><strong>τὴν</strong></span> <span class='ocrx_word' id='word_1_128' title='bbox 2953 535 3144 588; x_wconf 78' lang='grc' dir='ltr'>ἑαυτοῦ</span> <span class='ocrx_word' id='word_1_129' title='bbox 3187 533 3515 602; x_wconf 80' lang='grc' dir='ltr'>ἀγαθότητα,</span> <span class='ocrx_word' id='word_1_130' title='bbox 3553 532 3645 584; x_wconf 74' lang='grc' dir='ltr'><strong>καὶ</strong></span> <span class='ocrx_word' id='word_1_131' title='bbox 3736 563 3740 567; x_wconf 94' lang='grc'><strong>-</strong></span> 
     </span>
    </p>
   </div>
   <div class='ocr_carea' id='block_1_20' title="bbox 2082 624 3643 698">
    <p class='ocr_par' dir='ltr' id='par_1_20' title="bbox 2082 624 3643 698">
     <span class='ocr_line' id='line_1_20' title="bbox 2082 624 3643 698; baseline -0.003 -19"><span class='ocrx_word' id='word_1_132' title='bbox 2082 627 2155 698; x_wconf 85' lang='grc' dir='ltr'><strong>μὴ</strong></span> <span class='ocrx_word' id='word_1_133' title='bbox 2187 625 2252 679; x_wconf 78' lang='grc' dir='ltr'>δι’</span> <span class='ocrx_word' id='word_1_134' title='bbox 2279 628 2580 698; x_wconf 77' lang='grc' dir='ltr'>ὑπερϐολὴν</span> <span class='ocrx_word' id='word_1_135' title='bbox 2619 627 2716 698; x_wconf 83' lang='grc' dir='ltr'>τῆς</span> <span class='ocrx_word' id='word_1_136' title='bbox 2755 628 2921 697; x_wconf 76' lang='grc' dir='ltr'>τιμῆς</span> <span class='ocrx_word' id='word_1_137' title='bbox 2950 627 3043 680; x_wconf 77' lang='grc' dir='ltr'>τοῦ</span> <span class='ocrx_word' id='word_1_138' title='bbox 3077 624 3291 696; x_wconf 83' lang='grc' dir='ltr'>Πατρὸς</span> <span class='ocrx_word' id='word_1_139' title='bbox 3325 624 3512 694; x_wconf 77' lang='grc' dir='ltr'>φέρειν</span> <span class='ocrx_word' id='word_1_140' title='bbox 3544 625 3643 691; x_wconf 82' lang='grc' dir='ltr'>τὴν</span> 
     </span>
    </p>
   </div>
   <div class='ocr_carea' id='block_1_21' title="bbox 2080 711 3645 789">
    <p class='ocr_par' dir='ltr' id='par_1_21' title="bbox 2080 711 3645 789">
     <span class='ocr_line' id='line_1_21' title="bbox 2080 711 3645 789; baseline -0.004 -19"><span class='ocrx_word' id='word_1_141' title='bbox 2080 717 2429 789; x_wconf 75' lang='grc' dir='ltr'>άγαθότητα;</span> <span class='ocrx_word' id='word_1_142' title='bbox 2480 717 2658 788; x_wconf 84' lang='grc' dir='ltr'>Ἑώρα</span> <span class='ocrx_word' id='word_1_143' title='bbox 2693 719 2783 770; x_wconf 78' lang='grc' dir='ltr'><strong>τὸν</strong></span> <span class='ocrx_word' id='word_1_144' title='bbox 2824 719 3048 786; x_wconf 80' lang='grc' dir='ltr'>λέγοντα</span> <span class='ocrx_word' id='word_1_145' title='bbox 3073 716 3208 787; x_wconf 71' lang='grc'><strong>(20)</strong></span> <span class='ocrx_word' id='word_1_146' title='bbox 3258 714 3426 784; x_wconf 73' lang='grc' dir='ltr'>αὐτῷ,</span> <span class='ocrx_word' id='word_1_147' title='bbox 3480 711 3645 765; x_wconf 59' lang='lat' dir='ltr'><strong>Aiad-</strong></span> 
     </span>
    </p>
   </div>
   <div class='ocr_carea' id='block_1_22' title="bbox 2078 803 3646 879">
    <p class='ocr_par' dir='ltr' id='par_1_22' title="bbox 2078 803 3646 879">
     <span class='ocr_line' id='line_1_22' title="bbox 2078 803 3646 879; baseline -0.003 -19"><span class='ocrx_word' id='word_1_148' title='bbox 2078 812 2272 862; x_wconf 78' lang='grc' dir='ltr'>σκαλε</span> <span class='ocrx_word' id='word_1_149' title='bbox 2305 809 2508 879; x_wconf 72' lang='grc' dir='ltr'>ἀγαθὲ,</span> <span class='ocrx_word' id='word_1_150' title='bbox 2539 809 2765 877; x_wconf 80' lang='grc' dir='ltr'>λέγοντα</span> <span class='ocrx_word' id='word_1_151' title='bbox 2798 810 3020 879; x_wconf 77' lang='grc' dir='ltr'>στόματι</span> <span class='ocrx_word' id='word_1_152' title='bbox 3069 807 3161 860; x_wconf 72' lang='grc' dir='ltr'>καὶ</span> <span class='ocrx_word' id='word_1_153' title='bbox 3199 807 3258 858; x_wconf 82' lang='grc' dir='ltr'><strong>ού</strong></span> <span class='ocrx_word' id='word_1_154' title='bbox 3309 803 3522 876; x_wconf 78' lang='grc' dir='ltr'><strong>καρδίᾳ,</strong></span> <span class='ocrx_word' id='word_1_155' title='bbox 3551 803 3646 858; x_wconf 78' lang='grc' dir='ltr'>καὶ</span> 
     </span>
    </p>
   </div>
   <div class='ocr_carea' id='block_1_23' title="bbox 2078 890 3643 967">
    <p class='ocr_par' dir='ltr' id='par_1_23' title="bbox 2078 890 3643 967">
     <span class='ocr_line' id='line_1_23' title="bbox 2078 890 3643 967; baseline -0.003 -20"><span class='ocrx_word' id='word_1_156' title='bbox 2078 895 2290 965; x_wconf 77' lang='grc' dir='ltr'><strong>ἐλέγξαι</strong></span> <span class='ocrx_word' id='word_1_157' title='bbox 2321 897 2480 950; x_wconf 75' lang='grc' dir='ltr'>αὐτὸν</span> <span class='ocrx_word' id='word_1_158' title='bbox 2513 896 2849 967; x_wconf 84' lang='grc' dir='ltr'>βουλόμενος,</span> <span class='ocrx_word' id='word_1_159' title='bbox 2878 897 2959 948; x_wconf 85' lang='grc' dir='ltr'>ὃτι</span> <span class='ocrx_word' id='word_1_160' title='bbox 2987 897 3046 948; x_wconf 85' lang='grc' dir='ltr'><strong>ού</strong></span> <span class='ocrx_word' id='word_1_161' title='bbox 3069 898 3180 957; x_wconf 85' lang='grc' dir='ltr'>τοῖς</span> <span class='ocrx_word' id='word_1_162' title='bbox 3223 894 3452 964; x_wconf 75' lang='grc' dir='ltr'>χείλεσιν</span> <span class='ocrx_word' id='word_1_163' title='bbox 3479 890 3643 945; x_wconf 77' lang='grc' dir='ltr'>αὐτοῦ</span> 
     </span>
    </p>
   </div>
   <div class='ocr_carea' id='block_1_24' title="bbox 2078 983 3643 1056">
    <p class='ocr_par' dir='ltr' id='par_1_24' title="bbox 2078 983 3643 1056">
     <span class='ocr_line' id='line_1_24' title="bbox 2078 983 3643 1056; baseline -0.003 -18"><span class='ocrx_word' id='word_1_164' title='bbox 2078 986 2342 1048; x_wconf 78' lang='grc' dir='ltr'>ἐπείθετο,</span> <span class='ocrx_word' id='word_1_165' title='bbox 2383 986 2518 1039; x_wconf 76' lang='grc' dir='ltr'>ἀλλὰ</span> <span class='ocrx_word' id='word_1_166' title='bbox 2562 988 2657 1056; x_wconf 85' lang='grc' dir='ltr'>τὴν</span> <span class='ocrx_word' id='word_1_167' title='bbox 2713 987 2938 1056; x_wconf 81' lang='grc' dir='ltr'>καρδίαν</span> <span class='ocrx_word' id='word_1_168' title='bbox 2980 985 3292 1056; x_wconf 82' lang='grc' dir='ltr'>διήλεγχεν·</span> <span class='ocrx_word' id='word_1_169' title='bbox 3329 984 3403 1048; x_wconf 85' lang='grc' dir='ltr'>ὡς</span> <span class='ocrx_word' id='word_1_170' title='bbox 3455 983 3548 1036; x_wconf 74' lang='grc' dir='ltr'><strong>καὶ</strong></span> <span class='ocrx_word' id='word_1_171' title='bbox 3587 985 3643 1034; x_wconf 78' lang='grc' dir='ltr'><strong>ἐν</strong></span> 
     </span>
    </p>
   </div>
   <div class='ocr_carea' id='block_1_25' title="bbox 2077 1075 3641 1149">
    <p class='ocr_par' dir='ltr' id='par_1_25' title="bbox 2077 1075 3641 1149">
     <span class='ocr_line' id='line_1_25' title="bbox 2077 1075 3641 1149; baseline -0.003 -17"><span class='ocrx_word' id='word_1_172' title='bbox 2077 1077 2221 1149; x_wconf 75' lang='grc' dir='ltr'>ἄλλῳ</span> <span class='ocrx_word' id='word_1_173' title='bbox 2241 1080 2390 1149; x_wconf 82' lang='grc' dir='ltr'><strong>τόπῳ</strong></span> <span class='ocrx_word' id='word_1_174' title='bbox 2417 1079 2592 1147; x_wconf 79' lang='grc' dir='ltr'>λέγει’</span> <span class='ocrx_word' id='word_1_175' title='bbox 2636 1081 2695 1131; x_wconf 83' lang='grc' dir='ltr'>Τί</span> <span class='ocrx_word' id='word_1_176' title='bbox 2709 1097 2808 1148; x_wconf 82' lang='grc' dir='ltr'>μοι</span> <span class='ocrx_word' id='word_1_177' title='bbox 2836 1078 3061 1146; x_wconf 71' lang='grc' dir='ltr'>λέγετε,</span> <span class='ocrx_word' id='word_1_178' title='bbox 3088 1079 3282 1144; x_wconf 75' lang='grc' dir='ltr'>Κύριε,</span> <span class='ocrx_word' id='word_1_179' title='bbox 3318 1075 3510 1142; x_wconf 82' lang='grc' dir='ltr'>Κύριε,</span> <span class='ocrx_word' id='word_1_180' title='bbox 3543 1076 3641 1128; x_wconf 79' lang='grc' dir='ltr'><strong>καὶ</strong></span> 
     </span>
    </p>
   </div>
   <div class='ocr_carea' id='block_1_26' title="bbox 2077 1161 3644 1239">
    <p class='ocr_par' dir='ltr' id='par_1_26' title="bbox 2077 1161 3644 1239">
     <span class='ocr_line' id='line_1_26' title="bbox 2077 1161 3644 1239; baseline -0.004 -15"><span class='ocrx_word' id='word_1_181' title='bbox 2077 1173 2146 1224; x_wconf 83' lang='grc' dir='ltr'>οὐ</span> <span class='ocrx_word' id='word_1_182' title='bbox 2171 1172 2388 1225; x_wconf 75' lang='grc' dir='ltr'>ποιεῖτε</span> <span class='ocrx_word' id='word_1_183' title='bbox 2430 1172 2570 1237; x_wconf 78' lang='grc' dir='ltr'>τοὺς</span> <span class='ocrx_word' id='word_1_184' title='bbox 2611 1171 2792 1239; x_wconf 77' lang='grc' dir='ltr'>ἐμοὺς</span> <span class='ocrx_word' id='word_1_185' title='bbox 2838 1171 3098 1238; x_wconf 66' lang='grc' dir='ltr'>λόγους;</span> <span class='ocrx_word' id='word_1_186' title='bbox 3133 1167 3224 1221; x_wconf 74' lang='grc' dir='ltr'><strong>καὶ</strong></span> <span class='ocrx_word' id='word_1_187' title='bbox 3252 1161 3353 1220; x_wconf 84' lang='grc' dir='ltr'>ὧδε</span> <span class='ocrx_word' id='word_1_188' title='bbox 3395 1166 3644 1219; x_wconf 75' lang='grc' dir='ltr'>ἐϐούλετο</span> 
     </span>
    </p>
   </div>
   <div class='ocr_carea' id='block_1_27' title="bbox 2077 1256 3639 1332">
    <p class='ocr_par' dir='ltr' id='par_1_27' title="bbox 2077 1256 3639 1332">
     <span class='ocr_line' id='line_1_27' title="bbox 2077 1256 3639 1332; baseline -0.004 -19"><span class='ocrx_word' id='word_1_189' title='bbox 2077 1261 2234 1315; x_wconf 75' lang='grc' dir='ltr'>αὑτὸν</span> <span class='ocrx_word' id='word_1_190' title='bbox 2269 1263 2540 1332; x_wconf 77' lang='grc' dir='ltr'>ἐλέγχειν·</span> <span class='ocrx_word' id='word_1_191' title='bbox 2571 1261 2722 1329; x_wconf 77' lang='grc' dir='ltr'>ἔλεγε</span> <span class='ocrx_word' id='word_1_192' title='bbox 2752 1260 2858 1330; x_wconf 82' lang='grc' dir='ltr'><strong>γάρ</strong></span> <span class='ocrx_word' id='word_1_193' title='bbox 2891 1260 3047 1311; x_wconf 74' lang='grc' dir='ltr'>αὐτὸν</span> <span class='ocrx_word' id='word_1_194' title='bbox 3074 1258 3274 1327; x_wconf 82' lang='grc' dir='ltr'>ἀγαθὸν</span> <span class='ocrx_word' id='word_1_195' title='bbox 3305 1256 3639 1316; x_wconf 79' lang='grc' dir='ltr'>διδάσκαλον,</span> 
     </span>
    </p>
   </div>
   <div class='ocr_carea' id='block_1_28' title="bbox 2077 1347 3641 1424">
    <p class='ocr_par' dir='ltr' id='par_1_28' title="bbox 2077 1347 3641 1424">
     <span class='ocr_line' id='line_1_28' title="bbox 2077 1347 3641 1424; baseline -0.003 -20"><span class='ocrx_word' id='word_1_196' title='bbox 2077 1355 2172 1406; x_wconf 69' lang='grc' dir='ltr'>καὶ</span> <span class='ocrx_word' id='word_1_197' title='bbox 2200 1351 2296 1405; x_wconf 76' lang='grc' dir='ltr'>οὐκ</span> <span class='ocrx_word' id='word_1_198' title='bbox 2324 1353 2512 1422; x_wconf 71' lang='grc' dir='ltr'>ἔμενεν</span> <span class='ocrx_word' id='word_1_199' title='bbox 2542 1355 2599 1404; x_wconf 84' lang='grc' dir='ltr'>ὲν</span> <span class='ocrx_word' id='word_1_200' title='bbox 2622 1357 2686 1424; x_wconf 79' lang='grc' dir='ltr'>τῇ</span> <span class='ocrx_word' id='word_1_201' title='bbox 2721 1351 2883 1405; x_wconf 71' lang='grc' dir='ltr'>αὐτοῦ</span> <span class='ocrx_word' id='word_1_202' title='bbox 2919 1353 3118 1419; x_wconf 78' lang='grc' dir='ltr'>πίστει,</span> <span class='ocrx_word' id='word_1_203' title='bbox 3141 1349 3413 1403; x_wconf 77' lang='grc' dir='ltr'>πιστεύειν</span> <span class='ocrx_word' id='word_1_204' title='bbox 3444 1352 3521 1412; x_wconf 78' lang='grc' dir='ltr'>εἰς</span> <span class='ocrx_word' id='word_1_205' title='bbox 3547 1347 3641 1420; x_wconf 78' lang='grc' dir='ltr'><strong>τὴν</strong></span> 
     </span>
    </p>
   </div>
   <div class='ocr_carea' id='block_1_29' title="bbox 2077 1445 2591 1513">
    <p class='ocr_par' dir='ltr' id='par_1_29' title="bbox 2077 1445 2591 1513">
     <span class='ocr_line' id='line_1_29' title="bbox 2077 1445 2591 1513; baseline 0.004 -17"><span class='ocrx_word' id='word_1_206' title='bbox 2077 1445 2238 1496; x_wconf 74' lang='grc' dir='ltr'>αὐτοῦ</span> <span class='ocrx_word' id='word_1_207' title='bbox 2263 1445 2591 1513; x_wconf 81' lang='grc' dir='ltr'>άγαθότητα.</span> 
     </span>
    </p>
   </div>
   <div class='ocr_carea' id='block_1_30' title="bbox 2146 1697 3636 1770">
    <p class='ocr_par' dir='ltr' id='par_1_30' title="bbox 2146 1697 3636 1770">
     <span class='ocr_line' id='line_1_30' title="bbox 2146 1697 3636 1770; baseline -0.003 -14"><span class='ocrx_word' id='word_1_208' title='bbox 2146 1705 2245 1757; x_wconf 77' lang='grc' dir='ltr'><strong>ΙΘ’.</strong></span> <span class='ocrx_word' id='word_1_209' title='bbox 2287 1703 2458 1767; x_wconf 76' lang='grc' dir='ltr'>Αὐτὸς</span> <span class='ocrx_word' id='word_1_210' title='bbox 2513 1702 2694 1755; x_wconf 83' lang='grc' dir='ltr'>τοίνυν</span> <span class='ocrx_word' id='word_1_211' title='bbox 2726 1706 2754 1756; x_wconf 98' lang='lat'><strong>6</strong></span> <span class='ocrx_word' id='word_1_212' title='bbox 2795 1702 2946 1770; x_wconf 81' lang='grc' dir='ltr'>ἆγιος</span> <span class='ocrx_word' id='word_1_213' title='bbox 2992 1702 3162 1770; x_wconf 83' lang='grc' dir='ltr'><strong>Λόγος</strong></span> <span class='ocrx_word' id='word_1_214' title='bbox 3188 1742 3202 1763; x_wconf 93' lang='grc'><strong>,</strong></span> <span class='ocrx_word' id='word_1_215' title='bbox 3237 1701 3265 1752; x_wconf 97' lang='lat'><strong>6</strong></span> <span class='ocrx_word' id='word_1_216' title='bbox 3303 1698 3409 1762; x_wconf 78' lang='grc' dir='ltr'>ζῶν</span> <span class='ocrx_word' id='word_1_217' title='bbox 3443 1697 3636 1751; x_wconf 76' lang='grc' dir='ltr'>ἑνυπὸ-</span> 
     </span>
    </p>
   </div>
   <div class='ocr_carea' id='block_1_31' title="bbox 397 1791 1976 1870">
    <p class='ocr_par' dir='ltr' id='par_1_31' title="bbox 397 1797 1969 1870">
     <span class='ocr_line' id='line_1_31' title="bbox 397 1797 1969 1870; baseline -0.004 -14"><span class='ocrx_word' id='word_1_218' title='bbox 397 1811 450 1856; x_wconf 87' lang='lat' dir='ltr'><strong>et</strong></span> <span class='ocrx_word' id='word_1_219' title='bbox 486 1801 816 1865; x_wconf 83' lang='lat' dir='ltr'><strong>subsistens,</strong></span> <span class='ocrx_word' id='word_1_220' title='bbox 861 1801 1100 1855; x_wconf 57' lang='lat' dir='ltr'><strong>caelestis</strong></span> <span class='ocrx_word' id='word_1_221' title='bbox 1135 1815 1253 1865; x_wconf 75' lang='lat' dir='ltr'><strong>rex,</strong></span> <span class='ocrx_word' id='word_1_222' title='bbox 1305 1814 1598 1870; x_wconf 83' lang='lat' dir='ltr'><strong>germanus</strong></span> <span class='ocrx_word' id='word_1_223' title='bbox 1639 1799 1831 1864; x_wconf 88' lang='lat' dir='ltr'><strong>Filius,</strong></span> <span class='ocrx_word' id='word_1_224' title='bbox 1873 1797 1969 1851; x_wconf 89' lang='lat' dir='ltr'><strong>sed</strong></span> 
     </span>
    </p>
   </div>
   <div class='ocr_carea' id='block_1_32' title="bbox 2081 1791 3636 1870">
    <p class='ocr_par' dir='ltr' id='par_1_32' title="bbox 2081 1791 3636 1864">
     <span class='ocr_line' id='line_1_32' title="bbox 2081 1791 3636 1864; baseline 0.001 -17"><span class='ocrx_word' id='word_1_225' title='bbox 2081 1805 2284 1857; x_wconf 65' lang='grc' dir='ltr'>στατος,</span> <span class='ocrx_word' id='word_1_226' title='bbox 2321 1796 2348 1847; x_wconf 91' lang='grc' dir='ltr'>ὁ</span> <span class='ocrx_word' id='word_1_227' title='bbox 2389 1793 2639 1863; x_wconf 82' lang='grc' dir='ltr'>βασιλεὺς</span> <span class='ocrx_word' id='word_1_228' title='bbox 2665 1794 2692 1846; x_wconf 88' lang='lat'><strong>6</strong></span> <span class='ocrx_word' id='word_1_229' title='bbox 2718 1794 3057 1864; x_wconf 79' lang='grc' dir='ltr'><strong>ἐπουράνιος,</strong></span> <span class='ocrx_word' id='word_1_230' title='bbox 3091 1794 3118 1844; x_wconf 95' lang='lat'><strong>6</strong></span> <span class='ocrx_word' id='word_1_231' title='bbox 3154 1791 3280 1853; x_wconf 78' lang='grc' dir='ltr'>Υἱὸς</span> <span class='ocrx_word' id='word_1_232' title='bbox 3328 1793 3356 1842; x_wconf 89' lang='lat'><strong>6</strong></span> <span class='ocrx_word' id='word_1_233' title='bbox 3401 1791 3636 1858; x_wconf 72' lang='grc' dir='ltr'>γνήσιος.</span> 
     </span>
    </p>
   </div>
   <div class='ocr_carea' id='block_1_33' title="bbox 397 1889 1966 1961">
    <p class='ocr_par' dir='ltr' id='par_1_33' title="bbox 397 1889 1966 1961">
     <span class='ocr_line' id='line_1_33' title="bbox 397 1889 1966 1961; baseline -0.003 -14"><span class='ocrx_word' id='word_1_234' title='bbox 397 1907 522 1947; x_wconf 92' lang='lat' dir='ltr'><strong>cum</strong></span> <span class='ocrx_word' id='word_1_235' title='bbox 567 1891 728 1947; x_wconf 85' lang='lat' dir='ltr'><strong>Patre</strong></span> <span class='ocrx_word' id='word_1_236' title='bbox 775 1907 992 1961; x_wconf 84' lang='lat' dir='ltr'><strong>semper</strong></span> <span class='ocrx_word' id='word_1_237' title='bbox 1030 1893 1326 1957; x_wconf 80' lang='lat' dir='ltr'><strong>exsistens,</strong></span> <span class='ocrx_word' id='word_1_238' title='bbox 1369 1905 1399 1944; x_wconf 89' lang='lat' dir='ltr'><strong>a</strong></span> <span class='ocrx_word' id='word_1_239' title='bbox 1448 1889 1608 1944; x_wconf 84' lang='lat' dir='ltr'><strong>Patre</strong></span> <span class='ocrx_word' id='word_1_240' title='bbox 1641 1891 1966 1959; x_wconf 85' lang='lat' dir='ltr'><strong>procedens,</strong></span> 
     </span>
    </p>
   </div>
   <div class='ocr_carea' id='block_1_34' title="bbox 398 1977 1972 2053">
    <p class='ocr_par' dir='ltr' id='par_1_34' title="bbox 398 1977 1972 2053">
     <span class='ocr_line' id='line_1_34' title="bbox 398 1977 1972 2053; baseline -0.004 -16"><span class='ocrx_word' id='word_1_241' title='bbox 398 1983 658 2053; x_wconf 86' lang='lat' dir='ltr'><strong>splendor</strong></span> <span class='ocrx_word' id='word_1_242' title='bbox 677 1981 887 2053; x_wconf 58' lang='lat' dir='ltr'><strong>gloria,</strong></span> <span class='ocrx_word' id='word_1_243' title='bbox 925 1983 1095 2052; x_wconf 86' lang='lat' dir='ltr'><strong>ﬁgura</strong></span> <span class='ocrx_word' id='word_1_244' title='bbox 1125 1983 1443 2037; x_wconf 82' lang='lat' dir='ltr'><strong>substantiae</strong></span> <span class='ocrx_word' id='word_1_245' title='bbox 1478 1983 1513 2045; x_wconf 84' lang='grc'>³,</span> <span class='ocrx_word' id='word_1_246' title='bbox 1585 1979 1763 2048; x_wconf 82' lang='lat' dir='ltr'><strong>imago</strong></span> <span class='ocrx_word' id='word_1_247' title='bbox 1794 1977 1972 2031; x_wconf 83' lang='lat' dir='ltr'><strong>Patris</strong></span> 
     </span>
    </p>
   </div>
   <div class='ocr_carea' id='block_1_35' title="bbox 399 2071 1973 2141">
    <p class='ocr_par' dir='ltr' id='par_1_35' title="bbox 399 2071 1973 2141">
     <span class='ocr_line' id='line_1_35' title="bbox 399 2071 1973 2141; baseline -0.003 -14"><span class='ocrx_word' id='word_1_248' title='bbox 399 2076 706 2140; x_wconf 83' lang='lat' dir='ltr'><strong>verissima,</strong></span> <span class='ocrx_word' id='word_1_249' title='bbox 745 2076 797 2128; x_wconf 93' lang='lat' dir='ltr'><strong>in</strong></span> <span class='ocrx_word' id='word_1_250' title='bbox 833 2075 1024 2129; x_wconf 86' lang='lat' dir='ltr'><strong>eodem</strong></span> <span class='ocrx_word' id='word_1_251' title='bbox 1060 2089 1184 2127; x_wconf 91' lang='lat' dir='ltr'><strong>cum</strong></span> <span class='ocrx_word' id='word_1_252' title='bbox 1214 2075 1472 2128; x_wconf 88' lang='lat' dir='ltr'><strong>Genitore</strong></span> <span class='ocrx_word' id='word_1_253' title='bbox 1511 2073 1650 2126; x_wconf 89' lang='lat' dir='ltr'><strong>solio</strong></span> <span class='ocrx_word' id='word_1_254' title='bbox 1691 2071 1973 2141; x_wconf 76' lang='lat' dir='ltr'><strong>dignitatis</strong></span> 
     </span>
    </p>
   </div>
   <div class='ocr_carea' id='block_1_36' title="bbox 396 2161 1970 2234">
    <p class='ocr_par' dir='ltr' id='par_1_36' title="bbox 396 2161 1970 2234">
     <span class='ocr_line' id='line_1_36' title="bbox 396 2161 1970 2234; baseline -0.004 -15"><span class='ocrx_word' id='word_1_255' title='bbox 396 2165 689 2219; x_wconf 83' lang='lat' dir='ltr'><strong>considens</strong></span> <span class='ocrx_word' id='word_1_256' title='bbox 717 2183 729 2217; x_wconf 95' lang='lat'>:</span> <span class='ocrx_word' id='word_1_257' title='bbox 755 2161 924 2232; x_wconf 79' lang='lat' dir='ltr'><strong>Cujus</strong></span> <span class='ocrx_word' id='word_1_258' title='bbox 954 2164 1096 2234; x_wconf 79' lang='lat' dir='ltr'><strong>regni</strong></span> <span class='ocrx_word' id='word_1_259' title='bbox 1124 2165 1337 2217; x_wconf 80' lang='lat' dir='ltr'><strong>nouerit</strong></span> <span class='ocrx_word' id='word_1_260' title='bbox 1366 2163 1536 2232; x_wconf 62' lang='lat' dir='ltr'><strong>ﬁnis‘,</strong></span> <span class='ocrx_word' id='word_1_261' title='bbox 1550 2161 1718 2230; x_wconf 78' lang='lat' dir='ltr'><strong>judex</strong></span> <span class='ocrx_word' id='word_1_262' title='bbox 1741 2161 1970 2214; x_wconf 77' lang='lat' dir='ltr'><strong>vivorum</strong></span> 
     </span>
    </p>
   </div>
   <div class='ocr_carea' id='block_1_37' title="bbox 394 2253 1973 2324">
    <p class='ocr_par' dir='ltr' id='par_1_37' title="bbox 394 2253 1973 2324">
     <span class='ocr_line' id='line_1_37' title="bbox 394 2253 1973 2324; baseline -0.003 -15"><span class='ocrx_word' id='word_1_263' title='bbox 394 2266 444 2309; x_wconf 77' lang='lat' dir='ltr'><strong>et</strong></span> <span class='ocrx_word' id='word_1_264' title='bbox 495 2264 823 2310; x_wconf 83' lang='lat' dir='ltr'><strong>mortuorum</strong></span> <span class='ocrx_word' id='word_1_265' title='bbox 854 2255 902 2319; x_wconf 82' lang='grc'><strong>⁸,</strong></span> <span class='ocrx_word' id='word_1_266' title='bbox 971 2254 1242 2324; x_wconf 88' lang='lat' dir='ltr'><strong>sapientia</strong></span> <span class='ocrx_word' id='word_1_267' title='bbox 1297 2269 1328 2306; x_wconf 91' lang='lat' dir='ltr'><strong>a</strong></span> <span class='ocrx_word' id='word_1_268' title='bbox 1368 2254 1655 2322; x_wconf 81' lang='lat' dir='ltr'><strong>sapientia,</strong></span> <span class='ocrx_word' id='word_1_269' title='bbox 1706 2266 1771 2306; x_wconf 82' lang='lat' dir='ltr'><strong>ex</strong></span> <span class='ocrx_word' id='word_1_270' title='bbox 1823 2253 1973 2305; x_wconf 80' lang='lat' dir='ltr'><strong>fonte</strong></span> 
     </span>
    </p>
   </div>
   <div class='ocr_carea' id='block_1_38' title="bbox 401 2337 1974 2426">
    <p class='ocr_par' dir='ltr' id='par_1_38' title="bbox 401 2337 1974 2426">
     <span class='ocr_line' id='line_1_38' title="bbox 401 2337 1974 2426; baseline -0.003 -25"><span class='ocrx_word' id='word_1_271' title='bbox 401 2349 522 2403; x_wconf 84' lang='lat' dir='ltr'><strong>fons</strong></span> <span class='ocrx_word' id='word_1_272' title='bbox 555 2337 821 2426; x_wconf 67' lang='lat' dir='ltr'><strong>originem</strong></span> <span class='ocrx_word' id='word_1_273' title='bbox 855 2346 1064 2401; x_wconf 88' lang='lat' dir='ltr'><strong>ducens</strong></span> <span class='ocrx_word' id='word_1_274' title='bbox 1098 2365 1112 2400; x_wconf 89' lang='lat'><strong>:</strong></span> <span class='ocrx_word' id='word_1_275' title='bbox 1139 2344 1228 2400; x_wconf 83' lang='lat' dir='ltr'><strong>Me</strong></span> <span class='ocrx_word' id='word_1_276' title='bbox 1253 2344 1419 2411; x_wconf 83' lang='lat' dir='ltr'><strong>enim,</strong></span> <span class='ocrx_word' id='word_1_277' title='bbox 1449 2345 1646 2414; x_wconf 90' lang='lat' dir='ltr'><strong>inquit,</strong></span> <span class='ocrx_word' id='word_1_278' title='bbox 1677 2342 1974 2412; x_wconf 76' lang='lat' dir='ltr'><strong>derelique-</strong></span> 
     </span>
    </p>
   </div>
   <div class='ocr_carea' id='block_1_39' title="bbox 400 2433 1972 2508">
    <p class='ocr_par' dir='ltr' id='par_1_39' title="bbox 400 2433 1972 2508">
     <span class='ocr_line' id='line_1_39' title="bbox 400 2433 1972 2508; baseline -0.001 -18"><span class='ocrx_word' id='word_1_279' title='bbox 400 2447 523 2492; x_wconf 83' lang='lat' dir='ltr'><strong>runt</strong></span> <span class='ocrx_word' id='word_1_280' title='bbox 570 2440 764 2508; x_wconf 80' lang='lat' dir='ltr'><strong>fontem</strong></span> <span class='ocrx_word' id='word_1_281' title='bbox 811 2453 964 2507; x_wconf 70' lang='lat' dir='ltr'><strong>aqua:</strong></span> <span class='ocrx_word' id='word_1_282' title='bbox 1006 2438 1152 2501; x_wconf 73' lang='lat' dir='ltr'><strong>vim,</strong></span> <span class='ocrx_word' id='word_1_283' title='bbox 1198 2443 1246 2490; x_wconf 81' lang='lat' dir='ltr'><strong>et</strong></span> <span class='ocrx_word' id='word_1_284' title='bbox 1292 2433 1538 2505; x_wconf 79' lang='lat' dir='ltr'><strong>foderunt</strong></span> <span class='ocrx_word' id='word_1_285' title='bbox 1582 2435 1683 2489; x_wconf 83' lang='lat' dir='ltr'><strong>sibi</strong></span> <span class='ocrx_word' id='word_1_286' title='bbox 1717 2435 1972 2488; x_wconf 79' lang='lat' dir='ltr'><strong>cisternas</strong></span> 
     </span>
    </p>
   </div>
   <div class='ocr_carea' id='block_1_40' title="bbox 399 2525 1976 2597">
    <p class='ocr_par' dir='ltr' id='par_1_40' title="bbox 399 2525 1976 2597">
     <span class='ocr_line' id='line_1_40' title="bbox 399 2525 1976 2597; baseline -0.003 -16"><span class='ocrx_word' id='word_1_287' title='bbox 399 2530 686 2597; x_wconf 75' lang='lat' dir='ltr'><strong>dissipatas</strong></span> <span class='ocrx_word' id='word_1_288' title='bbox 709 2529 730 2560; x_wconf 83' lang='lat'><strong><em>‘</em></strong></span> <span class='ocrx_word' id='word_1_289' title='bbox 762 2546 778 2582; x_wconf 89' lang='lat'>:</span> <span class='ocrx_word' id='word_1_290' title='bbox 819 2528 1012 2595; x_wconf 74' lang='lat' dir='ltr'><strong>ﬂuvius</strong></span> <span class='ocrx_word' id='word_1_291' title='bbox 1047 2541 1264 2596; x_wconf 83' lang='lat' dir='ltr'><strong>quoque</strong></span> <span class='ocrx_word' id='word_1_292' title='bbox 1297 2527 1556 2596; x_wconf 81' lang='lat' dir='ltr'><strong>perennis</strong></span> <span class='ocrx_word' id='word_1_293' title='bbox 1593 2533 1677 2580; x_wconf 82' lang='lat' dir='ltr'><strong>est</strong></span> <span class='ocrx_word' id='word_1_294' title='bbox 1712 2527 1809 2595; x_wconf 82' lang='lat' dir='ltr'><strong>qui</strong></span> <span class='ocrx_word' id='word_1_295' title='bbox 1839 2525 1976 2578; x_wconf 67' lang='lat' dir='ltr'><strong>laui—</strong></span> 
     </span>
    </p>
   </div>
   <div class='ocr_carea' id='block_1_41' title="bbox 399 2617 1976 2688">
    <p class='ocr_par' dir='ltr' id='par_1_41' title="bbox 399 2617 1976 2688">
     <span class='ocr_line' id='line_1_41' title="bbox 399 2617 1976 2688; baseline -0.002 -15"><span class='ocrx_word' id='word_1_296' title='bbox 399 2621 524 2688; x_wconf 79' lang='lat' dir='ltr'><strong>[icat</strong></span> <span class='ocrx_word' id='word_1_297' title='bbox 563 2621 756 2687; x_wconf 72' lang='lat' dir='ltr'><strong>impetu</strong></span> <span class='ocrx_word' id='word_1_298' title='bbox 793 2619 1058 2672; x_wconf 79' lang='lat' dir='ltr'><strong>civitatem</strong></span> <span class='ocrx_word' id='word_1_299' title='bbox 1099 2617 1274 2685; x_wconf 84' lang='lat' dir='ltr'><strong>Dei&quot;,</strong></span> <span class='ocrx_word' id='word_1_300' title='bbox 1320 2619 1414 2688; x_wconf 82' lang='lat' dir='ltr'><strong>qui</strong></span> <span class='ocrx_word' id='word_1_301' title='bbox 1463 2630 1530 2672; x_wconf 78' lang='lat' dir='ltr'><strong>ex</strong></span> <span class='ocrx_word' id='word_1_302' title='bbox 1586 2617 1776 2672; x_wconf 86' lang='lat' dir='ltr'><strong>eodem</strong></span> <span class='ocrx_word' id='word_1_303' title='bbox 1825 2619 1976 2671; x_wconf 85' lang='lat' dir='ltr'><strong>l&#39;ontc</strong></span> 
     </span>
    </p>
   </div>
   <div class='ocr_carea' id='block_1_42' title="bbox 405 2705 1974 2780">
    <p class='ocr_par' dir='ltr' id='par_1_42' title="bbox 405 2705 1974 2780">
     <span class='ocr_line' id='line_1_42' title="bbox 405 2705 1974 2780; baseline -0.004 -15"><span class='ocrx_word' id='word_1_304' title='bbox 405 2710 784 2780; x_wconf 76' lang='lat' dir='ltr'><strong>progreditur:</strong></span> <span class='ocrx_word' id='word_1_305' title='bbox 819 2710 965 2766; x_wconf 83' lang='lat' dir='ltr'><strong>unde</strong></span> <span class='ocrx_word' id='word_1_306' title='bbox 1005 2711 1249 2779; x_wconf 77' lang='lat' dir='ltr'><strong>ﬂumina,</strong></span> <span class='ocrx_word' id='word_1_307' title='bbox 1285 2705 1592 2779; x_wconf 76' lang='lat' dir='ltr'><strong>inquit,--dc</strong></span> <span class='ocrx_word' id='word_1_308' title='bbox 1620 2708 1767 2762; x_wconf 76' lang='lat' dir='ltr'><strong>illius</strong></span> <span class='ocrx_word' id='word_1_309' title='bbox 1801 2715 1974 2762; x_wconf 73' lang='lat' dir='ltr'><strong>ventre</strong></span> 
     </span>
    </p>
   </div>
   <div class='ocr_carea' id='block_1_43' title="bbox 401 2797 1975 2873">
    <p class='ocr_par' dir='ltr' id='par_1_43' title="bbox 401 2797 1975 2873">
     <span class='ocr_line' id='line_1_43' title="bbox 401 2797 1975 2873; baseline -0.006 -15"><span class='ocrx_word' id='word_1_310' title='bbox 401 2805 662 2873; x_wconf 77' lang='lat' dir='ltr'><strong>proﬂuent</strong></span> <span class='ocrx_word' id='word_1_311' title='bbox 698 2803 720 2834; x_wconf 79' lang='grc'>⁸</span> <span class='ocrx_word' id='word_1_312' title='bbox 756 2819 771 2856; x_wconf 94' lang='lat'><strong>:</strong></span> <span class='ocrx_word' id='word_1_313' title='bbox 817 2809 1000 2872; x_wconf 46' lang='lat' dir='ltr'><strong>atque-</strong></span> <span class='ocrx_word' id='word_1_314' title='bbox 1039 2802 1180 2858; x_wconf 86' lang='lat' dir='ltr'><strong>idem</strong></span> <span class='ocrx_word' id='word_1_315' title='bbox 1234 2809 1511 2870; x_wconf 87' lang='lat' dir='ltr'><strong>sceptrum</strong></span> <span class='ocrx_word' id='word_1_316' title='bbox 1562 2797 1729 2852; x_wconf 75' lang='lat' dir='ltr'><strong>Da‘vid</strong></span> <span class='ocrx_word' id='word_1_317' title='bbox 1756 2838 1771 2862; x_wconf 97' lang='lat'><strong>,</strong></span> <span class='ocrx_word' id='word_1_318' title='bbox 1817 2797 1975 2850; x_wconf 78' lang='lat' dir='ltr'><strong>radix</strong></span> 
     </span>
    </p>
   </div>
   <div class='ocr_carea' id='block_1_44' title="bbox 400 2888 1975 2962">
    <p class='ocr_par' dir='ltr' id='par_1_44' title="bbox 400 2888 1975 2962">
     <span class='ocr_line' id='line_1_44' title="bbox 400 2888 1975 2962; baseline -0.007 -12"><span class='ocrx_word' id='word_1_319' title='bbox 400 2895 555 2951; x_wconf 84' lang='lat' dir='ltr'><strong>Jesse</strong></span> <span class='ocrx_word' id='word_1_320' title='bbox 605 2902 659 2950; x_wconf 89' lang='lat' dir='ltr'><strong>et</strong></span> <span class='ocrx_word' id='word_1_321' title='bbox 693 2892 796 2950; x_wconf 76' lang='lat' dir='ltr'><strong>ilus</strong></span> <span class='ocrx_word' id='word_1_322' title='bbox 841 2893 908 2948; x_wconf 90' lang='lat' dir='ltr'><strong>ab</strong></span> <span class='ocrx_word' id='word_1_323' title='bbox 945 2908 1008 2948; x_wconf 87' lang='lat' dir='ltr'><strong>ea</strong></span> <span class='ocrx_word' id='word_1_324' title='bbox 1055 2893 1373 2962; x_wconf 80' lang='lat' dir='ltr'><strong>pulluluns:</strong></span> <span class='ocrx_word' id='word_1_325' title='bbox 1433 2891 1536 2954; x_wconf 89' lang='lat' dir='ltr'><strong>leo,</strong></span> <span class='ocrx_word' id='word_1_326' title='bbox 1586 2904 1682 2942; x_wconf 82' lang='lat' dir='ltr'><strong>rex</strong></span> <span class='ocrx_word' id='word_1_327' title='bbox 1727 2888 1794 2944; x_wconf 88' lang='lat' dir='ltr'><strong>de</strong></span> <span class='ocrx_word' id='word_1_328' title='bbox 1829 2889 1975 2941; x_wconf 83' lang='lat' dir='ltr'><strong>tribu</strong></span> 
     </span>
    </p>
   </div>
   <div class='ocr_carea' id='block_1_45' title="bbox 400 2979 1975 3053">
    <p class='ocr_par' dir='ltr' id='par_1_45' title="bbox 400 2979 1975 3053">
     <span class='ocr_line' id='line_1_45' title="bbox 400 2979 1975 3053; baseline -0.007 -11"><span class='ocrx_word' id='word_1_329' title='bbox 400 2985 558 3053; x_wconf 67' lang='lat' dir='ltr'><strong>Juda,</strong></span> <span class='ocrx_word' id='word_1_330' title='bbox 613 2985 732 3041; x_wconf 78' lang='lat' dir='ltr'><strong>ovis</strong></span> <span class='ocrx_word' id='word_1_331' title='bbox 781 2985 994 3040; x_wconf 81' lang='lat' dir='ltr'><strong>ratione</strong></span> <span class='ocrx_word' id='word_1_332' title='bbox 1043 2983 1292 3051; x_wconf 66' lang='lat' dir='ltr'><strong>praedita,</strong></span> <span class='ocrx_word' id='word_1_333' title='bbox 1343 2981 1482 3051; x_wconf 88' lang='lat' dir='ltr'><strong>lapis</strong></span> <span class='ocrx_word' id='word_1_334' title='bbox 1529 2979 1735 3035; x_wconf 80' lang='lat' dir='ltr'><strong>vivus:</strong></span> <span class='ocrx_word' id='word_1_335' title='bbox 1794 2979 1975 3048; x_wconf 81' lang='lat' dir='ltr'><strong>magni</strong></span> 
     </span>
    </p>
   </div>
   <div class='ocr_carea' id='block_1_46' title="bbox 402 3070 1978 3148">
    <p class='ocr_par' dir='ltr' id='par_1_46' title="bbox 402 3070 1978 3148">
     <span class='ocr_line' id='line_1_46' title="bbox 402 3070 1978 3148; baseline -0.008 -14"><span class='ocrx_word' id='word_1_336' title='bbox 402 3078 620 3134; x_wconf 83' lang='lat' dir='ltr'><strong>consilii</strong></span> <span class='ocrx_word' id='word_1_337' title='bbox 653 3077 913 3148; x_wconf 79' lang='lat' dir='ltr'><strong>Angelus,</strong></span> <span class='ocrx_word' id='word_1_338' title='bbox 959 3076 1122 3129; x_wconf 86' lang='lat' dir='ltr'><strong>homo</strong></span> <span class='ocrx_word' id='word_1_339' title='bbox 1165 3088 1227 3128; x_wconf 87' lang='lat' dir='ltr'><strong>re</strong></span> <span class='ocrx_word' id='word_1_340' title='bbox 1270 3075 1388 3142; x_wconf 89' lang='lat' dir='ltr'><strong>ipsa</strong></span> <span class='ocrx_word' id='word_1_341' title='bbox 1421 3079 1608 3134; x_wconf 88' lang='lat' dir='ltr'><strong>natus,</strong></span> <span class='ocrx_word' id='word_1_342' title='bbox 1642 3070 1847 3124; x_wconf 85' lang='lat' dir='ltr'><strong>nullam</strong></span> <span class='ocrx_word' id='word_1_343' title='bbox 1882 3079 1978 3122; x_wconf 88' lang='lat' dir='ltr'><strong>aut</strong></span> 
     </span>
    </p>
   </div>
   <div class='ocr_carea' id='block_1_47' title="bbox 2072 1879 3639 1956">
    <p class='ocr_par' dir='ltr' id='par_1_47' title="bbox 2072 1879 3639 1956">
     <span class='ocr_line' id='line_1_47' title="bbox 2072 1879 3639 1956; baseline -0.007 -16"><span class='ocrx_word' id='word_1_344' title='bbox 2072 1890 2099 1940; x_wconf 90' lang='lat'><strong>6</strong></span> <span class='ocrx_word' id='word_1_345' title='bbox 2128 1889 2215 1941; x_wconf 73' lang='grc' dir='ltr'><strong>ἀεὶ</strong></span> <span class='ocrx_word' id='word_1_346' title='bbox 2254 1889 2347 1939; x_wconf 74' lang='grc' dir='ltr'><strong>σὺν</strong></span> <span class='ocrx_word' id='word_1_347' title='bbox 2391 1887 2586 1956; x_wconf 70' lang='grc' dir='ltr'>Πατρι,</span> <span class='ocrx_word' id='word_1_348' title='bbox 2621 1888 2648 1938; x_wconf 91' lang='lat'><strong>6</strong></span> <span class='ocrx_word' id='word_1_349' title='bbox 2682 1887 2746 1938; x_wconf 80' lang='grc' dir='ltr'>ἐκ</span> <span class='ocrx_word' id='word_1_350' title='bbox 2786 1883 3002 1955; x_wconf 84' lang='grc' dir='ltr'>Πατρὺς</span> <span class='ocrx_word' id='word_1_351' title='bbox 3040 1881 3336 1954; x_wconf 86' lang='grc' dir='ltr'>προελθὼν,</span> <span class='ocrx_word' id='word_1_352' title='bbox 3369 1879 3428 1933; x_wconf 70' lang='grc' dir='ltr'>τὸ</span> <span class='ocrx_word' id='word_1_353' title='bbox 3469 1880 3639 1932; x_wconf 79' lang='grc' dir='ltr'>ἀπαύ-</span> 
     </span>
    </p>
   </div>
   <div class='ocr_carea' id='block_1_48' title="bbox 2073 1973 3634 2048">
    <p class='ocr_par' dir='ltr' id='par_1_48' title="bbox 2073 1973 3634 2048">
     <span class='ocr_line' id='line_1_48' title="bbox 2073 1973 3634 2048; baseline -0.005 -17"><span class='ocrx_word' id='word_1_354' title='bbox 2073 1996 2257 2048; x_wconf 72' lang='grc' dir='ltr'>γασμα</span> <span class='ocrx_word' id='word_1_355' title='bbox 2288 1979 2388 2047; x_wconf 75' lang='grc' dir='ltr'>τῆς</span> <span class='ocrx_word' id='word_1_356' title='bbox 2419 1978 2578 2047; x_wconf 78' lang='grc' dir='ltr'>δόξης</span> <span class='ocrx_word' id='word_1_357' title='bbox 2599 2017 2613 2039; x_wconf 90' lang='grc'><strong>,</strong></span> <span class='ocrx_word' id='word_1_358' title='bbox 2664 1981 2692 2030; x_wconf 89' lang='lat'><strong>6</strong></span> <span class='ocrx_word' id='word_1_359' title='bbox 2721 1975 3009 2048; x_wconf 79' lang='grc' dir='ltr'>χαρακτὴρ</span> <span class='ocrx_word' id='word_1_360' title='bbox 3043 1977 3142 2046; x_wconf 80' lang='grc' dir='ltr'>τῆς</span> <span class='ocrx_word' id='word_1_361' title='bbox 3186 1973 3552 2036; x_wconf 77' lang='grc' dir='ltr'>ὑποστάσεως,</span> <span class='ocrx_word' id='word_1_362' title='bbox 3602 1973 3634 2040; x_wconf 86' lang='grc' dir='ltr'>ἡ</span> 
     </span>
    </p>
   </div>
   <div class='ocr_carea' id='block_1_49' title="bbox 2072 2063 3642 2139">
    <p class='ocr_par' dir='ltr' id='par_1_49' title="bbox 2072 2063 3642 2139">
     <span class='ocr_line' id='line_1_49' title="bbox 2072 2063 3642 2139; baseline -0.004 -17"><span class='ocrx_word' id='word_1_363' title='bbox 2072 2069 2236 2122; x_wconf 71' lang='grc' dir='ltr'>εἰκὼν</span> <span class='ocrx_word' id='word_1_364' title='bbox 2259 2071 2352 2122; x_wconf 79' lang='grc' dir='ltr'>τοῦ</span> <span class='ocrx_word' id='word_1_365' title='bbox 2384 2067 2596 2138; x_wconf 74' lang='grc' dir='ltr'>[ἰατρὸς</span> <span class='ocrx_word' id='word_1_366' title='bbox 2628 2072 2685 2122; x_wconf 82' lang='grc' dir='ltr'>ὲν</span> <span class='ocrx_word' id='word_1_367' title='bbox 2729 2067 2975 2139; x_wconf 77' lang='grc' dir='ltr'>ἀληθείᾳ,</span> <span class='ocrx_word' id='word_1_368' title='bbox 3009 2069 3036 2120; x_wconf 91' lang='lat'><strong>6</strong></span> <span class='ocrx_word' id='word_1_369' title='bbox 3073 2067 3360 2138; x_wconf 84' lang='grc' dir='ltr'>σύνθρονος</span> <span class='ocrx_word' id='word_1_370' title='bbox 3401 2065 3494 2118; x_wconf 79' lang='grc' dir='ltr'><strong>τοῦ</strong></span> <span class='ocrx_word' id='word_1_371' title='bbox 3546 2063 3642 2134; x_wconf 74' lang='grc' dir='ltr'><strong>φύ-</strong></span> 
     </span>
    </p>
   </div>
   <div class='ocr_carea' id='block_1_50' title="bbox 2075 2145 3644 2228">
    <p class='ocr_par' dir='ltr' id='par_1_50' title="bbox 2075 2145 3644 2228">
     <span class='ocr_line' id='line_1_50' title="bbox 2075 2145 3644 2228; baseline -0.004 -14"><span class='ocrx_word' id='word_1_372' title='bbox 2075 2178 2298 2224; x_wconf 85' lang='grc' dir='ltr'>σαντος,</span> <span class='ocrx_word' id='word_1_373' title='bbox 2335 2145 2416 2215; x_wconf 82' lang='grc' dir='ltr'><strong>Οὗ</strong></span> <span class='ocrx_word' id='word_1_374' title='bbox 2470 2158 2579 2228; x_wconf 82' lang='grc' dir='ltr'>τῆς</span> <span class='ocrx_word' id='word_1_375' title='bbox 2613 2155 2936 2226; x_wconf 73' lang='grc' dir='ltr'><strong>βασιλείας</strong></span> <span class='ocrx_word' id='word_1_376' title='bbox 2972 2162 3083 2213; x_wconf 73' lang='grc' dir='ltr'><strong>οὐκ</strong></span> <span class='ocrx_word' id='word_1_377' title='bbox 3136 2156 3304 2212; x_wconf 76' lang='grc' dir='ltr'>ἔσται</span> <span class='ocrx_word' id='word_1_378' title='bbox 3351 2157 3560 2220; x_wconf 70' lang='grc' dir='ltr'>τέλος,</span> <span class='ocrx_word' id='word_1_379' title='bbox 3613 2157 3644 2207; x_wconf 84' lang='lat'><strong>6</strong></span> 
     </span>
    </p>
   </div>
   <div class='ocr_carea' id='block_1_51' title="bbox 2074 2245 3642 2320">
    <p class='ocr_par' dir='ltr' id='par_1_51' title="bbox 2074 2245 3642 2320">
     <span class='ocr_line' id='line_1_51' title="bbox 2074 2245 3642 2320; baseline -0.006 -15"><span class='ocrx_word' id='word_1_380' title='bbox 2074 2251 2279 2320; x_wconf 78' lang='grc' dir='ltr'>κριτὴς</span> <span class='ocrx_word' id='word_1_381' title='bbox 2307 2249 2536 2311; x_wconf 74' lang='grc' dir='ltr'>ζώντων·</span> <span class='ocrx_word' id='word_1_382' title='bbox 2563 2251 2659 2306; x_wconf 82' lang='grc' dir='ltr'><strong>καὶ</strong></span> <span class='ocrx_word' id='word_1_383' title='bbox 2695 2249 2941 2316; x_wconf 78' lang='grc' dir='ltr'>νεκρῶν,</span> <span class='ocrx_word' id='word_1_384' title='bbox 2972 2249 2999 2299; x_wconf 89' lang='lat'><strong>6</strong></span> <span class='ocrx_word' id='word_1_385' title='bbox 3029 2249 3188 2315; x_wconf 67' lang='grc' dir='ltr'>σοφίαι</span> <span class='ocrx_word' id='word_1_386' title='bbox 3219 2246 3293 2298; x_wconf 81' lang='grc' dir='ltr'><strong>ὢν</strong></span> <span class='ocrx_word' id='word_1_387' title='bbox 3322 2249 3385 2298; x_wconf 83' lang='grc' dir='ltr'>ὲκ</span> <span class='ocrx_word' id='word_1_388' title='bbox 3430 2245 3642 2312; x_wconf 79' lang='grc' dir='ltr'>σοφίας,</span> 
     </span>
    </p>
   </div>
   <div class='ocr_carea' id='block_1_52' title="bbox 2073 2334 3644 2414">
    <p class='ocr_par' dir='ltr' id='par_1_52' title="bbox 2073 2334 3644 2414">
     <span class='ocr_line' id='line_1_52' title="bbox 2073 2334 3644 2414; baseline -0.006 -18"><span class='ocrx_word' id='word_1_389' title='bbox 2073 2347 2100 2398; x_wconf 92' lang='lat'><strong>6</strong></span> <span class='ocrx_word' id='word_1_390' title='bbox 2117 2343 2265 2414; x_wconf 75' lang='grc' dir='ltr'>πηγὴ</span> <span class='ocrx_word' id='word_1_391' title='bbox 2297 2341 2373 2394; x_wconf 79' lang='grc' dir='ltr'>ὢν</span> <span class='ocrx_word' id='word_1_392' title='bbox 2405 2344 2470 2394; x_wconf 77' lang='grc' dir='ltr'><strong>ὲκ</strong></span> <span class='ocrx_word' id='word_1_393' title='bbox 2489 2341 2669 2410; x_wconf 80' lang='grc' dir='ltr'>πηγῆς</span> <span class='ocrx_word' id='word_1_394' title='bbox 2690 2357 2703 2369; x_wconf 88' lang='grc'><strong>·</strong></span> <span class='ocrx_word' id='word_1_395' title='bbox 2735 2339 2872 2407; x_wconf 83' lang='grc' dir='ltr'><strong>Ἐμὲ</strong></span> <span class='ocrx_word' id='word_1_396' title='bbox 2895 2339 3022 2408; x_wconf 74' lang='grc' dir='ltr'>γὰρ,</span> <span class='ocrx_word' id='word_1_397' title='bbox 3050 2337 3229 2406; x_wconf 71' lang='grc' dir='ltr'>φησιν,</span> <span class='ocrx_word' id='word_1_398' title='bbox 3253 2334 3644 2403; x_wconf 74' lang='grc' dir='ltr'>ἐγκατέλιπον</span> 
     </span>
    </p>
   </div>
   <div class='ocr_carea' id='block_1_53' title="bbox 2075 2425 3646 2504">
    <p class='ocr_par' dir='ltr' id='par_1_53' title="bbox 2075 2425 3646 2504">
     <span class='ocr_line' id='line_1_53' title="bbox 2075 2425 3646 2504; baseline -0.008 -16"><span class='ocrx_word' id='word_1_399' title='bbox 2075 2433 2277 2504; x_wconf 74' lang='grc' dir='ltr'>πηγὴν</span> <span class='ocrx_word' id='word_1_400' title='bbox 2296 2432 2512 2496; x_wconf 66' lang='grc' dir='ltr'>’ὓδατος</span> <span class='ocrx_word' id='word_1_401' title='bbox 2545 2429 2711 2498; x_wconf 81' lang='grc' dir='ltr'>ζωῆς,</span> <span class='ocrx_word' id='word_1_402' title='bbox 2731 2431 2824 2482; x_wconf 82' lang='grc' dir='ltr'><strong>καὶ</strong></span> <span class='ocrx_word' id='word_1_403' title='bbox 2856 2428 3093 2497; x_wconf 73' lang='grc' dir='ltr'>ὤρυξαν</span> <span class='ocrx_word' id='word_1_404' title='bbox 3118 2427 3351 2492; x_wconf 79' lang='grc' dir='ltr'><strong>ἑαυτοῖς</strong></span> <span class='ocrx_word' id='word_1_405' title='bbox 3377 2425 3646 2490; x_wconf 74' lang='grc' dir='ltr'>λάκκους</span> 
     </span>
    </p>
   </div>
   <div class='ocr_carea' id='block_1_54' title="bbox 2076 2520 3644 2594">
    <p class='ocr_par' dir='ltr' id='par_1_54' title="bbox 2076 2520 3644 2594">
     <span class='ocr_line' id='line_1_54' title="bbox 2076 2520 3644 2594; baseline -0.008 -13"><span class='ocrx_word' id='word_1_406' title='bbox 2076 2523 2642 2594; x_wconf 70' lang='grc' dir='ltr'><strong>συντετριμμένους·</strong></span> <span class='ocrx_word' id='word_1_407' title='bbox 2675 2526 2702 2576; x_wconf 90' lang='lat'><strong>6</strong></span> <span class='ocrx_word' id='word_1_408' title='bbox 2730 2521 2992 2591; x_wconf 77' lang='grc' dir='ltr'>ποταμὸς</span> <span class='ocrx_word' id='word_1_409' title='bbox 3014 2523 3040 2573; x_wconf 90' lang='lat'><strong>6</strong></span> <span class='ocrx_word' id='word_1_410' title='bbox 3068 2523 3311 2583; x_wconf 79' lang='grc' dir='ltr'>ἀὲυναος,</span> <span class='ocrx_word' id='word_1_411' title='bbox 3335 2521 3362 2572; x_wconf 87' lang='lat'><strong>6</strong></span> <span class='ocrx_word' id='word_1_412' title='bbox 3399 2520 3644 2586; x_wconf 63' lang='grc' dir='ltr'>εὐφραί-</span> 
     </span>
    </p>
   </div>
   <div class='ocr_carea' id='block_1_55' title="bbox 2076 2611 3647 2684">
    <p class='ocr_par' dir='ltr' id='par_1_55' title="bbox 2076 2611 3647 2684">
     <span class='ocr_line' id='line_1_55' title="bbox 2076 2611 3647 2684; baseline -0.004 -14"><span class='ocrx_word' id='word_1_413' title='bbox 2076 2634 2197 2670; x_wconf 73' lang='grc' dir='ltr'>νων</span> <span class='ocrx_word' id='word_1_414' title='bbox 2227 2616 2351 2681; x_wconf 81' lang='grc' dir='ltr'>τοῖς</span> <span class='ocrx_word' id='word_1_415' title='bbox 2385 2615 2683 2684; x_wconf 77' lang='grc' dir='ltr'>ὀρμήμασι</span> <span class='ocrx_word' id='word_1_416' title='bbox 2714 2613 2828 2681; x_wconf 78' lang='grc' dir='ltr'><strong>τὴν</strong></span> <span class='ocrx_word' id='word_1_417' title='bbox 2860 2615 3040 2666; x_wconf 77' lang='grc' dir='ltr'>πόλιν</span> <span class='ocrx_word' id='word_1_418' title='bbox 3067 2612 3170 2666; x_wconf 85' lang='grc' dir='ltr'>τοῦ</span> <span class='ocrx_word' id='word_1_419' title='bbox 3203 2612 3371 2674; x_wconf 82' lang='grc' dir='ltr'>Θεοῦ,</span> <span class='ocrx_word' id='word_1_420' title='bbox 3391 2613 3418 2664; x_wconf 88' lang='lat'><strong>6</strong></span> <span class='ocrx_word' id='word_1_421' title='bbox 3441 2612 3504 2664; x_wconf 81' lang='grc' dir='ltr'>ἐκ</span> <span class='ocrx_word' id='word_1_422' title='bbox 3548 2611 3647 2681; x_wconf 77' lang='grc' dir='ltr'><strong>τῆς</strong></span> 
     </span>
    </p>
   </div>
   <div class='ocr_carea' id='block_1_56' title="bbox 2077 2699 3648 2778">
    <p class='ocr_par' dir='ltr' id='par_1_56' title="bbox 2077 2699 3648 2778">
     <span class='ocr_line' id='line_1_56' title="bbox 2077 2699 3648 2778; baseline -0.006 -16"><span class='ocrx_word' id='word_1_423' title='bbox 2077 2708 2259 2778; x_wconf 83' lang='grc' dir='ltr'>πηγῆς</span> <span class='ocrx_word' id='word_1_424' title='bbox 2288 2705 2584 2778; x_wconf 82' lang='grc' dir='ltr'>προελθὼν,</span> <span class='ocrx_word' id='word_1_425' title='bbox 2616 2706 2672 2771; x_wconf 78' lang='grc' dir='ltr'>ἐξ</span> <span class='ocrx_word' id='word_1_426' title='bbox 2705 2699 2897 2775; x_wconf 71' lang='grc' dir='ltr'>οὗπερ,</span> <span class='ocrx_word' id='word_1_427' title='bbox 2945 2705 3098 2774; x_wconf 69' lang='grc' dir='ltr'>φησι,</span> <span class='ocrx_word' id='word_1_428' title='bbox 3130 2703 3380 2770; x_wconf 76' lang='grc' dir='ltr'>ποταμοὶ</span> <span class='ocrx_word' id='word_1_429' title='bbox 3429 2701 3494 2755; x_wconf 77' lang='grc' dir='ltr'><strong><em>ἐκ</em></strong></span> <span class='ocrx_word' id='word_1_430' title='bbox 3537 2701 3648 2770; x_wconf 76' lang='grc' dir='ltr'>τῆς</span> 
     </span>
    </p>
   </div>
   <div class='ocr_carea' id='block_1_57' title="bbox 2078 2789 3645 2865">
    <p class='ocr_par' dir='ltr' id='par_1_57' title="bbox 2078 2789 3645 2865">
     <span class='ocr_line' id='line_1_57' title="bbox 2078 2789 3645 2865; baseline -0.005 -13"><span class='ocrx_word' id='word_1_431' title='bbox 2078 2800 2310 2864; x_wconf 69' lang='grc' dir='ltr'>κοιλίας</span> <span class='ocrx_word' id='word_1_432' title='bbox 2354 2796 2539 2851; x_wconf 78' lang='grc' dir='ltr'>αὐτοῦ</span> <span class='ocrx_word' id='word_1_433' title='bbox 2582 2797 2878 2865; x_wconf 70' lang='grc' dir='ltr'>ρεὐσοινσι</span> <span class='ocrx_word' id='word_1_434' title='bbox 2905 2811 2918 2824; x_wconf 88' lang='grc'><strong>·</strong></span> <span class='ocrx_word' id='word_1_435' title='bbox 2954 2793 3016 2846; x_wconf 76' lang='grc' dir='ltr'><strong>τὸ</strong></span> <span class='ocrx_word' id='word_1_436' title='bbox 3059 2794 3332 2864; x_wconf 74' lang='grc' dir='ltr'>σκῆπτρον</span> <span class='ocrx_word' id='word_1_437' title='bbox 3380 2789 3563 2854; x_wconf 64' lang='grc' dir='ltr'>Δαϐὶδ,</span> <span class='ocrx_word' id='word_1_438' title='bbox 3613 2793 3645 2862; x_wconf 86' lang='grc' dir='ltr'><strong>ἡ</strong></span> 
     </span>
    </p>
   </div>
   <div class='ocr_carea' id='block_1_58' title="bbox 2081 2884 3722 2962">
    <p class='ocr_par' dir='ltr' id='par_1_58' title="bbox 2081 2884 3722 2962">
     <span class='ocr_line' id='line_1_58' title="bbox 2081 2884 3722 2962; baseline -0.005 -20"><span class='ocrx_word' id='word_1_439' title='bbox 2081 2889 2203 2962; x_wconf 79' lang='grc' dir='ltr'>ῥίζα</span> <span class='ocrx_word' id='word_1_440' title='bbox 2231 2889 2324 2942; x_wconf 77' lang='grc' dir='ltr'><strong>τοῦ</strong></span> <span class='ocrx_word' id='word_1_441' title='bbox 2365 2887 2585 2952; x_wconf 69' lang='grc' dir='ltr'>Ἰεσσαὶ,</span> <span class='ocrx_word' id='word_1_442' title='bbox 2630 2887 2690 2941; x_wconf 79' lang='grc' dir='ltr'><strong>τὸ</strong></span> <span class='ocrx_word' id='word_1_443' title='bbox 2747 2886 2905 2949; x_wconf 81' lang='grc' dir='ltr'>ἄνθος</span> <span class='ocrx_word' id='word_1_444' title='bbox 2943 2885 3002 2938; x_wconf 81' lang='grc' dir='ltr'><strong>τδ</strong></span> <span class='ocrx_word' id='word_1_445' title='bbox 3029 2886 3120 2938; x_wconf 82' lang='grc' dir='ltr'><strong>ἀπ’</strong></span> <span class='ocrx_word' id='word_1_446' title='bbox 3156 2885 3344 2953; x_wconf 75' lang='grc' dir='ltr'>αὐτῆς,</span> <span class='ocrx_word' id='word_1_447' title='bbox 3376 2886 3403 2936; x_wconf 89' lang='lat'><strong>6</strong></span> <span class='ocrx_word' id='word_1_448' title='bbox 3433 2884 3589 2944; x_wconf 78' lang='grc' dir='ltr'>λέων,</span> <span class='ocrx_word' id='word_1_449' title='bbox 3620 2884 3649 2934; x_wconf 97' lang='lat'><strong>6</strong></span> <span class='ocrx_word' id='word_1_450' title='bbox 3718 2914 3722 2919; x_wconf 95' lang='lat'><strong><em>-</em></strong></span> 
     </span>
    </p>
   </div>
   <div class='ocr_carea' id='block_1_59' title="bbox 2082 2969 3646 3051">
    <p class='ocr_par' dir='ltr' id='par_1_59' title="bbox 2082 2969 3646 3051">
     <span class='ocr_line' id='line_1_59' title="bbox 2082 2969 3646 3051; baseline -0.006 -20"><span class='ocrx_word' id='word_1_451' title='bbox 2082 2979 2336 3051; x_wconf 74' lang='grc' dir='ltr'>βασιλεὺς</span> <span class='ocrx_word' id='word_1_452' title='bbox 2372 2979 2400 3030; x_wconf 93' lang='lat'><strong>6</strong></span> <span class='ocrx_word' id='word_1_453' title='bbox 2430 2980 2493 3029; x_wconf 79' lang='grc' dir='ltr'><strong>ὲκ</strong></span> <span class='ocrx_word' id='word_1_454' title='bbox 2521 2975 2692 3045; x_wconf 79' lang='grc' dir='ltr'>φυλῆς</span> <span class='ocrx_word' id='word_1_455' title='bbox 2730 2973 2918 3034; x_wconf 80' lang='grc' dir='ltr'>Ἰούδα,</span> <span class='ocrx_word' id='word_1_456' title='bbox 2945 2973 3006 3025; x_wconf 76' lang='grc' dir='ltr'><strong>τὸ</strong></span> <span class='ocrx_word' id='word_1_457' title='bbox 3036 2973 3303 3044; x_wconf 74' lang='grc' dir='ltr'>πρόϐατον</span> <span class='ocrx_word' id='word_1_458' title='bbox 3328 2972 3386 3023; x_wconf 72' lang='grc' dir='ltr'><strong>τὸ</strong></span> <span class='ocrx_word' id='word_1_459' title='bbox 3411 2969 3646 3038; x_wconf 77' lang='grc' dir='ltr'>λογικὸν,</span> 
     </span>
    </p>
   </div>
   <div class='ocr_carea' id='block_1_60' title="bbox 2036 3061 3650 3149">
    <p class='ocr_par' dir='ltr' id='par_1_60' title="bbox 2036 3061 3650 3149">
     <span class='ocr_line' id='line_1_60' title="bbox 2036 3061 3650 3149; baseline -0.008 -25"><span class='ocrx_word' id='word_1_460' title='bbox 2036 3132 2045 3149; x_wconf 37' lang='grc' dir='ltr'>ί</span> <span class='ocrx_word' id='word_1_461' title='bbox 2081 3075 2109 3124; x_wconf 89' lang='lat'><strong>6</strong></span> <span class='ocrx_word' id='word_1_462' title='bbox 2144 3069 2290 3133; x_wconf 81' lang='grc' dir='ltr'>λίθος</span> <span class='ocrx_word' id='word_1_463' title='bbox 2332 3073 2360 3123; x_wconf 90' lang='lat'><strong>6</strong></span> <span class='ocrx_word' id='word_1_464' title='bbox 2401 3068 2542 3133; x_wconf 80' lang='grc' dir='ltr'>ζῶν,</span> <span class='ocrx_word' id='word_1_465' title='bbox 2595 3071 2622 3121; x_wconf 90' lang='lat'><strong>6</strong></span> <span class='ocrx_word' id='word_1_466' title='bbox 2647 3068 2744 3136; x_wconf 77' lang='grc' dir='ltr'>τῆς</span> <span class='ocrx_word' id='word_1_467' title='bbox 2789 3065 3030 3136; x_wconf 78' lang='grc' dir='ltr'>μεγάλης</span> <span class='ocrx_word' id='word_1_468' title='bbox 3061 3063 3256 3134; x_wconf 81' lang='grc' dir='ltr'>βουλῆς</span> <span class='ocrx_word' id='word_1_469' title='bbox 3298 3061 3578 3130; x_wconf 65' lang='grc' dir='ltr'>Ἄγγελος,</span> <span class='ocrx_word' id='word_1_470' title='bbox 3621 3061 3650 3112; x_wconf 92' lang='lat'><strong>6</strong></span> 
     </span>
    </p>
   </div>
   <div class='ocr_carea' id='block_1_61' title="bbox 403 3129 1976 3233">
    <p class='ocr_par' dir='ltr' id='par_1_61' title="bbox 403 3166 1976 3233">
     <span class='ocr_line' id='line_1_61' title="bbox 403 3166 1976 3233; baseline -0.006 -7"><span class='ocrx_word' id='word_1_471' title='bbox 403 3175 612 3226; x_wconf 67' lang='lat' dir='ltr'><strong>naturae</strong></span> <span class='ocrx_word' id='word_1_472' title='bbox 645 3177 740 3225; x_wconf 75' lang='lat' dir='ltr'><strong>aut</strong></span> <span class='ocrx_word' id='word_1_473' title='bbox 782 3168 1085 3224; x_wconf 86' lang='lat' dir='ltr'><strong>divinitatis</strong></span> <span class='ocrx_word' id='word_1_474' title='bbox 1132 3166 1488 3220; x_wconf 84' lang='lat' dir='ltr'><strong>mutationem</strong></span> <span class='ocrx_word' id='word_1_475' title='bbox 1538 3174 1760 3233; x_wconf 86' lang='lat' dir='ltr'><strong>passus,</strong></span> <span class='ocrx_word' id='word_1_476' title='bbox 1813 3169 1976 3216; x_wconf 90' lang='lat' dir='ltr'><strong>natus</strong></span> 
     </span>
    </p>
   </div>
   <div class='ocr_carea' id='block_1_62' title="bbox 2081 3129 3650 3233">
    <p class='ocr_par' dir='ltr' id='par_1_62' title="bbox 2081 3129 3650 3232">
     <span class='ocr_line' id='line_1_62' title="bbox 2081 3129 3650 3232; baseline -0.01 -16"><span class='ocrx_word' id='word_1_477' title='bbox 2081 3129 2366 3232; x_wconf 75' lang='grc' dir='ltr'>ἄνθρωπος</span> <span class='ocrx_word' id='word_1_478' title='bbox 2395 3129 2453 3211; x_wconf 62' lang='grc' dir='ltr'>έν</span> <span class='ocrx_word' id='word_1_479' title='bbox 2488 3129 3008 3228; x_wconf 29' lang='grc' dir='ltr'>ἀληθείάγεγονὼςν,</span> <span class='ocrx_word' id='word_1_480' title='bbox 3040 3129 3134 3207; x_wconf 58' lang='grc' dir='ltr'>διαὶ</span> <span class='ocrx_word' id='word_1_481' title='bbox 3162 3129 3293 3214; x_wconf 77' lang='grc' dir='ltr'>Θεὸς</span> <span class='ocrx_word' id='word_1_482' title='bbox 3335 3129 3391 3205; x_wconf 80' lang='grc' dir='ltr'><strong>ἐν</strong></span> <span class='ocrx_word' id='word_1_483' title='bbox 3422 3149 3650 3221; x_wconf 58' lang='grc' dir='ltr'>ἀληθείᾳ</span> 
     </span>
    </p>
   </div>
   <div class='ocr_carea' id='block_1_63' title="bbox 405 3247 1979 3328">
    <p class='ocr_par' dir='ltr' id='par_1_63' title="bbox 405 3247 1979 3328">
     <span class='ocr_line' id='line_1_63' title="bbox 405 3247 1979 3328; baseline -0.008 -10"><span class='ocrx_word' id='word_1_484' title='bbox 405 3267 462 3319; x_wconf 89' lang='lat' dir='ltr'><strong>in</strong></span> <span class='ocrx_word' id='word_1_485' title='bbox 491 3276 680 3328; x_wconf 84' lang='lat' dir='ltr'><strong>carne,</strong></span> <span class='ocrx_word' id='word_1_486' title='bbox 736 3259 1082 3315; x_wconf 84' lang='lat' dir='ltr'><strong>inearuatum</strong></span> <span class='ocrx_word' id='word_1_487' title='bbox 1145 3253 1404 3321; x_wconf 82' lang='lat' dir='ltr'><strong>Verbum,</strong></span> <span class='ocrx_word' id='word_1_488' title='bbox 1440 3254 1677 3310; x_wconf 76' lang='lat' dir='ltr'><strong>Verbum</strong></span> <span class='ocrx_word' id='word_1_489' title='bbox 1721 3259 1851 3308; x_wconf 84' lang='lat' dir='ltr'><strong>earo</strong></span> <span class='ocrx_word' id='word_1_490' title='bbox 1901 3247 1979 3307; x_wconf 81' lang='lat' dir='ltr'><strong>la—</strong></span> 
     </span>
    </p>
   </div>
   <div class='ocr_carea' id='block_1_64' title="bbox 403 3345 1979 3419">
    <p class='ocr_par' dir='ltr' id='par_1_64' title="bbox 403 3345 1979 3419">
     <span class='ocr_line' id='line_1_64' title="bbox 403 3345 1979 3419; baseline -0.009 -9"><span class='ocrx_word' id='word_1_491' title='bbox 403 3364 555 3411; x_wconf 85' lang='lat' dir='ltr'><strong>etum</strong></span> <span class='ocrx_word' id='word_1_492' title='bbox 581 3355 624 3410; x_wconf 68' lang='grc'><strong>³.</strong></span> <span class='ocrx_word' id='word_1_493' title='bbox 657 3351 776 3419; x_wconf 86' lang='lat' dir='ltr'><strong>Qua</strong></span> <span class='ocrx_word' id='word_1_494' title='bbox 806 3351 862 3406; x_wconf 91' lang='lat' dir='ltr'><strong>in</strong></span> <span class='ocrx_word' id='word_1_495' title='bbox 891 3366 951 3406; x_wconf 86' lang='lat' dir='ltr'><strong>re</strong></span> <span class='ocrx_word' id='word_1_496' title='bbox 985 3345 1330 3413; x_wconf 86' lang='lat' dir='ltr'><strong>declaranda,</strong></span> <span class='ocrx_word' id='word_1_497' title='bbox 1363 3355 1489 3404; x_wconf 86' lang='lat' dir='ltr'><strong>ante</strong></span> <span class='ocrx_word' id='word_1_498' title='bbox 1517 3346 1846 3402; x_wconf 83' lang='lat' dir='ltr'><strong>vocabulum</strong></span> <span class='ocrx_word' id='word_1_499' title='bbox 1893 3345 1979 3411; x_wconf 77' lang='lat' dir='ltr'><strong>fa-</strong></span> 
     </span>
    </p>
   </div>
   <div class='ocr_carea' id='block_1_65' title="bbox 405 3435 1977 3510">
    <p class='ocr_par' dir='ltr' id='par_1_65' title="bbox 405 3435 1977 3510">
     <span class='ocr_line' id='line_1_65' title="bbox 405 3435 1977 3510; baseline -0.01 -8"><span class='ocrx_word' id='word_1_500' title='bbox 405 3458 572 3510; x_wconf 77' lang='lat' dir='ltr'><strong>ctum,</strong></span> <span class='ocrx_word' id='word_1_501' title='bbox 599 3459 703 3501; x_wconf 80' lang='lat' dir='ltr'><strong>vox</strong></span> <span class='ocrx_word' id='word_1_502' title='bbox 742 3450 826 3499; x_wconf 88' lang='lat' dir='ltr'><strong>est</strong></span> <span class='ocrx_word' id='word_1_503' title='bbox 871 3443 1080 3497; x_wconf 80' lang='lat' dir='ltr'><strong>inserta</strong></span> <span class='ocrx_word' id='word_1_504' title='bbox 1115 3438 1312 3494; x_wconf 81' lang='lat' dir='ltr'><strong>carnis.</strong></span> <span class='ocrx_word' id='word_1_505' title='bbox 1346 3438 1483 3494; x_wconf 76' lang='lat' dir='ltr'><strong>Nam</strong></span> <span class='ocrx_word' id='word_1_506' title='bbox 1531 3453 1640 3492; x_wconf 87' lang='lat' dir='ltr'><strong>non</strong></span> <span class='ocrx_word' id='word_1_507' title='bbox 1670 3436 1808 3491; x_wconf 77' lang='lat' dir='ltr'><strong>dixit</strong></span> <span class='ocrx_word' id='word_1_508' title='bbox 1848 3435 1977 3489; x_wconf 77' lang='lat' dir='ltr'><strong>Ver—</strong></span> 
     </span>
    </p>
   </div>
   <div class='ocr_carea' id='block_1_66' title="bbox 407 3529 1980 3607">
    <p class='ocr_par' dir='ltr' id='par_1_66' title="bbox 407 3529 1980 3607">
     <span class='ocr_line' id='line_1_66' title="bbox 407 3529 1980 3607; baseline -0.007 -15"><span class='ocrx_word' id='word_1_509' title='bbox 407 3545 530 3592; x_wconf 78' lang='lat' dir='ltr'><strong>bum</strong></span> <span class='ocrx_word' id='word_1_510' title='bbox 557 3538 759 3607; x_wconf 75' lang='lat' dir='ltr'><strong>factum</strong></span> <span class='ocrx_word' id='word_1_511' title='bbox 788 3577 803 3603; x_wconf 93' lang='lat'><strong>,</strong></span> <span class='ocrx_word' id='word_1_512' title='bbox 835 3535 930 3592; x_wconf 87' lang='lat' dir='ltr'><strong>sed</strong></span> <span class='ocrx_word' id='word_1_513' title='bbox 963 3537 1088 3606; x_wconf 86' lang='lat' dir='ltr'><strong>post</strong></span> <span class='ocrx_word' id='word_1_514' title='bbox 1136 3533 1288 3588; x_wconf 83' lang='lat' dir='ltr'><strong>Verbi</strong></span> <span class='ocrx_word' id='word_1_515' title='bbox 1331 3543 1551 3594; x_wconf 83' lang='lat' dir='ltr'><strong>nomen,</strong></span> <span class='ocrx_word' id='word_1_516' title='bbox 1584 3545 1772 3585; x_wconf 85' lang='lat' dir='ltr'><strong>vocem</strong></span> <span class='ocrx_word' id='word_1_517' title='bbox 1802 3529 1980 3582; x_wconf 82' lang='lat' dir='ltr'><strong>carnis</strong></span> 
     </span>
    </p>
   </div>
   <div class='ocr_carea' id='block_1_67' title="bbox 406 3618 1980 3699">
    <p class='ocr_par' dir='ltr' id='par_1_67' title="bbox 406 3618 1980 3699">
     <span class='ocr_line' id='line_1_67' title="bbox 406 3618 1980 3699; baseline -0.008 -14"><span class='ocrx_word' id='word_1_518' title='bbox 406 3629 619 3686; x_wconf 86' lang='lat' dir='ltr'><strong>inﬁnite</strong></span> <span class='ocrx_word' id='word_1_519' title='bbox 644 3629 826 3699; x_wconf 91' lang='lat' dir='ltr'><strong>posuit</strong></span> <span class='ocrx_word' id='word_1_520' title='bbox 855 3645 869 3682; x_wconf 88' lang='lat'><strong>:</strong></span> <span class='ocrx_word' id='word_1_521' title='bbox 911 3638 1021 3682; x_wconf 91' lang='lat' dir='ltr'><strong>tum</strong></span> <span class='ocrx_word' id='word_1_522' title='bbox 1046 3634 1170 3696; x_wconf 84' lang='lat' dir='ltr'><strong>post</strong></span> <span class='ocrx_word' id='word_1_523' title='bbox 1206 3637 1436 3689; x_wconf 82' lang='lat' dir='ltr'><strong>carnem,</strong></span> <span class='ocrx_word' id='word_1_524' title='bbox 1478 3623 1681 3692; x_wconf 77' lang='lat' dir='ltr'><strong>factum</strong></span> <span class='ocrx_word' id='word_1_525' title='bbox 1714 3628 1792 3674; x_wconf 79' lang='lat' dir='ltr'><strong>est</strong></span> <span class='ocrx_word' id='word_1_526' title='bbox 1831 3618 1980 3687; x_wconf 83' lang='lat' dir='ltr'><strong>adje-</strong></span> 
     </span>
    </p>
   </div>
   <div class='ocr_carea' id='block_1_68' title="bbox 409 3710 1983 3785">
    <p class='ocr_par' dir='ltr' id='par_1_68' title="bbox 409 3710 1983 3785">
     <span class='ocr_line' id='line_1_68' title="bbox 409 3710 1983 3785; baseline -0.008 -11"><span class='ocrx_word' id='word_1_527' title='bbox 409 3719 509 3784; x_wconf 87' lang='lat' dir='ltr'><strong>cit,</strong></span> <span class='ocrx_word' id='word_1_528' title='bbox 561 3732 622 3774; x_wconf 92' lang='lat' dir='ltr'><strong>ut</strong></span> <span class='ocrx_word' id='word_1_529' title='bbox 657 3717 926 3773; x_wconf 76' lang='lat' dir='ltr'><strong>voeabqu</strong></span> <span class='ocrx_word' id='word_1_530' title='bbox 953 3717 1151 3785; x_wconf 79' lang='lat' dir='ltr'><strong>factum</strong></span> <span class='ocrx_word' id='word_1_531' title='bbox 1196 3724 1294 3778; x_wconf 74' lang='lat' dir='ltr'><strong>est,</strong></span> <span class='ocrx_word' id='word_1_532' title='bbox 1327 3729 1392 3768; x_wconf 82' lang='lat' dir='ltr'><strong>ex</strong></span> <span class='ocrx_word' id='word_1_533' title='bbox 1424 3710 1591 3766; x_wconf 73' lang='lat' dir='ltr'><strong>Maria</strong></span> <span class='ocrx_word' id='word_1_534' title='bbox 1632 3717 1819 3764; x_wconf 89' lang='lat' dir='ltr'><strong>natum</strong></span> <span class='ocrx_word' id='word_1_535' title='bbox 1860 3721 1983 3762; x_wconf 84' lang='lat' dir='ltr'><strong>esse</strong></span> 
     </span>
    </p>
   </div>
   <div class='ocr_carea' id='block_1_69' title="bbox 409 3802 1982 3882">
    <p class='ocr_par' dir='ltr' id='par_1_69' title="bbox 409 3802 1982 3882">
     <span class='ocr_line' id='line_1_69' title="bbox 409 3802 1982 3882; baseline -0.01 -15"><span class='ocrx_word' id='word_1_536' title='bbox 409 3812 768 3882; x_wconf 75' lang='lat' dir='ltr'><strong>signiﬁcetur,</strong></span> <span class='ocrx_word' id='word_1_537' title='bbox 791 3814 854 3864; x_wconf 86' lang='lat' dir='ltr'><strong>a&#39;c</strong></span> <span class='ocrx_word' id='word_1_538' title='bbox 885 3808 1123 3863; x_wconf 76' lang='lat' dir='ltr'><strong>Verbum</strong></span> <span class='ocrx_word' id='word_1_539' title='bbox 1163 3806 1497 3875; x_wconf 82' lang='lat' dir='ltr'><strong>intelligatur</strong></span> <span class='ocrx_word' id='word_1_540' title='bbox 1521 3818 1555 3858; x_wconf 77' lang='grc' dir='ltr'><strong>θ</strong></span> <span class='ocrx_word' id='word_1_541' title='bbox 1582 3802 1723 3856; x_wconf 65' lang='lat' dir='ltr'><strong>coelo</strong></span> <span class='ocrx_word' id='word_1_542' title='bbox 1760 3809 1923 3869; x_wconf 85' lang='lat' dir='ltr'><strong>atque</strong></span> <span class='ocrx_word' id='word_1_543' title='bbox 1953 3813 1982 3851; x_wconf 85' lang='lat' dir='ltr'><strong>a</strong></span> 
     </span>
    </p>
   </div>
   <div class='ocr_carea' id='block_1_70' title="bbox 411 3889 1985 3971">
    <p class='ocr_par' dir='ltr' id='par_1_70' title="bbox 411 3889 1985 3971">
     <span class='ocr_line' id='line_1_70' title="bbox 411 3889 1985 3971; baseline -0.01 -13"><span class='ocrx_word' id='word_1_544' title='bbox 411 3905 572 3958; x_wconf 81' lang='lat' dir='ltr'><strong>Patre</strong></span> <span class='ocrx_word' id='word_1_545' title='bbox 597 3919 719 3959; x_wconf 84' lang='lat' dir='ltr'><strong>esse</strong></span> <span class='ocrx_word' id='word_1_546' title='bbox 745 3903 1048 3971; x_wconf 87' lang='lat' dir='ltr'><strong>delapsum.</strong></span> <span class='ocrx_word' id='word_1_547' title='bbox 1078 3898 1191 3952; x_wconf 78' lang='lat' dir='ltr'><strong>Hoc</strong></span> <span class='ocrx_word' id='word_1_548' title='bbox 1217 3897 1386 3967; x_wconf 80' lang='lat' dir='ltr'><strong>igitur</strong></span> <span class='ocrx_word' id='word_1_549' title='bbox 1415 3902 1666 3950; x_wconf 87' lang='lat' dir='ltr'><strong>sanctum</strong></span> <span class='ocrx_word' id='word_1_550' title='bbox 1692 3889 1985 3957; x_wconf 86' lang='lat' dir='ltr'><strong>vivumque</strong></span> 
     </span>
    </p>
   </div>
   <div class='ocr_carea' id='block_1_71' title="bbox 414 3983 1987 4060">
    <p class='ocr_par' dir='ltr' id='par_1_71' title="bbox 414 3983 1987 4060">
     <span class='ocr_line' id='line_1_71' title="bbox 414 3983 1987 4060; baseline -0.011 -11"><span class='ocrx_word' id='word_1_551' title='bbox 414 3995 676 4060; x_wconf 81' lang='lat' dir='ltr'><strong>Verbum.</strong></span> <span class='ocrx_word' id='word_1_552' title='bbox 711 3993 855 4050; x_wconf 86' lang='lat' dir='ltr'><strong>Deus</strong></span> <span class='ocrx_word' id='word_1_553' title='bbox 880 4009 910 4046; x_wconf 88' lang='lat' dir='ltr'><strong>a</strong></span> <span class='ocrx_word' id='word_1_554' title='bbox 933 3992 1111 4055; x_wconf 84' lang='lat' dir='ltr'><strong>Patre,</strong></span> <span class='ocrx_word' id='word_1_555' title='bbox 1144 3988 1325 4059; x_wconf 83' lang='lat' dir='ltr'><strong>magni</strong></span> <span class='ocrx_word' id='word_1_556' title='bbox 1347 3983 1565 4043; x_wconf 88' lang='lat' dir='ltr'><strong>consilii</strong></span> <span class='ocrx_word' id='word_1_557' title='bbox 1588 3983 1852 4054; x_wconf 80' lang='lat' dir='ltr'><strong>Angelus,</strong></span> <span class='ocrx_word' id='word_1_558' title='bbox 1890 3994 1987 4050; x_wconf 83' lang='lat' dir='ltr'><strong>pa-</strong></span> 
     </span>
    </p>
   </div>
   <div class='ocr_carea' id='block_1_72' title="bbox 411 4073 1984 4149">
    <p class='ocr_par' dir='ltr' id='par_1_72' title="bbox 411 4073 1984 4149">
     <span class='ocr_line' id='line_1_72' title="bbox 411 4073 1984 4149; baseline -0.013 -3"><span class='ocrx_word' id='word_1_559' title='bbox 411 4091 556 4147; x_wconf 89' lang='lat' dir='ltr'><strong>terni</strong></span> <span class='ocrx_word' id='word_1_560' title='bbox 617 4087 834 4144; x_wconf 86' lang='lat' dir='ltr'><strong>consilii</strong></span> <span class='ocrx_word' id='word_1_561' title='bbox 897 4085 1125 4140; x_wconf 90' lang='lat' dir='ltr'><strong>nuntius</strong></span> <span class='ocrx_word' id='word_1_562' title='bbox 1167 4093 1222 4138; x_wconf 88' lang='lat' dir='ltr'><strong>et</strong></span> <span class='ocrx_word' id='word_1_563' title='bbox 1267 4083 1560 4149; x_wconf 84' lang='lat' dir='ltr'><strong>interpres,</strong></span> <span class='ocrx_word' id='word_1_564' title='bbox 1612 4076 1774 4130; x_wconf 89' lang='lat' dir='ltr'><strong>Pater</strong></span> <span class='ocrx_word' id='word_1_565' title='bbox 1817 4073 1984 4129; x_wconf 78' lang='lat' dir='ltr'><strong>futuri</strong></span> 
     </span>
    </p>
   </div>
   <div class='ocr_carea' id='block_1_73' title="bbox 409 4163 1986 4248">
    <p class='ocr_par' dir='ltr' id='par_1_73' title="bbox 409 4163 1986 4248">
     <span class='ocr_line' id='line_1_73' title="bbox 409 4163 1986 4248; baseline -0.013 -11"><span class='ocrx_word' id='word_1_566' title='bbox 409 4182 592 4238; x_wconf 57' lang='lat' dir='ltr'><strong>amen-ll</strong></span> <span class='ocrx_word' id='word_1_567' title='bbox 613 4182 689 4233; x_wconf 74' lang='grc' dir='ltr'><strong>ὀε</strong></span> <span class='ocrx_word' id='word_1_568' title='bbox 717 4181 852 4248; x_wconf 88' lang='lat' dir='ltr'><strong>ipse,</strong></span> <span class='ocrx_word' id='word_1_569' title='bbox 872 4178 1116 4244; x_wconf 87' lang='lat' dir='ltr'><strong>inquam,</strong></span> <span class='ocrx_word' id='word_1_570' title='bbox 1145 4175 1252 4227; x_wconf 83' lang='lat' dir='ltr'><strong>hoc</strong></span> <span class='ocrx_word' id='word_1_571' title='bbox 1275 4173 1412 4225; x_wconf 77' lang='lat' dir='ltr'><strong>dixit</strong></span> <span class='ocrx_word' id='word_1_572' title='bbox 1439 4189 1453 4224; x_wconf 89' lang='lat'><strong>:</strong></span> <span class='ocrx_word' id='word_1_573' title='bbox 1487 4169 1654 4223; x_wconf 84' lang='lat' dir='ltr'><strong>Nemo</strong></span> <span class='ocrx_word' id='word_1_574' title='bbox 1682 4165 1822 4220; x_wconf 78' lang='lat' dir='ltr'><strong>nouit</strong></span> <span class='ocrx_word' id='word_1_575' title='bbox 1849 4163 1986 4218; x_wconf 88' lang='lat' dir='ltr'><strong>diem</strong></span> 
     </span>
    </p>
   </div>
   <div class='ocr_carea' id='block_1_74' title="bbox 412 4256 1983 4341">
    <p class='ocr_par' dir='ltr' id='par_1_74' title="bbox 412 4256 1983 4341">
     <span class='ocr_line' id='line_1_74' title="bbox 412 4256 1983 4341; baseline -0.013 -15"><span class='ocrx_word' id='word_1_576' title='bbox 412 4283 572 4341; x_wconf 77' lang='lat' dir='ltr'><strong>neque</strong></span> <span class='ocrx_word' id='word_1_577' title='bbox 604 4271 810 4329; x_wconf 84' lang='lat' dir='ltr'><strong>horam,</strong></span> <span class='ocrx_word' id='word_1_578' title='bbox 853 4283 918 4319; x_wconf 80' lang='lat' dir='ltr'><strong>ne</strong></span> <span class='ocrx_word' id='word_1_579' title='bbox 951 4264 1122 4334; x_wconf 79' lang='lat' dir='ltr'><strong>angeli</strong></span> <span class='ocrx_word' id='word_1_580' title='bbox 1156 4262 1362 4332; x_wconf 84' lang='lat' dir='ltr'><strong>quidem</strong></span> <span class='ocrx_word' id='word_1_581' title='bbox 1401 4262 1489 4330; x_wconf 85' lang='lat' dir='ltr'><strong>qui</strong></span> <span class='ocrx_word' id='word_1_582' title='bbox 1513 4262 1566 4313; x_wconf 88' lang='lat' dir='ltr'><strong>in</strong></span> <span class='ocrx_word' id='word_1_583' title='bbox 1597 4258 1726 4312; x_wconf 80' lang='lat' dir='ltr'><strong>coelo</strong></span> <span class='ocrx_word' id='word_1_584' title='bbox 1766 4267 1887 4310; x_wconf 76' lang='lat' dir='ltr'><strong>sunt</strong></span> <span class='ocrx_word' id='word_1_585' title='bbox 1921 4256 1983 4319; x_wconf 83' lang='lat'><strong>“,</strong></span> 
     </span>
    </p>
   </div>
   <div class='ocr_carea' id='block_1_75' title="bbox 415 4347 1985 4427">
    <p class='ocr_par' dir='ltr' id='par_1_75' title="bbox 415 4347 1985 4427">
     <span class='ocr_line' id='line_1_75' title="bbox 415 4347 1985 4427; baseline -0.013 -10"><span class='ocrx_word' id='word_1_586' title='bbox 415 4377 540 4417; x_wconf 85' lang='lat' dir='ltr'><strong>nam</strong></span> <span class='ocrx_word' id='word_1_587' title='bbox 599 4359 734 4413; x_wconf 88' lang='lat' dir='ltr'><strong>illud</strong></span> <span class='ocrx_word' id='word_1_588' title='bbox 790 4358 1062 4427; x_wconf 86' lang='lat' dir='ltr'><strong>ignorant,</strong></span> <span class='ocrx_word' id='word_1_589' title='bbox 1119 4351 1316 4406; x_wconf 79' lang='lat' dir='ltr'><strong>Filium</strong></span> <span class='ocrx_word' id='word_1_590' title='bbox 1367 4351 1470 4405; x_wconf 87' lang='lat' dir='ltr'><strong>hoc</strong></span> <span class='ocrx_word' id='word_1_591' title='bbox 1518 4349 1698 4402; x_wconf 85' lang='lat' dir='ltr'><strong>altiori</strong></span> <span class='ocrx_word' id='word_1_592' title='bbox 1750 4347 1985 4417; x_wconf 88' lang='lat' dir='ltr'><strong>quodam</strong></span> 
     </span>
    </p>
   </div>
   <div class='ocr_carea' id='block_1_76' title="bbox 2082 3239 3651 3321">
    <p class='ocr_par' dir='ltr' id='par_1_76' title="bbox 2082 3239 3651 3321">
     <span class='ocr_line' id='line_1_76' title="bbox 2082 3239 3651 3321; baseline -0.008 -17"><span class='ocrx_word' id='word_1_593' title='bbox 2082 3251 2362 3321; x_wconf 79' lang='grc' dir='ltr'>ὑπάρχων,</span> <span class='ocrx_word' id='word_1_594' title='bbox 2393 3250 2466 3320; x_wconf 81' lang='grc' dir='ltr'><strong>μὴ</strong></span> <span class='ocrx_word' id='word_1_595' title='bbox 2493 3248 2722 3319; x_wconf 75' lang='grc' dir='ltr'>τραπεὶς</span> <span class='ocrx_word' id='word_1_596' title='bbox 2769 3247 2866 3315; x_wconf 85' lang='grc' dir='ltr'>τὴν</span> <span class='ocrx_word' id='word_1_597' title='bbox 2894 3244 3073 3314; x_wconf 78' lang='grc' dir='ltr'>φύσιν,</span> <span class='ocrx_word' id='word_1_598' title='bbox 3110 3245 3186 3313; x_wconf 82' lang='grc' dir='ltr'><strong>μὴ</strong></span> <span class='ocrx_word' id='word_1_599' title='bbox 3231 3241 3529 3304; x_wconf 81' lang='grc' dir='ltr'>ἀλλοιώσας</span> <span class='ocrx_word' id='word_1_600' title='bbox 3553 3239 3651 3311; x_wconf 78' lang='grc' dir='ltr'><strong>τὴν</strong></span> 
     </span>
    </p>
   </div>
   <div class='ocr_carea' id='block_1_77' title="bbox 2082 3331 3649 3412">
    <p class='ocr_par' dir='ltr' id='par_1_77' title="bbox 2082 3331 3649 3412">
     <span class='ocr_line' id='line_1_77' title="bbox 2082 3331 3649 3412; baseline -0.008 -17"><span class='ocrx_word' id='word_1_601' title='bbox 2082 3343 2331 3412; x_wconf 76' lang='grc' dir='ltr'>θεότητα.</span> <span class='ocrx_word' id='word_1_602' title='bbox 2359 3339 2387 3392; x_wconf 90' lang='lat'><strong>6</strong></span> <span class='ocrx_word' id='word_1_603' title='bbox 2409 3339 2688 3408; x_wconf 69' lang='grc' dir='ltr'>γεννηθεὶς</span> <span class='ocrx_word' id='word_1_604' title='bbox 2737 3337 2793 3389; x_wconf 80' lang='grc' dir='ltr'>ὲν</span> <span class='ocrx_word' id='word_1_605' title='bbox 2836 3336 3020 3406; x_wconf 80' lang='grc' dir='ltr'>σαρκὶ,</span> <span class='ocrx_word' id='word_1_606' title='bbox 3054 3337 3081 3388; x_wconf 97' lang='lat'><strong>6</strong></span> <span class='ocrx_word' id='word_1_607' title='bbox 3112 3331 3415 3405; x_wconf 72' lang='grc' dir='ltr'>σαρκωθεὶς</span> <span class='ocrx_word' id='word_1_608' title='bbox 3461 3332 3649 3398; x_wconf 81' lang='grc' dir='ltr'>Λόγος,</span> 
     </span>
    </p>
   </div>
   <div class='ocr_carea' id='block_1_78' title="bbox 2081 3424 3654 3503">
    <p class='ocr_par' dir='ltr' id='par_1_78' title="bbox 2081 3424 3654 3503">
     <span class='ocr_line' id='line_1_78' title="bbox 2081 3424 3654 3503; baseline -0.01 -13"><span class='ocrx_word' id='word_1_609' title='bbox 2081 3437 2112 3490; x_wconf 90' lang='lat'><strong>6</strong></span> <span class='ocrx_word' id='word_1_610' title='bbox 2145 3433 2316 3502; x_wconf 86' lang='grc' dir='ltr'>Λόγος</span> <span class='ocrx_word' id='word_1_611' title='bbox 2358 3430 2492 3503; x_wconf 76' lang='grc' dir='ltr'>σὰρξ</span> <span class='ocrx_word' id='word_1_612' title='bbox 2537 3430 2856 3499; x_wconf 83' lang='grc' dir='ltr'>γενόμενος.</span> <span class='ocrx_word' id='word_1_613' title='bbox 2888 3430 2915 3481; x_wconf 92' lang='lat'><strong>6</strong></span> <span class='ocrx_word' id='word_1_614' title='bbox 2958 3427 3093 3498; x_wconf 75' lang='grc' dir='ltr'>ἔχων</span> <span class='ocrx_word' id='word_1_615' title='bbox 3128 3425 3329 3496; x_wconf 79' lang='grc' dir='ltr'>μεταξὺ</span> <span class='ocrx_word' id='word_1_616' title='bbox 3366 3424 3457 3477; x_wconf 81' lang='grc' dir='ltr'>τοῦ</span> <span class='ocrx_word' id='word_1_617' title='bbox 3490 3424 3654 3493; x_wconf 75' lang='grc' dir='ltr'>γενό-</span> 
     </span>
    </p>
   </div>
   <div class='ocr_carea' id='block_1_79' title="bbox 2077 3511 3655 3596">
    <p class='ocr_par' dir='ltr' id='par_1_79' title="bbox 2077 3511 3655 3596">
     <span class='ocr_line' id='line_1_79' title="bbox 2077 3511 3655 3596; baseline -0.01 -16"><span class='ocrx_word' id='word_1_618' title='bbox 2077 3543 2260 3596; x_wconf 76' lang='grc' dir='ltr'>μενος</span> <span class='ocrx_word' id='word_1_619' title='bbox 2299 3523 2360 3576; x_wconf 80' lang='grc' dir='ltr'><strong>τὸ</strong></span> <span class='ocrx_word' id='word_1_620' title='bbox 2411 3518 2589 3588; x_wconf 82' lang='grc' dir='ltr'>σάρξ.</span> <span class='ocrx_word' id='word_1_621' title='bbox 2647 3512 2710 3573; x_wconf 81' lang='lat'><strong>&#39;0</strong></span> <span class='ocrx_word' id='word_1_622' title='bbox 2731 3522 2918 3588; x_wconf 79' lang='grc' dir='ltr'>Λόγος</span> <span class='ocrx_word' id='word_1_623' title='bbox 2937 3519 3046 3588; x_wconf 73' lang='grc' dir='ltr'><strong>γὰρ</strong></span> <span class='ocrx_word' id='word_1_624' title='bbox 3084 3517 3184 3569; x_wconf 71' lang='grc' dir='ltr'><strong>οὐκ</strong></span> <span class='ocrx_word' id='word_1_625' title='bbox 3230 3511 3381 3568; x_wconf 70' lang='grc' dir='ltr'>εἶπεν</span> <span class='ocrx_word' id='word_1_626' title='bbox 3423 3517 3455 3566; x_wconf 85' lang='grc' dir='ltr'><strong><em>ό</em></strong></span> <span class='ocrx_word' id='word_1_627' title='bbox 3491 3514 3655 3582; x_wconf 68' lang='grc' dir='ltr'>γενό-</span> 
     </span>
    </p>
   </div>
   <div class='ocr_carea' id='block_1_80' title="bbox 2077 3603 3653 3686">
    <p class='ocr_par' dir='ltr' id='par_1_80' title="bbox 2077 3603 3653 3686">
     <span class='ocr_line' id='line_1_80' title="bbox 2077 3603 3653 3686; baseline -0.011 -15"><span class='ocrx_word' id='word_1_628' title='bbox 2077 3632 2281 3686; x_wconf 75' lang='grc' dir='ltr'>μενος,</span> <span class='ocrx_word' id='word_1_629' title='bbox 2322 3612 2456 3666; x_wconf 84' lang='grc' dir='ltr'>ἀλλὰ</span> <span class='ocrx_word' id='word_1_630' title='bbox 2487 3609 2623 3682; x_wconf 77' lang='grc' dir='ltr'>μετά</span> <span class='ocrx_word' id='word_1_631' title='bbox 2648 3607 2709 3662; x_wconf 78' lang='grc' dir='ltr'><strong>τὸ</strong></span> <span class='ocrx_word' id='word_1_632' title='bbox 2741 3609 2802 3660; x_wconf 86' lang='lat'><strong>&#39;0</strong></span> <span class='ocrx_word' id='word_1_633' title='bbox 2829 3608 3015 3678; x_wconf 79' lang='grc' dir='ltr'>Λόγος</span> <span class='ocrx_word' id='word_1_634' title='bbox 3039 3605 3445 3678; x_wconf 82' lang='grc' dir='ltr'>ἀπαρεμφάτως</span> <span class='ocrx_word' id='word_1_635' title='bbox 3475 3603 3653 3672; x_wconf 84' lang='grc' dir='ltr'>τίθησι</span> 
     </span>
    </p>
   </div>
   <div class='ocr_carea' id='block_1_81' title="bbox 2083 3693 3656 3775">
    <p class='ocr_par' dir='ltr' id='par_1_81' title="bbox 2083 3693 3656 3775">
     <span class='ocr_line' id='line_1_81' title="bbox 2083 3693 3656 3775; baseline -0.012 -12"><span class='ocrx_word' id='word_1_636' title='bbox 2083 3709 2143 3763; x_wconf 73' lang='grc' dir='ltr'>τὸ</span> <span class='ocrx_word' id='word_1_637' title='bbox 2198 3705 2379 3775; x_wconf 72' lang='grc' dir='ltr'>σάρξ·</span> <span class='ocrx_word' id='word_1_638' title='bbox 2413 3702 2552 3775; x_wconf 82' lang='grc' dir='ltr'>μετὰ</span> <span class='ocrx_word' id='word_1_639' title='bbox 2581 3702 2636 3755; x_wconf 79' lang='grc' dir='ltr'><strong>δὲ</strong></span> <span class='ocrx_word' id='word_1_640' title='bbox 2685 3702 2745 3754; x_wconf 73' lang='grc' dir='ltr'><strong>τὸ</strong></span> <span class='ocrx_word' id='word_1_641' title='bbox 2781 3700 2936 3769; x_wconf 75' lang='grc' dir='ltr'>σὰρξ</span> <span class='ocrx_word' id='word_1_642' title='bbox 2982 3699 3129 3767; x_wconf 82' lang='grc' dir='ltr'>λέγει</span> <span class='ocrx_word' id='word_1_643' title='bbox 3172 3697 3424 3767; x_wconf 66' lang='grc' dir='ltr'>ἐγένετο,</span> <span class='ocrx_word' id='word_1_644' title='bbox 3463 3695 3548 3747; x_wconf 84' lang='grc' dir='ltr'>ἵνα</span> <span class='ocrx_word' id='word_1_645' title='bbox 3594 3693 3656 3745; x_wconf 86' lang='grc' dir='ltr'>τὸ</span> 
     </span>
    </p>
   </div>
   <div class='ocr_carea' id='block_1_82' title="bbox 2083 3783 3654 3870">
    <p class='ocr_par' dir='ltr' id='par_1_82' title="bbox 2083 3783 3654 3870">
     <span class='ocr_line' id='line_1_82' title="bbox 2083 3783 3654 3870; baseline -0.013 -15"><span class='ocrx_word' id='word_1_646' title='bbox 2083 3802 2339 3870; x_wconf 70' lang='grc' dir='ltr'>ἐγένετο,</span> <span class='ocrx_word' id='word_1_647' title='bbox 2368 3799 2433 3850; x_wconf 83' lang='grc' dir='ltr'><strong>ὲκ</strong></span> <span class='ocrx_word' id='word_1_648' title='bbox 2470 3794 2688 3867; x_wconf 80' lang='grc' dir='ltr'>Μαρίας</span> <span class='ocrx_word' id='word_1_649' title='bbox 2719 3791 3037 3863; x_wconf 81' lang='grc' dir='ltr'>δοκιμασθῇ,</span> <span class='ocrx_word' id='word_1_650' title='bbox 3075 3789 3161 3841; x_wconf 80' lang='grc' dir='ltr'><strong>ἵνα</strong></span> <span class='ocrx_word' id='word_1_651' title='bbox 3201 3789 3229 3838; x_wconf 92' lang='lat'><strong>6</strong></span> <span class='ocrx_word' id='word_1_652' title='bbox 3258 3788 3427 3854; x_wconf 79' lang='grc' dir='ltr'>Λόγος</span> <span class='ocrx_word' id='word_1_653' title='bbox 3452 3783 3654 3838; x_wconf 82' lang='grc' dir='ltr'>ἄνωθεν</span> 
     </span>
    </p>
   </div>
   <div class='ocr_carea' id='block_1_83' title="bbox 2087 3873 3654 3963">
    <p class='ocr_par' dir='ltr' id='par_1_83' title="bbox 2087 3873 3654 3963">
     <span class='ocr_line' id='line_1_83' title="bbox 2087 3873 3654 3963; baseline -0.013 -18"><span class='ocrx_word' id='word_1_654' title='bbox 2087 3892 2237 3963; x_wconf 78' lang='grc' dir='ltr'>παρὰ</span> <span class='ocrx_word' id='word_1_655' title='bbox 2277 3889 2485 3960; x_wconf 73' lang='grc' dir='ltr'>[ἰατρὸς</span> <span class='ocrx_word' id='word_1_656' title='bbox 2514 3881 2788 3940; x_wconf 80' lang='grc' dir='ltr'>κατελθὼν</span> <span class='ocrx_word' id='word_1_657' title='bbox 2827 3882 3008 3952; x_wconf 77' lang='grc' dir='ltr'>νοηθῇ.</span> <span class='ocrx_word' id='word_1_658' title='bbox 3045 3873 3211 3942; x_wconf 72' lang='grc' dir='ltr'>Οὗτος</span> <span class='ocrx_word' id='word_1_659' title='bbox 3252 3880 3279 3930; x_wconf 91' lang='lat'><strong>6</strong></span> <span class='ocrx_word' id='word_1_660' title='bbox 3311 3875 3461 3944; x_wconf 80' lang='grc' dir='ltr'>ἃγιος</span> <span class='ocrx_word' id='word_1_661' title='bbox 3491 3877 3517 3927; x_wconf 90' lang='lat'><strong>6</strong></span> <span class='ocrx_word' id='word_1_662' title='bbox 3546 3873 3654 3938; x_wconf 73' lang='grc' dir='ltr'><strong>ζῶν</strong></span> 
     </span>
    </p>
   </div>
   <div class='ocr_carea' id='block_1_84' title="bbox 2088 3966 3657 4051">
    <p class='ocr_par' dir='ltr' id='par_1_84' title="bbox 2088 3966 3657 4051">
     <span class='ocr_line' id='line_1_84' title="bbox 2088 3966 3657 4051; baseline -0.013 -15"><span class='ocrx_word' id='word_1_663' title='bbox 2088 3983 2279 4051; x_wconf 84' lang='grc' dir='ltr'>Λόγος,</span> <span class='ocrx_word' id='word_1_664' title='bbox 2308 3983 2335 4033; x_wconf 90' lang='grc' dir='ltr'>ὁ</span> <span class='ocrx_word' id='word_1_665' title='bbox 2368 3980 2501 4051; x_wconf 73' lang='grc' dir='ltr'>πρὸς</span> <span class='ocrx_word' id='word_1_666' title='bbox 2532 3975 2742 4046; x_wconf 81' lang='grc' dir='ltr'>Πατρὸς</span> <span class='ocrx_word' id='word_1_667' title='bbox 2779 3974 2928 4036; x_wconf 81' lang='grc' dir='ltr'>Θεὸς,</span> <span class='ocrx_word' id='word_1_668' title='bbox 2960 3973 2988 4023; x_wconf 92' lang='lat'><strong>6</strong></span> <span class='ocrx_word' id='word_1_669' title='bbox 3032 3969 3271 4042; x_wconf 78' lang='grc' dir='ltr'>μεγάλης</span> <span class='ocrx_word' id='word_1_670' title='bbox 3304 3966 3499 4038; x_wconf 74' lang='grc' dir='ltr'>βουλῆς</span> <span class='ocrx_word' id='word_1_671' title='bbox 3524 3967 3657 4032; x_wconf 81' lang='grc' dir='ltr'>’Λγ-</span> 
     </span>
    </p>
   </div>
   <div class='ocr_carea' id='block_1_85' title="bbox 2087 4057 3659 4144">
    <p class='ocr_par' dir='ltr' id='par_1_85' title="bbox 2087 4057 3659 4144">
     <span class='ocr_line' id='line_1_85' title="bbox 2087 4057 3659 4144; baseline -0.014 -15"><span class='ocrx_word' id='word_1_672' title='bbox 2087 4077 2260 4144; x_wconf 83' lang='grc' dir='ltr'>γελος,</span> <span class='ocrx_word' id='word_1_673' title='bbox 2289 4075 2316 4126; x_wconf 91' lang='lat'><strong>6</strong></span> <span class='ocrx_word' id='word_1_674' title='bbox 2342 4071 2618 4142; x_wconf 83' lang='grc' dir='ltr'>ἀγγέλλων</span> <span class='ocrx_word' id='word_1_675' title='bbox 2647 4066 2714 4120; x_wconf 81' lang='grc' dir='ltr'>τὰ</span> <span class='ocrx_word' id='word_1_676' title='bbox 2739 4068 2835 4137; x_wconf 84' lang='grc' dir='ltr'><strong>τῆς</strong></span> <span class='ocrx_word' id='word_1_677' title='bbox 2865 4064 3056 4136; x_wconf 77' lang='grc' dir='ltr'>βουλῆς</span> <span class='ocrx_word' id='word_1_678' title='bbox 3079 4061 3172 4115; x_wconf 77' lang='grc' dir='ltr'><strong>τοῦ</strong></span> <span class='ocrx_word' id='word_1_679' title='bbox 3203 4059 3434 4130; x_wconf 79' lang='grc' dir='ltr'>Πατρδς,</span> <span class='ocrx_word' id='word_1_680' title='bbox 3470 4057 3659 4124; x_wconf 78' lang='grc' dir='ltr'>Πατὴρ</span> 
     </span>
    </p>
   </div>
   <div class='ocr_carea' id='block_1_86' title="bbox 2087 4144 3662 4234">
    <p class='ocr_par' dir='ltr' id='par_1_86' title="bbox 2087 4144 3662 4234">
     <span class='ocr_line' id='line_1_86' title="bbox 2087 4144 3662 4234; baseline -0.013 -17"><span class='ocrx_word' id='word_1_681' title='bbox 2087 4165 2178 4218; x_wconf 74' lang='grc' dir='ltr'>τοῦ</span> <span class='ocrx_word' id='word_1_682' title='bbox 2207 4161 2488 4234; x_wconf 78' lang='grc' dir='ltr'>μέλλοντος</span> <span class='ocrx_word' id='word_1_683' title='bbox 2527 4160 2740 4221; x_wconf 80' lang='grc' dir='ltr'>αἰῶνος,</span> <span class='ocrx_word' id='word_1_684' title='bbox 2772 4157 2931 4219; x_wconf 80' lang='grc' dir='ltr'>αὐτὸς</span> <span class='ocrx_word' id='word_1_685' title='bbox 2955 4149 3105 4207; x_wconf 78' lang='grc' dir='ltr'>εἶπεν</span> <span class='ocrx_word' id='word_1_686' title='bbox 3124 4169 3136 4183; x_wconf 82' lang='grc'><em>’</em></span> <span class='ocrx_word' id='word_1_687' title='bbox 3166 4151 3374 4215; x_wconf 77' lang='grc' dir='ltr'>Οὐδεὶς</span> <span class='ocrx_word' id='word_1_688' title='bbox 3394 4144 3516 4202; x_wconf 77' lang='grc' dir='ltr'>οἵδε</span> <span class='ocrx_word' id='word_1_689' title='bbox 3549 4145 3662 4211; x_wconf 75' lang='grc' dir='ltr'><strong>τὴν</strong></span> 
     </span>
    </p>
   </div>
   <div class='ocr_carea' id='block_1_87' title="bbox 2087 4233 3661 4325">
    <p class='ocr_par' dir='ltr' id='par_1_87' title="bbox 2087 4233 3661 4325">
     <span class='ocr_line' id='line_1_87' title="bbox 2087 4233 3661 4325; baseline -0.015 -15"><span class='ocrx_word' id='word_1_690' title='bbox 2087 4233 2312 4325; x_wconf 74' lang='grc' dir='ltr'>ἡμέραν</span> <span class='ocrx_word' id='word_1_691' title='bbox 2362 4253 2459 4306; x_wconf 79' lang='grc' dir='ltr'><strong>καὶ</strong></span> <span class='ocrx_word' id='word_1_692' title='bbox 2495 4251 2607 4317; x_wconf 79' lang='grc' dir='ltr'><strong>τὴν</strong></span> <span class='ocrx_word' id='word_1_693' title='bbox 2637 4249 2817 4316; x_wconf 80' lang='grc' dir='ltr'>ὥραν,</span> <span class='ocrx_word' id='word_1_694' title='bbox 2842 4247 2980 4299; x_wconf 77' lang='grc' dir='ltr'>οὔτε</span> <span class='ocrx_word' id='word_1_695' title='bbox 3015 4249 3067 4296; x_wconf 82' lang='grc' dir='ltr'>οὶ</span> <span class='ocrx_word' id='word_1_696' title='bbox 3109 4243 3347 4311; x_wconf 71' lang='grc' dir='ltr'>ἄγγελοι</span> <span class='ocrx_word' id='word_1_697' title='bbox 3388 4243 3441 4292; x_wconf 82' lang='lat' dir='ltr'><strong>oi</strong></span> <span class='ocrx_word' id='word_1_698' title='bbox 3474 4240 3542 4291; x_wconf 63' lang='grc' dir='ltr'><strong>ἐν</strong></span> <span class='ocrx_word' id='word_1_699' title='bbox 3580 4233 3661 4299; x_wconf 80' lang='grc' dir='ltr'>τῷ</span> 
     </span>
    </p>
   </div>
   <div class='ocr_carea' id='block_1_88' title="bbox 2090 4327 3662 4416">
    <p class='ocr_par' dir='ltr' id='par_1_88' title="bbox 2090 4327 3662 4416">
     <span class='ocr_line' id='line_1_88' title="bbox 2090 4327 3662 4416; baseline -0.014 -16"><span class='ocrx_word' id='word_1_700' title='bbox 2090 4345 2321 4416; x_wconf 74' lang='grc' dir='ltr'>οὐρανῷ</span> <span class='ocrx_word' id='word_1_701' title='bbox 2344 4361 2359 4375; x_wconf 85' lang='grc'>⁶</span> <span class='ocrx_word' id='word_1_702' title='bbox 2391 4345 2483 4399; x_wconf 79' lang='grc' dir='ltr'><strong>καὶ</strong></span> <span class='ocrx_word' id='word_1_703' title='bbox 2512 4342 2621 4412; x_wconf 82' lang='grc' dir='ltr'><strong>γάρ</strong></span> <span class='ocrx_word' id='word_1_704' title='bbox 2644 4341 2742 4393; x_wconf 82' lang='grc' dir='ltr'>οὐκ</span> <span class='ocrx_word' id='word_1_705' title='bbox 2772 4337 2975 4390; x_wconf 75' lang='grc' dir='ltr'>οἴδασιν</span> <span class='ocrx_word' id='word_1_706' title='bbox 2997 4337 3077 4387; x_wconf 80' lang='grc' dir='ltr'><strong>ὅτι</strong></span> <span class='ocrx_word' id='word_1_707' title='bbox 3101 4336 3128 4386; x_wconf 91' lang='lat'><strong>6</strong></span> <span class='ocrx_word' id='word_1_708' title='bbox 3160 4334 3286 4395; x_wconf 81' lang='grc' dir='ltr'>Υἱὸς</span> <span class='ocrx_word' id='word_1_709' title='bbox 3316 4327 3662 4400; x_wconf 81' lang='grc' dir='ltr'>νοηματικῶς</span> 
     </span>
    </p>
   </div>
   <div class='ocr_carea' id='block_1_89' title="bbox 413 4413 1976 4522">
    <p class='ocr_par' dir='ltr' id='par_1_89' title="bbox 413 4438 1976 4520">
     <span class='ocr_line' id='line_1_89' title="bbox 413 4438 1976 4520; baseline -0.011 -14"><span class='ocrx_word' id='word_1_710' title='bbox 413 4465 580 4507; x_wconf 87' lang='lat' dir='ltr'><strong>sensu</strong></span> <span class='ocrx_word' id='word_1_711' title='bbox 635 4447 1039 4520; x_wconf 79' lang='lat' dir='ltr'><strong>pronuntiasse,</strong></span> <span class='ocrx_word' id='word_1_712' title='bbox 1100 4441 1224 4497; x_wconf 85' lang='lat' dir='ltr'><strong>Nisi</strong></span> <span class='ocrx_word' id='word_1_713' title='bbox 1273 4441 1418 4496; x_wconf 78' lang='lat' dir='ltr'><strong>solus</strong></span> <span class='ocrx_word' id='word_1_714' title='bbox 1468 4439 1650 4493; x_wconf 82' lang='lat' dir='ltr'><strong>Pater.</strong></span> <span class='ocrx_word' id='word_1_715' title='bbox 1704 4438 1809 4508; x_wconf 76' lang='lat'><strong>25</strong></span> <span class='ocrx_word' id='word_1_716' title='bbox 1850 4438 1976 4491; x_wconf 83' lang='lat' dir='ltr'><strong>Cum</strong></span> 
     </span>
    </p>
   </div>
   <div class='ocr_carea' id='block_1_90' title="bbox 2081 4413 3663 4522">
    <p class='ocr_par' dir='ltr' id='par_1_90' title="bbox 2091 4413 3663 4522">
     <span class='ocr_line' id='line_1_90' title="bbox 2091 4413 3663 4522; baseline -0.017 -31"><span class='ocrx_word' id='word_1_717' title='bbox 2091 4413 2256 4507; x_wconf 77' lang='grc' dir='ltr'>λέγει,</span> <span class='ocrx_word' id='word_1_718' title='bbox 2288 4439 2355 4492; x_wconf 81' lang='lat' dir='ltr'><strong>Ei</strong></span> <span class='ocrx_word' id='word_1_719' title='bbox 2371 4435 2456 4505; x_wconf 78' lang='grc' dir='ltr'><strong>μὴ</strong></span> <span class='ocrx_word' id='word_1_720' title='bbox 2485 4435 2672 4502; x_wconf 74' lang='grc' dir='ltr'>μόνος</span> <span class='ocrx_word' id='word_1_721' title='bbox 2696 4432 2728 4482; x_wconf 83' lang='grc' dir='ltr'><em>ὀ</em></span> <span class='ocrx_word' id='word_1_722' title='bbox 2757 4425 2976 4493; x_wconf 86' lang='grc' dir='ltr'>Πατήρ.</span> <span class='ocrx_word' id='word_1_723' title='bbox 3015 4425 3076 4476; x_wconf 88' lang='lat' dir='ltr'><strong>Ei</strong></span> <span class='ocrx_word' id='word_1_724' title='bbox 3109 4421 3286 4474; x_wconf 83' lang='grc' dir='ltr'>τοίνυν</span> <span class='ocrx_word' id='word_1_725' title='bbox 3317 4413 3454 4522; x_wconf 71' lang='grc' dir='ltr'>οἶδεν</span> <span class='ocrx_word' id='word_1_726' title='bbox 3477 4420 3503 4468; x_wconf 91' lang='lat'><strong>6</strong></span> <span class='ocrx_word' id='word_1_727' title='bbox 3523 4414 3663 4522; x_wconf 39' lang='lat' dir='ltr'><strong>‘1‘in</strong></span> 
     </span>
    </p>
   </div>
   <div class='ocr_carea' id='block_1_91' title="bbox 413 4530 1984 4614">
    <p class='ocr_par' dir='ltr' id='par_1_91' title="bbox 413 4530 1984 4614">
     <span class='ocr_line' id='line_1_91' title="bbox 413 4530 1984 4614; baseline -0.01 -16"><span class='ocrx_word' id='word_1_728' title='bbox 413 4544 580 4614; x_wconf 84' lang='lat' dir='ltr'><strong>igitur</strong></span> <span class='ocrx_word' id='word_1_729' title='bbox 614 4541 830 4595; x_wconf 83' lang='lat' dir='ltr'><strong>Patrem</strong></span> <span class='ocrx_word' id='word_1_730' title='bbox 863 4538 1035 4593; x_wconf 90' lang='lat' dir='ltr'><strong>Filius</strong></span> <span class='ocrx_word' id='word_1_731' title='bbox 1082 4535 1317 4593; x_wconf 85' lang='lat' dir='ltr'><strong>noverit.</strong></span> <span class='ocrx_word' id='word_1_732' title='bbox 1369 4547 1434 4587; x_wconf 87' lang='lat' dir='ltr'><strong>ac</strong></span> <span class='ocrx_word' id='word_1_733' title='bbox 1467 4531 1630 4587; x_wconf 86' lang='lat' dir='ltr'><strong>Pater</strong></span> <span class='ocrx_word' id='word_1_734' title='bbox 1665 4532 1751 4586; x_wconf 90' lang='lat' dir='ltr'><strong>die</strong></span> <span class='ocrx_word' id='word_1_735' title='bbox 1793 4531 1884 4583; x_wconf 85' lang='lat' dir='ltr'><strong>illa</strong></span> <span class='ocrx_word' id='word_1_736' title='bbox 1914 4530 1984 4583; x_wconf 82' lang='lat' dir='ltr'><strong>sit</strong></span> 
     </span>
    </p>
   </div>
   <div class='ocr_carea' id='block_1_92' title="bbox 416 4625 1979 4704">
    <p class='ocr_par' dir='ltr' id='par_1_92' title="bbox 416 4625 1979 4704">
     <span class='ocr_line' id='line_1_92' title="bbox 416 4625 1979 4704; baseline -0.011 -14"><span class='ocrx_word' id='word_1_737' title='bbox 416 4637 662 4704; x_wconf 84' lang='lat' dir='ltr'><strong>horaque</strong></span> <span class='ocrx_word' id='word_1_738' title='bbox 699 4632 909 4702; x_wconf 75' lang='lat' dir='ltr'><strong>major;</strong></span> <span class='ocrx_word' id='word_1_739' title='bbox 943 4645 1051 4700; x_wconf 85' lang='lat' dir='ltr'><strong>qua</strong></span> <span class='ocrx_word' id='word_1_740' title='bbox 1083 4625 1150 4684; x_wconf 91' lang='lat' dir='ltr'><strong>de</strong></span> <span class='ocrx_word' id='word_1_741' title='bbox 1178 4637 1238 4681; x_wconf 80' lang='lat' dir='ltr'><strong>re</strong></span> <span class='ocrx_word' id='word_1_742' title='bbox 1273 4627 1525 4681; x_wconf 87' lang='lat' dir='ltr'><strong>dubitare</strong></span> <span class='ocrx_word' id='word_1_743' title='bbox 1563 4639 1724 4678; x_wconf 87' lang='lat' dir='ltr'><strong>nemo</strong></span> <span class='ocrx_word' id='word_1_744' title='bbox 1759 4629 1937 4691; x_wconf 89' lang='lat' dir='ltr'><strong>potest</strong></span> <span class='ocrx_word' id='word_1_745' title='bbox 1968 4639 1979 4674; x_wconf 88' lang='lat'>:</span> 
     </span>
    </p>
   </div>
   <div class='ocr_carea' id='block_1_93' title="bbox 417 4712 1985 4798">
    <p class='ocr_par' dir='ltr' id='par_1_93' title="bbox 417 4712 1985 4798">
     <span class='ocr_line' id='line_1_93' title="bbox 417 4712 1985 4798; baseline -0.013 -15"><span class='ocrx_word' id='word_1_746' title='bbox 417 4729 508 4798; x_wconf 89' lang='lat' dir='ltr'><strong>qui</strong></span> <span class='ocrx_word' id='word_1_747' title='bbox 551 4725 696 4797; x_wconf 90' lang='lat' dir='ltr'><strong>quod</strong></span> <span class='ocrx_word' id='word_1_748' title='bbox 740 4725 920 4792; x_wconf 84' lang='lat' dir='ltr'><strong>majus</strong></span> <span class='ocrx_word' id='word_1_749' title='bbox 971 4731 1056 4776; x_wconf 91' lang='lat' dir='ltr'><strong>est</strong></span> <span class='ocrx_word' id='word_1_750' title='bbox 1105 4721 1278 4782; x_wconf 90' lang='lat' dir='ltr'><strong>novit,</strong></span> <span class='ocrx_word' id='word_1_751' title='bbox 1314 4734 1441 4772; x_wconf 87' lang='lat' dir='ltr'><strong>num</strong></span> <span class='ocrx_word' id='word_1_752' title='bbox 1496 4717 1542 4770; x_wconf 91' lang='lat' dir='ltr'><strong>is</strong></span> <span class='ocrx_word' id='word_1_753' title='bbox 1585 4713 1802 4768; x_wconf 89' lang='lat' dir='ltr'><strong>tandem</strong></span> <span class='ocrx_word' id='word_1_754' title='bbox 1840 4712 1985 4781; x_wconf 93' lang='lat' dir='ltr'><strong>quod</strong></span> 
     </span>
    </p>
   </div>
   <div class='ocr_carea' id='block_1_94' title="bbox 2091 4505 3662 4596">
    <p class='ocr_par' dir='ltr' id='par_1_94' title="bbox 2091 4505 3662 4596">
     <span class='ocr_line' id='line_1_94' title="bbox 2091 4505 3662 4596; baseline -0.015 -14"><span class='ocrx_word' id='word_1_755' title='bbox 2091 4505 2181 4581; x_wconf 71' lang='grc' dir='ltr'>τὸν</span> <span class='ocrx_word' id='word_1_756' title='bbox 2199 4526 2435 4596; x_wconf 75' lang='grc' dir='ltr'>Πατέρα,</span> <span class='ocrx_word' id='word_1_757' title='bbox 2456 4519 2654 4592; x_wconf 79' lang='grc' dir='ltr'>μείζων</span> <span class='ocrx_word' id='word_1_758' title='bbox 2668 4519 2722 4571; x_wconf 80' lang='grc' dir='ltr'><strong>δὲ</strong></span> <span class='ocrx_word' id='word_1_759' title='bbox 2737 4517 2764 4568; x_wconf 89' lang='grc' dir='ltr'>ὁ</span> <span class='ocrx_word' id='word_1_760' title='bbox 2786 4513 3084 4584; x_wconf 68' lang='grc' dir='ltr'>Πατὴρσιαὶ</span> <span class='ocrx_word' id='word_1_761' title='bbox 3108 4514 3206 4580; x_wconf 84' lang='grc' dir='ltr'>τῆς</span> <span class='ocrx_word' id='word_1_762' title='bbox 3222 4507 3436 4580; x_wconf 84' lang='grc' dir='ltr'>ἡμέρας</span> <span class='ocrx_word' id='word_1_763' title='bbox 3452 4506 3545 4559; x_wconf 73' lang='grc' dir='ltr'><strong>καὶ</strong></span> <span class='ocrx_word' id='word_1_764' title='bbox 3559 4505 3662 4596; x_wconf 66' lang='grc' dir='ltr'><strong>τῆς</strong></span> 
     </span>
    </p>
   </div>
   <div class='ocr_carea' id='block_1_95' title="bbox 2091 4594 3662 4690">
    <p class='ocr_par' dir='ltr' id='par_1_95' title="bbox 2091 4594 3662 4690">
     <span class='ocr_line' id='line_1_95' title="bbox 2091 4594 3662 4690; baseline -0.017 -17"><span class='ocrx_word' id='word_1_765' title='bbox 2091 4619 2258 4690; x_wconf 81' lang='grc' dir='ltr'>ὥρας.</span> <span class='ocrx_word' id='word_1_766' title='bbox 2272 4594 2362 4670; x_wconf 61' lang='grc' dir='ltr'><strong>και</strong></span> <span class='ocrx_word' id='word_1_767' title='bbox 2378 4613 2550 4674; x_wconf 69' lang='grc' dir='ltr'>οὐδεὶς</span> <span class='ocrx_word' id='word_1_768' title='bbox 2575 4607 2922 4680; x_wconf 75' lang='grc' dir='ltr'>ἀμφιϐάλλει,</span> <span class='ocrx_word' id='word_1_769' title='bbox 2937 4605 3054 4666; x_wconf 80' lang='grc' dir='ltr'><strong>πῶς</strong></span> <span class='ocrx_word' id='word_1_770' title='bbox 3077 4605 3182 4674; x_wconf 80' lang='grc' dir='ltr'>ἄρα</span> <span class='ocrx_word' id='word_1_771' title='bbox 3195 4604 3222 4654; x_wconf 90' lang='lat'><strong>6</strong></span> <span class='ocrx_word' id='word_1_772' title='bbox 3235 4601 3294 4653; x_wconf 77' lang='grc' dir='ltr'><strong>τὸ</strong></span> <span class='ocrx_word' id='word_1_773' title='bbox 3310 4598 3491 4668; x_wconf 76' lang='grc' dir='ltr'>μεῖζον</span> <span class='ocrx_word' id='word_1_774' title='bbox 3509 4594 3662 4658; x_wconf 80' lang='grc' dir='ltr'>εἰδὼς</span> 
     </span>
    </p>
   </div>
   <div class='ocr_carea' id='block_1_96' title="bbox 2091 4689 3665 4780">
    <p class='ocr_par' dir='ltr' id='par_1_96' title="bbox 2091 4689 3665 4780">
     <span class='ocr_line' id='line_1_96' title="bbox 2091 4689 3665 4780; baseline -0.015 -17"><span class='ocrx_word' id='word_1_775' title='bbox 2091 4711 2151 4764; x_wconf 80' lang='grc' dir='ltr'>τὸ</span> <span class='ocrx_word' id='word_1_776' title='bbox 2166 4705 2330 4780; x_wconf 80' lang='grc' dir='ltr'>ἧσσον</span> <span class='ocrx_word' id='word_1_777' title='bbox 2362 4707 2574 4773; x_wconf 84' lang='grc' dir='ltr'>άγνοεί;</span> <span class='ocrx_word' id='word_1_778' title='bbox 2615 4701 2767 4754; x_wconf 83' lang='grc' dir='ltr'><strong>Οὐδὲ</strong></span> <span class='ocrx_word' id='word_1_779' title='bbox 2791 4699 2900 4768; x_wconf 76' lang='grc' dir='ltr'>γὰρ</span> <span class='ocrx_word' id='word_1_780' title='bbox 2933 4693 3056 4750; x_wconf 81' lang='grc' dir='ltr'><strong>οἷδέ</strong></span> <span class='ocrx_word' id='word_1_781' title='bbox 3078 4713 3167 4760; x_wconf 78' lang='grc' dir='ltr'><strong>τίς</strong></span> <span class='ocrx_word' id='word_1_782' title='bbox 3201 4693 3306 4746; x_wconf 74' lang='grc' dir='ltr'><strong>τὸν</strong></span> <span class='ocrx_word' id='word_1_783' title='bbox 3339 4689 3593 4780; x_wconf 80' lang='grc' dir='ltr'>Πατέρα,</span> <span class='ocrx_word' id='word_1_784' title='bbox 3611 4689 3665 4739; x_wconf 82' lang='grc' dir='ltr'><strong>εί</strong></span> 
     </span>
    </p>
   </div>
   <div class='ocr_carea' id='block_1_97' title="bbox 414 4777 1976 4888">
    <p class='ocr_par' dir='ltr' id='par_1_97' title="bbox 414 4777 1976 4888">
     <span class='ocr_line' id='line_1_97' title="bbox 421 4777 1872 4798; baseline 0 0"><span class='ocrx_word' id='word_1_785' title='bbox 421 4777 508 4798; x_wconf 64' lang='grc' dir='ltr'><strong>Ίνν</strong></span> <span class='ocrx_word' id='word_1_786' title='bbox 555 4777 608 4797; x_wconf 74' lang='grc' dir='ltr'><strong>τ</strong></span> <span class='ocrx_word' id='word_1_787' title='bbox 639 4777 648 4778; x_wconf 61' lang='grc' dir='ltr'><em>η</em></span> <span class='ocrx_word' id='word_1_788' title='bbox 672 4777 695 4780; x_wconf 48' lang='grc' dir='ltr'>τί</span> <span class='ocrx_word' id='word_1_789' title='bbox 827 4777 845 4792; x_wconf 71' lang='grc' dir='ltr'><strong><em>σ</em></strong></span> <span class='ocrx_word' id='word_1_790' title='bbox 904 4777 913 4778; x_wconf 46' lang='grc' dir='ltr'><em>κ</em></span> <span class='ocrx_word' id='word_1_791' title='bbox 1266 4777 1274 4782; x_wconf 90' lang='grc'><strong>-</strong></span> <span class='ocrx_word' id='word_1_792' title='bbox 1857 4777 1872 4781; x_wconf 92' lang='grc'><strong><em>-</em></strong></span> 
     </span>
     <span class='ocr_line' id='line_1_98' title="bbox 414 4804 1976 4888; baseline -0.014 -13"><span class='ocrx_word' id='word_1_793' title='bbox 414 4821 594 4875; x_wconf 84' lang='lat' dir='ltr'><strong>minus</strong></span> <span class='ocrx_word' id='word_1_794' title='bbox 623 4825 707 4873; x_wconf 86' lang='lat' dir='ltr'><strong>est</strong></span> <span class='ocrx_word' id='word_1_795' title='bbox 737 4814 1053 4888; x_wconf 84' lang='lat' dir='ltr'><strong>ignorabit?</strong></span> <span class='ocrx_word' id='word_1_796' title='bbox 1101 4811 1274 4867; x_wconf 84' lang='lat' dir='ltr'><strong>Nemo</strong></span> <span class='ocrx_word' id='word_1_797' title='bbox 1305 4814 1444 4864; x_wconf 85' lang='lat' dir='ltr'><strong>enim</strong></span> <span class='ocrx_word' id='word_1_798' title='bbox 1479 4809 1691 4861; x_wconf 85' lang='lat' dir='ltr'><strong>Patrem</strong></span> <span class='ocrx_word' id='word_1_799' title='bbox 1717 4804 1859 4858; x_wconf 81' lang='lat' dir='ltr'><strong>novit</strong></span> <span class='ocrx_word' id='word_1_800' title='bbox 1887 4804 1976 4855; x_wconf 74' lang='lat' dir='ltr'><strong>nis:</strong></span> 
     </span>
    </p>
   </div>
   <div class='ocr_carea' id='block_1_98' title="bbox 2081 4777 3666 4888">
    <p class='ocr_par' dir='ltr' id='par_1_98' title="bbox 2087 4777 3666 4871">
     <span class='ocr_line' id='line_1_99' title="bbox 2087 4777 3666 4871; baseline -0.016 -17"><span class='ocrx_word' id='word_1_801' title='bbox 2087 4799 2171 4871; x_wconf 82' lang='grc' dir='ltr'><strong>μὴ</strong></span> <span class='ocrx_word' id='word_1_802' title='bbox 2190 4777 2230 4851; x_wconf 24' lang='grc' dir='ltr'><strong>*ὁ</strong></span> <span class='ocrx_word' id='word_1_803' title='bbox 2257 4797 2386 4861; x_wconf 77' lang='grc' dir='ltr'><strong>Υἱός</strong></span> <span class='ocrx_word' id='word_1_804' title='bbox 2405 4811 2420 4827; x_wconf 80' lang='grc'><strong><em>⁸</em></strong></span> <span class='ocrx_word' id='word_1_805' title='bbox 2455 4792 2554 4846; x_wconf 80' lang='grc' dir='ltr'><strong>καὶ</strong></span> <span class='ocrx_word' id='word_1_806' title='bbox 2579 4785 2779 4854; x_wconf 79' lang='grc' dir='ltr'>οὐδεὶς</span> <span class='ocrx_word' id='word_1_807' title='bbox 2807 4785 2931 4841; x_wconf 70' lang='grc' dir='ltr'>οἶδε</span> <span class='ocrx_word' id='word_1_808' title='bbox 2970 4786 3076 4839; x_wconf 70' lang='grc' dir='ltr'><strong>τὸν</strong></span> <span class='ocrx_word' id='word_1_809' title='bbox 3103 4781 3254 4846; x_wconf 74' lang='grc' dir='ltr'>Υίὸν,</span> <span class='ocrx_word' id='word_1_810' title='bbox 3294 4777 3345 4835; x_wconf 80' lang='grc' dir='ltr'><strong>εί</strong></span> <span class='ocrx_word' id='word_1_811' title='bbox 3366 4781 3451 4851; x_wconf 78' lang='grc' dir='ltr'><strong>μὴ</strong></span> <span class='ocrx_word' id='word_1_812' title='bbox 3487 4783 3518 4833; x_wconf 88' lang='lat' dir='ltr'><strong>o&#39;</strong></span> <span class='ocrx_word' id='word_1_813' title='bbox 3556 4781 3666 4831; x_wconf 85' lang='grc' dir='ltr'><strong>Πα-</strong></span> 
     </span>
    </p>
   </div>
   <div class='ocr_carea' id='block_1_99' title="bbox 413 4895 1987 4974">
    <p class='ocr_par' dir='ltr' id='par_1_99' title="bbox 413 4895 1987 4974">
     <span class='ocr_line' id='line_1_100' title="bbox 413 4895 1987 4974; baseline -0.013 -7"><span class='ocrx_word' id='word_1_814' title='bbox 413 4913 610 4974; x_wconf 79' lang='lat' dir='ltr'><strong>Fitius,</strong></span> <span class='ocrx_word' id='word_1_815' title='bbox 655 4916 704 4965; x_wconf 85' lang='lat' dir='ltr'><strong>et</strong></span> <span class='ocrx_word' id='word_1_816' title='bbox 738 4917 886 4964; x_wconf 79' lang='lat' dir='ltr'><strong>nemo</strong></span> <span class='ocrx_word' id='word_1_817' title='bbox 920 4908 1059 4962; x_wconf 79' lang='lat' dir='ltr'><strong>novit</strong></span> <span class='ocrx_word' id='word_1_818' title='bbox 1092 4903 1292 4959; x_wconf 82' lang='lat' dir='ltr'><strong>Filium</strong></span> <span class='ocrx_word' id='word_1_819' title='bbox 1318 4904 1422 4957; x_wconf 85' lang='lat' dir='ltr'><strong>nisi</strong></span> <span class='ocrx_word' id='word_1_820' title='bbox 1449 4900 1608 4953; x_wconf 84' lang='lat' dir='ltr'><strong>Pater</strong></span> <span class='ocrx_word' id='word_1_821' title='bbox 1641 4899 1704 4951; x_wconf 83' lang='grc'><strong>¹¹.</strong></span> <span class='ocrx_word' id='word_1_822' title='bbox 1750 4896 1818 4951; x_wconf 88' lang='lat' dir='ltr'><strong>Ut</strong></span> <span class='ocrx_word' id='word_1_823' title='bbox 1844 4895 1987 4950; x_wconf 87' lang='lat' dir='ltr'><strong>enim</strong></span> 
     </span>
    </p>
   </div>
   <div class='ocr_carea' id='block_1_100' title="bbox 415 4985 1987 5075">
    <p class='ocr_par' dir='ltr' id='par_1_100' title="bbox 415 4985 1987 5075">
     <span class='ocr_line' id='line_1_101' title="bbox 415 4985 1987 5075; baseline -0.013 -18"><span class='ocrx_word' id='word_1_824' title='bbox 415 5020 646 5075; x_wconf 83' lang='lat' dir='ltr'><strong>magnus</strong></span> <span class='ocrx_word' id='word_1_825' title='bbox 687 5000 899 5055; x_wconf 83' lang='lat' dir='ltr'><strong>idcirco</strong></span> <span class='ocrx_word' id='word_1_826' title='bbox 939 4995 1101 5050; x_wconf 83' lang='lat' dir='ltr'><strong>Pater</strong></span> <span class='ocrx_word' id='word_1_827' title='bbox 1125 5006 1230 5060; x_wconf 80' lang='lat' dir='ltr'><strong>est,</strong></span> <span class='ocrx_word' id='word_1_828' title='bbox 1280 4996 1408 5064; x_wconf 88' lang='lat' dir='ltr'><strong>quia</strong></span> <span class='ocrx_word' id='word_1_829' title='bbox 1445 4989 1599 5044; x_wconf 85' lang='lat' dir='ltr'><strong>novit</strong></span> <span class='ocrx_word' id='word_1_830' title='bbox 1643 4986 1864 5048; x_wconf 85' lang='lat' dir='ltr'><strong>Filium,</strong></span> <span class='ocrx_word' id='word_1_831' title='bbox 1915 4985 1987 5038; x_wconf 89' lang='lat' dir='ltr'><strong>ita</strong></span> 
     </span>
    </p>
   </div>
   <div class='ocr_carea' id='block_1_101' title="bbox 415 5083 1766 5164">
    <p class='ocr_par' dir='ltr' id='par_1_101' title="bbox 415 5083 1766 5164">
     <span class='ocr_line' id='line_1_102' title="bbox 415 5083 1766 5164; baseline -0.013 -13"><span class='ocrx_word' id='word_1_832' title='bbox 415 5106 468 5151; x_wconf 86' lang='lat' dir='ltr'><strong>et</strong></span> <span class='ocrx_word' id='word_1_833' title='bbox 513 5107 744 5164; x_wconf 84' lang='lat' dir='ltr'><strong>magnus</strong></span> <span class='ocrx_word' id='word_1_834' title='bbox 771 5090 946 5144; x_wconf 85' lang='lat' dir='ltr'><strong>Filius</strong></span> <span class='ocrx_word' id='word_1_835' title='bbox 985 5097 1089 5146; x_wconf 88' lang='lat' dir='ltr'><strong>est.</strong></span> <span class='ocrx_word' id='word_1_836' title='bbox 1129 5088 1259 5156; x_wconf 83' lang='lat' dir='ltr'><strong>quia</strong></span> <span class='ocrx_word' id='word_1_837' title='bbox 1298 5083 1448 5137; x_wconf 85' lang='lat' dir='ltr'><strong>novit</strong></span> <span class='ocrx_word' id='word_1_838' title='bbox 1500 5083 1713 5135; x_wconf 85' lang='lat' dir='ltr'><strong>Patrem</strong></span> <span class='ocrx_word' id='word_1_839' title='bbox 1753 5099 1766 5133; x_wconf 94' lang='lat'>:</span> 
     </span>
    </p>
   </div>
   <div class='ocr_carea' id='block_1_102' title="bbox 489 5480 1183 5556">
    <p class='ocr_par' dir='ltr' id='par_1_102' title="bbox 489 5480 1183 5556">
     <span class='ocr_line' id='line_1_103' title="bbox 489 5480 1183 5556; baseline -0.013 -15"><span class='ocrx_word' id='word_1_840' title='bbox 489 5485 602 5556; x_wconf 70' lang='lat'><strong>(9.0)</strong></span> <span class='ocrx_word' id='word_1_841' title='bbox 642 5481 726 5540; x_wconf 83' lang='lat' dir='ltr'><strong>Al.</strong></span> <span class='ocrx_word' id='word_1_842' title='bbox 753 5484 896 5555; x_wconf 79' lang='grc' dir='ltr'>ἐώρα</span> <span class='ocrx_word' id='word_1_843' title='bbox 931 5483 1040 5552; x_wconf 85' lang='grc' dir='ltr'><strong>γάρ</strong></span> <span class='ocrx_word' id='word_1_844' title='bbox 1072 5480 1183 5533; x_wconf 74' lang='grc' dir='ltr'>τόν.</span> 
     </span>
    </p>
   </div>
   <div class='ocr_carea' id='block_1_103' title="bbox 495 5586 1487 5654">
    <p class='ocr_par' dir='ltr' id='par_1_103' title="bbox 495 5586 1487 5654">
     <span class='ocr_line' id='line_1_104' title="bbox 495 5586 1487 5654; baseline -0.012 -6"><span class='ocrx_word' id='word_1_845' title='bbox 495 5597 509 5626; x_wconf 83' lang='grc'>¹</span> <span class='ocrx_word' id='word_1_846' title='bbox 543 5593 728 5648; x_wconf 79' lang='lat' dir='ltr'><strong>Matth.</strong></span> <span class='ocrx_word' id='word_1_847' title='bbox 765 5609 876 5654; x_wconf 72' lang='lat' dir='ltr'><strong>xu,</strong></span> <span class='ocrx_word' id='word_1_848' title='bbox 910 5592 995 5645; x_wconf 71' lang='grc'><strong>16.</strong></span> <span class='ocrx_word' id='word_1_849' title='bbox 1079 5595 1097 5622; x_wconf 75' lang='grc'>⁸</span> <span class='ocrx_word' id='word_1_850' title='bbox 1126 5588 1256 5640; x_wconf 70' lang='lat' dir='ltr'><strong>Luc.</strong></span> <span class='ocrx_word' id='word_1_851' title='bbox 1293 5603 1368 5646; x_wconf 76' lang='lat' dir='ltr'><strong>vr,</strong></span> <span class='ocrx_word' id='word_1_852' title='bbox 1401 5586 1487 5637; x_wconf 34' lang='lat' dir='ltr'><strong>Ilii.</strong></span> 
     </span>
    </p>
   </div>
   <div class='ocr_carea' id='block_1_104' title="bbox 431 5655 1636 5730">
    <p class='ocr_par' dir='ltr' id='par_1_104' title="bbox 431 5655 1636 5730">
     <span class='ocr_line' id='line_1_105' title="bbox 431 5655 1636 5730; baseline -0.013 -9"><span class='ocrx_word' id='word_1_853' title='bbox 431 5681 549 5730; x_wconf 60' lang='grc' dir='ltr'>λιν,</span> <span class='ocrx_word' id='word_1_854' title='bbox 582 5665 634 5719; x_wconf 81' lang='grc'><strong>5.</strong></span> <span class='ocrx_word' id='word_1_855' title='bbox 711 5661 909 5716; x_wconf 70' lang='grc' dir='ltr'>δειοίιιι.</span> <span class='ocrx_word' id='word_1_856' title='bbox 947 5678 1046 5729; x_wconf 81' lang='lat' dir='ltr'><strong>vn,</strong></span> <span class='ocrx_word' id='word_1_857' title='bbox 1074 5661 1163 5714; x_wconf 70' lang='lat'><strong>‘18.</strong></span> <span class='ocrx_word' id='word_1_858' title='bbox 1241 5657 1438 5709; x_wconf 67' lang='lat' dir='ltr'><strong>9.luun.</strong></span> <span class='ocrx_word' id='word_1_859' title='bbox 1477 5670 1512 5718; x_wconf 89' lang='lat' dir='ltr'><strong>l,</strong></span> <span class='ocrx_word' id='word_1_860' title='bbox 1555 5655 1636 5705; x_wconf 75' lang='grc'><strong>14.</strong></span> 
     </span>
    </p>
   </div>
   <div class='ocr_carea' id='block_1_105' title="bbox 1559 5578 1929 5638">
    <p class='ocr_par' dir='ltr' id='par_1_105' title="bbox 1559 5578 1929 5638">
     <span class='ocr_line' id='line_1_106' title="bbox 1559 5578 1929 5638; baseline -0.019 -3"><span class='ocrx_word' id='word_1_861' title='bbox 1559 5585 1577 5613; x_wconf 89' lang='grc'><strong>³</strong></span> <span class='ocrx_word' id='word_1_862' title='bbox 1603 5581 1763 5634; x_wconf 70' lang='lat' dir='ltr'><strong>Hebr.</strong></span> <span class='ocrx_word' id='word_1_863' title='bbox 1806 5595 1841 5638; x_wconf 84' lang='lat' dir='ltr'><strong>I,</strong></span> <span class='ocrx_word' id='word_1_864' title='bbox 1878 5578 1929 5630; x_wconf 78' lang='grc'><strong>5.</strong></span> 
     </span>
    </p>
   </div>
   <div class='ocr_carea' id='block_1_106' title="bbox 1820 5092 1991 5147">
    <p class='ocr_par' dir='ltr' id='par_1_106' title="bbox 1820 5092 1991 5147">
     <span class='ocr_line' id='line_1_107' title="bbox 1820 5092 1991 5147; baseline 0.006 -18"><span class='ocrx_word' id='word_1_865' title='bbox 1820 5092 1991 5147; x_wconf 85' lang='lat' dir='ltr'><strong>quare</strong></span> 
     </span>
    </p>
   </div>
   <div class='ocr_carea' id='block_1_107' title="bbox 416 5167 1990 5257">
    <p class='ocr_par' dir='ltr' id='par_1_107' title="bbox 416 5167 1990 5257">
     <span class='ocr_line' id='line_1_108' title="bbox 416 5167 1990 5257; baseline -0.014 -16"><span class='ocrx_word' id='word_1_866' title='bbox 416 5188 509 5257; x_wconf 88' lang='lat' dir='ltr'><strong>qui</strong></span> <span class='ocrx_word' id='word_1_867' title='bbox 547 5185 689 5256; x_wconf 82' lang='lat' dir='ltr'><strong>quod</strong></span> <span class='ocrx_word' id='word_1_868' title='bbox 731 5184 910 5255; x_wconf 81' lang='lat' dir='ltr'><strong>majus</strong></span> <span class='ocrx_word' id='word_1_869' title='bbox 957 5190 1062 5246; x_wconf 90' lang='lat' dir='ltr'><strong>est,</strong></span> <span class='ocrx_word' id='word_1_870' title='bbox 1108 5178 1323 5231; x_wconf 80' lang='lat' dir='ltr'><strong>Putrem</strong></span> <span class='ocrx_word' id='word_1_871' title='bbox 1357 5171 1624 5236; x_wconf 74' lang='lat' dir='ltr'><strong>videlicet,</strong></span> <span class='ocrx_word' id='word_1_872' title='bbox 1670 5167 1990 5240; x_wconf 80' lang='lat' dir='ltr'><strong>cognoscit,</strong></span> 
     </span>
    </p>
   </div>
   <div class='ocr_carea' id='block_1_108' title="bbox 418 5259 1992 5347">
    <p class='ocr_par' dir='ltr' id='par_1_108' title="bbox 418 5259 1992 5347">
     <span class='ocr_line' id='line_1_109' title="bbox 418 5259 1992 5347; baseline -0.013 -18"><span class='ocrx_word' id='word_1_873' title='bbox 418 5279 560 5347; x_wconf 79' lang='lat' dir='ltr'><strong>quod</strong></span> <span class='ocrx_word' id='word_1_874' title='bbox 607 5279 764 5347; x_wconf 81' lang='lat' dir='ltr'><strong>longe</strong></span> <span class='ocrx_word' id='word_1_875' title='bbox 802 5276 984 5330; x_wconf 87' lang='lat' dir='ltr'><strong>minus</strong></span> <span class='ocrx_word' id='word_1_876' title='bbox 1031 5277 1135 5332; x_wconf 88' lang='lat' dir='ltr'><strong>est,</strong></span> <span class='ocrx_word' id='word_1_877' title='bbox 1179 5268 1428 5336; x_wconf 83' lang='lat' dir='ltr'><strong>ignorare</strong></span> <span class='ocrx_word' id='word_1_878' title='bbox 1467 5264 1560 5333; x_wconf 85' lang='lat' dir='ltr'><strong>qui</strong></span> <span class='ocrx_word' id='word_1_879' title='bbox 1604 5269 1801 5331; x_wconf 87' lang='lat' dir='ltr'><strong>potest,</strong></span> <span class='ocrx_word' id='word_1_880' title='bbox 1849 5259 1992 5312; x_wconf 88' lang='lat' dir='ltr'><strong>diem</strong></span> 
     </span>
    </p>
   </div>
   <div class='ocr_carea' id='block_1_109' title="bbox 420 5359 1995 5436">
    <p class='ocr_par' dir='ltr' id='par_1_109' title="bbox 420 5359 1995 5436">
     <span class='ocr_line' id='line_1_110' title="bbox 420 5359 1995 5436; baseline -0.016 -12"><span class='ocrx_word' id='word_1_881' title='bbox 420 5372 568 5425; x_wconf 72' lang='lat' dir='ltr'><strong>illam</strong></span> <span class='ocrx_word' id='word_1_882' title='bbox 597 5381 651 5426; x_wconf 87' lang='lat' dir='ltr'><strong>et</strong></span> <span class='ocrx_word' id='word_1_883' title='bbox 681 5367 912 5424; x_wconf 85' lang='lat' dir='ltr'><strong>horam?</strong></span> <span class='ocrx_word' id='word_1_884' title='bbox 941 5362 1184 5436; x_wconf 85' lang='lat' dir='ltr'><strong>Agedum</strong></span> <span class='ocrx_word' id='word_1_885' title='bbox 1221 5360 1403 5426; x_wconf 87' lang='lat' dir='ltr'><strong>itaque</strong></span> <span class='ocrx_word' id='word_1_886' title='bbox 1437 5369 1627 5411; x_wconf 78' lang='lat' dir='ltr'><strong>sacras</strong></span> <span class='ocrx_word' id='word_1_887' title='bbox 1648 5359 1995 5423; x_wconf 82' lang='lat' dir='ltr'><strong>perscrutare</strong></span> 
     </span>
    </p>
   </div>
   <div class='ocr_carea' id='block_1_110' title="bbox 1718 5649 2076 5709">
    <p class='ocr_par' dir='ltr' id='par_1_110' title="bbox 1718 5649 2076 5709">
     <span class='ocr_line' id='line_1_111' title="bbox 1718 5649 2076 5709; baseline -0.008 -10"><span class='ocrx_word' id='word_1_888' title='bbox 1718 5651 1757 5680; x_wconf 75' lang='grc' dir='ltr'><strong>ὀ</strong></span> <span class='ocrx_word' id='word_1_889' title='bbox 1787 5649 1886 5701; x_wconf 83' lang='lat' dir='ltr'><strong>lsa.</strong></span> <span class='ocrx_word' id='word_1_890' title='bbox 1919 5663 1989 5709; x_wconf 74' lang='lat' dir='ltr'><strong>ix,</strong></span> <span class='ocrx_word' id='word_1_891' title='bbox 2027 5651 2076 5696; x_wconf 78' lang='lat' dir='ltr'><strong>ti.</strong></span> 
     </span>
    </p>
   </div>
   <div class='ocr_carea' id='block_1_111' title="bbox 2093 4869 3661 4960">
    <p class='ocr_par' dir='ltr' id='par_1_111' title="bbox 2093 4869 3661 4960">
     <span class='ocr_line' id='line_1_112' title="bbox 2093 4869 3661 4960; baseline -0.016 -15"><span class='ocrx_word' id='word_1_892' title='bbox 2093 4869 2222 4960; x_wconf 66' lang='grc' dir='ltr'>τήρ.</span> <span class='ocrx_word' id='word_1_893' title='bbox 2271 4889 2356 4952; x_wconf 83' lang='grc' dir='ltr'>Ὡς</span> <span class='ocrx_word' id='word_1_894' title='bbox 2412 4888 2520 4957; x_wconf 82' lang='grc' dir='ltr'>γὰρ</span> <span class='ocrx_word' id='word_1_895' title='bbox 2560 4883 2730 4956; x_wconf 81' lang='grc' dir='ltr'>μέγας</span> <span class='ocrx_word' id='word_1_896' title='bbox 2786 4882 2814 4933; x_wconf 91' lang='lat'><strong>6</strong></span> <span class='ocrx_word' id='word_1_897' title='bbox 2861 4879 3047 4950; x_wconf 73' lang='grc' dir='ltr'>Πατὴρ</span> <span class='ocrx_word' id='word_1_898' title='bbox 3085 4879 3164 4932; x_wconf 80' lang='grc' dir='ltr'>ὅτι</span> <span class='ocrx_word' id='word_1_899' title='bbox 3204 4871 3310 4930; x_wconf 72' lang='grc' dir='ltr'>οἶδε</span> <span class='ocrx_word' id='word_1_900' title='bbox 3363 4874 3452 4926; x_wconf 86' lang='grc' dir='ltr'><strong>τὸν</strong></span> <span class='ocrx_word' id='word_1_901' title='bbox 3497 4869 3661 4960; x_wconf 65' lang='grc' dir='ltr'>Υἱδν,</span> 
     </span>
    </p>
   </div>
   <div class='ocr_carea' id='block_1_112' title="bbox 2096 4957 3668 5046">
    <p class='ocr_par' dir='ltr' id='par_1_112' title="bbox 2096 4957 3668 5046">
     <span class='ocr_line' id='line_1_113' title="bbox 2096 4957 3668 5046; baseline -0.017 -9"><span class='ocrx_word' id='word_1_902' title='bbox 2096 4985 2237 5038; x_wconf 76' lang='grc' dir='ltr'>οὓτω</span> <span class='ocrx_word' id='word_1_903' title='bbox 2272 4981 2364 5034; x_wconf 76' lang='grc' dir='ltr'><strong>καὶ</strong></span> <span class='ocrx_word' id='word_1_904' title='bbox 2399 4981 2427 5031; x_wconf 87' lang='grc' dir='ltr'>ὁ</span> <span class='ocrx_word' id='word_1_905' title='bbox 2459 4979 2583 5040; x_wconf 77' lang='grc' dir='ltr'>Υἱὸς</span> <span class='ocrx_word' id='word_1_906' title='bbox 2615 4975 2783 5046; x_wconf 82' lang='grc' dir='ltr'>μέγας</span> <span class='ocrx_word' id='word_1_907' title='bbox 2813 4975 2891 5026; x_wconf 83' lang='grc' dir='ltr'><strong>ὅτι</strong></span> <span class='ocrx_word' id='word_1_908' title='bbox 2927 4968 3030 5024; x_wconf 79' lang='grc' dir='ltr'>οἶδε</span> <span class='ocrx_word' id='word_1_909' title='bbox 3073 4970 3160 5022; x_wconf 75' lang='grc' dir='ltr'><strong>τὸν</strong></span> <span class='ocrx_word' id='word_1_910' title='bbox 3192 4966 3426 5036; x_wconf 77' lang='grc' dir='ltr'>Πατέρα.</span> <span class='ocrx_word' id='word_1_911' title='bbox 3459 4964 3521 5015; x_wconf 85' lang='lat' dir='ltr'><strong>Ei</strong></span> <span class='ocrx_word' id='word_1_912' title='bbox 3555 4957 3668 5043; x_wconf 27' lang='grc' dir='ltr'>οἶδε.</span> 
     </span>
    </p>
   </div>
   <div class='ocr_carea' id='block_1_113' title="bbox 2097 5053 3662 5140">
    <p class='ocr_par' dir='ltr' id='par_1_113' title="bbox 2097 5053 3662 5140">
     <span class='ocr_line' id='line_1_114' title="bbox 2097 5053 3662 5140; baseline -0.017 -11"><span class='ocrx_word' id='word_1_913' title='bbox 2097 5077 2276 5129; x_wconf 79' lang='grc' dir='ltr'>τοίνυν</span> <span class='ocrx_word' id='word_1_914' title='bbox 2302 5073 2392 5125; x_wconf 82' lang='grc' dir='ltr'><strong>τὸν</strong></span> <span class='ocrx_word' id='word_1_915' title='bbox 2423 5072 2660 5140; x_wconf 77' lang='grc' dir='ltr'>Πατέρα,</span> <span class='ocrx_word' id='word_1_916' title='bbox 2678 5067 2739 5120; x_wconf 81' lang='grc' dir='ltr'>τὸ</span> <span class='ocrx_word' id='word_1_917' title='bbox 2777 5065 2976 5136; x_wconf 80' lang='grc' dir='ltr'>μεῖζον,</span> <span class='ocrx_word' id='word_1_918' title='bbox 3001 5062 3062 5114; x_wconf 76' lang='grc' dir='ltr'><strong>τὸ</strong></span> <span class='ocrx_word' id='word_1_919' title='bbox 3091 5060 3283 5132; x_wconf 77' lang='grc' dir='ltr'>μικρὸν</span> <span class='ocrx_word' id='word_1_920' title='bbox 3317 5057 3432 5118; x_wconf 82' lang='grc' dir='ltr'><strong>πῶς</strong></span> <span class='ocrx_word' id='word_1_921' title='bbox 3462 5053 3662 5121; x_wconf 82' lang='grc' dir='ltr'>ἀγνοεῖ,</span> 
     </span>
    </p>
   </div>
   <div class='ocr_carea' id='block_1_114' title="bbox 2097 5141 3667 5230">
    <p class='ocr_par' dir='ltr' id='par_1_114' title="bbox 2097 5141 3667 5230">
     <span class='ocr_line' id='line_1_115' title="bbox 2097 5141 3667 5230; baseline -0.015 -13"><span class='ocrx_word' id='word_1_922' title='bbox 2097 5165 2336 5218; x_wconf 77' lang='grc' dir='ltr'>τουτέστι</span> <span class='ocrx_word' id='word_1_923' title='bbox 2378 5161 2474 5230; x_wconf 80' lang='grc' dir='ltr'><strong>τὴν</strong></span> <span class='ocrx_word' id='word_1_924' title='bbox 2503 5158 2716 5229; x_wconf 78' lang='grc' dir='ltr'>ἡμέραν</span> <span class='ocrx_word' id='word_1_925' title='bbox 2745 5156 2836 5208; x_wconf 73' lang='grc' dir='ltr'><strong>καὶ</strong></span> <span class='ocrx_word' id='word_1_926' title='bbox 2865 5154 2962 5224; x_wconf 81' lang='grc' dir='ltr'>τὴν</span> <span class='ocrx_word' id='word_1_927' title='bbox 2991 5151 3135 5223; x_wconf 72' lang='grc' dir='ltr'>ὥραν</span> <span class='ocrx_word' id='word_1_928' title='bbox 3167 5167 3179 5211; x_wconf 92' lang='grc'>;</span> <span class='ocrx_word' id='word_1_929' title='bbox 3218 5145 3540 5215; x_wconf 82' lang='grc' dir='ltr'>Ἐρεύνησον</span> <span class='ocrx_word' id='word_1_930' title='bbox 3570 5141 3667 5204; x_wconf 69' lang='grc' dir='ltr'><strong>τὰς</strong></span> 
     </span>
    </p>
   </div>
   <div class='ocr_carea' id='block_1_115' title="bbox 2100 5235 3670 5324">
    <p class='ocr_par' dir='ltr' id='par_1_115' title="bbox 2100 5235 3670 5324">
     <span class='ocr_line' id='line_1_116' title="bbox 2100 5235 3670 5324; baseline -0.017 -14"><span class='ocrx_word' id='word_1_931' title='bbox 2100 5259 2248 5319; x_wconf 80' lang='grc' dir='ltr'>θείας</span> <span class='ocrx_word' id='word_1_932' title='bbox 2273 5255 2514 5324; x_wconf 70' lang='grc' dir='ltr'>Γραφὰς,</span> <span class='ocrx_word' id='word_1_933' title='bbox 2565 5255 2659 5306; x_wconf 70' lang='grc' dir='ltr'>καὶ</span> <span class='ocrx_word' id='word_1_934' title='bbox 2696 5251 2832 5321; x_wconf 84' lang='grc' dir='ltr'>μάθε</span> <span class='ocrx_word' id='word_1_935' title='bbox 2886 5247 2978 5299; x_wconf 69' lang='grc' dir='ltr'>τοῦ</span> <span class='ocrx_word' id='word_1_936' title='bbox 3016 5244 3169 5311; x_wconf 83' lang='grc' dir='ltr'>ἁγίου</span> <span class='ocrx_word' id='word_1_937' title='bbox 3202 5238 3518 5306; x_wconf 78' lang='grc' dir='ltr'>Πνεύματος</span> <span class='ocrx_word' id='word_1_938' title='bbox 3571 5235 3670 5303; x_wconf 79' lang='grc' dir='ltr'>τὴν</span> 
     </span>
    </p>
   </div>
   <div class='ocr_carea' id='block_1_116' title="bbox 2100 5324 3672 5414">
    <p class='ocr_par' dir='ltr' id='par_1_116' title="bbox 2100 5324 3672 5414">
     <span class='ocr_line' id='line_1_117' title="bbox 2100 5324 3672 5414; baseline -0.015 -15"><span class='ocrx_word' id='word_1_939' title='bbox 2100 5347 2344 5414; x_wconf 79' lang='grc' dir='ltr'>δύναμιν,</span> <span class='ocrx_word' id='word_1_940' title='bbox 2370 5346 2462 5396; x_wconf 75' lang='grc' dir='ltr'><strong>καὶ</strong></span> <span class='ocrx_word' id='word_1_941' title='bbox 2492 5342 2620 5394; x_wconf 73' lang='grc' dir='ltr'>αὐτὸ</span> <span class='ocrx_word' id='word_1_942' title='bbox 2649 5341 2710 5393; x_wconf 85' lang='grc' dir='ltr'><strong>τὸ</strong></span> <span class='ocrx_word' id='word_1_943' title='bbox 2734 5341 2794 5392; x_wconf 90' lang='grc' dir='ltr'><strong>Π-</strong></span> <span class='ocrx_word' id='word_1_944' title='bbox 2816 5339 2957 5407; x_wconf 73' lang='grc' dir='ltr'>εῦμα</span> <span class='ocrx_word' id='word_1_945' title='bbox 2976 5335 3036 5386; x_wconf 71' lang='grc' dir='ltr'>τὸ</span> <span class='ocrx_word' id='word_1_946' title='bbox 3063 5331 3328 5400; x_wconf 83' lang='grc' dir='ltr'>γινῶσκον</span> <span class='ocrx_word' id='word_1_947' title='bbox 3348 5329 3439 5380; x_wconf 81' lang='grc' dir='ltr'><strong>τὸν</strong></span> <span class='ocrx_word' id='word_1_948' title='bbox 3457 5324 3672 5394; x_wconf 75' lang='grc' dir='ltr'>Πατέρα</span> 
     </span>
    </p>
   </div>
   <div class='ocr_carea' id='block_1_117' title="bbox 2003 5549 3670 5632">
    <p class='ocr_par' dir='ltr' id='par_1_117' title="bbox 2003 5549 3670 5632">
     <span class='ocr_line' id='line_1_118' title="bbox 2003 5549 3670 5632; baseline -0.012 -8"><span class='ocrx_word' id='word_1_949' title='bbox 2003 5576 2020 5605; x_wconf 56' lang='grc' dir='ltr'>δ</span> <span class='ocrx_word' id='word_1_950' title='bbox 2043 5572 2171 5624; x_wconf 74' lang='lat' dir='ltr'><strong>Luc.</strong></span> <span class='ocrx_word' id='word_1_951' title='bbox 2209 5569 2360 5622; x_wconf 71' lang='lat'><strong>1.35.</strong></span> <span class='ocrx_word' id='word_1_952' title='bbox 2456 5569 2476 5599; x_wconf 78' lang='grc'>⁸</span> <span class='ocrx_word' id='word_1_953' title='bbox 2501 5568 2617 5619; x_wconf 72' lang='lat' dir='ltr'><strong>Act.</strong></span> <span class='ocrx_word' id='word_1_954' title='bbox 2653 5582 2706 5632; x_wconf 64' lang='grc' dir='ltr'>ει,</span> <span class='ocrx_word' id='word_1_955' title='bbox 2736 5563 2853 5632; x_wconf 33' lang='grc' dir='ltr'><strong>ωέ-</strong></span> <span class='ocrx_word' id='word_1_956' title='bbox 2901 5559 2921 5588; x_wconf 73' lang='grc'><strong>⁸</strong></span> <span class='ocrx_word' id='word_1_957' title='bbox 2948 5556 3276 5632; x_wconf 31' lang='grc' dir='ltr'>..ῐρτοιηλ-ιι,</span> <span class='ocrx_word' id='word_1_958' title='bbox 3320 5553 3384 5607; x_wconf 77' lang='grc'><strong>15</strong></span> <span class='ocrx_word' id='word_1_959' title='bbox 3482 5551 3500 5582; x_wconf 91' lang='grc'><strong>⁷</strong></span> <span class='ocrx_word' id='word_1_960' title='bbox 3526 5549 3670 5604; x_wconf 71' lang='lat' dir='ltr'><strong>Psal.</strong></span> 
     </span>
    </p>
   </div>
   <div class='ocr_carea' id='block_1_118' title="bbox 2161 5623 3233 5701">
    <p class='ocr_par' dir='ltr' id='par_1_118' title="bbox 2161 5623 3233 5701">
     <span class='ocr_line' id='line_1_119' title="bbox 2161 5623 3233 5701; baseline -0.015 -9"><span class='ocrx_word' id='word_1_961' title='bbox 2161 5643 2198 5671; x_wconf 82' lang='lat'>“</span> <span class='ocrx_word' id='word_1_962' title='bbox 2226 5637 2386 5692; x_wconf 69' lang='grc' dir='ltr'>Μίιῐιδ.</span> <span class='ocrx_word' id='word_1_963' title='bbox 2423 5655 2538 5701; x_wconf 74' lang='lat' dir='ltr'><strong>xm,</strong></span> <span class='ocrx_word' id='word_1_964' title='bbox 2575 5636 2662 5688; x_wconf 70' lang='grc' dir='ltr'>ῗιῗὶ.</span> <span class='ocrx_word' id='word_1_965' title='bbox 2694 5623 2705 5632; x_wconf 69' lang='grc'><em>’</em></span> <span class='ocrx_word' id='word_1_966' title='bbox 2742 5634 2783 5662; x_wconf 64' lang='grc' dir='ltr'>’ί</span> <span class='ocrx_word' id='word_1_967' title='bbox 2814 5629 3002 5682; x_wconf 72' lang='lat' dir='ltr'><strong>Matth.</strong></span> <span class='ocrx_word' id='word_1_968' title='bbox 3038 5643 3114 5689; x_wconf 73' lang='lat' dir='ltr'><strong>x1,</strong></span> <span class='ocrx_word' id='word_1_969' title='bbox 3145 5623 3233 5677; x_wconf 71' lang='grc' dir='ltr'><strong>ΕΠ.</strong></span> 
     </span>
    </p>
   </div>
  </div>
