3992 6198
325 281 395 315 ρετ
1731 258 1924 315 ΑΜΖΟέ

2029 257 2104 312 l'U
2114 255 2169 312 S.
3505 263 3574 314 fit

321 299 395 336 ὃ.)

318 384 416 434 καὶ
464 380 563 432 τὸν
591 377 751 439 Υιδν,
791 372 1167 427 ἀποκαλύπτει
1207 388 1290 426 σοι
1327 371 1428 443 τὴν
1465 371 1560 425 τοῦ
1611 371 1782 439 Λόγου
1810 370 1924 423 τοῦε

2029 367 2257 421 Litteras
2321 378 2384 418 ac
2416 364 2522 416 vim
2567 360 2743 416 sancti
2777 358 3012 428 Spiritus
3039 356 3398 412 edisce.'l’um
3440 356 3577 410 idem

322 468 461 526 Υιοῦ
494 469 593 523 τοῦ
626 467 757 522 Θεοῦ
789 466 1014 534 γνῶσιν,
1068 466 1155 519 ἵνα
1215 465 1290 535 μὴ
1325 463 1604 536 πλανηθῇς
1637 464 1734 534 τῆς
1775 463 1907 532 ἁλη-

329 560 508 624 οείας,
539 559 632 612 καὶ
657 556 929 630 ἀπολέσῃς
956 557 1058 626 τὴν
1080 555 1306 610 σεαυτοῦ
1335 555 1534 624 ψυχήν.

407 742 491 794 Κ¹.
526 738 628 790 Δύο
663 736 774 806 γὰρ
802 733 1036 803 γνώσεις
1063 735 1120 786 ὲν
1150 735 1216 802 τῇ
1251 731 1372 802 Θείᾳ.
1409 732 1621 800 Γραφῇ,
1652 729 1747 783 δύο
1769 728 1908 799 εἰδή-

337 848 478 894 σεις,
514 829 614 898 μία
648 828 793 881 κατά
847 826 1163 896 ἐνέργειαν,
1210 824 1304 876 καὶ
1339 822 1437 892 μία
1486 821 1632 874 κατὰ
1680 820 1904 888 εἴδησιν.

333 922 447 973 Ἵνα
473 920 532 972 δὲ
554 918 666 972 ἀπὸ
696 915 1158 986 παραδειγμάτων
1182 913 1251 966 τὰ
1271 912 1430 981 ὃμοια
1453 911 1806 983 παραστήσω,
1831 911 1911 972 είς

327 1012 386 1064 τὸ
423 1011 513 1063 διὰ
548 1008 762 1060 πολλῶν
790 1004 1212 1076 ἐξομαλισθῆναι
1238 1003 1338 1072 τὴν
1367 1003 1784 1072 πεπλανημένην
1816 1017 1909 1054 σου

328 1101 588 1166 διάνοιαν,
616 1100 714 1152 καὶ
737 1098 846 1151 τῶν
873 1097 1032 1150 τοῦτο
1054 1094 1414 1166 φρονούντων,
1451 1093 1590 1163 μάθε
1619 1093 1670 1146 τί
1700 1093 1848 1160 λέγει
1879 1094 1911 1162 ἡ

334 1189 525 1261 Γραφὴ
575 1188 706 1260 περὶ
755 1186 848 1240 τοῦ
904 1186 1102 1255 Ἀδάμ·
1136 1181 1358 1246 ἾΙσαν,
1405 1184 1559 1253 φησὶ,
1590 1181 1802 1250 γυμνοὶ
1845 1182 1914 1234 ἐν

333 1279 413 1345 τῷ
443 1277 809 1347 παραδείσῳ,
841 1278 940 1331 καὶ
976 1277 1088 1330 οὐκ
1115 1275 1483 1342 ᾐσχύνοντο.
1511 1272 1712 1341 Τυφλοὶ
1738 1271 1794 1323 δὲ
1814 1272 1915 1323 οὐκ

335 1367 510 1441 ἦσαν·
560 1369 787 1421 ἒόλεπον
821 1368 966 1437 γάρ·
1005 1367 1053 1418 εἰ
1089 1365 1164 1434 μὴ
1189 1364 1297 1434 γὰρ
1340 1363 1586 1426 ἐὸλεπον,
1623 1362 1738 1424 πῶς
1778 1357 1915 1414 εἶδον

340 1459 400 1512 τὸ
429 1457 580 1522 ξύλον
603 1455 684 1508 ὅτι
713 1455 877 1508 καλὸν
909 1456 990 1516 εἰς
1021 1452 1244 1524 βρῶσιν,
1270 1452 1364 1504 καὶ
1395 1452 1594 1521 ὡραῖον
1625 1449 1719 1503 τοῦ
1748 1465 1915 1503 κατα-

342 1548 560 1615 νοῆσαι;
600 1544 712 1598 Καὶ
745 1542 1043 1602 λαϐοῦσα,
1100 1541 1253 1611 φησὶ,
1281 1542 1319 1608 ἡ
1372 1540 1527 1609 γυνὴ
1583 1540 1787 1610 ἔφαγε,
1820 1540 1918 1593 καὶ

2010 461 2100 513 ille
2139 464 2366 513 sanctus
2413 454 2652 523 Spiritus
2687 451 2782 520 qui
2829 450 3047 503 Patrem
3082 449 3230 502 novit
3273 455 3326 501 ct
3357 446 3579 502 Filium.

2011 549 2180 603 Verbi
2224 548 2322 602 tibi
2384 545 2587 614 Deique
2637 541 2758 596 Filii
2787 541 3035 595 notitiam
3091 540 3331 609 aperiet,
3390 546 3450 592 ut
3515 552 3583 591 ne

2013 642 2234 697 aberres
2265 653 2298 691 a
2328 639 2556 691 veritate
2619 641 2674 689 et
2708 633 2905 685 animae
2937 637 3043 684 tua:
3070 631 3342 699 jacturam
3388 629 3581 684 iacias.

2084 727 2204 782 XX.
2253 725 2467 781 Etenim
2519 723 2716 792 duplex
2751 729 2834 776 est
2881 720 2934 773 in
2983 718 3264 788 Scriptura
3300 719 3580 787 cognitio:

2015 834 2145 884 una,
2199 829 2319 887 quin
2361 818 2415 870 in
2455 815 2669 869 aetione
2717 811 3005 877 consistit,
3063 810 3255 873 altera,
3303 825 3424 878 quan
3471 811 3582 863 sola

2017 910 2244 966 scientia
2286 908 2616 964 continetur.
2666 903 2772 958 Sed
2805 912 2864 956 ut
2907 902 3277 972 exemplorum
3327 901 3584 955 similitu-

2017 1005 2144 1058 dine
2175 1018 2263 1057 res
2292 1011 2404 1056 tota
2435 1000 2757 1059 declaretur,
2823 1004 2874 1050 et
2907 1003 2966 1048 ut
3003 995 3263 1048 aberrans
3293 993 3586 1047 a‘veritate

2022 1094 2240 1148 animus
2265 1099 2390 1146 tuus
2416 1103 2671 1146 eorumve
2699 1087 2793 1155 qui
2827 1085 2882 1139 in
2934 1084 3120 1140 eadem
3145 1084 3410 1138 sententia
3434 1090 3584 1146 sunt,

2019 1182 2270 1252 pluribus
2331 1179 2670 1250 argumentis
2722 1177 2788 1230 ad
2845 1183 3049 1230 rectam
3107 1175 3246 1227 viam
3297 1173 3582 1242 dirigatur,

2019 1274 2174 1328 disce
2225 1271 2355 1342 quid
2388 1269 2455 1324 de
2505 1270 2713 1323 Adamo
2759 1267 3041 1336 Scriptura
3080 1272 3344 1319 testetur:
3393 1262 3585 1328 Erant,

2021 1361 2218 1430 inquit,
2267 1359 2396 1413 nudi
2445 1360 2501 1411 in
2556 1356 2838 1425 paradiso,
2894 1365 2942 1406 et
2992 1369 3098 1406 non
3146 1351 3511 1406 erubescebant
3546 1352 3587 1404 ¹.

2020 1454 2188 1522 Atqui
2220 1453 2348 1506 cerei
2383 1451 2459 1505 illi
2495 1465 2604 1504 non
2639 1456 2814 1511 erant,
2851 1461 2951 1502 nec
2987 1445 3271 1498 oculorum
3307 1457 3407 1497 usu
3439 1455 3590 1496 care-

2023 1545 2178 1598 bant.
2206 1542 2323 1596 Nisi
2349 1542 2494 1595 enim
2525 1540 2792 1600 viderent,
2817 1535 3092 1607 quomodo
3112 1534 3360 1588 arborem
3392 1533 3594 1601 aspice-

335 1636 520 1690 ἔδωκε
564 1636 664 1688 καὶ
698 1632 780 1700 τῷ
827 1633 998 1700 ἀνδρὶ
1035 1630 1227 1698 αὐτῆς
1256 1631 1334 1696 τῷ
1372 1633 1500 1700 μετ’
1538 1625 1740 1695 αὐτῆς.
1779 1632 1919 1701 Ἄρα

2029 1643 2165 1698 rent,
2196 1641 2250 1688 et
2281 1632 2348 1686 ad
2379 1631 2710 1687 vescendum
2742 1629 2940 1684 bonam
2969 1641 3092 1681 esse
3144 1633 3197 1680 et
3243 1625 3310 1679 ad
3336 1621 3592 1678 conside-

336 1724 428 1780 οὖν
454 1727 554 1778 οὐκ
573 1721 716 1796 ἦσαν
761 1722 976 1792 τυφλοὶ,
1014 1721 1129 1774 ἀλλ’
1177 1721 1554 1791 ἡνεῳγμὲνους
1594 1717 1738 1790 εἶχον
1794 1723 1920 1784 τοὺς

339 1816 678 1887 ὀφθαλμούς-ο
723 1815 924 1885 γυμνοὶ
954 1814 1126 1877 ὄντες,
1160 1813 1260 1865 οὐκ
1291 1803 1582 1883 ᾐσχύνοντο
1613 1813 1918 1884 βλέποντες,

345 1910 440 1960 καὶ
471 1907 671 1976 γυμνοὶ
704 1906 856 1968 ὄντες
891 1905 1117 1966 ἑαυτοὺς
1149 1903 1368 1974 ᾔδεισαν
1389 1921 1402 1934 ·
1448 1903 1666 1974 ᾔδεισαν
1690 1903 1747 1956 δὲ
1781 1904 1922 1958 κατὰ

350 1999 580 2068 εἴδησιν,
609 2000 704 2049 καὶ
734 1998 793 2049 οὐ
829 1994 973 2049 κατὰ
1018 1994 1236 2064 πρᾶξιν.
1266 1985 1419 2047 Μετὰ
1451 1994 1559 2065 γὰρ
1600 1994 1694 2048 τοῦ
1729 1995 1924 2063 ὲκὸλη-

357 2086 520 2156 Θῆναι
551 2085 644 2138 τοῦ
676 2086 1017 2155 παραδείσου,
1057 2085 1399 2155 βεϐρωκότας
1441 2085 1535 2137 τοῦ
1577 2084 1754 2150 ξύλου,
1787 2086 1926 2155 μετά

366 2177 528 2230 πολὺν
564 2177 790 2246 χρόνον,
842 2177 1035 2246 φησίν·
1074 2178 1266 2246 Ἔγνω
1308 2179 1341 2230 d
1399 2175 1577 2245 Ἀδὰμ
1605 2177 1769 2230 Εὕαν
1811 2176 1926 2244 τὴν

352 2267 609 2336 γυναῖκα
632 2267 834 2321 αὐτοῦ.
858 2259 982 2330 Πῶς
1011 2267 1188 2319 τοίνυν
1215 2258 1367 2320 ἔσται
1390 2266 1574 2332 τοῦτο;
1603 2269 1710 2320 Καί
1744 2268 1825 2320 τοί
1860 2283 1923 2335 γε

345 2358 536 2428 ἑώρων
576 2358 840 2428 ἀλλήλους
869 2358 1068 2426 γυμνοὶ
1097 2357 1271 2421 ὄντες,
1310 2359 1406 2412 καὶ
1450 2359 1669 2429 ⁴ᾔδεισαν
1700 2361 1926 2424 ἑαυτοὺς

341 2450 409 2518 τῇ
427 2447 839 2518 ὀράσει,ἀλλόύ
864 2450 930 2517 τῇ
947 2445 1159 2516 πράξει.
1187 2447 1258 2498 Τὸ
1277 2446 1333 2498 δὲ
1359 2447 1620 2517 ἀλλήλους
1641 2447 1776 2518 (20⁹)
1805 2465 1927 2500 συν-

342 2537 584 2610 αφΘῆναι
636 2537 839 2607 γνῶσιν
899 2533 1049 2590 εἶπεν
1103 2531 1135 2608 ἡ
1184 2529 1397 2609 Γραφή.
1455 2535 1577 2592 Οἵδε
1629 2538 1684 2592 δὲ
1742 2539 1926 2594 καλεῖν

345 2630 550 2701 εἴδησιν
577 2631 670 2684 καί
709 2631 946 2702 εἴδησιν·
987 2633 1148 2686 πάλιν
1177 2633 1286 2704 γὰρ
1318 2633 1460 2686 οὕτω
1505 2633 1689 2702 λέγει·
1734 2635 1928 2702 Ἔγνω

351 2715 571 2774 Ἰακὼϐ
616 2722 804 2777 Λείαν
850 2721 966 2789 τὴν
1011 2721 1268 2792 γυναῖκα
1299 2722 1508 2787 αὐτοῦ,
1560 2723 1658 2776 καὶ
1693 2726 1927 2777 συλλα-

342 2810 541 2866 ϐοῦσα
567 2813 758 2870 ἔτεκε.
788 2813 899 2868 Kal
937 2815 1000 2867 τὸ
1049 2814 1267 2886 πρῶτον
1313 2817 1410 2886 μὲν
1446 2799 1562 2887 ᾔδει
1591 2817 1759 2886 αὑτήν
1780 2834 1792 2846 ο
1830 2816 1928 2870 σὺν

344 2905 488 2975 αὐτῇ
517 2905 624 2974 γὰρ
651 2904 790 2959 ἑπτὰ
816 2904 910 2977 ἔτη
943 2901 1010 2978 ἦν
1042 2907 1344 2977 ποιμαίνων
1372 2907 1440 2960 τὰ
1474 2907 1719 2976 πρόϐατα
1741 2907 1928 2962 Λάϐαν

2019 1725 2251 1780 randum
2299 1723 2598 1778 formosam
2633 1716 3174 1774 animadverterent?
3210 1715 3456 1777 Sumens,
3511 1715 3596 1768 in-

2019 1817 2160 1887 quit,
2229 1817 2420 1870 mulier
2467 1813 2728 1878 comedit;
2775 1821 2826 1865 et
2871 1810 3164 1865 dedit'viro
3201 1824 3298 1862 suo
3337 1809 3428 1878 qui
3474 1822 3596 1859 cum

2019 1910 2136 1976 ipsa
2169 1917 2283 1962 erat
2307 1910 2349 1962 '.
2386 1905 2502 1960 Non
2539 1905 2708 1975 igitur
2738 1904 2866 1958 caeci
2901 1910 3078 1967 erant,
3123 1900 3218 1956 sed
3247 1907 3465 1968 apertos
3498 1897 3598 1950 ha-

2023 2000 2223 2054 bebant
2251 1999 2480 2062 oculos;
2523 2006 2579 2051 et
2624 2007 2749 2050 cum
2779 1993 2913 2048 nudi
2945 2000 3150 2056 essent,
3193 1991 3402 2042 nullum
3431 2003 3494 2042 ex
3530 2000 3598 2040 eo

2021 2096 2244 2158 aspectu
2297 2088 2561 2156 pudorem
2594 2086 2930 2155 capiebant:
2975 2081 3130 2144 nudi,
3180 2081 3420 2148 inquam,
3470 2091 3596 2130 cum

2023 2187 2228 2242 essent,
2265 2192 2388 2233 8888
2411 2184 2602 2230 mutuo
2632 2179 3022 2244 cognoverant,
3053 2174 3420 2240 cognoveram.
3451 2166 3598 2220 notis

2026 2271 2119 2332 tia,
2172 2282 2280 2322 non
2332 2267 2547 2321 actione
2589 2285 2601 2319 :
2661 2265 2866 2334 quippe
2917 2263 3077 2331 longo
3134 2259 3442 2322 intervallo,
3504 2255 3599 2309 ubi

2024 2362 2192 2417 vetito
2229 2361 2412 2414 fructu
2441 2358 2728 2429 degustato
2754 2353 2994 2424 paradisi
3025 2350 3224 2405 ﬁnibus
3256 2345 3602 2404 exterminati

2032 2462 2183 2520 sunt,
2226 2451 2462 2523 cognovit
2505 2447 2672 2498 Adam
2704 2461 2914 2499 uxorem
2942 2459 3089 2497 suout
3124 2442 3306 2505 Evam,
3363 2448 3422 2493 ut
3453 2438 3601 2492 Scri-

2029 2557 2187 2619 ptura
2208 2546 2358 2602 dicit.
2389 2544 2624 2613 Quinam
2649 2555 2778 2594 vero
2805 2537 2918 2591 fieri
2947 2538 3048 2592 ista
3082 2533 3350 2604 possunt?
3377 2531 3602 2602 Scipsos

2027 2642 2194 2706 enim,
2228 2639 2359 2706 nudi
2388 2649 2514 2690 cum
2544 2640 2751 2697 essent,
2785 2630 3062 2691 videbant,
3102 2635 3156 2681 et
3194 2632 3418 2696 aSpectu
3451 2637 3596 2684 sese,

2028 2745 2136 2784 non
2172 2704 2388 2783 actione
2426 2731 2821 2795 cognoverant.
2873 2719 3113 2773 Mutuam
3149 2731 3277 2772 vero
3305 2704 3606 2784 comitatio-

2031 2836 2153 2875 nem
2210 2817 2494 2888 Scriptura
2554 2813 2920 2886 cognitionem
2975 2808 3239 2868 nominat.
3271 2805 3419 2860 Solet
3460 2803 3606 2858 enim

2035 2911 2400 2982 eugnitionem
2445 2909 2502 2962 in
2541 2905 2747 2976 duplici
2779 2917 2946 2958 sensu
2985 2912 3291 2968 usurpare:
3334 2894 3606 2964 siquidem

343 2993 444 3045 τοῦ
483 2995 700 3063 [ἰατρὸς
730 2995 924 3065 αὐτῆς.
961 2995 1180 3065 Εἴδησιν
1219 2996 1274 3048 δὲ
1318 2996 1416 3067 τὴν
1450 2997 1518 3049 δι’
1547 2998 1790 3069 ὁράσεως
1834 3000 1924 3051 καὶ

2029 3011 2082 3059 et
2129 2999 2237 3058 alio
2286 3001 2406 3056 loco
2438 2997 2573 3054 dicit
2598 2998 2660 3051 'z
2708 2995 2957 3065 Cognovit
2984 2990 3152 3046 Iacob
3193 2989 3347 3042 Liam
3390 3001 3606 3039 uxorem

343 3083 440 3137 διὰ
462 3084 716 3152 γνώσεως
752 3084 892 3156 ᾔδει,
930 3084 1072 3154 ἔγνω
1097 3085 1153 3139 δὲ
1191 3086 1277 3140 διὰ
1306 3088 1558 3158 πράξεως
1581 3104 1594 3118 ⁸
1629 3089 1740 3144 Kal
1777 3091 1930 3161 ἔγνω

362 3174 597 3243 Ῥαχὴλ
643 3174 753 3243 τὴν
809 3176 1064 3247 γυναῖκα
1113 3179 1319 3232 αὐτοῦ.
1385 3179 1496 3234 Καὶ
1547 3180 1929 3252 πάλινὲτέρῳ

352 3263 510 3332 τόπῳ
530 3282 545 3296 ·
602 3265 707 3320 Καί
762 3266 1026 3336 ἐγήρασε
1083 3269 1259 3322 Δαϐὶδ
1277 3309 1292 3333 ,
1322 3272 1489 3339 φησι,
1525 3271 1623 3324 καί
1663 3272 1930 3327 ἔσκεπον

350 3354 543 3410 αὐτὸν
572 3358 846 3425 ἱματίοις,
880 3359 981 3412 καί
1021 3361 1131 3414 οὐκ
1181 3360 1578 3428 ἐθερμαίνετο.
1620 3363 1722 3416 Καὶ
1758 3359 1931 3417 εἷπον

353 3445 434 3512 τῷ
454 3447 734 3510 ,βασιλεῖ’
767 3449 1084 3518 Ζητηθήτω
1129 3451 1424 3521 παρθένος
1467 3452 1642 3520 καλή.
1691 3454 1800 3508 Καὶ
1834 3457 1932 3510 εὑο

343 3535 492 3605 ρέθη
521 3537 763 3593 Ἀϐισάκ
790 3539 828 3608 ἠ
850 3541 1361 3610 Σουναμῖτις.Καὶ,
1387 3542 1575 3613 φησιν,
1595 3543 1821 3612 ἠνέχθη
1836 3531 1932 3610 ’τῷ

346 3628 617 3692 βασιλεῖ,
656 3630 754 3683 καὶ
790 3632 1188 3702 συνεκοιμᾶτο
1225 3626 1406 3699 αὐτῷ,
1431 3634 1525 3687 καὶ
1547 3634 1932 3689 συνέθαλπεν

351 3719 567 3773 αὐτόν·
602 3721 699 3773 καὶ
722 3721 834 3776 οὐκ
861 3721 1014 3794 ἔγνω
1046 3724 1240 3792 αὐτὴν
1277 3723 1470 3787 Δαϐὶδ,
1499 3726 1596 3796 τὴν
1624 3727 1718 3779 σὺν
1762 3725 1930 3797 αὐτῷ,

352 3810 454 3880 τὴν
489 3809 775 3882 σύσσωμον
808 3815 903 3866 καὶ
955 3813 1319 3886 σύμπλευρον.
1350 3810 1492 3885 ’Δρα
1539 3816 1698 3870 ποίαν
1727 3817 1932 3887 εἴδησιν

353 3900 538 3967 λέγεις
572 3901 671 3972 τὴν
717 3902 784 3956 δι’
815 3904 1078 3975 ὁράσεως,
1112 3903 1145 3974 ἢ
1185 3907 1286 3977 τὴν
1329 3903 1417 3960 διὰ
1469 3907 1747 3976 πράξεως;
1787 3907 1927 3960 Καί·

361 3991 554 4058 Ἕτνω
600 3993 817 4062 Κύριος
848 3994 990 4061 τοὺς
1037 3996 1217 4062 ὄντας
1262 3997 1469 4052 αὐτοῦ.
1511 3998 1659 4067 *Αρα
1689 3994 1782 4051 οὖν
1808 4001 1934 4062 τοὺς

355 4082 458 4136 οὐκ
485 4085 644 4148 ὄντας
673 4087 890 4154 arva-ti;
918 4087 1051 4141 Καί·
1095 4089 1414 4158 Ἀπόστητε
1438 4091 1538 4144 ἀπ’
1570 4089 1738 4157 ἐμοῦ,
1766 4089 1935 4159 ἐργπά-

357 4190 449 4228 ται
475 4174 587 4241 τῆς
611 4176 864 4244 ἀνομίας
889 4195 902 4207 ·
929 4178 1217 4233 οὐδέποτε
1239 4180 1348 4250 γὰρ
1369 4181 1563 4250 ἔγνων
1592 4179 1764 4248 ὑμᾶς.
1789 4176 1935 4252 Ἀρα

2032 3112 2184 3151 suam
2213 3111 2230 3148 :
2262 3109 2377 3164 qua:
2405 3091 2704 3158 concipiens
2730 3087 2948 3159 peperit.
2981 3084 3044 3138 Et
3067 3082 3288 3154 quidem
3317 3079 3463 3134 illam
3487 3087 3611 3132 ante

2031 3196 2398 3258 cognoverat,
2454 3199 2688 3255 quacum
2759 3188 2964 3250 septem
3017 3187 3162 3232 totos
3211 3188 3385 3228 annos
3437 3173 3609 3242 patris

2033 3282 2209 3352 ipsius
2236 3279 2421 3334 Laban
2445 3292 2635 3349 greges
2659 3285 2912 3347 paverat:
2938 3286 3127 3325 verum
3159 3267 3332 3324 solius
3356 3274 3611 3336 aspectus

2033 3388 2096 3427 ac
2121 3373 2326 3427 notitia:
2357 3370 2669 3442 cognitione
2698 3372 2924 3422 noverat
2953 3383 2965 3417 :
2990 3371 3179 3434 postea
3201 3361 3366 3417 etiam
3397 3357 3613 3413 actione

2033 3463 2330 3534 cognovit:
2379 3461 2451 3516 Et
2505 3461 2742 3530 cognovit
2783 3456 3071 3510 {lachetem
3130 3469 3348 3508 uxorem
3391 3448 3611 3506 suam‘.

2033 3555 2168 3609 Item
2198 3554 2303 3608 alio
2333 3553 2492 3608 loco:
2529 3551 2738 3614 Senuit,
2768 3549 2967 3620 inquit,
3003 3546 3210 3600 David:
3234 3553 3281 3599 et
3312 3543 3611 3614 aperiebant

2039 3645 2214 3714 ipsum
2247 3644 2496 3711 vestibus,
2530 3643 2639 3714 26
2677 3659 2838 3712 neque
2870 3641 3166 3709 cale/iebat.
3201 3638 3333 3692 Tum
3365 3636 3612 3691 dixerunt

2034 3736 2142 3804 regi
2162 3751 2180 3788 :
2213 3735 2500 3800 Quwratur
2528 3736 2672 3802 virgo
2705 3733 2884 3802 aliqua
2909 3731 3166 3799 formosa.
3198 3727 3263 3780 Et
3291 3729 3613 3780 inventa-est

2039 3827 2231 3880 Abisac
2262 3824 2576 3880 Sunamitis.
2604 3824 2670 3876 Et
2697 3823 2925 3877 adducta
2950 3832 3049 3882 est,
3082 3818 3280 3887 inquit,
3309 3817 3376 3869 ad
3406 3831 3608 3886 regem;

2037 3926 2236 3970 etcum
2283 3933 2341 3970 eo
2381 3913 2675 3968 dormiebat
2710 3929 2770 3966 ac
2806 3912 3009 3980 fovebat
3047 3912 3240 3981 ipsum.
3297 3906 3360 3961 Et
3399 3924 3499 3960 non
3524 3923 3610 3960 co-

2033 4006 2206 4076 gnovit
2242 4021 2360 4058 eam
2392 3999 2562 4056 David
2597 4004 2616 4034 ⁸
2645 4043 2659 4065 ,
2694 4016 2816 4071 qua)
2861 4016 2986 4054 cum
3021 4003 3140 4069 ipso
3191 3999 3409 4068 jacebat
3452 4005 3506 4051 et
3545 3996 3612 4049 ad

2036 4094 2156 4164 ejus
2186 4107 2388 4162 corpus
2423 4107 2486 4146 ac
2518 4091 2661 4146 latus
2706 4089 3037 4144 adhaerebat.
3089 4090 3393 4155 Quamnam
3432 4088 3615 4156 itaque

2037 4184 2404 4254 cognitionem
2453 4181 2749 4252 intelligit?
2785 4196 2976 4237 eamne
3007 4195 3128 4250 qua:
3171 4179 3226 4233 in
3262 4186 3507 4248 aspectu,
3547 4191 3614 4230 an

353 4267 504 4318 ἔστιν
540 4267 728 4333 ἄγνοια
751 4269 808 4322 ὲν
829 4269 906 4339 τῷ
933 4269 1047 4340 Υίῷ
1069 4269 1162 4323 τοῦ
1185 4271 1351 4337 Θεοῦ;
1381 4272 1490 4324 Καὶ
1519 4271 1682 4325 πάλιν
1701 4287 1716 4304 ο
1753 4269 1924 4341 Ὑμᾶς

2038 4289 2158 4329 eam
2190 4290 2313 4343 qum
2345 4274 2399 4328 in
2436 4275 2653 4328 actione
2691 4272 2982 4328 versatur?
3015 4270 3204 4326 Simile
3243 4277 3327 4324 est
3355 4280 3408 4324 et
3438 4269 3568 4322 illud
3601 4285 3614 4322 :

355 4332 641 4424 Errare):
682 4332 923 4414 πάντων
974 4332 1184 4416 adnitar.
1224 4332 1369 4432 *Αρᾴ
1431 4357 1523 4416 οὖν
1576 4363 1644 4416 τὰ
1691 4332 1832 4434 ἔθνη.
1863 4332 1924 4417 τά

2041 4363 2200 4419 Novit
2256 4363 2512 4418 Dominus
2557 4380 2645 4418 eos
2698 4364 2788 4434 qui
2839 4373 2960 4418 sunt
3014 4364 3179 4433 ipsius
3203 4362 3244 4416 ⁸.
3295 4361 3614 4416 Utrumnam

355 4449 520 4500 λοιπά
553 4451 767 4518 ἀγνοεῖς
795 4453 886 4523 Μὴ
925 4453 1170 4521 γένοιτοι
1210 4455 1349 4506 Ἀλλ’
1383 4450 1491 4507 οἶδε
1517 4454 1776 4525 γνῶσινή
1809 4455 1929 4508 θεία

2037 4455 2204 4526 igitur
2243 4456 2451 4510 alienos
2489 4456 2746 4527 ignorat?
2786 4455 2916 4509 Item
2950 4454 3252 4510 :Discedite
3287 4470 3316 4506 a
3351 4471 3451 4520 me,
3490 4468 3610 4520 ope-

354 4541 580 4612 Γραφὴ,
626 4539 790 4614 ἀλλην
842 4545 943 4616 μὲν
996 4545 1139 4599 κατά
1188 4546 1426 4618 εἴδησιν,
1480 4545 1645 4619 ἀλλην
1681 4547 1738 4600 δὲ
1788 4547 1924 4602 κατά

2038 4549 2173 4602 rarii
2223 4547 2544 4616 iniquitatis,
2591 4564 2861 4618 nunquam
2911 4549 3051 4602 enim
3101 4550 3217 4601 novi
3264 4549 3421 4600 vos'.
3475 4544 3612 4600 Num

355 4631 573 4699 πρίξιν.

2037 4653 2168 4708 ergo
2206 4636 2300 4692 Dei
2329 4636 2502 4692 Filius
2539 4639 2883 4709 ignoratione
2914 4641 3097 4710 aliqua
3145 4641 3397 4694 laborat?
3444 4639 3572 4692 Item
3602 4657 3610 4690 :

365 4720 468 4824 i'os
495 4726 866 4824 eget-cognovi,
913 4743 978 4782 ex
1027 4727 1269 4781 omnibus
1319 4728 1557 4798 gentibus
1577 4729 1620 4783 ⁸.
1673 4730 1754 4783 An
1799 4730 1920 4784 ideo
1958 4745 2183 4786 caeteras
2215 4732 2679 4802 gentesignorat?
2708 4734 2892 4788 Absit!
2927 4732 3034 4786 Sed
3097 4733 3358 4786 nimirum
3427 4732 3610 4799 cogni-

355 4815 557 4868 tionem
591 4815 871 4888 Scriptura
896 4819 1167 4889 duplicem
1196 4821 1482 4892 distinguit
1520 4843 1534 4876 :
1570 4822 1792 4877 alteram
1820 4839 1940 4893 quae
1981 4826 2096 4879 sola
2124 4825 2376 4893 scicntia,
2427 4827 2654 4881 alteram
2692 4843 2812 4897 qua:
2835 4828 3051 4882 actione
3080 4827 3414 4881 continetur.

429 4908 558 4964 ΚΝ.
604 4910 754 4966 Ἐπεὶ
779 4908 876 4966 οὖν
905 4913 997 4966 τοῦ
1023 4914 1231 4985 Πατρὸς
1253 4916 1599 4986 ὁΜονογενὴς
1623 4917 1844 4988 πληρῶν
1872 4919 1932 4972 τὸ

350 4999 602 5070 θέλημα,
655 5003 938 5068 ἀπέδειξεν
991 5005 1091 5075 ἤδη
1141 5005 1210 5058 τὰ
1255 5007 1432 5060 πάντα
1464 5007 1929 5080 τετελειωμένα...

347 5093 495 5161 ἔγνω
533 5095 643 5163 γὰρ
673 5095 703 5147 ὁ
743 5097 934 5167 Πατὴρ
963 5099 1062 5168 τὴν
1103 5097 1254 5167 ὥραν
1300 5100 1395 5153 καὶ
1421 5101 1520 5171 τὴν
1545 5102 1932 5174 ἡμέραν,ἕγνω

347 5185 523 5255 αὐτὴν
557 5187 651 5239 καὶ
699 5188 840 5241 κατὰ
881 5187 1079 5256 γνῶσιν
1115 5189 1208 5242 καὶ
1249 5190 1388 5243 κατὰ
1416 5192 1612 5263 πρᾶξιν
1633 5210 1646 5224 ·
1680 5194 1796 5265 ᾔδει
1825 5195 1933 5266 γὰρ

346 5273 516 5338 αὐτὸς
545 5274 743 5330 πάντα.
767 5277 878 5330 Καὶ
913 5277 970 5328 ἐν
1002 5275 1077 5346 τῷ
1098 5279 1272 5331 εἰπεῖν
1302 5279 1390 5332 τὸν
1421 5279 1548 5334 Υίόν
1567 5297 1580 5310 ·
1632 5282 1692 5334 Ὁ
1730 5282 1934 5351 Πατὴρ

2110 4919 2250 4976 XXI.
2296 4921 2623 4992 Unigenitus
2669 4938 2800 4995 ergo
2832 4922 3004 4979 Filius
3043 4931 3323 4994 paternam
3356 4921 3614 4974 volunta-

2037 5015 2146 5063 tem
2174 5025 2480 5081 exscquens
2535 5012 2777 5084 perfecta
2831 5015 3016 5069 omnia
3061 5011 3478 5066 tuonstravit....
3509 5003 3614 5063 No-

2038 5101 2114 5154 vit
2140 5101 2286 5156 enim
2311 5103 2470 5161 Pater
2497 5106 2640 5162 diem
2670 5113 2726 5162 et
2751 5107 2940 5161 horam
2969 5127 2980 5161 :
3012 5107 3183 5167 novit,
3213 5105 3463 5173 inquam,
3505 5117 3615 5156 non

2039 5196 2352 5266 c0guitioue
2393 5207 2628 5266 tantum,
2665 5200 2762 5254 sed
2791 5202 2956 5255 etiam
2995 5199 3252 5253 actione:
3293 5211 3458 5266 porro
3492 5195 3618 5248 unis

2038 5301 2195 5340 versa
2228 5287 2343 5358 ipse
2371 5297 2549 5344 norat.
2581 5290 2659 5344 Ac
2691 5304 2816 5343 cum
2841 5278 3022 5344 Filius
3062 5287 3193 5342 dicit
3222 5307 3233 5341 :
3270 5285 3439 5340 Pater
3467 5300 3615 5338 omne

424 5433 442 5462 ¹
473 5428 610 5518 ῦςιιο
641 5431 842 5518 υτ
894 5432 1067 5518 'nqeﬂ.
1096 5451 1184 5518 fit,
1215 5437 1266 5492 6.
1347 5439 1367 5470 ³
1391 5436 1526 5518 Gen.
1565 5453 1714 5502 xxtx,
1745 5437 1804 5491 51
1841 5454 1963 5512 sqq.
2041 5442 2216 5499 ‘Gen.
2248 5461 2373 5508 xxx,
2402 5445 2492 5499 ‘25.
2572 5445 2591 5478 ⁸
2638 5444 2701 5500 lll
2737 5446 2866 5517 Reg.
2924 5461 2960 5512 ι,
2996 5446 3015 5499 ι
3055 5462 3177 5518 sqq.
3258 5443 3342 5499 “ll
3371 5439 3492 5495 'litn
3552 5455 3616 5504 ιι,

351 5497 440 5553 i9.
527 5500 548 5531 ⁷
576 5499 710 5556 Luc.
755 5517 870 5564 xm,
910 5502 1003 5556 27.
1095 5497 1410 5575 'A’mosm,
1443 5508 1496 5562 Ξ.

424 5656 566 5726 (20')
601 5655 762 5715 Forte
787 5658 1064 5728 legendum
1095 5668 1360 5748 ἀλλήλοις.
1395 5672 1551 5726 Eon.
