3992 6198
494 289 564 346 59
1952 287 2009 342 S.
2051 285 2394 342 EPIPHANII
3675 282 3743 338 60

495 407 614 466 Filil
675 426 739 464 ac
800 410 930 476 Dei,
985 420 1041 468 et
1098 410 1152 467 in
1206 410 1428 470 nomine
1476 398 1656 464 divini
1701 407 1942 478 Spiritus
1995 423 2061 462 ac

2165 403 2247 470 εἷς
2295 407 2427 472 Θεὸς
2469 405 2658 478 Πατῆρ
2709 407 2766 459 ὲν
2812 405 2948 476 Υιῷ,
2992 404 3121 469 Υἱὸς
3161 404 3218 458 ὲν
3269 402 3442 473 “arpi.
3472 402 3570 457 σὺν
3603 404 3744 475 ἁγίῳ

493 500 741 570 perfecti.
811 503 854 558 0
911 509 1259 560 sacrosancta
1321 501 1580 556 Trinitas
1614 517 1681 556 eo
1748 499 1914 554 modo
1957 515 2061 554 nu-

2167 495 2466 572 “vsopazt.

495 597 742 649 meratal
813 593 857 650 0
911 595 1150 649 Trinitas
1198 610 1306 649 uno
1357 594 1582 649 nomine
1631 593 2059 663 comprehensa!
2120 594 2240 651 Non
2281 595 2427 650 enim
2487 596 2670 650 unitas
2718 600 2774 650 et
2827 595 3075 648 binarlus
3124 592 3178 647 in
3223 607 3285 646 ea
3353 592 3572 655 dicitur,
3631 593 3742 665 28

493 704 670 760 neque
715 691 890 746 unitas
951 699 1005 745 et
1063 690 1246 744 unitas
1301 708 1314 743 :

1374 689 1472 744 sed
1536 689 1717 743 unitas
1775 689 1830 742 in
1874 687 2167 754 Trinitate,
2217 695 2270 744 et
2315 689 2559 746 Trinitas
2613 689 2670 743 in
2760 689 3010 752 unitate,
3071 686 3339 757 singulari
3393 686 3611 754 forma,
3685 697 3741 743 et

494 780 853 847 appellatione
893 780 1177 850 singulari,
1231 791 1374 833 unus
1420 778 1562 834 Deus
1605 777 1768 833 Pater
1796 779 1852 832 in
1897 777 2058 844 Filio,
2099 778 2274 834 Filius
2309 781 2363 834 in
2395 779 2559 834 Patre
2587 793 2712 834 cum
2747 787 2942 833 sancto
2970 776 3198 847 Spiritu.

562 866 748 922 XXIII.
804 869 1047 938 Agedum
1101 867 1285 937 profer
1361 868 1494 922 mihi
1555 867 1810 924 veritatis
1862 876 2054 932 testes,

492 971 714 1028 pueros,
771 959 1017 1027 inquam,
1076 959 1223 1021 illos,
1261 958 1354 1027 qui
1395 974 1425 1012 e
1456 957 1786 1028 Babylonica
1844 957 2066 1013 fornace

493 1051 706 1103 liberati
759 1059 911 1114 sunt,
962 1052 1018 1103 in
1058 1050 1297 1104 medium
1341 1047 1622 1114 adducito,
1666 1050 1758 1118 qui
1800 1049 2063 1120 singulari

494 1139 587 1194 Dei
634 1141 897 1196 beneﬁcio
949 1141 1000 1193 in
1043 1142 1224 1209 ignem
1277 1140 1550 1208 conjecti,
1601 1139 1710 1194 non
1755 1139 2062 1208 consumpti

492 1240 641 1285 sunt.
682 1232 866 1300 Neque
901 1247 1030 1284 vero
1061 1232 1202 1299 ignis
1230 1231 1320 1284 ille
1355 1231 1654 1284 restinctus
1687 1238 1792 1293 cst,
1823 1246 1891 1283 ne
1921 1245 2060 1284 novo

490 1327 726 1394 quodam
757 1326 989 1378 artificio
1018 1324 1248 1377 ﬁnitimae
1280 1323 1546 1378 restitisse
1577 1317 1925 1384 viderentur,
1966 1320 2061 1375 sed

493 1417 567 1469 ita
621 1425 680 1468 ut
731 1416 786 1467 in
842 1417 966 1485 igne
1021 1426 1396 1476 versarentur,
1460 1415 1530 1469 ab
1576 1427 1642 1467 eo
1693 1420 1872 1464 tamen
1918 1403 2059 1463 haud

491 1506 915 1560 absumerentur
947 1525 960 1560 ι
1003 1507 1166 1576 idque
1199 1507 1269 1559 ob
1305 1509 1574 1559 sinceram
1614 1503 1826 1556 illorum
1862 1487 2057 1554 lideni':

2231 870 2359 922 ΚΡ.
2390 869 2560 922 Κάλει
2598 869 2656 922 δέ
2688 886 2779 940 μοι
2817 869 3102 939 μάρτυρας
3143 867 3244 937 τῆς
3275 867 3552 938 ἀληθείας,
3585 867 3737 922 κάλει

2166 977 2256 1029 μοι
2287 963 2412 1023 τοὺς
2433 961 2628 1023 παῖδας
2670 962 2796 1023 τοὺς
2837 961 2945 1012 ἀπὸ
2970 960 3070 1030 τῆς,⁹
3089 959 3322 1029 καμίνου
3350 961 3450 1030 τῆς
3483 957 3736 1014 Βαϐυλω-

2162 1053 2280 1115 νίας
2313 1052 2602 1118 σωθέντας,
2620 1054 2745 1115 τοὺς
2776 1051 3209 1118 καταξιωθέντας
3229 1050 3286 1105 ὲν
3311 1051 3442 1122 πυρὶ
3474 1053 3739 1123 καταϐληο

2164 1143 2340 1213 θῆναι,
2376 1144 2451 1214 μὴ
2483 1139 2822 1214 ἀναλωθῆναι
2851 1143 2928 1209 δὲ,
2981 1143 3041 1194 οὐ
3077 1135 3266 1195 σϐέσαι
3297 1143 3356 1196 τὸ
3381 1143 3511 1213 πῦρ,
3548 1143 3633 1195 ἴνα
3662 1143 3736 1213 μὴ

2168 1234 2518 1305 ὑποληφθῶσι
2549 1237 2710 1288 καινὰ
2739 1234 2872 1304 ἔργα
2907 1234 3495 1304 ἁντιμηχανησάμενοι,
3532 1233 3646 1287 ἀλλ’
3678 1238 3736 1288 ὲν

2168 1325 2300 1394 ττυρὶ
2357 1324 2454 1394 μὲν
2496 1319 2656 1388 εῖναι,
2699 1325 2758 1377 ὲν
2800 1325 2932 1393 πυρὶ
2962 1324 3018 1376 δὲ
3055 1324 3126 1395 μὴ
3162 1323 3503 1392 ἀναλωθῆναι
3533 1325 3619 1377 διὰ
3639 1324 3736 1395 τὴν

2167 1415 2330 1485 ὀρθὴν
2389 1415 2569 1468 πίστιν
2599 1415 2798 1481 αὐτῶν,
2837 1415 2930 1467 τοῦ
2961 1415 3094 1467 Θεοῦ
3121 1416 3185 1468 δι’
3214 1413 3393 1468 αὐτῶν
3421 1415 3567 1486 ἡμᾶς
3591 1415 3736 1469 διδά-

2170 1521 2410 1567 σκοντος,
2435 1506 2555 1558 τίνα
2579 1505 2674 1576 μέν
2693 1508 2806 1558 ἐστι
2837 1507 2904 1558 τὰ
2934 1505 3146 1568 κτιστὰ,
3173 1505 3290 1558 τίνα
3311 1506 3368 1558 δὲ
3396 1507 3466 1559 τὰ
3486 1505 3733 1573 ᾶκτιστα,

493 1611 593 1665 per
623 1613 762 1664 quos
789 1597 986 1652 docere
1030 1613 1132 1652 nos
1171 1597 1344 1652 voluit
1370 1597 1536 1661 Deus,
1572 1609 1820 1665 quamam
1854 1601 2058 1655 creata,

2165 1598 2283 1650 τίνα
2331 1597 2449 1650 ἐστὶ
2481 1598 2550 1650 τὰ
2595 1599 2813 1669 ποιητὰ,
2858 1599 2978 1652 τίνα
3003 1599 3071 1651 τὰ
3102 1585 3488 1670 μὴ’γενόμενα,
3521 1600 3639 1653 τίνα
3667 1602 3736 1654 τὰ

491 1701 742 1756 quamam
773 1689 1012 1743 increata
1036 1690 1234 1755 forent,
1282 1704 1404 1758 quae
1425 1689 1586 1752 facta,
1637 1704 1758 1756 qua:
1786 1701 2062 1757 numquam

493 1780 655 1844 facta,
714 1787 836 1848 qua:
882 1781 1230 1849 Sempiterna,
1292 1793 1415 1848 qme
1463 1795 1492 1831 a
1543 1778 1894 1847 sempiternis
1944 1778 2068 1831 istis

491 1872 775 1940 producta.
808 1874 888 1927 Illi
919 1874 1084 1944 igitur
1115 1875 1181 1927 ab
1205 1875 1330 1942 igne
1359 1873 1559 1927 servati
1587 1871 1740 1940 pueri
1766 1880 1976 1941 gratum
2010 1871 2064 1922 in

492 1962 660 2017 Deum
698 1979 726 2016 ιι
759 1979 867 2033 quo
895 1966 1092 2018 servati
1147 1966 1385 2027 fuerant,
1433 1972 1489 2015 et
1537 1963 1589 2014 in
1625 1969 1784 2030 quem
1816 1962 1884 2015 ab
1909 1961 2068 2015 initio

492 2064 865 2123 speraverant,
908 2056 1150 2108 animum
1182 2069 1245 2107 ac
1292 2068 1514 2108 sensum
1565 2052 1845 2106 testiﬁcari
1877 2052 2064 2105 volue-

489 2154 639 2207 runt,
674 2157 774 2199 nec
805 2146 1144 2207 baesitarunt,
1200 2158 1378 2212 neque
1427 2142 1695 2196 cervicem
1747 2142 2058 2206 simulacro,

487 2237 572 2288 vel
605 2235 750 2304 regis
792 2235 1032 2288 audacius
1072 2249 1135 2287 ac
1176 2234 1454 2304 tyrannidi
1499 2233 1788 2287 ﬂexerunt.
1830 2233 1905 2287 Ac
1935 2247 2060 2287 cum

489 2325 666 2379 laudis
711 2327 916 2394 aliquld
974 2326 1082 2379 Deo
1133 2325 1370 2378 tribuere
1439 2333 1568 2378 sunt
1611 2325 1877 2394 aggressi,
1944 2339 2068 2393 pro-

491 2415 658 2468 funda
710 2430 940 2484 quaeque
989 2415 1166 2469 sancti
1223 2416 1461 2484 Spiritus
1509 2414 1690 2469 allia-tu
1738 2416 1792 2468 in
1830 2415 1938 2469 imo
1969 2431 2062 2484 pe-

488 2514 643 2559 ctore
675 2507 904 2559 scrutati
954 2514 1082 2560 sunt
1167 2507 1422 2560 homines
1483 2505 1640 2575 longe
1693 2505 2058 2560 sanctissimi:

489 2597 582 2665 qui
609 2598 866 2666 praaclare
897 2597 1031 2650 illud
1063 2597 1248 2650 animo
1283 2611 1383 2651 suo
1410 2595 1740 2667 cogitarunt,
1773 2597 1972 2650 callum
1998 2609 2062 2650 ac

489 2703 831 2758 quaecunque
865 2690 1006 2742 οωῑο
1054 2690 1428 2753 continentur,
1475 2695 1528 2741 et
1579 2697 1799 2752 terram,
1854 2687 2068 2740 omnia-

492 2796 601 2848 que
631 2796 751 2849 qua:
778 2779 918 2833 infra
952 2789 1152 2834 terram
1195 2787 1346 2843 sunt,
1391 2792 1453 2832 ac
1477 2791 1814 2848 quaecunque
1841 2777 2058 2832 demum
2088 2812 2131 2871 C

490 2872 704 2941 uspiam
753 2880 901 2932 sunt,
954 2869 1116 2940 digna
1165 2885 1275 2924 non
1319 2885 1463 2933 esse,
1509 2879 1629 2938 qua:
1679 2867 1790 2922 Deo
1817 2869 2059 2922 muneris

489 2964 663 3016 instar
689 2961 1011 3016 oll'erantur.
1056 2959 1176 3014 Non
1213 2961 1357 3015 enim
1397 2975 1463 3015 ea
1511 2975 1633 3029 quae
1667 2960 1863 3028 seipsis
1889 2959 2062 3012 subli‘

487 3053 662 3107 miora
706 3062 854 3118 sunt,
888 3050 1086 3107 otTerre
1123 3059 1398 3122 poterant,
1431 3064 1554 3105 cum
1587 3059 1642 3106 et
1675 3065 1774 3120 pro
1793 3049 2061 3120 dignitate

485 3153 543 3199 et
591 3155 688 3214 pro
732 3144 992 3197 facultate
1027 3155 1125 3197 sua
1159 3143 1335 3198 solum
1366 3142 1621 3196 laudibus
1664 3140 1829 3195 Deum
1872 3139 2062 3209 praedi-

488 3250 616 3289 care
666 3249 729 3289 ac
779 3236 1058 3290 celebrare
1098 3234 1318 3289 vellent.
1371 3231 1485 3287 Iloc
1523 3233 1668 3287 enim
1701 3239 1792 3285 est
1815 3229 1961 3300 quod
2004 3230 2058 3284 in

486 3327 705 3382 Psalmo
723 3327 924 3381 dlcltur
953 3344 966 3380 :
999 3325 1313 3394 Sacri/icate
1342 3325 1662 3393 sacriﬁcium
1687 3323 1933 3387 laudis";
1970 3331 2054 3376 et:

489 3417 826 3486 Sacriﬁcium
877 3416 1049 3470 laudis
1098 3416 1466 3485 honoriﬁcabit
1523 3425 1602 3468 nte
1636 3417 1677 3466 ’.
1771 3413 1913 3483 Ergo
1981 3415 2058 3466 illi

487 3506 658 3562 Vetus
718 3507 1124 3563 Testamentum
1169 3502 1223 3562 in
1265 3507 1471 3562 Novum
1519 3497 1939 3570 commutantes,
2005 3515 2060 3562 et

487 3599 666 3653 aIIlatu
703 3601 877 3655 sancti
941 3599 1179 3669 Spiritus
1233 3599 1498 3662 instincti,
1552 3598 1688 3652 nihil
1745 3598 2056 3651 animalium

487 3687 751 3741 sacrificia
792 3689 876 3740 vel
929 3687 1250 3740 holocausta
1287 3687 1669 3754 requirebant;
1699 3686 1772 3740 ita
1801 3687 1945 3740 enim
1988 3686 2062 3740 Ιο-

485 3783 770 3845 quuntur:
815 3776 939 3831 Non
969 3787 1045 3831 est
1075 3779 1219 3831 locus
1267 3776 1632 3844 sacriﬁcandi,
1678 3791 1837 3845 neque
1861 3776 2057 3842 hostia,

485 3881 646 3936 neque
691 3869 942 3922 altare”:
973 3867 1117 3937 quod
1161 3867 1415 3920 universa
1454 3867 1826 3936 reliquissent.
1875 3867 2058 3931 Quare

485 3973 610 4013 cum
653 3960 924 4030 ejusmodi
972 3961 1188 4014 laudem
1226 3959 1422 4015 offerre
1448 3959 1667 4023 vellent,
1703 3960 1852 4013 nullo
1878 3959 1943 4012 ad
1975 3967 2057 4013 te-

485 4050 747 4104 nuitatem
807 4064 962 4105 suam
1020 4059 1273 4122 respectu
1328 4051 1549 4115 habito,
1609 4063 1822 4105 summa
1877 4056 2057 4103 tamen

2111 1731 2119 1740 .
2166 1691 2251 1742 ἀεὶ
2307 1690 2456 1751 ὄντα,
2487 1690 2606 1742 τίνα
2637 1690 2694 1742 δὲ
2724 1689 2793 1742 τὰ
2837 1690 2897 1754 ἐξ
2935 1687 3112 1744 αὐτῶν
3168 1689 3299 1744 ὄντα
3343 1693 3624 1761 γενόμεναι
3669 1692 3734 1744 Oi

2165 1781 2396 1832 τοιοῦτοι
2444 1781 2705 1844 σωθέντες
2739 1782 2922 1844 παῖδες
2955 1779 3224 1852 ἠθέλησαν
3257 1783 3570 1853 εὐχάριστον
3602 1783 3734 1836 ἁπο-

2165 1871 2330 1936 δεῖξαι
2358 1871 2584 1942 γνώμην
2620 1874 2699 1936 είς
2729 1873 2817 1925 τὸν
2851 1873 2983 1926 Θεὸν
3020 1872 3267 1925 σώσαντα
3298 1872 3516 1936 αὐτοὺς,
3557 1875 3638 1936 είς
3675 1874 3738 1926 ὃν

2165 1961 2421 2031 ἀπαρχῆς
2473 1961 2730 2030 ἤλπισαν,
2773 1962 2868 2015 καὶ
2905 1961 3006 2016 οὐκ
3033 1963 3334 2024 ἐδίστασαν,
3383 1965 3483 2016 οὐκ
3522 1959 3733 2017 ἔκλιναν

2165 2050 2367 2120 αὐχένα
2408 2051 2595 2116 είκόνι,
2658 2051 2753 2105 ιιαλ⁹
2787 2050 2977 2121 θράσει
3016 2053 3276 2123 βασιλέως
3307 2054 3402 2107 καὶ
3443 2053 3733 2124 τυραννίδι,

2165 2142 2273 2192 Καὶ
2304 2142 2390 2193 ὅτε
2417 2141 2689 2211 ὴθέλησάν
2714 2161 2766 2196 τι
2799 2145 3088 2214 ἀπονεῖμαι
3112 2144 3250 2215 Θεῷ,
3282 2143 3739 2217 ἀνερευνήσαντες

2163 2231 2232 2284 τὰ
2271 2232 2410 2302 βάθη
2455 2232 2534 2303 τῷ
2583 2233 2722 2304 ἁγίῳ
2766 2234 3038 2304 Πνεύματι
3091 2236 3149 2287 ὲν
3195 2239 3260 2306 τῇ
3314 2236 3539 2306 καρδίᾳ,
3595 2238 3738 2303 ἆγιοι

2162 2321 2335 2387 ὄντες,
2367 2322 2738 2392 διανοηθέντες
2759 2337 2818 2374 τε
2861 2322 2953 2376 τὸν
2991 2322 3223 2392 οὐρανὸν
3253 2323 3346 2376 καὶ
3379 2326 3556 2377 πάντα
3585 2323 3653 2376 τὰ
3685 2327 3743 2377 ἐν

2164 2413 2334 2483 αὐτῷ,
2363 2415 2463 2483 τήν
2475 2427 2534 2465 τε
2563 2412 2666 2482 γῆν
2701 2414 2794 2466 καὶ
2818 2415 2995 2467 πάντα
3014 2414 3081 2466 τὰ
3113 2413 3204 2466 ὑπ’
3226 2414 3414 2485 αὐτὴν,
3443 2415 3536 2468 καὶ
3563 2417 3742 2469 πάντα

2163 2507 2262 2559 ὅσα
2296 2506 2430 2570 ἐστὶ,
2459 2504 2533 2576 μὴ
2557 2505 2680 2568 ἄξια
2713 2499 2849 2558 εἶναι
2887 2503 2963 2570 είς
2998 2506 3314 2577 προσφορὰν
3341 2507 3744 2591 Θείιζπροσενε-

2162 2597 2354 2665 χθῆναι
2389 2595 2532 2662 (οὔτε
2553 2593 2661 2667 γὰρ
2684 2592 2828 2667 εἶχον
2859 2594 3108 2661 ἐξουσίαν
3125 2595 3196 2649 τὰ
3221 2597 3361 2668 ὑπὲρ
3382 2599 3606 2661 ἑαυτοὺς
3621 2598 3741 2670 Θεῷ

2161 2684 2509 2754 προσφέρειν)
2555 2686 2650 2739 καὶ
2696 2684 2838 2740 κατὰ
2873 2687 2970 2758 τὴν
3012 2683 3169 2753 ἀξίαν
3205 2688 3306 2757 μὲν
3336 2689 3430 2740 καὶ
3469 2689 3608 2743 κατὰ
3641 2690 3739 2761 τὴν

2163 2775 2410 2839 ἐξουσίαν
2461 2777 2710 2840 θέλοντες
2772 2777 2933 2847 μόνον
2990 2775 3179 2848 ὕμνοις
3215 2779 3405 2849 ὑμνεῖν
3450 2781 3540 2833 τὸν
3585 2781 3738 2836 Θεόν.

2165 2866 2336 2919 Τοῦτο
2362 2868 2471 2938 γάρ
2525 2869 2641 2920 ἐστι
2683 2868 2743 2920 τὸ
2801 2867 3214 2940 γεγραμμένον
3254 2871 3486 2923 Θύσατε
3520 2872 3742 2925 θυσίαν

2163 2960 2475 3027 αίνέσεως⁶
2519 2963 2634 3022 καὶ.
2670 2961 2862 3016 Θυσία
2898 2959 3455 3028 αίνέσεωςὸοξάσει
3481 2981 3575 3032 με.
3600 2965 3741 3036 ’Ἤδη

2165 3050 2274 3121 γὰρ
2304 3050 2697 3121 μεταϐαλόντες
2727 3052 2828 3122 τὴν
2848 3051 3086 3106 Παλαιὰν
3127 3055 3206 3115 είς
3225 3051 3436 3123 Καινὴν
3458 3053 3738 3124 Διαθήκην

2165 3139 2444 3210 Πνεύματι
2469 3140 2607 3210 ἁγίῳ
2629 3141 3070 3210 ὑπονυττόμενοι,
3100 3144 3160 3194 οὑ
3192 3140 3347 3204 eam
3379 3142 3587 3206 θυσίαν,
3617 3143 3741 3196 οὐδὲ

2163 3231 2628 3302 ὁλοκαυτωμάτων
2682 3235 2870 3302 χρείαν
2915 3221 3161 3301 ἔχοντες*
3222 3234 3352 3302 φασὶ
3421 3233 3564 3304 γάρ·
3613 3236 3744 3287 Οὐκ

2164 3324 2294 3377 ἔστι
2327 3324 2508 3389 τόπος
2529 3323 2635 3377 τοῦ
2663 3322 2996 3391 καρπῶσαι,
3032 3323 3173 3377 οὐδέ
3208 3325 3410 3388 θυσία,
3455 3323 3597 3377 οὐδὲ
3641 3328 3743 3379 0v-

2165 3414 2539 3484 σιαστήριον,
2570 3415 2771 3479 ὼςτῶν
2789 3416 3004 3468 πάντων
3038 3415 3493 3486 περιλειφθέντων
3527 3417 3548 3447 ⁸
3575 3433 3588 3445 ·
3619 3415 3743 3485 βου-

2164 3506 2378 3575 λόμενοι
2435 3505 2492 3558 δὲ
2541 3505 2641 3576 τὴν
2681 3505 2936 3576 τοιαύτην
2984 3506 3190 3558 αἴγεσιν
3233 3507 3594 3577 προσφέρειν,
3645 3507 3742 3560 καὶ

2166 3598 2424 3660 ἐάσαντες
2465 3597 2564 3668 τὴν
2604 3597 2812 3650 ἑαυτῶν
2863 3598 3233 3669 σμικρότητα,
3301 3598 3743 3669 ταπεινοφρόνως

2165 3688 2439 3759 φέρονται.
2471 3688 2597 3755 Πᾶς
2626 3689 2736 3758 γὰρ
2777 3693 2808 3743 ό
2837 3689 3013 3758 ὑψῶν
3040 3691 3257 3744 ἑαυτὸν
3301 3691 3741 3755 ταπεινωθήσε-

2165 3795 2258 3832 ται
2283 3795 2298 3809 ο
2347 3782 2380 3833 ό
2427 3779 2495 3832 δὲ
2543 3780 2840 3835 ταπεινῶν
2884 3779 3100 3834 ἑαυτὸν
3147 3779 3545 3847 ὑψωθήσεται.
3585 3779 3742 3833 Μετὰ

2165 3869 2258 3921 τοῦ
2311 3869 2648 3941 χαρίσματος
2692 3871 2790 3941 τῆς
2829 3871 2994 3924 αὐτοῦ
3052 3871 3343 3941 σωτηρίας,
3399 3869 3740 3940 λαμϐάνουσι

2166 3961 2259 4014 καὶ
2313 3960 2517 4030 ταύτην
2563 3961 2661 4032 τὴν
2713 3961 2922 4032 δωρεὰν
2953 3962 3050 4031 τῆς
3089 3961 3605 4031 ταπεινοφροσύνης,
3646 3963 3742 4014 καὶ

2167 4048 2446 4118 βούλονται
2485 4049 2576 4103 τὸν
2631 4047 2779 4104 αῐνον
2815 4050 2936 4121 Θεῷ
2981 4050 3330 4121 προσφέρειν,
3358 4051 3452 4103 καὶ
3481 4051 3554 4120 μὴ
3574 4053 3743 4104 ἐκκα-

486 4157 611 4195 cum
660 4144 744 4198 sui
796 4142 1132 4198 demissione
1179 4144 1397 4199 divinas
1438 4144 1494 4197 in
1543 4141 1732 4196 laudes
1765 4142 2056 4196 feruntur:

2166 4143 2300 4205 κεῖν,
2331 4141 2426 4194 καὶ
2477 4142 2703 4204 ἑαυτοὺς
2737 4141 2848 4212 (25)
2879 4129 3284 4212 δοκιμάσαντας
3333 4143 3468 4212 πρὸς
3515 4144 3614 4212 τὴν
3644 4143 3740 4194 τοῦ

487 4232 673 4286 Omnis
699 4234 836 4285 enim
885 4235 974 4299 qui
1012 4249 1066 4284 se
1105 4233 1330 4294 exaltat,
1378 4233 1782 4293 Immiliabitur;
1822 4240 1872 4283 et
1897 4233 2062 4300 quise

479 4321 752 4384 humiliat,
811 4321 1139 4373 exaltabitur
1160 4322 1201 4374 ’⁵.
1258 4320 1372 4373 11οο
1424 4322 1600 4389 ipsum
1648 4321 1971 4375 humilitatis
1997 4338 2060 4375 ac

483 4412 766 4466 modestia:
803 4411 1006 4465 donum
1042 4426 1166 4465 cum
1200 4410 1395 4466 salutis
1427 4427 1540 4466 sua:
1574 4410 1841 4465 beneﬁcio
1869 4427 2062 4468 conse-

2164 4232 2299 4285 Θεοῦ
2354 4234 2591 4303 ᾶρῤητον
2644 4233 2974 4300 δοξολογίαν,
3011 4233 3221 4295 ἀξιοῦσι
3287 4234 3742 4304 συμπαραλαθεῖν

2167 4322 2284 4391 μεθ’
2313 4324 2520 4376 ἑαυτῶν
2549 4325 2643 4393 τὴν
2693 4322 2869 4374 κτίσιν
2891 4323 2970 4383 είς
3007 4321 3335 4389 δοξολογίαν,
3362 4324 3455 4375 καὶ
3483 4323 3742 4394 ἄρχονται

2162 4413 2361 4481 λέγειν,
2385 4429 2447 4466 συ
2457 4412 2859 4484 μπεριληφότες
2892 4414 3072 4465 πᾶσαν
3100 4413 3198 4479 τὴν
3227 4413 3462 4482 ποίησιν.

480 4504 619 4564 cuti,
656 4500 822 4555 Deum
865 4501 1119 4556 laudibus
1151 4501 1433 4570 prosequi,
1485 4517 1660 4570 neque
1701 4501 1946 4572 ingratos
2018 4513 2078 4557 se
2155 4505 2400 4573 pnebere
2457 4502 2685 4556 student
2717 4519 2731 4556 :
2766 4515 3004 4570 cumque
3063 4515 3121 4554 se
3167 4498 3234 4552 ad
3295 4500 3736 4568 inexplicabilem

485 4595 630 4649 illam
668 4595 760 4650 Dei
804 4595 1030 4667 gloriam
1077 4597 1457 4650 celebrandam
1483 4605 1912 4667 comparassent,
1955 4597 2021 4651 ad
2066 4598 2469 4668 praedicationis
2498 4599 2646 4652 illius
2675 4595 3116 4651 communionem
3160 4603 3467 4647 creaturam
3515 4607 3735 4646 omnem

477 4690 774 4751 advocant.
800 4697 853 4744 et
886 4688 1158 4759 adjunctis
1205 4691 1307 4746 sibi
1360 4692 1591 4761 Opiliciis
1641 4692 1896 4747 omnibus
1929 4708 2125 4749 canere
2158 4695 2474 4749 instituunt.

556 4785 665 4855 29
685 4783 872 4838 XXIV.
899 4784 1070 4841 Porro
1098 4801 1261 4857 opera
1293 4787 1360 4841 ab
1395 4788 1607 4856 opiﬁce,
1633 4796 1685 4842 ct
1715 4797 1995 4842 creaturas
2026 4804 2054 4841 a

476 4886 731 4932 creatore
764 4878 1142 4934 discernentes
1181 4880 1325 4932 hunc
1357 4879 1410 4932 in
1443 4879 1664 4933 modum
1690 4880 1858 4933 locuti
1894 4888 2046 4935 sunt:

485 4967 802 5032 Beuedicite,
835 4969 1013 5021 omnia
1045 4985 1201 5038 opera
1231 4968 1465 5029 Domini,
1513 4969 1734 5023 Domino
1766 4970 1808 5023 ⁵.
1859 4969 2056 5023 Omnia

2227 4781 2352 4843 Kx.
2374 4785 2648 4848 Διελόντες
2670 4785 2726 4838 δὲ
2751 4783 2819 4837 τὰ
2840 4783 3119 4853 ποιήματα
3143 4781 3250 4835 ἀπὸ
3267 4782 3361 4835 τοῦ
3388 4783 3736 4853 ποιήσαντος,

2157 4883 2249 4934 καὶ
2282 4879 2351 4932 τὰ
2380 4879 2570 4932 κτιστὰ
2597 4877 2705 4930 ἀπὸ
2730 4877 2824 4929 τοῦ
2855 4877 3157 4941 κτίσαντος,
3193 4875 3325 4944 φασί
3347 4891 3358 4902 ‘
3389 4873 3732 4944 Εὑλογεῖτε,

2155 4971 2353 5024 πάντα
2398 4971 2470 5024 τὰ
2535 4970 2680 5038 ἔργα
2759 4969 3015 5035 Κιιρίου,
3064 4967 3174 5021 τὸν·
3234 4969 3470 5035 Κύριον.
3531 4964 3732 5020 Πάντα

481 5061 764 5121 dixerunt,
827 5075 1006 5127 neque
1053 5059 1352 5129 quidquam
1405 5060 1771 5128 reliquerunt.
1833 5061 1940 5114 Sed
2000 5069 2058 5114 ut

2165 5061 2328 5128 εἶπον,
2357 5064 2508 5119 οὐδὲν
2541 5064 2849 5118 κατέλιπον.
2878 5063 2995 5115 Ἱνα
3035 5061 3090 5115 δὲ
3134 5063 3195 5115 τὸ
3239 5061 3465 5130 Πνεῦμα
3490 5061 3548 5112 τὸ
3583 5060 3738 5126 ἅγιον

479 5148 723 5222 Spiritus
751 5158 976 5208 sanctus
1015 5151 1274 5222 perfecta:
1315 5152 1556 5208 scientiae
1586 5153 1909 5209 lniormarct
1938 5167 2059 5224 spe-

558 5310 576 5341 ¹
605 5308 749 5364 Psal.
799 5324 909 5375 ενι,
938 5308 1028 5363 22.

483 5378 815 5448 ληφθέντων.

1137 5306 1322 5365 'Psal.
1359 5326 1507 5378 λιιι,
1539 5310 1631 5364 25.

556 5531 666 5599 (23)
697 5533 804 5585 Kal
851 5533 1123 5600 ἑαυτούς,
1157 5542 1264 5589 etc.
1324 5534 1491 5589 ltecte
1534 5530 1860 5589 Thomasius
1899 5533 2064 5599 hujus

483 5600 592 5672 Ioui
638 5601 884 5672 Latinam
917 5603 1122 5657 Petavii
1159 5604 1663 5672 interpretationem
1698 5604 2009 5657 emendavit
2044 5621 2056 5656 :

483 5671 574 5725 illa
599 5671 742 5724 enim
775 5672 870 5735 ait,
905 5689 1119 5740 cientque
1151 5689 1268 5725 cum
1306 5671 1673 5738 inexplicobiti
1709 5673 1804 5726 illa
1835 5672 2059 5742 Πεισίο-

1745 5311 1766 5341 ³
1806 5309 1938 5365 Dan.
1971 5327 2054 5378 ιιι,
2085 5311 2177 5366 '58.

2154 5153 2536 5226 χαρακτηρίσῃ
2564 5154 2662 5223 τὴν
2683 5153 2894 5206 τελείαν
2920 5151 3144 5222 γνῶσιν,
3173 5154 3252 5214 εἰς
3279 5149 3337 5201 τὺ
3363 5148 3556 5201 είδέναι
3588 5149 3738 5202 ποῖον

2275 5314 2296 5342 δ
2333 5311 2463 5364 Luc.
2515 5326 2673 5374 xvm,
2705 5312 2793 5367 14.
2905 5311 3095 5364 l“Dan.
3124 5324 3204 5371 ιιι,
3235 5305 3322 5360 57.
3401 5303 3421 5335 ⁶
3451 5303 3574 5359 For.
3603 5303 3740 5375 πυρὶ

2168 5535 2252 5587 ria
2281 5543 2328 5586 ct
2359 5533 2638 5600 majestate
2662 5539 3081 5598 com—parassent,
3120 5528 3185 5584 ad
3233 5517 3634 5595 praedicationis
3665 5525 3732 5580 il-

2168 5604 2274 5660 lius
2313 5601 2777 5668 communionem,
2809 5610 2911 5655 etc.
