3992 6198
497 264 567 321 03
1906 271 1963 323 δ.
2004 268 2341 324 ΕΡΙΡΙΙᾹΝΙΙ
3676 282 3746 335 σι

498 381 607 448 jam
642 387 753 432 tum
784 387 1072 445 noverant,
1109 395 1316 435 necnon
1350 388 1403 434 et
1454 377 1671 434 Patrem
1702 396 1765 436 ac
1800 380 2067 453 Spiritum

2187 386 2404 454 ὶγνοίας
2437 388 2597 457 χάριν
2621 390 2721 443 οὐκ
2749 385 2903 444 εἷπον
2930 389 3001 444 τὰ
3021 390 3283 462 ὀνόματα,
3314 392 3434 446 ἀλλ’
3450 392 3750 462 ἀσφαλείας

500 482 775 525 sanctum.
858 471 1043 542 Neque
1100 488 1163 527 ex
1225 472 1554 540 ignorantia,
1606 474 1701 528 sed
1755 477 2111 531 securitatis

498 564 885 633 cautionisque
916 564 1087 632 gratia
1132 564 1455 615 nominatim
1493 564 1619 617 illos
1658 566 1934 633 appellare
1976 581 2074 620 no-

502 651 761 707 luerunt:
794 653 1117 714 Benedicite,
1160 652 1450 721 inquiunt,
1512 655 1691 707 omnia
1745 671 1903 723 opera
1966 656 2075 709 Do-

502 744 649 806 mini,
702 742 949 807 Domino,
998 750 1051 795 ct
1095 758 1202 795 non
1252 742 1489 799 dicunt:
1536 743 1791 809 Benedic,
1820 742 1922 798 Fili
1954 745 2071 811 Dei,

501 834 772 897 Domino;
826 834 931 897 vel,
990 832 1243 909 Benedic,
1277 844 1466 888 sancte
1494 833 1756 904 Spiritus,
1805 835 2071 901 Domino;

498 925 614 989 sed,
669 923 987 988 Benedicite,
1030 926 1209 976 omnia
1244 941 1401 992 opera
1438 923 1674 988 Domini,
1706 925 1956 980 Domino.
1996 926 2075 980 Ac

500 1032 567 1069 ne
588 1015 711 1084 quis
742 1015 881 1069 forte
924 1014 1279 1069 occasionum
1305 1026 1860 1086 argumentorumque
1887 1025 2077 1086 captor

498 1106 721 1175 objiciat
754 1125 767 1161 :
802 1120 902 1161 nec
935 1106 1217 1159 cherubim
1250 1106 1471 1174 quidem
1513 1116 1607 1160 aut
1651 1108 1924 1177 seraphim
1954 1124 2077 1163 esse

501 1198 855 1262 nominatos;
901 1197 1043 1251 unde
1092 1212 1435 1266 consequens
1490 1197 1685 1261 videri,
1736 1206 1794 1251 ut
1840 1213 1907 1252 ne
1958 1198 2077 1265 ipsa

499 1288 720 1358 quidem
748 1304 913 1357 opera
946 1288 1057 1342 sint
1093 1287 1223 1354 Dei;
1261 1289 1482 1341 divinus
1528 1287 1651 1343 ideo
1701 1304 1881 1342 sermo
1925 1296 2077 1341 tanto

498 1384 626 1431 ante
657 1377 968 1430 cautionem
1004 1375 1284 1439 adhibere,
1318 1383 1371 1430 et
1400 1392 1467 1430 ex
1502 1377 1649 1430 omni
1685 1384 1839 1446 parte
1863 1376 2077 1430 munire

498 1468 761 1529 instituit,
812 1482 935 1521 cum
968 1467 1293 1521 callidorum
1340 1468 1571 1522 istorum
1610 1483 1674 1522 ac
1704 1469 2075 1537 captiosorum

498 1569 608 1612 tam
660 1559 763 1613 sibi
814 1559 969 1629 ipsis,
1013 1575 1176 1629 quam
1224 1576 1519 1628 puerorum
1551 1563 1772 1615 nomine
1801 1561 2077 1629 pernicio-

498 1664 615 1700 sam
686 1648 1017 1701 calumniam
1087 1649 1429 1718 pratvideret.
1509 1648 1637 1703 Nam
1707 1649 2075 1703 laudationem

2179 476 2361 529 ἕνεκα.
2389 478 2727 545 Εὑλογεῖτε,
2751 478 2880 549 γὰρ,
2898 480 3095 534 πάντα
3116 483 3189 536 τὰ
3217 483 3361 551 ἔργα
3383 485 3625 551 Κυρίου,
3643 486 3749 538 τὸν

2174 566 2394 632 Κύριον
2413 582 2425 596 ·
2455 568 2546 619 xui
2576 569 2675 621 οὐκ
2707 565 2859 623 εἷπον
2880 587 2894 602 ·
2927 572 3174 640 Εὐλόγει,
3206 574 3337 636 Υἱὸς
3357 573 3452 626 τοῦ
3478 574 3635 638 Θεοῦ,
3656 575 3748 629 τὸν

2175 655 2378 725 Κύριον
2400 671 2413 684 ·
2450 657 2580 724 οὐδ’,
2610 658 2834 726 Εὐλόγει
2854 702 2868 726 ,
2898 661 3053 729 ἅγιον
3096 662 3321 733 Πνεῦμα
3340 703 3353 725 ,
3388 663 3481 718 τὸν
3505 664 3708 735 Κύριον
3730 684 3744 697 ·

2175 746 2310 809 ἀλλ’,
2343 738 2686 818 Εὑλογεῖτε,
2722 750 2920 806 πάντα
2949 754 3021 804 τὰ
3047 752 3193 821 ἔργα
3228 755 3471 821 Κυρίου,
3503 755 3610 808 τὸν
3638 758 3751 809 Κύ-

2166 850 2325 901 ριον.
2351 836 2461 887 Καὶ
2490 837 2562 905 μή
2591 854 2674 900 τις
2708 837 2816 891 τῶν
2837 841 3141 910 προφάσεις
3174 843 3387 905 ἑαυτοῖς
3420 842 3752 914 θηρωμένων
3826 836 3833 839 ’

2176 924 2326 995 εἴπῃ,
2385 928 2468 981 ὅτι
2518 926 2630 979 Οὐκ
2673 922 2826 980 εἷπον
2879 929 3146 999 χερουὸὶμ
3189 930 3222 1000 ἢ
3258 932 3533 1002 σεραφὶμ,
3567 932 3752 986 λοιπὸν

2175 1014 2297 1065 οὐδὲ
2340 1014 2513 1068 ταῦτά
2556 1017 2704 1068 ἐστιν
2750 1016 2888 1088 ἔργα
2931 1018 3026 1070 τοῦ
3068 1019 3227 1073 Θεοῦ.
3272 1019 3547 1090 Προέλαὸε
3584 1022 3693 1093 γὰρ
3723 1025 3753 1076 6

2177 1104 2317 1167 Θεῖος
2344 1105 2497 1174 λόγος
2538 1107 2935 1175 ἀσφαλίσασθαι
2976 1108 3084 1162 τῶν
3132 1110 3232 1173 τὰς
3266 1112 3512 1181 μηχανὰς
3544 1114 3753 1177 ἑαυτοῖς

2177 1197 2552 1263 ἐπινοούντων,
2597 1199 2986 1269 προγινώσκων
3019 1200 3118 1269 τὴν
3156 1201 3237 1262 εἰς
3264 1200 3461 1263 αὐτοὺς
3507 1202 3601 1254 xui
3630 1203 3754 1266 τοὺς

2178 1291 2371 1354 παῖδας
2396 1290 2597 1361 λύμην.
2622 1290 2873 1361 Τρισσῶς
2900 1292 3008 1362 γὰρ
3031 1291 3123 1343 τὸν
3156 1290 3326 1361 ὕμνον
3364 1291 3753 1346 ὲδιπλασὶασαν

2177 1381 2225 1431 οἱ
2256 1378 2401 1447 ἅγιοι
2442 1379 2657 1444 παῖδες,
2691 1381 2739 1432 οἱ
2768 1380 2923 1432 αὐτοὶ
2965 1380 3033 1433 τὰ
3066 1378 3262 1433 κτιστὰ
3294 1382 3389 1434 xui
3433 1382 3634 1452 ποιητὰ
3676 1384 3757 1447 εις

2179 1467 2347 1538 ὕμνον
2376 1468 2511 1522 Θεοῦ
2546 1469 3003 1540 προϐαλλόμενοι,
3052 1470 3147 1524 xui
3192 1470 3407 1541 πρῶτον
3449 1473 3753 1541 φήσαντες·

2178 1561 2523 1628 Εὐλογητὸς
2557 1546 2649 1627 εἴ,
2675 1564 2853 1625 Κύριε
2884 1564 2916 1616 d
2947 1562 3090 1626 Θεὸς
3119 1560 3239 1614 τῶν
3267 1563 3537 1630 πατέρων
3566 1564 3754 1632 ἡμῶν,

2178 1652 2277 1704 καὶ
2307 1654 2547 1706 already
2594 1654 2693 1706 καὶ
2724 1652 3175 1721 δεδοξασμένον
3201 1653 3269 1705 τὸ
3298 1654 3485 1723 ὄνομὰ
3515 1672 3631 1708 σου
3668 1658 3756 1719 εις

498 1756 654 1795 suam
712 1740 978 1795 trifariam
1026 1741 1198 1795 sancti
1254 1741 1330 1794 illi
1374 1741 1527 1811 pueri
1567 1742 1938 1812 geminarunt,
1981 1741 2073 1811 qui

2187 1742 2319 1807 τοὺς
2346 1742 2593 1808 αἰῶνι-(ις’
2624 1738 2745 1796 εἶτα
2790 1744 2909 1813 μεθ’
2952 1743 3146 1813 ἕτερα·
3177 1744 3599 1813 Εὐλογημένος
3637 1740 3699 1798 εἴ
3723 1748 3755 1798 ό

498 1841 683 1885 creata
735 1830 986 1901 factaque
1035 1833 1218 1885 omnia
1281 1832 1347 1885 ad
1399 1831 1495 1886 Dei
1545 1832 1984 1902 praedicationem
2020 1833 2075 1886 in

497 1924 734 1979 medium
784 1926 1082 1979 attulerunt
1124 1943 1136 1978 :
1174 1939 1238 1977 ac
1294 1926 1529 1993 primum
1582 1922 1947 1978 :Benedictus
1997 1940 2072 1989 es,

499 2015 790 2083 inquiunt,
842 2014 1066 2068 Domine
1098 2015 1238 2067 Deus
1279 2023 1493 2080 patrum
1525 2025 1853 2077 nostrorum,
1879 2024 1927 2068 et
1953 2014 2077 2066 lau-

497 2104 675 2157 dabile
712 2122 774 2157 ac
817 2105 1108 2173 gloriosum
1133 2120 1318 2157 nomen
1349 2113 1497 2155 tuum
1537 2104 1592 2155 in
1630 2104 1828 2157 sa'cula
1855 2104 1893 2158 ¹.
1937 2102 2075 2156 Τυηι

496 2194 825 2265 quibusdam
887 2195 1190 2263 interiectis
1238 2212 1249 2246 :
1292 2193 1606 2248 Benedictus
1669 2211 1744 2259 es,
1797 2196 1885 2265 qui
1922 2194 2069 2249 sedes

2183 1834 2520 1902 καθήμενος
2542 1834 2781 1889 ἐπὶτῶν
2811 1836 3093 1904 χερουϐίμ
3111 1852 3125 1867 ·
3151 1836 3244 1889 xui
3269 1835 3426 1889 πάλιν
3442 1850 3455 1863 ’
3486 1838 3754 1903 Εὐλοτηο

2178 1924 2361 1993 μένος
2390 1921 2451 1979 εἴ
2470 1928 2501 1978 ό
2525 1924 2863 1993 καθήμενος
2888 1924 2987 1977 ἐπὶ
3008 1926 3221 1992 θρόνου
3244 1924 3427 1991 δόξης
3447 1923 3557 1991 τῆς
3576 1925 3753 1987 βασι-

2178 2017 2348 2081 λείας
2376 2031 2493 2070 σου
2517 2031 2529 2045 ⁸
2568 2016 2684 2080 xui,
2713 2017 3138 2085 Εὐλογημένος
3162 2011 3219 2068 εἴ
3244 2018 3276 2068 ὁ
3300 2014 3551 2078 ,ϐλέπων
3570 2015 3755 2067 ἀϐύσ-

2180 2122 2352 2171 σους,
2381 2106 2716 2175 καθήμενος
2742 2107 2839 2160 ἐπὶ
2868 2108 3178 2175 χερουϐἰμ·
3207 2106 3294 2159 ἶνα
3327 2105 3435 2158 ἀπὸ
3461 2103 3556 2156 τοῦ
3588 2106 3760 2158 εἰπεῖν

2179 2196 2270 2248 τὸν
2303 2196 2513 2266 θρόνον,
2560 2198 2762 2268 νοήσῃς
2795 2198 3039 2267 σεραφὶμ
3086 2198 3178 2250 καὶ
3209 2195 3499 2266 χερουδίμ·
3528 2194 3620 2247 xui
3652 2193 3761 2246 ἀπὸ

498 2300 653 2353 super
678 2284 967 2339 cherubim.
1002 2283 1209 2340 Deinde
1243 2305 1254 2341 :
1282 2285 1599 2339 Benedictus
1635 2301 1713 2345 es,
1736 2285 1988 2354 quisedes
2023 2286 2077 2337 in

2187 2286 2270 2338 τοῦ
2299 2288 2560 2357 ὀνόματος
2594 2287 2703 2339 τῶν
2732 2287 3028 2355 χερουὸὶμ,
3060 2287 3153 2338 xui
3181 2285 3453 2349 ἀϐύσσων,
3498 2285 3593 2336 xui
3637 2284 3760 2354 θρό-

498 2379 687 2430 throno
729 2377 915 2446 gloriae
950 2377 1094 2445 regni
1136 2377 1243 2439 tui;
1270 2385 1323 2429 et
1359 2395 1371 2429 :
1411 2375 1722 2428 Benedictus
1754 2392 1831 2438 es,
1876 2377 1965 2444 qui
1999 2378 2082 2429 in-

500 2469 663 2520 tueris
724 2467 967 2537 abyssos,
1026 2466 1174 2521 sedes
1230 2452 1720 2535 super-cherubim
1778 2481 1796 2519 :
1842 2478 1901 2521 ut
1954 2482 2080 2522 eum

501 2558 750 2611 thronum
782 2558 942 2622 dixit,
987 2558 1265 2628 seraphin:
1305 2558 1642 2627 intelligeres
1670 2566 1723 2613 et
1750 2558 2078 2613 cherubim:

501 2663 565 2702 ac
614 2657 722 2702 tam
757 2665 821 2704 ex
854 2649 1275 2704 cherubinorum
1306 2687 1319 2711 ,
1361 2664 1523 2718 quam
1554 2664 1618 2701 ex
1648 2648 1990 2719 abyssorum,
2025 2655 2082 2701 et

503 2743 814 2797 consecrati
858 2742 1062 2805 throni,
1105 2757 1167 2796 ac
1206 2750 1529 2796 cancrorum
1562 2742 1807 2794 omnium
1839 2739 2079 2795 nomini-

504 2832 627 2897 bus,
659 2841 713 2887 et
743 2848 809 2886 ex
838 2847 1029 2887 eorum
1069 2846 1191 2901 qua:
1237 2832 1628 2893 nominantur,
1677 2831 1923 2885 omnium
1976 2846 2081 2883 nu-

503 2941 651 2980 mero
700 2940 1025 2996 cognoscas.
1058 2927 1202 2979 inter
1236 2940 1401 2994 opera
1442 2924 1779 2979 reccnsenda
1814 2924 1905 2977 illa
1934 2938 2074 2988 οδω

2180 2394 2273 2429 νου
2299 2377 2657 2448 ἡγιασμένον,
2687 2377 2782 2429 xui
2818 2374 3022 2428 λοιπῶν
3052 2375 3269 2429 πάντων
3297 2375 3600 2445 ὀνομάτων,
3636 2376 3762 2444 νοήο

2182 2484 2281 2540 σῃς
2306 2467 2413 2520 ἀπὸ
2439 2466 2533 2519 τοῦ
2572 2464 2805 2535 ἀριθμοῦ
2835 2464 3053 2518 πάντων
3078 2464 3187 2517 τῶν
3219 2464 3641 2534 ὠνομασμένων,
3681 2464 3762 2517 ὅτι

2181 2559 2244 2609 ὲκ
2274 2556 2382 2609 τῶν
2415 2556 2593 2627 ἔργων
2625 2555 2732 2609 εἰσὶ
2758 2558 2869 2617 τοίς
2896 2555 3079 2617 ἄλλοις
3107 2554 3606 2626 πναριομούμενα.
3641 2556 3759 2608 Κα-

2182 2647 2439 2710 λέσαντες
2488 2646 2595 2717 γὰρ
2644 2648 2721 2709 εἰς
2767 2645 2935 2715 ὕμνον
2970 2644 3142 2698 ταῦτα
3188 2645 3370 2699 πάντα
3434 2645 3594 2708 εὐθὺς
3643 2646 3762 2698 ἑπι-

2184 2739 2409 2811 φέρουσι
2434 2738 2687 2807 λέγοντες
2708 2752 2723 2767 ο
2772 2736 3124 2806 Εὐλογεῖτε,
3159 2736 3355 2790 πάντα
3380 2737 3453 2789 τὰ
3477 2737 3619 2805 ἔργα
3651 2741 3762 2791 Κυ-

2177 2832 2336 2900 ρίου,
2355 2830 2462 2883 τὸν
2481 2830 2703 2896 Κύριον
2724 2846 2737 2859 ο
2759 2829 2845 2881 ἵνα
2865 2828 3107 2899 Γαϐριὴλ
3132 2829 3228 2881 xui
3254 2828 3473 2899 Μιχαὴλ
3496 2828 3763 2899 εὐλογήσῃ

2187 2922 2409 2993 Πατέρα
2432 2921 2527 2975 xui
2552 2920 2679 2973 Υἱὸν
2713 2920 2808 2973 xui.
2842 2920 2996 2987 ἅγιον
3028 2918 3271 2989 Πνεῦμα.

501 3024 553 3068 et
614 3016 889 3068 numerari
942 3030 1068 3067 cum
1139 3013 1263 3066 aliis
1317 3021 1592 3083 oportere.
1651 3011 1788 3067 Nam
1836 3027 1961 3066 cum
2015 3011 2082 3066 ad
2122 3010 2292 3066 Deum
2318 3008 2724 3083 praedicandum
2743 3010 2933 3064 omnia
2977 3009 3071 3063 illa
3098 3020 3512 3079 provocassem,
3578 3010 3763 3065 statim

502 3104 605 3159 ista
641 3106 942 3176 subjiciunt
968 3122 982 3162 :
1008 3108 1330 3176 Benedicite,
1394 3113 1574 3165 omnia
1618 3127 1779 3179 opera
1842 3108 2079 3175 Domini,
2111 3108 2382 3173 Domino;
2434 3107 2697 3161 nimirum
2745 3112 2808 3160 ut
2838 3105 3060 3161 Gabriel
3098 3114 3152 3161 et
3193 3104 3424 3161 Michael
3460 3103 3674 3161 Patrem
3713 3116 3761 3160 et

504 3198 699 3253 Filium
735 3203 1050 3258 collaudent
1084 3220 1148 3259 ac
1180 3204 1447 3277 Spiritum
1485 3216 1765 3262 sanctum.

574 3290 763 3349 XXVI.
803 3293 971 3349 Porro
1015 3299 1353 3354 venerabiles
1407 3301 1585 3369 angeli
1644 3297 1977 3367 triumphale
2027 3298 2080 3351 in

2256 3292 2399 3358 KG".
2435 3290 2633 3361 Σεμνοὶ
2680 3290 2737 3343 δὲ
2786 3290 3007 3359 ἄγγελοι
3056 3291 3115 3345 ὲν
3144 3290 3356 3362 οὐρανῷ
3386 3292 3477 3344 τὸν
3506 3292 3766 3346 ἐπινίκιον

506 3383 644 3438 cado
668 3398 884 3439 carmen
901 3388 1220 3455 concinunt,
1250 3405 1357 3444 una
1394 3406 1518 3445 cum
1556 3391 1863 3461 seraphinis
1881 3398 1935 3444 et
1954 3391 2088 3445 che-

508 3473 718 3527 rubinis
753 3474 855 3543 31
891 3478 1189 3532 trinitatem
1213 3479 1400 3533 eadem
1434 3480 1624 3549 gloria,
1649 3481 1837 3535 eodem
1873 3481 2087 3547 ordine,

506 3563 804 3633 eademque
836 3566 1141 3622 substantia
1172 3570 1531 3639 praedicantes
1596 3587 1659 3624 ac
1692 3571 2087 3636 vociferantes,

511 3654 766 3721 Sanctus,
800 3668 1047 3725 sanctus,
1090 3672 1307 3715 sanctus
1345 3664 1388 3716 ⁸.
1422 3664 1499 3717 Ac
1530 3670 1641 3718 tres
1678 3663 1898 3732 quidem
1928 3681 2091 3720 voces

510 3744 814 3816 proferunt,
851 3748 944 3802 sed
994 3765 1088 3805 eas
1154 3752 1526 3820 singulariter.
1569 3767 1676 3806 non
1719 3754 2094 3823 multipliciter

509 3838 840 3906 exprimunt.
890 3838 1075 3910 Neque
1119 3850 1337 3910 quarto,
1369 3840 1597 3896 Sanctus
1629 3842 1989 3907 addiderunt,
2025 3859 2093 3898 ne

513 3930 579 3981 ad
621 3928 905 3987 Trinitatis
957 3933 1377 4002 appellationem
1426 3934 1633 4003 aliquid
1681 3935 2088 4005 adiungerent:

512 4036 689 4089 neque
721 4022 803 4076 bis
837 4030 1069 4089 tantum,
1100 4024 1327 4079 Sanctus
1354 4027 1562 4091 dicunt,
1596 4042 1665 4081 ne
1697 4028 1952 4097 perfecta!
1980 4029 2095 4098 glo-

515 4111 611 4167 rire
656 4112 932 4182 quidpiam
980 4116 1217 4171 deesset.
1252 4116 1359 4172 Sed
1405 4133 1525 4171 eam
1574 4133 1761 4173 vocem
1804 4128 1886 4173 ter
1928 4135 2095 4173 usur-

516 4211 672 4271 pant,
707 4212 767 4255 ut
804 4202 1040 4269 Patrem,
1091 4204 1285 4258 Filium
1322 4214 1375 4259 et
1413 4206 1677 4274 Spiritum
1713 4218 1963 4261 sanctum
1999 4224 2093 4262 eo-

518 4293 640 4346 dem
689 4293 896 4347 honore
937 4302 1348 4348 consecrarent.
1379 4294 1497 4349 Non
1534 4295 1748 4360 dicunt,
1781 4295 2008 4353 Sanctus
2042 4307 2097 4353 et

520 4379 889 4445 semisanctus,
918 4396 1105 4435 verum
1138 4383 1419 4450 aequaliter
1447 4384 1648 4452 ubique
1668 4424 1683 4448 ,
1716 4384 1946 4441 Sanctus
1975 4404 2099 4458 pro-

528 4469 733 4531 ferunt,
775 4476 835 4522 ut
869 4485 975 4523 una
1010 4485 1169 4536 voce,
1210 4488 1429 4541 unoque
1468 4489 1740 4539 sermone,
1791 4486 1954 4548 atque
1989 4496 2095 4534 una

523 4557 857 4628 perfectione
884 4568 938 4613 et
971 4558 1289 4616 Trinitatem
1317 4563 1371 4617 in
1403 4564 1608 4620 unitate
1660 4574 1714 4621 et
1747 4569 2006 4623 unitatem
2039 4570 2093 4623 in

2193 3383 2358 3454 ὕμνον
2384 3384 2590 3455 ᾅδουσι,
2621 3384 2717 3436 σὺν
2757 3382 2999 3453 σεραφὶμ
3023 3383 3117 3436 xui.
3147 3382 3411 3453 χερουϐὶμ
3434 3382 3531 3454 τὴν
3562 3384 3767 3454 Τριάδα

2190 3473 2459 3545 ὁμοδόξως
2473 3474 2908 3545 καὶόμοστοίχως
2926 3476 3020 3529 xui
3040 3474 3337 3544 ὁμοουσίως
3346 3472 3659 3537 δοξάζοντες
3676 3477 3767 3529 xui

2190 3566 2439 3634 λέγοντες
2483 3566 2545 3619 τὸ
2564 3605 2579 3629 ,
2627 3566 2821 3634 Ἄγιος
2844 3604 2859 3627 ,
2886 3565 3079 3634 ’Ἄγιος
3097 3605 3112 3628 ,
3142 3565 3336 3633 Ἄγιος
3354 3603 3369 3627 ,
3407 3566 3555 3633 τρεῖς
3586 3565 3767 3631 φωνὰς

2191 3655 2601 3719 ἀποτελοῦντες,
2634 3656 2692 3708 ἐν
2725 3654 2938 3724 ὲνότητι
2984 3655 3042 3707 δὲ
3087 3654 3353 3722 λέγοντες,
3387 3653 3482 3705 καὶ
3517 3653 3579 3704 οὑ
3613 3652 3773 3706 πολυ-

2191 3745 2443 3815 ωνύμως.
2486 3747 2560 3798 Οὐ
2590 3745 2698 3816 γὰρ
2731 3746 2981 3813 λέγουσιν
3022 3746 3213 3813 Ἄγιος
3242 3745 3527 3812 τέταρτον,
3570 3744 3658 3796 ἴνα
3693 3747 3770 3815 μὴ

2193 3836 2470 3908 προσθῶσι
2503 3838 2567 3907 τῇ
2602 3836 2702 3905 τῆς
2751 3834 2979 3906 Τριάδος
3017 3832 3316 3902 ὀνομασία·
3343 3832 3405 3884 οὐ
3435 3830 3650 3900 λέγουσι
3687 3832 3769 3896 δὶς

2191 3928 2253 3980 τὸ
2278 3928 2491 3995 Ἄγιος,
2536 3927 2620 3979 ἵνα
2658 3926 2732 3997 μὴ
2759 3925 2982 3994 ἐλλιπὴς
3026 3924 3110 3994 εἴη
3145 3925 3178 3993 ἡ
3218 3921 3344 3985 δόξα
3369 3922 3468 3992 τῆς
3508 3922 3766 3993 τελειότηο

2192 4036 2315 4083 τος·
2366 4020 2503 4072 ἀλλὰ
2546 4019 2694 4089 τρὶς,
2744 4020 2832 4071 ἵνα
2884 4016 3105 4086 Πατέρα
3156 4016 3252 4069 καὶ
3303 4014 3432 4067 Υἱδν
3475 4015 3569 4067 xui.
3618 4015 3772 4082 ἆγιον

2195 4111 2420 4183 Πνεῦμα
2449 4114 2507 4164 ὲν
2532 4114 2598 4181 τῇ
2623 4112 2759 4181 αὐτῇ
2790 4113 2923 4181 τιμῇ
2954 4111 3245 4177 ἁγιάσωσι.
3279 4110 3389 4163 Καὶ
3415 4110 3475 4162 οὐ
3501 4108 3768 4176 λέγουσιν’

2202 4200 2394 4271 Ἄγιος
2446 4201 2540 4255 καὶ
2581 4200 2885 4271 ἡμιάγιος,
2933 4202 3047 4254 ἀλλ’
3076 4201 3206 4263 ἴσως
3234 4201 3451 4267 λέγουσι
3478 4201 3558 4261 τὸ,
3578 4201 3773 4267 Ἄγιος

2198 4294 2295 4361 μιᾷ
2319 4294 2491 4360 φωνῇ,
2521 4290 2616 4341 xui
2644 4290 2723 4340 ἑνὶ
2759 4289 2926 4357 λόγῳ,
2963 4290 3055 4341 xui
3086 4290 3184 4359 μιᾷ
3214 4289 3535 4360 τελειότητι,
3555 4289 3765 4359 Τριάδα

2193 4384 2506 4449 δοξάζοντες
2539 4380 2672 4450 ὁμοῦ
2703 4382 2759 4432 ἐν
2789 4379 3002 4448 ἑνότητι
3022 4420 3037 4444 ,
3084 4380 3177 4432 xui
3214 4381 3441 4449 ἑνότητα
3472 4383 3530 4433 ἐν
3556 4380 3770 4450 Τριάδι.

2195 4474 2407 4544 Ταύτην
2435 4472 2542 4541 γὰρ
2574 4472 2675 4542 τὴν
2707 4469 2908 4538 γνῶσιν
2937 4465 3099 4540 ἦλθεν
3136 4472 3165 4522 ὁ
3187 4468 3493 4537 Μονογενὴς
3516 4470 3609 4521 τοῦ
3633 4470 3772 4522 Θεοῦ

2196 4569 2345 4637 ἡμᾶς
2379 4564 2617 4630 διδάξαι’
2654 4564 2858 4633 ταύτην
2888 4564 2985 4633 τὴν
3028 4562 3243 4614 σύνεσιν
3273 4564 3405 4631 ἡμῖν
3452 4560 3684 4630 ἐκήρυξε
3710 4562 3776 4614 τὸ

523 4650 789 4707 Trinitate
829 4655 1122 4709 celebrent.
1159 4654 1437 4724 Ejusmodi
1483 4658 1684 4729 quippe
1721 4661 2005 4715 scientiam
2037 4670 2086 4715 ul

2200 4662 2351 4727 ἆγιον
2398 4656 2656 4726 Πνεῦμαο
2706 4656 2908 4724 ταύτην
2937 4655 3035 4725 τὴν
3062 4654 3378 4722 τελειότητα
3422 4651 3777 4719 ἀπεκάλυψεν

523 4758 626 4797 nos
658 4742 872 4799 doceret
898 4745 1093 4799 unicus
1126 4744 1217 4799 Dei
1248 4745 1418 4802 Filius
1439 4750 1694 4812 accessit.
1740 4748 1892 4804 llanc
1921 4752 2094 4819 ipsam

522 4834 685 4889 nobis
748 4836 1071 4905 sapientiam
1142 4847 1365 4894 sanctus
1447 4840 1689 4909 Spiritus
1759 4843 2095 4910 praedicavit.

527 4928 678 4983 lianc
745 4928 1129 4998 perfectionem
1183 4933 1437 5001 patefecit
1480 4932 1659 4988 Pater.
1713 4933 1865 4988 llanc
1920 4935 2095 5003 ipsam

523 5018 689 5071 vitam
722 5018 1064 5073 incarnatum
1090 5018 1328 5075 Verbum
1356 5035 1542 5074 revera
1575 5023 1825 5092 largitum
1853 5032 1967 5087 est;
1994 5025 2096 5078 hoc

527 5108 815 5161 aedilicium
855 5108 1091 5178 Spiritus
1123 5120 1349 5167 sanctus
1375 5112 1533 5166 nobis
1557 5114 1862 5169 exstruxit:
1894 5112 2094 5181 Siquis

526 5200 665 5253 enim
706 5218 861 5270 super
894 5204 990 5257 hoc
1034 5203 1438 5275 fundamentum
1487 5205 1843 5257 construxerit
1880 5222 2092 5271 aurum,

530 5302 823 5362 argentum,
855 5295 1055 5364 lapides
1077 5296 1352 5362 pretiosos,
1389 5296 1552 5364 ligna,
1585 5296 1781 5363 fenum,
1822 5297 2095 5363 stipulam,

532 5385 609 5435 ait
648 5387 944 5453 Apostolus
967 5389 1009 5442 ³.
1036 5382 1463 5438 Fundamentum
1502 5387 1645 5440 enim
1685 5382 1893 5437 nullum
1943 5379 2091 5435 aliud

527 5483 631 5529 est.
671 5475 950 5547 Siquidem
980 5475 1374 5544 fundamentum
1404 5476 1550 5528 aliud
1587 5492 1735 5530 nemo
1764 5493 1951 5545 ponere
1981 5487 2097 5545 pot-

610 5635 628 5667 ⁶
669 5635 801 5692 Dan.
830 5652 916 5705 tu,
951 5635 1020 5690 52
1049 5654 1169 5707 sqq.
1233 5640 1252 5671 ’
1306 5636 1407 5693 lsa.
1445 5653 1518 5703 vi,
1559 5638 1610 5691 3.
1692 5635 1710 5667 ³
1749 5635 1920 5690 lCor.
1965 5638 2046 5702 in,
2092 5636 2176 5689 12.

2197 4753 2328 4822 ἡμῖν
2358 4752 2386 4803 ὁ
2415 4749 2632 4818 Πατήρ·
2676 4748 2734 4799 ὲν
2764 4745 2994 4816 ἀληθείᾳ
3035 4742 3240 4812 ταύτην
3281 4744 3381 4813 τὴν
3416 4744 3561 4811 ζωὴν
3596 4740 3776 4813 ἐχαρί-

2199 4859 2330 4896 σατο
2370 4844 2500 4912 ἡμῖν
2536 4839 2841 4910 σαρκωθεὶς
2880 4841 2909 4892 ὁ
2954 4838 3163 4905 Λόγος·
3200 4835 3406 4905 ταύτην
3438 4834 3536 4904 τὴν
3571 4833 3775 4887 οἰκοδο-

2200 4933 2306 5003 μὴν
2333 4931 2679 5002 ᾠκοδόμησεν
2709 4932 2841 5001 ἡμῖν
2874 4930 2936 4982 τὸ
2980 4928 3135 4996 ἆγιον
3160 4926 3408 4996 Πνεῦμα.
3442 4925 3514 4978 ΕΖ
3550 4942 3638 4987 τις
3666 4923 3775 4992 γὰρ

2195 5020 2574 5091 ἐποικοδομεῖ
2609 5020 2707 5073 ἐπὶ
2758 5020 2865 5073 τὸν
2917 5018 3192 5089 θεμέλιον
3233 5017 3448 5071 τοῦτον
3495 5015 3773 5082 χρυσίον,

2200 5112 2483 5182 ἄργυρον,
2512 5112 2723 5177 λίθους
2745 5112 2998 5180 τιμίους,
3022 5110 3197 5175 ξύλα,
3224 5109 3460 5177 χόρτον,
3476 5103 3774 5172 καλάμην.

2203 5204 2276 5255 Οὐ
2311 5203 2419 5274 γάρ
2455 5205 2601 5256 ἐστιν
2629 5203 2787 5265 ἄλλος
2822 5203 3093 5274 θεμέλιος.
3129 5198 3413 5267 Θεμέλιον
3440 5194 3547 5261 γὰρ
3584 5194 3779 5246 ἄλλον

2203 5295 2400 5360 οὐδεὶς
2420 5295 2667 5347 δύναται
2689 5296 2875 5349 θεῖναι
2896 5295 3057 5361 παρὰ
3080 5292 3184 5344 τὸν
3208 5290 3503 5357 κείμενον,
3524 5286 3591 5351 ὅς
3609 5287 3781 5338 ἐστιν

2216 5385 2443 5453 Ἰησοῦς
2470 5385 2743 5453 Χριστὸς,
2788 5390 2819 5439 ό
2858 5385 2989 5449 Υἱὸς
3022 5383 3127 5435 τοῦ
3168 5379 3345 5442 Θεοῦ,
3377 5375 3447 5433 οὗ
3479 5379 3666 5445 ἐσμεν
3698 5378 3781 5429 oi-

2208 5476 2433 5545 κοδυμὴ
2456 5517 2470 5543 ,
2502 5478 2595 5530 καὶ
2634 5473 2706 5533 οὗ
2752 5478 2940 5545 ἐσμεν
2964 5472 3265 5542 γεώργιον,
3297 5467 3779 5539 οἱκοδομηθέντες
