3992 6198
254 206 329 261 65
1641 173 2086 234 anconarus.
3458 178 3534 233 es

249 296 354 350 ent
383 296 496 351 τὸν
542 290 824 364 θεμέλιον
851 293 1176 362 προφητῶν
1214 310 1278 346 τε
1305 294 1403 347 καὶ
1454 294 1818 348 ἀποστόλων
1837 311 1852 326 ο

1965 305 2033 351 est
2061 306 2254 366 prwter
2280 298 2335 351 id
2355 296 2494 368 quod
2515 297 2747 366 positum
2779 305 2857 354 est
2875 338 2890 364 ,
2916 295 3058 368 quod
3090 306 3166 352 est
3204 293 3362 352 Iesus
3382 295 3540 353 Clari-

251 389 354 441 τοῦ
387 385 594 440 εἰδέναι
635 385 736 456 τὴν
778 385 931 455 ήμῶν
964 384 1254 456 οἰκοδομὴν
1283 424 1298 450 ,
1338 385 1567 454 στερεὰν
1596 381 1762 439 οὖσαν
1795 387 1852 440 ἐν

254 476 502 547 ἀληθείᾳ
526 515 542 540 ,
579 477 674 528 καὶ
711 475 802 528 τὸν
833 475 994 545 ἡμῶν
1023 475 1275 545 θεμέλιον
1309 476 1396 529 ἀεὶ
1437 477 1590 541 ὄντα,
1643 478 1854 550 καὶμὴ

258 566 577 636 ἀρξάμενον
625 564 715 617 τοῦ
763 559 925 618 εἶναι.
969 564 1113 617 Ἀλλ’
1142 566 1243 618 οὐκ
1275 567 1334 619 ὲν
1366 567 1530 619 πᾶσιν
1577 569 1610 638 ἡ
1654 567 1854 635 γνῶσις

265 657 416 711 κατὰ
450 657 540 711 τὸν
569 655 924 709 ἀποστολικὸν
949 656 1129 723 λόγον,
1173 656 1287 708 ἀλλ’
1334 659 1392 709 ὲν
1433 660 1548 720 τοῖς
1590 657 1856 723 καταξιω-

270 749 411 801 θεῐσι
439 747 708 815 Πνεύματι
744 746 890 816 ἁγίῳ
935 745 1007 798 τὰ
1051 746 1154 815 τῆς
1195 745 1456 815 ἀληθείας
1501 746 1701 800 ειδέναι
1757 764 1857 817 μυ-

275 841 481 908 στήρια.
519 838 713 898 Αὐτοῖς
737 838 755 868 ¹
811 837 922 908 γὰρ
955 837 984 888 ὁ
1021 836 1381 905 ἀποκαλύψας
1410 837 1603 891 ἑαυτὸν
1637 839 1733 891 καὶ
1766 837 1856 892 τὸν

265 924 453 978 ἑαυτοῦ
485 925 705 994 Πατέρα
735 926 829 977 καὶ
861 925 923 977 τὸ
955 926 1109 993 ἅγιον
1133 925 1380 997 Πνεῦμα,
1408 928 1858 999 ἐπιμεμφόμενός

259 1036 411 1082 τινας
457 1016 565 1071 τῶν
621 1019 680 1069 ὲν
733 1017 980 1085 ἀγνωσία
1024 1016 1252 1084 ἐλεγενο
1306 1019 1428 1071 Οὐκ
1499 1019 1702 1073 οἴδατε
1749 1022 1857 1087 τὰς

261 1111 532 1178 Γραφὰς,
571 1109 692 1162 οὐδὲ
732 1109 833 1180 τὴν
861 1108 1091 1178 δύναμιν
1118 1107 1298 1161 αὐτῶν
1319 1125 1332 1139 ·
1373 1109 1468 1163 καὶ
1501 1110 1663 1163 πάλιν
1695 1111 1860 1164 ἀλλα-

260 1203 382 1273 χόθι
401 1220 415 1232 ·
458 1203 511 1254 '0
539 1204 702 1270 ἔχων
741 1197 862 1254 ὦτα
894 1201 1158 1265 ἀκούειν,
1187 1201 1452 1254 ἀκουέτω
1475 1217 1490 1232 ο
1526 1202 1622 1254 καὶ
1661 1202 1854 1256 πάλιν·

266 1295 338 1346 El
373 1293 542 1360 ᾕδεις
585 1293 681 1356 τίς
712 1292 887 1342 ἐστιν
915 1292 948 1343 d
978 1288 1168 1357 ζητῶν
1199 1290 1360 1358 παρὰ
1397 1290 1513 1343 σοῦ
1553 1292 1742 1356 πιεῖν,
1776 1291 1857 1346 σὺ

265 1382 344 1436 ἂν
374 1383 631 1451 ᾔτησας,
663 1384 726 1452 τῇ
762 1379 1118 1449 Σαμαρείτιδι
1153 1379 1334 1448 ἔλεγεο
1366 1381 1461 1433 καὶ
1493 1381 1656 1434 πάλιν
1677 1398 1689 1410 ·
1733 1384 1855 1435 Οὐκ

263 1470 470 1524 amare
507 1471 638 1523 οἵου
670 1468 1012 1538 πνεύματός
1051 1469 1212 1522 ἐστε.
1257 1469 1399 1542 Ἀρα
1440 1464 1534 1522 οὖν
1579 1471 1611 1540 ἡ
1659 1470 1860 1538 γνῶσις

152 1578 159 1584 ·
263 1560 363 1613 οὐκ
396 1563 456 1614 ἐν
485 1562 654 1614 πᾶσιο
696 1561 1017 1630 χαρίσματα
1048 1559 1156 1630 γὰρ
1181 1558 1294 1629 ἔχει
1337 1561 1402 1611 ὲκ
1434 1558 1569 1612 Θεοῦ
1602 1559 1856 1632 διάφορα,

270 1651 364 1704 καί
389 1668 560 1720 φησιν
592 1653 622 1704 ό
652 1650 808 1717 ἅγιος
837 1650 995 1715 λόγος
1013 1667 1028 1680 ’
1055 1643 1130 1718 τῼ
1157 1648 1382 1702 δίδοται
1405 1651 1854 1718 περισσότερον,
1891 1641 1930 1693 Β

273 1743 714 1809 περισσότερον
745 1741 1197 1809 ἁπαιτήσουσιν
1224 1741 1412 1794 αὐτόν
1429 1757 1442 1772 ο
1467 1741 1544 1804 ὡς
1566 1740 1728 1794 τινῶν
1759 1743 1857 1812 μὲν

269 1832 656 1901 λαμϐανόντων
696 1831 892 1901 βραχὺ,
931 1830 1092 1884 τινῶν
1129 1830 1186 1884 δὲ
1229 1831 1338 1884 οὐδ’
1376 1831 1533 1897 ὅλως,
1579 1832 1754 1886 ἄλλων
1799 1833 1856 1886 δὲ

271 1921 674 1994 περισσοτέρως
698 1921 1017 1991 εἰληφότων.

1958 397 2072 442 stus
2101 386 2275 442 Filius
2300 388 2397 442 Dei
2424 392 2444 420 ²
2481 410 2494 443 :
2529 389 2679 456 cujus
2701 390 2987 456 arui/icatio
3019 405 3199 442 sumus
3224 397 3274 442 et
3308 399 3540 457 agricut-

1960 488 2081 532 tura
2101 519 2117 544 ,
2148 479 2403 548 a’diﬁcati
2433 497 2596 550 supra
2643 480 3046 549 fundamentum
3091 479 3463 547 prophetarum
3490 487 3541 532 et

1959 569 2329 637 apostolorum
2363 570 2384 600 ³
2418 589 2431 623 :
2478 579 2534 622 ut
2569 579 2900 625 structuram
2936 578 3181 623 nostram
3215 570 3269 621 in
3315 570 3542 623 veritate

1960 659 2201 726 firmam,
2235 674 2299 714 ac
2350 659 2766 715 fundamentum
2813 666 3058 712 nostrum
3098 666 3358 712 aeternum
3394 675 3539 722 esse,

1959 764 2060 802 nec
2092 749 2261 802 ullum
2307 749 2520 804 initium
2560 750 2816 802 habuisse
2865 749 3152 803 sciremus.
3195 747 3389 802 Verum
3427 765 3537 802 non

1957 839 2100 893 inest
2134 841 2389 896 omnibus
2419 841 2673 903 scientia,
2710 847 2769 894 ut
2815 847 3048 894 testatur
3089 838 3409 908 Apostolus,
3440 841 3536 895 sed

1960 929 2030 983 iis
2059 931 2345 997 duntaxat,
2382 930 2476 1000 qui
2509 932 2752 984 veritatis
2799 931 3054 1000 mysteria
3094 930 3267 983 sancti
3300 929 3542 999 Spiritus

1961 1021 2231 1076 beneficio
2279 1023 2564 1092 percipere
2607 1029 2946 1076 meruerunt.
2987 1021 3197 1074 Etenim
3246 1023 3336 1075 ille
3383 1022 3539 1090 ipse,

1958 1113 2052 1181 qui
2086 1127 2145 1166 se
2185 1127 2249 1166 ac
2298 1111 2512 1166 Patrem
2549 1120 2602 1166 et
2650 1111 2914 1181 Spiritum
2962 1120 3209 1165 sanctum
3251 1111 3539 1180 patefecit,

1959 1203 2258 1256 nonnullos
2297 1203 2390 1273 qui
2426 1204 2728 1272 ignorantia
2761 1203 3124 1267 laborabant,
3157 1203 3493 1271 redarguens
3525 1220 3538 1255 :

1964 1290 2216 1350 Nescitis.
2256 1292 2455 1360 inquit,
2493 1289 2802 1359 Scripturas
2834 1298 2875 1357 ⁸,
2921 1306 3099 1360 neque
3130 1292 3235 1344 vim
3271 1293 3536 1362 ipsarum.

1960 1381 2098 1434 Tum
2134 1383 2242 1435 alio
2269 1383 2425 1436 loco:
2458 1382 2562 1446 Qui
2593 1381 2745 1434 habet
2782 1398 2936 1434 aures
2967 1380 3237 1446 audiendi,
3275 1381 3460 1434 audiat
3494 1381 3540 1435 ⁸.

1963 1473 2094 1526 ltetn
2127 1473 2526 1528 Samaritanam
2552 1475 2872 1542 alloquens:
2899 1472 2960 1526 Si
2988 1474 3174 1534 scires,
3207 1473 3402 1542 inquit,
3425 1473 3542 1541 quis

1961 1564 2048 1630 sit,
2085 1565 2174 1634 qui
2200 1581 2232 1617 a
2263 1575 2309 1618 te
2340 1576 2518 1634 potum
2541 1566 2753 1635 ﬂagitat
2774 1606 2788 1628 ,
2826 1574 2881 1617 tu
2914 1565 2978 1616 ab
3013 1565 3107 1618 illo
3131 1566 3366 1631 petiisses
3398 1565 3438 1617 ⁵.
3467 1563 3546 1616 Ac

1961 1668 2178 1707 rursum
2214 1673 2227 1708 :
2288 1653 2522 1709 Nescitis
2572 1657 2722 1724 cujus
2768 1657 2885 1709 sitis
2912 1656 3127 1722 spiritus
3152 1657 3192 1708 ".
3228 1657 3399 1725 Igitur
3437 1670 3545 1708 non

1963 1757 2154 1800 omnes
2195 1745 2422 1800 scientia
2449 1746 2662 1816 praediti
2696 1755 2843 1801 sunt.
2874 1745 3009 1800 Nam
3036 1745 3254 1801 diversa
3283 1745 3549 1799 divinitus

1963 1835 2107 1889 dona
2141 1839 2644 1900 communicantur,
2676 1846 2859 1906 atque,
2886 1847 2945 1890 ut
2968 1835 3251 1906 Scriptura
3275 1844 3544 1891 testatur:

1963 1925 2063 1981 Cui
2103 1929 2333 1996 amplius
2379 1929 2566 1982 datum
2599 1940 2698 1992 est,
2739 1932 2967 1999 amplius
3007 1930 3072 1983 ab
3117 1947 3176 1984 eo
3215 1938 3443 1998 repetent
3477 1929 3500 1958 ³
3532 1947 3545 1981 :

279 2011 440 2080 quasi
516 2012 763 2066 nonnulli
814 2012 1071 2082 exiguum
1128 2012 1385 2082 quiddam
1438 2013 1733 2084 accipiant,
1791 2016 1884 2070 alii
1952 2020 2171 2088 penitus
2235 2020 2391 2084 nihil,
2436 2021 2527 2073 alii
2581 2022 2809 2077 uberius
2864 2029 2918 2076 et
2966 2021 3340 2076 abundantius
3402 2019 3548 2073 obti-

277 2111 468 2157 neant.

343 2192 472 2246 KZ'.
497 2194 609 2246 Καὶ
639 2194 716 2246 ὅτι
746 2195 843 2265 μὲν
871 2195 1045 2249 ταῦτα
1073 2195 1247 2258 οὕτως
1285 2196 1420 2268 ἔχει,
1448 2195 1506 2263 ἐξ
1537 2197 1649 2266 (26)
1681 2197 1858 2251 αὐτῶν

267 2281 374 2335 τῶν
408 2283 470 2334 ἐν
505 2285 627 2344 ταῖς
662 2282 834 2347 θείαις
864 2285 1110 2355 Γραφαῖς
1137 2287 1443 2356 εἰρημένων
1477 2287 1624 2340 ἐστιν
1655 2288 1856 2359 εὑρεῖν.

2037 2196 2144 2266 32
2186 2195 2396 2250 XXVII.
2437 2195 2592 2264 Quod
2624 2203 2804 2251 autem
2849 2196 2963 2251 haec
3011 2196 3086 2251 ita
3127 2211 3250 2252 sese
3281 2195 3546 2259 habeant,

1959 2281 2033 2343 ex
2067 2289 2154 2343 his
2188 2305 2310 2358 quae
2341 2289 2394 2342 in
2447 2289 2622 2344 sacris
2659 2287 2886 2342 Litteris
2919 2303 3178 2357 expressa
3227 2295 3378 2352 sunt,
3419 2288 3547 2341 licet

264 2373 379 2444 Τῆς
390 2374 504 2445 γὰρ
518 2374 670 2439 θείας
685 2376 909 2447 Γραφῆς
925 2379 1304 2448 πνευματικῶς
1319 2379 1617 2450 λεγομένης
1626 2380 1695 2434 τὰ
1711 2381 1856 2433 πλεῖ-

1968 2381 2247 2450 colligere.
2277 2379 2414 2432 Nam
2443 2378 2726 2449 Scriptura
2761 2393 2918 2434 sacra
2951 2379 3184 2448 spiritali
3213 2393 3376 2432 sensu
3410 2393 3549 2432 con-

264 2481 367 2517 στα
413 2466 650 2534 μάλιστα
696 2468 828 2536 περὶ
859 2468 959 2537 τῆς
992 2468 1270 2539 ἡμετέρας
1295 2470 1463 2540 ζωῆς,
1490 2470 1744 2538 γνώσεώς
1777 2487 1856 2534 τε,

1967 2480 2125 2540 cepta
2156 2470 2419 2540 pleraque
2460 2469 2524 2523 ad
2575 2464 2738 2523 vitam
2789 2469 3130 2538 salutemque
3193 2475 3434 2540 nostram
3486 2483 3551 2522 ac

263 2557 412 2624 φημὶ
432 2597 446 2619 ,
481 2557 577 2609 τοῦ
611 2557 819 2627 Κυρίου
840 2573 853 2586 ·
880 2558 980 2611 ὅσα
1022 2560 1128 2631 γάρ
1157 2561 1275 2613 ἐστι
1310 2559 1606 2632 βαθύτερα,
1640 2563 1735 2616 καὶ
1766 2579 1856 2614 πε-

1972 2561 2183 2615 Domini
2211 2561 2580 2626 cognitionem
2614 2561 2852 2614 maxime
2887 2558 3193 2628 spectantia
3227 2558 3552 2627 complecti-

264 2648 604 2720 ρισσοτέρως
665 2652 767 2720 τὴν
813 2651 1090 2722 ἡμετέραν
1135 2651 1316 2723 ψυχὴν
1375 2652 1856 2722 ἀπασφαλιζόμενα

1969 2659 2080 2706 tur.
2109 2651 2241 2717 Qua:
2273 2652 2419 2706 enim
2470 2651 2664 2704 altiora
2700 2658 2848 2710 sunt,
2885 2665 3115 2719 quaeque
3163 2651 3408 2704 animum
3448 2665 3552 2704 no-

267 2741 516 2812 ρήματα.
540 2739 716 2794 ταῦτα
738 2741 821 2804 είς
849 2741 1190 2811 πρόσκομμα
1219 2744 1334 2804 τοῖς
1356 2742 1457 2813 τὴν
1483 2742 1688 2810 γνῶσιν
1716 2741 1852 2795 Θεοῦ

1965 2751 2138 2796 strum
2175 2743 2393 2796 munire
2445 2756 2509 2795 ac
2564 2740 2813 2795 stabilire
2863 2740 3077 2794 lirmius
3130 2751 3387 2809 possunt,
3435 2740 3554 2795 haec

264 2828 344 2896 μὴ
403 2827 767 2898 κατειληφόσι
820 2828 1204 2899 συμϐέϐηκενο
1256 2828 1332 2892 ὦς
1392 2846 1557 2900 φησιν
1622 2831 1782 2900 Ὠσηὲ
1826 2831 1856 2884 ὁ

1965 2831 2070 2886 illis
2106 2829 2398 2885 offensioni
2430 2844 2555 2885 esse
2585 2829 2764 2884 solent
2790 2828 2883 2896 qui
2921 2827 3014 2882 Dei
3048 2830 3338 2882 scientiam
3370 2830 3553 2899 adepti

263 2917 592 2987 προφήτης⁹
646 2916 744 2979 Τίς
790 2917 1047 2983 συνετὸς
1073 2917 1170 2971 καὶ
1199 2918 1462 2986 συνήσει
1488 2918 1711 2982 ταῦτα;
1756 2919 1856 2972 καὶ

261 3001 315 3074 ᾧ
340 3009 524 3076 λόγος
558 3005 838 3072 γνώσεως
877 3009 1101 3076 Κυρίου
1130 3008 1399 3071 δέδοται,
1431 3009 1531 3063 καὶ
1568 3009 1858 3078 γνώσεται

261 3098 464 3160 αὐτάς
519 3097 605 3151 ὅτι
652 3097 875 3152 εὐθεῖαι
925 3100 986 3150 al
1036 3097 1161 3151 ὁδοὶ
1206 3099 1449 3165 Κυρίου,
1499 3099 1738 3164 ἀσεϐεῖς
1791 3098 1860 3151 δὲ

265 3189 735 3256 προσκόψουσιν
778 3188 850 3240 ἐν
878 3185 1108 3253 αὑταῖς.
1155 3187 1375 3239 Εὐθεῖαι
1421 3188 1520 3258 μὲν
1553 3187 1660 3258 γάρ
1695 3191 1854 3251 εἰσιν,

265 3279 391 3334 ἀλλ’
446 3281 495 3332 oi
553 3278 771 3341 ἀσεϐεῖς
820 3277 1227 3349 προσκόπτουσι
1275 3281 1396 3341 ταῖς
1440 3279 1580 3341 ὁδοῖς
1627 3280 1855 3350 Κυρίου,

265 3368 526 3422 ἀναιτίων
571 3368 780 3422 τούτων
823 3369 1002 3422 οὐσῶν
1047 3368 1358 3440 ἀνθρώποις
1409 3369 1856 3439 προσκόμματος.

266 3460 336 3512 οι
367 3460 474 3529 γὰρ
509 3460 946 3530 προσκόπτοντες
973 3458 1052 3528 τῷ
1095 3458 1230 3529 λίθῳ
1271 3459 1366 3512 τοῦ
1397 3460 1856 3530 προσκόμματος,

269 3549 579 3619 ἀδιαφόρως
611 3550 1036 3620 προσκόπτουσι.
1085 3548 1438 3620 Προσέκοψαν
1469 3549 1578 3620 γὰρ
1619 3549 1698 3620 τῷ
1725 3550 1859 3622 λίθῳ

268 3640 366 3694 τοῦ
394 3642 824 3710 προσκόμματος
845 3682 860 3708 ,
889 3641 984 3693 καὶ
1011 3641 1538 3712 ἐσκανδαλίσθησαν·
1569 3643 1731 3706 εὐθὺς
1759 3644 1858 3714 μὲν

267 3730 381 3800 γὰρ
417 3731 469 3782 ot
519 3731 761 3783 Ἰουδαῖοι
804 3731 1057 3801 όρῶντες
1111 3731 1202 3783 τὸν
1256 3731 1518 3801 μονογενῆ
1569 3732 1699 3785 Υἱὸν
1764 3726 1857 3786 τοῦ

268 3820 410 3872 θεοῦ
442 3822 501 3872 ὲν
531 3821 698 3889 σαρκὶ⁵
736 3819 1053 3890 ἐληλυθότα,
1103 3821 1430 3891 θεοσημείας
1468 3821 1856 3892 ἐργαζόμενον,

274 3910 373 3963 καὶ
414 3911 924 3982 μὴ.κατηξιωμένοι
961 3913 1059 3982 τῆς
1087 3911 1339 3981 γνώσεως
1384 3914 1482 3984 τῆς
1510 3915 1855 3983 ἐπουρανίου,

269 4000 475 4068 ελεγον⁸
505 4002 598 4067 Τίς
615 4001 787 4054 ἐστιν
803 4005 835 4056 ὀ
850 4001 1158 4069 ἅνθρωπος
1172 3998 1370 4069 οὗτος,
1387 4004 1455 4069 ὃς
1475 4003 1856 4066 λαλεῖβλασο

268 4092 534 4158 φημίαω
584 4093 678 4144 καὶ
737 4092 958 4146 ἄλλοτεο
1009 4093 1078 4146 El
1133 4089 1212 4162 ἦν
1251 4097 1282 4147 ό
1327 4094 1637 4162 ἄνθρωπος
1679 4088 1858 4158 οὗτος

1963 2936 2073 2974 non
2114 2920 2358 2982 fuerint,
2397 2929 2458 2972 ut
2499 2917 2640 2972 Osee
2674 2918 2937 2986 propheta
2973 2923 3211 2970 testatur
3241 2935 3254 2972 :
3294 2916 3426 2982 Quis
3457 2936 3549 2970 sa-

1963 3010 2111 3079 piens
2140 3021 2187 3064 et
2226 3010 2480 3080 intelliget
2512 3009 2661 3064 lucc?
2688 3018 2737 3063 et
2766 3010 2849 3062 cui
2871 3025 3042 3062 sermo
3067 3009 3301 3062 scientia:
3336 3007 3554 3062 Domini

1965 3102 2120 3154 datus
2147 3112 2247 3163 est,
2287 3110 2337 3155 et
2369 3110 2642 3170 cognoscet
2671 3101 2774 3154 ista
2795 3102 2821 3155 ?
2852 3101 3103 3170 quoniant
3134 3107 3289 3153 recta:
3311 3109 3432 3154 sunt
3455 3097 3554 3154 via:

1966 3191 2209 3252 Domini.
2245 3203 2294 3246 et
2341 3194 2491 3260 impii
2545 3193 2615 3244 ad
2645 3207 2734 3244 eas
2768 3191 3032 3260 offendent
3058 3192 3101 3243 ’.
3130 3191 3340 3261 Quippe
3390 3199 3554 3247 rectae

1965 3293 2115 3347 sunt,
2149 3284 2242 3340 sed
2271 3284 2337 3337 ad
2369 3283 2484 3339 vias
2509 3283 2629 3338 illas
2663 3281 2876 3336 Domini
2907 3281 3188 3337 offendunt
3215 3281 3390 3352 impii,
3416 3298 3542 3338 cum

1967 3376 2072 3430 illa:
2108 3391 2207 3444 per
2236 3390 2359 3430 sese
2407 3375 2476 3428 ab
2519 3373 2642 3444 ejus
2674 3372 2996 3428 offensionis
3029 3373 3257 3427 crimine
3300 3374 3412 3428 sint
3449 3375 3553 3429 im-

1964 3483 2178 3521 munes.
2210 3465 2345 3520 Nam
2380 3467 2474 3536 qui
2507 3465 2574 3519 ad
2626 3466 2862 3535 lapidem
2909 3465 3064 3519 illum
3095 3463 3415 3521 offensionis
3448 3465 3552 3519 im-

1967 3556 2226 3626 pingunt,
2275 3570 2374 3624 per
2431 3555 2685 3610 inertiam
2733 3569 2797 3608 ac
2853 3555 3204 3624 supinitatem
3245 3554 3547 3609 oﬂ‘endunt.

1966 3644 2319 3700 Offenderunt
2349 3645 2494 3699 enim
2535 3644 2604 3698 ad
2639 3643 2958 3699 oll'ensionis
2994 3644 3225 3713 lapidem
3248 3686 3263 3709 ,
3297 3653 3348 3699 et
3380 3659 3546 3700 sean-

1966 3736 2151 3790 dalum
2185 3738 2333 3805 passi
2373 3743 2532 3802 sunt;
2595 3736 2866 3806 imprimis
2905 3734 3112 3799 Judtei,
3161 3751 3285 3787 cum
3325 3735 3548 3788 unicum

1971 3824 2063 3880 Dei
2104 3824 2299 3878 Filium
2329 3839 2496 3879 carne
2527 3825 2813 3894 prteditum
2847 3826 3131 3878 advenisse
3159 3832 3470 3888 cernerent,
3497 3833 3551 3880 et

1966 3914 2232 3968 miracula
2270 3923 2616 3983 patrantcm,
2677 3915 2888 3968 caelesti
2927 3913 3244 3984 cognitione
3299 3914 3548 3969 destituti

1967 4005 2039 4057 ita
2093 4004 2198 4058 sibi
2243 4011 2433 4058 mutuo
2462 4003 2764 4058 dicebant:
2811 4003 2944 4068 Quis
2978 4014 3054 4057 est
3088 4005 3241 4056 homo
3287 4006 3404 4069 iste,
3458 4006 3550 4073 qui

1967 4092 2202 4163 loquitur
2235 4092 2588 4160 blaspltemias
2624 4093 2708 4146 ’°?
2744 4094 2894 4148 Alias
2943 4107 3072 4146 vero
3116 4110 3130 4146 :
3190 4091 3250 4147 Si
3277 4103 3412 4146 esset
3466 4093 3550 4146 hic

269 4182 341 4232 ex
371 4180 543 4243 Θεοῦ,
575 4183 685 4235 οὐκ
727 4182 803 4235 ἂν
829 4181 976 4236 ἔλυε
1010 4182 1078 4235 τὸ
1112 4182 1438 4238 Σάϐϐατον.
1475 4185 1619 4255 Ἀρα
1644 4179 1736 4237 οὖν
1758 4183 1856 4255 τὴν

1966 4181 2118 4236 homo
2155 4199 2188 4236 α
2233 4181 2359 4248 Deo,
2392 4198 2496 4237 non
2538 4182 2756 4236 solveret
2791 4180 3084 4237 Sabbatum
3109 4182 3174 4234 ιι.
3203 4179 3548 4235 Divinitatem

270 4271 520 4340 Θεὰτλτα
565 4273 820 4339 ⁴ἠγνόουν,
862 4273 1146 4343 ἄνθρωπον
1188 4274 1246 4326 δὲ
1290 4274 1444 4343 ψιλὸν
1494 4275 1652 4344 μόνον
1697 4274 1856 4328 αὑτὸν

1970 4275 2136 4345 igitur
2192 4276 2541 4344 ignorantes,
2601 4275 2812 4328 nudum
2873 4274 3023 4328 illum
3097 4271 3370 4326 hominem
3427 4285 3551 4326 esse

272 4358 546 4428 ἐνόμιζον.
597 4358 657 4412 Ol
697 4360 754 4412 δὲ
801 4361 894 4412 καὶ
935 4361 1070 4412 Θεὸν
1098 4361 1261 4414 αὑτὸν
1299 4363 1619 4430 ἐγνωκότες,
1656 4363 1856 4434 ἀγνοή-

1966 4366 2407 4436 suspicabantur.
2473 4365 2542 4419 At
2598 4366 2688 4421 isti
2731 4365 2898 4418 Deum
2926 4379 3049 4420 esse
3087 4378 3211 4418 cum
3251 4364 3402 4418 illum
3441 4379 3550 4417 non

276 4464 470 4511 σαντες
500 4448 598 4518 τὴν
637 4449 847 4503 τελείαν
889 4451 1052 4504 αὐτοῦ
1086 4451 1273 4516 δόξαν,
1321 4453 1653 4515 ἀκούσαντες
1689 4454 1758 4507 τὰ
1796 4456 1855 4507 ὲν

1965 4457 2232 4516 nesciant,
2257 4457 2552 4526 perfectam
2584 4457 2757 4526 ipsius
2787 4456 3102 4525 ignorantes
3128 4456 3390 4525 gloriam,
3424 4471 3549 4510 cum

276 4536 432 4605 βάθει
465 4538 594 4608 περὶ
627 4537 789 4590 αὑτοῦ
835 4539 1100 4610 εἰρημένα
1145 4541 1399 4611 ῥήματα,
1438 4540 1532 4592 καὶ
1575 4540 1719 4593 κατὰ
1753 4540 1853 4610 τὴν

275 4629 358 4688 εις
412 4627 569 4697 ἡμῶν
619 4629 1140 4698 πραγματευθείσαν
1191 4631 1460 4701 σωτήριον
1523 4631 1857 4700 οἰκονομίαν,

276 4717 634 4788 σφαλλόμενοι
672 4721 750 4782 εἰς
787 4721 886 4789 τὴν
913 4720 1080 4773 αὑτοῦ
1121 4719 1382 4790 Θεότητα,
1435 4721 1818 4787 κακοδοξοῦσιν
1841 4739 1855 4752 ⁸

274 4809 482 4878 ἔσφηλε
509 4811 616 4882 γὰρ
645 4811 844 4874 αὐτοὺς
890 4813 924 4880 ἠ
969 4811 1198 4864 διάνοια.
1237 4812 1326 4874 Ὠς
1357 4812 1465 4882 γὰρ
1507 4815 1556 4864 οἱ
1613 4813 1857 4866 Ἰουδαῖοι

275 4902 590 4972 ἐσφάλησαν
637 4903 992 4968 ἀκούσαντες,
1038 4902 1183 4956 οὕτω
1227 4905 1321 4957 καὶ
1374 4903 1527 4957 αὐτοὶ
1568 4904 1857 4969 ἀκούοντες

280 4994 598 5062 ὲσᾳάλοντο.
659 4994 888 5047 Ἐκεῖνοι
932 4995 1042 5066 γὰρ
1089 4994 1276 5065 ἑώρων
1329 4996 1400 5050 τὰ
1445 4997 1502 5050 ὲν
1549 4998 1858 5069 προφήταις

277 5086 685 5156 προειρημένα.
733 5089 812 5150 εἰς
845 5087 904 5140 δὲ
945 5087 1043 5157 τὴν
1075 5087 1339 5158 ἔνσαρκον
1377 5089 1613 5160 Χριστοῦ
1648 5108 1855 5162 παρου-

1966 4562 2028 4601 ea
2058 4561 2179 4615 quae
2225 4545 2292 4599 de
2336 4545 2430 4598 illo
2460 4546 2728 4600 altissimo
2785 4561 2954 4601 sensu
2996 4545 3143 4600 dicta
3180 4554 3311 4601 sunt
3359 4546 3551 4600 audie-

1967 4636 2097 4703 rint,
2128 4637 2183 4690 in
2224 4635 2370 4690 illius
2418 4635 2706 4691 divinitate
2736 4637 3036 4692 titubantes
3074 4644 3128 4691 et
3164 4645 3447 4698 errantes,
3481 4636 3548 4689 ad

1967 4727 2209 4783 nefarias
2236 4727 2526 4796 opiniones
2564 4726 2859 4781 deﬂectunt
2893 4746 2906 4781 :
2947 4742 3087 4796 quos
3125 4725 3344 4794 quidem
3391 4740 3548 4780 mens

1966 4818 2434 4889 iutelligentiaque
2461 4833 2560 4873 sua
2608 4825 2954 4873 transversos
3003 4817 3057 4870 in
3108 4830 3350 4870 errorem
3397 4815 3547 4868 abri-

1967 4911 2103 4982 puit.
2133 4909 2269 4964 Nam
2301 4917 2362 4963 ut
2380 4908 2550 4964 Judaei
2576 4917 2932 4980 posteaquam
2959 4907 3270 4971 audierunt,
3295 4905 3550 4960 aberrare

1963 5008 2290 5071 coeperunt:
2343 5001 2423 5055 sic
2455 5007 2510 5054 et
2539 5001 2615 5054 illi
2657 4999 2961 5054 secundum
3011 4999 3344 5053 auditionem
3386 4996 3440 5049 in
3470 5011 3548 5050 er-

1965 5109 2144 5148 rorem
2189 5092 2426 5162 prolapsi
2450 5101 2598 5147 sunt.
2626 5090 2798 5146 Judaai
2830 5088 2952 5161 quae
2985 5105 3014 5142 a
3047 5087 3325 5160 prophetis
3355 5085 3547 5157 pradi-

274 5175 402 5229 σίαν
425 5175 784 5247 πληρωθέντα
811 5177 1134 5246 ἀγνοοῦντες
1159 5179 1540 5252 ἐταράχθησαν
1557 5197 1572 5212 °
1590 5182 1686 5234 καὶ
1710 5176 1856 5234 οὗτοι

1965 5192 2055 5237 cla
2087 5183 2306 5236 fuerant
2339 5183 2605 5248 videntes,
2647 5190 2702 5236 et
2740 5183 2796 5236 in
2831 5181 3050 5236 Christo
3089 5180 3155 5234 ad
3187 5178 3394 5233 exitum
3427 5191 3550 5248 per-

346 5329 452 5408 _’F.
484 5333 702 5408 αὑτόςῖῃ
742 5336 765 5366 ¹
804 5333 970 5408 [ρον.
1004 5350 1086 5397 ιιι,
1129 5336 1214 5391 ll.
1290 5339 1310 5372 ³
1350 5337 1546 5408 Ephes.
1591 5353 1652 5399 tt,
1695 5337 1783 5392 20.

1965 5338 2113 5393 lallh.
2158 5355 2292 5403 xm,
2333 5340 2421 5394 29.
2501 5339 2521 5370 '
2560 5337 2753 5408 iMatth.
2798 5353 2882 5408 tu,
2909 5336 3003 5408 _l5.
3081 5335 3101 5366 ⁸
3139 5332 3302 5390 Joan.
3341 5345 3418 5397 Iv,
3459 5328 3547 5386 l0.

276 5403 292 5431 ’
337 5401 474 5456 Luc.
518 5419 593 5467 ιχ,
634 5403 719 5457 55.
810 5407 832 5435 ⁵
873 5404 1006 5459 Luc.
1048 5422 1144 5472 xu,
1185 5409 1272 5467 48.
1385 5401 1407 5442 ⁵
1446 5408 1574 5464 Osc.
1617 5423 1732 5469 xw,
1775 5408 1861 5463 10.

1939 5409 1984 5440 ’⁸
2025 5409 2156 5462 Luc.
2200 5425 2252 5471 v,
2292 5410 2382 5462 2|.
2464 5409 2504 5440 ”
2546 5407 2701 5462 .lnan.
2746 5423 2821 5472 Ix,
2865 5406 2949 5461 16.

348 5518 464 5587 (26)
509 5517 770 5572 Voculam
810 5517 886 5582 ἐξ,
934 5534 1052 5587 que
1080 5520 1144 5580 de
1172 5543 1234 5586 eo
1266 5529 1388 5586 loco
1425 5521 1749 5586 exciderat,
1793 5523 1970 5578 eidem
2010 5519 2376 5578 rcstituimus.
