3992 6198
1981 276 1995 288 .
2035 235 2370 292 ΕΡΙΡΙΙΔΝΙΙ
3717 238 3780 292 72

1937 236 1995 290 S.
2083 237 2104 290 Ι

537 225 749 372 :tlanuel
780 332 798 370 :
831 320 970 388 quod
1001 328 1078 373 est
1113 320 1537 389 interpretatum,
1580 321 1872 378 Nobiscum
1904 237 2104 383 DeusE‘.

2215 235 2370 291 lANtt
3717 238 3780 292 72

2217 342 2347 393 σεις
2373 327 2442 382 τὸ
2486 327 2673 397 ὄνομα
2721 329 2907 384 αὐτοῦ
2970 331 3348 405 Ἐμμανουήλ
3371 351 3384 367 ·
3436 338 3471 392 ὅ
3500 339 3671 396 ἐστιν
3697 343 3789 414 ἐρ-

537 406 778 462 Nccdum
801 411 1049 479 usurpari
1077 420 1322 480 poterat:
1353 412 1492 465 Deus
1514 430 1656 467 meus
1685 425 1733 468 et
1765 415 1903 470 Deus
1928 427 2114 472 vester.

537 494 845 551 Praaterea:
876 498 1174 554 Bethleltem
1203 501 1390 554 domus
1426 501 1686 570 Ephrata,
1721 522 1784 559 ne
1814 507 2116 562 multesima

536 585 748 655 quidem
781 603 835 641 es
871 598 929 640 ut
955 591 1027 643 sis
1059 591 1111 642 in
1141 590 1374 644 millibus
1412 592 1569 647 Iuda:
1597 611 1616 648 :
1645 612 1709 648 ea:
1737 606 1786 651 te
1810 599 1948 652 enim
1988 599 2120 654 mihi

535 677 672 730 exiet
715 678 768 730 in
807 680 1093 747 principem
1132 680 1271 747 apud
1319 679 1619 738 Israelem:
1653 696 1703 738 et
1739 689 1912 742 exitus
1951 691 2115 758 ipsius

536 767 603 818 ab
655 768 806 820 initio
855 786 888 820 a
939 771 1120 823 diebus
1171 773 1554 830 swculorum'.
1607 775 1703 831 Vel
1758 786 1820 832 ut
1877 780 1932 834 in
1993 782 2116 838 aliis

535 858 939 936 e/vemplaribus
974 860 1172 928 legitur
1202 881 1215 916 :
1248 861 1313 914 Et
1345 873 1422 930 tu,
1449 864 1768 935 Betltleltem,
1788 886 2114 941 nequaquam

536 949 756 1000 minima
781 966 832 1002 es
864 951 916 1003 in
939 952 1161 1008 ducibus
1191 954 1372 1019 Iudae,
1404 972 1470 1010 ea:
1499 967 1547 1011 te
1569 960 1704 1012 enim
1740 963 1876 1016 exiet
1905 963 2112 1031 ductor,

532 1043 582 1089 et
624 1049 800 1104 pascet
833 1042 1082 1108 populant
1127 1060 1298 1098 meum
1336 1044 1530 1100 Israel.
1571 1046 1734 1103 Vides
1763 1050 1956 1104 horum
2003 1068 2116 1106 ver-

536 1128 729 1183 borum
777 1133 1018 1186 nondum
1079 1151 1236 1190 usum
1288 1137 1661 1191 necessarium
1714 1138 1920 1208 fuisse,
1979 1141 2114 1196 Deus

535 1234 680 1274 meus
729 1231 778 1275 ct
828 1222 972 1277 Deus
1019 1229 1230 1282 vester?
1281 1225 1644 1298 Posteaquam
1692 1246 1824 1285 vero
1868 1231 2115 1288 Jeremito

532 1315 852 1366 vaticinium
901 1316 1184 1386 impletum
1229 1329 1337 1384 est,
1395 1337 1608 1379 necnon
1670 1329 1724 1377 et
1762 1321 1954 1390 lsaiaa,
2005 1341 2113 1396 quo

531 1401 771 1456 Verbum
802 1419 832 1459 e
863 1403 1090 1475 Virgine
1136 1410 1379 1478 genitum
1416 1409 1508 1476 iri,
1557 1425 1892 1484 carnemque
1924 1431 2116 1473 susce-

533 1502 755 1562 pturum
793 1511 918 1551 esse
957 1498 1376 1567 praedicebatur,
1422 1510 1484 1554 ut
1512 1500 1780 1559 Jeremias
1817 1506 2062 1575 loquitur
2095 1527 2109 1564 :

532 1584 603 1638 Et
643 1586 795 1639 homo
838 1597 936 1652 est,
977 1597 1025 1642 et
1074 1591 1189 1660 quis
1236 1603 1509 1659 cognoscet
1549 1593 1703 1646 illum
1731 1596 1790 1648 "l
1823 1605 1936 1650 tum
1979 1613 2110 1654 vero

531 1675 621 1730 ubi
657 1678 842 1732 carnis
867 1681 1144 1750 particeps
1174 1680 1294 1746 fuit,
1322 1697 1386 1736 ac
1417 1683 1538 1738 sine
1567 1685 1709 1739 virili
1735 1697 1853 1742 satu
1886 1705 1916 1742 e
1941 1688 2106 1744 Maria

531 1763 625 1818 Dei
672 1775 846 1822 matre
893 1778 1310 1825 sacrosanctum
1364 1772 1470 1827 sibi
1509 1789 1712 1843 corpus
1756 1775 1981 1843 eﬂinxit,
2028 1780 2104 1832 uti

530 1855 792 1924 scriptum
861 1866 968 1921 est,
1011 1858 1188 1927 factus
1227 1875 1292 1914 ea:
1324 1862 1633 1916 muliere":
1679 1871 1816 1930 tum,
1861 1866 2104 1936 inquam,

529 1953 739 2001 natura:
772 1956 976 2006 nostra:
1007 1959 1231 2021 propter
1270 1967 1372 2008 nos
1404 1954 1700 2024 particeps,
1736 1955 1902 2009 Deum
1938 1974 2107 2012 meum

529 2056 797 2111 usurpare
842 2043 1028 2110 cmpit.
1087 2041 1158 2096 υι
1201 2054 1379 2098 autem
1425 2053 1622 2100 natura
1686 2062 2006 2117 germanum
2048 2065 2108 2105 SC

526 2145 591 2184 ac
621 2132 1010 2201 sempiternum
1047 2133 1321 2196 ostendat,
1369 2135 1586 2189 Patrem
1622 2153 1792 2190 meum
1832 2137 2001 2206 dixit;
2038 2142 2105 2195 ad

523 2219 657 2274 iliud
691 2236 820 2275 vero
852 2222 1175 2276 beneficium
1213 2223 1629 2294 signiﬁcandum
1664 2243 1773 2297 quo
1804 2228 2106 2300 discipulos

527 2306 805 2373 all'ccerat,
835 2309 1055 2364 Patrem
1080 2322 1308 2366 vestrum
1339 2314 1567 2369 addidit.
1603 2315 1737 2368 Nam
1767 2318 1912 2386 quod
1944 2319 2103 2384 dixit,

532 2398 696 2451 Deum
743 2407 993 2464 vestrum,
1040 2401 1143 2455 hoc
1191 2403 1337 2472 quod
1385 2405 1674 2474 discipulis
1724 2407 1792 2460 ad
1838 2423 1992 2462 suam
2041 2425 2107 2466 ac

524 2478 708 2543 Patris
739 2489 927 2542 αισι·ιυί
973 2489 1317 2545 divinitatem
1355 2495 1709 2562 comparatis,
1747 2504 1944 2550 natura
1971 2513 2106 2552 con-

527 2577 802 2642 vcniebat,
834 2577 1115 2635 declarare
1140 2582 1335 2636 voluit.
1366 2581 1508 2638 Deus
1535 2585 1680 2639 enim
1708 2587 2104 2658 discipulorum

527 2675 668 2723 est:
727 2667 890 2723 Pater
941 2685 1072 2724 vero
1120 2670 1372 2737 Domini,
1430 2681 1660 2740 natura;
1710 2677 2101 2747 discipulorum

527 2773 696 2827 porro
728 2757 911 2824 Pater,
940 2762 1111 2831 gratia
1146 2780 1160 2815 :
1196 2762 1449 2833 idemque
1470 2763 1592 2818 Filii
1625 2775 1846 2838 propter
1881 2783 2102 2825 carnem

529 2847 709 2914 Deus;
764 2848 926 2902 Pater
954 2863 1084 2903 vero
1120 2860 1342 2921 preptcr
1383 2852 1769 2922 sempiternam
1801 2865 1856 2912 et
1892 2859 2102 2913 incom-

526 2939 853 3007 prehensam
880 2939 1028 2994 illius
1059 2941 1324 3012 originem
1357 2957 1421 2996 ac
1442 2946 1856 3012 germanitatem
1884 2969 1899 3005 :
1931 2966 2104 3020 quan-

523 3030 818 3100 doquidem
851 3047 979 3086 vere
1019 3033 1193 3102 ipsius
1219 3031 1384 3088 Pater
1408 3043 1512 3100 est,
1542 3037 1635 3106 qui
1659 3038 1810 3092 illum
1833 3053 2105 3110 quatenus

524 3118 670 3175 Deus
699 3129 805 3184 est,
837 3120 957 3176 sine
985 3123 1097 3176 ullo
1134 3131 1374 3193 tempore
1407 3126 1672 3196 initioque
1693 3131 1900 3197 genuit.
1930 3131 2103 3198 Quem

526 3213 748 3281 quidem
779 3212 948 3266 Deum
976 3230 1129 3267 suum
1167 3217 1442 3286 appellare
1470 3217 1658 3273 debuit
1705 3220 1776 3274 ob
1807 3221 2102 3278 humanam

524 3307 780 3354 naturam
825 3310 1016 3356 nostra
1065 3317 1233 3359 causa
1286 3315 1624 3376 susceptam,
1667 3322 1790 3362 cum
1842 3320 2103 3380 perpetuo

525 3391 669 3461 apud
694 3390 908 3445 Patrem
936 3393 1165 3448 exsistat
1213 3397 1454 3464 genitum
1495 3397 1614 3452 sine
1644 3397 1752 3452 ullo
1788 3399 1944 3454 initio
1972 3400 2104 3456 Ver-

525 3467 682 3546 bum:
713 3497 777 3536 ac
817 3483 1120 3538 sccnndum
1156 3499 1377 3540 carnem
1428 3489 1725 3556 postremis
1763 3491 2102 3559 temporibus

522 3589 553 3628 e
585 3573 752 3627 Maria
784 3572 1009 3646 Virgine
1032 3576 1099 3632 de
1131 3575 1340 3646 Spiritu
1371 3589 1564 3635 sancto
1595 3583 1961 3650 progenitum.

594 3663 704 3735 36
739 3662 934 3720 XXXI.
975 3665 1107 3731 Quae
1133 3682 1258 3722 cum
1294 3669 1368 3723 ita
1402 3672 1534 3735 sint,
1571 3673 1840 3728 altissima
1875 3675 1964 3730 illa
2006 3675 2100 3732 Dei

524 3754 785 3825 mysteria
830 3757 1145 3828 concipiant
1187 3760 1390 3824 animo,
1442 3777 1616 3832 neque
1659 3764 1885 3833 gratiam
1919 3767 1984 3820 ad
2021 3768 2103 3821 in-

523 3846 661 3915 grati
701 3847 870 3901 animi
905 3848 1098 3902 vitium
1146 3859 1510 3916 convertant,
1559 3864 1618 3908 ut
1663 3854 2100 3911 administratam

523 3938 592 3992 ab
623 3938 716 3992 illo
748 3939 980 3994 salutem
1013 3949 1259 3994 nostram
1291 3942 1356 3996 ad
1386 3941 1783 4014 inexplicabilis
1812 3956 1866 4001 et
1893 3948 2103 4003 incom-

522 4029 804 4098 prehensa:
829 4031 921 4086 Dei
957 4040 1166 4086 natura:
1199 4033 1394 4091 cedere
1426 4037 1788 4107 ignominiam
1821 4042 2100 4098 arbitren-

521 4128 628 4172 tur.
665 4119 732 4173 At
761 4121 931 4185 enim,
964 4121 1239 4192 inquiunt,
1270 4124 1336 4178 de
1367 4125 1474 4180 Deo
1515 4127 1781 4196 scriptum
1803 4139 1888 4185 est
1919 4146 1932 4186 :
1976 4131 2102 4187 Non

518 4211 736 4274 esuriet,
765 4227 927 4279 neque
955 4213 1093 4264 sitiet
1117 4228 1135 4263 :
1169 4229 1330 4281 neque
1351 4226 1427 4268 est
1455 4217 1785 4286 investigatio
1805 4221 2102 4285 prudentia:

2211 417 2648 486 μηνευόμενον,
2683 422 2826 474 Μεθ’
2857 420 3028 490 ἡμῶν
3068 427 3101 478 ὁ
3156 426 3333 492 Θεός’
3382 430 3484 482 καὶ
3529 432 3679 486 οῦπω
3721 429 3789 507 ἦν

2216 507 2409 572 εἰπεῖν,
2443 508 2587 574 Θεός
2611 526 2729 577 μου
2779 511 2875 564 καὶ
2912 513 3055 580 Θεὸς
3083 514 3272 583 ὑμῶν.
3303 548 3370 559 -
3392 520 3502 572 Καὶ
3531 521 3634 583 σὺ,
3670 525 3781 593 Βη-

2216 594 2396 664 θλεὲμ
2428 592 2593 662 οἶκος
2617 597 2722 651 τοῦ
2771 601 3077 668 Εὐφραθᾶ,
3113 607 3226 658 οὐκ
3259 607 3573 676 ὀλιγοστὸς
3610 607 3666 668 εἷ
3684 592 3788 669 τοῦ

2224 681 2377 739 εἶναι
2411 687 2482 739 ἐν
2533 688 2803 756 χιλιάσιν
2849 692 3044 747 Ἰούδα
3069 710 3083 724 ·
3124 695 3192 749 ἐκ
3239 698 3356 752 σοῦ
3407 700 3518 769 γάρ
3544 721 3644 772 μοι
3694 704 3787 770 ἐξ·

2222 776 2535 830 ελεύσεται
2585 780 2673 844 εὶς
2719 779 2982 849 ἄρχοντα
3013 783 3084 836 ἐν
3131 785 3211 850 τῷ
3256 788 3533 859 Ἰσραὴλ,
3583 795 3680 848 καὶ
3729 801 3786 854 αι

2214 864 2474 929 διέξοδοι
2519 869 2708 922 αὐτοῦ
2738 871 2840 924 ἀπ’
2874 870 3087 942 ἀρχῆς,
3116 877 3218 944 ἀφ’
3249 879 3485 948 ἡμερῶν
3529 885 3782 942 αἰώνωνο

2214 955 2309 1008 καὶ
2350 957 2493 1011 κατά
2527 959 2596 1012 τά
2647 960 2783 1013 ἄλλα
2831 964 3176 1036 ἀντίγραφα’
3224 970 3333 1023 Καὶ
3363 972 3466 1038 σὺ,
3499 978 3786 1050 Βηθλεὲμ,

2213 1047 2349 1116 οὐχί
2377 1049 2672 1118 ἐλαχίστη
2710 1051 2780 1104 ἐν
2813 1053 2935 1119 τοῖς
2970 1057 3262 1126 ἡγεμόσιν
3305 1062 3528 1116 Ἰούδα·
3575 1047 3784 1124 ἐκσοῦ

2214 1136 2324 1206 γὰρ
2380 1138 2762 1201 ἐξελεύσεται
2807 1143 3162 1213 ἡγούμενος,
3214 1152 3311 1204 καί
3368 1156 3647 1222 ποιμανεῖ
3684 1160 3786 1214 τὸν

2212 1227 2366 1280 λαόν
2386 1245 2506 1296 μου
2535 1228 2641 1282 τὸν
2681 1229 2950 1301 Ἰσραήλ.
2988 1235 3096 1288 Καὶ
3129 1239 3260 1308 ὁρᾷς
3281 1240 3362 1292 ὅτι
3388 1243 3596 1297 οὐδέπω
3633 1248 3784 1318 χρεία

2210 1311 2280 1387 ἦν
2326 1321 2521 1382 εἰπεῖν,
2569 1321 2717 1374 Θεόν
2741 1339 2861 1390 μου
2912 1324 3009 1376 καὶ
3057 1326 3205 1380 Θεὸν
3244 1331 3448 1398 ὑμῶν;
3500 1311 3780 1409 Ὅτε-’δὲή
3891 1341 3900 1347 ’

2213 1409 2517 1478 προφητεία
2564 1411 2866 1481 ἐπληροῦτο
2908 1414 3168 1486 Ἰερεμίου
3213 1423 3305 1474 καὶ
3347 1422 3572 1479 Ἡσαΐου
3611 1430 3784 1483 dicati-

2210 1511 2319 1558 τως
2359 1496 2440 1560 τὸ,
2508 1499 2573 1550 ὲκ
2624 1499 2894 1570 παρθένου
2949 1505 3272 1576 γεννηθῆναι
3320 1509 3410 1564 τὸν
3448 1514 3639 1581 Λόγον,
3694 1521 3784 1573 καὶ

2213 1584 2391 1656 σάρκα
2424 1589 2591 1657 σχεῖν,
2636 1589 2889 1662 καθάπερ
2928 1592 3196 1664 Ἱερεμίας
3231 1599 3385 1668 φησι,
3416 1603 3524 1655 Καὶ
3567 1604 3784 1674 ἄνθρω-

2140 1664 2181 1718 Β
2210 1678 2324 1741 πός
2353 1676 2505 1744 ἐστι,
2535 1679 2632 1732 καὶ
2665 1680 2756 1745 τίς
2776 1680 3068 1749 γνώσεται
3099 1664 3321 1753 αὐτόνξ
3349 1691 3468 1744 τότε
3503 1664 3782 1768 μετασχὼν

2207 1764 2307 1836 τῆς
2334 1769 2554 1837 σαρκὸς,
2589 1771 2680 1823 καὶ
2709 1771 2790 1834 είς
2815 1773 3006 1826 ἑαυτὸν
3036 1777 3205 1846 χωρὶς
3244 1780 3559 1851 σπέρματος
3590 1764 3782 1861 ἀνδρὸς

2208 1856 2317 1908 ἀπὸ
2365 1858 2463 1929 τῆς
2522 1858 2771 1914 θεοτόκου
2823 1864 3042 1934 Μαρίας
3094 1867 3415 1934 ἀναπλάσας
3459 1877 3556 1945 τὴν
3614 1856 3779 1950 αὐτὴν

2207 1946 2368 2014 ἁγίαν
2420 1948 2618 2021 σάρκα,
2669 1953 2810 2006 κατὰ
2859 1953 2920 2006 τὸ
2969 1957 3292 2028 εἰρημένον,
3355 1967 3664 2033 γενόμενος
3709 1946 3778 2023 ex

2209 2040 2518 2106 γυναικὸς,
2569 2043 2664 2095 καὶ
2711 2044 2996 2115 μετασχὼν
3023 2048 3118 2100 τοῦ
3152 2051 3418 2124 ἡμετέρου
3445 2055 3530 2109 διὰ
3557 2057 3616 2108 τὸ
3648 2060 3781 2128 ἡμέ-

2205 2146 2384 2199 τερον,
2417 2131 2572 2200 φησὶ,
2611 2135 2761 2188 Θεόν
2792 2154 2932 2205 μου.
2967 2137 3064 2192 Διά
3104 2139 3161 2192 δὲ
3187 2142 3248 2193 τὸ
3277 2144 3444 2197 ἀΐδιον
3481 2145 3590 2216 (28)
3619 2148 3780 2200 αὑτοῦ

2206 2221 2306 2288 τῆς
2338 2222 2694 2293 γνησιότητος
2740 2226 2884 2279 κατά
2924 2227 3106 2295 φύσιν,
3143 2229 3307 2299 λέγει,
3354 2237 3586 2304 Πατέρα
3624 2255 3741 2306 μου
3765 2254 3777 2267 ·

2207 2308 2302 2360 καὶ
2337 2308 2423 2362 διὰ
2450 2310 2556 2380 τὴν
2585 2311 2749 2365 αὑτοῦ
2783 2314 2920 2384 πρὸς
2948 2317 3074 2377 τοὺς
3103 2318 3268 2368 αὐτοῦ
3317 2320 3564 2390 μαθητὰς
3603 2326 3780 2395 χάριν,

2205 2399 2440 2467 Πατέρα
2467 2401 2651 2469 ὑμῶν,
2685 2403 2772 2454 διά
2803 2403 2860 2455 δὲ
2889 2404 2949 2455 τὸ
2976 2406 3115 2458 κατά
3145 2407 3306 2475 φύσιν
3331 2410 3509 2464 αὐτῶν
3533 2414 3644 2466 τῶν
3678 2434 3782 2485 μα-

2207 2488 2386 2558 θητῶν
2419 2492 2556 2560 πρὸς
2585 2491 2682 2561 τὴν
2709 2493 2873 2544 αὐτοῦ
2903 2493 3134 2567 θεότητα
3162 2498 3256 2550 καὶ
3291 2499 3384 2552 τοῦ
3419 2501 3591 2555 ἀϊδίου
3620 2507 3782 2561 αὑτοῦ

2207 2580 2439 2652 Πατρὸς,
2488 2581 2636 2634 Θεὸν
2661 2582 2851 2651 ὑμῶν.
2880 2583 3013 2648 Θεὸς
3044 2587 3150 2658 γὰρ
3175 2589 3283 2643 τῶν
3333 2591 3623 2662 μαθητῶν·
3673 2598 3780 2651 Πα-

2205 2670 2309 2740 τὴρ
2357 2671 2413 2723 δὲ
2455 2673 2550 2724 τοῦ
2595 2673 2802 2745 Κυρίου
2856 2675 2999 2728 κατά
3043 2677 3222 2746 φύσιν,
3265 2681 3375 2734 τῶν
3427 2682 3485 2735 δὲ
3527 2684 3784 2754 μαθητῶν

2205 2760 2393 2832 Πατὴρ
2432 2763 2573 2816 κατά
2599 2764 2758 2835 χάριν
2778 2780 2793 2796 ⁸
2829 2765 2962 2829 Θεὸς
2990 2765 3046 2820 δὲ
3085 2767 3178 2821 τοῦ
3203 2769 3334 2830 Υίοῦ
3367 2773 3514 2825 ἐστιν
3543 2774 3572 2825 ὁ
3597 2776 3782 2848 Πατὴρ

2203 2851 2291 2905 διὰ
2315 2853 2416 2924 τὴν
2449 2855 2649 2925 σάρκα,
2682 2857 2869 2928 Πατὴρ
2917 2858 2974 2910 δὲ
3017 2859 3104 2933 διά
3145 2861 3208 2914 τὸ
3237 2862 3406 2916 ἀΐδιον
3448 2866 3542 2918 καὶ⁵
3579 2867 3782 2921 ἀκατά-

2204 2947 2408 3018 ληπτον
2438 2950 2540 3021 τῆς
2586 2950 2749 3005 αὐτοῦ
2797 2955 3101 3026 γεννήσεως
3131 2957 3226 3009 καὶ
3262 2961 3652 3032 γνησιότητος·
3701 2965 3785 3019 ὅτι

2207 3041 2265 3094 ἐν
2296 3040 2525 3112 ἀληθείᾳ
2554 3043 2700 3096 ἐστὶν
2722 3044 2886 3096 αὑτοῦ
2914 3046 3124 3116 Πατὴρ,
3158 3049 3426 3118 γεννήσας
3447 3051 3609 3104 αὐτὸν
3631 3055 3785 3123 ἀχρό‹

2205 3148 2310 3193 νως
2336 3132 2429 3184 καὶ
2453 3131 2702 3203 ἀνάρχως
2731 3135 2872 3187 κατά
2905 3135 3003 3205 τὴν
3031 3136 3282 3208 θεότητα.
3309 3139 3441 3193 Θεὸν
3480 3141 3537 3194 δὲ
3567 3143 3786 3213 ἐδέησεν

2205 3224 2381 3275 εἰπεῖν
2422 3221 2611 3289 αὐτοῦ,
2652 3222 2719 3276 δι’
2747 3224 2814 3294 ἣν
2860 3225 2928 3277 δι’
2956 3227 3103 3296 ἡμᾶς
3146 3229 3404 3299 ἐποίησεν
3451 3232 3782 3303 οἰκονομίαν,

2203 3314 2279 3366 ὢν
2322 3315 2410 3367 ἀεὶ
2442 3313 2578 3386 πρὸς
2618 3314 2696 3384 τῷ
2743 3315 2920 3386 Πατρὶ
2967 3317 3248 3388 γεννηθεὶς
3298 3320 3550 3390 ἀνάρχως
3591 3324 3785 3393 Λόγος,

2202 3406 2260 3458 ὲν
2296 3407 2461 3477 σαρκὶ
2502 3407 2558 3459 δὲ
2605 3406 2712 3459 ἀπὸ
2760 3407 2981 3478 Μαρίας
3025 3412 3112 3462 ἐπ’
3140 3412 3374 3482 ἐσχάτου
3422 3414 3530 3468 τῶν
3561 3416 3788 3487 ἡμερῶν

2201 3495 2482 3567 γεννηθεὶς
2533 3495 2677 3550 κατά
2720 3496 2918 3568 σάρκα,
2972 3499 3038 3552 ὲκ
3082 3501 3301 3571 Μαρίας
3356 3503 3414 3556 δὲ
3462 3505 3562 3576 τῆς
3614 3505 3784 3576 αὐτῆς

2202 3585 2364 3653 ἁγίας
2393 3585 2672 3657 Παρθένου
2705 3586 2794 3640 διά
2827 3588 3144 3659 Πνεύματος
3169 3593 3347 3660 ἁγίου.

2271 3678 2396 3730 ΛΛ’.
2454 3677 2763 3731 Νοείτωσαν
2808 3680 2990 3734 τοίνυν
3033 3683 3102 3735 τά
3148 3682 3315 3753 βαθέα
3361 3685 3460 3755 τῆς
3506 3687 3599 3738 τοῦ
3647 3687 3785 3740 Θεοῦ

2202 3769 2604 3842 πραγματείας,
2631 3771 2724 3824 καὶ
2757 3771 2832 3842 μὴ
2861 3772 2958 3843 τὴν
3001 3773 3160 3846 χάριν
3207 3775 3287 3837 εἰς
3313 3775 3634 3846 ἀχαριστίαν
3660 3777 3787 3849 τρέ-

2199 3858 2394 3929 φωσιν,
2444 3859 2660 3926 ἀδοξίαν
2704 3860 3046 3932 λογιζόμενοι
3105 3864 3185 3926 είς
3226 3863 3323 3933 τὴν
3373 3864 3648 3933 ἄφραστον
3692 3867 3786 3920 καὶ

2201 3951 2582 4022 ἀκατάληπτον
2615 3951 2709 4005 τοῦ
2759 3952 2893 4005 Θεοῦ
2949 3952 3106 4021 φύσιν
3143 3953 3242 4023 τὴν
3294 3955 3372 4017 είς
3418 3955 3567 4024 ἡμᾶς
3605 3973 3786 4027 σωτη-

2203 4039 2346 4109 ρίαν.
2405 4039 2586 4103 Ἀλλά,
2636 4040 2788 4107 φασὶ,
2831 4043 2961 4114 περὶ
3002 4041 3094 4095 τοῦ
3129 4041 3263 4095 Θεοῦ
3294 4042 3602 4115 γέγραπται
3627 4063 3640 4076 ’
3701 4048 3790 4101 Οὐ

2201 4128 2494 4194 πεινάσει,
2524 4131 2664 4185 οὐδὲ
2682 4131 2951 4200 διψήσει,
2979 4133 3122 4188 οὐδέ
3149 4134 3322 4189 ἐστιν
3345 4135 3651 4203 ἐξεύρεσις
3675 4138 3781 4206 τῆς

2201 4220 2552 4289 φρονήσεως
2584 4223 2770 4276 αὑτοῦ
2789 4238 2801 4253 ·
2836 4225 2966 4295 περὶ
2997 4223 3053 4276 δὲ
3079 4225 3174 4278 τοῦ
3206 4225 3358 4288 Υἱοῦ,
3391 4227 3471 4279 ὅτι
3501 4227 3790 4280 ἐπείνασεν

520 4302 770 4366 ipsius';
814 4308 1009 4354 contra
1064 4315 1196 4354 vero
1239 4301 1305 4355 de
1358 4303 1498 4358 FlllO
1545 4306 1796 4374 legimus,
1844 4311 1995 4363 illum
2043 4312 2096 4366 in

2206 4312 2263 4364 ὲν
2296 4315 2362 4384 τῇ
2413 4313 2604 4384 ὲρήμω
2649 4313 2788 4365 κατὰ
2812 4315 2904 4366 τὸν
2958 4314 3282 4384 πειρασμόν.
3313 4316 3421 4369 Καί
3469 4333 3671 4387 φησιν’
3722 4317 3791 4370 '0

521 4389 819 4445 Solitudine
877 4398 1000 4459 post
1060 4390 1410 4444 tentationem
1463 4395 1750 4451 esurisse“.
1792 4397 2101 4457 Similiter:

520 4481 683 4542 Deus,
712 4478 912 4548 inquit,
947 4495 1050 4533 non
1085 4479 1460 4548 fatigabitur'.
1497 4483 1760 4542 Dominus
1791 4503 1916 4544 vero
1940 4490 2100 4550 Jesus

520 4570 573 4621 in
625 4570 820 4625 itinere
862 4570 1121 4640 fatigatus
1175 4572 1330 4626 est”.
1388 4575 1544 4640 item,
1599 4577 1720 4632 Non
1765 4580 2098 4650 dormitabit,

519 4677 679 4717 neque
717 4660 942 4715 dormiet
978 4663 1068 4732 qui
1101 4663 1332 4716 custodit
1365 4663 1542 4722 Israel
1566 4669 1606 4722 °.
1639 4669 1710 4723 At
1747 4669 2010 4729 Dominus
2041 4676 2096 4730 in

519 4752 643 4804 nari
665 4733 933 4806 dormisse
973 4758 1234 4820 narratur
1262 4750 1388 4808 ".0
1423 4755 1614 4812 inanes
1651 4773 1840 4813 eorum
1881 4762 2094 4832 cogita-

517 4841 717 4905 tiones,
755 4843 846 4911 qui
884 4844 998 4896 liaec
1034 4842 1221 4895 animo
1252 4858 1354 4897 suo
1384 4851 1751 4916 pertractant!
1793 4849 1912 4905 Non
1944 4854 2092 4908 enim

517 4949 683 4989 onera
705 4933 970 4990 duntaxat
1000 4944 1186 4990 nostra
1221 4951 1318 5005 pro
1349 4940 1508 4995 nobis
1532 4939 1828 4999 adveniens
1851 4943 2090 5001 Verbum

603 5090 623 5171 ξ
665 5088 769 5171 lsa.
811 5104 910 5155 vn,
934 5092 1299 5171 ‘14;_hlatth.
1343 5096 1513 5171 [25.
1555 5166 1572 5171 _
1605 5099 1629 5171 ξ
1667 5099 1828 5154 Mirh.
1871 5117 1922 5162 ν,
1962 5102 2019 5158 2.
2112 5103 2130 5134 ³
2170 5102 2372 5158 Jerem.
2414 5121 2550 5171 xvn,
2591 5105 2644 5160 9.

2207 4403 2352 4469 Θεὸς
2378 4405 2545 4473 ὑμῶν
2574 4407 2644 4458 οὐ
2671 4403 2947 4456 κοπιάσει
2970 4421 2983 4433 ·
3025 4405 3054 4456 ὁ
3082 4405 3138 4458 δὲ
3168 4407 3369 4479 Κύριος
3424 4409 3630 4478 Ἰησοῦς
3659 4410 3789 4461 ἐκο-

2203 4495 2398 4548 πίασεν
2447 4496 2505 4547 ὲν
2550 4497 2612 4564 τῇ
2662 4493 2962 4567 ὁδοιπορίᾳ.
3008 4497 3154 4560 Καὶ,
3193 4501 3275 4552 Οὺ
3316 4497 3613 4566 νυστάζει,
3640 4497 3792 4550 οὐδὲ

2198 4583 2464 4638 ὑπνώσει
2509 4587 2542 4638 ὁ
2581 4583 2923 4654 φυλάσσων
2969 4587 3081 4640 τὸν
3127 4589 3397 4656 Ἰσραήλ·
3435 4586 3650 4639 ὕπνωσε
3701 4586 3788 4651 δὲ,

2214 4675 2402 4746 φησὶν,
2438 4677 2466 4726 ὁ
2491 4675 2695 4745 Κύριος
2727 4678 2786 4730 ὲν
2816 4680 2881 4748 τῇ
2910 4679 3020 4749 νηΐ.
3057 4673 3126 4731 Ὦ
3159 4679 3383 4748 μάταιαι
3410 4676 3651 4729 ὑπόνοιαι
3677 4676 3793 4731 τῶν

2197 4766 2265 4818 τὰ
2296 4765 2521 4820 τοιαῦτα
2556 4766 2953 4837 λογιζομένωνί
3008 4768 3082 4821 Οὐ
3135 4768 3294 4836 μόνον
3351 4767 3460 4837 γάρ
3503 4765 3572 4819 τά
3620 4767 3787 4837 ἡμῶν

2199 4855 2342 4928 βάρη
2388 4856 2671 4921 ἀνεδέξατο
2718 4860 2857 4932 ὑπὲρ
2905 4858 3060 4929 ἡμῶν
3108 4856 3277 4910 ἐλθὼν
3315 4858 3343 4910 ό
3387 4856 3541 4924 ἆγιος
3586 4857 3787 4924 Λόγος,

2199 4946 2334 5001 ἀλλὰ
2368 4949 2461 5002 καὶ
2505 4949 2608 5002 ὑπὸ
2634 4949 2778 5020 ἁφὴν
2824 4948 3057 5019 ἐγένετο,
3111 4950 3207 5002 καὶ⁹
3261 4949 3440 5019 σάρκα
3472 4945 3655 5011 ἔλαϐε,
3689 4947 3792 5000 καὶ

2762 5108 2784 5140 ⁵
2822 5107 2999 5162 Galat.
3043 5124 3117 5166 IV.
3155 5108 3211 5160 4.
3297 5106 3318 5136 ⁵
3360 5104 3462 5159 lsa.
3533 5117 3622 5166 ιιι,
3689 5102 3788 5157 28.

522 5160 544 5190 ⁸
577 5159 770 5215 Matth.
814 5177 888 5224 tv,
924 5163 981 5216 ‘2.
1073 5164 1092 5194 "
1134 5164 1239 5220 lsa.
1271 5181 1356 5232 aL,
1383 5167 1472 5218 ‘18.
1553 5166 1574 5196 ⁸
1604 5168 1765 5224 Juan.
1811 5187 1885 5235 tv,
1913 5159 1978 5226 '6.
2055 5173 2074 5203 ⁸
2101 5173 2248 5230 Psal.
2289 5190 2417 5243 cxx,
2465 5159 2549 5231 ι.’
2603 5159 2649 5211 ν¹⁰
2694 5159 3184 5244 Μειιίιίίνιιιξέιξ

588 5366 935 5450 (ΞεξνΔιὰδὲ
975 5373 1038 5423 τὸ
1066 5369 1279 5430 ἀΐδιον.
1313 5380 1420 5424 etc.
1466 5371 1720 5426 Petavius
1767 5373 2097 5450 interpreta-

519 5444 608 5489 tur
634 5455 646 5488 :
678 5435 743 5509 ι
775 5449 946 5509 autem
975 5451 1166 5493 natura
1195 5457 1500 5509 germanum
1525 5457 1578 5494 se
1612 5457 1674 5493 ac
1723 5435 2096 5506 sempiternum

523 5505 785 5564 ostendat.
824 5508 1034 5561 Patrem
1067 5505 1245 5563 meum
1279 5509 1414 5562 dixit
1443 5526 1459 5561 :
1494 5511 1633 5563 velut
1675 5511 1742 5563 ad
1777 5505 1910 5564 illud
1937 5510 2094 5564 benc-

530 5574 704 5642 ICt'um
736 5577 1158 5646 signiﬁcandum,
1188 5596 1288 5647 quo
1328 5579 1592 5647 apostolos
1628 5582 1894 5650 a/fecernt,
1923 5579 2094 5635 Deum

2204 5375 2725 5448 _vestrnm_add_idit.
2757 5377 2931 5434 Graeci
2973 5389 3155 5437 textus
3184 5379 3314 5443 vim,
3353 5377 3687 5448 argnme_nti_
3704 5390 3793 5430 ro-

2205 5443 2392 5524 bnret
2441 5445 2729 5516 Epiphanii
2785 5458 3024 5506 mentem
3068 5450 3308 5520 apertius
3357 5443 3612 5518 exprimit
3646 5445 3798 5501 Tho-

2207 5529 2432 5572 masnus.
