3992 6198
654 230 685 243 οι,

323 285 401 345 77

1760 277 2205 337 ANCORATUS.

3548 287 3621 344 78

283 433 293 446 -
403 406 539 463 Δι’.
567 401 745 466 Τὸδὶ,
774 398 1096 472 γενόμενος
1114 398 1185 454 ἐκ
1208 398 1515 471 γυναικὸς,
1538 399 1794 471 καθάπερ
1821 400 1934 454 ἄνω

2108 397 2346 454 XXXIII.
2387 401 2456 455 At
2476 399 2591 457 haec
2618 400 2805 466 verba,
2840 403 3019 472 factus
3050 418 3115 456 ex
3158 403 3376 458 muliere
3400 403 3440 470 ‘,
3470 403 3618 474 ideo,

333 516 429 573 μοι
444 493 959 570 προδεδήλωται,ῖνα
973 493 1031 545 ἐν
1043 490 1122 562 τῷ
1137 491 1246 544 ἀπὸ
1258 491 1521 559 γυναικὸς
1535 491 1598 545 τὸ
1612 492 1935 561 γενόμενος

334 586 629 660 πληρωθῇ,
654 586 684 637 ὁ
708 583 767 637 δὲ
801 582 974 650 Λόγος
1008 580 1183 644 ἀΐδιος
1224 581 1361 634 πᾶσι
1402 578 1590 649 σαφῶς
1623 578 1933 649 ἀποφανθῇ.

338 684 407 737 EI.
435 682 495 735 δὲ
529 678 621 732 καὶ
654 676 829 734 τὶ)νού
860 673 1136 743 διψήσει,
1174 673 1304 746 περὶ
1336 672 1473 727 Θεοῦ
1504 672 1682 742 λόγος.
1719 674 1848 745 περὶ
1879 674 1937 727 δὲ

341 772 477 827 Υἱοῦ
498 773 575 826 ὅτι
594 768 853 823 ἑπείνασι
871 767 969 820 καὶ
993 764 1271 835 ὲδίψησεν,
1303 764 1597 832 ἀναγκαῖον
1621 765 1753 834 ἡμῖν
1778 762 1937 816 τοῦτο

341 865 704 939 ᾠκονόμηται.
754 859 884 923 Πῶς
932 858 1042 929 γάρ
1087 856 1402 929 εὑρίσκεται
1453 857 1487 928 ἡ
1537 854 1821 925 οἰκονομία
1877 856 1936 909 ὲν

339 954 563 1027 ἀληθείᾳ
588 949 751 1015 οὖσα,
798 953 850 1004 εί
899 950 976 1022 μὴ
1019 945 1137 1020 εἶχε
1180 947 1280 1019 τὴν
1324 948 1425 1019 τῆς
1469 947 1933 1020 ὲνανθρωπήσεως

330 1046 565 1121 χρειώδη
598 1044 928 1118 συνήθειανς
980 1038 1071 1095 Ἐν
1108 1039 1285 1111 τούτῳ
1318 1038 1601 1104 ἀπέδειξεν
1630 1041 1762 1111 ἡμῖν
1796 1040 1935 1094 πάν-

328 1157 442 1194 των
468 1138 579 1193 τῶν
613 1136 956 1209 ζητημάτων
983 1132 1092 1188 τῶν
1130 1132 1426 1205 αἱρετικῶν
1460 1131 1562 1196 τάς
1588 1132 1794 1196 λύσεις.
1825 1132 1933 1185 Εὖ-

332 1230 433 1293 θὺς
472 1230 581 1299 γάρ
616 1228 813 1281 ἔλυσεν
843 1224 1102 1278 ὑπόνοιαν
1134 1222 1474 1292 Μανιχαίων·
1509 1222 1568 1275 ἐν
1603 1221 1683 1293 τῷ
1722 1224 1832 1294 γὰρ
1857 1224 1936 1276 εί-

332 1325 458 1375 πεῖν
490 1319 694 1373 ὶσθίειν
731 1317 831 1371 καὶ
869 1317 1072 1381 πίνειν,
1104 1315 1286 1388 σάρκα
1324 1313 1583 1386 ἀληθινὴν
1611 1314 1932 1367 ὑποδείκνυ-

2038 498 2099 544 ut
2128 496 2257 544 ante
2280 490 2415 557 dixi,
2457 491 2663 562 scripta
2688 500 2842 553 sunt,
2877 500 2938 547 ut
2969 507 3072 549 vox
3132 493 3246 557 illa,
3282 495 3479 565 factus,
3510 497 3623 551 vim

2037 579 2184 635 ineo
2211 596 2371 636 suam
2408 580 2631 645 habeat,
2680 581 2828 652 quod
2859 596 2889 635 a
2923 583 3151 639 muliere
3191 584 3264 639 sit
3291 585 3531 656 genitus,
3565 598 3623 642 ut

2037 670 2277 734 interim,
2320 671 2713 741 sempiternum
2748 670 2985 727 Verbum
3029 673 3322 730 manifeste
3363 675 3623 732 omnibus

2035 777 2159 817 esse
2178 762 2611 819 demonstretur.
2642 763 2780 818 Illud
2817 780 2967 828 vero,
2996 763 3122 819 Non
3149 766 3313 833 sitiet,
3346 771 3394 823 si
3419 770 3487 824 de
3512 768 3622 825 Deo

2038 851 2451 925 intelligendum
2490 862 2615 923 est;
2653 870 2777 909 cum
2802 855 2869 910 de
2892 854 3031 911 Filio
3068 857 3334 928 scriptum
3369 860 3462 924 sit,
3496 876 3623 915 esu-

2036 943 2180 998 risse
2228 944 2381 998 illum
2425 960 2489 999 ac
2524 944 2734 1009 sitisse,
2783 945 3102 1000 necessario
3141 954 3316 1001 totum
3362 947 3494 1003 illud
3536 958 3623 1003 est
3727 928 3734 959 ί

2037 1044 2229 1091 nostra
2283 1052 2449 1092 causa
2502 1046 2843 1107 susceptum.
2897 1037 3032 1093 Nam
3087 1040 3360 1109 quomodo
3405 1041 3620 1097 tandem

2038 1143 2167 1182 vera
2210 1143 2335 1184 esse
2385 1130 2720 1200 reperiretur
2766 1131 3104 1195 incarnatio,
3159 1131 3263 1186 nisi
3314 1133 3621 1188 naturalem

2040 1219 2247 1275 homini
2315 1222 2703 1277 necessitatem
2771 1222 3335 1292 consuetudinemque
3392 1240 3504 1294 prie
3562 1241 3623 1280 se

2041 1312 2252 1369 ferret?
2283 1312 2393 1369 liae
2438 1314 2583 1368 enim
2620 1314 2833 1369 ratione
2870 1313 3205 1385 quwstiones
3237 1330 3451 1381 omnes,
3501 1334 3623 1388 qua:

338 1429 446 1465 σιν.
485 1410 684 1464 Ἕλυσε
712 1407 1119 1463 Λουκιανιστῶν
1160 1407 1254 1460 τὸν
1302 1406 1527 1478 τρόπον,
1575 1405 1672 1459 καὶ¹
1724 1406 1934 1477 Ἀρείου

2041 1405 2106 1458 ab
2152 1404 2429 1460 haareticis
2476 1405 2838 1475 objiciuntur,
2894 1403 3195 1459 dissolvere
3251 1420 3353 1460 nos
3411 1405 3620 1461 docuit.

336 1505 441 1577 τὴν
466 1504 719 1574 δύναμιν·
743 1500 1046 1565 Λουκιανὸς
1064 1500 1173 1572 γὰρ
1202 1499 1297 1553 καὶ
1326 1500 1530 1563 πάντες
1548 1499 1936 1553 Λουκιανισταὶ

2041 1495 2214 1566 Atque
2259 1497 2312 1550 in
2348 1496 2544 1567 primis
2592 1495 2786 1551 falsam
2828 1494 3256 1551 Manichteorum
3307 1497 3622 1567 opinionem

336 1596 632 1670 ἀρνοῦνται
659 1596 752 1649 τὸν
784 1593 915 1648 Υίδν
947 1594 1042 1648 τοῦ
1070 1591 1206 1647 Θεοῦ
1245 1591 1427 1664 ψυχὴν
1464 1592 1767 1663 εἰληφέναι·
1803 1590 1935 1661 σάρ-

2041 1586 2327 1642 submovet
2356 1604 2370 1641 :
2415 1602 2541 1641 nam
2584 1586 2731 1657 quod
2767 1584 3131 1642 manducasse
3156 1602 3224 1641 ac
3249 1585 3457 1642 bibisse
3487 1586 3627 1641 dicio

333 1707 406 1743 κα
439 1691 541 1760 μὲν
572 1689 736 1760 μόνον
766 1687 934 1757 φασὶν
959 1686 1274 1758 ἐσχηκέναι,
1306 1687 1394 1740 ἵνα
1420 1685 1585 1755 δῆθεν
1609 1683 1934 1756 προσάψωσι

2041 1686 2151 1742 tur,
2178 1693 2360 1732 veram
2396 1693 2620 1732 carnem
2656 1677 2829 1733 fuisse
2860 1677 3123 1733 declarat.
3158 1675 3242 1732 Ad
3278 1677 3392 1733 haec
3424 1676 3648 1733 Lucia-r

330 1781 414 1853 τῷ
442 1782 565 1854 Θεῷ
601 1781 767 1851 Λόγῳ
798 1778 1140 1852 ἀνθρώπινον
1168 1778 1375 1843 πάθος,
1406 1777 1568 1848 δίψαν
1587 1776 1686 1831 καὶ
1724 1779 1935 1839 πεῖναν,

2042 1770 2313 1826 nistarum
2335 1785 2603 1835 errorem,
2638 1778 2801 1840 atque
2822 1769 2937 1823 Arii
2966 1769 3309 1825 firmamenta
3344 1772 3621 1826 convellit.

336 1874 431 1928 καὶ
455 1874 709 1944 κάματον
741 1872 837 1925 καὶ
862 1869 1162 1942 κλαυθμὸν,
1206 1870 1302 1924 καὶ
1329 1869 1509 1942 λύπην
1536 1870 1632 1923 καὶ
1660 1867 1929 1941 ταραχὴν,

339 1966 437 2020 καὶ
460 1966 671 2037 ὅσαπερ
699 1964 760 2018 ὲν
793 1965 861 2036 τῇ
905 1964 1157 2035 ὲνσάρκῳ
1187 1961 1353 2017 αὐτοῦ
1385 1961 1662 2034 παρουσίᾳ
1692 1960 1931 2032 ἐμφέρε-

344 2073 459 2111 ται.
489 2055 699 2125 ιζΰηθες
718 2057 760 2109 δ’
781 2055 847 2109 ἂν
870 2054 958 2128 εἴη
978 2055 1153 2110 ταῦτα
1184 2057 1265 2119 είς
1287 2054 1386 2126 τὴν
1423 2052 1656 2124 θεότητα
1673 2052 1770 2106 τοῦ
1800 2053 1932 2106 Υἱοῦ

350 2147 448 2202 τοῦ
474 2147 610 2202 Θεοῦ
631 2147 957 2217 λογίζεσθαι.
999 2148 1183 2214 Ἀλλά,
1226 2148 1381 2218 φασὶ,
1413 2146 1552 2219 σὰρξ
1577 2145 1701 2201 καθ’
1732 2146 1932 2217 ἑαυτὴν

345 2237 489 2295 οὖσα
515 2239 640 2295 οὔτε
674 2241 855 2311 ἐσθίει,
882 2241 1009 2296 οὔτε
1036 2242 1201 2309 πίνει,
1227 2240 1351 2296 οὔτε
1376 2241 1600 2312 κάμνει,
1641 2240 1767 2294 οὔτε
1798 2239 1934 2293 ἀλλα

345 2331 600 2403 πράττει.
633 2332 742 2388 Καὶ
767 2332 930 2398 αὐτὸς
963 2332 1220 2406 σύμφημι
1256 2332 1436 2405 σάρκα
1463 2332 1589 2386 καθ’
1616 2330 1816 2401 ἑαυτὴν
1858 2328 1934 2402 μὴ

336 2423 489 2496 ἔχειν
525 2424 726 2482 ταῦτα.
755 2428 921 2499 Ἔσχε
941 2427 999 2480 δὲ
1032 2428 1213 2481 πᾶσαν
1240 2426 1341 2498 τὴν
1366 2425 1681 2497 οἰκονομίαν
1708 2422 1878 2477 ἐλθὼν
1900 2424 1935 2476 ὁ

336 2514 533 2583 Λόγος,
564 2515 661 2570 καὶ
691 2516 875 2587 σάρκα
897 2518 990 2571 καὶ
1016 2516 1193 2589 ψυχὴν
1221 2517 1317 2571 καὶ
1349 2515 1562 2588 ὅσαπέρ
1584 2516 1733 2569 ἐστιν
1757 2515 1815 2568 ὲν
1836 2515 1934 2569 άν-

333 2604 566 2679 ορώπῳ·
602 2607 705 2679 τῆς
735 2607 793 2661 δὲ
814 2607 997 2680 ψυχῆς
1023 2609 1118 2662 καὶ
1142 2607 1244 2679 τῆς
1273 2606 1477 2680 σαρκὸς
1497 2602 1566 2678 ἧν
1600 2605 1742 2679 μέρη
1773 2608 1936 2660 πεῖνα

338 2700 438 2753 καὶ
462 2701 492 2753 ὁ
525 2700 797 2771 κάματος,
830 2702 868 2772 ἦ
904 2717 965 2753 τε
997 2699 1128 2771 δίψα
1152 2699 1249 2754 καὶ
1276 2700 1309 2771 ἠ
1340 2698 1509 2770 λύπη,
1547 2700 1642 2753 καὶ
1671 2699 1742 2754 τά
1774 2700 1932 2757 ἄλλα.

335 2790 581 2862 Δακρύει
613 2792 713 2862 μὲν
745 2790 854 2863 γάρ
878 2790 964 2844 ἴνα
994 2790 1192 2867 ἐλέγξῃ
1229 2789 1330 2862 τὴν
1363 2791 1573 2861 πλάνην
1603 2792 1933 2863 Μανιχαίου,

337 2882 425 2935 ὃτι
453 2881 516 2935 ού
545 2881 767 2952 δοκήσει
794 2881 1067 2952 ⁴ημιρίεστο
1089 2882 1154 2936 τὸ
1182 2881 1363 2953 σῶμα,
1393 2880 1510 2935 ἀλλ’
1537 2881 1789 2953 ἀληθείᾳ.
1824 2880 1937 2935 Καὶ

338 2973 476 3045 διψᾷ
510 2972 590 3038 δὲ,
640 2974 728 3027 ῐνα
767 2954 918 3045 δείξῃ
950 2972 1025 3045 μὴ
1054 2972 1215 3045 μόνον
1247 2972 1347 3045 τὴν
1380 2973 1559 3045 σάρκα
1597 2972 1765 3044 ἔχειν,
1800 2972 1938 3027 ἀλλά

340 3069 441 3123 καὶ
463 3068 566 3141 τὴν
593 3066 796 3138 ψυχήν.
825 3066 899 3121 Οὐ
929 3066 1039 3138 γὰρ
1063 3066 1098 3137 ἡ
1138 3064 1304 3119 αύτοῦ
1340 3063 1529 3136 θεότης
1556 3063 1778 3135 ἐδίψησέ
1806 3080 1933 3128 που,

345 3159 444 3211 καὶ
568 3136 990 3227 ψυχῇ-ἐδίψησε,
1010 3136 1117 3208 καὶ
1156 3154 1487 3207 κεκοπίακεν
1516 3153 1627 3208 ἀπὸ
1667 3153 1767 3224 τῆς
1795 3153 1934 3207 680t-
1962 3136 2005 3193 (ἶ

350 3250 553 3322 πορίας
580 3249 667 3303 διὰ
689 3250 787 3322 τὴν
812 3248 1016 3321 σαρκὸς
1043 3248 1137 3302 καὶ
1161 3246 1343 3319 ψυχῆς
1372 3246 1716 3302 ἀκολουθίαν.

2036 1862 2250 1935 Quippe
2277 1861 2556 1918 Lucianus
2587 1878 2653 1917 ac
2699 1860 3033 1918 Lucianista:
3060 1878 3252 1920 omnes
3294 1863 3493 1919 Filiqu
3526 1862 3623 1919 Dei

2037 1957 2276 2010 animam
2329 1955 2700 2027 assumpsisse
2747 1963 2988 2025 negant:
3037 1956 3404 2029 eamdemque
3447 1957 3623 2013 solam

2037 2049 2283 2105 induisse
2326 2065 2571 2113 carnem,
2624 2058 2685 2104 ut
2732 2048 2920 2104 divino
2949 2048 3129 2105 Verbo
3174 2051 3444 2106 humanas
3490 2052 3624 2107 atie-

2036 2140 2248 2196 ctiones
2267 2141 2532 2205 tribuant,
2556 2141 2724 2208 sitim,
2751 2140 2971 2209 famem,
2997 2141 3391 2213 fatigationem,
3410 2143 3622 2205 fletum,

2037 2246 2354 2300 moerorem,
2415 2232 2907 2303 perturbationem,
2963 2233 3228 2304 quidquid
3280 2235 3516 2306 denique
3567 2235 3623 2290 iu

2037 2333 2298 2394 suscepta
2330 2324 2401 2379 ab
2432 2324 2526 2380 illo
2560 2333 2757 2379 natura
2806 2327 3098 2396 reperitur.
3132 2326 3296 2397 Atqui
3333 2329 3468 2383 nihil
3500 2344 3625 2385 esse

2038 2412 2295 2469 stolidius
2320 2422 2502 2485 potest
2531 2429 2697 2484 quam
2720 2413 2843 2469 Filii
2865 2413 2962 2470 Dei
3002 2416 3273 2473 divinitati
3304 2419 3420 2475 haec
3445 2420 3624 2475 ascri-

2038 2507 2168 2563 bere
2211 2507 2370 2564 velle.
2398 2508 2468 2562 At
2493 2509 2666 2571 enim,
2703 2508 2980 2580 inquiunt,
3033 2527 3164 2568 caro
3209 2530 3306 2585 per
3345 2530 3467 2573 sese
3513 2531 3626 2572 non

2039 2600 2282 2655 comedit
2329 2608 2425 2654 aut
2472 2601 2643 2667 bibit,
2699 2618 2876 2673 neque
2936 2603 3235 2676 fatigatur,
3303 2623 3405 2663 nec
3462 2607 3626 2666 istius

2040 2691 2257 2764 generis
2288 2701 2482 2747 caetera
2525 2702 2767 2763 praestat.
2820 2694 2934 2764 Ego
2979 2710 3108 2751 vero
3155 2697 3312 2752 carni
3359 2713 3458 2769 per
3502 2715 3627 2755 sese

2036 2783 2338 2841 convenire
2378 2784 2482 2838 ista
2519 2800 2627 2841 non
2674 2802 2838 2855 posse
2878 2786 3073 2844 fateor.
3105 2787 3305 2845 Verum
3358 2791 3625 2863 quidquid

2040 2874 2280 2932 hominis
2314 2876 2597 2947 proprium
2628 2883 2735 2942 est,
2765 2875 3008 2932 Verbum
3056 2879 3113 2932 in
3153 2894 3276 2936 sese
3315 2883 3622 2946 transtulit,

2042 2983 2290 3031 carnem,
2324 2968 2570 3038 inquam,
2598 2975 2653 3023 et
2682 2967 2944 3047 animam,
2971 2978 3025 3026 et
3064 2985 3407 3041 quaecunque
3433 2971 3489 3027 in
3526 2972 3627 3027 ho-

2043 3061 2190 3116 mine
2212 3067 2536 3115 cernuntur.
2577 3060 2790 3116 Animae
2842 3075 3008 3132 porro
3043 3062 3342 3133 carnisque
3388 3064 3626 3134 propria:

2039 3161 2225 3223 partes
2248 3158 2409 3207 erant
2442 3150 2639 3208 famem
2680 3162 2733 3208 et
2762 3152 3161 3224 fatigationem,
3197 3154 3347 3208 sitim
3379 3168 3446 3209 ae
3489 3168 3627 3208 ma:-

2042 3261 2248 3310 rorem,
2300 3256 2608 3316 caateraque
2649 3247 2952 3317 suscipere.
2992 3245 3181 3303 Plorat
3218 3248 3422 3319 itaque,
3452 3248 3626 3305 Mani-

346 3341 489 3397 ὡσεί
519 3348 579 3396 ut
605 3355 843 3397 errorem
867 3340 1181 3406 convincat,
1204 3356 1375 3412 seque
1401 3356 1510 3396 non
1536 3342 1717 3413 specie
1739 3341 2273 3412 adumbrationeque
2302 3342 2424 3398 sola
2478 3358 2700 3398 carnem
2756 3343 2973 3410 doceat,
3004 3342 3100 3399 sed
3147 3358 3215 3399 ex
3259 3344 3337 3400 rei
3399 3346 3629 3401 veritate

350 3436 613 3507 cepisse.
640 3435 767 3489 Sitit
794 3448 947 3499 vero,
978 3440 1037 3488 ut
1058 3449 1167 3489 non
1192 3435 1310 3490 sola
1343 3432 1402 3491 s’é
1427 3450 1597 3491 carne
1618 3435 1928 3507 praeditum,
1976 3435 2072 3493 sed
2132 3436 2301 3491 etiam
2350 3435 2538 3490 anima
2582 3434 2958 3500 demonstret;
3002 3450 3111 3489 non
3167 3435 3314 3491 enim
3354 3435 3504 3491 sitim
3542 3447 3628 3492 est

351 3525 503 3579 illius
542 3530 766 3594 experta
793 3523 1089 3590 divinitas;
1122 3525 1222 3581 sed
1261 3526 1448 3582 anima
1498 3527 1658 3594 sitiit,
1689 3537 1745 3584 et
1789 3542 1855 3584 ex
1890 3527 2088 3584 itinere
2145 3528 2391 3584 lassatus
2437 3536 2544 3595 est,
2598 3526 2746 3597 quod
2784 3534 2906 3583 erat
2935 3525 3087 3582 carni
3120 3526 3429 3599 aninnaeque
3492 3542 3630 3584 cou-

348 3623 697 3672 centoneum.

422 3711 543 3763 ΛΜ.
577 3710 699 3763 Ὅτι
722 3708 781 3763 δὲ
803 3708 963 3780 σῶμα
986 3708 1127 3781 ἔχων
1163 3709 1259 3766 καὶ
1288 3711 1467 3785 ψυχὴν
1492 3708 1656 3784 ἦλθεν
1686 3714 1715 3767 ὁ
1741 3712 1934 3783 Λόγος,

354 3802 701 3854 πεισάτωσαν
729 3801 931 3865 αὐτοὺς
962 3803 1017 3855 ai
1050 3801 1194 3857 θεῖαι
1228 3805 1441 3876 γραφαὶ
1474 3804 1720 3869 Παλαιᾱς
1754 3821 1815 3858 τε
1839 3804 1937 3857 καὶ

354 3893 583 3963 Καινῆς.
612 3892 786 3956 Εὐθὺς
814 3892 924 3964 γάρ
961 3894 1126 3949 Δαδὶδ
1159 3896 1289 3967 περὶ
1321 3895 1485 3949 αὐτοῦ
1518 3895 1689 3966 λέγει,
1713 3897 1806 3950 καὶ
1827 3896 1935 3950 Πέ-

357 4002 485 4057 τρος
510 3985 670 4039 Δαὸὶδ
690 3984 925 4057 συνῳδὰ·
958 3988 1080 4042 Οὐκ
1103 3987 1308 4055 ἐάσεις
1337 3989 1452 4057 τὴν
1470 3988 1685 4060 ψυχήν
1709 4007 1828 4059 μου
1844 3992 1935 4057 εὶς

354 4078 535 4146 ᾷδηνν
560 4079 712 4142 οὐδὲν
730 4078 945 4146 δώσεις
964 4079 1071 4134 τὸν
1084 4080 1257 4135 ὅσιόν
1275 4096 1393 4136 σου
1414 4080 1563 4135 ἰδεῖν
1587 4080 1933 4149 διαφθοράν·

357 4169 445 4223 ἵνα
475 4171 532 4222 τὺ
556 4170 811 4225 σύνθετον
841 4171 935 4225 τοῦ
974 4170 1255 4243 Κυριακοῦ
1290 4171 1580 4243 ἀνθρώπου
1620 4174 1811 4237 νοοῖτο,
1842 4171 1938 4226 καὶ

356 4261 546 4331 σαφῶς
575 4262 701 4334 περὶ¹
720 4262 909 4316 τούτου
932 4261 1135 4332 γνῶσις
1150 4265 1284 4335 ἡμῖν
1309 4263 1554 4335 γένηται,
1583 4264 1671 4319 ἵνα
1694 4263 1936 4335 συστήσῃ

350 4351 536 4423 ψυχὴν
575 4354 673 4423 μὲν
710 4354 804 4408 σὺν
832 4354 1047 4425 θεότητι
1077 4356 1155 4427 τῷ
1188 4356 1476 4428 τριημέρῳ
1517 4355 1939 4425 συγκατατεθεῖ-

2093 3709 2204 3782 39
2218 3707 2458 3765 XXXIV.
2473 3708 2631 3776 Quod
2653 3718 2833 3765 autem
2853 3722 3075 3763 carnem
3096 3708 3299 3780 pariter
3315 3716 3369 3765 et
3384 3710 3626 3764 animam

2045 3804 2301 3859 habuerit
2347 3802 2610 3867 Verbum,
2642 3810 2755 3857 tam
2794 3799 3008 3857 Veteris
3040 3817 3204 3873 quam
3242 3802 3379 3857 Novi
3429 3802 3629 3858 Testa-

2043 3897 2216 3952 menti
2246 3895 2578 3968 persuadeat
2615 3895 2727 3950 illis
2754 3894 3078 3949 auctoritas.
3113 3892 3326 3949 Etenim
3357 3893 3530 3949 David
3560 3897 3629 3951 de

2041 3988 2164 4059 ipso
2200 3989 2274 4041 ita
2305 3987 2645 4058 pronuntiat,
2677 3985 2766 4039 cui
2800 3993 2853 4040 et
2883 3984 3080 4041 Petrus
3105 3986 3473 4055 astipulatur:
3510 3988 3627 4042 Non

2039 4080 2301 4150 relinques
2328 4079 2562 4132 animam
2588 4093 2756 4131 meam
2778 4078 2832 4130 in
2856 4077 3083 4146 inferno,
3121 4095 3280 4147 neque
3301 4080 3457 4135 dabis
3489 4080 3629 4136 San-

2039 4180 2183 4225 ctum
2221 4180 2368 4224 tuum
2404 4169 2574 4224 videre
2615 4170 3009 4240 corruptionem
3034 4172 3076 4226 ‘.
3113 4170 3183 4227 Ut
3221 4169 3489 4227 Dominici
3527 4175 3627 4228 ho-

2040 4263 2208 4320 minis
2243 4264 2548 4334 composita
2584 4264 2919 4336 intelligatur
2956 4280 3080 4321 esse
3114 4272 3334 4331 natura,
3383 4280 3448 4321 ac
3478 4274 3629 4321 certa

2041 4355 2110 4410 de
2136 4370 2203 4411 eo
2225 4354 2387 4411 nobis
2421 4356 2495 4411 sit
2518 4355 2749 4413 scientia
2780 4356 3103 4419 constituta,
3139 4362 3199 4410 ut
3238 4357 3478 4412 animam
3502 4374 3627 4411 cum

356 4447 509 4507 σθαι,
532 4444 618 4497 ἵνα
645 4444 739 4516 τὴν
766 4447 947 4519 σάρκα
968 4448 1123 4501 ὁσίαν
1149 4447 1429 4519 ἀποδείξῃ,
1461 4448 1555 4501 καὶ
1577 4448 1674 4519 τὴν
1718 4448 1937 4519 θεότητα

2046 4449 2336 4505 divinitate
2371 4449 2715 4506 demonstret
2744 4449 2837 4504 illo
2866 4449 3051 4505 triduo
3072 4464 3197 4505 esse
3224 4449 3543 4515 demissam,
3572 4463 3631 4504 ut

359 4533 459 4586 σὺν
479 4535 548 4604 τῇ
575 4533 722 4607 ψυχῇ
748 4536 1138 4607 ἀκατασχέτως
1163 4537 1220 4590 ὲν
1247 4536 1350 4610 ᾅδῃ
1376 4538 1437 4591 τὸ
1468 4539 1766 4610 μυστήριον
1790 4555 1942 4592 τετε-

358 4622 663 4679 λειωκέναι.
693 4626 848 4696 Ἔχει
866 4627 975 4698 γάρ
1008 4644 1110 4681 που
1138 4627 1234 4681 καὶ
1262 4628 1429 4699 ἀλλην
1463 4629 1770 4700 μαρτυρίαν
1798 4628 1941 4683 οὕτω

356 4716 643 4785 λέγουσαν·
679 4718 777 4772 Ἐν
798 4718 1027 4787 νεκροῖς
1053 4719 1390 4788 ἐλεύθερος.
1403 4720 1833 4790 mmemor,
1846 4722 1940 4776 τοῦ

362 4810 442 4882 μὴ
465 4809 737 4882 κυριεύειν
770 4810 934 4864 αὐτοῦ
967 4811 1059 4864 τὸν
1086 4810 1218 4883 ᾅδην
1259 4811 1613 4883 σημαντικὸν,
1653 4815 1721 4883 τῇ
1750 4813 1806 4866 δὲ
1836 4813 1943 4884 ἰδίᾳ

359 4902 580 4973 θελήσει
606 4905 714 4969 ἓως
748 4904 875 4976 ᾅδου
914 4904 1357 4977 καταϐεϐηκέναι
1390 4905 1487 4959 σὺν
1509 4907 1576 4975 τῇ
1614 4904 1782 4975 ψυχῇ.
1807 4906 1945 4974 Φησὶ

354 4996 413 5051 ὀὶ
459 4998 489 5050 ὁ
532 4997 754 5069 Πέτρος·
795 4999 1012 5053 Καθότι
1042 5000 1155 5053 οὐκ
1191 4994 1271 5069 ἦν
1307 4997 1570 5053 δυνατὸν
1602 4996 1947 5066 κρατεῖσθαι

351 5086 546 5141 αὐτὸν
582 5090 683 5145 ὑπ’
714 5090 926 5157 αὐτοῦ,
954 5090 1251 5155 τουτέστιν,
1286 5090 1393 5143 ὑπὸ
1420 5089 1514 5143 τοῦ
1710 5090 1823 5142 Καὶ
1848 5089 1947 5142 αύ-

353 5178 448 5242 τδς
476 5178 532 5232 δὲ
564 5180 592 5232 ὀ
622 5180 814 5252 Σωτήρ
864 5196 1019 5252 φησι·
1071 5180 1397 5246 Ἔξουσίαν
1432 5180 1550 5249 ἔχω
1587 5179 1797 5234 λαϐεῖν
1832 5179 1948 5248 τὴν

353 5268 572 5338 ψυχήν
610 5288 754 5339 μου,
800 5271 899 5325 καὶ
947 5270 1133 5325 θεῖναι
1184 5270 1399 5338 αὐτήν·
1442 5271 1554 5335 καὶ,
1599 5268 1742 5339 Ἐγώ
1770 5271 1888 5339 ειμι
1914 5272 1948 5324 ό

350 5359 585 5428 ποιμὴν
619 5363 652 5415 ὀ
682 5362 890 5429 καλὰς,
940 5365 974 5417 ό
1016 5364 1199 5429 τιθεὶς
1240 5362 1355 5431 τὴν
1390 5362 1603 5431 ψυχὴν
1638 5362 1794 5431 ὑπὲρ
1831 5361 1949 5417 τῶν

352 5453 689 5523 προϐάτων·
735 5457 851 5520 καὶ,
896 5455 959 5510 Ἠ
988 5457 1158 5526 ψυχή
1188 5475 1310 5527 μου
1360 5455 1729 5522 τετάρακται,
1783 5456 1939 5527 φησὶ,

350 5544 457 5598 και
486 5545 545 5598 τι
570 5547 747 5610 simu;
777 5547 852 5611 ὡς
878 5549 961 5601 ἐπ’
986 5549 1273 5621 ἀμφιϐόλῳ
1300 5548 1495 5618 λέγων·
1530 5547 1592 5601 Τί
1618 5548 1766 5600 είπω
1782 5564 1803 5613 ;
1825 5548 1943 5603 [hi-

418 5655 669 5738 .'.,G_°l?‘_-
712 5673 787 5725 ιν,
826 5659 881 5714 ι·
973 5663 993 5693 ¹
1032 5660 1177 5723 Psal.
1221 5684 1310 5737 xv,
1355 5665 1456 5735 IO;
1509 5662 1628 5718 Act.
1673 5676 1733 5727 ll,
1800 5662 1891 5719 ‘27.

359 5727 383 5759 ι
414 5725 561 5811 iam.
606 5728 690 5781 ιι.

1708 5862 1787 5873 μη...-

2039 4555 2265 4595 carnem
2309 4555 2432 4596 esse
2483 4550 2729 4596 sanctam
2774 4540 3217 4616 ostenderet,,et
3266 4558 3392 4596 cum
3449 4545 3631 4597 anima

2041 4632 2382 4687 divinitatem
2415 4630 2558 4701 apud
2586 4632 2794 4687 inferos
2830 4634 2921 4687 ubi
2954 4633 3197 4688 cohiberi
3236 4649 3347 4687 non
3384 4645 3629 4704 poterat,

2044 4724 2345 4794 perfecisse
2374 4724 2717 4795 mysterium.
2760 4724 2987 4779 Accedit
3012 4726 3159 4778 enim
3192 4734 3247 4779 et
3274 4724 3425 4778 aliud
3456 4726 3631 4795 quod—

2043 4817 2171 4871 dam
2206 4815 2477 4886 ejusmodi
2523 4816 2897 4871 testimonium
2929 4834 2944 4871 :
2977 4814 3125 4869 Inter
3156 4825 3394 4871 mortuos
3430 4815 3560 4869 liber
3588 4816 3628 4866 ³.

2043 4908 2179 4965 Nam
2214 4925 2315 4965 vox
2352 4909 2479 4970 ista,
2512 4908 2663 4974 liber,
2712 4908 2919 4965 inferos
2954 4922 3298 4980 nequaquam
3344 4906 3420 4963 illi
3455 4906 3633 4961 domi-

2045 5004 2167 5057 nari
2216 5001 2507 5073 significat,
2555 5002 2647 5058 sed
2680 5001 2749 5057 ad
2795 5000 3002 5057 inferos
3045 5018 3222 5073 usque
3252 5006 3446 5069 suapte
3477 5000 3629 5053 illum

2046 5110 2170 5151 esse
2198 5096 2482 5151 voluntate
2529 5110 2655 5150 cum
2706 5096 2890 5149 anima
2939 5095 3245 5165 delapsum.
3295 5091 3461 5145 Addit
3501 5104 3632 5143 vero

2047 5181 2244 5239 Petrus
2273 5203 2287 5238 :
2315 5184 2487 5237 Juxta
2515 5185 2653 5254 quod
2685 5185 3008 5253 impossibile
3038 5193 3153 5239 erat
3183 5182 3346 5236 teucri
3382 5180 3533 5233 illum
3565 5181 3628 5232 ab

2047 5294 2108 5333 eo
2133 5281 2175 5342 ⁵,
2196 5278 2299 5333 hoc
2326 5288 2430 5343 est,
2463 5277 2533 5332 ab
2564 5277 2800 5333 inferno.
2829 5276 2971 5344 Quin
2994 5277 3159 5332 etiam
3188 5275 3440 5329 Salvator
3474 5274 3588 5340 ipse
3613 5291 3627 5325 :

2052 5370 2401 5439 Potestatcm,
2439 5371 2639 5440 inquit,
2686 5370 2851 5426 habeo
2891 5370 3129 5424 sumendi
3167 5368 3401 5421 animam
3438 5384 3629 5427 meum,

2048 5472 2097 5517 et
2130 5463 2299 5531 ipsam
2338 5461 2563 5529 ponendi
2584 5462 2627 5513 ⁸.
2671 5460 2802 5515 [tem
2833 5479 2845 5513 :
2884 5459 2996 5529 Ego
3036 5475 3155 5513 sum
3190 5456 3387 5511 Pastor
3422 5456 3585 5509 bonus
3617 5495 3629 5511 .

2049 5554 2140 5623 qui
2184 5568 2317 5622 pono
2359 5554 2593 5606 animam
2620 5570 2717 5624 pro
2752 5553 2934 5609 ovibus
2957 5552 2999 5607 ‘.
3029 5550 3170 5607 Tum
3223 5548 3359 5607 illud
3390 5568 3404 5604 :
3445 5550 3635 5602 Anima

2020 5666 2042 5699 ³
2081 5664 2229 5723 Psal.
2270 5681 2514 5737 Lxxxvn,
2551 5667 2606 5724 6.
2720 5672 2741 5701 δ
2778 5668 2900 5725 Act.
2944 5683 3005 5737 ιι,
3043 5668 3135 5727 24.
3199 5666 3402 5726 IJoan.
3444 5679 3499 5727 κ,
3546 5661 3633 5712 l8.
