  <div class='ocr_page' id='page_1' title='image "/cluster/home/n/w/nwhite01/storage/ocr_20150623/43/hvd.32044054272794/045.png"; bbox 0 0 3992 6198; ppageno 0'>
   <div class='ocr_carea' id='block_1_1' title="bbox 435 214 3710 282">
    <p class='ocr_par' dir='ltr' id='par_1_1' title="bbox 435 214 3710 282">
     <span class='ocr_line' id='line_1_1' title="bbox 435 214 3710 282; baseline -0.004 -2"><span class='ocrx_word' id='word_1_1' title='bbox 435 226 501 282; x_wconf 80' lang='lat'><strong>79</strong></span> <span class='ocrx_word' id='word_1_2' title='bbox 1829 215 1884 272; x_wconf 89' lang='lat' dir='ltr'><strong>S.</strong></span> <span class='ocrx_word' id='word_1_3' title='bbox 1928 214 2269 272; x_wconf 77' lang='grc' dir='ltr'><strong>ΕΡΙΡΠΛΝΙΙ</strong></span> <span class='ocrx_word' id='word_1_4' title='bbox 3638 224 3710 280; x_wconf 76' lang='lat'><strong>80</strong></span> 
     </span>
    </p>
   </div>
   <div class='ocr_carea' id='block_1_2' title="bbox 434 328 2019 412">
    <p class='ocr_par' dir='ltr' id='par_1_2' title="bbox 434 328 2013 412">
     <span class='ocr_line' id='line_1_2' title="bbox 434 328 2013 412; baseline -0.005 -12"><span class='ocrx_word' id='word_1_5' title='bbox 434 328 550 400; x_wconf 79' lang='lat' dir='ltr'><strong>ntea</strong></span> <span class='ocrx_word' id='word_1_6' title='bbox 580 341 792 397; x_wconf 79' lang='lat' dir='ltr'><strong>turbata</strong></span> <span class='ocrx_word' id='word_1_7' title='bbox 808 350 906 406; x_wconf 80' lang='lat' dir='ltr'><strong>est,</strong></span> <span class='ocrx_word' id='word_1_8' title='bbox 944 340 1139 412; x_wconf 85' lang='lat' dir='ltr'><strong>inquit,</strong></span> <span class='ocrx_word' id='word_1_9' title='bbox 1171 349 1219 394; x_wconf 84' lang='lat' dir='ltr'><strong>el</strong></span> <span class='ocrx_word' id='word_1_10' title='bbox 1249 339 1373 410; x_wconf 78' lang='lat' dir='ltr'><strong>quid</strong></span> <span class='ocrx_word' id='word_1_11' title='bbox 1396 338 1593 391; x_wconf 74' lang='lat' dir='ltr'><strong>dieam‘</strong></span> <span class='ocrx_word' id='word_1_12' title='bbox 1621 340 1645 393; x_wconf 86' lang='lat'><strong><em>?</em></strong></span> <span class='ocrx_word' id='word_1_13' title='bbox 1678 336 1803 393; x_wconf 67' lang='lat' dir='ltr'><strong>Haec</strong></span> <span class='ocrx_word' id='word_1_14' title='bbox 1830 346 2013 394; x_wconf 89' lang='lat' dir='ltr'><strong>autem</strong></span> 
     </span>
    </p>
   </div>
   <div class='ocr_carea' id='block_1_3' title="bbox 2121 328 3710 412">
    <p class='ocr_par' dir='ltr' id='par_1_3' title="bbox 2121 340 3710 412">
     <span class='ocr_line' id='line_1_3' title="bbox 2121 340 3710 412; baseline 0.004 -19"><span class='ocrx_word' id='word_1_15' title='bbox 2121 358 2238 408; x_wconf 84' lang='grc' dir='ltr'>τερ,</span> <span class='ocrx_word' id='word_1_16' title='bbox 2278 340 2487 395; x_wconf 76' lang='grc' dir='ltr'>σῶσόν</span> <span class='ocrx_word' id='word_1_17' title='bbox 2516 358 2593 410; x_wconf 85' lang='grc' dir='ltr'><strong>με</strong></span> <span class='ocrx_word' id='word_1_18' title='bbox 2624 342 2741 397; x_wconf 78' lang='grc' dir='ltr'>ἀπὸ</span> <span class='ocrx_word' id='word_1_19' title='bbox 2780 343 2889 411; x_wconf 79' lang='grc' dir='ltr'>τῆς</span> <span class='ocrx_word' id='word_1_20' title='bbox 2925 342 3080 412; x_wconf 81' lang='grc' dir='ltr'>ὥρας</span> <span class='ocrx_word' id='word_1_21' title='bbox 3117 342 3358 411; x_wconf 82' lang='grc' dir='ltr'><strong>ταύτης.</strong></span> <span class='ocrx_word' id='word_1_22' title='bbox 3405 343 3581 399; x_wconf 69' lang='grc' dir='ltr'>Ἀλλὰ</span> <span class='ocrx_word' id='word_1_23' title='bbox 3608 343 3710 399; x_wconf 81' lang='grc' dir='ltr'>διὰ</span> 
     </span>
    </p>
   </div>
   <div class='ocr_carea' id='block_1_4' title="bbox 437 432 2011 503">
    <p class='ocr_par' dir='ltr' id='par_1_4' title="bbox 437 432 2011 503">
     <span class='ocr_line' id='line_1_4' title="bbox 437 432 2011 503; baseline -0.003 -10"><span class='ocrx_word' id='word_1_24' title='bbox 437 440 632 494; x_wconf 87' lang='lat' dir='ltr'><strong>verba:</strong></span> <span class='ocrx_word' id='word_1_25' title='bbox 656 436 796 503; x_wconf 82' lang='lat' dir='ltr'><strong><em>Quid</em></strong></span> <span class='ocrx_word' id='word_1_26' title='bbox 826 435 1043 491; x_wconf 83' lang='lat' dir='ltr'><strong>dicant?</strong></span> <span class='ocrx_word' id='word_1_27' title='bbox 1069 435 1290 490; x_wconf 92' lang='lat' dir='ltr'><strong>dubium</strong></span> <span class='ocrx_word' id='word_1_28' title='bbox 1321 441 1375 487; x_wconf 90' lang='lat' dir='ltr'><strong>et</strong></span> <span class='ocrx_word' id='word_1_29' title='bbox 1403 432 1717 503; x_wconf 83' lang='lat' dir='ltr'><strong>ambiguum</strong></span> <span class='ocrx_word' id='word_1_30' title='bbox 1754 433 2011 502; x_wconf 79' lang='lat' dir='ltr'><strong>quiddam</strong></span> 
     </span>
    </p>
   </div>
   <div class='ocr_carea' id='block_1_5' title="bbox 437 523 2013 603">
    <p class='ocr_par' dir='ltr' id='par_1_5' title="bbox 437 523 2013 603">
     <span class='ocr_line' id='line_1_5' title="bbox 437 523 2013 603; baseline -0.003 -21"><span class='ocrx_word' id='word_1_31' title='bbox 437 544 549 603; x_wconf 74' lang='lat' dir='ltr'><strong>pra:</strong></span> <span class='ocrx_word' id='word_1_32' title='bbox 600 544 659 585; x_wconf 89' lang='lat' dir='ltr'><strong>sc</strong></span> <span class='ocrx_word' id='word_1_33' title='bbox 710 530 913 583; x_wconf 80' lang='lat' dir='ltr'><strong>ferunt.</strong></span> <span class='ocrx_word' id='word_1_34' title='bbox 949 527 1130 590; x_wconf 76' lang='lat' dir='ltr'><strong>Pater,</strong></span> <span class='ocrx_word' id='word_1_35' title='bbox 1161 540 1311 578; x_wconf 81' lang='lat' dir='ltr'><strong>serva</strong></span> <span class='ocrx_word' id='word_1_36' title='bbox 1360 540 1440 578; x_wconf 84' lang='lat' dir='ltr'><strong>me</strong></span> <span class='ocrx_word' id='word_1_37' title='bbox 1481 524 1544 577; x_wconf 85' lang='lat' dir='ltr'><strong>ab</strong></span> <span class='ocrx_word' id='word_1_38' title='bbox 1586 524 1683 578; x_wconf 76' lang='lat' dir='ltr'><strong>hac</strong></span> <span class='ocrx_word' id='word_1_39' title='bbox 1724 524 1876 579; x_wconf 74' lang='lat' dir='ltr'><strong>liora.</strong></span> <span class='ocrx_word' id='word_1_40' title='bbox 1911 523 2013 579; x_wconf 84' lang='lat' dir='ltr'><strong>Sed</strong></span> 
     </span>
    </p>
   </div>
   <div class='ocr_carea' id='block_1_6' title="bbox 435 616 2014 691">
    <p class='ocr_par' dir='ltr' id='par_1_6' title="bbox 435 616 2014 691">
     <span class='ocr_line' id='line_1_6' title="bbox 435 616 2014 691; baseline -0.001 -19"><span class='ocrx_word' id='word_1_41' title='bbox 435 631 707 691; x_wconf 71' lang='lat' dir='ltr'><strong>propterea</strong></span> <span class='ocrx_word' id='word_1_42' title='bbox 747 620 859 674; x_wconf 77' lang='lat' dir='ltr'><strong>veni</strong></span> <span class='ocrx_word' id='word_1_43' title='bbox 897 621 947 673; x_wconf 85' lang='lat' dir='ltr'><strong>in</strong></span> <span class='ocrx_word' id='word_1_44' title='bbox 981 620 1115 671; x_wconf 81' lang='lat' dir='ltr'><strong>hanc</strong></span> <span class='ocrx_word' id='word_1_45' title='bbox 1145 616 1331 670; x_wconf 85' lang='lat' dir='ltr'><strong>horam</strong></span> <span class='ocrx_word' id='word_1_46' title='bbox 1368 617 1409 680; x_wconf 84' lang='grc'>¹,</span> <span class='ocrx_word' id='word_1_47' title='bbox 1449 624 1507 669; x_wconf 87' lang='lat' dir='ltr'><strong>ut</strong></span> <span class='ocrx_word' id='word_1_48' title='bbox 1537 617 1852 672; x_wconf 89' lang='lat' dir='ltr'><strong>ostenderet</strong></span> <span class='ocrx_word' id='word_1_49' title='bbox 1877 616 2014 671; x_wconf 86' lang='lat' dir='ltr'><strong>divi-</strong></span> 
     </span>
    </p>
   </div>
   <div class='ocr_carea' id='block_1_7' title="bbox 437 706 2012 783">
    <p class='ocr_par' dir='ltr' id='par_1_7' title="bbox 437 706 2012 783">
     <span class='ocr_line' id='line_1_7' title="bbox 437 706 2012 783; baseline -0.006 -13"><span class='ocrx_word' id='word_1_50' title='bbox 437 716 663 771; x_wconf 78' lang='lat' dir='ltr'><strong>nitatem</strong></span> <span class='ocrx_word' id='word_1_51' title='bbox 696 713 870 783; x_wconf 88' lang='lat' dir='ltr'><strong>ipsius</strong></span> <span class='ocrx_word' id='word_1_52' title='bbox 910 716 1106 780; x_wconf 91' lang='lat' dir='ltr'><strong>sponte</strong></span> <span class='ocrx_word' id='word_1_53' title='bbox 1144 707 1210 761; x_wconf 91' lang='lat' dir='ltr'><strong>ad</strong></span> <span class='ocrx_word' id='word_1_54' title='bbox 1245 707 1353 763; x_wconf 90' lang='lat' dir='ltr'><strong>ista</strong></span> <span class='ocrx_word' id='word_1_55' title='bbox 1404 708 1642 762; x_wconf 76' lang='lat' dir='ltr'><strong>venisse.</strong></span> <span class='ocrx_word' id='word_1_56' title='bbox 1690 706 1826 762; x_wconf 88' lang='lat' dir='ltr'><strong>Nam</strong></span> <span class='ocrx_word' id='word_1_57' title='bbox 1880 707 2012 761; x_wconf 89' lang='lat' dir='ltr'><strong>illud</strong></span> 
     </span>
    </p>
   </div>
   <div class='ocr_carea' id='block_1_8' title="bbox 436 795 2015 867">
    <p class='ocr_par' dir='ltr' id='par_1_8' title="bbox 436 795 2015 867">
     <span class='ocr_line' id='line_1_8' title="bbox 436 795 2015 867; baseline -0.005 -7"><span class='ocrx_word' id='word_1_58' title='bbox 436 804 685 865; x_wconf 90' lang='lat' dir='ltr'><strong>verbum,</strong></span> <span class='ocrx_word' id='word_1_59' title='bbox 751 799 967 853; x_wconf 82' lang='lat' dir='ltr'><strong>turbata</strong></span> <span class='ocrx_word' id='word_1_60' title='bbox 996 808 1109 862; x_wconf 85' lang='lat' dir='ltr'><strong>est,</strong></span> <span class='ocrx_word' id='word_1_61' title='bbox 1156 804 1481 867; x_wconf 88' lang='lat' dir='ltr'><strong>usurpatum</strong></span> <span class='ocrx_word' id='word_1_62' title='bbox 1534 795 1653 851; x_wconf 85' lang='lat' dir='ltr'><strong>ideo</strong></span> <span class='ocrx_word' id='word_1_63' title='bbox 1697 806 1798 862; x_wconf 89' lang='lat' dir='ltr'><strong>est,</strong></span> <span class='ocrx_word' id='word_1_64' title='bbox 1840 804 1899 850; x_wconf 90' lang='lat' dir='ltr'><strong>ut</strong></span> <span class='ocrx_word' id='word_1_65' title='bbox 1946 812 2015 852; x_wconf 91' lang='lat' dir='ltr'><strong>ne</strong></span> 
     </span>
    </p>
   </div>
   <div class='ocr_carea' id='block_1_9' title="bbox 435 887 2013 962">
    <p class='ocr_par' dir='ltr' id='par_1_9' title="bbox 435 887 2013 962">
     <span class='ocr_line' id='line_1_9' title="bbox 435 887 2013 962; baseline -0.006 -11"><span class='ocrx_word' id='word_1_66' title='bbox 435 900 702 962; x_wconf 69' lang='lat' dir='ltr'><strong>suscepta:</strong></span> <span class='ocrx_word' id='word_1_67' title='bbox 746 888 985 944; x_wconf 83' lang='lat' dir='ltr'><strong>hominis</strong></span> <span class='ocrx_word' id='word_1_68' title='bbox 1042 897 1253 943; x_wconf 72' lang='lat' dir='ltr'><strong>naturae</strong></span> <span class='ocrx_word' id='word_1_69' title='bbox 1303 903 1429 942; x_wconf 87' lang='lat' dir='ltr'><strong>vera</strong></span> <span class='ocrx_word' id='word_1_70' title='bbox 1474 902 1538 943; x_wconf 89' lang='lat' dir='ltr'><strong>ac</strong></span> <span class='ocrx_word' id='word_1_71' title='bbox 1587 888 1808 959; x_wconf 87' lang='lat' dir='ltr'><strong>propria</strong></span> <span class='ocrx_word' id='word_1_72' title='bbox 1841 887 2013 941; x_wconf 83' lang='lat' dir='ltr'><strong>forma</strong></span> 
     </span>
    </p>
   </div>
   <div class='ocr_carea' id='block_1_10' title="bbox 435 978 2015 1057">
    <p class='ocr_par' dir='ltr' id='par_1_10' title="bbox 435 978 2015 1057">
     <span class='ocr_line' id='line_1_10' title="bbox 435 978 2015 1057; baseline -0.006 -16"><span class='ocrx_word' id='word_1_73' title='bbox 435 985 847 1057; x_wconf 87' lang='lat' dir='ltr'><strong>perturbaretur</strong></span> <span class='ocrx_word' id='word_1_74' title='bbox 880 1000 895 1037; x_wconf 91' lang='lat'><strong>:</strong></span> <span class='ocrx_word' id='word_1_75' title='bbox 927 981 1197 1052; x_wconf 85' lang='lat' dir='ltr'><strong>siquidem</strong></span> <span class='ocrx_word' id='word_1_76' title='bbox 1246 996 1355 1034; x_wconf 90' lang='lat' dir='ltr'><strong>non</strong></span> <span class='ocrx_word' id='word_1_77' title='bbox 1392 981 1573 1049; x_wconf 91' lang='lat' dir='ltr'><strong>specie</strong></span> <span class='ocrx_word' id='word_1_78' title='bbox 1616 987 1777 1035; x_wconf 81' lang='lat' dir='ltr'><strong>tenus</strong></span> <span class='ocrx_word' id='word_1_79' title='bbox 1823 978 2015 1033; x_wconf 88' lang='lat' dir='ltr'><strong>adum-</strong></span> 
     </span>
    </p>
   </div>
   <div class='ocr_carea' id='block_1_11' title="bbox 436 1067 2016 1139">
    <p class='ocr_par' dir='ltr' id='par_1_11' title="bbox 436 1067 2016 1139">
     <span class='ocr_line' id='line_1_11' title="bbox 436 1067 2016 1139; baseline -0.005 -10"><span class='ocrx_word' id='word_1_80' title='bbox 436 1076 590 1130; x_wconf 89' lang='lat' dir='ltr'><strong>brata</strong></span> <span class='ocrx_word' id='word_1_81' title='bbox 621 1071 927 1128; x_wconf 88' lang='lat' dir='ltr'><strong>incarnatio</strong></span> <span class='ocrx_word' id='word_1_82' title='bbox 961 1072 1049 1125; x_wconf 88' lang='lat' dir='ltr'><strong>illa</strong></span> <span class='ocrx_word' id='word_1_83' title='bbox 1082 1069 1201 1123; x_wconf 80' lang='lat' dir='ltr'><strong>fuit.</strong></span> <span class='ocrx_word' id='word_1_84' title='bbox 1245 1067 1350 1123; x_wconf 91' lang='lat' dir='ltr'><strong>Sed</strong></span> <span class='ocrx_word' id='word_1_85' title='bbox 1386 1068 1842 1139; x_wconf 82' lang='lat' dir='ltr'><strong>quemadmodum</strong></span> <span class='ocrx_word' id='word_1_86' title='bbox 1878 1083 2016 1138; x_wconf 68' lang='lat' dir='ltr'><strong>pra}-</strong></span> 
     </span>
    </p>
   </div>
   <div class='ocr_carea' id='block_1_12' title="bbox 436 1158 2013 1236">
    <p class='ocr_par' dir='ltr' id='par_1_12' title="bbox 436 1158 2013 1236">
     <span class='ocr_line' id='line_1_12' title="bbox 436 1158 2013 1236; baseline -0.005 -16"><span class='ocrx_word' id='word_1_87' title='bbox 436 1174 629 1236; x_wconf 90' lang='lat' dir='ltr'><strong>potens</strong></span> <span class='ocrx_word' id='word_1_88' title='bbox 659 1163 932 1235; x_wconf 85' lang='lat' dir='ltr'><strong>quispiam</strong></span> <span class='ocrx_word' id='word_1_89' title='bbox 973 1177 1069 1216; x_wconf 85' lang='lat' dir='ltr'><strong>rex</strong></span> <span class='ocrx_word' id='word_1_90' title='bbox 1104 1176 1229 1216; x_wconf 91' lang='lat' dir='ltr'><strong>cum</strong></span> <span class='ocrx_word' id='word_1_91' title='bbox 1276 1160 1540 1215; x_wconf 79' lang='lat' dir='ltr'><strong>inferiore</strong></span> <span class='ocrx_word' id='word_1_92' title='bbox 1584 1160 1769 1229; x_wconf 86' lang='lat' dir='ltr'><strong>aliquo</strong></span> <span class='ocrx_word' id='word_1_93' title='bbox 1810 1158 2013 1212; x_wconf 81' lang='lat' dir='ltr'><strong>bellum</strong></span> 
     </span>
    </p>
   </div>
   <div class='ocr_carea' id='block_1_13' title="bbox 434 1250 2017 1329">
    <p class='ocr_par' dir='ltr' id='par_1_13' title="bbox 434 1250 2017 1329">
     <span class='ocr_line' id='line_1_13' title="bbox 434 1250 2017 1329; baseline -0.006 -16"><span class='ocrx_word' id='word_1_94' title='bbox 434 1273 650 1329; x_wconf 81' lang='lat' dir='ltr'><strong>gerens,</strong></span> <span class='ocrx_word' id='word_1_95' title='bbox 696 1270 872 1325; x_wconf 84' lang='lat' dir='ltr'><strong>neque</strong></span> <span class='ocrx_word' id='word_1_96' title='bbox 915 1253 1173 1309; x_wconf 84' lang='lat' dir='ltr'><strong>dubitans</strong></span> <span class='ocrx_word' id='word_1_97' title='bbox 1212 1252 1343 1323; x_wconf 91' lang='lat' dir='ltr'><strong>quin</strong></span> <span class='ocrx_word' id='word_1_98' title='bbox 1370 1252 1414 1307; x_wconf 93' lang='lat' dir='ltr'><strong>si</strong></span> <span class='ocrx_word' id='word_1_99' title='bbox 1450 1267 1574 1305; x_wconf 86' lang='lat' dir='ltr'><strong>cum</strong></span> <span class='ocrx_word' id='word_1_100' title='bbox 1608 1251 1782 1321; x_wconf 87' lang='lat' dir='ltr'><strong>c0piis</strong></span> <span class='ocrx_word' id='word_1_101' title='bbox 1807 1250 1924 1305; x_wconf 87' lang='lat' dir='ltr'><strong>suis</strong></span> <span class='ocrx_word' id='word_1_102' title='bbox 1953 1264 2017 1303; x_wconf 87' lang='lat' dir='ltr'><strong>ac</strong></span> 
     </span>
    </p>
   </div>
   <div class='ocr_carea' id='block_1_14' title="bbox 435 1341 2007 1422">
    <p class='ocr_par' dir='ltr' id='par_1_14' title="bbox 435 1341 2007 1422">
     <span class='ocr_line' id='line_1_14' title="bbox 435 1341 2007 1422; baseline -0.006 -17"><span class='ocrx_word' id='word_1_103' title='bbox 435 1350 649 1422; x_wconf 85' lang='lat' dir='ltr'><strong>magnis</strong></span> <span class='ocrx_word' id='word_1_104' title='bbox 686 1348 893 1403; x_wconf 82' lang='lat' dir='ltr'><strong>viribus</strong></span> <span class='ocrx_word' id='word_1_105' title='bbox 925 1347 1226 1401; x_wconf 78' lang='lat' dir='ltr'><strong>irruentem</strong></span> <span class='ocrx_word' id='word_1_106' title='bbox 1264 1359 1387 1421; x_wconf 88' lang='lat' dir='ltr'><strong>sese</strong></span> <span class='ocrx_word' id='word_1_107' title='bbox 1420 1343 1593 1399; x_wconf 92' lang='lat' dir='ltr'><strong>hostis</strong></span> <span class='ocrx_word' id='word_1_108' title='bbox 1622 1343 1712 1397; x_wconf 90' lang='lat' dir='ltr'><strong>ille</strong></span> <span class='ocrx_word' id='word_1_109' title='bbox 1749 1341 2007 1407; x_wconf 86' lang='lat' dir='ltr'><strong>senserit,</strong></span> 
     </span>
    </p>
   </div>
   <div class='ocr_carea' id='block_1_15' title="bbox 436 1434 2018 1510">
    <p class='ocr_par' dir='ltr' id='par_1_15' title="bbox 436 1434 2018 1510">
     <span class='ocr_line' id='line_1_15' title="bbox 436 1434 2018 1510; baseline -0.005 -13"><span class='ocrx_word' id='word_1_110' title='bbox 436 1443 840 1498; x_wconf 87' lang='lat' dir='ltr'><strong>detrectaturus</strong></span> <span class='ocrx_word' id='word_1_111' title='bbox 872 1439 943 1496; x_wconf 91' lang='lat' dir='ltr'><strong>sit</strong></span> <span class='ocrx_word' id='word_1_112' title='bbox 986 1439 1229 1510; x_wconf 73' lang='lat' dir='ltr'><strong>przelium</strong></span> <span class='ocrx_word' id='word_1_113' title='bbox 1252 1478 1266 1503; x_wconf 96' lang='lat'><strong>,</strong></span> <span class='ocrx_word' id='word_1_114' title='bbox 1303 1453 1365 1491; x_wconf 89' lang='lat' dir='ltr'><strong>ac</strong></span> <span class='ocrx_word' id='word_1_115' title='bbox 1397 1436 1561 1492; x_wconf 91' lang='lat' dir='ltr'><strong>saluti</strong></span> <span class='ocrx_word' id='word_1_116' title='bbox 1593 1452 1706 1492; x_wconf 70' lang='lat' dir='ltr'><strong>sua:</strong></span> <span class='ocrx_word' id='word_1_117' title='bbox 1736 1434 1859 1506; x_wconf 82' lang='lat' dir='ltr'><strong>fuga</strong></span> <span class='ocrx_word' id='word_1_118' title='bbox 1891 1450 2018 1490; x_wconf 88' lang='lat' dir='ltr'><strong>con-</strong></span> 
     </span>
    </p>
   </div>
   <div class='ocr_carea' id='block_1_16' title="bbox 437 1526 2017 1601">
    <p class='ocr_par' dir='ltr' id='par_1_16' title="bbox 437 1526 2017 1601">
     <span class='ocr_line' id='line_1_16' title="bbox 437 1526 2017 1601; baseline -0.006 -11"><span class='ocrx_word' id='word_1_119' title='bbox 437 1535 717 1599; x_wconf 87' lang='lat' dir='ltr'><strong>sulturus,</strong></span> <span class='ocrx_word' id='word_1_120' title='bbox 785 1532 1095 1601; x_wconf 78' lang='lat' dir='ltr'><strong>mnltaSque</strong></span> <span class='ocrx_word' id='word_1_121' title='bbox 1146 1528 1491 1585; x_wconf 82' lang='lat' dir='ltr'><strong>subditorum</strong></span> <span class='ocrx_word' id='word_1_122' title='bbox 1547 1527 1650 1583; x_wconf 87' lang='lat' dir='ltr'><strong>sibi</strong></span> <span class='ocrx_word' id='word_1_123' title='bbox 1704 1526 2017 1598; x_wconf 83' lang='lat' dir='ltr'><strong>provincias</strong></span> 
     </span>
    </p>
   </div>
   <div class='ocr_carea' id='block_1_17' title="bbox 437 1616 2017 1691">
    <p class='ocr_par' dir='ltr' id='par_1_17' title="bbox 437 1616 2017 1691">
     <span class='ocr_line' id='line_1_17' title="bbox 437 1616 2017 1691; baseline -0.008 -11"><span class='ocrx_word' id='word_1_124' title='bbox 437 1632 753 1681; x_wconf 73' lang='lat' dir='ltr'><strong>vastaturus</strong></span> <span class='ocrx_word' id='word_1_125' title='bbox 784 1642 795 1677; x_wconf 95' lang='lat'><strong>:</strong></span> <span class='ocrx_word' id='word_1_126' title='bbox 828 1636 952 1677; x_wconf 91' lang='lat' dir='ltr'><strong>cum</strong></span> <span class='ocrx_word' id='word_1_127' title='bbox 985 1621 1122 1686; x_wconf 67' lang='lat' dir='ltr'><strong>haec,</strong></span> <span class='ocrx_word' id='word_1_128' title='bbox 1157 1621 1401 1691; x_wconf 89' lang='lat' dir='ltr'><strong>inquam,</strong></span> <span class='ocrx_word' id='word_1_129' title='bbox 1448 1616 1683 1681; x_wconf 88' lang='lat' dir='ltr'><strong>noverit,</strong></span> <span class='ocrx_word' id='word_1_130' title='bbox 1717 1616 2017 1687; x_wconf 86' lang='lat' dir='ltr'><strong>prudenter</strong></span> 
     </span>
    </p>
   </div>
   <div class='ocr_carea' id='block_1_18' title="bbox 2114 429 3710 510">
    <p class='ocr_par' dir='ltr' id='par_1_18' title="bbox 2114 429 3710 510">
     <span class='ocr_line' id='line_1_18' title="bbox 2114 429 3710 510; baseline 0.005 -24"><span class='ocrx_word' id='word_1_131' title='bbox 2114 433 2291 487; x_wconf 83' lang='grc' dir='ltr'>τοῦτο</span> <span class='ocrx_word' id='word_1_132' title='bbox 2324 429 2516 504; x_wconf 80' lang='grc' dir='ltr'><strong>ἦλοον</strong></span> <span class='ocrx_word' id='word_1_133' title='bbox 2547 438 2635 501; x_wconf 82' lang='grc' dir='ltr'>εἰς</span> <span class='ocrx_word' id='word_1_134' title='bbox 2670 436 2784 503; x_wconf 76' lang='grc' dir='ltr'>τὴν·</span> <span class='ocrx_word' id='word_1_135' title='bbox 2815 436 2977 505; x_wconf 79' lang='grc' dir='ltr'>ὤραν</span> <span class='ocrx_word' id='word_1_136' title='bbox 3016 436 3263 505; x_wconf 79' lang='grc' dir='ltr'>ταύτην·</span> <span class='ocrx_word' id='word_1_137' title='bbox 3306 436 3398 489; x_wconf 78' lang='grc' dir='ltr'>ἵνα</span> <span class='ocrx_word' id='word_1_138' title='bbox 3433 436 3582 510; x_wconf 77' lang='grc' dir='ltr'>δείξῃ</span> <span class='ocrx_word' id='word_1_139' title='bbox 3624 440 3710 494; x_wconf 84' lang='grc' dir='ltr'>ὅτι</span> 
     </span>
    </p>
   </div>
   <div class='ocr_carea' id='block_1_19' title="bbox 2115 524 3709 598">
    <p class='ocr_par' dir='ltr' id='par_1_19' title="bbox 2115 524 3709 598">
     <span class='ocr_line' id='line_1_19' title="bbox 2115 524 3709 598; baseline 0.005 -22"><span class='ocrx_word' id='word_1_140' title='bbox 2115 524 2317 577; x_wconf 77' lang='grc' dir='ltr'>ἑκοῦσα</span> <span class='ocrx_word' id='word_1_141' title='bbox 2352 527 2384 595; x_wconf 84' lang='grc' dir='ltr'><strong>ή</strong></span> <span class='ocrx_word' id='word_1_142' title='bbox 2417 524 2580 577; x_wconf 74' lang='grc' dir='ltr'>αὑτοῦ</span> <span class='ocrx_word' id='word_1_143' title='bbox 2628 525 2817 597; x_wconf 85' lang='grc' dir='ltr'>θεότης</span> <span class='ocrx_word' id='word_1_144' title='bbox 2846 529 2924 591; x_wconf 85' lang='grc' dir='ltr'><strong>είς</strong></span> <span class='ocrx_word' id='word_1_145' title='bbox 2962 526 3117 580; x_wconf 78' lang='grc' dir='ltr'>τούτο</span> <span class='ocrx_word' id='word_1_146' title='bbox 3142 526 3387 598; x_wconf 76' lang='grc' dir='ltr'>ἐλήλυθε.</span> <span class='ocrx_word' id='word_1_147' title='bbox 3417 527 3489 579; x_wconf 84' lang='grc' dir='ltr'>Τὸ</span> <span class='ocrx_word' id='word_1_148' title='bbox 3510 527 3585 592; x_wconf 77' lang='grc' dir='ltr'><strong>δὲ,</strong></span> <span class='ocrx_word' id='word_1_149' title='bbox 3614 547 3709 584; x_wconf 83' lang='grc' dir='ltr'>τε-</span> 
     </span>
    </p>
   </div>
   <div class='ocr_carea' id='block_1_20' title="bbox 2115 612 3708 691">
    <p class='ocr_par' dir='ltr' id='par_1_20' title="bbox 2115 612 3708 691">
     <span class='ocr_line' id='line_1_20' title="bbox 2115 612 3708 691; baseline 0.004 -23"><span class='ocrx_word' id='word_1_150' title='bbox 2115 614 2422 682; x_wconf 78' lang='grc' dir='ltr'>τάρακται,</span> <span class='ocrx_word' id='word_1_151' title='bbox 2466 616 2553 669; x_wconf 83' lang='grc' dir='ltr'>ἵνα</span> <span class='ocrx_word' id='word_1_152' title='bbox 2594 616 2655 669; x_wconf 85' lang='grc' dir='ltr'><strong>τὸ</strong></span> <span class='ocrx_word' id='word_1_153' title='bbox 2697 612 2836 681; x_wconf 81' lang='grc' dir='ltr'>εἶδος</span> <span class='ocrx_word' id='word_1_154' title='bbox 2870 618 2967 688; x_wconf 82' lang='grc' dir='ltr'><strong>τῆς</strong></span> <span class='ocrx_word' id='word_1_155' title='bbox 2998 616 3257 689; x_wconf 80' lang='grc' dir='ltr'><strong>ἀληθείας</strong></span> <span class='ocrx_word' id='word_1_156' title='bbox 3297 618 3398 687; x_wconf 78' lang='grc' dir='ltr'><strong>τῆς</strong></span> <span class='ocrx_word' id='word_1_157' title='bbox 3439 619 3708 691; x_wconf 81' lang='grc' dir='ltr'>ὲνσὰρκου</span> 
     </span>
    </p>
   </div>
   <div class='ocr_carea' id='block_1_21' title="bbox 2115 707 3710 784">
    <p class='ocr_par' dir='ltr' id='par_1_21' title="bbox 2115 707 3710 784">
     <span class='ocr_line' id='line_1_21' title="bbox 2115 707 3710 784; baseline 0.003 -24"><span class='ocrx_word' id='word_1_158' title='bbox 2115 707 2281 761; x_wconf 81' lang='grc' dir='ltr'>αὑτοῦ</span> <span class='ocrx_word' id='word_1_159' title='bbox 2322 709 2627 779; x_wconf 80' lang='grc' dir='ltr'>παρουσίας</span> <span class='ocrx_word' id='word_1_160' title='bbox 2675 708 2749 780; x_wconf 81' lang='grc' dir='ltr'>μὴ</span> <span class='ocrx_word' id='word_1_161' title='bbox 2788 709 3058 780; x_wconf 77' lang='grc' dir='ltr'><strong>ταραχθῇ·</strong></span> <span class='ocrx_word' id='word_1_162' title='bbox 3092 709 3154 763; x_wconf 86' lang='grc' dir='ltr'><strong>οὑ</strong></span> <span class='ocrx_word' id='word_1_163' title='bbox 3186 708 3295 780; x_wconf 84' lang='grc' dir='ltr'><strong>γὰρ</strong></span> <span class='ocrx_word' id='word_1_164' title='bbox 3333 710 3553 781; x_wconf 83' lang='grc' dir='ltr'><strong>δοκήσει</strong></span> <span class='ocrx_word' id='word_1_165' title='bbox 3576 707 3645 783; x_wconf 78' lang='grc' dir='ltr'>ἦν</span> <span class='ocrx_word' id='word_1_166' title='bbox 3673 713 3710 784; x_wconf 79' lang='grc' dir='ltr'><strong>ή</strong></span> 
     </span>
    </p>
   </div>
   <div class='ocr_carea' id='block_1_22' title="bbox 2115 800 3709 874">
    <p class='ocr_par' dir='ltr' id='par_1_22' title="bbox 2115 800 3709 874">
     <span class='ocr_line' id='line_1_22' title="bbox 2115 800 3709 874; baseline 0.004 -23"><span class='ocrx_word' id='word_1_167' title='bbox 2115 800 2380 872; x_wconf 79' lang='grc' dir='ltr'>ἒνσαρκος</span> <span class='ocrx_word' id='word_1_168' title='bbox 2426 801 2721 871; x_wconf 76' lang='grc' dir='ltr'>παρουσία.</span> <span class='ocrx_word' id='word_1_169' title='bbox 2767 800 2928 853; x_wconf 67' lang='grc' dir='ltr'>Ἀλλὰ</span> <span class='ocrx_word' id='word_1_170' title='bbox 2962 801 3121 872; x_wconf 85' lang='grc' dir='ltr'>δίκην</span> <span class='ocrx_word' id='word_1_171' title='bbox 3156 801 3425 872; x_wconf 81' lang='grc' dir='ltr'>βασιλέως</span> <span class='ocrx_word' id='word_1_172' title='bbox 3468 804 3709 874; x_wconf 78' lang='grc' dir='ltr'>μεγάλου</span> 
     </span>
    </p>
   </div>
   <div class='ocr_carea' id='block_1_23' title="bbox 2118 891 3706 965">
    <p class='ocr_par' dir='ltr' id='par_1_23' title="bbox 2118 891 3706 965">
     <span class='ocr_line' id='line_1_23' title="bbox 2118 891 3706 965; baseline 0.003 -18"><span class='ocrx_word' id='word_1_173' title='bbox 2118 892 2352 963; x_wconf 86' lang='grc' dir='ltr'>πόλεμον</span> <span class='ocrx_word' id='word_1_174' title='bbox 2381 892 2593 963; x_wconf 76' lang='grc' dir='ltr'>ἔχοντος</span> <span class='ocrx_word' id='word_1_175' title='bbox 2624 891 2759 963; x_wconf 82' lang='grc' dir='ltr'>πρὸς</span> <span class='ocrx_word' id='word_1_176' title='bbox 2786 892 3192 965; x_wconf 76' lang='grc' dir='ltr'>ὑποδεέστερον,</span> <span class='ocrx_word' id='word_1_177' title='bbox 3222 893 3317 947; x_wconf 76' lang='grc' dir='ltr'><strong>καὶ</strong></span> <span class='ocrx_word' id='word_1_178' title='bbox 3341 893 3706 963; x_wconf 79' lang='grc' dir='ltr'><strong>γινώσκοντος</strong></span> 
     </span>
    </p>
   </div>
   <div class='ocr_carea' id='block_1_24' title="bbox 2115 982 3710 1057">
    <p class='ocr_par' dir='ltr' id='par_1_24' title="bbox 2115 982 3710 1057">
     <span class='ocr_line' id='line_1_24' title="bbox 2115 982 3710 1057; baseline 0 -18"><span class='ocrx_word' id='word_1_179' title='bbox 2115 986 2197 1039; x_wconf 84' lang='grc' dir='ltr'><strong>ὅτι</strong></span> <span class='ocrx_word' id='word_1_180' title='bbox 2226 988 2254 1039; x_wconf 97' lang='lat'><strong>6</strong></span> <span class='ocrx_word' id='word_1_181' title='bbox 2285 984 2477 1057; x_wconf 82' lang='grc' dir='ltr'>ἐχθρὸς</span> <span class='ocrx_word' id='word_1_182' title='bbox 2506 982 2668 1037; x_wconf 74' lang='grc' dir='ltr'>αὑτοῦ</span> <span class='ocrx_word' id='word_1_183' title='bbox 2705 984 2865 1055; x_wconf 78' lang='grc' dir='ltr'>εἴπερ</span> <span class='ocrx_word' id='word_1_184' title='bbox 2902 984 2986 1055; x_wconf 76' lang='grc' dir='ltr'>ἴδῃ</span> <span class='ocrx_word' id='word_1_185' title='bbox 3017 983 3181 1037; x_wconf 80' lang='grc' dir='ltr'>αὑτὸν</span> <span class='ocrx_word' id='word_1_186' title='bbox 3210 984 3268 1037; x_wconf 78' lang='grc' dir='ltr'><strong>ἐν</strong></span> <span class='ocrx_word' id='word_1_187' title='bbox 3293 984 3521 1055; x_wconf 82' lang='grc' dir='ltr'>δυνάμει</span> <span class='ocrx_word' id='word_1_188' title='bbox 3550 985 3710 1056; x_wconf 65' lang='grc' dir='ltr'>ἐρχό-</span> 
     </span>
    </p>
   </div>
   <div class='ocr_carea' id='block_1_25' title="bbox 2120 1075 3712 1148">
    <p class='ocr_par' dir='ltr' id='par_1_25' title="bbox 2120 1075 3712 1148">
     <span class='ocr_line' id='line_1_25' title="bbox 2120 1075 3712 1148; baseline -0.001 -17"><span class='ocrx_word' id='word_1_189' title='bbox 2120 1095 2280 1148; x_wconf 83' lang='grc' dir='ltr'>μενον</span> <span class='ocrx_word' id='word_1_190' title='bbox 2300 1076 2395 1130; x_wconf 70' lang='grc' dir='ltr'><strong>καὶ</strong></span> <span class='ocrx_word' id='word_1_191' title='bbox 2424 1075 2567 1147; x_wconf 77' lang='grc' dir='ltr'>ἰσχύϊ</span> <span class='ocrx_word' id='word_1_192' title='bbox 2596 1076 2787 1147; x_wconf 78' lang='grc' dir='ltr'>πολλῇ,</span> <span class='ocrx_word' id='word_1_193' title='bbox 2816 1076 3216 1147; x_wconf 83' lang='grc' dir='ltr'>παραιτήσεται</span> <span class='ocrx_word' id='word_1_194' title='bbox 3250 1075 3345 1130; x_wconf 76' lang='grc' dir='ltr'><strong>καὶ</strong></span> <span class='ocrx_word' id='word_1_195' title='bbox 3365 1076 3712 1148; x_wconf 82' lang='grc' dir='ltr'>τραπήσεται</span> 
     </span>
    </p>
   </div>
   <div class='ocr_carea' id='block_1_26' title="bbox 2118 1167 3712 1241">
    <p class='ocr_par' dir='ltr' id='par_1_26' title="bbox 2118 1167 3712 1241">
     <span class='ocr_line' id='line_1_26' title="bbox 2118 1167 3712 1241; baseline 0.003 -20"><span class='ocrx_word' id='word_1_196' title='bbox 2118 1169 2255 1239; x_wconf 75' lang='grc' dir='ltr'>πρὸς</span> <span class='ocrx_word' id='word_1_197' title='bbox 2283 1168 2485 1241; x_wconf 78' lang='grc' dir='ltr'>φυγὴν,</span> <span class='ocrx_word' id='word_1_198' title='bbox 2511 1169 2605 1223; x_wconf 72' lang='grc' dir='ltr'><strong>καὶ</strong></span> <span class='ocrx_word' id='word_1_199' title='bbox 2637 1168 2838 1233; x_wconf 84' lang='grc' dir='ltr'>πολλὰς</span> <span class='ocrx_word' id='word_1_200' title='bbox 2866 1167 3051 1240; x_wconf 88' lang='grc' dir='ltr'>χώρας</span> <span class='ocrx_word' id='word_1_201' title='bbox 3085 1167 3193 1221; x_wconf 85' lang='grc' dir='ltr'><strong>τῶν</strong></span> <span class='ocrx_word' id='word_1_202' title='bbox 3228 1168 3556 1239; x_wconf 78' lang='grc' dir='ltr'>ὑποχειρίων</span> <span class='ocrx_word' id='word_1_203' title='bbox 3574 1169 3712 1240; x_wconf 86' lang='grc' dir='ltr'>ἀφα-</span> 
     </span>
    </p>
   </div>
   <div class='ocr_carea' id='block_1_27' title="bbox 2117 1259 3712 1333">
    <p class='ocr_par' dir='ltr' id='par_1_27' title="bbox 2117 1259 3712 1333">
     <span class='ocr_line' id='line_1_27' title="bbox 2117 1259 3712 1333; baseline 0 -20"><span class='ocrx_word' id='word_1_204' title='bbox 2117 1261 2277 1326; x_wconf 90' lang='grc' dir='ltr'>νίσει,</span> <span class='ocrx_word' id='word_1_205' title='bbox 2308 1262 2403 1313; x_wconf 71' lang='grc' dir='ltr'><strong>καὶ</strong></span> <span class='ocrx_word' id='word_1_206' title='bbox 2440 1260 2528 1313; x_wconf 85' lang='grc' dir='ltr'><strong>διά</strong></span> <span class='ocrx_word' id='word_1_207' title='bbox 2574 1259 2732 1313; x_wconf 83' lang='grc' dir='ltr'>τοῦτο</span> <span class='ocrx_word' id='word_1_208' title='bbox 2780 1259 3253 1331; x_wconf 72' lang='grc' dir='ltr'>σχηματιζομένω</span> <span class='ocrx_word' id='word_1_209' title='bbox 3295 1262 3363 1331; x_wconf 83' lang='grc' dir='ltr'>τῇ</span> <span class='ocrx_word' id='word_1_210' title='bbox 3403 1259 3511 1331; x_wconf 74' lang='grc' dir='ltr'>ίδίᾳ</span> <span class='ocrx_word' id='word_1_211' title='bbox 3544 1260 3712 1333; x_wconf 72' lang='grc' dir='ltr'>σοφίᾳ</span> 
     </span>
    </p>
   </div>
   <div class='ocr_carea' id='block_1_28' title="bbox 2118 1352 3708 1424">
    <p class='ocr_par' dir='ltr' id='par_1_28' title="bbox 2118 1352 3708 1424">
     <span class='ocr_line' id='line_1_28' title="bbox 2118 1352 3708 1424; baseline 0.002 -19"><span class='ocrx_word' id='word_1_212' title='bbox 2118 1353 2442 1424; x_wconf 83' lang='grc' dir='ltr'>προφάσεις,</span> <span class='ocrx_word' id='word_1_213' title='bbox 2486 1354 2581 1406; x_wconf 69' lang='grc' dir='ltr'><strong>καὶ</strong></span> <span class='ocrx_word' id='word_1_214' title='bbox 2618 1352 2765 1407; x_wconf 82' lang='grc' dir='ltr'>νῶτα</span> <span class='ocrx_word' id='word_1_215' title='bbox 2806 1352 3039 1417; x_wconf 82' lang='grc' dir='ltr'>διδόντος</span> <span class='ocrx_word' id='word_1_216' title='bbox 3075 1353 3171 1405; x_wconf 76' lang='grc' dir='ltr'><strong>καὶ</strong></span> <span class='ocrx_word' id='word_1_217' title='bbox 3198 1352 3708 1424; x_wconf 84' lang='grc' dir='ltr'>ἀποδιδράσκοντος,</span> 
     </span>
    </p>
   </div>
   <div class='ocr_carea' id='block_1_29' title="bbox 2117 1442 3708 1517">
    <p class='ocr_par' dir='ltr' id='par_1_29' title="bbox 2117 1442 3708 1517">
     <span class='ocr_line' id='line_1_29' title="bbox 2117 1442 3708 1517; baseline 0.001 -21"><span class='ocrx_word' id='word_1_218' title='bbox 2117 1445 2222 1508; x_wconf 73' lang='grc' dir='ltr'>ἕως</span> <span class='ocrx_word' id='word_1_219' title='bbox 2259 1444 2514 1516; x_wconf 79' lang='grc' dir='ltr'>ό.ὲχθρὸς</span> <span class='ocrx_word' id='word_1_220' title='bbox 2546 1443 2727 1497; x_wconf 76' lang='grc' dir='ltr'>λαϐὼν</span> <span class='ocrx_word' id='word_1_221' title='bbox 2758 1442 2962 1517; x_wconf 79' lang='grc' dir='ltr'>θάρσος</span> <span class='ocrx_word' id='word_1_222' title='bbox 3001 1443 3385 1515; x_wconf 81' lang='grc' dir='ltr'>κατεπιθῆται,</span> <span class='ocrx_word' id='word_1_223' title='bbox 3421 1444 3497 1509; x_wconf 84' lang='grc' dir='ltr'>ὡς</span> <span class='ocrx_word' id='word_1_224' title='bbox 3532 1443 3708 1499; x_wconf 85' lang='grc' dir='ltr'>δειλοὺ</span> 
     </span>
    </p>
   </div>
   <div class='ocr_carea' id='block_1_30' title="bbox 2118 1535 3709 1609">
    <p class='ocr_par' dir='ltr' id='par_1_30' title="bbox 2118 1535 3709 1609">
     <span class='ocr_line' id='line_1_30' title="bbox 2118 1535 3709 1609; baseline 0 -17"><span class='ocrx_word' id='word_1_225' title='bbox 2118 1539 2215 1592; x_wconf 71' lang='grc' dir='ltr'><strong>καὶ</strong></span> <span class='ocrx_word' id='word_1_226' title='bbox 2249 1537 2511 1592; x_wconf 73' lang='grc' dir='ltr'>ἀδυνάτου</span> <span class='ocrx_word' id='word_1_227' title='bbox 2541 1537 2637 1591; x_wconf 85' lang='grc' dir='ltr'>τοῦ</span> <span class='ocrx_word' id='word_1_228' title='bbox 2684 1536 2973 1609; x_wconf 80' lang='grc' dir='ltr'>βασιλέως,</span> <span class='ocrx_word' id='word_1_229' title='bbox 3015 1536 3111 1591; x_wconf 75' lang='grc' dir='ltr'><strong>καὶ</strong></span> <span class='ocrx_word' id='word_1_230' title='bbox 3153 1535 3333 1601; x_wconf 84' lang='grc' dir='ltr'>διώξει</span> <span class='ocrx_word' id='word_1_231' title='bbox 3365 1537 3549 1591; x_wconf 78' lang='grc' dir='ltr'>αὐτόν’</span> <span class='ocrx_word' id='word_1_232' title='bbox 3591 1540 3620 1592; x_wconf 89' lang='lat'><strong>6</strong></span> <span class='ocrx_word' id='word_1_233' title='bbox 3652 1538 3709 1592; x_wconf 69' lang='grc' dir='ltr'>δὲ</span> 
     </span>
    </p>
   </div>
   <div class='ocr_carea' id='block_1_31' title="bbox 2120 1625 3709 1700">
    <p class='ocr_par' dir='ltr' id='par_1_31' title="bbox 2120 1625 3709 1700">
     <span class='ocr_line' id='line_1_31' title="bbox 2120 1625 3709 1700; baseline 0.001 -18"><span class='ocrx_word' id='word_1_234' title='bbox 2120 1628 2374 1700; x_wconf 81' lang='grc' dir='ltr'>βασιλεὺς</span> <span class='ocrx_word' id='word_1_235' title='bbox 2412 1629 2673 1700; x_wconf 69' lang='grc' dir='ltr'>στραφεὶς</span> <span class='ocrx_word' id='word_1_236' title='bbox 2707 1627 2990 1697; x_wconf 76' lang='grc' dir='ltr'>αἰφνιδίως</span> <span class='ocrx_word' id='word_1_237' title='bbox 3034 1625 3174 1698; x_wconf 86' lang='grc' dir='ltr'><strong>μετά</strong></span> <span class='ocrx_word' id='word_1_238' title='bbox 3210 1626 3312 1696; x_wconf 82' lang='grc' dir='ltr'>τῆς</span> <span class='ocrx_word' id='word_1_239' title='bbox 3348 1628 3515 1681; x_wconf 76' lang='grc' dir='ltr'>αὑτοῦ</span> <span class='ocrx_word' id='word_1_240' title='bbox 3544 1628 3709 1684; x_wconf 84' lang='grc' dir='ltr'>δυνά-</span> 
     </span>
    </p>
   </div>
   <div class='ocr_carea' id='block_1_32' title="bbox 437 1704 2019 1792">
    <p class='ocr_par' dir='ltr' id='par_1_32' title="bbox 437 1709 2017 1783">
     <span class='ocr_line' id='line_1_32' title="bbox 437 1709 2017 1783; baseline -0.006 -10"><span class='ocrx_word' id='word_1_241' title='bbox 437 1719 592 1773; x_wconf 90' lang='lat' dir='ltr'><strong>illum</strong></span> <span class='ocrx_word' id='word_1_242' title='bbox 624 1716 833 1771; x_wconf 86' lang='lat' dir='ltr'><strong>artibus</strong></span> <span class='ocrx_word' id='word_1_243' title='bbox 867 1713 983 1769; x_wconf 89' lang='lat' dir='ltr'><strong>suis</strong></span> <span class='ocrx_word' id='word_1_244' title='bbox 1017 1727 1081 1767; x_wconf 87' lang='lat' dir='ltr'><strong>ac</strong></span> <span class='ocrx_word' id='word_1_245' title='bbox 1111 1710 1294 1783; x_wconf 86' lang='lat' dir='ltr'><strong>specie</strong></span> <span class='ocrx_word' id='word_1_246' title='bbox 1323 1709 1565 1775; x_wconf 90' lang='lat' dir='ltr'><strong>deludit,</strong></span> <span class='ocrx_word' id='word_1_247' title='bbox 1614 1716 1766 1779; x_wconf 77' lang='lat' dir='ltr'><strong>terga</strong></span> <span class='ocrx_word' id='word_1_248' title='bbox 1798 1719 2017 1764; x_wconf 89' lang='lat' dir='ltr'><strong>vertens</strong></span> 
     </span>
    </p>
   </div>
   <div class='ocr_carea' id='block_1_33' title="bbox 2121 1704 3710 1792">
    <p class='ocr_par' dir='ltr' id='par_1_33' title="bbox 2121 1718 3710 1792">
     <span class='ocr_line' id='line_1_33' title="bbox 2121 1718 3710 1792; baseline -0.001 -17"><span class='ocrx_word' id='word_1_249' title='bbox 2121 1739 2268 1792; x_wconf 86' lang='grc' dir='ltr'>μεως</span> <span class='ocrx_word' id='word_1_250' title='bbox 2301 1720 2421 1775; x_wconf 80' lang='grc' dir='ltr'>ὅλον</span> <span class='ocrx_word' id='word_1_251' title='bbox 2466 1720 2778 1792; x_wconf 87' lang='grc' dir='ltr'>ὑποχείριον</span> <span class='ocrx_word' id='word_1_252' title='bbox 2807 1718 3018 1783; x_wconf 81' lang='grc' dir='ltr'>δέξεται</span> <span class='ocrx_word' id='word_1_253' title='bbox 3050 1718 3142 1773; x_wconf 77' lang='grc' dir='ltr'>τὸν</span> <span class='ocrx_word' id='word_1_254' title='bbox 3178 1718 3381 1789; x_wconf 80' lang='grc' dir='ltr'>ἀσθενῆ</span> <span class='ocrx_word' id='word_1_255' title='bbox 3414 1719 3509 1772; x_wconf 83' lang='grc' dir='ltr'>καὶ</span> <span class='ocrx_word' id='word_1_256' title='bbox 3548 1720 3710 1774; x_wconf 85' lang='grc' dir='ltr'>ὑπεν-</span> 
     </span>
    </p>
   </div>
   <div class='ocr_carea' id='block_1_34' title="bbox 436 1797 2017 1880">
    <p class='ocr_par' dir='ltr' id='par_1_34' title="bbox 436 1797 2017 1880">
     <span class='ocr_line' id='line_1_34' title="bbox 436 1797 2017 1880; baseline -0.008 -16"><span class='ocrx_word' id='word_1_257' title='bbox 436 1818 490 1865; x_wconf 91' lang='lat' dir='ltr'><strong>et</strong></span> <span class='ocrx_word' id='word_1_258' title='bbox 520 1807 756 1880; x_wconf 76' lang='lat' dir='ltr'><strong>fugiens,</strong></span> <span class='ocrx_word' id='word_1_259' title='bbox 786 1805 959 1861; x_wconf 88' lang='lat' dir='ltr'><strong>donec</strong></span> <span class='ocrx_word' id='word_1_260' title='bbox 986 1803 1159 1859; x_wconf 87' lang='lat' dir='ltr'><strong>hostis</strong></span> <span class='ocrx_word' id='word_1_261' title='bbox 1187 1799 1513 1856; x_wconf 81' lang='lat' dir='ltr'><strong>conﬁrmato</strong></span> <span class='ocrx_word' id='word_1_262' title='bbox 1537 1797 1721 1853; x_wconf 85' lang='lat' dir='ltr'><strong>animo</strong></span> <span class='ocrx_word' id='word_1_263' title='bbox 1750 1797 1806 1852; x_wconf 81' lang='lat' dir='ltr'><strong>in</strong></span> <span class='ocrx_word' id='word_1_264' title='bbox 1837 1797 2017 1869; x_wconf 91' lang='lat' dir='ltr'><strong>ipsum</strong></span> 
     </span>
    </p>
   </div>
   <div class='ocr_carea' id='block_1_35' title="bbox 436 1888 2019 1963">
    <p class='ocr_par' dir='ltr' id='par_1_35' title="bbox 436 1888 2019 1963">
     <span class='ocr_line' id='line_1_35' title="bbox 436 1888 2019 1963; baseline -0.01 -4"><span class='ocrx_word' id='word_1_265' title='bbox 436 1902 587 1959; x_wconf 90' lang='lat' dir='ltr'><strong>velut</strong></span> <span class='ocrx_word' id='word_1_266' title='bbox 632 1898 883 1954; x_wconf 90' lang='lat' dir='ltr'><strong>timidum</strong></span> <span class='ocrx_word' id='word_1_267' title='bbox 920 1904 973 1953; x_wconf 91' lang='lat' dir='ltr'><strong>et</strong></span> <span class='ocrx_word' id='word_1_268' title='bbox 1007 1895 1342 1950; x_wconf 90' lang='lat' dir='ltr'><strong>imbecillum</strong></span> <span class='ocrx_word' id='word_1_269' title='bbox 1390 1891 1808 1963; x_wconf 89' lang='lat' dir='ltr'><strong>impressionem</strong></span> <span class='ocrx_word' id='word_1_270' title='bbox 1855 1888 2019 1944; x_wconf 81' lang='lat' dir='ltr'><strong>faciat</strong></span> 
     </span>
    </p>
   </div>
   <div class='ocr_carea' id='block_1_36' title="bbox 438 1984 2020 2064">
    <p class='ocr_par' dir='ltr' id='par_1_36' title="bbox 438 1984 2020 2064">
     <span class='ocr_line' id='line_1_36' title="bbox 438 1984 2020 2064; baseline -0.009 -13"><span class='ocrx_word' id='word_1_271' title='bbox 438 2010 504 2051; x_wconf 89' lang='lat' dir='ltr'><strong>ac</strong></span> <span class='ocrx_word' id='word_1_272' title='bbox 566 2002 966 2064; x_wconf 85' lang='lat' dir='ltr'><strong>persequatur:</strong></span> <span class='ocrx_word' id='word_1_273' title='bbox 1018 1995 1133 2042; x_wconf 91' lang='lat' dir='ltr'><strong>tum</strong></span> <span class='ocrx_word' id='word_1_274' title='bbox 1180 2001 1275 2040; x_wconf 87' lang='lat' dir='ltr'><strong>rex</strong></span> <span class='ocrx_word' id='word_1_275' title='bbox 1324 1984 1415 2039; x_wconf 87' lang='lat' dir='ltr'><strong>ille</strong></span> <span class='ocrx_word' id='word_1_276' title='bbox 1462 1992 1684 2053; x_wconf 87' lang='lat' dir='ltr'><strong>repente</strong></span> <span class='ocrx_word' id='word_1_277' title='bbox 1720 1996 2020 2037; x_wconf 89' lang='lat' dir='ltr'><strong>conversus</strong></span> 
     </span>
    </p>
   </div>
   <div class='ocr_carea' id='block_1_37' title="bbox 437 2071 2020 2148">
    <p class='ocr_par' dir='ltr' id='par_1_37' title="bbox 437 2071 2020 2148">
     <span class='ocr_line' id='line_1_37' title="bbox 437 2071 2020 2148; baseline -0.011 -7"><span class='ocrx_word' id='word_1_278' title='bbox 437 2083 770 2141; x_wconf 87' lang='lat' dir='ltr'><strong>imbecillum</strong></span> <span class='ocrx_word' id='word_1_279' title='bbox 806 2081 968 2136; x_wconf 85' lang='lat' dir='ltr'><strong>istum</strong></span> <span class='ocrx_word' id='word_1_280' title='bbox 1001 2085 1164 2148; x_wconf 89' lang='lat' dir='ltr'><strong>atque</strong></span> <span class='ocrx_word' id='word_1_281' title='bbox 1191 2076 1401 2130; x_wconf 82' lang='lat' dir='ltr'><strong>hostem</strong></span> <span class='ocrx_word' id='word_1_282' title='bbox 1430 2074 1551 2129; x_wconf 87' lang='lat' dir='ltr'><strong>suis</strong></span> <span class='ocrx_word' id='word_1_283' title='bbox 1578 2073 1753 2143; x_wconf 79' lang='lat' dir='ltr'><strong>c0piis</strong></span> <span class='ocrx_word' id='word_1_284' title='bbox 1782 2071 2020 2126; x_wconf 83' lang='lat' dir='ltr'><strong>circum-</strong></span> 
     </span>
    </p>
   </div>
   <div class='ocr_carea' id='block_1_38' title="bbox 436 2162 2021 2242">
    <p class='ocr_par' dir='ltr' id='par_1_38' title="bbox 436 2162 2021 2242">
     <span class='ocr_line' id='line_1_38' title="bbox 436 2162 2021 2242; baseline -0.01 -11"><span class='ocrx_word' id='word_1_285' title='bbox 436 2182 661 2231; x_wconf 89' lang='lat' dir='ltr'><strong>ventum</strong></span> <span class='ocrx_word' id='word_1_286' title='bbox 702 2174 757 2227; x_wconf 91' lang='lat' dir='ltr'><strong>in</strong></span> <span class='ocrx_word' id='word_1_287' title='bbox 790 2176 1117 2242; x_wconf 86' lang='lat' dir='ltr'><strong>potestatem</strong></span> <span class='ocrx_word' id='word_1_288' title='bbox 1148 2166 1382 2236; x_wconf 77' lang='lat' dir='ltr'><strong>redigit:</strong></span> <span class='ocrx_word' id='word_1_289' title='bbox 1423 2165 1497 2219; x_wconf 90' lang='lat' dir='ltr'><strong>ita</strong></span> <span class='ocrx_word' id='word_1_290' title='bbox 1533 2162 1796 2217; x_wconf 86' lang='lat' dir='ltr'><strong>Dominus</strong></span> <span class='ocrx_word' id='word_1_291' title='bbox 1834 2171 2021 2216; x_wconf 88' lang='lat' dir='ltr'><strong>noster</strong></span> 
     </span>
    </p>
   </div>
   <div class='ocr_carea' id='block_1_39' title="bbox 438 2253 2020 2332">
    <p class='ocr_par' dir='ltr' id='par_1_39' title="bbox 438 2253 2020 2332">
     <span class='ocr_line' id='line_1_39' title="bbox 438 2253 2020 2332; baseline -0.009 -11"><span class='ocrx_word' id='word_1_292' title='bbox 438 2274 671 2323; x_wconf 85' lang='lat' dir='ltr'><strong>mortem</strong></span> <span class='ocrx_word' id='word_1_293' title='bbox 704 2264 927 2318; x_wconf 88' lang='lat' dir='ltr'><strong>minime</strong></span> <span class='ocrx_word' id='word_1_294' title='bbox 951 2259 1249 2332; x_wconf 87' lang='lat' dir='ltr'><strong>pertimuit,</strong></span> <span class='ocrx_word' id='word_1_295' title='bbox 1282 2257 1374 2328; x_wconf 90' lang='lat' dir='ltr'><strong>qui</strong></span> <span class='ocrx_word' id='word_1_296' title='bbox 1407 2256 1481 2322; x_wconf 90' lang='lat' dir='ltr'><strong>id,</strong></span> <span class='ocrx_word' id='word_1_297' title='bbox 1515 2262 1807 2325; x_wconf 86' lang='lat' dir='ltr'><strong>antequam</strong></span> <span class='ocrx_word' id='word_1_298' title='bbox 1835 2253 1898 2307; x_wconf 91' lang='lat' dir='ltr'><strong>ad</strong></span> <span class='ocrx_word' id='word_1_299' title='bbox 1924 2268 2020 2323; x_wconf 89' lang='lat' dir='ltr'><strong>pa-</strong></span> 
     </span>
    </p>
   </div>
   <div class='ocr_carea' id='block_1_40' title="bbox 420 2344 2020 2420">
    <p class='ocr_par' dir='ltr' id='par_1_40' title="bbox 420 2344 2020 2420">
     <span class='ocr_line' id='line_1_40' title="bbox 420 2344 2020 2420; baseline -0.01 -6"><span class='ocrx_word' id='word_1_300' title='bbox 420 2358 686 2414; x_wconf 73' lang='lat' dir='ltr'><strong>‘tien&#39;dum</strong></span> <span class='ocrx_word' id='word_1_301' title='bbox 727 2354 1032 2420; x_wconf 85' lang='lat' dir='ltr'><strong>accederet,</strong></span> <span class='ocrx_word' id='word_1_302' title='bbox 1065 2352 1122 2405; x_wconf 90' lang='lat' dir='ltr'><strong>in</strong></span> <span class='ocrx_word' id='word_1_303' title='bbox 1154 2350 1351 2404; x_wconf 88' lang='lat' dir='ltr'><strong>itinere</strong></span> <span class='ocrx_word' id='word_1_304' title='bbox 1385 2347 1743 2418; x_wconf 81' lang='lat' dir='ltr'><strong>signiﬁcaret,</strong></span> <span class='ocrx_word' id='word_1_305' title='bbox 1773 2344 2020 2399; x_wconf 79' lang='lat' dir='ltr'><strong>futurum</strong></span> 
     </span>
    </p>
   </div>
   <div class='ocr_carea' id='block_1_41' title="bbox 438 2434 2016 2507">
    <p class='ocr_par' dir='ltr' id='par_1_41' title="bbox 438 2434 2016 2507">
     <span class='ocr_line' id='line_1_41' title="bbox 438 2434 2016 2507; baseline -0.008 -3"><span class='ocrx_word' id='word_1_306' title='bbox 438 2449 693 2504; x_wconf 77' lang='lat' dir='ltr'><strong>videlicet</strong></span> <span class='ocrx_word' id='word_1_307' title='bbox 726 2454 787 2500; x_wconf 87' lang='lat' dir='ltr'><strong>ut</strong></span> <span class='ocrx_word' id='word_1_308' title='bbox 820 2444 998 2499; x_wconf 79' lang='lat' dir='ltr'><strong>Filius</strong></span> <span class='ocrx_word' id='word_1_309' title='bbox 1030 2440 1271 2498; x_wconf 83' lang='lat' dir='ltr'><strong>hominis</strong></span> <span class='ocrx_word' id='word_1_310' title='bbox 1306 2437 1615 2492; x_wconf 87' lang='lat' dir='ltr'><strong>traderetur</strong></span> <span class='ocrx_word' id='word_1_311' title='bbox 1648 2444 1702 2491; x_wconf 88' lang='lat' dir='ltr'><strong>et</strong></span> <span class='ocrx_word' id='word_1_312' title='bbox 1734 2434 2016 2507; x_wconf 50' lang='lat' dir='ltr'><strong>cruciﬁge.</strong></span> 
     </span>
    </p>
   </div>
   <div class='ocr_carea' id='block_1_42' title="bbox 440 2526 2017 2604">
    <p class='ocr_par' dir='ltr' id='par_1_42' title="bbox 440 2526 2017 2604">
     <span class='ocr_line' id='line_1_42' title="bbox 440 2526 2017 2604; baseline -0.01 -8"><span class='ocrx_word' id='word_1_313' title='bbox 440 2551 613 2604; x_wconf 91' lang='lat' dir='ltr'><strong>retur,</strong></span> <span class='ocrx_word' id='word_1_314' title='bbox 645 2553 711 2593; x_wconf 91' lang='lat' dir='ltr'><strong>ac</strong></span> <span class='ocrx_word' id='word_1_315' title='bbox 750 2537 912 2593; x_wconf 81' lang='lat' dir='ltr'><strong>tertia</strong></span> <span class='ocrx_word' id='word_1_316' title='bbox 942 2534 1033 2590; x_wconf 89' lang='lat' dir='ltr'><strong>die</strong></span> <span class='ocrx_word' id='word_1_317' title='bbox 1056 2536 1389 2603; x_wconf 83' lang='lat' dir='ltr'><strong>resurgeret.</strong></span> <span class='ocrx_word' id='word_1_318' title='bbox 1430 2528 1591 2585; x_wconf 91' lang='lat' dir='ltr'><strong>Petro</strong></span> <span class='ocrx_word' id='word_1_319' title='bbox 1622 2541 1752 2583; x_wconf 91' lang='lat' dir='ltr'><strong>vero</strong></span> <span class='ocrx_word' id='word_1_320' title='bbox 1782 2526 2017 2591; x_wconf 88' lang='lat' dir='ltr'><strong>dicente,</strong></span> 
     </span>
    </p>
   </div>
   <div class='ocr_carea' id='block_1_43' title="bbox 437 2619 2022 2706">
    <p class='ocr_par' dir='ltr' id='par_1_43' title="bbox 437 2619 2022 2706">
     <span class='ocr_line' id='line_1_43' title="bbox 437 2619 2022 2706; baseline -0.011 -19"><span class='ocrx_word' id='word_1_321' title='bbox 437 2633 549 2706; x_wconf 72' lang='grc' dir='ltr'><strong>ω</strong></span> <span class='ocrx_word' id='word_1_322' title='bbox 587 2630 859 2699; x_wconf 81' lang='lat' dir='ltr'><strong>PrOpitius</strong></span> <span class='ocrx_word' id='word_1_323' title='bbox 887 2626 982 2680; x_wconf 83' lang='lat' dir='ltr'><strong>tibi</strong></span> <span class='ocrx_word' id='word_1_324' title='bbox 1012 2626 1102 2693; x_wconf 71' lang='lat' dir='ltr'><strong>sit,</strong></span> <span class='ocrx_word' id='word_1_325' title='bbox 1139 2623 1392 2685; x_wconf 82' lang='lat' dir='ltr'><strong>Domine;</strong></span> <span class='ocrx_word' id='word_1_326' title='bbox 1425 2620 1520 2675; x_wconf 84' lang='lat' dir='ltr'><strong>hoc</strong></span> <span class='ocrx_word' id='word_1_327' title='bbox 1548 2619 1640 2674; x_wconf 84' lang='lat' dir='ltr'><strong>tibi</strong></span> <span class='ocrx_word' id='word_1_328' title='bbox 1662 2619 1874 2673; x_wconf 86' lang='lat' dir='ltr'><strong>minime</strong></span> <span class='ocrx_word' id='word_1_329' title='bbox 1897 2635 2022 2671; x_wconf 88' lang='lat' dir='ltr'><strong>con-</strong></span> 
     </span>
    </p>
   </div>
   <div class='ocr_carea' id='block_1_44' title="bbox 441 2707 2023 2793">
    <p class='ocr_par' dir='ltr' id='par_1_44' title="bbox 441 2707 2023 2793">
     <span class='ocr_line' id='line_1_44' title="bbox 441 2707 2023 2793; baseline -0.008 -16"><span class='ocrx_word' id='word_1_330' title='bbox 441 2724 604 2793; x_wconf 81' lang='lat' dir='ltr'><strong>tinget</strong></span> <span class='ocrx_word' id='word_1_331' title='bbox 634 2719 967 2787; x_wconf 24' lang='lat' dir='ltr'><strong>’;AChristus</strong></span> <span class='ocrx_word' id='word_1_332' title='bbox 1014 2717 1101 2773; x_wconf 85' lang='lat' dir='ltr'><strong>his</strong></span> <span class='ocrx_word' id='word_1_333' title='bbox 1131 2716 1284 2771; x_wconf 92' lang='lat' dir='ltr'><strong>illum</strong></span> <span class='ocrx_word' id='word_1_334' title='bbox 1316 2713 1496 2768; x_wconf 84' lang='lat' dir='ltr'><strong>verbis</strong></span> <span class='ocrx_word' id='word_1_335' title='bbox 1527 2711 1771 2781; x_wconf 90' lang='lat' dir='ltr'><strong>increpat</strong></span> <span class='ocrx_word' id='word_1_336' title='bbox 1804 2727 1819 2767; x_wconf 94' lang='lat'><strong>:</strong></span> <span class='ocrx_word' id='word_1_337' title='bbox 1878 2707 2023 2764; x_wconf 86' lang='lat' dir='ltr'><strong>Vade</strong></span> 
     </span>
    </p>
   </div>
   <div class='ocr_carea' id='block_1_45' title="bbox 439 2800 2021 2881">
    <p class='ocr_par' dir='ltr' id='par_1_45' title="bbox 439 2800 2021 2881">
     <span class='ocr_line' id='line_1_45' title="bbox 439 2800 2021 2881; baseline -0.009 -12"><span class='ocrx_word' id='word_1_338' title='bbox 439 2822 557 2880; x_wconf 81' lang='lat' dir='ltr'><strong>post</strong></span> <span class='ocrx_word' id='word_1_339' title='bbox 585 2829 688 2878; x_wconf 85' lang='lat' dir='ltr'><strong>me,</strong></span> <span class='ocrx_word' id='word_1_340' title='bbox 726 2811 950 2875; x_wconf 84' lang='lat' dir='ltr'><strong>Sataua,</strong></span> <span class='ocrx_word' id='word_1_341' title='bbox 979 2810 1103 2881; x_wconf 86' lang='lat' dir='ltr'><strong>quia</strong></span> <span class='ocrx_word' id='word_1_342' title='bbox 1133 2823 1235 2861; x_wconf 86' lang='lat' dir='ltr'><strong>non</strong></span> <span class='ocrx_word' id='word_1_343' title='bbox 1267 2806 1409 2875; x_wconf 79' lang='lat' dir='ltr'><strong>sapis</strong></span> <span class='ocrx_word' id='word_1_344' title='bbox 1455 2819 1570 2873; x_wconf 77' lang='lat' dir='ltr'><strong>qua:</strong></span> <span class='ocrx_word' id='word_1_345' title='bbox 1602 2802 1699 2857; x_wconf 90' lang='lat' dir='ltr'><strong>Dei</strong></span> <span class='ocrx_word' id='word_1_346' title='bbox 1739 2810 1895 2867; x_wconf 72' lang='lat' dir='ltr'><strong>sunt,</strong></span> <span class='ocrx_word' id='word_1_347' title='bbox 1930 2800 2021 2856; x_wconf 80' lang='lat' dir='ltr'><strong>sed</strong></span> 
     </span>
    </p>
   </div>
   <div class='ocr_carea' id='block_1_46' title="bbox 438 2892 2021 2978">
    <p class='ocr_par' dir='ltr' id='par_1_46' title="bbox 438 2892 2021 2978">
     <span class='ocr_line' id='line_1_46' title="bbox 438 2892 2021 2978; baseline -0.011 -16"><span class='ocrx_word' id='word_1_348' title='bbox 438 2922 555 2978; x_wconf 70' lang='lat' dir='ltr'><strong>quae</strong></span> <span class='ocrx_word' id='word_1_349' title='bbox 595 2913 717 2961; x_wconf 80' lang='lat' dir='ltr'><strong>sunt</strong></span> <span class='ocrx_word' id='word_1_350' title='bbox 765 2902 1052 2957; x_wconf 84' lang='lat' dir='ltr'><strong>hominum.</strong></span> <span class='ocrx_word' id='word_1_351' title='bbox 1111 2897 1215 2965; x_wconf 90' lang='lat' dir='ltr'><strong>Qui</strong></span> <span class='ocrx_word' id='word_1_352' title='bbox 1264 2897 1379 2951; x_wconf 63' lang='lat' dir='ltr'><strong>haec</strong></span> <span class='ocrx_word' id='word_1_353' title='bbox 1423 2894 1589 2967; x_wconf 80' lang='lat' dir='ltr'><strong>igitur</strong></span> <span class='ocrx_word' id='word_1_354' title='bbox 1650 2892 1832 2948; x_wconf 81' lang='lat' dir='ltr'><strong>futura</strong></span> <span class='ocrx_word' id='word_1_355' title='bbox 1884 2907 2021 2963; x_wconf 72' lang='lat' dir='ltr'><strong>prae-</strong></span> 
     </span>
    </p>
   </div>
   <div class='ocr_carea' id='block_1_47' title="bbox 2114 1809 3707 1883">
    <p class='ocr_par' dir='ltr' id='par_1_47' title="bbox 2114 1809 3707 1883">
     <span class='ocr_line' id='line_1_47' title="bbox 2114 1809 3707 1883; baseline -0.001 -16"><span class='ocrx_word' id='word_1_356' title='bbox 2114 1812 2318 1867; x_wconf 72' lang='grc' dir='ltr'>αντίοψ</span> <span class='ocrx_word' id='word_1_357' title='bbox 2351 1811 2526 1876; x_wconf 82' lang='grc' dir='ltr'>οὑτως</span> <span class='ocrx_word' id='word_1_358' title='bbox 2560 1811 2655 1865; x_wconf 76' lang='grc' dir='ltr'>καὶ</span> <span class='ocrx_word' id='word_1_359' title='bbox 2694 1813 2723 1865; x_wconf 92' lang='grc' dir='ltr'><strong>ό</strong></span> <span class='ocrx_word' id='word_1_360' title='bbox 2766 1810 2973 1883; x_wconf 82' lang='grc' dir='ltr'>Κύριος</span> <span class='ocrx_word' id='word_1_361' title='bbox 3010 1809 3168 1881; x_wconf 83' lang='grc' dir='ltr'>ήμῶν</span> <span class='ocrx_word' id='word_1_362' title='bbox 3201 1809 3301 1863; x_wconf 84' lang='grc' dir='ltr'><strong>οὑκ</strong></span> <span class='ocrx_word' id='word_1_363' title='bbox 3338 1809 3576 1882; x_wconf 80' lang='grc' dir='ltr'>ὲφοὸήθη</span> <span class='ocrx_word' id='word_1_364' title='bbox 3614 1810 3707 1865; x_wconf 82' lang='grc' dir='ltr'>τὸν</span> 
     </span>
    </p>
   </div>
   <div class='ocr_carea' id='block_1_48' title="bbox 2119 1899 3705 1975">
    <p class='ocr_par' dir='ltr' id='par_1_48' title="bbox 2119 1899 3705 1975">
     <span class='ocr_line' id='line_1_48' title="bbox 2119 1899 3705 1975; baseline -0.001 -18"><span class='ocrx_word' id='word_1_365' title='bbox 2119 1903 2371 1971; x_wconf 86' lang='grc' dir='ltr'>θάνατον,</span> <span class='ocrx_word' id='word_1_366' title='bbox 2400 1905 2429 1956; x_wconf 90' lang='lat'><strong>6</strong></span> <span class='ocrx_word' id='word_1_367' title='bbox 2453 1902 2559 1975; x_wconf 83' lang='grc' dir='ltr'><strong>πρὸ</strong></span> <span class='ocrx_word' id='word_1_368' title='bbox 2587 1900 2680 1956; x_wconf 81' lang='grc' dir='ltr'>τοῦ</span> <span class='ocrx_word' id='word_1_369' title='bbox 2714 1901 2888 1956; x_wconf 83' lang='grc' dir='ltr'>ὲλθεῖν</span> <span class='ocrx_word' id='word_1_370' title='bbox 2920 1900 3081 1955; x_wconf 81' lang='grc' dir='ltr'>αὑτὸν</span> <span class='ocrx_word' id='word_1_371' title='bbox 3112 1902 3193 1964; x_wconf 89' lang='grc' dir='ltr'><strong>είς</strong></span> <span class='ocrx_word' id='word_1_372' title='bbox 3215 1899 3278 1954; x_wconf 79' lang='grc' dir='ltr'>τὸ</span> <span class='ocrx_word' id='word_1_373' title='bbox 3302 1899 3491 1955; x_wconf 84' lang='grc' dir='ltr'>παθεῖν</span> <span class='ocrx_word' id='word_1_374' title='bbox 3525 1900 3705 1973; x_wconf 57' lang='grc' dir='ltr'>σημάέ</span> 
     </span>
    </p>
   </div>
   <div class='ocr_carea' id='block_1_49' title="bbox 2117 1990 3703 2066">
    <p class='ocr_par' dir='ltr' id='par_1_49' title="bbox 2117 1990 3703 2066">
     <span class='ocr_line' id='line_1_49' title="bbox 2117 1990 3703 2066; baseline -0.003 -17"><span class='ocrx_word' id='word_1_375' title='bbox 2117 2011 2212 2058; x_wconf 92' lang='grc' dir='ltr'><strong>νας</strong></span> <span class='ocrx_word' id='word_1_376' title='bbox 2240 1994 2299 2047; x_wconf 83' lang='grc' dir='ltr'>ὲν</span> <span class='ocrx_word' id='word_1_377' title='bbox 2332 1996 2400 2064; x_wconf 72' lang='grc' dir='ltr'>τῇ</span> <span class='ocrx_word' id='word_1_378' title='bbox 2429 1991 2710 2066; x_wconf 77' lang='grc' dir='ltr'>ὁδοιπορίᾳ</span> <span class='ocrx_word' id='word_1_379' title='bbox 2737 1992 2820 2047; x_wconf 78' lang='grc' dir='ltr'>ὅτι</span> <span class='ocrx_word' id='word_1_380' title='bbox 2856 1991 3040 2063; x_wconf 80' lang='grc' dir='ltr'>μέλλει</span> <span class='ocrx_word' id='word_1_381' title='bbox 3070 1992 3098 2044; x_wconf 88' lang='lat'><strong>6</strong></span> <span class='ocrx_word' id='word_1_382' title='bbox 3132 1990 3262 2055; x_wconf 85' lang='grc' dir='ltr'>Υίδς</span> <span class='ocrx_word' id='word_1_383' title='bbox 3292 1991 3385 2046; x_wconf 75' lang='grc' dir='ltr'>τοῦ</span> <span class='ocrx_word' id='word_1_384' title='bbox 3412 1990 3703 2064; x_wconf 85' lang='grc' dir='ltr'>ἀνθρώπου</span> 
     </span>
    </p>
   </div>
   <div class='ocr_carea' id='block_1_50' title="bbox 2118 2078 3708 2153">
    <p class='ocr_par' dir='ltr' id='par_1_50' title="bbox 2118 2078 3708 2153">
     <span class='ocr_line' id='line_1_50' title="bbox 2118 2078 3708 2153; baseline -0.004 -16"><span class='ocrx_word' id='word_1_385' title='bbox 2118 2081 2510 2153; x_wconf 84' lang='grc' dir='ltr'>παραδίδοσθαι</span> <span class='ocrx_word' id='word_1_386' title='bbox 2543 2082 2639 2137; x_wconf 72' lang='grc' dir='ltr'><strong>καὶ</strong></span> <span class='ocrx_word' id='word_1_387' title='bbox 2670 2081 3073 2153; x_wconf 83' lang='grc' dir='ltr'>σταυρωθῆναι,</span> <span class='ocrx_word' id='word_1_388' title='bbox 3105 2080 3201 2133; x_wconf 78' lang='grc' dir='ltr'>καὶ</span> <span class='ocrx_word' id='word_1_389' title='bbox 3228 2082 3294 2151; x_wconf 82' lang='grc' dir='ltr'>τῇ</span> <span class='ocrx_word' id='word_1_390' title='bbox 3335 2079 3493 2151; x_wconf 78' lang='grc' dir='ltr'>τρίτῃ</span> <span class='ocrx_word' id='word_1_391' title='bbox 3525 2078 3708 2151; x_wconf 71' lang='grc' dir='ltr'>ἡμέρα</span> 
     </span>
    </p>
   </div>
   <div class='ocr_carea' id='block_1_51' title="bbox 2117 2167 3707 2242">
    <p class='ocr_par' dir='ltr' id='par_1_51' title="bbox 2117 2167 3707 2242">
     <span class='ocr_line' id='line_1_51' title="bbox 2117 2167 3707 2242; baseline -0.001 -18"><span class='ocrx_word' id='word_1_392' title='bbox 2117 2171 2434 2242; x_wconf 83' lang='grc' dir='ltr'>ἀναστῆναι·</span> <span class='ocrx_word' id='word_1_393' title='bbox 2483 2170 2578 2224; x_wconf 72' lang='grc' dir='ltr'><strong>καὶ</strong></span> <span class='ocrx_word' id='word_1_394' title='bbox 2623 2170 2718 2224; x_wconf 79' lang='grc' dir='ltr'>τοῦ</span> <span class='ocrx_word' id='word_1_395' title='bbox 2770 2170 2976 2241; x_wconf 82' lang='grc' dir='ltr'>Πέτρου</span> <span class='ocrx_word' id='word_1_396' title='bbox 3021 2168 3294 2237; x_wconf 61' lang='grc' dir='ltr'>λέγοντος</span> <span class='ocrx_word' id='word_1_397' title='bbox 3334 2167 3544 2235; x_wconf 77' lang='grc' dir='ltr'>Ἵλεώς</span> <span class='ocrx_word' id='word_1_398' title='bbox 3586 2184 3707 2237; x_wconf 84' lang='grc' dir='ltr'>σοι,</span> 
     </span>
    </p>
   </div>
   <div class='ocr_carea' id='block_1_52' title="bbox 2119 2259 3712 2333">
    <p class='ocr_par' dir='ltr' id='par_1_52' title="bbox 2119 2259 3712 2333">
     <span class='ocr_line' id='line_1_52' title="bbox 2119 2259 3712 2333; baseline -0.001 -15"><span class='ocrx_word' id='word_1_399' title='bbox 2119 2264 2316 2331; x_wconf 84' lang='grc' dir='ltr'>Κύριε,</span> <span class='ocrx_word' id='word_1_400' title='bbox 2347 2264 2419 2317; x_wconf 84' lang='grc' dir='ltr'>οὐ</span> <span class='ocrx_word' id='word_1_401' title='bbox 2438 2262 2526 2332; x_wconf 81' lang='grc' dir='ltr'>μὴ</span> <span class='ocrx_word' id='word_1_402' title='bbox 2553 2262 2725 2316; x_wconf 76' lang='grc' dir='ltr'>ἔσται</span> <span class='ocrx_word' id='word_1_403' title='bbox 2753 2276 2851 2315; x_wconf 89' lang='grc' dir='ltr'><strong>σοι</strong></span> <span class='ocrx_word' id='word_1_404' title='bbox 2880 2259 3079 2325; x_wconf 84' lang='grc' dir='ltr'>τοῦτο,</span> <span class='ocrx_word' id='word_1_405' title='bbox 3104 2260 3459 2331; x_wconf 83' lang='grc' dir='ltr'>ἐπιτιμήσας,</span> <span class='ocrx_word' id='word_1_406' title='bbox 3489 2261 3712 2333; x_wconf 69' lang='grc' dir='ltr'>Ὕπαγε</span> 
     </span>
    </p>
   </div>
   <div class='ocr_carea' id='block_1_53' title="bbox 2118 2352 3712 2426">
    <p class='ocr_par' dir='ltr' id='par_1_53' title="bbox 2118 2352 3712 2426">
     <span class='ocr_line' id='line_1_53' title="bbox 2118 2352 3712 2426; baseline 0.002 -18"><span class='ocrx_word' id='word_1_407' title='bbox 2118 2356 2313 2409; x_wconf 81' lang='grc' dir='ltr'>ὀπίσω</span> <span class='ocrx_word' id='word_1_408' title='bbox 2341 2374 2483 2426; x_wconf 80' lang='grc' dir='ltr'>μου,</span> <span class='ocrx_word' id='word_1_409' title='bbox 2519 2352 2774 2420; x_wconf 81' lang='grc' dir='ltr'>Σατανᾶ,</span> <span class='ocrx_word' id='word_1_410' title='bbox 2813 2352 3002 2419; x_wconf 88' lang='grc' dir='ltr'>εἰπὼν,</span> <span class='ocrx_word' id='word_1_411' title='bbox 3028 2354 3117 2407; x_wconf 85' lang='grc' dir='ltr'>ὅτι</span> <span class='ocrx_word' id='word_1_412' title='bbox 3141 2355 3213 2408; x_wconf 88' lang='grc' dir='ltr'>οὐ</span> <span class='ocrx_word' id='word_1_413' title='bbox 3235 2354 3476 2422; x_wconf 73' lang='grc' dir='ltr'>φρονεῖς</span> <span class='ocrx_word' id='word_1_414' title='bbox 3504 2354 3577 2408; x_wconf 83' lang='grc' dir='ltr'>τὰ</span> <span class='ocrx_word' id='word_1_415' title='bbox 3600 2355 3712 2411; x_wconf 80' lang='grc' dir='ltr'>τοῦ</span> 
     </span>
    </p>
   </div>
   <div class='ocr_carea' id='block_1_54' title="bbox 2123 2439 3712 2517">
    <p class='ocr_par' dir='ltr' id='par_1_54' title="bbox 2123 2439 3712 2517">
     <span class='ocr_line' id='line_1_54' title="bbox 2123 2439 3712 2517; baseline -0.002 -16"><span class='ocrx_word' id='word_1_416' title='bbox 2123 2446 2294 2511; x_wconf 88' lang='grc' dir='ltr'>Θεοῦ,</span> <span class='ocrx_word' id='word_1_417' title='bbox 2324 2445 2486 2501; x_wconf 81' lang='grc' dir='ltr'><strong>ἀλλά</strong></span> <span class='ocrx_word' id='word_1_418' title='bbox 2513 2445 2586 2500; x_wconf 84' lang='grc' dir='ltr'>τὰ</span> <span class='ocrx_word' id='word_1_419' title='bbox 2619 2444 2737 2497; x_wconf 85' lang='grc' dir='ltr'><strong>τῶν</strong></span> <span class='ocrx_word' id='word_1_420' title='bbox 2762 2442 3108 2513; x_wconf 77' lang='grc' dir='ltr'>ἀνθρώπων.</span> <span class='ocrx_word' id='word_1_421' title='bbox 3164 2444 3221 2498; x_wconf 91' lang='lat'><strong>&#39;0</strong></span> <span class='ocrx_word' id='word_1_422' title='bbox 3244 2439 3337 2498; x_wconf 80' lang='grc' dir='ltr'><strong>οὖν</strong></span> <span class='ocrx_word' id='word_1_423' title='bbox 3370 2443 3545 2498; x_wconf 78' lang='grc' dir='ltr'>ταῦτα</span> <span class='ocrx_word' id='word_1_424' title='bbox 3574 2463 3712 2517; x_wconf 83' lang='grc' dir='ltr'>προ-</span> 
     </span>
    </p>
   </div>
   <div class='ocr_carea' id='block_1_55' title="bbox 2120 2535 3707 2610">
    <p class='ocr_par' dir='ltr' id='par_1_55' title="bbox 2120 2535 3707 2610">
     <span class='ocr_line' id='line_1_55' title="bbox 2120 2535 3707 2610; baseline 0.001 -20"><span class='ocrx_word' id='word_1_425' title='bbox 2120 2537 2315 2607; x_wconf 82' lang='grc' dir='ltr'>λέγων,</span> <span class='ocrx_word' id='word_1_426' title='bbox 2346 2538 2441 2591; x_wconf 73' lang='grc' dir='ltr'><strong>καὶ</strong></span> <span class='ocrx_word' id='word_1_427' title='bbox 2468 2536 2557 2591; x_wconf 83' lang='grc' dir='ltr'><strong>διὰ</strong></span> <span class='ocrx_word' id='word_1_428' title='bbox 2586 2535 2744 2590; x_wconf 77' lang='grc' dir='ltr'>τοῦτο</span> <span class='ocrx_word' id='word_1_429' title='bbox 2775 2535 2908 2590; x_wconf 86' lang='grc' dir='ltr'>αὑτὸ</span> <span class='ocrx_word' id='word_1_430' title='bbox 2932 2536 3105 2607; x_wconf 71' lang='grc' dir='ltr'>ἥκων,</span> <span class='ocrx_word' id='word_1_431' title='bbox 3141 2535 3260 2600; x_wconf 84' lang='grc' dir='ltr'>πῶς</span> <span class='ocrx_word' id='word_1_432' title='bbox 3294 2535 3523 2609; x_wconf 75' lang='grc' dir='ltr'>ὕστερον</span> <span class='ocrx_word' id='word_1_433' title='bbox 3550 2537 3707 2610; x_wconf 79' lang='grc' dir='ltr'>εὑχεο</span> 
     </span>
    </p>
   </div>
   <div class='ocr_carea' id='block_1_56' title="bbox 2120 2628 3712 2703">
    <p class='ocr_par' dir='ltr' id='par_1_56' title="bbox 2120 2628 3712 2703">
     <span class='ocr_line' id='line_1_56' title="bbox 2120 2628 3712 2703; baseline 0.001 -20"><span class='ocrx_word' id='word_1_434' title='bbox 2120 2648 2211 2684; x_wconf 86' lang='grc' dir='ltr'><strong>ται</strong></span> <span class='ocrx_word' id='word_1_435' title='bbox 2238 2628 2527 2701; x_wconf 82' lang='grc' dir='ltr'>παρελθεῖν</span> <span class='ocrx_word' id='word_1_436' title='bbox 2544 2628 2605 2683; x_wconf 84' lang='grc' dir='ltr'>τὸ</span> <span class='ocrx_word' id='word_1_437' title='bbox 2628 2630 2911 2700; x_wconf 88' lang='grc' dir='ltr'>ποτήριον,</span> <span class='ocrx_word' id='word_1_438' title='bbox 2934 2629 3021 2682; x_wconf 80' lang='grc' dir='ltr'>ἵνα</span> <span class='ocrx_word' id='word_1_439' title='bbox 3045 2629 3120 2700; x_wconf 84' lang='grc' dir='ltr'>μὴ</span> <span class='ocrx_word' id='word_1_440' title='bbox 3149 2630 3246 2701; x_wconf 79' lang='grc' dir='ltr'><strong>πίῃ</strong></span> <span class='ocrx_word' id='word_1_441' title='bbox 3268 2645 3283 2694; x_wconf 87' lang='grc'><strong>;</strong></span> <span class='ocrx_word' id='word_1_442' title='bbox 3319 2629 3377 2683; x_wconf 88' lang='lat'><strong>&#39;0</strong></span> <span class='ocrx_word' id='word_1_443' title='bbox 3406 2628 3574 2683; x_wconf 80' lang='grc' dir='ltr'>εἰπὼν</span> <span class='ocrx_word' id='word_1_444' title='bbox 3603 2629 3712 2703; x_wconf 70' lang='grc' dir='ltr'><strong>πρὸ</strong></span> 
     </span>
    </p>
   </div>
   <div class='ocr_carea' id='block_1_57' title="bbox 2116 2719 3708 2794">
    <p class='ocr_par' dir='ltr' id='par_1_57' title="bbox 2116 2719 3708 2794">
     <span class='ocr_line' id='line_1_57' title="bbox 2116 2719 3708 2794; baseline 0.001 -21"><span class='ocrx_word' id='word_1_445' title='bbox 2116 2719 2215 2774; x_wconf 79' lang='grc' dir='ltr'>τοῦ</span> <span class='ocrx_word' id='word_1_446' title='bbox 2242 2719 2422 2773; x_wconf 86' lang='grc' dir='ltr'>θανεῖν</span> <span class='ocrx_word' id='word_1_447' title='bbox 2451 2719 2577 2791; x_wconf 71' lang='grc' dir='ltr'>περὶ</span> <span class='ocrx_word' id='word_1_448' title='bbox 2611 2720 2705 2773; x_wconf 75' lang='grc' dir='ltr'>τοῦ</span> <span class='ocrx_word' id='word_1_449' title='bbox 2750 2720 3002 2784; x_wconf 78' lang='grc' dir='ltr'>θανάτου,</span> <span class='ocrx_word' id='word_1_450' title='bbox 3042 2720 3147 2774; x_wconf 77' lang='grc' dir='ltr'><strong>κᾶν</strong></span> <span class='ocrx_word' id='word_1_451' title='bbox 3186 2720 3275 2774; x_wconf 85' lang='grc' dir='ltr'><strong>διά</strong></span> <span class='ocrx_word' id='word_1_452' title='bbox 3312 2720 3374 2774; x_wconf 79' lang='grc' dir='ltr'><strong>τὸ</strong></span> <span class='ocrx_word' id='word_1_453' title='bbox 3404 2720 3479 2793; x_wconf 80' lang='grc' dir='ltr'>μὴ</span> <span class='ocrx_word' id='word_1_454' title='bbox 3503 2722 3708 2794; x_wconf 84' lang='grc' dir='ltr'>ὑπολη-</span> 
     </span>
    </p>
   </div>
   <div class='ocr_carea' id='block_1_58' title="bbox 2122 2808 3711 2885">
    <p class='ocr_par' dir='ltr' id='par_1_58' title="bbox 2122 2808 3711 2885">
     <span class='ocr_line' id='line_1_58' title="bbox 2122 2808 3711 2885; baseline 0.003 -22"><span class='ocrx_word' id='word_1_455' title='bbox 2122 2810 2323 2881; x_wconf 80' lang='grc' dir='ltr'>φθῆναι</span> <span class='ocrx_word' id='word_1_456' title='bbox 2348 2808 2588 2883; x_wconf 74' lang='grc' dir='ltr'>ψεύστην</span> <span class='ocrx_word' id='word_1_457' title='bbox 2615 2810 2799 2875; x_wconf 81' lang='grc' dir='ltr'>αὑτὸν,</span> <span class='ocrx_word' id='word_1_458' title='bbox 2827 2812 2927 2864; x_wconf 87' lang='grc' dir='ltr'><strong>οὑκ</strong></span> <span class='ocrx_word' id='word_1_459' title='bbox 2956 2810 3188 2881; x_wconf 76' lang='grc' dir='ltr'>ἠδύνατο</span> <span class='ocrx_word' id='word_1_460' title='bbox 3220 2810 3478 2876; x_wconf 79' lang='grc' dir='ltr'>εὑξασθαι</span> <span class='ocrx_word' id='word_1_461' title='bbox 3501 2813 3711 2885; x_wconf 84' lang='grc' dir='ltr'>παρελ-</span> 
     </span>
    </p>
   </div>
   <div class='ocr_carea' id='block_1_59' title="bbox 2123 2900 3709 2974">
    <p class='ocr_par' dir='ltr' id='par_1_59' title="bbox 2123 2900 3709 2974">
     <span class='ocr_line' id='line_1_59' title="bbox 2123 2900 3709 2974; baseline 0.003 -19"><span class='ocrx_word' id='word_1_462' title='bbox 2123 2901 2234 2955; x_wconf 89' lang='grc' dir='ltr'>θεῖν</span> <span class='ocrx_word' id='word_1_463' title='bbox 2255 2901 2316 2954; x_wconf 83' lang='grc' dir='ltr'>τὸ</span> <span class='ocrx_word' id='word_1_464' title='bbox 2340 2902 2616 2974; x_wconf 89' lang='grc' dir='ltr'>ποτήριον.</span> <span class='ocrx_word' id='word_1_465' title='bbox 2660 2900 2821 2955; x_wconf 85' lang='grc' dir='ltr'>’Λλλά</span> <span class='ocrx_word' id='word_1_466' title='bbox 2844 2902 3201 2974; x_wconf 83' lang='grc' dir='ltr'>προκαλεῖται</span> <span class='ocrx_word' id='word_1_467' title='bbox 3226 2902 3315 2957; x_wconf 84' lang='grc' dir='ltr'>διὰ</span> <span class='ocrx_word' id='word_1_468' title='bbox 3342 2904 3437 2958; x_wconf 79' lang='grc' dir='ltr'>τοῦ</span> <span class='ocrx_word' id='word_1_469' title='bbox 3464 2906 3709 2959; x_wconf 75' lang='grc' dir='ltr'>τοιούτου</span> 
     </span>
    </p>
   </div>
   <div class='ocr_carea' id='block_1_60' title="bbox 438 2984 2019 3065">
    <p class='ocr_par' dir='ltr' id='par_1_60' title="bbox 438 2984 2019 3065">
     <span class='ocr_line' id='line_1_60' title="bbox 438 2984 2019 3065; baseline -0.008 -14"><span class='ocrx_word' id='word_1_470' title='bbox 438 2998 684 3060; x_wconf 78' lang='lat' dir='ltr'><strong>dixerat,</strong></span> <span class='ocrx_word' id='word_1_471' title='bbox 734 2993 829 3065; x_wconf 89' lang='lat' dir='ltr'><strong>qui</strong></span> <span class='ocrx_word' id='word_1_472' title='bbox 884 2992 1048 3063; x_wconf 85' lang='lat' dir='ltr'><strong>hujus</strong></span> <span class='ocrx_word' id='word_1_473' title='bbox 1098 2990 1383 3045; x_wconf 51' lang='lat' dir='ltr'><strong>rei&#39;causa</strong></span> <span class='ocrx_word' id='word_1_474' title='bbox 1431 2992 1691 3052; x_wconf 88' lang='lat' dir='ltr'><strong>venerat,</strong></span> <span class='ocrx_word' id='word_1_475' title='bbox 1745 2984 2019 3056; x_wconf 90' lang='lat' dir='ltr'><strong>quomodo</strong></span> 
     </span>
    </p>
   </div>
   <div class='ocr_carea' id='block_1_61' title="bbox 2121 2984 3712 3065">
    <p class='ocr_par' dir='ltr' id='par_1_61' title="bbox 2122 2993 3712 3065">
     <span class='ocr_line' id='line_1_61' title="bbox 2122 2993 3712 3065; baseline 0.003 -20"><span class='ocrx_word' id='word_1_476' title='bbox 2122 2993 2325 3065; x_wconf 85' lang='grc' dir='ltr'>τρόπου</span> <span class='ocrx_word' id='word_1_477' title='bbox 2348 2993 2439 3046; x_wconf 84' lang='grc' dir='ltr'><strong>τὸν</strong></span> <span class='ocrx_word' id='word_1_478' title='bbox 2465 2993 2755 3059; x_wconf 88' lang='grc' dir='ltr'>ἀντίδικον,</span> <span class='ocrx_word' id='word_1_479' title='bbox 2787 2993 2875 3045; x_wconf 83' lang='grc' dir='ltr'>ἵνα</span> <span class='ocrx_word' id='word_1_480' title='bbox 2912 2993 3122 3046; x_wconf 77' lang='grc' dir='ltr'>ἐκείνου</span> <span class='ocrx_word' id='word_1_481' title='bbox 3152 2994 3510 3059; x_wconf 75' lang='grc' dir='ltr'>ὑπολαϐόντος</span> <span class='ocrx_word' id='word_1_482' title='bbox 3542 2995 3712 3050; x_wconf 88' lang='grc' dir='ltr'>δεδιέ-</span> 
     </span>
    </p>
   </div>
   <div class='ocr_carea' id='block_1_62' title="bbox 440 3052 2019 3161">
    <p class='ocr_par' dir='ltr' id='par_1_62' title="bbox 440 3052 2018 3161">
     <span class='ocr_line' id='line_1_62' title="bbox 440 3052 2018 3161; baseline -0.011 -15"><span class='ocrx_word' id='word_1_483' title='bbox 440 3098 627 3161; x_wconf 86' lang='lat' dir='ltr'><strong>postea</strong></span> <span class='ocrx_word' id='word_1_484' title='bbox 655 3052 891 3141; x_wconf 73' lang='lat' dir='ltr'><strong>transire</strong></span> <span class='ocrx_word' id='word_1_485' title='bbox 920 3052 1038 3138; x_wconf 46' lang='lat' dir='ltr'><strong>a&#39;se</strong></span> <span class='ocrx_word' id='word_1_486' title='bbox 1061 3081 1283 3136; x_wconf 87' lang='lat' dir='ltr'><strong>calicem</strong></span> <span class='ocrx_word' id='word_1_487' title='bbox 1314 3085 1570 3148; x_wconf 87' lang='lat' dir='ltr'><strong>precatur</strong></span> <span class='ocrx_word' id='word_1_488' title='bbox 1592 3084 1651 3130; x_wconf 93' lang='lat' dir='ltr'><strong>ut</strong></span> <span class='ocrx_word' id='word_1_489' title='bbox 1679 3091 1747 3131; x_wconf 91' lang='lat' dir='ltr'><strong>ne</strong></span> <span class='ocrx_word' id='word_1_490' title='bbox 1761 3052 2018 3131; x_wconf 80' lang='lat' dir='ltr'><strong>biberet?</strong></span> 
     </span>
    </p>
   </div>
   <div class='ocr_carea' id='block_1_63' title="bbox 2121 3052 3709 3161">
    <p class='ocr_par' dir='ltr' id='par_1_63' title="bbox 2122 3052 3709 3159">
     <span class='ocr_line' id='line_1_63' title="bbox 2122 3052 3709 3159; baseline 0.002 -22"><span class='ocrx_word' id='word_1_491' title='bbox 2122 3052 2210 3137; x_wconf 74' lang='grc' dir='ltr'><strong>ναι</strong></span> <span class='ocrx_word' id='word_1_492' title='bbox 2241 3083 2331 3138; x_wconf 77' lang='grc' dir='ltr'><strong>τὸν</strong></span> <span class='ocrx_word' id='word_1_493' title='bbox 2365 3083 2596 3156; x_wconf 82' lang='grc' dir='ltr'>Σωτῆρα</span> <span class='ocrx_word' id='word_1_494' title='bbox 2625 3082 2716 3137; x_wconf 84' lang='grc' dir='ltr'><strong>τὸν</strong></span> <span class='ocrx_word' id='word_1_495' title='bbox 2743 3052 2997 3150; x_wconf 73' lang='grc' dir='ltr'>θάνατον,</span> <span class='ocrx_word' id='word_1_496' title='bbox 3028 3084 3287 3159; x_wconf 78' lang='grc' dir='ltr'>ἐπαγάγῃ</span> <span class='ocrx_word' id='word_1_497' title='bbox 3308 3086 3457 3157; x_wconf 88' lang='grc' dir='ltr'>αὑτῷ</span> <span class='ocrx_word' id='word_1_498' title='bbox 3479 3052 3709 3141; x_wconf 77' lang='grc' dir='ltr'>θάνατον</span> 
     </span>
    </p>
   </div>
   <div class='ocr_carea' id='block_1_64' title="bbox 439 3174 2020 3251">
    <p class='ocr_par' dir='ltr' id='par_1_64' title="bbox 439 3174 2020 3251">
     <span class='ocr_line' id='line_1_64' title="bbox 439 3174 2020 3251; baseline -0.009 -14"><span class='ocrx_word' id='word_1_499' title='bbox 439 3183 543 3251; x_wconf 85' lang='lat' dir='ltr'><strong>Qui</strong></span> <span class='ocrx_word' id='word_1_500' title='bbox 579 3182 646 3237; x_wconf 85' lang='lat' dir='ltr'><strong>de</strong></span> <span class='ocrx_word' id='word_1_501' title='bbox 680 3185 855 3233; x_wconf 88' lang='lat' dir='ltr'><strong>morte</strong></span> <span class='ocrx_word' id='word_1_502' title='bbox 899 3191 1020 3241; x_wconf 90' lang='lat' dir='ltr'><strong>sua,</strong></span> <span class='ocrx_word' id='word_1_503' title='bbox 1070 3174 1389 3246; x_wconf 84' lang='lat' dir='ltr'><strong>priusquam</strong></span> <span class='ocrx_word' id='word_1_504' title='bbox 1435 3177 1763 3233; x_wconf 88' lang='lat' dir='ltr'><strong>moreretur,</strong></span> <span class='ocrx_word' id='word_1_505' title='bbox 1809 3182 2020 3223; x_wconf 89' lang='lat' dir='ltr'><strong>sermo-</strong></span> 
     </span>
    </p>
   </div>
   <div class='ocr_carea' id='block_1_65' title="bbox 442 3260 2019 3334">
    <p class='ocr_par' dir='ltr' id='par_1_65' title="bbox 442 3260 2019 3334">
     <span class='ocr_line' id='line_1_65' title="bbox 442 3260 2019 3334; baseline -0.011 -3"><span class='ocrx_word' id='word_1_506' title='bbox 442 3290 564 3331; x_wconf 87' lang='lat' dir='ltr'><strong>nem</strong></span> <span class='ocrx_word' id='word_1_507' title='bbox 597 3272 899 3334; x_wconf 89' lang='lat' dir='ltr'><strong>habuerat,</strong></span> <span class='ocrx_word' id='word_1_508' title='bbox 942 3268 1026 3323; x_wconf 87' lang='lat' dir='ltr'><strong>vel</strong></span> <span class='ocrx_word' id='word_1_509' title='bbox 1065 3267 1136 3322; x_wconf 85' lang='lat' dir='ltr'><strong>ob</strong></span> <span class='ocrx_word' id='word_1_510' title='bbox 1172 3266 1222 3321; x_wconf 89' lang='lat' dir='ltr'><strong>id</strong></span> <span class='ocrx_word' id='word_1_511' title='bbox 1269 3277 1437 3319; x_wconf 88' lang='lat' dir='ltr'><strong>unum</strong></span> <span class='ocrx_word' id='word_1_512' title='bbox 1480 3278 1549 3317; x_wconf 88' lang='lat' dir='ltr'><strong>ne</strong></span> <span class='ocrx_word' id='word_1_513' title='bbox 1582 3260 1856 3317; x_wconf 86' lang='lat' dir='ltr'><strong>mendacii</strong></span> <span class='ocrx_word' id='word_1_514' title='bbox 1887 3276 2019 3315; x_wconf 87' lang='lat' dir='ltr'><strong>con-</strong></span> 
     </span>
    </p>
   </div>
   <div class='ocr_carea' id='block_1_66' title="bbox 441 3354 2018 3433">
    <p class='ocr_par' dir='ltr' id='par_1_66' title="bbox 441 3354 2018 3433">
     <span class='ocr_line' id='line_1_66' title="bbox 441 3354 2018 3433; baseline -0.009 -13"><span class='ocrx_word' id='word_1_515' title='bbox 441 3365 586 3420; x_wconf 80' lang='lat' dir='ltr'><strong>vinci</strong></span> <span class='ocrx_word' id='word_1_516' title='bbox 625 3370 832 3433; x_wconf 88' lang='lat' dir='ltr'><strong>posset,</strong></span> <span class='ocrx_word' id='word_1_517' title='bbox 866 3369 925 3414; x_wconf 92' lang='lat' dir='ltr'><strong>ut</strong></span> <span class='ocrx_word' id='word_1_518' title='bbox 951 3374 980 3413; x_wconf 87' lang='lat' dir='ltr'><strong>a</strong></span> <span class='ocrx_word' id='word_1_519' title='bbox 1008 3373 1068 3415; x_wconf 91' lang='lat' dir='ltr'><strong>se</strong></span> <span class='ocrx_word' id='word_1_520' title='bbox 1105 3357 1247 3412; x_wconf 85' lang='lat' dir='ltr'><strong>calix</strong></span> <span class='ocrx_word' id='word_1_521' title='bbox 1277 3357 1365 3411; x_wconf 73' lang='lat' dir='ltr'><strong>iile</strong></span> <span class='ocrx_word' id='word_1_522' title='bbox 1395 3354 1692 3425; x_wconf 72' lang='lat' dir='ltr'><strong>praeteriret</strong></span> <span class='ocrx_word' id='word_1_523' title='bbox 1722 3367 1882 3408; x_wconf 79' lang='lat' dir='ltr'><strong>orare</strong></span> <span class='ocrx_word' id='word_1_524' title='bbox 1909 3366 2018 3408; x_wconf 82' lang='lat' dir='ltr'><strong>non</strong></span> 
     </span>
    </p>
   </div>
   <div class='ocr_carea' id='block_1_67' title="bbox 442 3445 2021 3531">
    <p class='ocr_par' dir='ltr' id='par_1_67' title="bbox 442 3445 2021 3531">
     <span class='ocr_line' id='line_1_67' title="bbox 442 3445 2021 3531; baseline -0.012 -16"><span class='ocrx_word' id='word_1_525' title='bbox 442 3465 675 3531; x_wconf 82' lang='lat' dir='ltr'><strong>poterat.</strong></span> <span class='ocrx_word' id='word_1_526' title='bbox 713 3456 911 3511; x_wconf 84' lang='lat' dir='ltr'><strong>Verum</strong></span> <span class='ocrx_word' id='word_1_527' title='bbox 937 3453 1040 3506; x_wconf 88' lang='lat' dir='ltr'><strong>hac</strong></span> <span class='ocrx_word' id='word_1_528' title='bbox 1067 3449 1443 3505; x_wconf 86' lang='lat' dir='ltr'><strong>adversarium</strong></span> <span class='ocrx_word' id='word_1_529' title='bbox 1473 3459 1633 3501; x_wconf 90' lang='lat' dir='ltr'><strong>suum</strong></span> <span class='ocrx_word' id='word_1_530' title='bbox 1663 3445 1877 3499; x_wconf 89' lang='lat' dir='ltr'><strong>ratione</strong></span> <span class='ocrx_word' id='word_1_531' title='bbox 1900 3459 2021 3514; x_wconf 88' lang='lat' dir='ltr'><strong>pro-</strong></span> 
     </span>
    </p>
   </div>
   <div class='ocr_carea' id='block_1_68' title="bbox 442 3535 2020 3615">
    <p class='ocr_par' dir='ltr' id='par_1_68' title="bbox 442 3535 2020 3615">
     <span class='ocr_line' id='line_1_68' title="bbox 442 3535 2020 3615; baseline -0.011 -8"><span class='ocrx_word' id='word_1_532' title='bbox 442 3558 625 3615; x_wconf 86' lang='lat' dir='ltr'><strong>vocat,</strong></span> <span class='ocrx_word' id='word_1_533' title='bbox 657 3555 717 3603; x_wconf 91' lang='lat' dir='ltr'><strong>ut</strong></span> <span class='ocrx_word' id='word_1_534' title='bbox 747 3561 871 3601; x_wconf 87' lang='lat' dir='ltr'><strong>eum</strong></span> <span class='ocrx_word' id='word_1_535' title='bbox 902 3544 991 3599; x_wconf 88' lang='lat' dir='ltr'><strong>ille</strong></span> <span class='ocrx_word' id='word_1_536' title='bbox 1019 3540 1358 3597; x_wconf 87' lang='lat' dir='ltr'><strong>Salvatorem</strong></span> <span class='ocrx_word' id='word_1_537' title='bbox 1390 3546 1618 3593; x_wconf 91' lang='lat' dir='ltr'><strong>mortem</strong></span> <span class='ocrx_word' id='word_1_538' title='bbox 1651 3543 1891 3591; x_wconf 90' lang='lat' dir='ltr'><strong>metuere</strong></span> <span class='ocrx_word' id='word_1_539' title='bbox 1915 3535 2020 3591; x_wconf 89' lang='lat' dir='ltr'><strong>sibi</strong></span> 
     </span>
    </p>
   </div>
   <div class='ocr_carea' id='block_1_69' title="bbox 443 3630 2022 3714">
    <p class='ocr_par' dir='ltr' id='par_1_69' title="bbox 443 3630 2022 3714">
     <span class='ocr_line' id='line_1_69' title="bbox 443 3630 2022 3714; baseline -0.009 -15"><span class='ocrx_word' id='word_1_540' title='bbox 443 3640 832 3714; x_wconf 87' lang='lat' dir='ltr'><strong>persuasisset,</strong></span> <span class='ocrx_word' id='word_1_541' title='bbox 867 3636 1008 3691; x_wconf 89' lang='lat' dir='ltr'><strong>hanc</strong></span> <span class='ocrx_word' id='word_1_542' title='bbox 1042 3636 1147 3705; x_wconf 88' lang='lat' dir='ltr'><strong>ipsi</strong></span> <span class='ocrx_word' id='word_1_543' title='bbox 1182 3632 1249 3688; x_wconf 89' lang='lat' dir='ltr'><strong>ad</strong></span> <span class='ocrx_word' id='word_1_544' title='bbox 1276 3646 1465 3688; x_wconf 88' lang='lat' dir='ltr'><strong>eorum</strong></span> <span class='ocrx_word' id='word_1_545' title='bbox 1499 3631 1591 3701; x_wconf 91' lang='lat' dir='ltr'><strong>qui</strong></span> <span class='ocrx_word' id='word_1_546' title='bbox 1634 3630 1885 3684; x_wconf 89' lang='lat' dir='ltr'><strong>morituri</strong></span> <span class='ocrx_word' id='word_1_547' title='bbox 1931 3644 2022 3685; x_wconf 90' lang='lat' dir='ltr'><strong>es-</strong></span> 
     </span>
    </p>
   </div>
   <div class='ocr_carea' id='block_1_70' title="bbox 442 3721 2020 3801">
    <p class='ocr_par' dir='ltr' id='par_1_70' title="bbox 442 3721 2020 3801">
     <span class='ocr_line' id='line_1_70' title="bbox 442 3721 2020 3801; baseline -0.013 -6"><span class='ocrx_word' id='word_1_548' title='bbox 442 3744 585 3801; x_wconf 86' lang='lat' dir='ltr'><strong>sent,</strong></span> <span class='ocrx_word' id='word_1_549' title='bbox 621 3733 852 3790; x_wconf 88' lang='lat' dir='ltr'><strong>salutem</strong></span> <span class='ocrx_word' id='word_1_550' title='bbox 892 3728 1200 3799; x_wconf 75' lang='lat' dir='ltr'><strong>indigeret:</strong></span> <span class='ocrx_word' id='word_1_551' title='bbox 1232 3726 1283 3780; x_wconf 87' lang='lat' dir='ltr'><strong>id</strong></span> <span class='ocrx_word' id='word_1_552' title='bbox 1312 3724 1457 3794; x_wconf 88' lang='lat' dir='ltr'><strong>quod</strong></span> <span class='ocrx_word' id='word_1_553' title='bbox 1487 3722 1749 3793; x_wconf 81' lang='lat' dir='ltr'><strong>singulari</strong></span> <span class='ocrx_word' id='word_1_554' title='bbox 1782 3721 2020 3792; x_wconf 89' lang='lat' dir='ltr'><strong>quadam</strong></span> 
     </span>
    </p>
   </div>
   <div class='ocr_carea' id='block_1_71' title="bbox 440 3812 2019 3899">
    <p class='ocr_par' dir='ltr' id='par_1_71' title="bbox 440 3812 2019 3899">
     <span class='ocr_line' id='line_1_71' title="bbox 440 3812 2019 3899; baseline -0.01 -15"><span class='ocrx_word' id='word_1_555' title='bbox 440 3838 524 3885; x_wconf 88' lang='lat' dir='ltr'><strong>est</strong></span> <span class='ocrx_word' id='word_1_556' title='bbox 565 3824 852 3899; x_wconf 84' lang='lat' dir='ltr'><strong>prudentia</strong></span> <span class='ocrx_word' id='word_1_557' title='bbox 896 3822 1219 3893; x_wconf 79' lang='lat' dir='ltr'><strong>perfectum.</strong></span> <span class='ocrx_word' id='word_1_558' title='bbox 1261 3817 1413 3885; x_wconf 86' lang='lat' dir='ltr'><strong>Quod</strong></span> <span class='ocrx_word' id='word_1_559' title='bbox 1454 3816 1500 3871; x_wconf 92' lang='lat' dir='ltr'><strong>si</strong></span> <span class='ocrx_word' id='word_1_560' title='bbox 1544 3812 1690 3872; x_wconf 87' lang='lat' dir='ltr'><strong>istud</strong></span> <span class='ocrx_word' id='word_1_561' title='bbox 1724 3816 1888 3871; x_wconf 90' lang='lat' dir='ltr'><strong>etiam</strong></span> <span class='ocrx_word' id='word_1_562' title='bbox 1918 3830 2019 3869; x_wconf 83' lang='lat' dir='ltr'><strong>au-</strong></span> 
     </span>
    </p>
   </div>
   <div class='ocr_carea' id='block_1_72' title="bbox 442 3905 2035 3976">
    <p class='ocr_par' dir='ltr' id='par_1_72' title="bbox 442 3905 2035 3976">
     <span class='ocr_line' id='line_1_72' title="bbox 442 3905 2035 3976; baseline -0.009 0"><span class='ocrx_word' id='word_1_563' title='bbox 442 3920 563 3976; x_wconf 89' lang='lat' dir='ltr'><strong>dias</strong></span> <span class='ocrx_word' id='word_1_564' title='bbox 584 3926 859 3974; x_wconf 91' lang='lat' dir='ltr'><strong>mortuum</strong></span> <span class='ocrx_word' id='word_1_565' title='bbox 877 3930 999 3970; x_wconf 88' lang='lat' dir='ltr'><strong>esse</strong></span> <span class='ocrx_word' id='word_1_566' title='bbox 1024 3912 1335 3973; x_wconf 88' lang='lat' dir='ltr'><strong>Dominum,</strong></span> <span class='ocrx_word' id='word_1_567' title='bbox 1367 3908 1517 3964; x_wconf 91' lang='lat' dir='ltr'><strong>disce</strong></span> <span class='ocrx_word' id='word_1_568' title='bbox 1533 3908 1623 3963; x_wconf 90' lang='lat' dir='ltr'><strong>ubi</strong></span> <span class='ocrx_word' id='word_1_569' title='bbox 1647 3908 1717 3962; x_wconf 86' lang='lat' dir='ltr'><strong>sit</strong></span> <span class='ocrx_word' id='word_1_570' title='bbox 1747 3921 1896 3961; x_wconf 89' lang='lat' dir='ltr'><strong>mors</strong></span> <span class='ocrx_word' id='word_1_571' title='bbox 1930 3905 2035 3961; x_wconf 85' lang='lat' dir='ltr'><strong>illa</strong></span> 
     </span>
    </p>
   </div>
   <div class='ocr_carea' id='block_1_73' title="bbox 442 4000 2022 4082">
    <p class='ocr_par' dir='ltr' id='par_1_73' title="bbox 442 4000 2022 4082">
     <span class='ocr_line' id='line_1_73' title="bbox 442 4000 2022 4082; baseline -0.01 -13"><span class='ocrx_word' id='word_1_572' title='bbox 442 4009 853 4082; x_wconf 80' lang='lat' dir='ltr'><strong>suscepta.&#39;l‘ibi</strong></span> <span class='ocrx_word' id='word_1_573' title='bbox 880 4007 1023 4064; x_wconf 88' lang='lat' dir='ltr'><strong>enim</strong></span> <span class='ocrx_word' id='word_1_574' title='bbox 1060 4003 1428 4075; x_wconf 80' lang='lat' dir='ltr'><strong>apostolorum</strong></span> <span class='ocrx_word' id='word_1_575' title='bbox 1447 4001 1701 4073; x_wconf 86' lang='lat' dir='ltr'><strong>princeps</strong></span> <span class='ocrx_word' id='word_1_576' title='bbox 1727 4000 1917 4056; x_wconf 82' lang='lat' dir='ltr'><strong>Petrus</strong></span> <span class='ocrx_word' id='word_1_577' title='bbox 1938 4006 2022 4054; x_wconf 87' lang='lat' dir='ltr'><strong>to-</strong></span> 
     </span>
    </p>
   </div>
   <div class='ocr_carea' id='block_1_74' title="bbox 443 4094 1911 4171">
    <p class='ocr_par' dir='ltr' id='par_1_74' title="bbox 443 4094 1911 4171">
     <span class='ocr_line' id='line_1_74' title="bbox 443 4094 1911 4171; baseline -0.009 -11"><span class='ocrx_word' id='word_1_578' title='bbox 443 4117 556 4161; x_wconf 89' lang='lat' dir='ltr'><strong>tum</strong></span> <span class='ocrx_word' id='word_1_579' title='bbox 582 4104 712 4159; x_wconf 91' lang='lat' dir='ltr'><strong>illud</strong></span> <span class='ocrx_word' id='word_1_580' title='bbox 742 4101 934 4157; x_wconf 89' lang='lat' dir='ltr'><strong>mortis</strong></span> <span class='ocrx_word' id='word_1_581' title='bbox 961 4098 1236 4171; x_wconf 82' lang='lat' dir='ltr'><strong>negotium</strong></span> <span class='ocrx_word' id='word_1_582' title='bbox 1288 4097 1374 4151; x_wconf 91' lang='lat' dir='ltr'><strong>his</strong></span> <span class='ocrx_word' id='word_1_583' title='bbox 1397 4095 1577 4151; x_wconf 91' lang='lat' dir='ltr'><strong>verbis</strong></span> <span class='ocrx_word' id='word_1_584' title='bbox 1628 4094 1850 4165; x_wconf 85' lang='lat' dir='ltr'><strong>exponit</strong></span> <span class='ocrx_word' id='word_1_585' title='bbox 1898 4111 1911 4147; x_wconf 92' lang='lat'><strong>:</strong></span> 
     </span>
    </p>
   </div>
   <div class='ocr_carea' id='block_1_75' title="bbox 2120 3174 3711 3249">
    <p class='ocr_par' dir='ltr' id='par_1_75' title="bbox 2120 3174 3711 3249">
     <span class='ocr_line' id='line_1_75' title="bbox 2120 3174 3711 3249; baseline 0.003 -21"><span class='ocrx_word' id='word_1_586' title='bbox 2120 3176 2201 3239; x_wconf 85' lang='grc' dir='ltr'>εἰς</span> <span class='ocrx_word' id='word_1_587' title='bbox 2232 3174 2502 3247; x_wconf 84' lang='grc' dir='ltr'>σωτηρίαν</span> <span class='ocrx_word' id='word_1_588' title='bbox 2526 3176 2639 3239; x_wconf 88' lang='grc' dir='ltr'>τοῖς</span> <span class='ocrx_word' id='word_1_589' title='bbox 2662 3174 2959 3245; x_wconf 85' lang='grc' dir='ltr'>θνήσκουσι</span> <span class='ocrx_word' id='word_1_590' title='bbox 2990 3175 3079 3228; x_wconf 85' lang='grc' dir='ltr'><strong>διά</strong></span> <span class='ocrx_word' id='word_1_591' title='bbox 3103 3176 3203 3247; x_wconf 81' lang='grc' dir='ltr'>τῆς</span> <span class='ocrx_word' id='word_1_592' title='bbox 3232 3178 3561 3249; x_wconf 75' lang='grc' dir='ltr'>οἰκονομίας.</span> <span class='ocrx_word' id='word_1_593' title='bbox 3598 3178 3711 3232; x_wconf 80' lang='grc' dir='ltr'><strong>’Λλ-</strong></span> 
     </span>
    </p>
   </div>
   <div class='ocr_carea' id='block_1_76' title="bbox 2120 3267 3711 3340">
    <p class='ocr_par' dir='ltr' id='par_1_76' title="bbox 2120 3267 3711 3340">
     <span class='ocr_line' id='line_1_76' title="bbox 2120 3267 3711 3340; baseline 0.003 -19"><span class='ocrx_word' id='word_1_594' title='bbox 2120 3267 2188 3322; x_wconf 84' lang='grc' dir='ltr'>λὰ</span> <span class='ocrx_word' id='word_1_595' title='bbox 2210 3268 2312 3321; x_wconf 74' lang='lat' dir='ltr'><strong>xiv</strong></span> <span class='ocrx_word' id='word_1_596' title='bbox 2338 3267 2577 3339; x_wconf 79' lang='grc' dir='ltr'>ἀκούσῃς</span> <span class='ocrx_word' id='word_1_597' title='bbox 2606 3268 2688 3322; x_wconf 84' lang='grc' dir='ltr'>ὅτι</span> <span class='ocrx_word' id='word_1_598' title='bbox 2719 3268 2980 3339; x_wconf 84' lang='grc' dir='ltr'>τέθνηκεν</span> <span class='ocrx_word' id='word_1_599' title='bbox 3010 3269 3038 3320; x_wconf 90' lang='grc' dir='ltr'>ὁ</span> <span class='ocrx_word' id='word_1_600' title='bbox 3068 3268 3299 3340; x_wconf 85' lang='grc' dir='ltr'>Κύριος,</span> <span class='ocrx_word' id='word_1_601' title='bbox 3333 3270 3503 3338; x_wconf 87' lang='grc' dir='ltr'>γνῶθι</span> <span class='ocrx_word' id='word_1_602' title='bbox 3526 3270 3586 3324; x_wconf 83' lang='grc' dir='ltr'>τὸ</span> <span class='ocrx_word' id='word_1_603' title='bbox 3608 3272 3711 3325; x_wconf 84' lang='grc' dir='ltr'>πά-</span> 
     </span>
    </p>
   </div>
   <div class='ocr_carea' id='block_1_77' title="bbox 2123 3358 3712 3434">
    <p class='ocr_par' dir='ltr' id='par_1_77' title="bbox 2123 3358 3712 3434">
     <span class='ocr_line' id='line_1_77' title="bbox 2123 3358 3712 3434; baseline 0.003 -22"><span class='ocrx_word' id='word_1_604' title='bbox 2123 3358 2215 3422; x_wconf 89' lang='grc' dir='ltr'><strong>θος</strong></span> <span class='ocrx_word' id='word_1_605' title='bbox 2253 3358 2346 3412; x_wconf 83' lang='grc' dir='ltr'>τοῦ</span> <span class='ocrx_word' id='word_1_606' title='bbox 2382 3359 2611 3413; x_wconf 90' lang='grc' dir='ltr'>θανάτου</span> <span class='ocrx_word' id='word_1_607' title='bbox 2656 3358 2760 3431; x_wconf 72' lang='grc' dir='ltr'>πρῦ</span> <span class='ocrx_word' id='word_1_608' title='bbox 2811 3358 3187 3431; x_wconf 88' lang='grc' dir='ltr'>πεπλήρωται.</span> <span class='ocrx_word' id='word_1_609' title='bbox 3239 3362 3561 3433; x_wconf 83' lang='grc' dir='ltr'>Ἐρμηνεύει</span> <span class='ocrx_word' id='word_1_610' title='bbox 3601 3364 3712 3434; x_wconf 81' lang='grc' dir='ltr'><strong>γάρ</strong></span> 
     </span>
    </p>
   </div>
   <div class='ocr_carea' id='block_1_78' title="bbox 2121 3450 3712 3527">
    <p class='ocr_par' dir='ltr' id='par_1_78' title="bbox 2121 3450 3712 3527">
     <span class='ocr_line' id='line_1_78' title="bbox 2121 3450 3712 3527; baseline 0.004 -23"><span class='ocrx_word' id='word_1_611' title='bbox 2121 3468 2202 3504; x_wconf 90' lang='grc' dir='ltr'><strong>σοι</strong></span> <span class='ocrx_word' id='word_1_612' title='bbox 2228 3452 2256 3505; x_wconf 88' lang='lat'><strong>6</strong></span> <span class='ocrx_word' id='word_1_613' title='bbox 2282 3450 2712 3522; x_wconf 85' lang='grc' dir='ltr'>κορυφαιότατος</span> <span class='ocrx_word' id='word_1_614' title='bbox 2742 3451 2850 3504; x_wconf 86' lang='grc' dir='ltr'><strong>τῶν</strong></span> <span class='ocrx_word' id='word_1_615' title='bbox 2882 3452 3199 3507; x_wconf 86' lang='grc' dir='ltr'>ἀποστόλων</span> <span class='ocrx_word' id='word_1_616' title='bbox 3222 3453 3429 3526; x_wconf 85' lang='grc' dir='ltr'>Πέτρος</span> <span class='ocrx_word' id='word_1_617' title='bbox 3456 3454 3555 3525; x_wconf 78' lang='grc' dir='ltr'><strong>τὴν</strong></span> <span class='ocrx_word' id='word_1_618' title='bbox 3584 3459 3712 3527; x_wconf 77' lang='grc' dir='ltr'>περὶ</span> 
     </span>
    </p>
   </div>
   <div class='ocr_carea' id='block_1_79' title="bbox 2118 3540 3711 3613">
    <p class='ocr_par' dir='ltr' id='par_1_79' title="bbox 2118 3540 3711 3613">
     <span class='ocr_line' id='line_1_79' title="bbox 2118 3540 3711 3613; baseline 0.004 -19"><span class='ocrx_word' id='word_1_619' title='bbox 2118 3542 2211 3595; x_wconf 79' lang='grc' dir='ltr'>τοῦ</span> <span class='ocrx_word' id='word_1_620' title='bbox 2260 3540 2490 3595; x_wconf 85' lang='grc' dir='ltr'>θανάτου</span> <span class='ocrx_word' id='word_1_621' title='bbox 2540 3540 2705 3596; x_wconf 78' lang='grc' dir='ltr'>αὑτοῦ</span> <span class='ocrx_word' id='word_1_622' title='bbox 2758 3542 3044 3609; x_wconf 89' lang='grc' dir='ltr'>ὑπόθεσιν,</span> <span class='ocrx_word' id='word_1_623' title='bbox 3095 3543 3289 3613; x_wconf 80' lang='grc' dir='ltr'>λέγων·</span> <span class='ocrx_word' id='word_1_624' title='bbox 3345 3548 3711 3613; x_wconf 78' lang='grc' dir='ltr'>Θανατωθείς</span> 
     </span>
    </p>
   </div>
   <div class='ocr_carea' id='block_1_80' title="bbox 2117 3631 3705 3709">
    <p class='ocr_par' dir='ltr' id='par_1_80' title="bbox 2117 3631 3705 3709">
     <span class='ocr_line' id='line_1_80' title="bbox 2117 3631 3705 3709; baseline 0.005 -24"><span class='ocrx_word' id='word_1_625' title='bbox 2117 3632 2321 3701; x_wconf 73' lang='grc' dir='ltr'>σαρκὶ,</span> <span class='ocrx_word' id='word_1_626' title='bbox 2376 3631 2750 3700; x_wconf 76' lang='grc' dir='ltr'>ζωοποιηθεὶς</span> <span class='ocrx_word' id='word_1_627' title='bbox 2799 3632 2868 3687; x_wconf 83' lang='grc' dir='ltr'>δὲ</span> <span class='ocrx_word' id='word_1_628' title='bbox 2914 3636 3228 3705; x_wconf 81' lang='grc' dir='ltr'>πνεύματι.</span> <span class='ocrx_word' id='word_1_629' title='bbox 3282 3637 3347 3689; x_wconf 84' lang='grc' dir='ltr'>Ἡ</span> <span class='ocrx_word' id='word_1_630' title='bbox 3390 3638 3500 3709; x_wconf 82' lang='grc' dir='ltr'>γὰρ</span> <span class='ocrx_word' id='word_1_631' title='bbox 3536 3639 3705 3694; x_wconf 74' lang='grc' dir='ltr'>αὐτοῦ</span> 
     </span>
    </p>
   </div>
   <div class='ocr_carea' id='block_1_81' title="bbox 2120 3726 3715 3804">
    <p class='ocr_par' dir='ltr' id='par_1_81' title="bbox 2120 3726 3715 3804">
     <span class='ocr_line' id='line_1_81' title="bbox 2120 3726 3715 3804; baseline 0.004 -25"><span class='ocrx_word' id='word_1_632' title='bbox 2120 3727 2311 3798; x_wconf 79' lang='grc' dir='ltr'>θεότης</span> <span class='ocrx_word' id='word_1_633' title='bbox 2358 3726 2730 3799; x_wconf 77' lang='grc' dir='ltr'>ἀναδεξαμένη</span> <span class='ocrx_word' id='word_1_634' title='bbox 2784 3728 2845 3781; x_wconf 78' lang='grc' dir='ltr'>τὸ</span> <span class='ocrx_word' id='word_1_635' title='bbox 2897 3730 2955 3782; x_wconf 80' lang='grc' dir='ltr'>ἐν</span> <span class='ocrx_word' id='word_1_636' title='bbox 3010 3732 3174 3801; x_wconf 73' lang='grc' dir='ltr'>σαρκὶ</span> <span class='ocrx_word' id='word_1_637' title='bbox 3226 3729 3435 3795; x_wconf 88' lang='grc' dir='ltr'>παθεῖν,</span> <span class='ocrx_word' id='word_1_638' title='bbox 3494 3732 3715 3804; x_wconf 80' lang='grc' dir='ltr'>ἀπαθής</span> 
     </span>
    </p>
   </div>
   <div class='ocr_carea' id='block_1_82' title="bbox 2128 3813 3715 3895">
    <p class='ocr_par' dir='ltr' id='par_1_82' title="bbox 2128 3813 3715 3895">
     <span class='ocr_line' id='line_1_82' title="bbox 2128 3813 3715 3895; baseline 0.004 -25"><span class='ocrx_word' id='word_1_639' title='bbox 2128 3818 2263 3879; x_wconf 76' lang='grc' dir='ltr'>ἐστι,</span> <span class='ocrx_word' id='word_1_640' title='bbox 2296 3818 2387 3871; x_wconf 83' lang='grc' dir='ltr'>καὶ</span> <span class='ocrx_word' id='word_1_641' title='bbox 2424 3818 2638 3889; x_wconf 76' lang='grc' dir='ltr'>ἀπαθὴς</span> <span class='ocrx_word' id='word_1_642' title='bbox 2678 3813 2768 3889; x_wconf 81' lang='grc' dir='ltr'><strong>ἧν,</strong></span> <span class='ocrx_word' id='word_1_643' title='bbox 2805 3819 2899 3871; x_wconf 74' lang='grc' dir='ltr'><strong>καὶ</strong></span> <span class='ocrx_word' id='word_1_644' title='bbox 2934 3820 3149 3891; x_wconf 84' lang='grc' dir='ltr'>ἀπαθὴς</span> <span class='ocrx_word' id='word_1_645' title='bbox 3173 3820 3427 3890; x_wconf 87' lang='grc' dir='ltr'>διέμεινε,</span> <span class='ocrx_word' id='word_1_646' title='bbox 3465 3821 3541 3895; x_wconf 81' lang='grc' dir='ltr'>μὴ</span> <span class='ocrx_word' id='word_1_647' title='bbox 3572 3840 3715 3892; x_wconf 79' lang='grc' dir='ltr'>τρα-</span> 
     </span>
    </p>
   </div>
   <div class='ocr_carea' id='block_1_83' title="bbox 2130 3909 3716 3986">
    <p class='ocr_par' dir='ltr' id='par_1_83' title="bbox 2130 3909 3716 3986">
     <span class='ocr_line' id='line_1_83' title="bbox 2130 3909 3716 3986; baseline 0.003 -24"><span class='ocrx_word' id='word_1_648' title='bbox 2130 3909 2324 3980; x_wconf 84' lang='grc' dir='ltr'>πείσης</span> <span class='ocrx_word' id='word_1_649' title='bbox 2362 3911 2460 3981; x_wconf 79' lang='grc' dir='ltr'>τῆς</span> <span class='ocrx_word' id='word_1_650' title='bbox 2500 3910 2786 3979; x_wconf 69' lang='grc' dir='ltr'>ἀπαθείας,</span> <span class='ocrx_word' id='word_1_651' title='bbox 2819 3910 2953 3981; x_wconf 83' lang='grc' dir='ltr'>μηδὲ</span> <span class='ocrx_word' id='word_1_652' title='bbox 2992 3912 3388 3985; x_wconf 86' lang='grc' dir='ltr'>ἀχρειωθείσης</span> <span class='ocrx_word' id='word_1_653' title='bbox 3414 3917 3513 3986; x_wconf 82' lang='grc' dir='ltr'><strong>τῆς</strong></span> <span class='ocrx_word' id='word_1_654' title='bbox 3555 3912 3716 3969; x_wconf 82' lang='grc' dir='ltr'>ἁῐδιό-</span> 
     </span>
    </p>
   </div>
   <div class='ocr_carea' id='block_1_84' title="bbox 2129 4018 2307 4071">
    <p class='ocr_par' dir='ltr' id='par_1_84' title="bbox 2129 4018 2307 4071">
     <span class='ocr_line' id='line_1_84' title="bbox 2129 4018 2307 4071; baseline 0.006 -18"><span class='ocrx_word' id='word_1_655' title='bbox 2129 4018 2307 4071; x_wconf 81' lang='grc' dir='ltr'>τητος.</span> 
     </span>
    </p>
   </div>
   <div class='ocr_carea' id='block_1_85' title="bbox 1960 4090 3712 4166">
    <p class='ocr_par' dir='ltr' id='par_1_85' title="bbox 1960 4090 3712 4166">
     <span class='ocr_line' id='line_1_85' title="bbox 1960 4090 3712 4166; baseline 0.003 -21"><span class='ocrx_word' id='word_1_656' title='bbox 1960 4090 2319 4162; x_wconf 80' lang='lat' dir='ltr'><strong>Morti/icalus</strong></span> <span class='ocrx_word' id='word_1_657' title='bbox 2365 4109 2545 4161; x_wconf 83' lang='lat' dir='ltr'><strong>carne,</strong></span> <span class='ocrx_word' id='word_1_658' title='bbox 2596 4093 2890 4165; x_wconf 66' lang='lat' dir='ltr'><strong>vivificatus</strong></span> <span class='ocrx_word' id='word_1_659' title='bbox 2951 4104 3125 4150; x_wconf 86' lang='lat' dir='ltr'><strong>autem</strong></span> <span class='ocrx_word' id='word_1_660' title='bbox 3168 4097 3362 4166; x_wconf 77' lang='lat' dir='ltr'><strong>spiritu</strong></span> <span class='ocrx_word' id='word_1_661' title='bbox 3410 4099 3450 4153; x_wconf 90' lang='grc'><strong>³.</strong></span> <span class='ocrx_word' id='word_1_662' title='bbox 3498 4098 3712 4153; x_wconf 84' lang='lat' dir='ltr'><strong>Etenlm</strong></span> 
     </span>
    </p>
   </div>
   <div class='ocr_carea' id='block_1_86' title="bbox 428 4188 3717 4266">
    <p class='ocr_par' dir='ltr' id='par_1_86' title="bbox 428 4188 3717 4266">
     <span class='ocr_line' id='line_1_86' title="bbox 428 4188 3717 4266; baseline -0.003 -11"><span class='ocrx_word' id='word_1_663' title='bbox 428 4200 700 4255; x_wconf 75' lang='lat' dir='ltr'><strong>divinitas</strong></span> <span class='ocrx_word' id='word_1_664' title='bbox 740 4196 912 4266; x_wconf 88' lang='lat' dir='ltr'><strong>ipsius</strong></span> <span class='ocrx_word' id='word_1_665' title='bbox 948 4192 1353 4263; x_wconf 89' lang='lat' dir='ltr'><strong>perpessionem</strong></span> <span class='ocrx_word' id='word_1_666' title='bbox 1393 4190 1576 4245; x_wconf 88' lang='lat' dir='ltr'><strong>carnis</strong></span> <span class='ocrx_word' id='word_1_667' title='bbox 1608 4189 1856 4253; x_wconf 89' lang='lat' dir='ltr'><strong>subiens,</strong></span> <span class='ocrx_word' id='word_1_668' title='bbox 1901 4188 2278 4259; x_wconf 87' lang='lat' dir='ltr'><strong>perpessionis</strong></span> <span class='ocrx_word' id='word_1_669' title='bbox 2307 4188 2663 4244; x_wconf 87' lang='lat' dir='ltr'><strong>nihilominus</strong></span> <span class='ocrx_word' id='word_1_670' title='bbox 2705 4197 2791 4244; x_wconf 90' lang='lat' dir='ltr'><strong>est</strong></span> <span class='ocrx_word' id='word_1_671' title='bbox 2855 4204 3072 4257; x_wconf 81' lang='lat' dir='ltr'><strong>expers,</strong></span> <span class='ocrx_word' id='word_1_672' title='bbox 3108 4198 3161 4244; x_wconf 89' lang='lat' dir='ltr'><strong>et</strong></span> <span class='ocrx_word' id='word_1_673' title='bbox 3218 4205 3416 4260; x_wconf 83' lang='lat' dir='ltr'><strong>expers</strong></span> <span class='ocrx_word' id='word_1_674' title='bbox 3481 4197 3618 4255; x_wconf 87' lang='lat' dir='ltr'><strong>erat,</strong></span> <span class='ocrx_word' id='word_1_675' title='bbox 3659 4200 3717 4245; x_wconf 92' lang='lat' dir='ltr'><strong>ct</strong></span> 
     </span>
    </p>
   </div>
   <div class='ocr_carea' id='block_1_87' title="bbox 440 4282 3317 4361">
    <p class='ocr_par' dir='ltr' id='par_1_87' title="bbox 440 4282 3317 4361">
     <span class='ocr_line' id='line_1_87' title="bbox 440 4282 3317 4361; baseline -0.003 -13"><span class='ocrx_word' id='word_1_676' title='bbox 440 4306 637 4361; x_wconf 82' lang='lat' dir='ltr'><strong>expers</strong></span> <span class='ocrx_word' id='word_1_677' title='bbox 678 4285 999 4358; x_wconf 88' lang='lat' dir='ltr'><strong>permansit,</strong></span> <span class='ocrx_word' id='word_1_678' title='bbox 1033 4299 1155 4338; x_wconf 91' lang='lat' dir='ltr'><strong>cum</strong></span> <span class='ocrx_word' id='word_1_679' title='bbox 1192 4297 1368 4353; x_wconf 90' lang='lat' dir='ltr'><strong>neque</strong></span> <span class='ocrx_word' id='word_1_680' title='bbox 1407 4282 1478 4337; x_wconf 88' lang='lat' dir='ltr'><strong>sit</strong></span> <span class='ocrx_word' id='word_1_681' title='bbox 1513 4283 1603 4336; x_wconf 91' lang='lat' dir='ltr'><strong>illa</strong></span> <span class='ocrx_word' id='word_1_682' title='bbox 1632 4298 1742 4337; x_wconf 92' lang='lat' dir='ltr'><strong>non</strong></span> <span class='ocrx_word' id='word_1_683' title='bbox 1772 4283 2016 4352; x_wconf 89' lang='lat' dir='ltr'><strong>patiendi</strong></span> <span class='ocrx_word' id='word_1_684' title='bbox 2044 4291 2251 4338; x_wconf 86' lang='lat' dir='ltr'><strong>mutata</strong></span> <span class='ocrx_word' id='word_1_685' title='bbox 2286 4285 2551 4350; x_wconf 88' lang='lat' dir='ltr'><strong>conditio,</strong></span> <span class='ocrx_word' id='word_1_686' title='bbox 2582 4299 2683 4338; x_wconf 91' lang='lat' dir='ltr'><strong>nee</strong></span> <span class='ocrx_word' id='word_1_687' title='bbox 2706 4283 2993 4338; x_wconf 80' lang='lat' dir='ltr'><strong>aeternitas</strong></span> <span class='ocrx_word' id='word_1_688' title='bbox 3023 4284 3317 4339; x_wconf 80' lang='lat' dir='ltr'><strong>exstincta.</strong></span> 
     </span>
    </p>
   </div>
   <div class='ocr_carea' id='block_1_88' title="bbox 510 4376 2019 4447">
    <p class='ocr_par' dir='ltr' id='par_1_88' title="bbox 510 4376 2018 4447">
     <span class='ocr_line' id='line_1_88' title="bbox 510 4376 2018 4447; baseline -0.003 -11"><span class='ocrx_word' id='word_1_689' title='bbox 510 4380 728 4437; x_wconf 77' lang='lat' dir='ltr'><strong>XXXV.</strong></span> <span class='ocrx_word' id='word_1_690' title='bbox 773 4379 840 4434; x_wconf 89' lang='lat' dir='ltr'><strong>At</strong></span> <span class='ocrx_word' id='word_1_691' title='bbox 883 4380 1029 4434; x_wconf 91' lang='lat' dir='ltr'><strong>enim</strong></span> <span class='ocrx_word' id='word_1_692' title='bbox 1076 4376 1383 4431; x_wconf 90' lang='lat' dir='ltr'><strong>inanissimi</strong></span> <span class='ocrx_word' id='word_1_693' title='bbox 1430 4377 1679 4431; x_wconf 91' lang='lat' dir='ltr'><strong>homines</strong></span> <span class='ocrx_word' id='word_1_694' title='bbox 1707 4378 2018 4447; x_wconf 86' lang='lat' dir='ltr'><strong>objiciunt:</strong></span> 
     </span>
    </p>
   </div>
   <div class='ocr_carea' id='block_1_89' title="bbox 2121 4376 3718 4447">
    <p class='ocr_par' dir='ltr' id='par_1_89' title="bbox 2198 4378 3718 4443">
     <span class='ocr_line' id='line_1_89' title="bbox 2198 4378 3718 4443; baseline -0.001 -10"><span class='ocrx_word' id='word_1_695' title='bbox 2198 4381 2321 4435; x_wconf 83' lang='lat' dir='ltr'><strong>AE&#39;.</strong></span> <span class='ocrx_word' id='word_1_696' title='bbox 2369 4380 2539 4434; x_wconf 80' lang='grc' dir='ltr'>Πάλιν</span> <span class='ocrx_word' id='word_1_697' title='bbox 2573 4396 2633 4431; x_wconf 88' lang='grc' dir='ltr'><strong>τε</strong></span> <span class='ocrx_word' id='word_1_698' title='bbox 2672 4378 2766 4431; x_wconf 80' lang='grc' dir='ltr'><strong>ὲάν</strong></span> <span class='ocrx_word' id='word_1_699' title='bbox 2795 4380 3021 4432; x_wconf 76' lang='grc' dir='ltr'>εἴπωσιν</span> <span class='ocrx_word' id='word_1_700' title='bbox 3051 4380 3098 4432; x_wconf 86' lang='grc' dir='ltr'>οἱ</span> <span class='ocrx_word' id='word_1_701' title='bbox 3131 4378 3419 4443; x_wconf 70' lang='grc' dir='ltr'>κενόδοξον</span> <span class='ocrx_word' id='word_1_702' title='bbox 3461 4380 3575 4433; x_wconf 85' lang='grc' dir='ltr'>Οὑκ</span> <span class='ocrx_word' id='word_1_703' title='bbox 3608 4378 3718 4432; x_wconf 79' lang='grc' dir='ltr'><strong>ἀπὸ</strong></span> 
     </span>
    </p>
   </div>
   <div class='ocr_carea' id='block_1_90' title="bbox 440 4464 2027 4540">
    <p class='ocr_par' dir='ltr' id='par_1_90' title="bbox 440 4464 2027 4540">
     <span class='ocr_line' id='line_1_90' title="bbox 440 4464 2027 4540; baseline -0.004 -9"><span class='ocrx_word' id='word_1_704' title='bbox 440 4474 723 4531; x_wconf 83' lang='lat' dir='ltr'><strong>Christum</strong></span> <span class='ocrx_word' id='word_1_705' title='bbox 764 4464 945 4526; x_wconf 80' lang='lat' dir='ltr'><strong>anima</strong></span> <span class='ocrx_word' id='word_1_706' title='bbox 988 4469 1158 4525; x_wconf 80' lang='lat' dir='ltr'><strong>fuisse</strong></span> <span class='ocrx_word' id='word_1_707' title='bbox 1191 4470 1511 4539; x_wconf 61' lang='lat' dir='ltr'><strong>praeditum,</strong></span> <span class='ocrx_word' id='word_1_708' title='bbox 1552 4469 1639 4524; x_wconf 92' lang='lat' dir='ltr'><strong>his</strong></span> <span class='ocrx_word' id='word_1_709' title='bbox 1678 4469 1862 4526; x_wconf 91' lang='lat' dir='ltr'><strong>verbis</strong></span> <span class='ocrx_word' id='word_1_710' title='bbox 1904 4487 2027 4540; x_wconf 84' lang='lat' dir='ltr'><strong>per-</strong></span> 
     </span>
    </p>
   </div>
   <div class='ocr_carea' id='block_1_91' title="bbox 2133 4470 3716 4542">
    <p class='ocr_par' dir='ltr' id='par_1_91' title="bbox 2133 4470 3716 4542">
     <span class='ocr_line' id='line_1_91' title="bbox 2133 4470 3716 4542; baseline -0.001 -18"><span class='ocrx_word' id='word_1_711' title='bbox 2133 4472 2242 4526; x_wconf 85' lang='grc' dir='ltr'><strong>τῶν</strong></span> <span class='ocrx_word' id='word_1_712' title='bbox 2262 4471 2517 4525; x_wconf 79' lang='grc' dir='ltr'>τοιούτων</span> <span class='ocrx_word' id='word_1_713' title='bbox 2556 4471 2665 4542; x_wconf 76' lang='lat'><strong>(33)</strong></span> <span class='ocrx_word' id='word_1_714' title='bbox 2692 4470 2916 4524; x_wconf 88' lang='grc' dir='ltr'>δύνασαι</span> <span class='ocrx_word' id='word_1_715' title='bbox 2951 4472 3097 4541; x_wconf 80' lang='grc' dir='ltr'>ἡμᾶς</span> <span class='ocrx_word' id='word_1_716' title='bbox 3145 4473 3325 4523; x_wconf 85' lang='grc' dir='ltr'>πεῖσαι</span> <span class='ocrx_word' id='word_1_717' title='bbox 3359 4470 3450 4521; x_wconf 84' lang='grc' dir='ltr'><strong>τὸν</strong></span> <span class='ocrx_word' id='word_1_718' title='bbox 3480 4470 3716 4539; x_wconf 76' lang='grc' dir='ltr'>Χριστὸν</span> 
     </span>
    </p>
   </div>
   <div class='ocr_carea' id='block_1_92' title="bbox 446 4558 2019 4633">
    <p class='ocr_par' dir='ltr' id='par_1_92' title="bbox 446 4560 2019 4631">
     <span class='ocr_line' id='line_1_92' title="bbox 446 4560 2019 4631; baseline 0 -13"><span class='ocrx_word' id='word_1_719' title='bbox 446 4563 678 4619; x_wconf 88' lang='lat' dir='ltr'><strong>suadere</strong></span> <span class='ocrx_word' id='word_1_720' title='bbox 749 4577 858 4616; x_wconf 93' lang='lat' dir='ltr'><strong>non</strong></span> <span class='ocrx_word' id='word_1_721' title='bbox 934 4568 1110 4631; x_wconf 86' lang='lat' dir='ltr'><strong>potes,</strong></span> <span class='ocrx_word' id='word_1_722' title='bbox 1165 4560 1431 4630; x_wconf 89' lang='lat' dir='ltr'><strong>siquidem</strong></span> <span class='ocrx_word' id='word_1_723' title='bbox 1474 4561 1526 4614; x_wconf 92' lang='lat' dir='ltr'><strong>in</strong></span> <span class='ocrx_word' id='word_1_724' title='bbox 1572 4562 1746 4616; x_wconf 90' lang='lat' dir='ltr'><strong>sacris</strong></span> <span class='ocrx_word' id='word_1_725' title='bbox 1809 4560 2019 4619; x_wconf 77' lang='lat' dir='ltr'><strong>Litteris</strong></span> 
     </span>
    </p>
   </div>
   <div class='ocr_carea' id='block_1_93' title="bbox 2121 4558 3717 4633">
    <p class='ocr_par' dir='ltr' id='par_1_93' title="bbox 2135 4558 3717 4633">
     <span class='ocr_line' id='line_1_93' title="bbox 2135 4558 3717 4633; baseline -0.001 -20"><span class='ocrx_word' id='word_1_726' title='bbox 2135 4561 2312 4632; x_wconf 77' lang='grc' dir='ltr'>ψυχὴν</span> <span class='ocrx_word' id='word_1_727' title='bbox 2338 4562 2646 4631; x_wconf 81' lang='grc' dir='ltr'>ὲσχηκέναι’</span> <span class='ocrx_word' id='word_1_728' title='bbox 2685 4562 2997 4633; x_wconf 85' lang='grc' dir='ltr'>εὑρήκαμεν</span> <span class='ocrx_word' id='word_1_729' title='bbox 3036 4561 3145 4629; x_wconf 76' lang='grc' dir='ltr'>γὰρ</span> <span class='ocrx_word' id='word_1_730' title='bbox 3172 4558 3283 4611; x_wconf 83' lang='grc' dir='ltr'>ἄνω</span> <span class='ocrx_word' id='word_1_731' title='bbox 3315 4560 3372 4612; x_wconf 83' lang='grc' dir='ltr'>ὲν</span> <span class='ocrx_word' id='word_1_732' title='bbox 3404 4560 3521 4621; x_wconf 85' lang='grc' dir='ltr'>ταῖς</span> <span class='ocrx_word' id='word_1_733' title='bbox 3544 4558 3717 4623; x_wconf 84' lang='grc' dir='ltr'>θείαις</span> 
     </span>
    </p>
   </div>
   <div class='ocr_carea' id='block_1_94' title="bbox 445 4653 2029 4725">
    <p class='ocr_par' dir='ltr' id='par_1_94' title="bbox 445 4653 2029 4725">
     <span class='ocr_line' id='line_1_94' title="bbox 445 4653 2029 4725; baseline -0.002 -12"><span class='ocrx_word' id='word_1_734' title='bbox 445 4656 639 4713; x_wconf 75' lang='lat' dir='ltr'><strong>lsaiam</strong></span> <span class='ocrx_word' id='word_1_735' title='bbox 667 4671 731 4711; x_wconf 90' lang='lat' dir='ltr'><strong>ex</strong></span> <span class='ocrx_word' id='word_1_736' title='bbox 754 4653 849 4710; x_wconf 87' lang='lat' dir='ltr'><strong>Dei</strong></span> <span class='ocrx_word' id='word_1_737' title='bbox 868 4669 931 4708; x_wconf 90' lang='lat' dir='ltr'><strong>ac</strong></span> <span class='ocrx_word' id='word_1_738' title='bbox 954 4653 1130 4709; x_wconf 87' lang='lat' dir='ltr'><strong>Patris</strong></span> <span class='ocrx_word' id='word_1_739' title='bbox 1157 4667 1389 4723; x_wconf 89' lang='lat' dir='ltr'><strong>persona</strong></span> <span class='ocrx_word' id='word_1_740' title='bbox 1413 4653 1479 4709; x_wconf 91' lang='lat' dir='ltr'><strong>de</strong></span> <span class='ocrx_word' id='word_1_741' title='bbox 1504 4654 1794 4725; x_wconf 81' lang='lat' dir='ltr'><strong>Unigenito</strong></span> <span class='ocrx_word' id='word_1_742' title='bbox 1820 4655 2029 4710; x_wconf 85' lang='lat' dir='ltr'><strong>dixisse</strong></span> 
     </span>
    </p>
   </div>
   <div class='ocr_carea' id='block_1_95' title="bbox 444 4744 2023 4820">
    <p class='ocr_par' dir='ltr' id='par_1_95' title="bbox 444 4744 2023 4820">
     <span class='ocr_line' id='line_1_95' title="bbox 444 4744 2023 4820; baseline -0.002 -18"><span class='ocrx_word' id='word_1_743' title='bbox 444 4748 711 4820; x_wconf 80' lang='lat' dir='ltr'><strong>legimus:</strong></span> <span class='ocrx_word' id='word_1_744' title='bbox 747 4745 847 4800; x_wconf 83' lang='lat' dir='ltr'><strong>Hic</strong></span> <span class='ocrx_word' id='word_1_745' title='bbox 873 4756 947 4801; x_wconf 82' lang='lat' dir='ltr'><strong>est</strong></span> <span class='ocrx_word' id='word_1_746' title='bbox 980 4744 1155 4800; x_wconf 79' lang='lat' dir='ltr'><strong>Filius</strong></span> <span class='ocrx_word' id='word_1_747' title='bbox 1182 4761 1323 4799; x_wconf 84' lang='lat' dir='ltr'><strong>meus</strong></span> <span class='ocrx_word' id='word_1_748' title='bbox 1355 4744 1576 4799; x_wconf 78' lang='lat' dir='ltr'><strong>dilectus</strong></span> <span class='ocrx_word' id='word_1_749' title='bbox 1601 4786 1616 4808; x_wconf 94' lang='lat'><strong>,</strong></span> <span class='ocrx_word' id='word_1_750' title='bbox 1655 4746 1709 4799; x_wconf 86' lang='lat' dir='ltr'><strong>in</strong></span> <span class='ocrx_word' id='word_1_751' title='bbox 1752 4763 1854 4815; x_wconf 89' lang='lat' dir='ltr'><strong>quo</strong></span> <span class='ocrx_word' id='word_1_752' title='bbox 1897 4746 2023 4799; x_wconf 79' lang='lat' dir='ltr'><strong>mihi</strong></span> 
     </span>
    </p>
   </div>
   <div class='ocr_carea' id='block_1_96' title="bbox 444 4836 2025 4911">
    <p class='ocr_par' dir='ltr' id='par_1_96' title="bbox 444 4836 2025 4911">
     <span class='ocr_line' id='line_1_96' title="bbox 444 4836 2025 4911; baseline -0.003 -17"><span class='ocrx_word' id='word_1_753' title='bbox 444 4841 622 4911; x_wconf 82' lang='lat' dir='ltr'><strong>placui</strong></span> <span class='ocrx_word' id='word_1_754' title='bbox 648 4848 845 4910; x_wconf 82' lang='lat' dir='ltr'><strong>:‘quem</strong></span> <span class='ocrx_word' id='word_1_755' title='bbox 870 4837 1055 4893; x_wconf 75' lang='lat' dir='ltr'><strong>dilexit</strong></span> <span class='ocrx_word' id='word_1_756' title='bbox 1086 4838 1266 4891; x_wconf 86' lang='lat' dir='ltr'><strong>anima</strong></span> <span class='ocrx_word' id='word_1_757' title='bbox 1306 4854 1421 4891; x_wconf 90' lang='lat' dir='ltr'><strong>mea</strong></span> <span class='ocrx_word' id='word_1_758' title='bbox 1445 4837 1486 4889; x_wconf 77' lang='grc'><strong>⁸.</strong></span> <span class='ocrx_word' id='word_1_759' title='bbox 1525 4836 1627 4891; x_wconf 90' lang='lat' dir='ltr'><strong>Ubi</strong></span> <span class='ocrx_word' id='word_1_760' title='bbox 1658 4837 1789 4907; x_wconf 84' lang='lat' dir='ltr'><strong>quid</strong></span> <span class='ocrx_word' id='word_1_761' title='bbox 1825 4838 1891 4892; x_wconf 88' lang='lat' dir='ltr'><strong>de</strong></span> <span class='ocrx_word' id='word_1_762' title='bbox 1918 4836 2025 4891; x_wconf 89' lang='lat' dir='ltr'><strong>Pa-</strong></span> 
     </span>
    </p>
   </div>
   <div class='ocr_carea' id='block_1_97' title="bbox 440 4928 2026 4987">
    <p class='ocr_par' dir='ltr' id='par_1_97' title="bbox 440 4928 2026 4987">
     <span class='ocr_line' id='line_1_97' title="bbox 440 4928 2026 4987; baseline -0.003 0"><span class='ocrx_word' id='word_1_763' title='bbox 440 4940 527 4987; x_wconf 79' lang='lat' dir='ltr'><strong>tre</strong></span> <span class='ocrx_word' id='word_1_764' title='bbox 568 4931 786 4986; x_wconf 89' lang='lat' dir='ltr'><strong>tandem</strong></span> <span class='ocrx_word' id='word_1_765' title='bbox 834 4928 1305 4984; x_wconf 87' lang='lat' dir='ltr'><strong>existimabimus?</strong></span> <span class='ocrx_word' id='word_1_766' title='bbox 1341 4936 1653 4981; x_wconf 85' lang='lat' dir='ltr'><strong>utrumnam</strong></span> <span class='ocrx_word' id='word_1_767' title='bbox 1703 4929 1937 4982; x_wconf 90' lang='lat' dir='ltr'><strong>animam</strong></span> <span class='ocrx_word' id='word_1_768' title='bbox 1971 4930 2026 4984; x_wconf 92' lang='lat' dir='ltr'><strong>in</strong></span> 
     </span>
    </p>
   </div>
   <div class='ocr_carea' id='block_1_98' title="bbox 444 5020 2026 5094">
    <p class='ocr_par' dir='ltr' id='par_1_98' title="bbox 444 5020 2026 5094">
     <span class='ocr_line' id='line_1_98' title="bbox 444 5020 2026 5094; baseline -0.001 -16"><span class='ocrx_word' id='word_1_769' title='bbox 444 5024 629 5094; x_wconf 87' lang='lat' dir='ltr'><strong>seipso</strong></span> <span class='ocrx_word' id='word_1_770' title='bbox 666 5021 945 5085; x_wconf 88' lang='lat' dir='ltr'><strong>habuisse,</strong></span> <span class='ocrx_word' id='word_1_771' title='bbox 990 5027 1085 5071; x_wconf 85' lang='lat' dir='ltr'><strong>aut</strong></span> <span class='ocrx_word' id='word_1_772' title='bbox 1113 5022 1409 5073; x_wconf 85' lang='lat' dir='ltr'><strong>etiamnum</strong></span> <span class='ocrx_word' id='word_1_773' title='bbox 1446 5020 1685 5075; x_wconf 85' lang='lat' dir='ltr'><strong>habere?</strong></span> <span class='ocrx_word' id='word_1_774' title='bbox 1721 5021 1846 5090; x_wconf 84' lang='lat' dir='ltr'><strong>quis</strong></span> <span class='ocrx_word' id='word_1_775' title='bbox 1890 5022 2026 5077; x_wconf 89' lang='lat' dir='ltr'><strong>adeo</strong></span> 
     </span>
    </p>
   </div>
   <div class='ocr_carea' id='block_1_99' title="bbox 438 5110 2027 5181">
    <p class='ocr_par' dir='ltr' id='par_1_99' title="bbox 438 5110 2027 5181">
     <span class='ocr_line' id='line_1_99' title="bbox 438 5110 2027 5181; baseline -0.004 -10"><span class='ocrx_word' id='word_1_776' title='bbox 438 5116 667 5171; x_wconf 86' lang='lat' dir='ltr'><strong>demens</strong></span> <span class='ocrx_word' id='word_1_777' title='bbox 699 5121 804 5179; x_wconf 89' lang='lat' dir='ltr'><strong>est,</strong></span> <span class='ocrx_word' id='word_1_778' title='bbox 836 5118 897 5167; x_wconf 92' lang='lat' dir='ltr'><strong>ut</strong></span> <span class='ocrx_word' id='word_1_779' title='bbox 935 5110 1051 5165; x_wconf 59' lang='lat' dir='ltr'><strong>haec</strong></span> <span class='ocrx_word' id='word_1_780' title='bbox 1079 5111 1145 5165; x_wconf 89' lang='lat' dir='ltr'><strong>de</strong></span> <span class='ocrx_word' id='word_1_781' title='bbox 1172 5110 1330 5166; x_wconf 87' lang='lat' dir='ltr'><strong>Patre</strong></span> <span class='ocrx_word' id='word_1_782' title='bbox 1373 5110 1722 5180; x_wconf 86' lang='lat' dir='ltr'><strong>suspicetur?</strong></span> <span class='ocrx_word' id='word_1_783' title='bbox 1752 5111 1890 5177; x_wconf 92' lang='lat' dir='ltr'><strong>Quid</strong></span> <span class='ocrx_word' id='word_1_784' title='bbox 1925 5113 2027 5181; x_wconf 79' lang='lat' dir='ltr'><strong>igi-</strong></span> 
     </span>
    </p>
   </div>
   <div class='ocr_carea' id='block_1_100' title="bbox 510 5264 2218 5337">
    <p class='ocr_par' dir='ltr' id='par_1_100' title="bbox 510 5264 2218 5337">
     <span class='ocr_line' id='line_1_100' title="bbox 510 5264 2218 5337; baseline -0.002 -14"><span class='ocrx_word' id='word_1_785' title='bbox 510 5272 534 5301; x_wconf 51' lang='grc' dir='ltr'><strong>ν¹</strong></span> <span class='ocrx_word' id='word_1_786' title='bbox 560 5269 719 5325; x_wconf 84' lang='lat' dir='ltr'><strong>Joan.</strong></span> <span class='ocrx_word' id='word_1_787' title='bbox 749 5285 847 5333; x_wconf 85' lang='lat' dir='ltr'><strong>xu,</strong></span> <span class='ocrx_word' id='word_1_788' title='bbox 877 5266 968 5321; x_wconf 77' lang='lat'><strong>27.</strong></span> <span class='ocrx_word' id='word_1_789' title='bbox 1029 5264 1223 5319; x_wconf 82' lang='lat' dir='ltr'><strong>’Joan.</strong></span> <span class='ocrx_word' id='word_1_790' title='bbox 1248 5279 1348 5327; x_wconf 84' lang='lat' dir='ltr'><strong>xu,</strong></span> <span class='ocrx_word' id='word_1_791' title='bbox 1378 5264 1469 5318; x_wconf 77' lang='grc'><strong>27.</strong></span> <span class='ocrx_word' id='word_1_792' title='bbox 1548 5266 1569 5296; x_wconf 88' lang='grc'>³</span> <span class='ocrx_word' id='word_1_793' title='bbox 1603 5264 1793 5320; x_wconf 80' lang='lat' dir='ltr'><strong>Matth.</strong></span> <span class='ocrx_word' id='word_1_794' title='bbox 1836 5282 1948 5329; x_wconf 76' lang='lat' dir='ltr'><strong>xvr,</strong></span> <span class='ocrx_word' id='word_1_795' title='bbox 1987 5265 2059 5319; x_wconf 73' lang='lat'><strong>22</strong></span> <span class='ocrx_word' id='word_1_796' title='bbox 2097 5283 2218 5337; x_wconf 90' lang='lat' dir='ltr'><strong>sqq.</strong></span> 
     </span>
    </p>
   </div>
   <div class='ocr_carea' id='block_1_101' title="bbox 516 5419 2023 5543">
    <p class='ocr_par' dir='ltr' id='par_1_101' title="bbox 516 5419 2023 5543">
     <span class='ocr_line' id='line_1_101' title="bbox 516 5419 2023 5543; baseline -0.005 -62"><span class='ocrx_word' id='word_1_797' title='bbox 516 5423 628 5543; x_wconf 60' lang='grc' dir='ltr'><strong>(δέ)</strong></span> <span class='ocrx_word' id='word_1_798' title='bbox 675 5423 831 5477; x_wconf 86' lang='lat' dir='ltr'><strong>Edita</strong></span> <span class='ocrx_word' id='word_1_799' title='bbox 875 5436 907 5476; x_wconf 90' lang='lat' dir='ltr'><strong>a</strong></span> <span class='ocrx_word' id='word_1_800' title='bbox 955 5419 1177 5477; x_wconf 88' lang='lat' dir='ltr'><strong>Petavio</strong></span> <span class='ocrx_word' id='word_1_801' title='bbox 1209 5419 1432 5487; x_wconf 88' lang='lat' dir='ltr'><strong>habent,</strong></span> <span class='ocrx_word' id='word_1_802' title='bbox 1473 5422 1582 5475; x_wconf 84' lang='grc' dir='ltr'><strong>ἀπὸ</strong></span> <span class='ocrx_word' id='word_1_803' title='bbox 1620 5421 1726 5475; x_wconf 84' lang='grc' dir='ltr'>τῶν</span> <span class='ocrx_word' id='word_1_804' title='bbox 1768 5420 2023 5474; x_wconf 82' lang='grc' dir='ltr'>τοιούτων</span> 
     </span>
     <span class='ocr_line' id='line_1_102' title="bbox 528 5510 728 5543; baseline 0 0"><span class='ocrx_word' id='word_1_805' title='bbox 528 5510 561 5543; x_wconf 70' lang='grc' dir='ltr'>υ.</span> <span class='ocrx_word' id='word_1_806' title='bbox 604 5510 728 5543; x_wconf 87' lang='grc' dir='ltr'>των.</span> 
     </span>
    </p>
   </div>
   <div class='ocr_carea' id='block_1_102' title="bbox 448 5498 2023 5628">
    <p class='ocr_par' dir='ltr' id='par_1_102' title="bbox 448 5498 2023 5628">
     <span class='ocr_line' id='line_1_103' title="bbox 448 5498 2023 5628; baseline 0.001 -14"><span class='ocrx_word' id='word_1_807' title='bbox 448 5498 828 5628; x_wconf 50' lang='grc' dir='ltr'>ρηὣὲἷοῖἶοειο</span> <span class='ocrx_word' id='word_1_808' title='bbox 851 5562 941 5617; x_wconf 91' lang='lat' dir='ltr'><strong>hic</strong></span> <span class='ocrx_word' id='word_1_809' title='bbox 968 5562 1287 5618; x_wconf 85' lang='lat' dir='ltr'><strong>emendatur</strong></span> <span class='ocrx_word' id='word_1_810' title='bbox 1308 5559 1501 5613; x_wconf 89' lang='lat' dir='ltr'><strong>Latina</strong></span> <span class='ocrx_word' id='word_1_811' title='bbox 1532 5560 1733 5616; x_wconf 89' lang='lat' dir='ltr'><strong>Petavii</strong></span> <span class='ocrx_word' id='word_1_812' title='bbox 1762 5561 2023 5628; x_wconf 83' lang='lat' dir='ltr'><strong>interpre-</strong></span> 
     </span>
    </p>
   </div>
   <div class='ocr_carea' id='block_1_103' title="bbox 446 5630 2035 5701">
    <p class='ocr_par' dir='ltr' id='par_1_103' title="bbox 446 5630 2035 5701">
     <span class='ocr_line' id='line_1_104' title="bbox 446 5630 2035 5701; baseline -0.001 -17"><span class='ocrx_word' id='word_1_813' title='bbox 446 5633 606 5697; x_wconf 80' lang='lat' dir='ltr'><strong>tatio,</strong></span> <span class='ocrx_word' id='word_1_814' title='bbox 646 5647 765 5701; x_wconf 75' lang='lat' dir='ltr'><strong>qua:</strong></span> <span class='ocrx_word' id='word_1_815' title='bbox 813 5632 992 5699; x_wconf 85' lang='lat' dir='ltr'><strong>habet,</strong></span> <span class='ocrx_word' id='word_1_816' title='bbox 1035 5648 1099 5685; x_wconf 79' lang='lat' dir='ltr'><strong>ea:</strong></span> <span class='ocrx_word' id='word_1_817' title='bbox 1156 5631 1252 5685; x_wconf 87' lang='lat' dir='ltr'><strong>Dei</strong></span> <span class='ocrx_word' id='word_1_818' title='bbox 1299 5648 1359 5683; x_wconf 90' lang='lat' dir='ltr'><strong>ac</strong></span> <span class='ocrx_word' id='word_1_819' title='bbox 1388 5630 1577 5684; x_wconf 76' lang='lat' dir='ltr'><strong>Patris</strong></span> <span class='ocrx_word' id='word_1_820' title='bbox 1608 5630 1863 5701; x_wconf 84' lang='lat' dir='ltr'><strong>unigeniti</strong></span> <span class='ocrx_word' id='word_1_821' title='bbox 1899 5630 2035 5684; x_wconf 78' lang='lat' dir='ltr'><strong>Filii</strong></span> 
     </span>
    </p>
   </div>
   <div class='ocr_carea' id='block_1_104' title="bbox 2139 4648 3717 4724">
    <p class='ocr_par' dir='ltr' id='par_1_104' title="bbox 2139 4648 3717 4724">
     <span class='ocr_line' id='line_1_105' title="bbox 2139 4648 3717 4724; baseline -0.001 -19"><span class='ocrx_word' id='word_1_822' title='bbox 2139 4653 2398 4724; x_wconf 84' lang='grc' dir='ltr'>Γραφαῖς,</span> <span class='ocrx_word' id='word_1_823' title='bbox 2430 4652 2505 4717; x_wconf 83' lang='grc' dir='ltr'>ὥς</span> <span class='ocrx_word' id='word_1_824' title='bbox 2535 4670 2701 4721; x_wconf 86' lang='grc' dir='ltr'>φησιν</span> <span class='ocrx_word' id='word_1_825' title='bbox 2740 4653 2963 4714; x_wconf 85' lang='grc' dir='ltr'>Ἡσαΐας</span> <span class='ocrx_word' id='word_1_826' title='bbox 2992 4650 3101 4717; x_wconf 67' lang='grc' dir='ltr'><strong>ιὸί)</strong></span> <span class='ocrx_word' id='word_1_827' title='bbox 3147 4650 3253 4701; x_wconf 85' lang='grc' dir='ltr'>ἀπὸ</span> <span class='ocrx_word' id='word_1_828' title='bbox 3294 4648 3585 4720; x_wconf 86' lang='grc' dir='ltr'>προσώπου</span> <span class='ocrx_word' id='word_1_829' title='bbox 3620 4650 3717 4703; x_wconf 80' lang='grc' dir='ltr'>τοῦ</span> 
     </span>
    </p>
   </div>
   <div class='ocr_carea' id='block_1_105' title="bbox 2141 4734 3719 4815">
    <p class='ocr_par' dir='ltr' id='par_1_105' title="bbox 2141 4734 3719 4815">
     <span class='ocr_line' id='line_1_106' title="bbox 2141 4734 3719 4815; baseline -0.003 -17"><span class='ocrx_word' id='word_1_830' title='bbox 2141 4743 2278 4798; x_wconf 75' lang='grc' dir='ltr'>Θεοῦ</span> <span class='ocrx_word' id='word_1_831' title='bbox 2304 4744 2394 4797; x_wconf 79' lang='grc' dir='ltr'><strong>καὶ</strong></span> <span class='ocrx_word' id='word_1_832' title='bbox 2429 4743 2639 4815; x_wconf 81' lang='grc' dir='ltr'>Πατρὸς</span> <span class='ocrx_word' id='word_1_833' title='bbox 2668 4742 2793 4812; x_wconf 65' lang='grc' dir='ltr'><strong>περὶ⁵</strong></span> <span class='ocrx_word' id='word_1_834' title='bbox 2821 4741 2915 4794; x_wconf 79' lang='grc' dir='ltr'>τοῦ</span> <span class='ocrx_word' id='word_1_835' title='bbox 2936 4739 3293 4807; x_wconf 77' lang='grc' dir='ltr'>Μονογενοῦς·</span> <span class='ocrx_word' id='word_1_836' title='bbox 3331 4734 3522 4807; x_wconf 82' lang='grc' dir='ltr'>Οὗτός</span> <span class='ocrx_word' id='word_1_837' title='bbox 3547 4740 3719 4795; x_wconf 82' lang='grc' dir='ltr'>ἐστιν</span> 
     </span>
    </p>
   </div>
   <div class='ocr_carea' id='block_1_106' title="bbox 2135 4830 3721 4906">
    <p class='ocr_par' dir='ltr' id='par_1_106' title="bbox 2135 4830 3721 4906">
     <span class='ocr_line' id='line_1_107' title="bbox 2135 4830 3721 4906; baseline -0.003 -17"><span class='ocrx_word' id='word_1_838' title='bbox 2135 4838 2167 4889; x_wconf 83' lang='grc' dir='ltr'><strong>ό</strong></span> <span class='ocrx_word' id='word_1_839' title='bbox 2206 4837 2336 4902; x_wconf 85' lang='grc' dir='ltr'><strong>Υίός</strong></span> <span class='ocrx_word' id='word_1_840' title='bbox 2360 4854 2479 4906; x_wconf 85' lang='grc' dir='ltr'><strong>μου</strong></span> <span class='ocrx_word' id='word_1_841' title='bbox 2508 4838 2539 4890; x_wconf 87' lang='grc' dir='ltr'><strong>ό</strong></span> <span class='ocrx_word' id='word_1_842' title='bbox 2567 4833 2893 4906; x_wconf 75' lang='grc' dir='ltr'>ἀγαπητὸς,</span> <span class='ocrx_word' id='word_1_843' title='bbox 2922 4834 3009 4896; x_wconf 81' lang='grc' dir='ltr'>εἷς</span> <span class='ocrx_word' id='word_1_844' title='bbox 3042 4830 3115 4885; x_wconf 84' lang='grc' dir='ltr'><strong>ὃν</strong></span> <span class='ocrx_word' id='word_1_845' title='bbox 3140 4831 3254 4900; x_wconf 70' lang='grc' dir='ltr'>ἐγὼ</span> <span class='ocrx_word' id='word_1_846' title='bbox 3284 4830 3621 4900; x_wconf 80' lang='grc' dir='ltr'>ηὑδόκησα,</span> <span class='ocrx_word' id='word_1_847' title='bbox 3645 4831 3721 4885; x_wconf 78' lang='grc' dir='ltr'>δν</span> 
     </span>
    </p>
   </div>
   <div class='ocr_carea' id='block_1_107' title="bbox 2132 4925 3716 4998">
    <p class='ocr_par' dir='ltr' id='par_1_107' title="bbox 2132 4925 3716 4998">
     <span class='ocr_line' id='line_1_108' title="bbox 2132 4925 3716 4998; baseline -0.001 -16"><span class='ocrx_word' id='word_1_848' title='bbox 2132 4928 2450 4997; x_wconf 68' lang='grc' dir='ltr'>ἠγάπησεν</span> <span class='ocrx_word' id='word_1_849' title='bbox 2475 4930 2513 4995; x_wconf 74' lang='grc' dir='ltr'><em>ὴ</em></span> <span class='ocrx_word' id='word_1_850' title='bbox 2539 4926 2708 4998; x_wconf 70' lang='grc' dir='ltr'><strong>ψυχή</strong></span> <span class='ocrx_word' id='word_1_851' title='bbox 2744 4945 2886 4997; x_wconf 81' lang='grc' dir='ltr'>μου.</span> <span class='ocrx_word' id='word_1_852' title='bbox 2923 4925 2986 4979; x_wconf 88' lang='grc' dir='ltr'><strong>Τί</strong></span> <span class='ocrx_word' id='word_1_853' title='bbox 3040 4928 3308 4997; x_wconf 85' lang='grc' dir='ltr'>νοήσομεν</span> <span class='ocrx_word' id='word_1_854' title='bbox 3338 4928 3465 4997; x_wconf 70' lang='grc' dir='ltr'>περὶ</span> <span class='ocrx_word' id='word_1_855' title='bbox 3484 4926 3716 4998; x_wconf 63' lang='grc' dir='ltr'>Πατρός,</span> 
     </span>
    </p>
   </div>
   <div class='ocr_carea' id='block_1_108' title="bbox 2131 5016 3719 5091">
    <p class='ocr_par' dir='ltr' id='par_1_108' title="bbox 2131 5016 3719 5091">
     <span class='ocr_line' id='line_1_109' title="bbox 2131 5016 3719 5091; baseline -0.002 -19"><span class='ocrx_word' id='word_1_856' title='bbox 2131 5020 2307 5091; x_wconf 65' lang='grc' dir='ltr'>ψυχὴν</span> <span class='ocrx_word' id='word_1_857' title='bbox 2354 5022 2635 5091; x_wconf 82' lang='grc' dir='ltr'>εἰληφέναι</span> <span class='ocrx_word' id='word_1_858' title='bbox 2682 5022 2737 5073; x_wconf 81' lang='grc' dir='ltr'>ὲν</span> <span class='ocrx_word' id='word_1_859' title='bbox 2787 5016 2985 5088; x_wconf 80' lang='grc' dir='ltr'>ἐαυτῷ,</span> <span class='ocrx_word' id='word_1_860' title='bbox 3032 5016 3065 5088; x_wconf 82' lang='grc' dir='ltr'>ἢ</span> <span class='ocrx_word' id='word_1_861' title='bbox 3116 5017 3293 5089; x_wconf 70' lang='grc' dir='ltr'>ψυχὴν</span> <span class='ocrx_word' id='word_1_862' title='bbox 3326 5016 3503 5086; x_wconf 78' lang='grc' dir='ltr'>ἕχειν;</span> <span class='ocrx_word' id='word_1_863' title='bbox 3538 5017 3632 5079; x_wconf 87' lang='grc' dir='ltr'>Τίς</span> <span class='ocrx_word' id='word_1_864' title='bbox 3659 5018 3719 5069; x_wconf 76' lang='grc' dir='ltr'>δὲ</span> 
     </span>
    </p>
   </div>
   <div class='ocr_carea' id='block_1_109' title="bbox 2132 5107 3719 5184">
    <p class='ocr_par' dir='ltr' id='par_1_109' title="bbox 2132 5107 3719 5184">
     <span class='ocr_line' id='line_1_110' title="bbox 2132 5107 3719 5184; baseline 0.001 -20"><span class='ocrx_word' id='word_1_865' title='bbox 2132 5112 2314 5181; x_wconf 81' lang='grc' dir='ltr'>ληρῶν</span> <span class='ocrx_word' id='word_1_866' title='bbox 2349 5113 2505 5167; x_wconf 79' lang='grc' dir='ltr'>τοῦτο</span> <span class='ocrx_word' id='word_1_867' title='bbox 2538 5116 2721 5184; x_wconf 87' lang='grc' dir='ltr'>νοήσει</span> <span class='ocrx_word' id='word_1_868' title='bbox 2753 5112 2883 5182; x_wconf 71' lang='grc' dir='ltr'>περὶ</span> <span class='ocrx_word' id='word_1_869' title='bbox 2905 5112 2996 5166; x_wconf 81' lang='grc' dir='ltr'><strong>τὸν</strong></span> <span class='ocrx_word' id='word_1_870' title='bbox 3031 5112 3281 5181; x_wconf 84' lang='grc' dir='ltr'>Πατέρα;</span> <span class='ocrx_word' id='word_1_871' title='bbox 3323 5110 3388 5162; x_wconf 90' lang='grc' dir='ltr'><strong>Τί</strong></span> <span class='ocrx_word' id='word_1_872' title='bbox 3422 5107 3521 5165; x_wconf 74' lang='grc' dir='ltr'>οὖν</span> <span class='ocrx_word' id='word_1_873' title='bbox 3555 5128 3719 5181; x_wconf 78' lang='grc' dir='ltr'>φασις</span> 
     </span>
    </p>
   </div>
   <div class='ocr_carea' id='block_1_110' title="bbox 2298 5266 3718 5336">
    <p class='ocr_par' dir='ltr' id='par_1_110' title="bbox 2298 5266 3718 5336">
     <span class='ocr_line' id='line_1_111' title="bbox 2298 5266 3718 5336; baseline 0.001 -16"><span class='ocrx_word' id='word_1_874' title='bbox 2298 5267 2359 5320; x_wconf 77' lang='grc'><strong>⁸1</strong></span> <span class='ocrx_word' id='word_1_875' title='bbox 2394 5266 2541 5324; x_wconf 78' lang='lat' dir='ltr'><strong>Petr.</strong></span> <span class='ocrx_word' id='word_1_876' title='bbox 2566 5272 2755 5336; x_wconf 82' lang='grc' dir='ltr'>ιιι,18.</span> <span class='ocrx_word' id='word_1_877' title='bbox 2830 5272 2852 5303; x_wconf 83' lang='grc'>⁸</span> <span class='ocrx_word' id='word_1_878' title='bbox 2887 5273 2992 5327; x_wconf 84' lang='lat' dir='ltr'><strong>lsa.</strong></span> <span class='ocrx_word' id='word_1_879' title='bbox 3032 5286 3164 5335; x_wconf 77' lang='lat' dir='ltr'><strong>xui,</strong></span> <span class='ocrx_word' id='word_1_880' title='bbox 3200 5267 3484 5333; x_wconf 73' lang='lat' dir='ltr'><strong>i;Matth.</strong></span> <span class='ocrx_word' id='word_1_881' title='bbox 3522 5282 3603 5334; x_wconf 88' lang='grc' dir='ltr'>ιιι,</span> <span class='ocrx_word' id='word_1_882' title='bbox 3630 5267 3718 5322; x_wconf 80' lang='grc'><strong>17.</strong></span> 
     </span>
    </p>
   </div>
   <div class='ocr_carea' id='block_1_111' title="bbox 2131 5420 3722 5488">
    <p class='ocr_par' dir='ltr' id='par_1_111' title="bbox 2131 5420 3722 5488">
     <span class='ocr_line' id='line_1_112' title="bbox 2131 5420 3722 5488; baseline 0.001 -15"><span class='ocrx_word' id='word_1_883' title='bbox 2131 5437 2359 5488; x_wconf 76' lang='lat' dir='ltr'><strong>persona</strong></span> <span class='ocrx_word' id='word_1_884' title='bbox 2402 5420 2624 5481; x_wconf 75' lang='lat' dir='ltr'><strong>dixisse.</strong></span> <span class='ocrx_word' id='word_1_885' title='bbox 2674 5430 2805 5482; x_wconf 85' lang='lat' dir='ltr'><strong>etc..</strong></span> <span class='ocrx_word' id='word_1_886' title='bbox 2851 5440 2961 5476; x_wconf 81' lang='lat' dir='ltr'><strong>nun</strong></span> <span class='ocrx_word' id='word_1_887' title='bbox 3009 5422 3155 5477; x_wconf 88' lang='lat' dir='ltr'><strong>enim</strong></span> <span class='ocrx_word' id='word_1_888' title='bbox 3205 5422 3367 5477; x_wconf 86' lang='lat' dir='ltr'><strong>habet</strong></span> <span class='ocrx_word' id='word_1_889' title='bbox 3408 5422 3518 5476; x_wconf 91' lang='lat' dir='ltr'><strong>ullo</strong></span> <span class='ocrx_word' id='word_1_890' title='bbox 3557 5421 3722 5475; x_wconf 78' lang='lat' dir='ltr'><strong>modo</strong></span> 
     </span>
    </p>
   </div>
   <div class='ocr_carea' id='block_1_112' title="bbox 2131 5490 3721 5563">
    <p class='ocr_par' dir='ltr' id='par_1_112' title="bbox 2131 5490 3721 5563">
     <span class='ocr_line' id='line_1_113' title="bbox 2131 5490 3721 5563; baseline 0.001 -18"><span class='ocrx_word' id='word_1_891' title='bbox 2131 5490 2379 5563; x_wconf 63' lang='lat' dir='ltr'><strong>Grmcum</strong></span> <span class='ocrx_word' id='word_1_892' title='bbox 2412 5494 2848 5563; x_wconf 70' lang='lat' dir='ltr'><strong>exeritplttrii,xa‘t</strong></span> <span class='ocrx_word' id='word_1_893' title='bbox 2883 5493 3098 5563; x_wconf 79' lang='grc' dir='ltr'>ῌατρὸς</span> <span class='ocrx_word' id='word_1_894' title='bbox 3116 5492 3209 5546; x_wconf 79' lang='grc' dir='ltr'><strong>τοῦ</strong></span> <span class='ocrx_word' id='word_1_895' title='bbox 3234 5492 3590 5562; x_wconf 82' lang='grc' dir='ltr'>Μονογενοῦς·</span> <span class='ocrx_word' id='word_1_896' title='bbox 3623 5493 3721 5550; x_wconf 69' lang='grc' dir='ltr'>διν]</span> 
     </span>
    </p>
   </div>
   <div class='ocr_carea' id='block_1_113' title="bbox 2131 5560 2972 5631">
    <p class='ocr_par' dir='ltr' id='par_1_113' title="bbox 2131 5560 2972 5631">
     <span class='ocr_line' id='line_1_114' title="bbox 2131 5560 2972 5631; baseline 0.001 -16"><span class='ocrx_word' id='word_1_897' title='bbox 2131 5561 2465 5631; x_wconf 72' lang='grc' dir='ltr'>δοιιιηι,περὶ</span> <span class='ocrx_word' id='word_1_898' title='bbox 2497 5561 2591 5614; x_wconf 81' lang='grc' dir='ltr'>τοῦ</span> <span class='ocrx_word' id='word_1_899' title='bbox 2615 5560 2972 5629; x_wconf 84' lang='grc' dir='ltr'>Μονογενοῦς.</span> 
     </span>
    </p>
   </div>
  </div>
