3992 6198
270 398 334 452 8|
1710 384 2157 442 ANCORATUS.
3493 383 3560 438 82

273 506 710 579 Tpomwtinspov
747 501 1001 575 εἰρῆσθαι
1036 501 1098 555 τὸ
1132 501 1288 573 ῥῆμα
1316 500 1579 572 δηλονότι.
1611 500 1674 553 El
1700 499 1879 554 τοίνυν

1987 507 2073 555 tur
2097 499 2328 555 dicunt?
2365 497 2469 554 Per
2497 506 2710 569 tropum
2745 499 3004 554 nimirum
3053 499 3380 554 vocabulum
3412 499 3561 557 istud

277 604 418 672 περὶ
462 599 676 670 Πατρὸς
715 593 1125 666 τροπικάντερον
1162 591 1415 664 εἰρῆσθαι
1456 592 1727 661 λέγουσιν,
1768 592 1879 663 ἄρα

1987 599 2309 662 usurpatum
2373 592 2561 648 fuisse.
2610 591 2766 657 Quod
2809 591 2856 646 si
2897 605 2994 662 per
3034 599 3252 662 tropum
3291 590 3360 646 de
3402 587 3564 645 Patre

285 701 388 752 καὶ
426 695 557 767 περὶ
586 692 713 748 Υίού
743 691 807 744 τὸ
839 690 974 744 αὐτὸ
1019 689 1321 760 λαμϐάνειν
1361 690 1490 760 χρή.
1533 689 1651 743 Κάν
1683 705 1742 742 τε
1769 687 1878 758 γὰρ

287 791 446 863 εἴπῃ,
477 790 556 842 ὃτι
593 787 653 841 Ἠ
679 783 853 854 ψυχή
889 799 1010 852 μου
1057 780 1430 849 τετάρακται,
1476 781 1592 843 καὶ,
1634 779 1879 851 [Ἐξου-

290 878 440 934 alar
461 872 601 944 ἔχω]
627 871 745 940 τὴν
770 868 986 940 ψυχήν
1009 887 1132 940 μου
1155 869 1389 934 δοῦναι,
1420 869 1515 922 καί
1544 867 1754 922 λαϐεῖν
1774 869 1880 922 αὺ-

290 970 422 1037 τήν·
451 967 553 1022 οὐκ
586 961 726 1034 εἶχε,
773 963 930 1032 φασὶ,
968 960 1168 1032 ψυχὴν,
1204 960 1341 1015 ἀλλά
1366 958 1774 1031 τροπικώτερον
1803 959 1880 1011 εί-

285 1077 467 1132 ρηται.
512 1058 626 1111 Καὶ
657 1058 808 1112 δοκεῖ
848 1056 910 1109 τὸ
949 1054 1355 1122 συλλογιστικὸν
1398 1051 1564 1107 αὐτοῦ
1597 1052 1708 1122 (35)
1744 1052 1880 1123 φρό-

281 1169 434 1223 νημα
460 1150 645 1219 λέγειν
667 1167 744 1213 τι,
772 1151 873 1218 τῆς
902 1145 1162 1218 ἀληθείας
1193 1143 1594 1198 αὐτοσυστάτου
1624 1142 1790 1214 οὔσης
1815 1145 1880 1197 ὲκ

282 1241 500 1296 πολλῶν
530 1238 870 1309 τεκμηρίων.
915 1236 1051 1289 ’Λπὺ
1088 1235 1197 1306 γάρ
1223 1233 1314 1287 τοῦ
1341 1234 1518 1297 εἴδους
1543 1232 1880 1302 λαμϐάνεται

280 1335 515 1395 Exacto;
545 1331 767 1402 τρόπος.
812 1327 937 1380 Ἐπὶ
969 1327 1069 1397 μὲν
1096 1325 1203 1398 γάρ
1245 1323 1322 1395 τῷ
1360 1326 1535 1397 Πατρὶ
1577 1326 1639 1378 οὐ
1679 1325 1882 1397 τολμη-

281 1427 408 1480 τέον
442 1424 582 1486 ἐστὶ,
619 1422 754 1475 διότι
780 1420 901 1473 οὐδὲ
936 1420 1113 1488 σάρκα
1146 1418 1429 1489 ὲφόρεσεν.
1477 1417 1880 1488 Ὀμολογουμέ-

285 1528 392 1580 νης
430 1510 487 1562 δὲ
521 1512 617 1579 τῆς
648 1507 847 1578 σαρκὸς
882 1507 1044 1577 περἰί
1080 1506 1191 1568 τοῖς
1218 1507 1659 1571 Λουκιανισταῖς,
1691 1508 1741 1559 εί
1770 1505 1883 1560 τοί-

286 1618 386 1655 νυν
411 1601 432 1630 ’
470 1599 783 1669 Ἀρειανοίς,
827 1595 928 1648 ούκ
963 1594 1043 1646 ἔνι
1076 1593 1462 1665 ἁμφιϐολογία.
1509 1595 1690 1659 Ἀλλά,
1722 1595 1876 1665 φησι,

297 1693 362 1745 Ὀ
389 1691 584 1762 Λόγος
623 1688 783 1758 σὰρξ
826 1687 1082 1758 ἐγένετο,
1125 1687 1218 1740 καὶ
1255 1689 1357 1741 οὐκ
1385 1682 1558 1754 εἶπεν,
1601 1689 1662 1740 '0
1689 1691 1880 1757 Λόγος

286 1785 443 1853 σὰρξ
491 1785 587 1837 καὶ
631 1782 782 1853 ψυχὴ
820 1781 1080 1850 ἐγένετο.
1128 1780 1273 1851 Πρὸς
1304 1781 1360 1834 δὲ
1394 1780 1491 1852 τὴν
1521 1779 1698 1835 αὐτῶν
1729 1781 1877 1852 ἀμαυ

1980 682 2186 738 dictum
2218 682 2352 737 illud
2394 695 2506 750 est,
2547 683 2614 738 de
2640 681 2780 737 Filio
2807 697 3029 753 quoque
3070 683 3153 737 sic
3184 673 3560 753 accipiendum

1979 790 2103 832 esse
2141 775 2516 846 pronuntiant.
2579 775 2737 830 Unde
2781 774 3033 845 quamvis
3077 774 3153 827 ita
3206 775 3560 844 loqueretur:

1981 868 2178 921 Anima
2200 884 2314 922 mea
2339 866 2552 920 turbata
2574 876 2652 920 est
2674 866 2696 897 δ
2721 882 2736 919 :
2761 873 2836 929 et,
2861 863 3185 919 Potestatem
3210 864 3372 918 habeo
3398 862 3565 915 dandi

1982 962 2213 1014 animam
2255 977 2456 1025 meam,
2490 969 2540 1014 et
2579 958 2820 1014 sumendi
2866 975 2982 1012 eam
3006 960 3028 990 ⁸
3059 971 3074 1011 :
3107 971 3218 1012 non
3248 963 3561 1028 propterea,

1981 1051 2258 1120 inquiunt,
2294 1052 2532 1104 animam
2571 1050 2832 1104 habuisse
2879 1048 3152 1119 putandus
3198 1055 3317 1110 est,
3353 1047 3447 1102 sed
3495 1045 3566 1099 ad

1981 1151 2200 1212 tropum
2233 1151 2317 1198 est
2351 1159 2416 1198 ac
2471 1142 2846 1212 metaphoram
2885 1140 3254 1196 referendum.
3305 1138 3568 1194 Nonnihil

1980 1233 2346 1288 ratiocinandi
2401 1234 2490 1288 illa
2539 1234 2841 1290 subtilitate
2885 1248 2948 1288 ac
2987 1233 3331 1288 cavillatione
3383 1230 3570 1285 dicere

1980 1323 2269 1379 videntur:
2304 1340 2430 1378 cum
2462 1332 2644 1380 tamen
2686 1326 2802 1394 ipsa
2835 1340 2894 1380 se
2924 1340 3020 1394 per
3046 1339 3168 1380 sese
3197 1323 3402 1378 veritas
3427 1322 3570 1375 mul-

1980 1415 2054 1470 tis
2095 1416 2434 1486 argumentis
2465 1424 2695 1471 asserat.
2732 1413 2869 1470 Nam
2898 1431 2964 1470 ex
3007 1414 3226 1484 propria
3274 1415 3354 1468 rei
3394 1412 3568 1468 forma

1983 1520 2048 1561 ac
2089 1508 2272 1577 specie
2303 1522 2644 1576 unaquaeque
2680 1506 2936 1577 loquendi
2969 1505 3112 1560 ratio
3139 1505 3474 1562 desumenda
3505 1520 3569 1559 ac

1981 1598 2382 1656 consideranda
2424 1598 2661 1654 videtur.
2707 1598 2888 1664 Quare
2917 1598 2972 1652 in
3007 1597 3169 1661 Patre
3212 1597 3430 1668 quidem
3465 1597 3569 1650 hac

1983 1689 2062 1743 uti
2116 1688 2372 1759 loquendi
2422 1689 2652 1745 formula
2707 1705 2868 1745 nemo
2899 1688 3117 1757 debet,
3164 1690 3310 1760 quod
3346 1703 3573 1744 carnem

1982 1794 2265 1849 nunquam
2316 1779 2406 1834 ille
2470 1781 2794 1850 susceperit.
2861 1778 2998 1834 Cum
3051 1787 3234 1835 autem
3279 1794 3466 1834 veram
3513 1778 3575 1832 in

289 1873 355 1944 Θῆ
405 1867 572 1926 οὖσαν
622 1869 934 1938 ἀντιλογίαν
979 1869 1136 1938 κάγὼ
1169 1869 1333 1937 λέγω,
1377 1870 1460 1922 ὅτι
1504 1871 1820 1924 Ἔπλασεν
1849 1872 1882 1923 ὁ

1987 1871 2202 1926 Christo
2229 1869 2426 1942 luisse
2474 1886 2695 1927 carnem
2740 1871 3073 1928 Lucianistze
3115 1871 3231 1928 sive
3272 1870 3464 1924 Ariani
3495 1868 3574 1923 fa-

292 1965 435 2030 Θεὸς
465 1947 576 2016 tor;
626 1962 965 2029 ἄνθρωπον,
1021 1959 1178 2029 χοῦν
1208 1959 1411 2014 λαϐὼν
1453 1959 1570 2012 ἀπὸ
1605 1959 1716 2027 τῆς
1745 1952 1880 2028 γῆς’

297 2056 404 2109 ἀπὺ
427 2055 488 2108 δὲ
511 2052 607 2107 τοῦ
634 2054 863 2108 ἔπλασε
877 2051 947 2105 τά
975 2050 1152 2105 πάντα
1171 2051 1622 2122 συμπεριείληφε,
1653 2052 1747 2104 καὶ
1772 2051 1881 2104 ἀπὸ

301 2147 422 2212 τοῦ,
468 2148 537 2199 '0
580 2147 765 2215 Λόγος
800 2143 956 2212 σὰρξ
1002 2141 1259 2214 ἐγένετο,
1305 2143 1374 2197 τά
1404 2143 1583 2197 πάντα
1613 2143 1878 2213 περιέχει.

299 2236 463 2292 Κατά
484 2235 594 2307 γὰρ
611 2235 701 2288 τὸν
720 2235 872 2289 αὑτὸν
902 2233 1062 2303 λόγον
1096 2232 1548 2304 ἀνθυποφερομεν
1577 2233 1760 2296 αὐτοῖς
1785 2232 1881 2287 καὶ

294 2325 452 2379 αὐτοὶ
486 2323 751 2392 λέγοντες·
799 2320 928 2375 Ἰδοὺ
961 2321 1129 2390 λέγει,
1177 2322 1493 2375 Ἐπλασεν
1530 2323 1564 2375 ό
1602 2319 1748 2386 Θεὸς
1775 2321 1883 2374 τὸν

289 2415 630 2483 ἄνθρωπον,
656 2413 751 2466 καὶ
782 2413 884 2466 οὐκ
903 2406 1077 2480 εἶπεν,
1111 2411 1398 2484 Ἐποίησεν
1457 2412 1611 2483 αὐτῷ
1643 2407 1817 2484 ἦπαρ,
1845 2412 1879 2482 ἢ

289 2506 592 2577 πνεύμονα,
627 2506 660 2576 ἢ
693 2505 944 2576 καρδίαν,
979 2503 1013 2575 ἢ
1045 2502 1268 2572 φλέϐας,
1296 2504 1330 2574 ἢ
1351 2503 1537 2575 νεῦρα,
1573 2505 1605 2576 ἦ
1636 2505 1706 2559 τὰ
1746 2503 1882 2558 ἄλλα

290 2595 504 2666 ὅσαπέρ
539 2597 689 2648 ἐστιν
718 2595 778 2648 ὲν
799 2593 879 2663 τῷ
902 2591 1137 2663 σώματι’
1169 2591 1322 2663 παρά
1347 2591 1507 2645 τοῦτο
1527 2592 1791 2663 νοήσομεν
1823 2592 1882 2645 ἓν

267 2697 347 2740 ’τι
369 2682 512 2740 εἶναι
533 2684 905 2757 ὁλοσφύρητον
929 2684 950 2715 ³
967 2682 1058 2736 τὸν
1078 2681 1386 2754 ἄνθρωπον,
1411 2681 1500 2736 διὰ
1520 2681 1580 2735 τὺ
1605 2683 1678 2754 μὴ
1701 2683 1886 2737 λεπτο-

293 2777 480 2849 μρῶς
499 2776 602 2848 τὴν
635 2775 886 2830 σύνθεσιν
914 2772 1007 2827 τοῦ
1041 2773 1243 2837 παντὸς
1268 2774 1406 2838 ζώου
1430 2774 1530 2845 τὴν
1553 2773 1773 2846 Γραφὴν
1799 2775 1884 2828 λε-
1912 2838 1914 2840 τ

286 2869 662 2939 πτολογῆσαις
705 2869 784 2921 Οὐ
826 2868 1063 2930 πάντως.
1105 2868 1193 2932 Ὠς
1232 2866 1364 2934 γοῦν
1395 2867 1505 2920 άπὸ
1531 2865 1627 2919 τοῦ
1659 2867 1780 2930 ἑνὸς
1808 2867 1886 2922 εί-

288 2961 413 3024 δαυς
444 2962 517 3014 τά
543 2961 643 3015 ὅλα
672 2959 1166 3030 συμπεριείληφεν,
1200 2958 1344 3012 οὕτω
1364 2958 1458 3012 καὶ
1491 2958 1599 3011 ἀπὸ
1625 2960 1724 3030 τῆς
1755 2975 1886 3031 σαρ-

291 3051 388 3116 κὸς
415 3052 516 3123 τὴν
543 3051 724 3122 ψυχὴν
747 3050 1026 3122 εἰληφέναι
1051 3050 1141 3104 τὸν
1176 3051 1407 3122 Σωτῆρα
1430 3049 1607 3104 ἔνεστι
1629 3050 1809 3120 δῆλον.

1987 1971 2225 2027 teantur,
2256 1964 2404 2016 nulla
2437 1971 2705 2033 potestea
2732 1964 2801 2019 de
2830 1979 2890 2020 re
2923 1979 3046 2020 esse
3077 1963 3370 2018 dubitatio.
3403 1963 3571 2034 Atqui

1983 2053 2246 2123 scriptum
2263 2060 2367 2118 est,
2388 2052 2661 2122 inquiunt,
2697 2053 2915 2106 Verbum
2934 2068 3058 2106 caro
3077 2052 3277 2122 factum
3300 2051 3405 2123 41
3424 2060 3501 2104 est
3520 2051 3570 2114 ⁶;

1982 2159 2094 2198 non
2121 2151 2326 2206 autem,
2377 2141 2602 2196 Verbum
2644 2157 2767 2195 caro
2801 2151 2854 2196 et
2891 2141 3073 2194 anima
3109 2141 3310 2209 factum
3339 2150 3437 2192 est.
3470 2138 3574 2190 Ad-

1983 2251 2179 2293 versus
2202 2236 2506 2305 imperitam
2535 2233 2678 2288 hanc
2715 2235 2935 2289 illorum
2971 2232 3336 2302 objectionem
3367 2230 3442 2283 ita
3471 2245 3572 2299 ego

1984 2328 2282 2398 praescribo
2311 2346 2326 2382 :
2371 2327 2510 2381 Deus
2539 2326 2802 2380 hominem
2831 2325 3105 2395 formavit,
3151 2339 3269 2377 cum
3310 2321 3574 2390 pulverem

1983 2430 2190 2476 eterra
2237 2421 2565 2489 sumpsisset.
2611 2420 2730 2485 Qua
2792 2417 3062 2472 formandi
3117 2429 3252 2471 voce
3315 2413 3574 2468 universa

1984 2513 2356 2568 continentur.
2393 2510 2682 2567 °Similiter
2725 2525 2856 2580 ergo
2917 2523 3082 2564 voces
3126 2506 3243 2563 istae
3270 2548 3285 2572 ,
3344 2504 3573 2559 Verbum

1984 2619 2111 2658 caro
2161 2603 2360 2673 factum
2404 2613 2505 2670 est,
2551 2605 2734 2660 omnia
2769 2598 3264 2672 comprehendunt.
3321 2595 3458 2651 Nam
3506 2595 3574 2650 ad

1986 2693 2238 2750 eumdem
2270 2696 2490 2751 modum
2532 2711 2636 2751 nos
2680 2693 2812 2749 illud
2838 2693 2972 2764 ipsis
3021 2691 3389 2762 Opponimus:
3436 2687 3577 2742 Ecce

1987 2784 2086 2839 tibi
2143 2785 2430 2854 Scriptura
2488 2782 2970 2841 dicitzFormavit
3029 2781 3291 2836 hominem
3353 2775 3492 2832 Deus
3530 2778 3573 2831 ⁷.

1996 2889 2174 2944 neque
2221 2873 2379 2942 dixit,
2404 2875 2716 2932 Jecurhuic
2742 2873 2964 2938 ellinxit,
2998 2880 3091 2927 aut
3117 2873 3451 2942 pulmonem,
3483 2876 3579 2922 aut

1988 2980 2107 3029 cor,
2162 2974 2257 3020 aut
2310 2982 2515 3032 venas,
2570 2977 2666 3023 aut
2718 2980 2916 3023 nervos
2970 2973 3275 3032 cmteraquc
3323 2960 3576 3030 corporis

2003 3061 2271 3116 membra.
2324 3061 2508 3128 Quare
2559 3071 2740 3117 utrum
2800 3061 3021 3115 tondent
3081 3067 3254 3112 totum
3298 3054 3576 3110 hominem

291 3143 446 3197 velut
487 3143 686 3197 molem
718 3144 1014 3213 quamdam
1053 3141 1250 3196 malleo
1292 3141 1552 3196 ductilem
1602 3155 1668 3196 ac
1716 3143 1949 3202 solidam
1993 3149 2163 3207 fuisse
2202 3153 2540 3222 putabimus,
2581 3152 2726 3224 quod
2768 3152 3011 3223 singulas
3041 3157 3224 3221 partes
3282 3162 3346 3202 ex
3377 3145 3576 3216 quibus

292 3237 590 3294 conﬂatum
621 3239 825 3293 animal
879 3246 986 3303 est,
1022 3238 1335 3292 minutatim
1398 3237 1683 3309 Scriptura
1739 3255 1851 3296 non
1899 3250 2272 3317 expresserit?
2319 3249 2439 3305 Non
2478 3251 2692 3323 opinor.
2762 3248 2834 3303 Ut
2871 3248 3036 3319 igitur
3083 3244 3348 3317 singulari
3398 3242 3577 3312 aliqua

292 3330 484 3400 specie
528 3330 774 3385 universa
823 3329 1270 3400 comprehendit,
1311 3329 1392 3388 sic
1425 3345 1494 3386 ex
1537 3331 1653 3387 sola
1700 3334 1882 3391 carnis

1987 3342 2218 3398 tentione
2259 3343 2609 3416 perspicuum
2654 3352 2759 3409 est,
2801 3343 2964 3398 etiam
3007 3342 3243 3396 animam
3304 3353 3334 3391 a
3389 3335 3577 3390 Salva-

295 3433 421 3479 tore
455 3421 621 3479 fuisse
649 3433 984 3493 susceptam.

361 3515 502 3581 Λςν.
536 3514 600 3566 El
626 3513 809 3567 τοίνυν
851 3512 1032 3585 ψυχὴν
1064 3512 1253 3585 είληφε
1286 3515 1381 3568 καὶ
1417 3514 1593 3587 σῶμα,
1624 3516 1874 3592 καθάπερ

2049 3523 2292 3581 XXXVI.
2333 3526 2607 3593 Quocirca
2635 3540 2760 3582 cum
2788 3524 3027 3579 animam
3056 3530 3108 3578 ct
3138 3536 3341 3591 corpus
3370 3519 3578 3574 habue-

290 3604 690 3670 ἀποδέδεικται,
724 3605 833 3678 ἄρα
864 3605 965 3675 οὐχ
996 3606 1030 3676 ἡ
1072 3605 1262 3676 θεάτης
1301 3601 1370 3676 ἦν
1399 3606 1755 3680 ἢλαττωμένη
1782 3610 1888 3681 τῆς

291 3695 388 3750 τοῦ
426 3696 642 3768 [ἰατρὸς
677 3695 865 3759 οὐσίας
903 3695 1035 3749 εῐσω
1075 3695 1268 3749 παθῶν
1313 3698 1700 3770 περιεχομένη,
1736 3701 1886 3764 ὅπως

291 3786 492 3858 διψήσῃ
539 3787 637 3840 καὶ
681 3785 922 3858 κοπιάσῃ
965 3785 1061 3840 καὶ
1107 3785 1339 3857 πεινάσῃ
1359 3826 1376 3852 ,
1423 3789 1517 3840 καὶ
1559 3789 1765 3862 ὅσαπερ
1805 3788 1888 3860 τῷ

292 3876 568 3948 ἀνθρώπῳ
595 3877 704 3931 εἰσὶ
734 3875 989 3949 χρειώδη.
1032 3876 1145 3931 Καὶ
1171 3877 1275 3943 ὅτι,
1307 3879 1392 3933 Οὐ
1412 3879 1717 3945 κοπιάσει,
1748 3879 1881 3934 οὐδ’

295 3969 472 4022 ἐστιν
487 3969 799 4037 ἐξεύρεσις
829 3967 942 4038 τῆς
971 3967 1326 4039 φρονήσεως
1349 3969 1565 4039 αὐτοῦ,
1601 3987 1865 4025 κεκοπια-

296 4061 415 4123 κὼς
459 4060 516 4114 δὲ
555 4063 584 4114 ὁ
621 4059 814 4132 Σωτὴρ
859 4061 1210 4132 εὑρίσκεται,
1262 4061 1324 4114 οὐ
1380 4061 1534 4132 παρά
1579 4061 1739 4114 τοῦτο
1784 4063 1886 4115 οὐκ

294 4151 446 4205 ἐστιν
484 4151 550 4204 ἐκ
591 4152 693 4223 τῆς
740 4148 834 4204 τοῦ
873 4151 1086 4222 Πατρὺς
1118 4151 1330 4219 οὐσίας,
1363 4149 1570 4206 ἄνωθεν
1609 4149 1887 4206 κατελθὼν

291 4245 324 4298 ὁ
353 4242 546 4310 Δάτος.
608 4243 685 4294 Οὐ
731 4241 841 4314 γάρ
877 4241 988 4296 ἀνω
1027 4242 1388 4310 κεκοπίακεν,
1441 4242 1554 4296 ἀλλ’
1599 4243 1658 4296 ὲν
1701 4241 1883 4315 σαρκί.

295 4333 446 4386 Ἔδει
473 4332 584 4404 γὰρ
605 4332 704 4403 τὴν
733 4332 914 4405 σάρκα
940 4333 1226 4399 κοπιάσαι,
1265 4336 1354 4389 ενα
1388 4333 1463 4407 μὴ
1490 4334 1707 4406 δοκήσει
1732 4333 1888 4405 νομίο

291 4426 461 4496 ζηται
481 4462 497 4488 ,
547 4422 661 4476 ἀλλ’
681 4424 928 4497 ἀληθείᾳ.
991 4424 1098 4479 Καὶ
1133 4425 1203 4479 τά
1225 4425 1362 4480 ἀλλα
1389 4425 1598 4497 ὅσαπερ
1624 4423 1888 4495 τοιαύτην

292 4520 410 4589 εχει
454 4517 718 4589 δύναμιν,
750 4518 814 4571 τὸ
855 4515 1148 4582 νυστάξαι,
1178 4516 1243 4569 τὸ
1268 4515 1516 4570 ύπνῶσαι
1535 4553 1550 4580 ,
1595 4513 1886 4586 ἀνθρώπου

293 4614 446 4667 ἔστιν
464 4613 830 4682 ὁτωφαντικά,
847 4607 1028 4663 καὶτά
1043 4608 1148 4661 ὑπὸ
1169 4607 1334 4679 ἁφήν.
1352 4604 1553 4660 Ἔλαϐε
1567 4605 1679 4676 γάρ
1690 4603 1884 4668 ταῦτα,

294 4704 391 4757 καὶ
428 4703 715 4776 ἄνθρωπος
757 4698 978 4772 εὑρέθη.
1026 4698 1386 4768 Εὑρήκαμεν
1431 4695 1542 4768 γὰρ
1586 4693 1886 4759 Μεσσίαν,

291 4794 372 4848 ὃν
413 4794 637 4862 ἔγραψε
669 4789 955 4860 Μωῡσῆς.
1006 4791 1069 4844 οι
1094 4789 1154 4843 δὲ
1186 4789 1440 4861 εὑρόντες
1474 4786 1639 4842 αὐτὸν
1670 4785 1759 4839 διὰ
1789 4785 1888 4856 τῆς

1988 3617 2082 3684 rit,
2115 3619 2196 3674 uti
2229 3618 2667 3674 demonstratum
2713 3625 2830 3683 est,
2885 3628 3234 3684 consequens
3277 3619 3361 3667 est
3408 3609 3576 3666 Verbi

1989 3706 2327 3763 divinitatem
2363 3723 2395 3763 a
2441 3705 2622 3762 Patris
2676 3705 2985 3761 substantia
3039 3701 3175 3756 nihil
3230 3699 3576 3754 imminutam

1989 3800 2156 3855 nullis
2184 3799 2570 3857 at'l‘eCtionibus
2600 3797 2892 3854 obnoxiam
2928 3796 3096 3850 fuisse
3123 3810 3137 3847 :
3168 3799 3226 3846 ut
3260 3791 3443 3855 sitim,
3477 3790 3577 3843 Ias-

1987 3892 2306 3959 situdinem,
2341 3891 2564 3956 famem,
2600 3907 2664 3946 ac
2693 3897 2922 3947 caeteras
2946 3885 3185 3942 hominis
3215 3880 3576 3937 necessitates

1986 3980 2217 4037 subiret.
2251 3979 2440 4050 Neque
2480 3979 2626 4051 quod
2656 3980 2919 4048 scriptum
2964 3976 3036 4030 sit
3064 3992 3077 4028 :
3113 3972 3235 4025 Non
3265 3969 3572 4037 laborabit,

1988 4088 2149 4142 neque
2202 4073 2533 4142 investigatio
2580 4079 2658 4124 est
2700 4068 2995 4137 prudentia:
3041 4067 3206 4135 ipsius
3233 4066 3287 4120 δι
3325 4063 3578 4119 Salvator

1990 4171 2170 4219 autem
2207 4161 2462 4234 fatigatus
2493 4162 2663 4218 fuisse
2695 4159 2968 4232 legatur’,
3005 4164 3294 4229 prepterea
3335 4155 3574 4210 Verbum

1989 4255 2209 4312 caelitus
2256 4255 2523 4325 allapsum
2553 4269 2583 4309 e
2607 4252 2788 4308 Patris
2837 4249 3146 4306 substantia
3178 4248 3403 4303 minime
3453 4259 3579 4316 pro-

1991 4347 2183 4402 cessit.
2218 4344 2405 4416 Neque
2434 4344 2578 4401 enim
2616 4355 2858 4406 sursum,
2903 4340 2998 4396 sed
3031 4339 3085 4393 in
3115 4351 3283 4392 carne
3322 4335 3581 4405 fatigatus

1988 4444 2096 4495 est.
2131 4435 2306 4502 Quam
2339 4435 2463 4490 ideo
2489 4434 2688 4488 lassari
2713 4431 2977 4504 oportuit,
3003 4437 3061 4483 ut
3087 4444 3195 4484 non
3225 4427 3406 4498 specie
3435 4425 3576 4490 sola,

1992 4529 2087 4585 sed
2109 4529 2338 4583 veritate
2359 4534 2618 4581 constare
2639 4525 2980 4580 crederetur.
3011 4519 3423 4592 Ejusdemmodi
3449 4525 3580 4575 sunt

1991 4631 2187 4677 caetera
2220 4621 2434 4685 omnia;
2479 4619 2648 4696 veluti
2683 4617 3008 4680 dormitare,
3058 4629 3312 4671 somnum
3345 4627 3577 4682 capere;

1991 4725 2116 4780 qua:
2163 4709 2416 4763 humanae
2468 4704 2802 4761 conditionis
2855 4703 3056 4759 indicia
3093 4711 3243 4764 sunt,
3291 4707 3352 4756 ut
3384 4709 3439 4756 et
3486 4700 3580 4755 illa

1992 4818 2114 4875 quae
2143 4809 2292 4857 tactu
2329 4798 2730 4870 percipiuntur.
2771 4799 2904 4862 Qua:
2934 4794 3154 4866 quidem
3202 4794 3292 4848 ille
3334 4791 3580 4860 suscepit

291 4884 641 4954 καταληπτσῦ
665 4885 906 4955 φύσεως,
927 4881 1175 4936 τούτεστι
1203 4879 1303 4952 τῆς
1331 4881 1615 4952 ὲνσάρκου.
1666 4877 1882 4948 Ἐπειδὴ

1991 4894 2197 4955 omnia,
2227 4900 2281 4947 et
2309 4891 2568 4946 inventus
2597 4899 2680 4943 est
2714 4888 2896 4941 homo.
2937 4884 3241 4939 Invenimus
3271 4883 3438 4948 enim,
3493 4882 3580 4934 in-

293 4976 412 5047 γάρ
451 4976 544 5041 ἐπὶ
567 4979 632 5049 τῇ
684 4976 1040 5046 ἀκαταληψίᾳ
1091 4974 1190 5045 οὐχ
1241 4973 1566 5044 ηὑρίσκετο,
1605 4971 1696 5025 διὰ
1731 4969 1891 5023 τοῦτο

293 5067 407 5120 ὑπὸ
456 5065 497 5118 Γ
500 5065 833 5137 ραμματέων
881 5063 1356 5135 συλλαμϐάνεται,
1413 5063 1508 5116 καὶ
1551 5061 1660 5116 τὸν
1698 5059 1892 5116 νῶτον

290 5155 490 5212 αὑτοῦ
526 5156 753 5210 ἔδωκεν
791 5157 880 5222 εις
928 5153 1261 5224 μάστιγας,
1313 5151 1413 5205 καί
1452 5150 1520 5204 τὸ
1567 5151 1893 5219 πρόσωπον

288 5245 488 5300 αὑτοῦ
525 5248 639 5300 οὐκ
673 5247 1018 5314 ἀπέτρεψεν
1049 5243 1169 5298 ἀπὸ
1203 5244 1508 5313 αἰσχύνης
1542 5239 1890 5311 ἐμπτυσμά-

293 5352 440 5400 των,
482 5335 736 5398 ἔκλαυσε,
781 5337 882 5389 καὶ·
907 5336 1120 5405 ὅσαπερ
1154 5333 1290 5389 ἄλλα
1319 5333 1450 5404 περὶ
1480 5332 1647 5390 αὑτοῦ
1681 5331 1888 5402 ᾅδεται.

289 5427 396 5490 Τις
422 5427 482 5480 δὲ
509 5426 744 5497 ἠδύνατο
770 5427 862 5482 τὸν
883 5426 1020 5482 Θεοῦ
1045 5426 1217 5494 Λόγον
1251 5429 1309 5480 ὲν
1345 5424 1570 5496 οὐρανῷ
1588 5423 1896 5495 μαστίζειν,

2001 4984 2142 5056 quit,
2173 4981 2448 5046 Messium,
2477 4980 2542 5035 de
2568 4995 2668 5051 quo
2684 4973 2894 5048 Moyses
2909 4977 3189 5046 scripserat
3207 4975 3271 5029 ¹⁰.
3295 4973 3451 5028 Hunc
3484 4986 3582 5025 auo

1995 5074 2111 5130 tem
2151 5089 2250 5145 per
2289 5087 2409 5128 eam
2443 5080 2721 5134 naturam,
2759 5085 2881 5140 qua:
2924 5065 3312 5139 comprehendi
3364 5073 3581 5136 potest,

1994 5165 2099 5219 hoc
2129 5171 2248 5228 εει,
2294 5176 2458 5218 carne
2495 5159 2784 5233 praeditam
2829 5159 3180 5221 invenerunt,
3215 5171 3341 5211 cum
3385 5155 3441 5209 in
3491 5154 3583 5208 illa

1994 5271 2118 5326 qua:
2169 5254 2561 5326 comprehendi
2629 5254 2858 5324 nequit,
2917 5250 3149 5307 inveniri
3205 5263 3312 5304 non
3372 5255 3581 5318 posset.

2001 5347 2173 5415 Quam
2202 5349 2273 5403 ob
2301 5362 2525 5406 causam
2547 5356 2601 5402 et
2627 5361 2656 5400 a
2687 5345 2897 5402 Scribis
2926 5351 3214 5411 correptus
3242 5349 3356 5408 cst;
3385 5348 3440 5396 et
3461 5339 3582 5392 dor-

2000 5457 2118 5499 sum
2166 5457 2318 5496 suum
2362 5438 2590 5510 ﬂagellis
2624 5438 2842 5508 objecit,
2882 5448 2930 5491 et
2977 5435 3178 5490 vultum
3227 5451 3260 5488 a
3311 5442 3583 5503 sputormn

366 5598 548 5671 [σοι’.
582 5599 756 5671 παρά.
831 5597 943 5671 ‘_F.
973 5600 1170 5671 εῐτουν.
1261 5599 1282 5631 ³
1313 5600 1811 5671 τμρλοσφήρῃτον.

1987 5597 2314 5670 μεη.ιιι,27.
2391 5598 2411 5630 ³
2442 5593 2601 5650 Joan.
2635 5609 2690 5650 x.
2733 5593 2820 5650 18.
2898 5593 2918 5624 ⁸
2952 5591 3113 5649 loan.
3151 5609 3190 5662 ι,
3227 5590 3316 5647 Μ.
3391 5590 3410 5622 ⁷
3450 5587 3583 5645 Gen.

281 5685 363 5742 ιι,
400 5669 470 5725 'i.
523 5669 546 5700 ⁶
588 5669 694 5724 Isa.
734 5684 824 5734 λι,
861 5669 952 5726 28.

362 5805 486 5877 (35)
518 5804 729 5864 Forsan
765 5809 1049 5881 legendum
1081 5813 1280 5871 αὐτῶν.
1315 5812 1476 5872 Ευιτ.

1051 5673 1072 5704 ⁹
1109 5669 1266 5728 Joan.
1311 5685 1388 5736 tv,
1429 5669 1482 5725 6.
1561 5669 1801 5726 ""JOan.
1844 5685 1882 5739 ι,
1923 5671 2010 5726 45.
