3992 6198
480 351 552 407 83
1895 360 1954 416 S.
1996 359 2082 414 ΕΡ

2183 359 2338 416 ΙΑΝΙΙ
3686 365 3757 422 86

480 471 777 541 ignominia
807 488 913 528 non
944 478 1133 530 avertit
1160 478 1198 539 ⁸,
1232 476 1492 547 ploravit,
1525 478 1743 550 aliaque
1773 481 2056 547 sustinuit,

2183 483 2201 553 ἢ
2240 482 2514 553 ῥαπίζειν,
2545 482 2579 553 ἦ
2602 483 2942 537 καταπτύειν
2962 482 3057 537 τοῦ
3082 481 3328 537 τοιούτου
3353 483 3635 555 ἀφράστου
3658 487 3756 540 καὶ

482 578 606 631 qua:
632 564 701 618 de
730 564 852 634 ipso
880 567 1121 620 omnium
1157 581 1253 621 ore
1283 568 1653 625 celebrantur.
1691 570 1895 642 Ecquis
1935 588 2065 628 vero

2183 574 2555 645 ικαταλήπτου
2582 590 2596 640 ;
2653 574 2717 627 El
2752 575 2808 627 δὲ
2838 574 3011 628 ταῦτα
3042 574 3309 628 πέπονθεν
3349 574 3379 626 6
3417 574 3634 646 ἀπαθὴς
3658 576 3757 629 τοῦ

484 652 580 707 Dei
610 653 847 709 Verbum
882 655 1107 726 ﬂagellis
1132 657 1188 710 in
1218 658 1363 713 caelo
1392 662 1738 717 concideret?
1769 666 1892 735 quis
1924 667 2067 721 cola-

2183 664 2307 718 Βεοῦ
2333 665 2522 735 Λόγος,
2544 666 2655 738 ἄρα
2679 666 2741 719 τὸ
2765 667 2937 730 πάθος
2965 666 3277 737 σωματικόν
3306 667 3452 719 ἐστιν
3480 666 3635 730 ἐκτὸς
3657 667 3759 737 τῆς

487 745 626 813 phos
651 746 1001 818 infringeret?
1033 748 1159 818 quis
1192 750 1353 805 talem
1377 765 1443 807 ac
1460 759 1695 818 tantum,
1730 772 1891 826 quem
1914 758 2065 812 nulla

2183 758 2340 811 αὑτοῦ
2362 758 2631 823 ἀπαθείας
2650 775 2665 789 ⁸
2701 760 2801 813 κα)⁸
2820 760 2920 814 οὐκ
2949 760 3107 824 ἐκτὸς
3131 759 3315 823 πάλιν,
3338 759 3427 813 διά
3455 758 3518 812 τὸ
3536 759 3760 831 εὐδοκῆ-

484 836 662 890 oratio
687 838 973 907 consequi,
996 839 1147 893 nulla
1175 840 1378 911 ingenii
1401 846 1681 915 perceptio
1707 849 2069 918 comprehen-

2183 866 2281 913 ται,
2343 849 2589 919 καίτοιγε
2634 851 2709 921 μὴ
2753 851 3057 922 πάσχοντος
3114 850 3311 918 αὑτοῦ,
3363 852 3443 914 είς
3482 850 3760 904 ἑαυτὸντδ

485 926 615 983 dere
641 938 844 997 posset,
879 932 1056 1000 sputis
1086 930 1405 1004 deturparet
1424 936 1449 985 ‘l
1488 934 1644 1001 Quod
1671 940 1716 993 si
1745 940 1930 995 ortinia
1960 941 2066 998 ista

2183 942 2341 1005 πάθος
2387 942 2695 1010 λελόγισται
2714 944 2755 997 ⁸.
2807 944 2919 997 Καὶ
2949 943 3200 1019 καθάπερ
3238 945 3296 997 ὲν
3337 943 3538 1015 ίματίῳ
3570 943 3759 1006 σπῖλος

487 1019 858 1089 perpessionis
900 1037 1099 1093 expers
1126 1024 1180 1079 in
1226 1042 1348 1083 sese
1379 1026 1473 1082 Dei
1509 1028 1746 1085 Verbum
1777 1034 2064 1099 sustinuit,

2183 1033 2298 1107 istc]
2334 1034 2394 1087 τὸ
2429 1034 2587 1105 σῶμα
2615 1035 2708 1089 τοῦ
2740 1036 3034 1107 φοροῦντος
3062 1037 3124 1089 οὐ
3159 1035 3375 1106 φθάνει,
3416 1037 3445 1087 6
3476 1036 3532 1089 δὲ
3566 1035 3760 1098 σπῐλος

486 1126 802 1181 corpoream
852 1112 962 1185 42
1018 1116 1359 1173 atl'ectionem
1415 1120 1684 1190 ejusmodi
1737 1138 1963 1180 necesse
1987 1132 2073 1182 cst

2183 1126 2265 1180 τοῦ
2287 1127 2503 1198 ἱματίου
2529 1129 2609 1191 είς
2631 1128 2724 1181 τὸν
2745 1128 3014 1200 φοροῦντα
3040 1128 3314 1197 λογίζεται
3334 1145 3349 1159 ο
3384 1126 3556 1191 οὕτως
3580 1130 3608 1180 6
3626 1127 3759 1191 Θεὸς

485 1203 829 1270 iuisse,etab
843 1207 963 1277 ejus
986 1223 1106 1279 quae
1132 1211 1341 1280 perpeti
1372 1212 1506 1267 nihil
1523 1221 1723 1282 potest,
1757 1215 2069 1273 conditione

2183 1218 2446 1272 πέπονθεν
2470 1222 2529 1273 ὲν
2549 1222 2619 1290 τῇ
2667 1221 2850 1292 σαρκὶ,
2875 1222 2975 1291 τῆς
2998 1221 3251 1293 θεότητος
3273 1219 3441 1275 αὐτοῦ
3465 1220 3630 1290 μηδὲν
3654 1236 3762 1272 πα-

483 1305 777 1362 remotam,
830 1308 1207 1369 nequetamen
1238 1302 1485 1359 funditus
1527 1305 1731 1375 alioqui
1760 1316 2021 1362 remotam
2050 1325 2066 1362 :

2183 1310 2410 1383 θούσηςο
2462 1312 2543 1375 είς
2586 1312 2645 1365 δὲ
2682 1313 2782 1380 τὴν
2830 1312 3061 1383 θεότητα
3102 1313 3165 1365 τὸ
3209 1311 3380 1375 πάθος
3426 1311 3523 1381 τῆς
3557 1310 3760 1380 σαρκὸς

483 1388 929 1460 quandoquidem
975 1393 1049 1446 ita
1103 1393 1179 1447 illi
1233 1395 1458 1464 placuit,
1496 1404 1580 1460 ut,
1626 1398 1730 1452 etsi
1786 1407 2069 1469 pateretur

2183 1400 2283 1454 ὑπὸ
2314 1401 2416 1472 τῆς
2452 1401 2704 1473 θεότητος
2740 1403 3085 1475 φορουμένης
3126 1402 3413 1475 ἐλογίσθηο
3464 1403 3551 1456 ίνα
3594 1404 3651 1456 εν
3692 1404 3762 1472 τῇ

484 1478 646 1545 nihil,
684 1479 789 1534 sibi
824 1479 930 1550 ipsi
960 1488 1141 1538 tamen
1184 1486 1464 1554 perpessio
1510 1486 1607 1540 illa
1646 1487 1943 1544 tribuatur.
1989 1489 2069 1544 Ae

2183 1491 2393 1563 θεότητι
2421 1494 2554 1563 ἡμῖν
2578 1494 2611 1564 ὴ
2639 1494 2885 1565 σωτηρία
2909 1493 3159 1566 γένηται.

488 1571 944 1639 quemadmodum
980 1589 1105 1646 quae
1130 1576 1198 1630 ad
1229 1585 1434 1632 vestem
1471 1577 1702 1633 adtraxit
1760 1582 1995 1647 macula,
2053 1582 2180 1639 licet
2208 1584 2276 1639 ad
2329 1584 2477 1639 illius
2500 1586 2592 1654 qui
2617 1594 2823 1641 vestem
2853 1585 3050 1651 induit,
3080 1601 3283 1657 corpus
3310 1586 3537 1642 minime
3565 1602 3759 1658 perve-

488 1665 654 1730 nerit,
681 1667 730 1722 ei
763 1675 942 1725 tamen
975 1671 1133 1742 vulgo
1163 1670 1443 1737 tribuitur,
1482 1673 1556 1726 ita
1591 1672 1759 1740 Deus,
1791 1691 1914 1730 cum
1942 1676 1997 1731 in
2028 1692 2192 1733 carne
2221 1678 2294 1734 sit
2332 1693 2551 1749 passus,
2588 1694 2763 1749 neque
2790 1680 3087 1751 quidquam
3124 1680 3298 1751 ipsius
3354 1680 3626 1736 divinitati
3684 1680 3759 1736 sit

489 1758 755 1815 indictum
782 1800 797 1826 ,
856 1764 1217 1820 nihilominus
1262 1765 1533 1836 quidquid
1579 1767 1637 1822 in
1686 1783 1751 1823 ea
1792 1785 1959 1825 carne
1994 1785 2157 1841 quam
2213 1771 2483 1827 divinitas
2525 1772 2854 1838 sustinebat,
2890 1788 3185 1844 perpessus
3213 1782 3316 1839 est,
3350 1774 3405 1829 id
3451 1775 3505 1829 in
3557 1773 3756 1830 divini—

488 1862 663 1910 tatem
710 1855 1120 1926 quodammodo
1175 1858 1520 1915 redundasse
1577 1860 1843 1926 creditur,
1898 1870 1957 1916 ut
1988 1877 2085 1933 per
2147 1862 2488 1920 divinitatem
2516 1865 2666 1919 salus
2692 1864 2853 1919 nobis
2882 1874 3197 1935 comparata
3227 1865 3494 1921 videatur.

560 2001 827 2056 XXXVII.
868 2002 979 2059 Nec
1020 2003 1151 2058 illud
1205 2020 1241 2059 e
1283 2006 1551 2060 memoria
1600 2016 1788 2061 nostra
1846 2005 2071 2072 excidit,

2246 2006 2366 2061 ΛΖ.
2414 2008 2716 2079 Μέμνημαι
2762 2006 2819 2060 δὲ
2863 2005 2959 2059 τοῦ
3011 2005 3176 2077 ῥητοῦ
3226 2005 3322 2059 τοῦ
3365 2003 3500 2059 κατά
3538 2005 3754 2061 Δωκᾶν

488 2094 637 2163 quod
688 2110 756 2148 ex
820 2093 982 2149 Lucae
1040 2094 1335 2167 Evangelio
1391 2097 1689 2166 profertur,
1748 2098 1895 2169 quod
1953 2098 2074 2154 sine

489 2186 946 2258 interpretatione
1008 2190 1427 2260 praetermittere
1478 2191 1630 2244 nullo
1672 2190 1836 2245 modo
1876 2190 2071 2246 debeo.

490 2279 768 2350 Scriptum
823 2289 909 2336 est
959 2289 1182 2337 autem:
1220 2280 1287 2335 Et
1334 2282 1394 2335 in
1437 2285 1710 2337 anxietate
1751 2284 2073 2338 constitutus

488 2371 729 2437 sudavit,
752 2381 801 2425 et
825 2372 999 2441 factus
1028 2383 1102 2427 est
1125 2372 1291 2428 sudor
1328 2373 1444 2442 ejus
1468 2374 1523 2426 in
1549 2377 1761 2427 modum
1802 2384 2075 2444 guttarum

491 2463 789 2532 sanguinis.
838 2463 1101 2533 Apparuit
1157 2472 1331 2516 autem
1368 2464 1417 2517 ei
1455 2464 1677 2533 angelus
1705 2463 1921 2518 Domini
1945 2481 2073 2519 con-

493 2555 715 2625 firmans
746 2555 917 2623 ipsum
937 2557 979 2608 ⁸.
1012 2554 1306 2610 Enimvero
1332 2555 1604 2610 altissima
1646 2570 1927 2611 sacrarum
1961 2555 2074 2610 Lit-

494 2654 738 2700 terarum
790 2660 857 2701 ac
899 2644 1221 2702 necessaria
1271 2661 1502 2716 quaeque
1528 2648 1806 2719 mysteria,
1841 2647 1896 2705 id
1927 2648 2075 2719 quod

493 2752 640 2807 saepe
688 2737 951 2803 diximus,
997 2738 1089 2809 qui
1142 2738 1362 2793 illorum
1398 2739 1504 2793 vim
1538 2740 1815 2812 ignorant,
1858 2756 1965 2797 non
2006 2742 2075 2798 ad

496 2826 735 2883 fructum
768 2836 822 2884 et
850 2828 1143 2883 utilitatem
1175 2844 1355 2894 suam,
1403 2831 1499 2886 sed
1542 2831 1614 2886 ad
1654 2832 1953 2903 perniciem
1991 2833 2076 2887 in-

493 2919 830 2989 teritumque
876 2925 1240 2985 convertunt;
1296 2933 1426 2972 nam
1468 2920 1606 2974 nihil
1641 2931 1726 2977 est
1768 2921 1873 2977 loci
1925 2922 2074 2978 illius

494 3008 827 3065 auctoritate
881 3009 1229 3078 prmsentius.
1301 3007 1517 3080 Quippe
1577 3010 1682 3066 hoc
1743 3012 1866 3082 ipso
1926 3012 2074 3083 quod

495 3098 658 3162 (lixit,
695 3100 750 3151 in
780 3096 1047 3153 anxietate
1091 3098 1437 3152 constitutum
1484 3100 1673 3169 fuisse,
1727 3100 2075 3157 Dominicutn

495 3189 775 3245 horniuetn
853 3205 1041 3244 verum
1116 3189 1394 3245 hominem
1463 3193 1743 3248 exstitisse
1804 3192 2072 3249 declarat.

497 3280 653 3347 Quod
692 3289 751 3335 ut
798 3280 977 3352 ipsum
1010 3281 1344 3347 ostenderet,
1401 3298 1504 3338 nec
1542 3297 1575 3337 a
1619 3284 1906 3340 divinitate
1948 3301 2076 3357 pro-

501 3374 700 3430 fectam
731 3349 1063 3431 anxietatem
1111 3375 1256 3428 illam
1299 3375 1563 3431 doceret:
1601 3374 1845 3440 Sadavit,
1875 3349 2073 3447 inquit,
2103 3349 2148 3411 ο

499 3474 550 3519 ει
599 3465 774 3535 [actus
819 3475 898 3520 est
939 3467 987 3521 ei
1038 3465 1205 3520 sudor
1250 3477 1503 3537 tanquam
1556 3476 1720 3537 guttae
1780 3468 2076 3538 sanguinis.

500 3558 780 3630 Corporea
814 3559 943 3625 ista,
980 3575 1089 3614 non
1131 3560 1396 3629 spiritalis
1427 3566 1511 3615 est
1543 3558 1773 3629 species.
1818 3558 2081 3629 Apparuit

501 3660 679 3705 autem
712 3651 930 3721 angelus
961 3650 1176 3705 Domini
1198 3651 1519 3720 conﬁrmans
1555 3651 1748 3718 ipsum,
1781 3665 1891 3704 non
1934 3648 2083 3719 quod

498 3746 808 3817 angelicam
840 3746 949 3799 vim
978 3761 1044 3800 ac
1073 3747 1243 3799 robur
1276 3745 1370 3799 ille
1395 3745 1723 3814 requireret,
1752 3742 1846 3814 qui
1875 3742 2084 3814 angelis

502 3838 821 3893 antecellit:
855 3835 1051 3892 Coram
1097 3853 1200 3907 quo
1243 3852 1397 3890 omne
1441 3851 1575 3905 genu
1620 3835 1874 3904 ﬂectitur,
1930 3833 2071 3887 δαίε-
2107 3826 2113 3833 ’

501 3931 687 3993 stium,
742 3929 1071 3983 terrestrium
1105 3937 1153 3982 et
1190 3926 1583 3997 infernorum‘,
1643 3933 1829 3996 utpote
1879 3924 2082 3995 sempi-

502 4029 662 4078 terno
690 4020 824 4085 Deo,
862 4030 1027 4092 atque
1054 4020 1255 4085 Verbo,
1283 4018 1431 4091 quod
1463 4017 1608 4089 apud
1634 4017 1850 4073 Patrem
1894 4032 2087 4088 perpe-

503 4125 601 4169 tuo
644 4113 749 4181 sit,
797 4124 852 4170 et
894 4114 964 4169 ab
997 4112 1117 4183 ipso
1169 4111 1522 4181 processerit,
1579 4109 1679 4164 sed
1723 4117 1781 4164 ut
1834 4109 2087 4167 videlicet

504 4206 638 4261 illud
669 4205 940 4274 impleret,
974 4202 1121 4271 quod
1157 4202 1210 4254 in
1241 4216 1311 4255 eo
1336 4202 1582 4255 carmine
1612 4199 1827 4269 Moyses
1856 4200 2085 4269 scripse-

505 4304 618 4359 rat,
671 4294 815 4364 quod
872 4292 925 4344 in
984 4290 1281 4345 solitudine
1310 4298 1587 4343 cantatum
1617 4296 1739 4343 cst:
1772 4288 2085 4341 Adorabunt

506 4389 681 4455 ipsum
735 4399 913 4438 omnes
958 4381 1057 4450 ﬁlii
1106 4380 1231 4441 Dei;
1270 4388 1319 4433 ct
1358 4379 1694 4433 corroborant
1718 4380 1886 4445 ipsum
1915 4379 2087 4448 angeli

507 4478 605 4530 Dei
632 4475 672 4527 ⁸.
692 4475 798 4547 43
820 4472 1192 4535 Corroborent,
1223 4470 1422 4539 inquit.
1454 4470 1627 4537 ipsum
1656 4484 1674 4521 :
1702 4482 1809 4522 non
1829 4478 2087 4538 tanquam

507 4570 675 4626 robur
715 4567 939 4638 aliquod
982 4566 1031 4622 ei
1075 4564 1532 4626 subministrent,
1588 4562 1684 4618 sed
1737 4561 1884 4632 quod
1918 4562 1987 4615 ab
2019 4562 2087 4618 iis

508 4668 771 4731 usurpata
816 4655 1135 4729 praedicatio
1174 4653 1518 4709 collaudandi
1577 4652 1669 4707 Dei
1706 4653 1814 4707 vim
1864 4652 2087 4716 habeat,

2175 2100 2533 2169 Εὐαγγελίου,
2574 2101 2669 2155 καὶ
2714 2101 2774 2154 οὐ
2827 2099 3088 2171 βούλομαι
3140 2098 3274 2152 αὐτὸ
3326 2100 3486 2153 ἐᾶσαι
3520 2099 3762 2170 ἀνερμή-

2175 2209 2364 2247 νευτον
2389 2210 2402 2224 ο
2434 2192 2495 2246 τὸ
2525 2192 2931 2264 γεγραμμένον,
2959 2192 3041 2245 ὅτι
3070 2191 3167 2245 Ἐν
3194 2190 3415 2261 ἀγωνίᾳ
3444 2191 3759 2260 γενόμενος

2176 2284 2402 2355 ἵδρωσε,
2454 2284 2551 2337 καὶ
2590 2283 2830 2352 ἐγένετο
2876 2285 2910 2337 ό
2960 2281 3131 2351 ἱδρὼς
3167 2281 3353 2336 αὐτοῦ
3394 2282 3477 2347 ὡς
3521 2281 3757 2350 θρόμϐοι

2175 2377 2452 2445 αἵματος·
2493 2374 2658 2443 ὤφθη
2693 2374 2761 2428 δὲ
2786 2374 3040 2445 ἄγγελος
3066 2373 3289 2441 Κυρίου
3320 2371 3623 2440 ἐνισχύων
3652 2374 3759 2425 αὑ-

2174 2469 2302 2525 τόν.
2336 2466 2419 2520 Τὰ
2444 2466 2716 2537 βαθύτερα
2744 2466 2801 2519 δὲ
2826 2465 2936 2519 τῶν
2950 2465 3147 2534 λόγων,
3169 2463 3243 2527 ὡς
3268 2461 3538 2533 εἰώθαμεν
3558 2461 3760 2530 λέγειν,

2177 2558 2270 2612 καὶ
2305 2556 2374 2610 τά
2405 2558 2707 2625 ἀναγκαῖα,
2754 2558 2802 2610 οἱ
2835 2556 2911 2627 μὴ
2957 2554 3053 2626 τὴν
3077 2554 3306 2624 δύναμιν
3336 2552 3607 2617 νοοῦντες,
3643 2552 3765 2606 ἀντὶ

2175 2649 2417 2719 ἀγαθῶν,
2453 2652 2521 2721 τῇ
2550 2648 2720 2720 κακίᾳ
2747 2647 3148 2720 ἀνατρέπουσιν
3182 2644 3429 2709 ἑαυτούς.
3463 2644 3627 2697 οὐδὲν
3652 2642 3762 2713 γὰρ

2176 2740 2368 2795 τούτου
2398 2740 2775 2812 καιριώτερον.
2829 2738 2921 2792 Ἑν
2950 2738 3027 2809 τῷ
3054 2738 3164 2810 γὰρ
3194 2740 3390 2803 εἰπεῖν,
3430 2733 3764 2806 τέγονενέν

2175 2834 2419 2902 ἀγωνίᾳ,
2469 2832 2561 2885 τὸν
2600 2830 2879 2903 κυριακὸν
2915 2830 3203 2901 ἄνθρωπον
3268 2828 3522 2900 ἀληθινὸν
3554 2826 3759 2899 ἂνθρω-

2178 2940 2277 2976 πον
2334 2923 2464 2977 ὄντα
2499 2922 2759 2976 δείκνυσι.
2818 2922 2930 2975 Καὶ
2972 2921 3063 2975 ἵνα
3089 2920 3237 2992 δείξῃ
3284 2920 3367 2973 ὅτι
3408 2919 3661 2990 ἀληθινὸς
3687 2914 3761 2991 ἧν

2177 3012 2273 3067 ἄνθ
2281 3030 2483 3083 ρωπος,
2506 3012 2602 3067 καὶ
2625 3012 2725 3067 οὐκ
2741 3012 2848 3066 ἀπὸ
2868 3012 2968 3082 τῆς
2998 3011 3249 3084 θεότητος
3266 3013 3299 3082 ὴ
3321 3010 3531 3078 ἀγωνία
3546 3010 3761 3079 γέγονε,

2178 3106 2361 3176 φησίν·
2376 3104 2635 3174 Ἵδρωσε,
2661 3106 2760 3159 καὶ
2786 3105 3024 3174 ἐγένετο
3044 3102 3204 3168 αὑτῷ
3234 3102 3505 3171 ὶδρὼςώς
3522 3104 3760 3171 θρόμϐοι

2177 3196 2424 3264 αἵματος
2448 3210 2462 3224 '
2509 3194 2821 3265 σωματικόν
2848 3195 2963 3246 ἐστι
2990 3193 3050 3247 τὸ
3072 3189 3232 3257 εἶδος,
3259 3192 3353 3245 καὶ
3374 3193 3498 3262 οὐχὶ
3518 3208 3765 3261 πνευμα-

2177 3288 2346 3341 τικόν.
2383 3288 2570 3355 Ὠφθη
2602 3286 2671 3339 δὲ
2698 3286 2953 3356 ἄγγελος
2980 3285 3203 3353 Κυρίου
3227 3285 3528 3353 ἐνισχύων
3552 3284 3763 3346 αὑτὸν,

2180 3377 2279 3446 οὐχ
2332 3377 2413 3428 ὅτι
2444 3376 2544 3447 τῆς
2582 3376 2763 3446 ίσχΰος
2804 3375 2900 3429 τοῦ
2947 3376 3183 3445 ἀγγέλου
3221 3376 3472 3429 ὲπεδέετο
3508 3375 3539 3428 6
3565 3374 3773 3446 μείζων

2183 3468 2462 3536 ἀγγέλων,
2512 3460 2563 3534 ᾧ
2593 3465 2844 3536 κάμπτει
2887 3466 3012 3523 πᾶν
3063 3470 3211 3537 γόνυ
3264 3468 3638 3535 ἐπουρανίων
3665 3467 3765 3521 και

2181 3558 2458 3627 ἐπιγείων
2481 3557 2580 3611 καί
2604 3558 3031 3627 καταχθονίων,
3064 3557 3183 3629 θεῷ
3213 3559 3326 3612 ὄντι
3353 3558 3442 3611 ἀεὶ
3463 3558 3640 3627 Λόγῳ,
3669 3558 3769 3613 καὶ

2184 3652 2321 3724 πρὸς
2345 3650 2423 3722 τῷ
2450 3652 2625 3721 Ila-cpt
2661 3651 2749 3705 ἀεὶ
2786 3651 2919 3715 ὄντι,
2955 3651 3050 3705 καὶ
3072 3650 3133 3715 ἐξ
3161 3649 3329 3705 αὑτοῦ
3358 3650 3769 3720 γεγεννημένῳ,

2183 3743 2299 3798 ἀλλ’
2331 3744 2418 3796 ἵνα
2445 3742 2708 3814 πληρώσῃ
2736 3744 2797 3795 τὸ
2823 3744 2883 3797 ὲν
2909 3745 2978 3813 τῇ
3014 3742 3123 3813 ᾠδῇ
3149 3745 3216 3813 τῇ
3244 3742 3453 3813 μεγάλῃ
3484 3740 3772 3803 Μωῦσέως

2184 3836 2242 3887 ὲν
2266 3837 2334 3905 τῇ
2360 3834 2551 3905 ἐρήμῳ
2577 3833 2823 3907 ᾲσθείσῃ,
2852 3836 2910 3888 ὲν
2937 3827 2970 3906 ᾖ
2996 3834 3149 3901 ἔλεγε
3171 3850 3185 3863 ·
3213 3828 3777 3900 Προσκυνήσουσιν

2184 3924 2344 3992 αὐτῷ
2372 3924 2595 3991 πάντες
2637 3925 2753 3980 υἱοὶ
2785 3924 2954 3989 Θεοῦ,
2989 3924 3087 3978 καὶ
3132 3922 3632 3993 ἐνισχυσάτωσαν
3661 3924 3777 3977 αὐ-

2186 4018 2293 4072 τὸν
2340 3999 2583 4087 ἆγγελοι
2625 4016 2792 4072 Θεοῦ.
2855 4016 2963 4081 T6,
3012 4015 3518 4086 ἐνισχυσάτωσαν
3558 4013 3774 4079 αὐτὸν,

2186 4108 2286 4177 οὐχ
2317 4109 2400 4161 ὅτι
2434 4097 2762 4178 παρέχοντες
2810 4104 2958 4175 αὐτῷ
2989 4104 3162 4174 ἰσχὺν,
3212 4104 3328 4157 ἀλλ’
3362 4103 3551 4174 ἐπειδὴ
3582 4105 3776 4173 ἴσχυεν

2187 4202 2220 4269 ἠ
2247 4200 2519 4269 δοξολογία
2564 4200 2622 4252 ὲν
2657 4199 2866 4262 τούτοις
2888 4197 3132 4263 δοξάζειν
3164 4198 3258 4251 τὸν
3283 4196 3435 4261 Θεὸν,
3470 4196 3577 4249 ὑπὸ
3597 4194 3774 4263 ἀγγέ-

2188 4290 2295 4344 λων
2323 4291 2419 4360 μὲν
2452 4290 2612 4353 εὐθὺς
2651 4290 2765 4343 ἄνω
2791 4292 2885 4344 καὶ
2914 4290 3301 4360 πνευματικῶν
3333 4287 3491 4352 ζώων
3520 4286 3776 4360 βοώντων

2190 4380 2284 4434 καὶ
2316 4380 2582 4447 λεγόντων
2602 4397 2614 4410 ·
2665 4380 2749 4445 Σιξ
2788 4381 2960 4435 ἐστιν
2996 4382 3036 4448 ἠ
3070 4380 3344 4448 δύναμις,
3387 4380 3505 4434 σόν
3529 4380 3665 4432 ἐστι
3700 4377 3775 4431 τὸ

2188 4469 2425 4540 κράτος,
2467 4470 2551 4538 σή
2604 4471 2776 4525 ἐστιν
2818 4473 2858 4539 ἡ
2900 4472 3114 4541 ἰσχύς-⁸
3164 4472 3223 4527 ὲν
3257 4470 3432 4540 τούτῳ
3465 4468 3778 4539 δεικνύουσι

2188 4563 2249 4617 τὸ
2281 4565 2605 4634 προσκυνεῖν
2631 4564 2723 4618 καὶ
2774 4565 3065 4634 ἐνισχύειν,
3113 4564 3363 4618 τουτέστι
3392 4560 3585 4614 διδόναι
3614 4558 3779 4628 αὐτῷ

2188 4654 2249 4709 τὸ
2269 4653 2397 4707 ἴδιον
2418 4655 2515 4725 τῆς
2544 4655 2725 4725 ίσχύος
2772 4657 2992 4727 κράτος.
3058 4656 3144 4719 Ὠς
3173 4656 3266 4709 καὶ
3293 4657 3324 4707 ὁ
3351 4652 3580 4721 ἄγγελος
3607 4649 3779 4723 ὤφθη

504 4763 796 4828 putacum
856 4750 924 4804 ab
957 4748 1164 4820 angelis
1205 4749 1262 4802 in
1306 4748 1448 4802 cmlo
1495 4762 1559 4801 ac
1597 4745 1938 4816 spiritalibus
1965 4746 2082 4799 ani.—

2190 4740 2420 4797 ἐνώπιον
2448 4743 2558 4797 τῶν
2584 4744 2861 4815 μαθητῶν,
2894 4744 3217 4817 προσκυνῶν
3244 4743 3335 4796 τὸν
3366 4740 3528 4796 αὑτοῦ
3566 4741 3783 4793 Δεσπό-

507 4847 789 4903 mantibus
836 4844 1088 4899 laudibus
1117 4841 1392 4904 aﬂicitur,
1437 4838 1869 4895 vociferantibus
1922 4846 2089 4906 atque

507 4940 615 4997 ista
642 4936 1066 4994 concinentibus
1098 4952 1111 4987 ε
1146 4933 1262 4988 Tua
1290 4940 1368 4986 est
1396 4932 1584 4993 virtus,
1622 4940 1772 4984 tuum
1806 4939 1885 4985 est
1921 4930 2085 4999 impe~

509 5034 670 5097 rium,
708 5040 799 5083 tua
830 5035 907 5082 est
938 5026 1064 5079 vis'.
1116 5023 1173 5078 In
1206 5040 1316 5095 quo
1348 5024 1476 5093 quid
1523 5023 1751 5078 adorare
1792 5036 1858 5076 ac
1894 5037 2084 5076 corro-

509 5122 705 5176 borare
742 5120 815 5175 sit
852 5116 1186 5186 exprimunt,
1232 5112 1379 5184 quod
1415 5111 1558 5167 idem
1590 5118 1675 5167 est
1704 5126 1769 5165 ac
1803 5112 2084 5181 proprium

508 5211 585 5264 illi
627 5209 824 5263 virium
863 5205 1229 5277 principatum
1275 5200 1509 5255 deferre.
1562 5198 1680 5264 Qua
1723 5198 1943 5270 quidem
1989 5213 2081 5253 ra-

505 5305 658 5359 tione
705 5315 735 5353 a
783 5296 1075 5367 discipulis
1121 5292 1348 5365 angelus
1396 5290 1687 5347 Dominum
1767 5306 1929 5346 suum
1984 5289 2083 5345 ad-

510 5408 670 5452 orare
693 5391 844 5446 visus
869 5398 992 5457 est;
1027 5384 1540 5457 quihenignissimaa
1578 5383 1753 5454 ipsius
1794 5382 2085 5453 providen-

510 5480 599 5532 tizc
626 5495 967 5551 nequaquam
1010 5477 1388 5534 excellentiam
1441 5476 1740 5546 ignoraret.
1779 5471 1933 5527 Unde
1956 5486 2081 5526 cum

512 5577 623 5623 tam
669 5574 885 5641 egregie
931 5572 999 5627 ab
1049 5572 1142 5627 illo
1190 5569 1496 5640 praestitum
1541 5566 1901 5622 humanitatis
1941 5580 2081 5635 Opus

586 5707 601 5735 ¹
641 5706 747 5760 lsa.
788 5721 839 5763 ι..
880 5705 931 5757 6.

526 5775 543 5805 ⁶
572 5774 633 5833 Γ.
664 5773 991 5845 λελογίσθαι.

992 5709 1011 5737 ³
1053 5706 1184 5761 Luc.
1227 5723 1361 5767 χχιι,
1404 5705 1491 5769 ιιι,
1524 5705 1610 5758 43.
1692 5704 1710 5734 ³
1751 5702 1983 5772 Philipp.
2025 5720 2079 5769 ιι,

2183 5709 2210 5755 ι.
2293 5702 2313 5733 ’⁵
2350 5701 2503 5760 Deut.
2548 5720 2721 5767 xxx”,
2761 5703 2845 5757 45.

2189 4850 2309 4904 την,
2341 4834 2415 4906 μὴ
2446 4834 2657 4904 ἀγνοῶν
2683 4835 2783 4906 τὴν
2813 4835 3117 4908 ὑπερϐολὴν
3139 4835 3241 4904 τῆς
3272 4832 3439 4888 αὐτοῦ
3472 4830 3781 4902 φιλανθρὼ-

2190 4942 2294 4980 που
2319 4926 2629 4998 οἰκονομίας
2653 4944 2673 4959 α
2711 4925 3005 4998 θαυμάζων
3032 4927 3088 4980 δὲ
3116 4928 3216 4998 τὴν
3237 4923 3509 4994 τοσαύτην
3534 4926 3592 4979 ὲν
3608 4921 3781 5003 ⁵ιιιύτῷ

2189 5017 2486 5089 γενομένην
2514 5019 2817 5090 πραότητος
2838 5018 3243 5089 πραγματείαν,
3272 5018 3372 5087 τὴν
3397 5017 3489 5070 τὸν
3524 5014 3781 5069 διάϐολον

2192 5110 2523 5181 ἡττήσασαν,
2548 5109 2646 5181 τὴν
2673 5110 2734 5163 τὸ
2750 5110 2977 5181 κέντρον
2998 5110 3093 5165 τοῦ
3119 5109 3355 5163 θανάτου
3374 5106 3636 5178 συντρίψει
3646 5123 3778 5169 σαν,

2190 5200 2289 5271 τὴν
2320 5199 2420 5264 τὰς
2451 5201 2624 5271 ἀρχὰς
2651 5200 2743 5253 καὶ
2772 5200 2870 5263 τὰς
2891 5200 3139 5267 ἔξουσίας
3171 5197 3637 5270 θριαμϐεύσασαν,
3671 5195 3781 5265 τὴν

2191 5292 2465 5363 ἁμαρτίαν
2491 5292 2826 5363 θραύσασαν,
2845 5294 2939 5347 καὶ
2957 5292 3047 5346 διὰ
3067 5292 3165 5363 τὴν
3187 5289 3491 5360 ὑπερϐολὴν
3510 5287 3611 5356 τῆς
3636 5286 3781 5339 θαυ-

2193 5384 2536 5454 μασιότητος,
2562 5388 2619 5438 ὲν
2647 5388 2711 5456 τῇ
2736 5384 3012 5458 δοξολογίᾳ
3034 5386 3063 5437 6
3090 5382 3322 5451 ἄγγελος
3347 5380 3499 5449 ἔλεγε
3527 5394 3785 5449 προσκυο

2189 5475 2295 5528 νῶν
2315 5493 2327 5506 ·
2360 5475 2442 5541 Σή
2468 5477 2639 5530 ἐστιν
2671 5480 2708 5545 ἠ
2740 5477 2941 5546 ἰσχὺς,
2980 5478 3269 5530 Δέσποτα.
3304 5475 3378 5527 Σὺ
3407 5472 3517 5542 γὰρ
3544 5470 3785 5539 ἴσχυσας

2189 5567 2330 5621 κατὰ
2352 5566 2613 5633 θανάτου,
2666 5570 2761 5622 καὶ
2802 5567 2943 5623 κατὰ
2986 5568 3148 5639 ᾅδου,
3197 5565 3293 5617 καὶ
3329 5562 3470 5617 κατὰ
3495 5560 3783 5624 διαϐόλου,

2960 5704 3040 5757 "l
3098 5702 3277 5756 Paral.
3324 5702 3471 5768 xxix,
3530 5699 3615 5765 ll,
3685 5698 3783 5756 ﬂ.
