  <div class='ocr_page' id='page_1' title='image "/cluster/home/n/w/nwhite01/storage/ocr_20150623/43/hvd.32044054272794/048.png"; bbox 0 0 3992 6198; ppageno 0'>
   <div class='ocr_carea' id='block_1_1' title="bbox 340 250 415 305">
    <p class='ocr_par' dir='ltr' id='par_1_1' title="bbox 340 250 415 305">
     <span class='ocr_line' id='line_1_1' title="bbox 340 250 415 305; baseline 0 0"><span class='ocrx_word' id='word_1_1' title='bbox 340 250 415 305; x_wconf 77' lang='lat'><strong>86</strong></span> 
     </span>
    </p>
   </div>
   <div class='ocr_carea' id='block_1_2' title="bbox 3330 202 3368 227">
    <p class='ocr_par' dir='ltr' id='par_1_2' title="bbox 3330 202 3368 227">
     <span class='ocr_line' id='line_1_2' title="bbox 3330 202 3368 227; baseline 0 0"><span class='ocrx_word' id='word_1_2' title='bbox 3330 202 3368 227; x_wconf 70' lang='grc' dir='ltr'><em>ν</em></span> 
     </span>
    </p>
   </div>
   <div class='ocr_carea' id='block_1_3' title="bbox 1786 252 3626 322">
    <p class='ocr_par' dir='ltr' id='par_1_3' title="bbox 1786 252 3626 322">
     <span class='ocr_line' id='line_1_3' title="bbox 1786 252 3626 322; baseline 0.008 -15"><span class='ocrx_word' id='word_1_3' title='bbox 1786 252 2214 314; x_wconf 70' lang='lat' dir='ltr'><strong>ANCORATUS.</strong></span> <span class='ocrx_word' id='word_1_4' title='bbox 3555 267 3626 322; x_wconf 82' lang='lat'><strong>86</strong></span> 
     </span>
    </p>
   </div>
   <div class='ocr_carea' id='block_1_4' title="bbox 346 363 1957 459">
    <p class='ocr_par' dir='ltr' id='par_1_4' title="bbox 346 363 1955 443">
     <span class='ocr_line' id='line_1_4' title="bbox 346 363 1955 443; baseline 0.002 -23"><span class='ocrx_word' id='word_1_5' title='bbox 346 365 649 437; x_wconf 76' lang='grc' dir='ltr'><em>συντρῖψαι</em></span> <span class='ocrx_word' id='word_1_6' title='bbox 688 363 751 417; x_wconf 75' lang='grc' dir='ltr'><em>τὸ</em></span> <span class='ocrx_word' id='word_1_7' title='bbox 776 363 1007 435; x_wconf 76' lang='grc' dir='ltr'><strong>κέντρον</strong></span> <span class='ocrx_word' id='word_1_8' title='bbox 1053 363 1244 431; x_wconf 80' lang='grc' dir='ltr'><em>αὐτοῦ,</em></span> <span class='ocrx_word' id='word_1_9' title='bbox 1293 365 1387 420; x_wconf 73' lang='grc' dir='ltr'><strong>καὶ</strong></span> <span class='ocrx_word' id='word_1_10' title='bbox 1427 365 1682 422; x_wconf 76' lang='grc' dir='ltr'><strong>ἐκϐαλεῖν</strong></span> <span class='ocrx_word' id='word_1_11' title='bbox 1723 371 1831 424; x_wconf 76' lang='grc' dir='ltr'><em>ἀπὸ</em></span> <span class='ocrx_word' id='word_1_12' title='bbox 1856 372 1955 443; x_wconf 80' lang='grc' dir='ltr'><em>τῆς</em></span> 
     </span>
    </p>
   </div>
   <div class='ocr_carea' id='block_1_5' title="bbox 2061 363 3624 459">
    <p class='ocr_par' dir='ltr' id='par_1_5' title="bbox 2061 374 3624 459">
     <span class='ocr_line' id='line_1_5' title="bbox 2061 374 3624 459; baseline 0.007 -32"><span class='ocrx_word' id='word_1_13' title='bbox 2061 374 2411 430; x_wconf 76' lang='lat' dir='ltr'><strong>vehementer</strong></span> <span class='ocrx_word' id='word_1_14' title='bbox 2451 377 2837 444; x_wconf 77' lang='lat' dir='ltr'><strong>admiraretur,</strong></span> <span class='ocrx_word' id='word_1_15' title='bbox 2868 394 2979 450; x_wconf 91' lang='lat' dir='ltr'><strong>quo</strong></span> <span class='ocrx_word' id='word_1_16' title='bbox 3009 388 3063 435; x_wconf 89' lang='lat' dir='ltr'><strong>et</strong></span> <span class='ocrx_word' id='word_1_17' title='bbox 3082 380 3404 459; x_wconf 19' lang='lat' dir='ltr'><strong>&#39;prolligatus</strong></span> <span class='ocrx_word' id='word_1_18' title='bbox 3433 382 3624 438; x_wconf 89' lang='lat' dir='ltr'><strong>diabo-</strong></span> 
     </span>
    </p>
   </div>
   <div class='ocr_carea' id='block_1_6' title="bbox 348 456 810 529">
    <p class='ocr_par' dir='ltr' id='par_1_6' title="bbox 348 456 810 529">
     <span class='ocr_line' id='line_1_6' title="bbox 348 456 810 529; baseline -0.011 -17"><span class='ocrx_word' id='word_1_19' title='bbox 348 456 810 529; x_wconf 79' lang='grc' dir='ltr'><em>ἀνθρωπότητος.</em></span> 
     </span>
    </p>
   </div>
   <div class='ocr_carea' id='block_1_7' title="bbox 2058 464 3628 543">
    <p class='ocr_par' dir='ltr' id='par_1_7' title="bbox 2058 464 3628 543">
     <span class='ocr_line' id='line_1_7' title="bbox 2058 464 3628 543; baseline 0.007 -25"><span class='ocrx_word' id='word_1_20' title='bbox 2058 464 2167 529; x_wconf 89' lang='lat' dir='ltr'><strong>lus,</strong></span> <span class='ocrx_word' id='word_1_21' title='bbox 2195 471 2249 519; x_wconf 89' lang='lat' dir='ltr'><strong>et</strong></span> <span class='ocrx_word' id='word_1_22' title='bbox 2283 466 2558 521; x_wconf 88' lang='lat' dir='ltr'><strong>contritus</strong></span> <span class='ocrx_word' id='word_1_23' title='bbox 2585 470 2778 525; x_wconf 89' lang='lat' dir='ltr'><strong>mortis</strong></span> <span class='ocrx_word' id='word_1_24' title='bbox 2808 469 3057 534; x_wconf 88' lang='lat' dir='ltr'><strong>aculeus,</strong></span> <span class='ocrx_word' id='word_1_25' title='bbox 3088 478 3142 526; x_wconf 89' lang='lat' dir='ltr'><strong>et</strong></span> <span class='ocrx_word' id='word_1_26' title='bbox 3176 472 3521 543; x_wconf 80' lang='lat' dir='ltr'><strong>principatus</strong></span> <span class='ocrx_word' id='word_1_27' title='bbox 3562 489 3628 529; x_wconf 87' lang='lat' dir='ltr'><strong>ac</strong></span> 
     </span>
    </p>
   </div>
   <div class='ocr_carea' id='block_1_8' title="bbox 356 547 3628 636">
    <p class='ocr_par' dir='ltr' id='par_1_8' title="bbox 356 547 3628 636">
     <span class='ocr_line' id='line_1_8' title="bbox 356 547 3628 636; baseline 0.006 -31"><span class='ocrx_word' id='word_1_28' title='bbox 356 557 670 622; x_wconf 72' lang='lat' dir='ltr'><strong>potestates</strong></span> <span class='ocrx_word' id='word_1_29' title='bbox 708 549 855 603; x_wconf 85' lang='lat' dir='ltr'><strong>velut</strong></span> <span class='ocrx_word' id='word_1_30' title='bbox 904 547 962 603; x_wconf 89' lang='lat' dir='ltr'><strong>in</strong></span> <span class='ocrx_word' id='word_1_31' title='bbox 1010 550 1294 621; x_wconf 87' lang='lat' dir='ltr'><strong>triumpho</strong></span> <span class='ocrx_word' id='word_1_32' title='bbox 1344 553 1607 619; x_wconf 75' lang='lat' dir='ltr'><strong>traducti,</strong></span> <span class='ocrx_word' id='word_1_33' title='bbox 1656 564 1711 610; x_wconf 88' lang='lat' dir='ltr'><strong>et</strong></span> <span class='ocrx_word' id='word_1_34' title='bbox 1755 557 1967 626; x_wconf 85' lang='lat' dir='ltr'><strong>peccati</strong></span> <span class='ocrx_word' id='word_1_35' title='bbox 2020 559 2107 614; x_wconf 88' lang='lat' dir='ltr'><strong>vis</strong></span> <span class='ocrx_word' id='word_1_36' title='bbox 2162 558 2399 614; x_wconf 87' lang='lat' dir='ltr'><strong>infracta</strong></span> <span class='ocrx_word' id='word_1_37' title='bbox 2439 561 2638 627; x_wconf 82' lang='lat' dir='ltr'><strong>fuerat,</strong></span> <span class='ocrx_word' id='word_1_38' title='bbox 2670 578 2780 633; x_wconf 67' lang='lat' dir='ltr'><strong>pra:</strong></span> <span class='ocrx_word' id='word_1_39' title='bbox 2813 565 3056 633; x_wconf 89' lang='lat' dir='ltr'><strong>stuporis</strong></span> <span class='ocrx_word' id='word_1_40' title='bbox 3105 567 3478 636; x_wconf 81' lang='lat' dir='ltr'><strong>magnitudine</strong></span> <span class='ocrx_word' id='word_1_41' title='bbox 3530 570 3628 623; x_wconf 84' lang='lat' dir='ltr'><strong>ad-</strong></span> 
     </span>
    </p>
   </div>
   <div class='ocr_carea' id='block_1_9' title="bbox 362 640 2197 715">
    <p class='ocr_par' dir='ltr' id='par_1_9' title="bbox 362 640 2197 715">
     <span class='ocr_line' id='line_1_9' title="bbox 362 640 2197 715; baseline 0.005 -19"><span class='ocrx_word' id='word_1_42' title='bbox 362 642 693 698; x_wconf 87' lang='lat' dir='ltr'><strong>orabuudus</strong></span> <span class='ocrx_word' id='word_1_43' title='bbox 742 640 970 711; x_wconf 80' lang='lat' dir='ltr'><strong>angelus</strong></span> <span class='ocrx_word' id='word_1_44' title='bbox 1025 642 1081 696; x_wconf 92' lang='lat' dir='ltr'><strong>in</strong></span> <span class='ocrx_word' id='word_1_45' title='bbox 1139 643 1232 697; x_wconf 86' lang='lat' dir='ltr'><strong>illa</strong></span> <span class='ocrx_word' id='word_1_46' title='bbox 1282 661 1380 700; x_wconf 91' lang='lat' dir='ltr'><strong>sua</strong></span> <span class='ocrx_word' id='word_1_47' title='bbox 1429 644 1813 715; x_wconf 68' lang='lat' dir='ltr'><strong>praedicatione</strong></span> <span class='ocrx_word' id='word_1_48' title='bbox 1861 649 2133 706; x_wconf 85' lang='lat' dir='ltr'><strong>clamabat</strong></span> <span class='ocrx_word' id='word_1_49' title='bbox 2182 669 2197 705; x_wconf 90' lang='lat'><strong>:</strong></span> 
     </span>
    </p>
   </div>
   <div class='ocr_carea' id='block_1_10' title="bbox 2264 651 3631 719">
    <p class='ocr_par' dir='ltr' id='par_1_10' title="bbox 2264 651 3631 719">
     <span class='ocr_line' id='line_1_10' title="bbox 2264 651 3631 719; baseline 0.006 -14"><span class='ocrx_word' id='word_1_50' title='bbox 2264 651 2379 706; x_wconf 83' lang='lat' dir='ltr'><strong>Tua</strong></span> <span class='ocrx_word' id='word_1_51' title='bbox 2439 654 2511 707; x_wconf 85' lang='lat' dir='ltr'><strong>vis</strong></span> <span class='ocrx_word' id='word_1_52' title='bbox 2565 662 2676 719; x_wconf 86' lang='lat' dir='ltr'><strong>est,</strong></span> <span class='ocrx_word' id='word_1_53' title='bbox 2729 654 2970 711; x_wconf 81' lang='lat' dir='ltr'><strong>Domine.</strong></span> <span class='ocrx_word' id='word_1_54' title='bbox 3031 655 3111 711; x_wconf 89' lang='lat' dir='ltr'><strong>Tu</strong></span> <span class='ocrx_word' id='word_1_55' title='bbox 3163 658 3307 711; x_wconf 84' lang='lat' dir='ltr'><strong>enim</strong></span> <span class='ocrx_word' id='word_1_56' title='bbox 3341 669 3516 714; x_wconf 86' lang='lat' dir='ltr'><strong>morte</strong></span> <span class='ocrx_word' id='word_1_57' title='bbox 3576 669 3631 715; x_wconf 91' lang='lat' dir='ltr'><strong>et</strong></span> 
     </span>
    </p>
   </div>
   <div class='ocr_carea' id='block_1_11' title="bbox 366 726 3487 820">
    <p class='ocr_par' dir='ltr' id='par_1_11' title="bbox 366 726 3487 820">
     <span class='ocr_line' id='line_1_11' title="bbox 366 726 3487 820; baseline 0.004 -30"><span class='ocrx_word' id='word_1_58' title='bbox 366 735 561 790; x_wconf 86' lang='lat' dir='ltr'><strong>inferis</strong></span> <span class='ocrx_word' id='word_1_59' title='bbox 608 749 671 788; x_wconf 88' lang='lat' dir='ltr'><strong>ac</strong></span> <span class='ocrx_word' id='word_1_60' title='bbox 715 733 942 789; x_wconf 84' lang='lat' dir='ltr'><strong>diabolo</strong></span> <span class='ocrx_word' id='word_1_61' title='bbox 998 726 1252 805; x_wconf 88' lang='lat' dir='ltr'><strong>superior</strong></span> <span class='ocrx_word' id='word_1_62' title='bbox 1308 737 1507 799; x_wconf 85' lang='lat' dir='ltr'><strong>fuisti;</strong></span> <span class='ocrx_word' id='word_1_63' title='bbox 1566 738 1799 809; x_wconf 80' lang='lat' dir='ltr'><strong>ejusque</strong></span> <span class='ocrx_word' id='word_1_64' title='bbox 1846 741 2129 797; x_wconf 86' lang='lat' dir='ltr'><strong>stimulum</strong></span> <span class='ocrx_word' id='word_1_65' title='bbox 2167 743 2474 814; x_wconf 80' lang='lat' dir='ltr'><strong>infregisti,</strong></span> <span class='ocrx_word' id='word_1_66' title='bbox 2523 754 2578 800; x_wconf 89' lang='lat' dir='ltr'><strong>et</strong></span> <span class='ocrx_word' id='word_1_67' title='bbox 2610 746 2679 801; x_wconf 90' lang='lat' dir='ltr'><strong>ab</strong></span> <span class='ocrx_word' id='word_1_68' title='bbox 2710 745 2949 801; x_wconf 90' lang='lat' dir='ltr'><strong>humano</strong></span> <span class='ocrx_word' id='word_1_69' title='bbox 2977 763 3175 818; x_wconf 81' lang='lat' dir='ltr'><strong>genere</strong></span> <span class='ocrx_word' id='word_1_70' title='bbox 3208 750 3487 820; x_wconf 80' lang='lat' dir='ltr'><strong>depulisti.</strong></span> 
     </span>
    </p>
   </div>
   <div class='ocr_carea' id='block_1_12' title="bbox 438 824 1954 899">
    <p class='ocr_par' dir='ltr' id='par_1_12' title="bbox 438 824 1954 899">
     <span class='ocr_line' id='line_1_12' title="bbox 438 824 1954 899; baseline 0.003 -18"><span class='ocrx_word' id='word_1_71' title='bbox 438 828 561 881; x_wconf 69' lang='grc' dir='ltr'><em>ΑΠ’.</em></span> <span class='ocrx_word' id='word_1_72' title='bbox 617 824 744 879; x_wconf 82' lang='grc' dir='ltr'><em>Ἐἀν</em></span> <span class='ocrx_word' id='word_1_73' title='bbox 782 826 843 879; x_wconf 82' lang='grc' dir='ltr'><em>δὲ</em></span> <span class='ocrx_word' id='word_1_74' title='bbox 873 827 1036 881; x_wconf 82' lang='grc' dir='ltr'><em>πάλιν</em></span> <span class='ocrx_word' id='word_1_75' title='bbox 1074 828 1236 899; x_wconf 74' lang='grc' dir='ltr'><em>εἴπῃ,</em></span> <span class='ocrx_word' id='word_1_76' title='bbox 1284 830 1409 883; x_wconf 86' lang='grc' dir='ltr'><strong>Ποῦ</strong></span> <span class='ocrx_word' id='word_1_77' title='bbox 1437 832 1736 885; x_wconf 84' lang='grc' dir='ltr'><strong>τεθείκατε</strong></span> <span class='ocrx_word' id='word_1_78' title='bbox 1768 832 1954 893; x_wconf 77' lang='grc' dir='ltr'><em>Λάζα-</em></span> 
     </span>
    </p>
   </div>
   <div class='ocr_carea' id='block_1_13' title="bbox 353 917 1950 995">
    <p class='ocr_par' dir='ltr' id='par_1_13' title="bbox 353 917 1950 995">
     <span class='ocr_line' id='line_1_13' title="bbox 353 917 1950 995; baseline 0.004 -23"><span class='ocrx_word' id='word_1_79' title='bbox 353 935 504 988; x_wconf 84' lang='grc' dir='ltr'><em>ρον;</em></span> <span class='ocrx_word' id='word_1_80' title='bbox 541 917 992 989; x_wconf 84' lang='grc' dir='ltr'><em>ἀνθρωποπαθῶς</em></span> <span class='ocrx_word' id='word_1_81' title='bbox 1019 936 1033 952; x_wconf 76' lang='grc' dir='ltr'><strong>ο</strong></span> <span class='ocrx_word' id='word_1_82' title='bbox 1082 921 1177 974; x_wconf 79' lang='grc' dir='ltr'><strong>καὶ</strong></span> <span class='ocrx_word' id='word_1_83' title='bbox 1215 923 1344 993; x_wconf 82' lang='grc' dir='ltr'><em>περὶ</em></span> <span class='ocrx_word' id='word_1_84' title='bbox 1382 923 1481 993; x_wconf 83' lang='grc' dir='ltr'><em>τῆς</em></span> <span class='ocrx_word' id='word_1_85' title='bbox 1526 924 1950 995; x_wconf 80' lang='grc' dir='ltr'><em>αίμορῤοούσης,</em></span> 
     </span>
    </p>
   </div>
   <div class='ocr_carea' id='block_1_14' title="bbox 362 1012 1955 1087">
    <p class='ocr_par' dir='ltr' id='par_1_14' title="bbox 362 1012 1955 1087">
     <span class='ocr_line' id='line_1_14' title="bbox 362 1012 1955 1087; baseline 0.003 -21"><span class='ocrx_word' id='word_1_86' title='bbox 362 1012 461 1078; x_wconf 80' lang='grc' dir='ltr'><strong>Τίς</strong></span> <span class='ocrx_word' id='word_1_87' title='bbox 478 1028 599 1082; x_wconf 81' lang='grc' dir='ltr'><strong>μου</strong></span> <span class='ocrx_word' id='word_1_88' title='bbox 623 1012 827 1080; x_wconf 72' lang='grc' dir='ltr'><em>ἥψατο</em></span> <span class='ocrx_word' id='word_1_89' title='bbox 844 1030 866 1078; x_wconf 85' lang='grc'><strong><em>;</em></strong></span> <span class='ocrx_word' id='word_1_90' title='bbox 909 1012 980 1083; x_wconf 78' lang='grc' dir='ltr'><em>ἢ,</em></span> <span class='ocrx_word' id='word_1_91' title='bbox 1013 1013 1151 1067; x_wconf 77' lang='grc' dir='ltr'><em>Τίνα</em></span> <span class='ocrx_word' id='word_1_92' title='bbox 1179 1012 1433 1081; x_wconf 60' lang='lat' dir='ltr'><strong>(utsin;</strong></span> <span class='ocrx_word' id='word_1_93' title='bbox 1472 1013 1541 1085; x_wconf 82' lang='grc' dir='ltr'><em>ἢ,</em></span> <span class='ocrx_word' id='word_1_94' title='bbox 1590 1017 1731 1069; x_wconf 80' lang='grc' dir='ltr'><em>Τίνα</em></span> <span class='ocrx_word' id='word_1_95' title='bbox 1757 1034 1834 1087; x_wconf 82' lang='grc' dir='ltr'><em>με</em></span> <span class='ocrx_word' id='word_1_96' title='bbox 1853 1016 1955 1071; x_wconf 78' lang='grc' dir='ltr'><strong>λέ-</strong></span> 
     </span>
    </p>
   </div>
   <div class='ocr_carea' id='block_1_15' title="bbox 354 1100 1953 1176">
    <p class='ocr_par' dir='ltr' id='par_1_15' title="bbox 354 1100 1953 1176">
     <span class='ocr_line' id='line_1_15' title="bbox 354 1100 1953 1176; baseline 0.003 -18"><span class='ocrx_word' id='word_1_97' title='bbox 354 1120 576 1173; x_wconf 78' lang='grc' dir='ltr'><em>γουσιν</em></span> <span class='ocrx_word' id='word_1_98' title='bbox 606 1107 659 1157; x_wconf 80' lang='grc' dir='ltr'><em>οἱ</em></span> <span class='ocrx_word' id='word_1_99' title='bbox 685 1102 985 1172; x_wconf 79' lang='grc' dir='ltr'><em>ἄνθρωποι</em></span> <span class='ocrx_word' id='word_1_100' title='bbox 1007 1100 1159 1159; x_wconf 72' lang='grc' dir='ltr'><em>εἶναι</em></span> <span class='ocrx_word' id='word_1_101' title='bbox 1186 1105 1294 1159; x_wconf 77' lang='grc' dir='ltr'><em>τὸν</em></span> <span class='ocrx_word' id='word_1_102' title='bbox 1318 1106 1456 1160; x_wconf 77' lang='grc' dir='ltr'><em>Υίὸν</em></span> <span class='ocrx_word' id='word_1_103' title='bbox 1480 1106 1586 1160; x_wconf 83' lang='grc' dir='ltr'><strong>τοῦ</strong></span> <span class='ocrx_word' id='word_1_104' title='bbox 1606 1106 1919 1176; x_wconf 82' lang='grc' dir='ltr'><em>ἀνθρώπου</em></span> <span class='ocrx_word' id='word_1_105' title='bbox 1933 1124 1953 1173; x_wconf 88' lang='grc'><strong><em>;</em></strong></span> 
     </span>
    </p>
   </div>
   <div class='ocr_carea' id='block_1_16' title="bbox 357 1192 1953 1269">
    <p class='ocr_par' dir='ltr' id='par_1_16' title="bbox 357 1192 1953 1269">
     <span class='ocr_line' id='line_1_16' title="bbox 357 1192 1953 1269; baseline 0.004 -22"><span class='ocrx_word' id='word_1_106' title='bbox 357 1194 423 1261; x_wconf 84' lang='grc' dir='ltr'><em>ῆ,</em></span> <span class='ocrx_word' id='word_1_107' title='bbox 464 1192 535 1247; x_wconf 88' lang='grc' dir='ltr'><em>Τὸ</em></span> <span class='ocrx_word' id='word_1_108' title='bbox 574 1192 819 1247; x_wconf 75' lang='grc' dir='ltr'><em>παιδίον</em></span> <span class='ocrx_word' id='word_1_109' title='bbox 852 1192 1085 1262; x_wconf 79' lang='grc' dir='ltr'><strong>ηὔξανε</strong></span> <span class='ocrx_word' id='word_1_110' title='bbox 1112 1194 1209 1248; x_wconf 76' lang='grc' dir='ltr'><em>καὶ</em></span> <span class='ocrx_word' id='word_1_111' title='bbox 1246 1196 1627 1264; x_wconf 85' lang='grc' dir='ltr'><strong>ἐκραταιοῦτο</strong></span> <span class='ocrx_word' id='word_1_112' title='bbox 1650 1215 1663 1228; x_wconf 74' lang='grc' dir='ltr'><strong>ο</strong></span> <span class='ocrx_word' id='word_1_113' title='bbox 1696 1199 1729 1269; x_wconf 82' lang='grc' dir='ltr'><strong>ἥ</strong></span> <span class='ocrx_word' id='word_1_114' title='bbox 1757 1238 1771 1261; x_wconf 88' lang='grc'><strong>,</strong></span> <span class='ocrx_word' id='word_1_115' title='bbox 1802 1202 1953 1267; x_wconf 86' lang='grc' dir='ltr'><em>Προ-</em></span> 
     </span>
    </p>
   </div>
   <div class='ocr_carea' id='block_1_17' title="bbox 356 1284 1950 1358">
    <p class='ocr_par' dir='ltr' id='par_1_17' title="bbox 356 1284 1950 1358">
     <span class='ocr_line' id='line_1_17' title="bbox 356 1284 1950 1358; baseline 0.004 -20"><span class='ocrx_word' id='word_1_116' title='bbox 356 1284 618 1339; x_wconf 74' lang='grc' dir='ltr'><em>έκοπτεν</em></span> <span class='ocrx_word' id='word_1_117' title='bbox 643 1286 853 1352; x_wconf 74' lang='grc' dir='ltr'><em>ἡλικία</em></span> <span class='ocrx_word' id='word_1_118' title='bbox 885 1286 984 1339; x_wconf 79' lang='grc' dir='ltr'><strong>καὶ</strong></span> <span class='ocrx_word' id='word_1_119' title='bbox 1021 1287 1209 1355; x_wconf 70' lang='grc' dir='ltr'><em>σοφίᾳ</em></span> <span class='ocrx_word' id='word_1_120' title='bbox 1232 1303 1246 1317; x_wconf 89' lang='grc'><strong>·</strong></span> <span class='ocrx_word' id='word_1_121' title='bbox 1298 1287 1372 1358; x_wconf 76' lang='grc' dir='ltr'><em>ἢ,</em></span> <span class='ocrx_word' id='word_1_122' title='bbox 1427 1288 1547 1356; x_wconf 85' lang='grc' dir='ltr'><strong>Πρὸ</strong></span> <span class='ocrx_word' id='word_1_123' title='bbox 1579 1289 1686 1343; x_wconf 90' lang='grc' dir='ltr'><strong>τοῦ</strong></span> <span class='ocrx_word' id='word_1_124' title='bbox 1727 1289 1950 1358; x_wconf 72' lang='grc' dir='ltr'><em>γνῶναι</em></span> 
     </span>
    </p>
   </div>
   <div class='ocr_carea' id='block_1_18' title="bbox 361 1376 1950 1453">
    <p class='ocr_par' dir='ltr' id='par_1_18' title="bbox 361 1376 1950 1453">
     <span class='ocr_line' id='line_1_18' title="bbox 361 1376 1950 1453; baseline 0.004 -24"><span class='ocrx_word' id='word_1_125' title='bbox 361 1376 433 1429; x_wconf 85' lang='grc' dir='ltr'><em>τὸ</em></span> <span class='ocrx_word' id='word_1_126' title='bbox 460 1377 703 1430; x_wconf 71' lang='grc' dir='ltr'><em>παιδίον</em></span> <span class='ocrx_word' id='word_1_127' title='bbox 730 1376 939 1430; x_wconf 76' lang='grc' dir='ltr'><em>καλεῖν</em></span> <span class='ocrx_word' id='word_1_128' title='bbox 966 1377 1193 1445; x_wconf 82' lang='grc' dir='ltr'><em>πατέρα</em></span> <span class='ocrx_word' id='word_1_129' title='bbox 1224 1378 1261 1448; x_wconf 84' lang='grc' dir='ltr'>ἢ</span> <span class='ocrx_word' id='word_1_130' title='bbox 1290 1378 1519 1448; x_wconf 79' lang='grc' dir='ltr'><em>μητέρα</em></span> <span class='ocrx_word' id='word_1_131' title='bbox 1539 1397 1553 1411; x_wconf 74' lang='grc' dir='ltr'><strong>ο</strong></span> <span class='ocrx_word' id='word_1_132' title='bbox 1580 1382 1678 1452; x_wconf 82' lang='grc' dir='ltr'><strong>οὐχ</strong></span> <span class='ocrx_word' id='word_1_133' title='bbox 1703 1382 1835 1453; x_wconf 79' lang='grc' dir='ltr'><em>ὁρᾷς</em></span> <span class='ocrx_word' id='word_1_134' title='bbox 1856 1383 1950 1435; x_wconf 85' lang='grc' dir='ltr'><em>ἀπ’</em></span> 
     </span>
    </p>
   </div>
   <div class='ocr_carea' id='block_1_19' title="bbox 364 1466 1950 1541">
    <p class='ocr_par' dir='ltr' id='par_1_19' title="bbox 364 1466 1950 1541">
     <span class='ocr_line' id='line_1_19' title="bbox 364 1466 1950 1541; baseline 0.003 -21"><span class='ocrx_word' id='word_1_135' title='bbox 364 1468 541 1537; x_wconf 76' lang='grc' dir='ltr'><em>αὐτῆς</em></span> <span class='ocrx_word' id='word_1_136' title='bbox 586 1468 685 1538; x_wconf 84' lang='grc' dir='ltr'><em>τῆς</em></span> <span class='ocrx_word' id='word_1_137' title='bbox 731 1466 1043 1531; x_wconf 79' lang='grc' dir='ltr'><strong>ὑποθέσεως</strong></span> <span class='ocrx_word' id='word_1_138' title='bbox 1077 1467 1138 1521; x_wconf 83' lang='grc' dir='ltr'><em>τὸ</em></span> <span class='ocrx_word' id='word_1_139' title='bbox 1177 1469 1515 1540; x_wconf 77' lang='grc' dir='ltr'><em>ὑπερϐάλλον</em></span> <span class='ocrx_word' id='word_1_140' title='bbox 1547 1471 1646 1541; x_wconf 75' lang='grc' dir='ltr'><em>τῆς</em></span> <span class='ocrx_word' id='word_1_141' title='bbox 1672 1471 1950 1539; x_wconf 87' lang='grc' dir='ltr'><em>γνώσεως,</em></span> 
     </span>
    </p>
   </div>
   <div class='ocr_carea' id='block_1_20' title="bbox 362 1558 1945 1634">
    <p class='ocr_par' dir='ltr' id='par_1_20' title="bbox 362 1558 1945 1634">
     <span class='ocr_line' id='line_1_20' title="bbox 362 1558 1945 1634; baseline 0.002 -21"><span class='ocrx_word' id='word_1_142' title='bbox 362 1562 446 1614; x_wconf 78' lang='grc' dir='ltr'><em>ὅτι</em></span> <span class='ocrx_word' id='word_1_143' title='bbox 502 1560 570 1613; x_wconf 78' lang='grc' dir='ltr'><strong>ἐκ</strong></span> <span class='ocrx_word' id='word_1_144' title='bbox 612 1558 812 1629; x_wconf 83' lang='grc' dir='ltr'><em>σαρκὸς</em></span> <span class='ocrx_word' id='word_1_145' title='bbox 871 1558 965 1611; x_wconf 83' lang='grc' dir='ltr'><strong>καὶ</strong></span> <span class='ocrx_word' id='word_1_146' title='bbox 1016 1559 1435 1631; x_wconf 81' lang='grc' dir='ltr'><em>ἀνθρωπότητος</em></span> <span class='ocrx_word' id='word_1_147' title='bbox 1481 1562 1550 1615; x_wconf 79' lang='grc' dir='ltr'><em>τὰ</em></span> <span class='ocrx_word' id='word_1_148' title='bbox 1602 1562 1945 1634; x_wconf 85' lang='grc' dir='ltr'><em>διηγήματα;</em></span> 
     </span>
    </p>
   </div>
   <div class='ocr_carea' id='block_1_21' title="bbox 366 1651 1947 1724">
    <p class='ocr_par' dir='ltr' id='par_1_21' title="bbox 366 1651 1947 1724">
     <span class='ocr_line' id='line_1_21' title="bbox 366 1651 1947 1724; baseline 0.003 -19"><span class='ocrx_word' id='word_1_149' title='bbox 366 1654 509 1706; x_wconf 78' lang='grc' dir='ltr'><em>Ὅσα</em></span> <span class='ocrx_word' id='word_1_150' title='bbox 540 1652 651 1722; x_wconf 87' lang='grc' dir='ltr'><strong>γάρ</strong></span> <span class='ocrx_word' id='word_1_151' title='bbox 680 1654 739 1704; x_wconf 83' lang='grc' dir='ltr'><em>ἐν</em></span> <span class='ocrx_word' id='word_1_152' title='bbox 770 1655 835 1723; x_wconf 85' lang='grc' dir='ltr'><em>τῇ</em></span> <span class='ocrx_word' id='word_1_153' title='bbox 866 1651 1080 1723; x_wconf 79' lang='grc' dir='ltr'><em>Παλαιᾷ</em></span> <span class='ocrx_word' id='word_1_154' title='bbox 1108 1651 1351 1724; x_wconf 80' lang='grc' dir='ltr'><em>Διαθήκῃ</em></span> <span class='ocrx_word' id='word_1_155' title='bbox 1396 1653 1504 1706; x_wconf 83' lang='grc' dir='ltr'><em>ἀπὸ</em></span> <span class='ocrx_word' id='word_1_156' title='bbox 1541 1653 1831 1724; x_wconf 85' lang='grc' dir='ltr'><strong>προσώπου</strong></span> <span class='ocrx_word' id='word_1_157' title='bbox 1853 1655 1947 1709; x_wconf 82' lang='grc' dir='ltr'><strong>τοῦ</strong></span> 
     </span>
    </p>
   </div>
   <div class='ocr_carea' id='block_1_22' title="bbox 2123 835 3632 903">
    <p class='ocr_par' dir='ltr' id='par_1_22' title="bbox 2123 835 3632 903">
     <span class='ocr_line' id='line_1_22' title="bbox 2123 835 3632 903; baseline 0.005 -13"><span class='ocrx_word' id='word_1_158' title='bbox 2123 835 2410 891; x_wconf 80' lang='lat' dir='ltr'><strong>XXXVIII.</strong></span> <span class='ocrx_word' id='word_1_159' title='bbox 2455 837 2612 903; x_wconf 86' lang='lat' dir='ltr'><strong>Quod</strong></span> <span class='ocrx_word' id='word_1_160' title='bbox 2658 854 2789 893; x_wconf 87' lang='lat' dir='ltr'><strong>vero</strong></span> <span class='ocrx_word' id='word_1_161' title='bbox 2835 840 2906 894; x_wconf 91' lang='lat' dir='ltr'><strong>ab</strong></span> <span class='ocrx_word' id='word_1_162' title='bbox 2953 840 3063 895; x_wconf 90' lang='lat' dir='ltr'><strong>illis</strong></span> <span class='ocrx_word' id='word_1_163' title='bbox 3112 841 3339 896; x_wconf 84' lang='lat' dir='ltr'><strong>all‘ertur</strong></span> <span class='ocrx_word' id='word_1_164' title='bbox 3392 842 3632 898; x_wconf 88' lang='lat' dir='ltr'><strong>humano</strong></span> 
     </span>
    </p>
   </div>
   <div class='ocr_carea' id='block_1_23' title="bbox 2048 928 3632 997">
    <p class='ocr_par' dir='ltr' id='par_1_23' title="bbox 2048 928 3632 997">
     <span class='ocr_line' id='line_1_23' title="bbox 2048 928 3632 997; baseline 0.004 -15"><span class='ocrx_word' id='word_1_165' title='bbox 2048 942 2199 983; x_wconf 89' lang='lat' dir='ltr'><strong>more</strong></span> <span class='ocrx_word' id='word_1_166' title='bbox 2246 928 2492 984; x_wconf 87' lang='lat' dir='ltr'><strong>dictum:</strong></span> <span class='ocrx_word' id='word_1_167' title='bbox 2525 928 2624 983; x_wconf 85' lang='lat' dir='ltr'><strong>Ubi</strong></span> <span class='ocrx_word' id='word_1_168' title='bbox 2681 930 2935 997; x_wconf 76' lang='lat' dir='ltr'><strong>posuistis</strong></span> <span class='ocrx_word' id='word_1_169' title='bbox 2976 930 3331 986; x_wconf 78' lang='lat' dir='ltr'><strong>Lazarum’?</strong></span> <span class='ocrx_word' id='word_1_170' title='bbox 3396 942 3510 985; x_wconf 87' lang='lat' dir='ltr'><strong>tum</strong></span> <span class='ocrx_word' id='word_1_171' title='bbox 3564 935 3632 988; x_wconf 87' lang='lat' dir='ltr'><strong>de</strong></span> 
     </span>
    </p>
   </div>
   <div class='ocr_carea' id='block_1_24' title="bbox 2050 1019 3633 1091">
    <p class='ocr_par' dir='ltr' id='par_1_24' title="bbox 2050 1019 3633 1091">
     <span class='ocr_line' id='line_1_24' title="bbox 2050 1019 3633 1091; baseline 0.006 -20"><span class='ocrx_word' id='word_1_172' title='bbox 2050 1019 2284 1075; x_wconf 88' lang='lat' dir='ltr'><strong>muliere</strong></span> <span class='ocrx_word' id='word_1_173' title='bbox 2343 1020 2635 1091; x_wconf 85' lang='lat' dir='ltr'><strong>sanguinis</strong></span> <span class='ocrx_word' id='word_1_174' title='bbox 2678 1021 2947 1090; x_wconf 83' lang='lat' dir='ltr'><strong>proﬂuvio</strong></span> <span class='ocrx_word' id='word_1_175' title='bbox 2998 1023 3323 1080; x_wconf 82' lang='lat' dir='ltr'><strong>laborante:</strong></span> <span class='ocrx_word' id='word_1_176' title='bbox 3370 1024 3503 1090; x_wconf 83' lang='lat' dir='ltr'><strong>Quis</strong></span> <span class='ocrx_word' id='word_1_177' title='bbox 3551 1041 3633 1080; x_wconf 83' lang='lat' dir='ltr'><strong>me</strong></span> 
     </span>
    </p>
   </div>
   <div class='ocr_carea' id='block_1_25' title="bbox 2052 1110 3631 1182">
    <p class='ocr_par' dir='ltr' id='par_1_25' title="bbox 2052 1110 3631 1182">
     <span class='ocr_line' id='line_1_25' title="bbox 2052 1110 3631 1182; baseline 0.004 -20"><span class='ocrx_word' id='word_1_178' title='bbox 2052 1110 2293 1179; x_wconf 74' lang='lat' dir='ltr'><strong>tetigit‘?</strong></span> <span class='ocrx_word' id='word_1_179' title='bbox 2326 1111 2430 1176; x_wconf 85' lang='lat' dir='ltr'><strong>vel,</strong></span> <span class='ocrx_word' id='word_1_180' title='bbox 2475 1111 2639 1176; x_wconf 85' lang='lat' dir='ltr'><strong>Quem</strong></span> <span class='ocrx_word' id='word_1_181' title='bbox 2669 1114 2907 1182; x_wconf 72' lang='lat' dir='ltr'><strong>quam&#39;tis</strong></span> <span class='ocrx_word' id='word_1_182' title='bbox 2929 1114 2975 1167; x_wconf 66' lang='lat'><strong>‘?</strong></span> <span class='ocrx_word' id='word_1_183' title='bbox 3009 1115 3113 1177; x_wconf 85' lang='lat' dir='ltr'><strong>vel,</strong></span> <span class='ocrx_word' id='word_1_184' title='bbox 3146 1114 3311 1181; x_wconf 80' lang='lat' dir='ltr'><strong>Quem</strong></span> <span class='ocrx_word' id='word_1_185' title='bbox 3344 1132 3426 1169; x_wconf 84' lang='lat' dir='ltr'><strong>me</strong></span> <span class='ocrx_word' id='word_1_186' title='bbox 3448 1114 3631 1169; x_wconf 87' lang='lat' dir='ltr'><strong>dicunt</strong></span> 
     </span>
    </p>
   </div>
   <div class='ocr_carea' id='block_1_26' title="bbox 2055 1193 3631 1267">
    <p class='ocr_par' dir='ltr' id='par_1_26' title="bbox 2055 1193 3631 1267">
     <span class='ocr_line' id='line_1_26' title="bbox 2055 1193 3631 1267; baseline 0.004 -15"><span class='ocrx_word' id='word_1_187' title='bbox 2055 1193 2288 1255; x_wconf 73' lang='lat' dir='ltr'><strong>homines</strong></span> <span class='ocrx_word' id='word_1_188' title='bbox 2320 1218 2433 1256; x_wconf 83' lang='lat' dir='ltr'><strong>esse</strong></span> <span class='ocrx_word' id='word_1_189' title='bbox 2468 1201 2666 1256; x_wconf 85' lang='lat' dir='ltr'><strong>Filium</strong></span> <span class='ocrx_word' id='word_1_190' title='bbox 2698 1204 2924 1257; x_wconf 80' lang='lat' dir='ltr'><strong>hominis</strong></span> <span class='ocrx_word' id='word_1_191' title='bbox 2956 1204 3002 1257; x_wconf 71' lang='grc'><strong>⁸2</strong></span> <span class='ocrx_word' id='word_1_192' title='bbox 3051 1205 3154 1267; x_wconf 81' lang='lat' dir='ltr'><strong>vel,</strong></span> <span class='ocrx_word' id='word_1_193' title='bbox 3194 1204 3335 1257; x_wconf 84' lang='lat' dir='ltr'><strong>Puer</strong></span> <span class='ocrx_word' id='word_1_194' title='bbox 3367 1205 3631 1259; x_wconf 80' lang='lat' dir='ltr'><strong>crescebat</strong></span> 
     </span>
    </p>
   </div>
   <div class='ocr_carea' id='block_1_27' title="bbox 2052 1293 3630 1361">
    <p class='ocr_par' dir='ltr' id='par_1_27' title="bbox 2052 1293 3630 1361">
     <span class='ocr_line' id='line_1_27' title="bbox 2052 1293 3630 1361; baseline 0.003 -15"><span class='ocrx_word' id='word_1_195' title='bbox 2052 1301 2101 1347; x_wconf 89' lang='lat' dir='ltr'><strong>et</strong></span> <span class='ocrx_word' id='word_1_196' title='bbox 2141 1293 2600 1361; x_wconf 70' lang='lat' dir='ltr'><strong>confirmabatur“</strong></span> <span class='ocrx_word' id='word_1_197' title='bbox 2629 1310 2641 1348; x_wconf 90' lang='lat'><strong>:</strong></span> <span class='ocrx_word' id='word_1_198' title='bbox 2671 1295 2810 1361; x_wconf 83' lang='lat' dir='ltr'><strong>sive,</strong></span> <span class='ocrx_word' id='word_1_199' title='bbox 2852 1294 3180 1350; x_wconf 84' lang='lat' dir='ltr'><strong>Procedebat</strong></span> <span class='ocrx_word' id='word_1_200' title='bbox 3236 1305 3391 1351; x_wconf 82' lang='lat' dir='ltr'><strong>wtate</strong></span> <span class='ocrx_word' id='word_1_201' title='bbox 3442 1307 3489 1351; x_wconf 88' lang='lat' dir='ltr'><strong>et</strong></span> <span class='ocrx_word' id='word_1_202' title='bbox 3542 1314 3630 1351; x_wconf 85' lang='lat' dir='ltr'><strong>sa-</strong></span> 
     </span>
    </p>
   </div>
   <div class='ocr_carea' id='block_1_28' title="bbox 2054 1382 3632 1457">
    <p class='ocr_par' dir='ltr' id='par_1_28' title="bbox 2054 1382 3632 1457">
     <span class='ocr_line' id='line_1_28' title="bbox 2054 1382 3632 1457; baseline 0.007 -25"><span class='ocrx_word' id='word_1_203' title='bbox 2054 1382 2253 1447; x_wconf 68' lang='lat' dir='ltr'><strong>pientia</strong></span> <span class='ocrx_word' id='word_1_204' title='bbox 2279 1384 2339 1446; x_wconf 91' lang='lat'><strong>&quot;;</strong></span> <span class='ocrx_word' id='word_1_205' title='bbox 2391 1384 2508 1440; x_wconf 88' lang='lat' dir='ltr'><strong>sive</strong></span> <span class='ocrx_word' id='word_1_206' title='bbox 2546 1384 2781 1456; x_wconf 89' lang='lat' dir='ltr'><strong>denique</strong></span> <span class='ocrx_word' id='word_1_207' title='bbox 2814 1404 2827 1441; x_wconf 90' lang='lat'><strong>:</strong></span> <span class='ocrx_word' id='word_1_208' title='bbox 2860 1385 3153 1456; x_wconf 80' lang='lat' dir='ltr'><strong>Antequam</strong></span> <span class='ocrx_word' id='word_1_209' title='bbox 3196 1389 3338 1442; x_wconf 83' lang='lat' dir='ltr'><strong>norit</strong></span> <span class='ocrx_word' id='word_1_210' title='bbox 3388 1405 3513 1457; x_wconf 86' lang='lat' dir='ltr'><strong>puer</strong></span> <span class='ocrx_word' id='word_1_211' title='bbox 3550 1405 3632 1443; x_wconf 81' lang='lat' dir='ltr'><strong>vo-</strong></span> 
     </span>
    </p>
   </div>
   <div class='ocr_carea' id='block_1_29' title="bbox 2055 1478 3631 1551">
    <p class='ocr_par' dir='ltr' id='par_1_29' title="bbox 2055 1478 3631 1551">
     <span class='ocr_line' id='line_1_29' title="bbox 2055 1478 3631 1551; baseline 0.006 -26"><span class='ocrx_word' id='word_1_212' title='bbox 2055 1489 2175 1527; x_wconf 87' lang='lat' dir='ltr'><strong>care</strong></span> <span class='ocrx_word' id='word_1_213' title='bbox 2210 1482 2414 1541; x_wconf 80' lang='lat' dir='ltr'><strong>patrem</strong></span> <span class='ocrx_word' id='word_1_214' title='bbox 2445 1485 2537 1529; x_wconf 82' lang='lat' dir='ltr'><strong>aut</strong></span> <span class='ocrx_word' id='word_1_215' title='bbox 2576 1486 2797 1531; x_wconf 82' lang='lat' dir='ltr'><strong>matrem</strong></span> <span class='ocrx_word' id='word_1_216' title='bbox 2817 1479 2871 1544; x_wconf 80' lang='grc'><strong>⁸;</strong></span> <span class='ocrx_word' id='word_1_217' title='bbox 2904 1493 3085 1533; x_wconf 85' lang='lat' dir='ltr'><strong>nonne</strong></span> <span class='ocrx_word' id='word_1_218' title='bbox 3119 1478 3202 1534; x_wconf 86' lang='lat' dir='ltr'><strong>vel</strong></span> <span class='ocrx_word' id='word_1_219' title='bbox 3226 1494 3294 1533; x_wconf 84' lang='lat' dir='ltr'><strong>ex</strong></span> <span class='ocrx_word' id='word_1_220' title='bbox 3325 1479 3443 1548; x_wconf 88' lang='lat' dir='ltr'><strong>ipso</strong></span> <span class='ocrx_word' id='word_1_221' title='bbox 3470 1495 3631 1551; x_wconf 84' lang='lat' dir='ltr'><strong>argu-</strong></span> 
     </span>
    </p>
   </div>
   <div class='ocr_carea' id='block_1_30' title="bbox 2055 1568 3631 1641">
    <p class='ocr_par' dir='ltr' id='par_1_30' title="bbox 2055 1568 3631 1641">
     <span class='ocr_line' id='line_1_30' title="bbox 2055 1568 3631 1641; baseline 0.003 -23"><span class='ocrx_word' id='word_1_222' title='bbox 2055 1575 2239 1621; x_wconf 82' lang='lat' dir='ltr'><strong>mento</strong></span> <span class='ocrx_word' id='word_1_223' title='bbox 2262 1568 2618 1624; x_wconf 81' lang='lat' dir='ltr'><strong>excellentem</strong></span> <span class='ocrx_word' id='word_1_224' title='bbox 2652 1570 2965 1637; x_wconf 82' lang='lat' dir='ltr'><strong>scientiam,</strong></span> <span class='ocrx_word' id='word_1_225' title='bbox 2992 1585 3155 1640; x_wconf 89' lang='lat' dir='ltr'><strong>quam</strong></span> <span class='ocrx_word' id='word_1_226' title='bbox 3191 1569 3279 1625; x_wconf 89' lang='lat' dir='ltr'><strong>hic</strong></span> <span class='ocrx_word' id='word_1_227' title='bbox 3318 1570 3471 1627; x_wconf 83' lang='lat' dir='ltr'><strong>locus</strong></span> <span class='ocrx_word' id='word_1_228' title='bbox 3501 1587 3631 1641; x_wconf 81' lang='lat' dir='ltr'><strong>snp-</strong></span> 
     </span>
    </p>
   </div>
   <div class='ocr_carea' id='block_1_31' title="bbox 2055 1657 3633 1732">
    <p class='ocr_par' dir='ltr' id='par_1_31' title="bbox 2055 1657 3633 1732">
     <span class='ocr_line' id='line_1_31' title="bbox 2055 1657 3633 1732; baseline 0.003 -22"><span class='ocrx_word' id='word_1_229' title='bbox 2055 1657 2285 1725; x_wconf 87' lang='lat' dir='ltr'><strong>peditat,</strong></span> <span class='ocrx_word' id='word_1_230' title='bbox 2318 1660 2753 1726; x_wconf 82' lang='lat' dir='ltr'><strong>animadvertis;</strong></span> <span class='ocrx_word' id='word_1_231' title='bbox 2795 1670 2963 1732; x_wconf 91' lang='lat' dir='ltr'><strong>utque</strong></span> <span class='ocrx_word' id='word_1_232' title='bbox 2992 1662 3057 1717; x_wconf 91' lang='lat' dir='ltr'><strong>ad</strong></span> <span class='ocrx_word' id='word_1_233' title='bbox 3095 1677 3318 1717; x_wconf 79' lang='lat' dir='ltr'><strong>carnem</strong></span> <span class='ocrx_word' id='word_1_234' title='bbox 3350 1670 3403 1718; x_wconf 85' lang='lat' dir='ltr'><strong>et</strong></span> <span class='ocrx_word' id='word_1_235' title='bbox 3435 1663 3633 1716; x_wconf 80' lang='lat' dir='ltr'><strong>huma—</strong></span> 
     </span>
    </p>
   </div>
   <div class='ocr_carea' id='block_1_32' title="bbox 364 1742 1957 1815">
    <p class='ocr_par' dir='ltr' id='par_1_32' title="bbox 364 1742 1949 1815">
     <span class='ocr_line' id='line_1_32' title="bbox 364 1742 1949 1815; baseline 0.002 -18"><span class='ocrx_word' id='word_1_236' title='bbox 364 1742 529 1809; x_wconf 71' lang='grc' dir='ltr'><em>θεοῦ,</em></span> <span class='ocrx_word' id='word_1_237' title='bbox 560 1745 654 1797; x_wconf 70' lang='grc' dir='ltr'><strong>καὶ</strong></span> <span class='ocrx_word' id='word_1_238' title='bbox 696 1742 913 1813; x_wconf 83' lang='grc' dir='ltr'><em>Πατρὸς</em></span> <span class='ocrx_word' id='word_1_239' title='bbox 945 1743 1433 1815; x_wconf 80' lang='grc' dir='ltr'><em>ύποκατερχόμενά</em></span> <span class='ocrx_word' id='word_1_240' title='bbox 1469 1746 1606 1797; x_wconf 78' lang='grc' dir='ltr'><em>εἰσιν</em></span> <span class='ocrx_word' id='word_1_241' title='bbox 1653 1747 1733 1809; x_wconf 84' lang='grc' dir='ltr'><em>εἰς</em></span> <span class='ocrx_word' id='word_1_242' title='bbox 1771 1744 1949 1799; x_wconf 84' lang='grc' dir='ltr'><em>πειθὼ</em></span> 
     </span>
    </p>
   </div>
   <div class='ocr_carea' id='block_1_33' title="bbox 2061 1742 3629 1815">
    <p class='ocr_par' dir='ltr' id='par_1_33' title="bbox 2062 1752 3629 1809">
     <span class='ocr_line' id='line_1_33' title="bbox 2062 1752 3629 1809; baseline 0.003 -7"><span class='ocrx_word' id='word_1_243' title='bbox 2062 1765 2169 1803; x_wconf 73' lang='lat' dir='ltr'><strong>iam</strong></span> <span class='ocrx_word' id='word_1_244' title='bbox 2205 1756 2455 1804; x_wconf 87' lang='lat' dir='ltr'><strong>naturam</strong></span> <span class='ocrx_word' id='word_1_245' title='bbox 2487 1753 2830 1808; x_wconf 82' lang='lat' dir='ltr'><strong>narrationes</strong></span> <span class='ocrx_word' id='word_1_246' title='bbox 2860 1754 2965 1808; x_wconf 70' lang='lat' dir='ltr'><strong>illae</strong></span> <span class='ocrx_word' id='word_1_247' title='bbox 2995 1752 3353 1809; x_wconf 84' lang='lat' dir='ltr'><strong>referantur?</strong></span> <span class='ocrx_word' id='word_1_248' title='bbox 3414 1752 3629 1808; x_wconf 82' lang='lat' dir='ltr'><strong>Etenim</strong></span> 
     </span>
    </p>
   </div>
   <div class='ocr_carea' id='block_1_34' title="bbox 367 1832 1950 1904">
    <p class='ocr_par' dir='ltr' id='par_1_34' title="bbox 367 1832 1950 1904">
     <span class='ocr_line' id='line_1_34' title="bbox 367 1832 1950 1904; baseline 0 -16"><span class='ocrx_word' id='word_1_249' title='bbox 367 1834 471 1888; x_wconf 74' lang='grc' dir='ltr'><em>τῶν</em></span> <span class='ocrx_word' id='word_1_250' title='bbox 523 1832 860 1904; x_wconf 73' lang='grc' dir='ltr'><em>ἀνθράητων,</em></span> <span class='ocrx_word' id='word_1_251' title='bbox 919 1832 1195 1902; x_wconf 80' lang='grc' dir='ltr'><strong>ἀγνωσίας</strong></span> <span class='ocrx_word' id='word_1_252' title='bbox 1244 1833 1512 1902; x_wconf 75' lang='grc' dir='ltr'><em>ἐχόμενα,</em></span> <span class='ocrx_word' id='word_1_253' title='bbox 1566 1835 1665 1887; x_wconf 75' lang='grc' dir='ltr'><strong>οὐκ</strong></span> <span class='ocrx_word' id='word_1_254' title='bbox 1716 1835 1846 1888; x_wconf 79' lang='grc' dir='ltr'><em>ὄντα</em></span> <span class='ocrx_word' id='word_1_255' title='bbox 1893 1835 1950 1888; x_wconf 81' lang='grc' dir='ltr'><em>δὲ</em></span> 
     </span>
    </p>
   </div>
   <div class='ocr_carea' id='block_1_35' title="bbox 372 1921 1950 1998">
    <p class='ocr_par' dir='ltr' id='par_1_35' title="bbox 372 1921 1950 1998">
     <span class='ocr_line' id='line_1_35' title="bbox 372 1921 1950 1998; baseline 0.001 -20"><span class='ocrx_word' id='word_1_256' title='bbox 372 1924 623 1993; x_wconf 76' lang='grc' dir='ltr'><em>ἄγνωστα</em></span> <span class='ocrx_word' id='word_1_257' title='bbox 646 1922 725 1994; x_wconf 82' lang='grc' dir='ltr'><em>τῷ</em></span> <span class='ocrx_word' id='word_1_258' title='bbox 744 1923 885 1994; x_wconf 83' lang='grc' dir='ltr'><em>Θεῷ,</em></span> <span class='ocrx_word' id='word_1_259' title='bbox 918 1923 1091 1977; x_wconf 81' lang='grc' dir='ltr'><em>ταῦτα</em></span> <span class='ocrx_word' id='word_1_260' title='bbox 1117 1921 1286 1977; x_wconf 71' lang='grc' dir='ltr'><em>ἐλθὼν</em></span> <span class='ocrx_word' id='word_1_261' title='bbox 1311 1925 1535 1993; x_wconf 59' lang='grc' dir='ltr'><em>όηΛόγος</em></span> <span class='ocrx_word' id='word_1_262' title='bbox 1567 1924 1950 1998; x_wconf 81' lang='grc' dir='ltr'><strong>πεπλήρωκεν,</strong></span> 
     </span>
    </p>
   </div>
   <div class='ocr_carea' id='block_1_36' title="bbox 2051 1842 3639 1912">
    <p class='ocr_par' dir='ltr' id='par_1_36' title="bbox 2051 1842 3639 1912">
     <span class='ocr_line' id='line_1_36' title="bbox 2051 1842 3639 1912; baseline 0.001 -15"><span class='ocrx_word' id='word_1_263' title='bbox 2051 1857 2387 1912; x_wconf 56' lang='lat' dir='ltr'><strong>quacunque</strong></span> <span class='ocrx_word' id='word_1_264' title='bbox 2412 1842 2466 1897; x_wconf 91' lang='lat' dir='ltr'><strong>in</strong></span> <span class='ocrx_word' id='word_1_265' title='bbox 2497 1842 2689 1899; x_wconf 83' lang='lat' dir='ltr'><strong>Vetere</strong></span> <span class='ocrx_word' id='word_1_266' title='bbox 2723 1844 3074 1900; x_wconf 86' lang='lat' dir='ltr'><strong>Testamento</strong></span> <span class='ocrx_word' id='word_1_267' title='bbox 3108 1860 3172 1899; x_wconf 85' lang='lat' dir='ltr'><strong>ex</strong></span> <span class='ocrx_word' id='word_1_268' title='bbox 3209 1844 3303 1901; x_wconf 90' lang='lat' dir='ltr'><strong>Dei</strong></span> <span class='ocrx_word' id='word_1_269' title='bbox 3346 1860 3410 1900; x_wconf 94' lang='lat' dir='ltr'><strong>ac</strong></span> <span class='ocrx_word' id='word_1_270' title='bbox 3450 1843 3639 1899; x_wconf 83' lang='lat' dir='ltr'><strong>Patris</strong></span> 
     </span>
    </p>
   </div>
   <div class='ocr_carea' id='block_1_37' title="bbox 2052 1927 3600 2005">
    <p class='ocr_par' dir='ltr' id='par_1_37' title="bbox 2052 1927 3600 2005">
     <span class='ocr_line' id='line_1_37' title="bbox 2052 1927 3600 2005; baseline 0.002 -17"><span class='ocrx_word' id='word_1_271' title='bbox 2052 1949 2283 2005; x_wconf 84' lang='lat' dir='ltr'><strong>persona</strong></span> <span class='ocrx_word' id='word_1_272' title='bbox 2328 1934 2410 1990; x_wconf 88' lang='lat' dir='ltr'><strong>sic</strong></span> <span class='ocrx_word' id='word_1_273' title='bbox 2451 1942 2812 2004; x_wconf 89' lang='lat' dir='ltr'><strong>usurpantur,</strong></span> <span class='ocrx_word' id='word_1_274' title='bbox 2863 1943 2922 1990; x_wconf 93' lang='lat' dir='ltr'><strong>ut</strong></span> <span class='ocrx_word' id='word_1_275' title='bbox 2972 1935 3040 1990; x_wconf 88' lang='lat' dir='ltr'><strong>ad</strong></span> <span class='ocrx_word' id='word_1_276' title='bbox 3090 1935 3369 1991; x_wconf 84' lang='lat' dir='ltr'><strong>hominum</strong></span> <span class='ocrx_word' id='word_1_277' title='bbox 3400 1927 3600 2005; x_wconf 79' lang='lat' dir='ltr'><strong>persua</strong></span> 
     </span>
    </p>
   </div>
   <div class='ocr_carea' id='block_1_38' title="bbox 378 2014 1957 2092">
    <p class='ocr_par' dir='ltr' id='par_1_38' title="bbox 378 2014 1952 2090">
     <span class='ocr_line' id='line_1_38' title="bbox 378 2014 1952 2090; baseline 0.004 -24"><span class='ocrx_word' id='word_1_278' title='bbox 378 2015 463 2067; x_wconf 72' lang='grc' dir='ltr'><em>ἳνα</em></span> <span class='ocrx_word' id='word_1_279' title='bbox 492 2014 839 2090; x_wconf 69' lang='grc' dir='ltr'><em>πληρώσῃτδ</em></span> <span class='ocrx_word' id='word_1_280' title='bbox 863 2016 1153 2087; x_wconf 76' lang='grc' dir='ltr'><strong>εἰρημένον</strong></span> <span class='ocrx_word' id='word_1_281' title='bbox 1180 2032 1195 2046; x_wconf 82' lang='grc'><em>’</em></span> <span class='ocrx_word' id='word_1_282' title='bbox 1240 2016 1293 2069; x_wconf 87' lang='grc' dir='ltr'><strong><em>Ὁ</em></strong></span> <span class='ocrx_word' id='word_1_283' title='bbox 1308 2016 1512 2087; x_wconf 74' lang='grc' dir='ltr'><em>Πατήρ</em></span> <span class='ocrx_word' id='word_1_284' title='bbox 1541 2035 1660 2087; x_wconf 78' lang='grc' dir='ltr'><strong>μου</strong></span> <span class='ocrx_word' id='word_1_285' title='bbox 1687 2017 1799 2084; x_wconf 72' lang='grc' dir='ltr'><em>ἕως</em></span> <span class='ocrx_word' id='word_1_286' title='bbox 1818 2017 1952 2086; x_wconf 78' lang='grc' dir='ltr'><em>ἄρτι</em></span> 
     </span>
    </p>
   </div>
   <div class='ocr_carea' id='block_1_39' title="bbox 2061 2014 3635 2092">
    <p class='ocr_par' dir='ltr' id='par_1_39' title="bbox 2061 2022 3635 2092">
     <span class='ocr_line' id='line_1_39' title="bbox 2061 2022 3635 2092; baseline -0.001 -12"><span class='ocrx_word' id='word_1_287' title='bbox 2061 2024 2262 2080; x_wconf 79' lang='lat' dir='ltr'><strong>sionem</strong></span> <span class='ocrx_word' id='word_1_288' title='bbox 2312 2030 2367 2078; x_wconf 89' lang='lat' dir='ltr'><strong>et</strong></span> <span class='ocrx_word' id='word_1_289' title='bbox 2414 2024 2731 2079; x_wconf 88' lang='lat' dir='ltr'><strong>illecebram</strong></span> <span class='ocrx_word' id='word_1_290' title='bbox 2783 2022 2927 2077; x_wconf 90' lang='lat' dir='ltr'><strong>infra</strong></span> <span class='ocrx_word' id='word_1_291' title='bbox 2975 2022 3069 2079; x_wconf 89' lang='lat' dir='ltr'><strong>Dei</strong></span> <span class='ocrx_word' id='word_1_292' title='bbox 3116 2023 3460 2092; x_wconf 87' lang='lat' dir='ltr'><strong>majestatem</strong></span> <span class='ocrx_word' id='word_1_293' title='bbox 3510 2038 3635 2078; x_wconf 83' lang='lat' dir='ltr'><strong>esse</strong></span> 
     </span>
    </p>
   </div>
   <div class='ocr_carea' id='block_1_40' title="bbox 382 2103 1955 2176">
    <p class='ocr_par' dir='ltr' id='par_1_40' title="bbox 382 2103 1955 2176">
     <span class='ocr_line' id='line_1_40' title="bbox 382 2103 1955 2176; baseline 0.003 -19"><span class='ocrx_word' id='word_1_294' title='bbox 382 2104 692 2175; x_wconf 75' lang='grc' dir='ltr'><em>ἐργάζεται,</em></span> <span class='ocrx_word' id='word_1_295' title='bbox 734 2104 886 2175; x_wconf 62' lang='grc' dir='ltr'><em>κάγὼ</em></span> <span class='ocrx_word' id='word_1_296' title='bbox 912 2103 1239 2176; x_wconf 75' lang='grc' dir='ltr'><em>ἐργάζομαι.</em></span> <span class='ocrx_word' id='word_1_297' title='bbox 1271 2133 1343 2146; x_wconf 93' lang='grc'><strong><em>-</em></strong></span> <span class='ocrx_word' id='word_1_298' title='bbox 1369 2106 1496 2161; x_wconf 91' lang='grc' dir='ltr'><strong>Ποῦ</strong></span> <span class='ocrx_word' id='word_1_299' title='bbox 1528 2108 1825 2161; x_wconf 77' lang='grc' dir='ltr'><em>τεθείκατε</em></span> <span class='ocrx_word' id='word_1_300' title='bbox 1848 2106 1955 2160; x_wconf 79' lang='grc' dir='ltr'><em>τὸν</em></span> 
     </span>
    </p>
   </div>
   <div class='ocr_carea' id='block_1_41' title="bbox 379 2195 1953 2268">
    <p class='ocr_par' dir='ltr' id='par_1_41' title="bbox 379 2195 1953 2268">
     <span class='ocr_line' id='line_1_41' title="bbox 379 2195 1953 2268; baseline -0.001 -18"><span class='ocrx_word' id='word_1_301' title='bbox 379 2196 681 2264; x_wconf 66' lang='grc' dir='ltr'><em>Λάζᾶρον;</em></span> <span class='ocrx_word' id='word_1_302' title='bbox 718 2196 923 2267; x_wconf 73' lang='grc' dir='ltr'><em>ἠρώτα,</em></span> <span class='ocrx_word' id='word_1_303' title='bbox 952 2197 1120 2265; x_wconf 76' lang='grc' dir='ltr'><em>ἐγγὺς</em></span> <span class='ocrx_word' id='word_1_304' title='bbox 1157 2197 1252 2251; x_wconf 83' lang='grc' dir='ltr'><strong>τοῦ</strong></span> <span class='ocrx_word' id='word_1_305' title='bbox 1284 2196 1451 2251; x_wconf 83' lang='grc' dir='ltr'><em>τόπου</em></span> <span class='ocrx_word' id='word_1_306' title='bbox 1481 2196 1772 2267; x_wconf 86' lang='grc' dir='ltr'><em>γενόμενος</em></span> <span class='ocrx_word' id='word_1_307' title='bbox 1795 2213 1810 2226; x_wconf 86' lang='grc'>·</span> <span class='ocrx_word' id='word_1_308' title='bbox 1846 2195 1953 2268; x_wconf 82' lang='grc' dir='ltr'><em>πρὸ</em></span> 
     </span>
    </p>
   </div>
   <div class='ocr_carea' id='block_1_42' title="bbox 374 2285 1951 2360">
    <p class='ocr_par' dir='ltr' id='par_1_42' title="bbox 374 2285 1951 2360">
     <span class='ocr_line' id='line_1_42' title="bbox 374 2285 1951 2360; baseline -0.002 -18"><span class='ocrx_word' id='word_1_309' title='bbox 374 2288 430 2342; x_wconf 81' lang='grc' dir='ltr'><em>δὲ</em></span> <span class='ocrx_word' id='word_1_310' title='bbox 470 2289 562 2342; x_wconf 83' lang='grc' dir='ltr'><strong>τοῦ</strong></span> <span class='ocrx_word' id='word_1_311' title='bbox 599 2288 770 2342; x_wconf 81' lang='grc' dir='ltr'><strong>ἐλθεῖν</strong></span> <span class='ocrx_word' id='word_1_312' title='bbox 812 2290 894 2353; x_wconf 88' lang='grc' dir='ltr'><strong>είς</strong></span> <span class='ocrx_word' id='word_1_313' title='bbox 927 2288 1017 2342; x_wconf 83' lang='grc' dir='ltr'><em>τὸν</em></span> <span class='ocrx_word' id='word_1_314' title='bbox 1049 2288 1236 2355; x_wconf 87' lang='grc' dir='ltr'><em>τόπον,</em></span> <span class='ocrx_word' id='word_1_315' title='bbox 1278 2288 1385 2343; x_wconf 77' lang='grc' dir='ltr'><strong>ὑπὸ</strong></span> <span class='ocrx_word' id='word_1_316' title='bbox 1428 2288 1657 2360; x_wconf 79' lang='grc' dir='ltr'><em>μηδενὸς</em></span> <span class='ocrx_word' id='word_1_317' title='bbox 1692 2285 1951 2353; x_wconf 75' lang='grc' dir='ltr'><em>ἀκούσας,</em></span> 
     </span>
    </p>
   </div>
   <div class='ocr_carea' id='block_1_43' title="bbox 367 2375 1957 2449">
    <p class='ocr_par' dir='ltr' id='par_1_43' title="bbox 367 2375 1957 2449">
     <span class='ocr_line' id='line_1_43' title="bbox 367 2375 1957 2449; baseline -0.001 -19"><span class='ocrx_word' id='word_1_318' title='bbox 367 2377 521 2448; x_wconf 76' lang='grc' dir='ltr'><em>ἔλεγε</em></span> <span class='ocrx_word' id='word_1_319' title='bbox 551 2379 664 2442; x_wconf 76' lang='grc' dir='ltr'><em>τοῖς</em></span> <span class='ocrx_word' id='word_1_320' title='bbox 696 2378 965 2449; x_wconf 80' lang='grc' dir='ltr'><strong>μαθηταῖς</strong></span> <span class='ocrx_word' id='word_1_321' title='bbox 995 2378 1161 2432; x_wconf 79' lang='grc' dir='ltr'><em>αὐτοῦ</em></span> <span class='ocrx_word' id='word_1_322' title='bbox 1181 2395 1195 2410; x_wconf 68' lang='grc'>⁸</span> <span class='ocrx_word' id='word_1_323' title='bbox 1236 2378 1499 2447; x_wconf 79' lang='grc' dir='ltr'><em>Λάζαρος</em></span> <span class='ocrx_word' id='word_1_324' title='bbox 1527 2381 1561 2434; x_wconf 86' lang='grc' dir='ltr'><strong>ό</strong></span> <span class='ocrx_word' id='word_1_325' title='bbox 1586 2378 1765 2446; x_wconf 70' lang='grc' dir='ltr'><em>φίλος</em></span> <span class='ocrx_word' id='word_1_326' title='bbox 1786 2375 1957 2446; x_wconf 74' lang='grc' dir='ltr'><strong>ἡμῶν</strong></span> 
     </span>
    </p>
   </div>
   <div class='ocr_carea' id='block_1_44' title="bbox 368 2468 1956 2540">
    <p class='ocr_par' dir='ltr' id='par_1_44' title="bbox 368 2468 1956 2540">
     <span class='ocr_line' id='line_1_44' title="bbox 368 2468 1956 2540; baseline -0.001 -18"><span class='ocrx_word' id='word_1_327' title='bbox 368 2468 737 2540; x_wconf 78' lang='grc' dir='ltr'><em>κεκοίμηται.</em></span> <span class='ocrx_word' id='word_1_328' title='bbox 776 2470 837 2524; x_wconf 86' lang='lat'><strong>&#39;0</strong></span> <span class='ocrx_word' id='word_1_329' title='bbox 871 2469 1051 2524; x_wconf 80' lang='grc' dir='ltr'><em>τοίνυν</em></span> <span class='ocrx_word' id='word_1_330' title='bbox 1077 2469 1186 2524; x_wconf 79' lang='grc' dir='ltr'><em>ἀπὸ</em></span> <span class='ocrx_word' id='word_1_331' title='bbox 1222 2469 1494 2524; x_wconf 84' lang='grc' dir='ltr'><em>τοσούτων</em></span> <span class='ocrx_word' id='word_1_332' title='bbox 1519 2469 1619 2540; x_wconf 82' lang='grc' dir='ltr'><em>τῆς</em></span> <span class='ocrx_word' id='word_1_333' title='bbox 1647 2468 1956 2539; x_wconf 80' lang='grc' dir='ltr'><em>ὁδοιπορίας</em></span> 
     </span>
    </p>
   </div>
   <div class='ocr_carea' id='block_1_45' title="bbox 365 2558 1954 2631">
    <p class='ocr_par' dir='ltr' id='par_1_45' title="bbox 365 2558 1954 2631">
     <span class='ocr_line' id='line_1_45' title="bbox 365 2558 1954 2631; baseline -0.001 -18"><span class='ocrx_word' id='word_1_334' title='bbox 365 2559 593 2624; x_wconf 82' lang='grc' dir='ltr'><em>διεστὼς</em></span> <span class='ocrx_word' id='word_1_335' title='bbox 655 2559 751 2615; x_wconf 80' lang='grc' dir='ltr'><strong>τοῦ</strong></span> <span class='ocrx_word' id='word_1_336' title='bbox 802 2561 1002 2627; x_wconf 80' lang='grc' dir='ltr'><em>τόπου,</em></span> <span class='ocrx_word' id='word_1_337' title='bbox 1057 2562 1220 2630; x_wconf 75' lang='grc' dir='ltr'><em>γνοὺς</em></span> <span class='ocrx_word' id='word_1_338' title='bbox 1273 2560 1355 2615; x_wconf 83' lang='grc' dir='ltr'><em>ὅτι</em></span> <span class='ocrx_word' id='word_1_339' title='bbox 1408 2560 1637 2631; x_wconf 77' lang='grc' dir='ltr'><em>τέθνηκε</em></span> <span class='ocrx_word' id='word_1_340' title='bbox 1685 2558 1954 2630; x_wconf 81' lang='grc' dir='ltr'><em>Λάζαρος,</em></span> 
     </span>
    </p>
   </div>
   <div class='ocr_carea' id='block_1_46' title="bbox 366 2650 1958 2725">
    <p class='ocr_par' dir='ltr' id='par_1_46' title="bbox 366 2650 1958 2725">
     <span class='ocr_line' id='line_1_46' title="bbox 366 2650 1958 2725; baseline -0.001 -21"><span class='ocrx_word' id='word_1_341' title='bbox 366 2651 560 2723; x_wconf 82' lang='grc' dir='ltr'><em>παρὼν</em></span> <span class='ocrx_word' id='word_1_342' title='bbox 582 2654 642 2707; x_wconf 77' lang='grc' dir='ltr'><em>ὲν</em></span> <span class='ocrx_word' id='word_1_343' title='bbox 664 2653 742 2725; x_wconf 83' lang='grc' dir='ltr'><em>τῷ</em></span> <span class='ocrx_word' id='word_1_344' title='bbox 762 2654 913 2725; x_wconf 85' lang='grc' dir='ltr'><em>τόπῳ</em></span> <span class='ocrx_word' id='word_1_345' title='bbox 938 2654 1153 2724; x_wconf 74' lang='grc' dir='ltr'><em>ἡγνὸει;</em></span> <span class='ocrx_word' id='word_1_346' title='bbox 1185 2651 1405 2708; x_wconf 74' lang='grc' dir='ltr'><em>οὔκουν.</em></span> <span class='ocrx_word' id='word_1_347' title='bbox 1448 2652 1585 2706; x_wconf 82' lang='grc' dir='ltr'><strong>Ἀλλ’</strong></span> <span class='ocrx_word' id='word_1_348' title='bbox 1608 2650 1766 2725; x_wconf 68' lang='grc' dir='ltr'><em>ἡθελε</em></span> <span class='ocrx_word' id='word_1_349' title='bbox 1791 2650 1958 2717; x_wconf 79' lang='grc' dir='ltr'><em>δεῖξαι</em></span> 
     </span>
    </p>
   </div>
   <div class='ocr_carea' id='block_1_47' title="bbox 363 2741 1959 2811">
    <p class='ocr_par' dir='ltr' id='par_1_47' title="bbox 363 2741 1959 2811">
     <span class='ocr_line' id='line_1_47' title="bbox 363 2741 1959 2811; baseline -0.001 -15"><span class='ocrx_word' id='word_1_350' title='bbox 363 2744 453 2796; x_wconf 79' lang='grc' dir='ltr'><em>ὅτι</em></span> <span class='ocrx_word' id='word_1_351' title='bbox 492 2743 665 2797; x_wconf 76' lang='grc' dir='ltr'><em>ταῦτα</em></span> <span class='ocrx_word' id='word_1_352' title='bbox 714 2744 892 2799; x_wconf 75' lang='grc' dir='ltr'><em>πάντα</em></span> <span class='ocrx_word' id='word_1_353' title='bbox 942 2745 1135 2811; x_wconf 82' lang='grc' dir='ltr'><em>ὲποίει,</em></span> <span class='ocrx_word' id='word_1_354' title='bbox 1185 2744 1281 2798; x_wconf 76' lang='grc' dir='ltr'><strong>καὶ</strong></span> <span class='ocrx_word' id='word_1_355' title='bbox 1320 2742 1483 2797; x_wconf 76' lang='grc' dir='ltr'><em>οὔπω</em></span> <span class='ocrx_word' id='word_1_356' title='bbox 1515 2742 1691 2806; x_wconf 62' lang='grc' dir='ltr'><em>οὐδεὶς</em></span> <span class='ocrx_word' id='word_1_357' title='bbox 1735 2741 1959 2804; x_wconf 82' lang='grc' dir='ltr'><em>τελείως</em></span> 
     </span>
    </p>
   </div>
   <div class='ocr_carea' id='block_1_48' title="bbox 364 2828 1961 2904">
    <p class='ocr_par' dir='ltr' id='par_1_48' title="bbox 364 2828 1961 2904">
     <span class='ocr_line' id='line_1_48' title="bbox 364 2828 1961 2904; baseline -0.005 -17"><span class='ocrx_word' id='word_1_358' title='bbox 364 2832 519 2903; x_wconf 77' lang='grc' dir='ltr'><em>αὐτῷ</em></span> <span class='ocrx_word' id='word_1_359' title='bbox 543 2834 830 2887; x_wconf 76' lang='grc' dir='ltr'><em>ἐπίστευεν</em></span> <span class='ocrx_word' id='word_1_360' title='bbox 848 2849 862 2864; x_wconf 81' lang='grc'><strong><em>⁸</em></strong></span> <span class='ocrx_word' id='word_1_361' title='bbox 892 2834 981 2888; x_wconf 76' lang='grc' dir='ltr'><em>ἵνα</em></span> <span class='ocrx_word' id='word_1_362' title='bbox 1009 2832 1308 2904; x_wconf 74' lang='grc' dir='ltr'><em>ἐνδείξηται</em></span> <span class='ocrx_word' id='word_1_363' title='bbox 1334 2832 1433 2903; x_wconf 79' lang='grc' dir='ltr'><em>τῆς</em></span> <span class='ocrx_word' id='word_1_364' title='bbox 1454 2829 1619 2883; x_wconf 81' lang='grc' dir='ltr'><em>αὑτοῦ</em></span> <span class='ocrx_word' id='word_1_365' title='bbox 1653 2828 1788 2899; x_wconf 78' lang='grc' dir='ltr'><em>πρὸς</em></span> <span class='ocrx_word' id='word_1_366' title='bbox 1812 2828 1961 2899; x_wconf 80' lang='grc' dir='ltr'><strong>ἡμᾶς</strong></span> 
     </span>
    </p>
   </div>
   <div class='ocr_carea' id='block_1_49' title="bbox 365 2918 1961 2994">
    <p class='ocr_par' dir='ltr' id='par_1_49' title="bbox 365 2918 1961 2994">
     <span class='ocr_line' id='line_1_49' title="bbox 365 2918 1961 2994; baseline -0.003 -20"><span class='ocrx_word' id='word_1_367' title='bbox 365 2921 588 2992; x_wconf 56' lang='lat' dir='ltr'><strong>gavdet&quot;);</strong></span> <span class='ocrx_word' id='word_1_368' title='bbox 613 2922 714 2993; x_wconf 74' lang='grc' dir='ltr'><em>τὴν</em></span> <span class='ocrx_word' id='word_1_369' title='bbox 746 2922 947 2994; x_wconf 79' lang='grc' dir='ltr'><em>πολλὴν</em></span> <span class='ocrx_word' id='word_1_370' title='bbox 968 2921 1401 2994; x_wconf 85' lang='grc' dir='ltr'><em>φιλανθρωπίαν.</em></span> <span class='ocrx_word' id='word_1_371' title='bbox 1433 2920 1582 2974; x_wconf 84' lang='grc' dir='ltr'><em>Ἔδει</em></span> <span class='ocrx_word' id='word_1_372' title='bbox 1609 2918 1719 2991; x_wconf 87' lang='grc' dir='ltr'><strong>γάρ</strong></span> <span class='ocrx_word' id='word_1_373' title='bbox 1749 2918 1961 2980; x_wconf 79' lang='grc' dir='ltr'><em>ὲκείνας</em></span> 
     </span>
    </p>
   </div>
   <div class='ocr_carea' id='block_1_50' title="bbox 366 3008 1961 3086">
    <p class='ocr_par' dir='ltr' id='par_1_50' title="bbox 366 3008 1961 3086">
     <span class='ocr_line' id='line_1_50' title="bbox 366 3008 1961 3086; baseline -0.004 -19"><span class='ocrx_word' id='word_1_374' title='bbox 366 3015 453 3086; x_wconf 72' lang='grc' dir='ltr'><strong>μὴ</strong></span> <span class='ocrx_word' id='word_1_375' title='bbox 482 3015 689 3067; x_wconf 75' lang='grc' dir='ltr'><em>εἰπεῖν’</em></span> <span class='ocrx_word' id='word_1_376' title='bbox 728 3013 1074 3083; x_wconf 81' lang='grc' dir='ltr'><em>Τεταρταῖός</em></span> <span class='ocrx_word' id='word_1_377' title='bbox 1106 3014 1305 3078; x_wconf 79' lang='grc' dir='ltr'><em>ἐστιν,</em></span> <span class='ocrx_word' id='word_1_378' title='bbox 1350 3010 1466 3081; x_wconf 73' lang='grc' dir='ltr'><strong>ἤδη</strong></span> <span class='ocrx_word' id='word_1_379' title='bbox 1511 3008 1654 3075; x_wconf 63' lang='grc' dir='ltr'><em>ὄζει,</em></span> <span class='ocrx_word' id='word_1_380' title='bbox 1684 3009 1818 3081; x_wconf 81' lang='grc' dir='ltr'><strong>μηδὲ</strong></span> <span class='ocrx_word' id='word_1_381' title='bbox 1853 3010 1961 3063; x_wconf 90' lang='grc' dir='ltr'><em>ἀπ-</em></span> 
     </span>
    </p>
   </div>
   <div class='ocr_carea' id='block_1_51' title="bbox 367 3078 2032 3171">
    <p class='ocr_par' dir='ltr' id='par_1_51' title="bbox 367 3078 2032 3171">
     <span class='ocr_line' id='line_1_51' title="bbox 367 3078 2032 3171; baseline -0.004 -12"><span class='ocrx_word' id='word_1_382' title='bbox 367 3078 574 3171; x_wconf 64' lang='grc' dir='ltr'><em>ελθεῖν,</em></span> <span class='ocrx_word' id='word_1_383' title='bbox 609 3108 703 3160; x_wconf 76' lang='grc' dir='ltr'><strong>καὶ</strong></span> <span class='ocrx_word' id='word_1_384' title='bbox 724 3078 891 3171; x_wconf 77' lang='grc' dir='ltr'><em>δεῖξαι</em></span> <span class='ocrx_word' id='word_1_385' title='bbox 914 3122 927 3132; x_wconf 92' lang='grc'><strong>·</strong></span> <span class='ocrx_word' id='word_1_386' title='bbox 961 3078 1075 3158; x_wconf 76' lang='grc' dir='ltr'><em>ἀλλ’</em></span> <span class='ocrx_word' id='word_1_387' title='bbox 1102 3106 1276 3158; x_wconf 74' lang='grc' dir='ltr'><em>εἰπεῖν</em></span> <span class='ocrx_word' id='word_1_388' title='bbox 1296 3120 1310 3135; x_wconf 76' lang='grc' dir='ltr'><strong><em>ο</em></strong></span> <span class='ocrx_word' id='word_1_389' title='bbox 1342 3078 1525 3158; x_wconf 80' lang='grc' dir='ltr'><em>ΙῘάντα</em></span> <span class='ocrx_word' id='word_1_390' title='bbox 1559 3078 1726 3165; x_wconf 81' lang='grc' dir='ltr'><em>οἶδας,</em></span> <span class='ocrx_word' id='word_1_391' title='bbox 1748 3078 1846 3154; x_wconf 56' lang='grc' dir='ltr'><em>οιαὶ</em></span> <span class='ocrx_word' id='word_1_392' title='bbox 1867 3099 1961 3153; x_wconf 73' lang='grc' dir='ltr'><strong>ἐὰν</strong></span> <span class='ocrx_word' id='word_1_393' title='bbox 1987 3078 2032 3138; x_wconf 78' lang='lat' dir='ltr'><strong><em>C</em></strong></span> 
     </span>
    </p>
   </div>
   <div class='ocr_carea' id='block_1_52' title="bbox 373 3188 1961 3267">
    <p class='ocr_par' dir='ltr' id='par_1_52' title="bbox 373 3188 1961 3267">
     <span class='ocr_line' id='line_1_52' title="bbox 373 3188 1961 3267; baseline -0.004 -18"><span class='ocrx_word' id='word_1_394' title='bbox 373 3195 563 3267; x_wconf 72' lang='grc' dir='ltr'><em>θέλῃς,</em></span> <span class='ocrx_word' id='word_1_395' title='bbox 601 3194 846 3267; x_wconf 80' lang='grc' dir='ltr'><em>ζήσεται.</em></span> <span class='ocrx_word' id='word_1_396' title='bbox 903 3194 1103 3267; x_wconf 85' lang='grc' dir='ltr'><em>Διόπερ</em></span> <span class='ocrx_word' id='word_1_397' title='bbox 1150 3194 1244 3248; x_wconf 80' lang='grc' dir='ltr'><strong>καὶ</strong></span> <span class='ocrx_word' id='word_1_398' title='bbox 1289 3192 1588 3265; x_wconf 77' lang='grc' dir='ltr'><em>ἐδάκρυσεν</em></span> <span class='ocrx_word' id='word_1_399' title='bbox 1626 3192 1719 3244; x_wconf 69' lang='grc' dir='ltr'><strong>ἐπὶ</strong></span> <span class='ocrx_word' id='word_1_400' title='bbox 1756 3192 1821 3261; x_wconf 77' lang='grc' dir='ltr'><em>τῇ</em></span> <span class='ocrx_word' id='word_1_401' title='bbox 1855 3188 1961 3243; x_wconf 87' lang='grc' dir='ltr'><em>τῶν</em></span> 
     </span>
    </p>
   </div>
   <div class='ocr_carea' id='block_1_53' title="bbox 374 3281 1961 3359">
    <p class='ocr_par' dir='ltr' id='par_1_53' title="bbox 374 3281 1961 3359">
     <span class='ocr_line' id='line_1_53' title="bbox 374 3281 1961 3359; baseline -0.005 -19"><span class='ocrx_word' id='word_1_402' title='bbox 374 3285 681 3359; x_wconf 71' lang='grc' dir='ltr'><em>ἀνθρώπων</em></span> <span class='ocrx_word' id='word_1_403' title='bbox 709 3284 987 3359; x_wconf 82' lang='grc' dir='ltr'><em>πωρώσει.</em></span> <span class='ocrx_word' id='word_1_404' title='bbox 1021 3286 1133 3341; x_wconf 84' lang='grc' dir='ltr'><strong>Ούκ</strong></span> <span class='ocrx_word' id='word_1_405' title='bbox 1155 3283 1363 3354; x_wconf 86' lang='grc' dir='ltr'><em>ἀγνοῶν</em></span> <span class='ocrx_word' id='word_1_406' title='bbox 1395 3284 1575 3338; x_wconf 87' lang='grc' dir='ltr'><em>τοίνυν</em></span> <span class='ocrx_word' id='word_1_407' title='bbox 1602 3281 1789 3357; x_wconf 72' lang='grc' dir='ltr'><em>ἠρώτα</em></span> <span class='ocrx_word' id='word_1_408' title='bbox 1808 3299 1822 3314; x_wconf 77' lang='grc'><strong><em>⁸</em></strong></span> <span class='ocrx_word' id='word_1_409' title='bbox 1848 3281 1961 3335; x_wconf 84' lang='grc' dir='ltr'><em>ἀλλ’</em></span> 
     </span>
    </p>
   </div>
   <div class='ocr_carea' id='block_1_54' title="bbox 374 3373 1965 3448">
    <p class='ocr_par' dir='ltr' id='par_1_54' title="bbox 374 3373 1965 3448">
     <span class='ocr_line' id='line_1_54' title="bbox 374 3373 1965 3448; baseline -0.002 -20"><span class='ocrx_word' id='word_1_410' title='bbox 374 3376 589 3446; x_wconf 75' lang='grc' dir='ltr'><strong>ἐλέγχει</strong></span> <span class='ocrx_word' id='word_1_411' title='bbox 638 3376 951 3448; x_wconf 73' lang='grc' dir='ltr'><em>πειράζων,</em></span> <span class='ocrx_word' id='word_1_412' title='bbox 987 3375 1079 3429; x_wconf 74' lang='grc' dir='ltr'><strong>καὶ</strong></span> <span class='ocrx_word' id='word_1_413' title='bbox 1116 3373 1640 3446; x_wconf 85' lang='grc' dir='ltr'><em>φιλανθρωπεύεται.</em></span> <span class='ocrx_word' id='word_1_414' title='bbox 1691 3374 1821 3437; x_wconf 76' lang='grc' dir='ltr'><em>Καὶ,</em></span> <span class='ocrx_word' id='word_1_415' title='bbox 1868 3373 1965 3439; x_wconf 86' lang='grc' dir='ltr'><strong>Τίς</strong></span> 
     </span>
    </p>
   </div>
   <div class='ocr_carea' id='block_1_55' title="bbox 367 3462 1961 3537">
    <p class='ocr_par' dir='ltr' id='par_1_55' title="bbox 367 3462 1961 3537">
     <span class='ocr_line' id='line_1_55' title="bbox 367 3462 1961 3537; baseline -0.002 -17"><span class='ocrx_word' id='word_1_416' title='bbox 367 3486 494 3537; x_wconf 77' lang='grc' dir='ltr'><em>μου</em></span> <span class='ocrx_word' id='word_1_417' title='bbox 517 3467 754 3535; x_wconf 62' lang='lat' dir='ltr'><strong>ﬁgi-ato;</strong></span> <span class='ocrx_word' id='word_1_418' title='bbox 781 3465 934 3537; x_wconf 68' lang='grc' dir='ltr'><em>φησι,</em></span> <span class='ocrx_word' id='word_1_419' title='bbox 971 3466 1069 3537; x_wconf 76' lang='grc' dir='ltr'><strong>οὐχ</strong></span> <span class='ocrx_word' id='word_1_420' title='bbox 1089 3466 1170 3521; x_wconf 85' lang='grc' dir='ltr'><em>ὃτι</em></span> <span class='ocrx_word' id='word_1_421' title='bbox 1196 3465 1295 3519; x_wconf 70' lang='grc' dir='ltr'><strong>οὐκ</strong></span> <span class='ocrx_word' id='word_1_422' title='bbox 1319 3463 1437 3536; x_wconf 68' lang='grc' dir='ltr'><em>ᾔδει</em></span> <span class='ocrx_word' id='word_1_423' title='bbox 1462 3464 1544 3528; x_wconf 87' lang='grc' dir='ltr'><strong>τίς</strong></span> <span class='ocrx_word' id='word_1_424' title='bbox 1567 3462 1731 3517; x_wconf 81' lang='grc' dir='ltr'><em>αὑτοῦ</em></span> <span class='ocrx_word' id='word_1_425' title='bbox 1760 3463 1961 3535; x_wconf 70' lang='grc' dir='ltr'><em>ἥψατοο</em></span> 
     </span>
    </p>
   </div>
   <div class='ocr_carea' id='block_1_56' title="bbox 376 3554 1962 3632">
    <p class='ocr_par' dir='ltr' id='par_1_56' title="bbox 376 3554 1962 3632">
     <span class='ocr_line' id='line_1_56' title="bbox 376 3554 1962 3632; baseline -0.001 -21"><span class='ocrx_word' id='word_1_426' title='bbox 376 3559 495 3611; x_wconf 61' lang='grc' dir='ltr'><em>ἀλλ’</em></span> <span class='ocrx_word' id='word_1_427' title='bbox 544 3559 631 3612; x_wconf 79' lang='grc' dir='ltr'><em>ἵνα</em></span> <span class='ocrx_word' id='word_1_428' title='bbox 676 3558 754 3630; x_wconf 76' lang='grc' dir='ltr'><strong>μὴ</strong></span> <span class='ocrx_word' id='word_1_429' title='bbox 796 3561 925 3632; x_wconf 75' lang='grc' dir='ltr'><em>εῐπῃ</em></span> <span class='ocrx_word' id='word_1_430' title='bbox 968 3557 1035 3612; x_wconf 84' lang='grc' dir='ltr'><em>δι’</em></span> <span class='ocrx_word' id='word_1_431' title='bbox 1080 3556 1275 3610; x_wconf 78' lang='grc' dir='ltr'><em>ἑαυτοῦ</em></span> <span class='ocrx_word' id='word_1_432' title='bbox 1311 3555 1372 3609; x_wconf 82' lang='grc' dir='ltr'><em>τὸ</em></span> <span class='ocrx_word' id='word_1_433' title='bbox 1417 3556 1707 3627; x_wconf 80' lang='grc' dir='ltr'><em>γενόμενον</em></span> <span class='ocrx_word' id='word_1_434' title='bbox 1747 3554 1962 3627; x_wconf 80' lang='grc' dir='ltr'><em>θαῦμα·</em></span> 
     </span>
    </p>
   </div>
   <div class='ocr_carea' id='block_1_57' title="bbox 376 3645 1965 3721">
    <p class='ocr_par' dir='ltr' id='par_1_57' title="bbox 376 3645 1965 3721">
     <span class='ocr_line' id='line_1_57' title="bbox 376 3645 1965 3721; baseline -0.003 -18"><span class='ocrx_word' id='word_1_435' title='bbox 376 3650 493 3703; x_wconf 74' lang='grc' dir='ltr'><em>ἀλλ’</em></span> <span class='ocrx_word' id='word_1_436' title='bbox 536 3650 686 3714; x_wconf 74' lang='grc' dir='ltr'><em>ὅπως</em></span> <span class='ocrx_word' id='word_1_437' title='bbox 730 3648 911 3721; x_wconf 75' lang='grc' dir='ltr'><em>ἐκείνη</em></span> <span class='ocrx_word' id='word_1_438' title='bbox 956 3647 1238 3703; x_wconf 83' lang='grc' dir='ltr'><em>ἀκούσασα</em></span> <span class='ocrx_word' id='word_1_439' title='bbox 1276 3645 1649 3719; x_wconf 71' lang='grc' dir='ltr'><em>προσελθοῦσα</em></span> <span class='ocrx_word' id='word_1_440' title='bbox 1687 3646 1831 3699; x_wconf 83' lang='grc' dir='ltr'><em>είποι</em></span> <span class='ocrx_word' id='word_1_441' title='bbox 1865 3645 1965 3717; x_wconf 76' lang='grc' dir='ltr'><em>τὴν</em></span> 
     </span>
    </p>
   </div>
   <div class='ocr_carea' id='block_1_58' title="bbox 377 3735 1964 3813">
    <p class='ocr_par' dir='ltr' id='par_1_58' title="bbox 377 3735 1964 3813">
     <span class='ocr_line' id='line_1_58' title="bbox 377 3735 1964 3813; baseline -0.004 -19"><span class='ocrx_word' id='word_1_442' title='bbox 377 3745 460 3803; x_wconf 80' lang='grc' dir='ltr'><em>εἰς</em></span> <span class='ocrx_word' id='word_1_443' title='bbox 488 3742 657 3813; x_wconf 79' lang='grc' dir='ltr'><em>αὐτὴν</em></span> <span class='ocrx_word' id='word_1_444' title='bbox 678 3740 976 3813; x_wconf 80' lang='grc' dir='ltr'><em>γενομένην</em></span> <span class='ocrx_word' id='word_1_445' title='bbox 1000 3740 1181 3811; x_wconf 79' lang='grc' dir='ltr'><em>χάριν,</em></span> <span class='ocrx_word' id='word_1_446' title='bbox 1206 3738 1300 3793; x_wconf 73' lang='grc' dir='ltr'><strong>καὶ</strong></span> <span class='ocrx_word' id='word_1_447' title='bbox 1326 3736 1711 3809; x_wconf 83' lang='grc' dir='ltr'><em>όμολογήσασα</em></span> <span class='ocrx_word' id='word_1_448' title='bbox 1735 3735 1964 3810; x_wconf 80' lang='grc' dir='ltr'><em>ἀκούσῃ,</em></span> 
     </span>
    </p>
   </div>
   <div class='ocr_carea' id='block_1_59' title="bbox 386 3828 1969 3901">
    <p class='ocr_par' dir='ltr' id='par_1_59' title="bbox 386 3828 1969 3901">
     <span class='ocr_line' id='line_1_59' title="bbox 386 3828 1969 3901; baseline -0.007 -11"><span class='ocrx_word' id='word_1_449' title='bbox 386 3836 450 3890; x_wconf 80' lang='grc' dir='ltr'><strong>Ἠ</strong></span> <span class='ocrx_word' id='word_1_450' title='bbox 484 3834 688 3899; x_wconf 75' lang='grc' dir='ltr'><em>πίστις</em></span> <span class='ocrx_word' id='word_1_451' title='bbox 721 3848 840 3886; x_wconf 88' lang='grc' dir='ltr'><em>σου</em></span> <span class='ocrx_word' id='word_1_452' title='bbox 873 3830 1109 3886; x_wconf 85' lang='grc' dir='ltr'><em>σέσωκέ</em></span> <span class='ocrx_word' id='word_1_453' title='bbox 1141 3847 1247 3895; x_wconf 88' lang='grc' dir='ltr'><strong>σε,</strong></span> <span class='ocrx_word' id='word_1_454' title='bbox 1288 3832 1436 3895; x_wconf 83' lang='grc' dir='ltr'><em>ὅπως</em></span> <span class='ocrx_word' id='word_1_455' title='bbox 1468 3828 1845 3901; x_wconf 71' lang='grc' dir='ltr'><em>προτρέψηται</em></span> <span class='ocrx_word' id='word_1_456' title='bbox 1876 3828 1969 3880; x_wconf 72' lang='grc' dir='ltr'><strong>καὶ</strong></span> 
     </span>
    </p>
   </div>
   <div class='ocr_carea' id='block_1_60' title="bbox 382 3918 1970 4002">
    <p class='ocr_par' dir='ltr' id='par_1_60' title="bbox 382 3918 1970 4002">
     <span class='ocr_line' id='line_1_60' title="bbox 382 3918 1970 4002; baseline -0.005 -22"><span class='ocrx_word' id='word_1_457' title='bbox 382 3926 573 3988; x_wconf 73' lang='grc' dir='ltr'><em>ἄλλους</em></span> <span class='ocrx_word' id='word_1_458' title='bbox 609 3923 905 3989; x_wconf 80' lang='grc' dir='ltr'><em>πιστεύειν,</em></span> <span class='ocrx_word' id='word_1_459' title='bbox 936 3924 1022 3978; x_wconf 82' lang='grc' dir='ltr'><em>ἴνα</em></span> <span class='ocrx_word' id='word_1_460' title='bbox 1059 3923 1268 3977; x_wconf 83' lang='grc' dir='ltr'><em>ίαθῶσι.</em></span> <span class='ocrx_word' id='word_1_461' title='bbox 1304 3923 1442 3977; x_wconf 78' lang='grc' dir='ltr'><em>Τίνα</em></span> <span class='ocrx_word' id='word_1_462' title='bbox 1461 3938 1556 3990; x_wconf 84' lang='grc' dir='ltr'><em>με,</em></span> <span class='ocrx_word' id='word_1_463' title='bbox 1578 3918 1970 4002; x_wconf 43' lang='grc' dir='ltr'><em>φησὶκλέγιου-</em></span> 
     </span>
    </p>
   </div>
   <div class='ocr_carea' id='block_1_61' title="bbox 381 4010 1967 4082">
    <p class='ocr_par' dir='ltr' id='par_1_61' title="bbox 381 4010 1967 4082">
     <span class='ocr_line' id='line_1_61' title="bbox 381 4010 1967 4082; baseline -0.007 -11"><span class='ocrx_word' id='word_1_464' title='bbox 381 4031 491 4071; x_wconf 76' lang='grc' dir='ltr'><strong>σιν</strong></span> <span class='ocrx_word' id='word_1_465' title='bbox 515 4014 665 4071; x_wconf 78' lang='grc' dir='ltr'><em>εἶναι</em></span> <span class='ocrx_word' id='word_1_466' title='bbox 702 4017 810 4069; x_wconf 78' lang='grc' dir='ltr'><em>τὸν</em></span> <span class='ocrx_word' id='word_1_467' title='bbox 846 4015 985 4069; x_wconf 81' lang='grc' dir='ltr'><em>Υίόν</em></span> <span class='ocrx_word' id='word_1_468' title='bbox 1016 4014 1125 4068; x_wconf 84' lang='grc' dir='ltr'><strong>τοῦ</strong></span> <span class='ocrx_word' id='word_1_469' title='bbox 1154 4012 1506 4082; x_wconf 80' lang='grc' dir='ltr'><em>ἀνθρώπου;</em></span> <span class='ocrx_word' id='word_1_470' title='bbox 1550 4011 1625 4075; x_wconf 88' lang='grc' dir='ltr'><strong>ώς</strong></span> <span class='ocrx_word' id='word_1_471' title='bbox 1676 4010 1771 4063; x_wconf 76' lang='grc' dir='ltr'><strong>καὶ</strong></span> <span class='ocrx_word' id='word_1_472' title='bbox 1807 4010 1864 4061; x_wconf 86' lang='grc' dir='ltr'><em>ὲν</em></span> <span class='ocrx_word' id='word_1_473' title='bbox 1898 4011 1967 4079; x_wconf 76' lang='grc' dir='ltr'><em>τῇ</em></span> 
     </span>
    </p>
   </div>
   <div class='ocr_carea' id='block_1_62' title="bbox 2055 2110 3634 2181">
    <p class='ocr_par' dir='ltr' id='par_1_62' title="bbox 2055 2110 3634 2181">
     <span class='ocr_line' id='line_1_62' title="bbox 2055 2110 3634 2181; baseline 0.001 -16"><span class='ocrx_word' id='word_1_474' title='bbox 2055 2110 2365 2177; x_wconf 89' lang='lat' dir='ltr'><strong>videantur,</strong></span> <span class='ocrx_word' id='word_1_475' title='bbox 2402 2120 2456 2165; x_wconf 93' lang='lat' dir='ltr'><strong>et</strong></span> <span class='ocrx_word' id='word_1_476' title='bbox 2489 2110 2555 2163; x_wconf 89' lang='lat' dir='ltr'><strong>ad</strong></span> <span class='ocrx_word' id='word_1_477' title='bbox 2586 2113 2982 2181; x_wconf 76' lang='lat' dir='ltr'><strong>ignorationem</strong></span> <span class='ocrx_word' id='word_1_478' title='bbox 3014 2113 3294 2176; x_wconf 87' lang='lat' dir='ltr'><strong>accedere,</strong></span> <span class='ocrx_word' id='word_1_479' title='bbox 3337 2127 3462 2167; x_wconf 91' lang='lat' dir='ltr'><strong>cum</strong></span> <span class='ocrx_word' id='word_1_480' title='bbox 3498 2113 3634 2167; x_wconf 82' lang='lat' dir='ltr'><strong>alio-</strong></span> 
     </span>
    </p>
   </div>
   <div class='ocr_carea' id='block_1_63' title="bbox 2053 2199 3631 2272">
    <p class='ocr_par' dir='ltr' id='par_1_63' title="bbox 2053 2199 3631 2272">
     <span class='ocr_line' id='line_1_63' title="bbox 2053 2199 3631 2272; baseline 0.002 -18"><span class='ocrx_word' id='word_1_481' title='bbox 2053 2200 2145 2272; x_wconf 88' lang='lat' dir='ltr'><strong>qui</strong></span> <span class='ocrx_word' id='word_1_482' title='bbox 2181 2201 2387 2255; x_wconf 88' lang='lat' dir='ltr'><strong>nullam</strong></span> <span class='ocrx_word' id='word_1_483' title='bbox 2419 2201 2474 2255; x_wconf 91' lang='lat' dir='ltr'><strong>in</strong></span> <span class='ocrx_word' id='word_1_484' title='bbox 2506 2199 2619 2256; x_wconf 87' lang='lat' dir='ltr'><strong>Deo</strong></span> <span class='ocrx_word' id='word_1_485' title='bbox 2649 2201 3014 2271; x_wconf 83' lang='lat' dir='ltr'><strong>ignorantiam</strong></span> <span class='ocrx_word' id='word_1_486' title='bbox 3045 2211 3310 2272; x_wconf 86' lang='lat' dir='ltr'><strong>arguant;</strong></span> <span class='ocrx_word' id='word_1_487' title='bbox 3359 2202 3475 2257; x_wconf 61' lang='lat' dir='ltr'><strong>hate</strong></span> <span class='ocrx_word' id='word_1_488' title='bbox 3506 2217 3631 2257; x_wconf 79' lang='lat' dir='ltr'><strong>om-</strong></span> 
     </span>
    </p>
   </div>
   <div class='ocr_carea' id='block_1_64' title="bbox 2055 2291 3633 2364">
    <p class='ocr_par' dir='ltr' id='par_1_64' title="bbox 2055 2291 3633 2364">
     <span class='ocr_line' id='line_1_64' title="bbox 2055 2291 3633 2364; baseline 0.001 -19"><span class='ocrx_word' id='word_1_489' title='bbox 2055 2292 2148 2345; x_wconf 89' lang='lat' dir='ltr'><strong>nia</strong></span> <span class='ocrx_word' id='word_1_490' title='bbox 2201 2291 2450 2346; x_wconf 88' lang='lat' dir='ltr'><strong>divinum</strong></span> <span class='ocrx_word' id='word_1_491' title='bbox 2496 2292 2553 2347; x_wconf 89' lang='lat' dir='ltr'><strong>in</strong></span> <span class='ocrx_word' id='word_1_492' title='bbox 2597 2308 2721 2349; x_wconf 86' lang='lat' dir='ltr'><strong>sese</strong></span> <span class='ocrx_word' id='word_1_493' title='bbox 2777 2292 3021 2349; x_wconf 78' lang='lat' dir='ltr'><strong>Verbum</strong></span> <span class='ocrx_word' id='word_1_494' title='bbox 3078 2292 3344 2363; x_wconf 87' lang='lat' dir='ltr'><strong>implevit,</strong></span> <span class='ocrx_word' id='word_1_495' title='bbox 3381 2302 3440 2347; x_wconf 92' lang='lat' dir='ltr'><strong>ut</strong></span> <span class='ocrx_word' id='word_1_496' title='bbox 3485 2292 3633 2364; x_wconf 88' lang='lat' dir='ltr'><strong>quod</strong></span> 
     </span>
    </p>
   </div>
   <div class='ocr_carea' id='block_1_65' title="bbox 2055 2382 3634 2456">
    <p class='ocr_par' dir='ltr' id='par_1_65' title="bbox 2055 2382 3634 2456">
     <span class='ocr_line' id='line_1_65' title="bbox 2055 2382 3634 2456; baseline -0.001 -17"><span class='ocrx_word' id='word_1_497' title='bbox 2055 2384 2320 2453; x_wconf 89' lang='lat' dir='ltr'><strong>scriptum</strong></span> <span class='ocrx_word' id='word_1_498' title='bbox 2350 2390 2457 2447; x_wconf 88' lang='lat' dir='ltr'><strong>est,</strong></span> <span class='ocrx_word' id='word_1_499' title='bbox 2504 2399 2565 2440; x_wconf 89' lang='lat' dir='ltr'><strong>re</strong></span> <span class='ocrx_word' id='word_1_500' title='bbox 2598 2385 2714 2455; x_wconf 90' lang='lat' dir='ltr'><strong>ipsa</strong></span> <span class='ocrx_word' id='word_1_501' title='bbox 2762 2390 3088 2456; x_wconf 68' lang='lat' dir='ltr'><strong>praestaret:</strong></span> <span class='ocrx_word' id='word_1_502' title='bbox 3124 2382 3289 2437; x_wconf 81' lang='lat' dir='ltr'><strong>Pater</strong></span> <span class='ocrx_word' id='word_1_503' title='bbox 3330 2399 3473 2438; x_wconf 85' lang='lat' dir='ltr'><strong>meus</strong></span> <span class='ocrx_word' id='word_1_504' title='bbox 3504 2383 3634 2437; x_wconf 81' lang='lat' dir='ltr'><strong>huc-</strong></span> 
     </span>
    </p>
   </div>
   <div class='ocr_carea' id='block_1_66' title="bbox 2054 2465 3634 2537">
    <p class='ocr_par' dir='ltr' id='par_1_66' title="bbox 2054 2465 3634 2537">
     <span class='ocr_line' id='line_1_66' title="bbox 2054 2465 3634 2537; baseline 0 -18"><span class='ocrx_word' id='word_1_505' title='bbox 2054 2481 2216 2536; x_wconf 82' lang='lat' dir='ltr'><strong>usque</strong></span> <span class='ocrx_word' id='word_1_506' title='bbox 2267 2476 2533 2535; x_wconf 84' lang='lat' dir='ltr'><strong>operatur,</strong></span> <span class='ocrx_word' id='word_1_507' title='bbox 2581 2476 2629 2521; x_wconf 86' lang='lat' dir='ltr'><strong>et</strong></span> <span class='ocrx_word' id='word_1_508' title='bbox 2664 2484 2758 2537; x_wconf 84' lang='lat' dir='ltr'><strong>ego</strong></span> <span class='ocrx_word' id='word_1_509' title='bbox 2786 2483 2970 2537; x_wconf 86' lang='lat' dir='ltr'><strong>operor</strong></span> <span class='ocrx_word' id='word_1_510' title='bbox 2995 2469 3040 2526; x_wconf 83' lang='grc'><em>⁹.</em></span> <span class='ocrx_word' id='word_1_511' title='bbox 3072 2498 3141 2508; x_wconf 89' lang='lat'><strong>-—-</strong></span> <span class='ocrx_word' id='word_1_512' title='bbox 3184 2465 3411 2521; x_wconf 82' lang='lat' dir='ltr'><strong>Ubinam</strong></span> <span class='ocrx_word' id='word_1_513' title='bbox 3458 2465 3634 2520; x_wconf 77' lang='lat' dir='ltr'><strong>Laza-</strong></span> 
     </span>
    </p>
   </div>
   <div class='ocr_carea' id='block_1_67' title="bbox 2057 2556 3637 2630">
    <p class='ocr_par' dir='ltr' id='par_1_67' title="bbox 2057 2556 3637 2630">
     <span class='ocr_line' id='line_1_67' title="bbox 2057 2556 3637 2630; baseline 0.001 -19"><span class='ocrx_word' id='word_1_514' title='bbox 2057 2573 2174 2611; x_wconf 86' lang='lat' dir='ltr'><strong>rum</strong></span> <span class='ocrx_word' id='word_1_515' title='bbox 2208 2556 2521 2626; x_wconf 81' lang='lat' dir='ltr'><strong>deposuistis</strong></span> <span class='ocrx_word' id='word_1_516' title='bbox 2543 2558 2624 2613; x_wconf 69' lang='lat'><strong>‘°?</strong></span> <span class='ocrx_word' id='word_1_517' title='bbox 2650 2559 2895 2630; x_wconf 83' lang='lat' dir='ltr'><strong>rogabat,</strong></span> <span class='ocrx_word' id='word_1_518' title='bbox 2948 2574 3071 2614; x_wconf 90' lang='lat' dir='ltr'><strong>cum</strong></span> <span class='ocrx_word' id='word_1_519' title='bbox 3108 2559 3331 2629; x_wconf 89' lang='lat' dir='ltr'><strong>propius</strong></span> <span class='ocrx_word' id='word_1_520' title='bbox 3361 2558 3428 2612; x_wconf 88' lang='lat' dir='ltr'><strong>ad</strong></span> <span class='ocrx_word' id='word_1_521' title='bbox 3454 2559 3637 2614; x_wconf 87' lang='lat' dir='ltr'><strong>locum</strong></span> 
     </span>
    </p>
   </div>
   <div class='ocr_carea' id='block_1_68' title="bbox 2057 2648 3638 2721">
    <p class='ocr_par' dir='ltr' id='par_1_68' title="bbox 2057 2648 3638 2721">
     <span class='ocr_line' id='line_1_68' title="bbox 2057 2648 3638 2721; baseline 0.001 -19"><span class='ocrx_word' id='word_1_522' title='bbox 2057 2648 2357 2704; x_wconf 87' lang='lat' dir='ltr'><strong>accederet.</strong></span> <span class='ocrx_word' id='word_1_523' title='bbox 2393 2649 2557 2718; x_wconf 85' lang='lat' dir='ltr'><strong>Atqui</strong></span> <span class='ocrx_word' id='word_1_524' title='bbox 2584 2649 2909 2721; x_wconf 80' lang='lat' dir='ltr'><strong>priusquam</strong></span> <span class='ocrx_word' id='word_1_525' title='bbox 2931 2665 3001 2705; x_wconf 91' lang='lat' dir='ltr'><strong>eo</strong></span> <span class='ocrx_word' id='word_1_526' title='bbox 3027 2650 3289 2713; x_wconf 83' lang='lat' dir='ltr'><strong>venisset,</strong></span> <span class='ocrx_word' id='word_1_527' title='bbox 3322 2657 3416 2702; x_wconf 90' lang='lat' dir='ltr'><strong>aut</strong></span> <span class='ocrx_word' id='word_1_528' title='bbox 3444 2663 3474 2701; x_wconf 92' lang='lat' dir='ltr'><strong>a</strong></span> <span class='ocrx_word' id='word_1_529' title='bbox 3502 2663 3638 2719; x_wconf 84' lang='lat' dir='ltr'><strong>quo-</strong></span> 
     </span>
    </p>
   </div>
   <div class='ocr_carea' id='block_1_69' title="bbox 2058 2734 3636 2807">
    <p class='ocr_par' dir='ltr' id='par_1_69' title="bbox 2058 2734 3636 2807">
     <span class='ocr_line' id='line_1_69' title="bbox 2058 2734 3636 2807; baseline -0.001 -17"><span class='ocrx_word' id='word_1_530' title='bbox 2058 2752 2220 2806; x_wconf 90' lang='lat' dir='ltr'><strong>quam</strong></span> <span class='ocrx_word' id='word_1_531' title='bbox 2269 2737 2601 2802; x_wconf 86' lang='lat' dir='ltr'><strong>inaudisset,</strong></span> <span class='ocrx_word' id='word_1_532' title='bbox 2633 2737 2921 2807; x_wconf 86' lang='lat' dir='ltr'><strong>discipulis</strong></span> <span class='ocrx_word' id='word_1_533' title='bbox 2956 2738 3074 2792; x_wconf 86' lang='lat' dir='ltr'><strong>suis</strong></span> <span class='ocrx_word' id='word_1_534' title='bbox 3107 2738 3322 2792; x_wconf 78' lang='lat' dir='ltr'><strong>dixerat</strong></span> <span class='ocrx_word' id='word_1_535' title='bbox 3351 2755 3364 2791; x_wconf 89' lang='lat'><strong>:</strong></span> <span class='ocrx_word' id='word_1_536' title='bbox 3393 2734 3636 2791; x_wconf 76' lang='lat' dir='ltr'><strong>Lazarus</strong></span> 
     </span>
    </p>
   </div>
   <div class='ocr_carea' id='block_1_70' title="bbox 2059 2826 3637 2897">
    <p class='ocr_par' dir='ltr' id='par_1_70' title="bbox 2059 2826 3637 2897">
     <span class='ocr_line' id='line_1_70' title="bbox 2059 2826 3637 2897; baseline -0.001 -16"><span class='ocrx_word' id='word_1_537' title='bbox 2059 2829 2261 2883; x_wconf 87' lang='lat' dir='ltr'><strong>amicus</strong></span> <span class='ocrx_word' id='word_1_538' title='bbox 2308 2836 2485 2881; x_wconf 87' lang='lat' dir='ltr'><strong>noster</strong></span> <span class='ocrx_word' id='word_1_539' title='bbox 2515 2827 2713 2881; x_wconf 82' lang='lat' dir='ltr'><strong>dormit</strong></span> <span class='ocrx_word' id='word_1_540' title='bbox 2740 2826 2984 2897; x_wconf 48' lang='lat' dir='ltr'><strong>“..Ergo</strong></span> <span class='ocrx_word' id='word_1_541' title='bbox 3018 2829 3110 2896; x_wconf 87' lang='lat' dir='ltr'><strong>qui</strong></span> <span class='ocrx_word' id='word_1_542' title='bbox 3148 2834 3301 2880; x_wconf 89' lang='lat' dir='ltr'><strong>tanto</strong></span> <span class='ocrx_word' id='word_1_543' title='bbox 3332 2826 3439 2880; x_wconf 86' lang='lat' dir='ltr'><strong>loci</strong></span> <span class='ocrx_word' id='word_1_544' title='bbox 3470 2828 3637 2881; x_wconf 88' lang='lat' dir='ltr'><strong>inter-</strong></span> 
     </span>
    </p>
   </div>
   <div class='ocr_carea' id='block_1_71' title="bbox 2062 2917 3633 2987">
    <p class='ocr_par' dir='ltr' id='par_1_71' title="bbox 2062 2917 3633 2987">
     <span class='ocr_line' id='line_1_71' title="bbox 2062 2917 3633 2987; baseline -0.003 -12"><span class='ocrx_word' id='word_1_545' title='bbox 2062 2919 2209 2975; x_wconf 84' lang='lat' dir='ltr'><strong>vallo</strong></span> <span class='ocrx_word' id='word_1_546' title='bbox 2256 2919 2486 2976; x_wconf 90' lang='lat' dir='ltr'><strong>dissitus</strong></span> <span class='ocrx_word' id='word_1_547' title='bbox 2533 2917 2801 2974; x_wconf 85' lang='lat' dir='ltr'><strong>Lazarum</strong></span> <span class='ocrx_word' id='word_1_548' title='bbox 2850 2925 3128 2973; x_wconf 85' lang='lat' dir='ltr'><strong>mortuum</strong></span> <span class='ocrx_word' id='word_1_549' title='bbox 3174 2932 3298 2974; x_wconf 85' lang='lat' dir='ltr'><strong>esse</strong></span> <span class='ocrx_word' id='word_1_550' title='bbox 3351 2927 3633 2987; x_wconf 81' lang='lat' dir='ltr'><strong>cognorat,</strong></span> 
     </span>
    </p>
   </div>
   <div class='ocr_carea' id='block_1_72' title="bbox 2062 3009 3636 3083">
    <p class='ocr_par' dir='ltr' id='par_1_72' title="bbox 2062 3009 3636 3083">
     <span class='ocr_line' id='line_1_72' title="bbox 2062 3009 3636 3083; baseline 0 -20"><span class='ocrx_word' id='word_1_551' title='bbox 2062 3020 2350 3083; x_wconf 88' lang='lat' dir='ltr'><strong>postquam</strong></span> <span class='ocrx_word' id='word_1_552' title='bbox 2401 3010 2457 3064; x_wconf 92' lang='lat' dir='ltr'><strong>in</strong></span> <span class='ocrx_word' id='word_1_553' title='bbox 2500 3026 2615 3066; x_wconf 89' lang='lat' dir='ltr'><strong>rem</strong></span> <span class='ocrx_word' id='word_1_554' title='bbox 2661 3017 2986 3080; x_wconf 62' lang='lat' dir='ltr'><strong>praesentem</strong></span> <span class='ocrx_word' id='word_1_555' title='bbox 3021 3009 3187 3073; x_wconf 85' lang='lat' dir='ltr'><strong>venit,</strong></span> <span class='ocrx_word' id='word_1_556' title='bbox 3243 3009 3496 3079; x_wconf 86' lang='lat' dir='ltr'><strong>ignorare</strong></span> <span class='ocrx_word' id='word_1_557' title='bbox 3540 3024 3636 3080; x_wconf 81' lang='lat' dir='ltr'><strong>po-</strong></span> 
     </span>
    </p>
   </div>
   <div class='ocr_carea' id='block_1_73' title="bbox 2063 3100 3643 3173">
    <p class='ocr_par' dir='ltr' id='par_1_73' title="bbox 2063 3100 3643 3173">
     <span class='ocr_line' id='line_1_73' title="bbox 2063 3100 3643 3173; baseline -0.003 -16"><span class='ocrx_word' id='word_1_558' title='bbox 2063 3102 2208 3157; x_wconf 85' lang='lat' dir='ltr'><strong>tuit?</strong></span> <span class='ocrx_word' id='word_1_559' title='bbox 2272 3101 2648 3173; x_wconf 87' lang='lat' dir='ltr'><strong>Nequaquam,</strong></span> <span class='ocrx_word' id='word_1_560' title='bbox 2682 3102 2898 3173; x_wconf 86' lang='lat' dir='ltr'><strong>opinor.</strong></span> <span class='ocrx_word' id='word_1_561' title='bbox 2956 3100 3062 3156; x_wconf 88' lang='lat' dir='ltr'><strong>Sed</strong></span> <span class='ocrx_word' id='word_1_562' title='bbox 3119 3102 3379 3156; x_wconf 88' lang='lat' dir='ltr'><strong>nimirum</strong></span> <span class='ocrx_word' id='word_1_563' title='bbox 3420 3100 3643 3156; x_wconf 77' lang='lat' dir='ltr'><strong>demon-</strong></span> 
     </span>
    </p>
   </div>
   <div class='ocr_carea' id='block_1_74' title="bbox 2065 3191 3642 3257">
    <p class='ocr_par' dir='ltr' id='par_1_74' title="bbox 2065 3191 3642 3257">
     <span class='ocr_line' id='line_1_74' title="bbox 2065 3191 3642 3257; baseline -0.004 -6"><span class='ocrx_word' id='word_1_564' title='bbox 2065 3201 2243 3251; x_wconf 89' lang='lat' dir='ltr'><strong>strare</strong></span> <span class='ocrx_word' id='word_1_565' title='bbox 2304 3193 2437 3248; x_wconf 87' lang='lat' dir='ltr'><strong>illttd</strong></span> <span class='ocrx_word' id='word_1_566' title='bbox 2498 3193 2689 3257; x_wconf 86' lang='lat' dir='ltr'><strong>voluit,</strong></span> <span class='ocrx_word' id='word_1_567' title='bbox 2750 3191 3022 3248; x_wconf 87' lang='lat' dir='ltr'><strong>neminem</strong></span> <span class='ocrx_word' id='word_1_568' title='bbox 3080 3191 3279 3256; x_wconf 85' lang='lat' dir='ltr'><strong>adhuc,</strong></span> <span class='ocrx_word' id='word_1_569' title='bbox 3334 3205 3460 3245; x_wconf 92' lang='lat' dir='ltr'><strong>cum</strong></span> <span class='ocrx_word' id='word_1_570' title='bbox 3523 3191 3642 3246; x_wconf 69' lang='lat' dir='ltr'><strong>hare</strong></span> 
     </span>
    </p>
   </div>
   <div class='ocr_carea' id='block_1_75' title="bbox 2064 3265 3635 3352">
    <p class='ocr_par' dir='ltr' id='par_1_75' title="bbox 2064 3265 3635 3352">
     <span class='ocr_line' id='line_1_75' title="bbox 2064 3265 3635 3352; baseline -0.003 -12"><span class='ocrx_word' id='word_1_571' title='bbox 2064 3286 2248 3341; x_wconf 91' lang='lat' dir='ltr'><strong>omnia</strong></span> <span class='ocrx_word' id='word_1_572' title='bbox 2293 3296 2401 3340; x_wconf 90' lang='lat' dir='ltr'><strong>tam</strong></span> <span class='ocrx_word' id='word_1_573' title='bbox 2452 3265 2773 3339; x_wconf 61' lang='lat' dir='ltr'><strong>admiranda</strong></span> <span class='ocrx_word' id='word_1_574' title='bbox 2826 3282 3052 3347; x_wconf 90' lang='lat' dir='ltr'><strong>faceret,</strong></span> <span class='ocrx_word' id='word_1_575' title='bbox 3086 3286 3141 3337; x_wconf 89' lang='lat' dir='ltr'><strong>in</strong></span> <span class='ocrx_word' id='word_1_576' title='bbox 3180 3283 3359 3352; x_wconf 82' lang='lat' dir='ltr'><strong>ipsum</strong></span> <span class='ocrx_word' id='word_1_577' title='bbox 3391 3282 3635 3352; x_wconf 81' lang='lat' dir='ltr'><strong>perfecte</strong></span> 
     </span>
    </p>
   </div>
   <div class='ocr_carea' id='block_1_76' title="bbox 2064 3374 3639 3446">
    <p class='ocr_par' dir='ltr' id='par_1_76' title="bbox 2064 3374 3639 3446">
     <span class='ocr_line' id='line_1_76' title="bbox 2064 3374 3639 3446; baseline -0.002 -13"><span class='ocrx_word' id='word_1_578' title='bbox 2064 3377 2310 3443; x_wconf 89' lang='lat' dir='ltr'><strong>credere,</strong></span> <span class='ocrx_word' id='word_1_579' title='bbox 2367 3376 2447 3431; x_wconf 89' lang='lat' dir='ltr'><strong>uti</strong></span> <span class='ocrx_word' id='word_1_580' title='bbox 2513 3393 2625 3433; x_wconf 75' lang='lat' dir='ltr'><strong>sua:</strong></span> <span class='ocrx_word' id='word_1_581' title='bbox 2660 3376 2713 3429; x_wconf 92' lang='lat' dir='ltr'><strong>in</strong></span> <span class='ocrx_word' id='word_1_582' title='bbox 2761 3392 2864 3434; x_wconf 91' lang='lat' dir='ltr'><strong>nos</strong></span> <span class='ocrx_word' id='word_1_583' title='bbox 2946 3374 3296 3446; x_wconf 77' lang='lat' dir='ltr'><strong>indulgentia:</strong></span> <span class='ocrx_word' id='word_1_584' title='bbox 3354 3374 3639 3430; x_wconf 81' lang='lat' dir='ltr'><strong>mirificam</strong></span> 
     </span>
    </p>
   </div>
   <div class='ocr_carea' id='block_1_77' title="bbox 2065 3465 3642 3539">
    <p class='ocr_par' dir='ltr' id='par_1_77' title="bbox 2065 3465 3642 3539">
     <span class='ocr_line' id='line_1_77' title="bbox 2065 3465 3642 3539; baseline -0.001 -17"><span class='ocrx_word' id='word_1_585' title='bbox 2065 3467 2355 3539; x_wconf 87' lang='lat' dir='ltr'><strong>quamdam</strong></span> <span class='ocrx_word' id='word_1_586' title='bbox 2410 3466 2801 3537; x_wconf 85' lang='lat' dir='ltr'><strong>benignitatem</strong></span> <span class='ocrx_word' id='word_1_587' title='bbox 2847 3474 2903 3521; x_wconf 90' lang='lat' dir='ltr'><strong>et</strong></span> <span class='ocrx_word' id='word_1_588' title='bbox 2953 3466 3348 3521; x_wconf 88' lang='lat' dir='ltr'><strong>humanitatem</strong></span> <span class='ocrx_word' id='word_1_589' title='bbox 3390 3465 3642 3521; x_wconf 86' lang='lat' dir='ltr'><strong>ostende-</strong></span> 
     </span>
    </p>
   </div>
   <div class='ocr_carea' id='block_1_78' title="bbox 2068 3556 3645 3629">
    <p class='ocr_par' dir='ltr' id='par_1_78' title="bbox 2068 3556 3645 3629">
     <span class='ocr_line' id='line_1_78' title="bbox 2068 3556 3645 3629; baseline -0.003 -16"><span class='ocrx_word' id='word_1_590' title='bbox 2068 3566 2193 3615; x_wconf 87' lang='lat' dir='ltr'><strong>ret:</strong></span> <span class='ocrx_word' id='word_1_591' title='bbox 2230 3559 2436 3629; x_wconf 90' lang='lat' dir='ltr'><strong>quippe</strong></span> <span class='ocrx_word' id='word_1_592' title='bbox 2466 3572 2688 3613; x_wconf 90' lang='lat' dir='ltr'><strong>sorores</strong></span> <span class='ocrx_word' id='word_1_593' title='bbox 2742 3557 2865 3611; x_wconf 89' lang='lat' dir='ltr'><strong>illas</strong></span> <span class='ocrx_word' id='word_1_594' title='bbox 2918 3556 3203 3627; x_wconf 85' lang='lat' dir='ltr'><strong>oportebat</strong></span> <span class='ocrx_word' id='word_1_595' title='bbox 3244 3572 3352 3611; x_wconf 88' lang='lat' dir='ltr'><strong>non</strong></span> <span class='ocrx_word' id='word_1_596' title='bbox 3409 3556 3516 3611; x_wconf 86' lang='lat' dir='ltr'><strong>ista</strong></span> <span class='ocrx_word' id='word_1_597' title='bbox 3566 3557 3645 3625; x_wconf 87' lang='lat' dir='ltr'><strong>ja-</strong></span> 
     </span>
    </p>
   </div>
   <div class='ocr_carea' id='block_1_79' title="bbox 2067 3647 3641 3718">
    <p class='ocr_par' dir='ltr' id='par_1_79' title="bbox 2067 3647 3641 3718">
     <span class='ocr_line' id='line_1_79' title="bbox 2067 3647 3641 3718; baseline -0.003 -12"><span class='ocrx_word' id='word_1_598' title='bbox 2067 3660 2218 3707; x_wconf 85' lang='lat' dir='ltr'><strong>ctare</strong></span> <span class='ocrx_word' id='word_1_599' title='bbox 2252 3670 2264 3706; x_wconf 90' lang='lat'><strong>:</strong></span> <span class='ocrx_word' id='word_1_600' title='bbox 2304 3648 2708 3715; x_wconf 83' lang='lat' dir='ltr'><strong>Quatriduanus</strong></span> <span class='ocrx_word' id='word_1_601' title='bbox 2760 3648 3000 3717; x_wconf 85' lang='lat' dir='ltr'><strong>est,jam</strong></span> <span class='ocrx_word' id='word_1_602' title='bbox 3044 3648 3167 3718; x_wconf 79' lang='lat' dir='ltr'><strong>fetet</strong></span> <span class='ocrx_word' id='word_1_603' title='bbox 3194 3648 3272 3714; x_wconf 82' lang='grc'><strong>¹¹;</strong></span> <span class='ocrx_word' id='word_1_604' title='bbox 3320 3662 3422 3701; x_wconf 88' lang='lat' dir='ltr'><strong>nec</strong></span> <span class='ocrx_word' id='word_1_605' title='bbox 3469 3647 3641 3710; x_wconf 82' lang='lat' dir='ltr'><strong>abire,</strong></span> 
     </span>
    </p>
   </div>
   <div class='ocr_carea' id='block_1_80' title="bbox 2067 3735 3634 3809">
    <p class='ocr_par' dir='ltr' id='par_1_80' title="bbox 2067 3735 3634 3809">
     <span class='ocr_line' id='line_1_80' title="bbox 2067 3735 3634 3809; baseline -0.006 -12"><span class='ocrx_word' id='word_1_606' title='bbox 2067 3757 2132 3798; x_wconf 91' lang='lat' dir='ltr'><strong>ac</strong></span> <span class='ocrx_word' id='word_1_607' title='bbox 2162 3748 2494 3805; x_wconf 90' lang='lat' dir='ltr'><strong>monstrare;</strong></span> <span class='ocrx_word' id='word_1_608' title='bbox 2522 3737 2616 3793; x_wconf 87' lang='lat' dir='ltr'><strong>sed</strong></span> <span class='ocrx_word' id='word_1_609' title='bbox 2648 3738 2721 3791; x_wconf 90' lang='lat' dir='ltr'><strong>ita</strong></span> <span class='ocrx_word' id='word_1_610' title='bbox 2753 3739 2935 3809; x_wconf 89' lang='lat' dir='ltr'><strong>potius</strong></span> <span class='ocrx_word' id='word_1_611' title='bbox 2969 3738 3172 3808; x_wconf 87' lang='lat' dir='ltr'><strong>alloqui</strong></span> <span class='ocrx_word' id='word_1_612' title='bbox 3204 3756 3216 3792; x_wconf 93' lang='lat'><strong>:</strong></span> <span class='ocrx_word' id='word_1_613' title='bbox 3243 3735 3396 3791; x_wconf 83' lang='lat' dir='ltr'><strong>Nosti</strong></span> <span class='ocrx_word' id='word_1_614' title='bbox 3424 3735 3634 3798; x_wconf 89' lang='lat' dir='ltr'><strong>omnia,</strong></span> 
     </span>
    </p>
   </div>
   <div class='ocr_carea' id='block_1_81' title="bbox 2068 3824 3643 3896">
    <p class='ocr_par' dir='ltr' id='par_1_81' title="bbox 2068 3824 3643 3896">
     <span class='ocr_line' id='line_1_81' title="bbox 2068 3824 3643 3896; baseline -0.006 -8"><span class='ocrx_word' id='word_1_615' title='bbox 2068 3839 2124 3889; x_wconf 89' lang='lat' dir='ltr'><strong>et</strong></span> <span class='ocrx_word' id='word_1_616' title='bbox 2181 3832 2229 3887; x_wconf 89' lang='lat' dir='ltr'><strong>si</strong></span> <span class='ocrx_word' id='word_1_617' title='bbox 2279 3830 2519 3887; x_wconf 89' lang='lat' dir='ltr'><strong>volueris</strong></span> <span class='ocrx_word' id='word_1_618' title='bbox 2575 3829 2888 3885; x_wconf 87' lang='lat' dir='ltr'><strong>reviviscet.</strong></span> <span class='ocrx_word' id='word_1_619' title='bbox 2935 3829 3146 3896; x_wconf 83' lang='lat' dir='ltr'><strong>Quibus</strong></span> <span class='ocrx_word' id='word_1_620' title='bbox 3190 3827 3258 3883; x_wconf 90' lang='lat' dir='ltr'><strong>de</strong></span> <span class='ocrx_word' id='word_1_621' title='bbox 3294 3824 3480 3881; x_wconf 88' lang='lat' dir='ltr'><strong>causis</strong></span> <span class='ocrx_word' id='word_1_622' title='bbox 3530 3835 3643 3879; x_wconf 87' lang='lat' dir='ltr'><strong>tam</strong></span> 
     </span>
    </p>
   </div>
   <div class='ocr_carea' id='block_1_82' title="bbox 2068 3917 3639 3992">
    <p class='ocr_par' dir='ltr' id='par_1_82' title="bbox 2068 3917 3639 3992">
     <span class='ocr_line' id='line_1_82' title="bbox 2068 3917 3639 3992; baseline -0.006 -14"><span class='ocrx_word' id='word_1_623' title='bbox 2068 3923 2349 3979; x_wconf 66' lang='lat' dir='ltr'><strong>ohduralaa</strong></span> <span class='ocrx_word' id='word_1_624' title='bbox 2410 3920 2987 3992; x_wconf 67' lang='lat' dir='ltr'><strong>hominunrcaecitati</strong></span> <span class='ocrx_word' id='word_1_625' title='bbox 3043 3918 3292 3974; x_wconf 87' lang='lat' dir='ltr'><strong>Christus</strong></span> <span class='ocrx_word' id='word_1_626' title='bbox 3315 3917 3639 3987; x_wconf 80' lang='lat' dir='ltr'><strong>illacrymat.</strong></span> 
     </span>
    </p>
   </div>
   <div class='ocr_carea' id='block_1_83' title="bbox 2069 4006 3643 4081">
    <p class='ocr_par' dir='ltr' id='par_1_83' title="bbox 2069 4006 3643 4081">
     <span class='ocr_line' id='line_1_83' title="bbox 2069 4006 3643 4081; baseline -0.004 -15"><span class='ocrx_word' id='word_1_627' title='bbox 2069 4010 2185 4067; x_wconf 85' lang='lat' dir='ltr'><strong>Non</strong></span> <span class='ocrx_word' id='word_1_628' title='bbox 2213 4011 2379 4081; x_wconf 83' lang='lat' dir='ltr'><strong>igitur</strong></span> <span class='ocrx_word' id='word_1_629' title='bbox 2412 4010 2675 4080; x_wconf 88' lang='lat' dir='ltr'><strong>ignorans</strong></span> <span class='ocrx_word' id='word_1_630' title='bbox 2706 4010 3042 4079; x_wconf 81' lang='lat' dir='ltr'><strong>interrogat;</strong></span> <span class='ocrx_word' id='word_1_631' title='bbox 3088 4006 3182 4063; x_wconf 86' lang='lat' dir='ltr'><strong>sed</strong></span> <span class='ocrx_word' id='word_1_632' title='bbox 3214 4006 3530 4078; x_wconf 85' lang='lat' dir='ltr'><strong>periclitans</strong></span> <span class='ocrx_word' id='word_1_633' title='bbox 3560 4021 3643 4061; x_wconf 86' lang='lat' dir='ltr'><strong>ar-</strong></span> 
     </span>
    </p>
   </div>
   <div class='ocr_carea' id='block_1_84' title="bbox 379 4095 1957 4180">
    <p class='ocr_par' dir='ltr' id='par_1_84' title="bbox 379 4098 1957 4180">
     <span class='ocr_line' id='line_1_84' title="bbox 379 4098 1957 4180; baseline -0.006 -17"><span class='ocrx_word' id='word_1_634' title='bbox 379 4108 597 4180; x_wconf 76' lang='grc' dir='ltr'><em>Παλαιᾷ</em></span> <span class='ocrx_word' id='word_1_635' title='bbox 624 4107 732 4161; x_wconf 75' lang='grc' dir='ltr'><em>ἀπὸ</em></span> <span class='ocrx_word' id='word_1_636' title='bbox 762 4105 1055 4178; x_wconf 85' lang='grc' dir='ltr'><em>προσώπου</em></span> <span class='ocrx_word' id='word_1_637' title='bbox 1079 4104 1175 4159; x_wconf 75' lang='grc' dir='ltr'><strong>τοῦ</strong></span> <span class='ocrx_word' id='word_1_638' title='bbox 1196 4104 1409 4176; x_wconf 75' lang='grc' dir='ltr'><em>Πατρὸς</em></span> <span class='ocrx_word' id='word_1_639' title='bbox 1436 4102 1605 4171; x_wconf 85' lang='grc' dir='ltr'><em>λέγει,</em></span> <span class='ocrx_word' id='word_1_640' title='bbox 1640 4100 1833 4169; x_wconf 82' lang='grc' dir='ltr'><em>Ἀδὰμ,</em></span> <span class='ocrx_word' id='word_1_641' title='bbox 1850 4098 1957 4153; x_wconf 77' lang='grc' dir='ltr'><strong>ποί</strong></span> 
     </span>
    </p>
   </div>
   <div class='ocr_carea' id='block_1_85' title="bbox 2061 4095 3646 4180">
    <p class='ocr_par' dir='ltr' id='par_1_85' title="bbox 2069 4095 3646 4171">
     <span class='ocr_line' id='line_1_85' title="bbox 2069 4095 3646 4171; baseline -0.002 -18"><span class='ocrx_word' id='word_1_642' title='bbox 2069 4099 2204 4171; x_wconf 87' lang='lat' dir='ltr'><strong>guit,</strong></span> <span class='ocrx_word' id='word_1_643' title='bbox 2234 4114 2298 4154; x_wconf 91' lang='lat' dir='ltr'><strong>ac</strong></span> <span class='ocrx_word' id='word_1_644' title='bbox 2328 4098 2739 4170; x_wconf 90' lang='lat' dir='ltr'><strong>perhumaniter</strong></span> <span class='ocrx_word' id='word_1_645' title='bbox 2768 4103 2991 4152; x_wconf 84' lang='lat' dir='ltr'><strong>tractat.</strong></span> <span class='ocrx_word' id='word_1_646' title='bbox 3027 4095 3166 4151; x_wconf 86' lang='lat' dir='ltr'><strong>Nam</strong></span> <span class='ocrx_word' id='word_1_647' title='bbox 3205 4096 3361 4161; x_wconf 92' lang='lat' dir='ltr'><strong>illud,</strong></span> <span class='ocrx_word' id='word_1_648' title='bbox 3392 4097 3524 4162; x_wconf 81' lang='lat' dir='ltr'><strong>Quis</strong></span> <span class='ocrx_word' id='word_1_649' title='bbox 3565 4112 3646 4151; x_wconf 83' lang='lat' dir='ltr'><strong>me</strong></span> 
     </span>
    </p>
   </div>
   <div class='ocr_carea' id='block_1_86' title="bbox 377 4186 1957 4270">
    <p class='ocr_par' dir='ltr' id='par_1_86' title="bbox 377 4190 1957 4270">
     <span class='ocr_line' id='line_1_86' title="bbox 377 4190 1957 4270; baseline -0.006 -17"><span class='ocrx_word' id='word_1_650' title='bbox 377 4197 475 4263; x_wconf 64' lang='lat' dir='ltr'><strong>ei;</strong></span> <span class='ocrx_word' id='word_1_651' title='bbox 523 4200 636 4270; x_wconf 63' lang='grc' dir='ltr'><em>ᾔδει</em></span> <span class='ocrx_word' id='word_1_652' title='bbox 670 4199 728 4252; x_wconf 83' lang='grc' dir='ltr'><em>δὲ</em></span> <span class='ocrx_word' id='word_1_653' title='bbox 758 4198 926 4251; x_wconf 71' lang='grc' dir='ltr'><em>αὑτὸν.</em></span> <span class='ocrx_word' id='word_1_654' title='bbox 950 4197 1053 4250; x_wconf 81' lang='grc' dir='ltr'><strong>ποῦ</strong></span> <span class='ocrx_word' id='word_1_655' title='bbox 1096 4197 1273 4261; x_wconf 79' lang='grc' dir='ltr'><em>ἐστιν,</em></span> <span class='ocrx_word' id='word_1_656' title='bbox 1320 4196 1400 4249; x_wconf 82' lang='grc' dir='ltr'><em>διὸ</em></span> <span class='ocrx_word' id='word_1_657' title='bbox 1442 4194 1535 4248; x_wconf 74' lang='grc' dir='ltr'><strong>καὶ</strong></span> <span class='ocrx_word' id='word_1_658' title='bbox 1575 4192 1784 4263; x_wconf 74' lang='grc' dir='ltr'><em>ἐλέγχει</em></span> <span class='ocrx_word' id='word_1_659' title='bbox 1809 4190 1957 4244; x_wconf 63' lang='grc' dir='ltr'><em>αύτὸι</em></span> 
     </span>
    </p>
   </div>
   <div class='ocr_carea' id='block_1_87' title="bbox 2061 4186 3647 4270">
    <p class='ocr_par' dir='ltr' id='par_1_87' title="bbox 2072 4186 3647 4259">
     <span class='ocr_line' id='line_1_87' title="bbox 2072 4186 3647 4259; baseline 0 -16"><span class='ocrx_word' id='word_1_660' title='bbox 2072 4190 2237 4259; x_wconf 84' lang='lat' dir='ltr'><strong>tetigit</strong></span> <span class='ocrx_word' id='word_1_661' title='bbox 2266 4188 2351 4245; x_wconf 69' lang='lat'><strong>&quot;.9</strong></span> <span class='ocrx_word' id='word_1_662' title='bbox 2380 4203 2490 4243; x_wconf 91' lang='lat' dir='ltr'><strong>non</strong></span> <span class='ocrx_word' id='word_1_663' title='bbox 2529 4202 2594 4243; x_wconf 91' lang='lat' dir='ltr'><strong>eo</strong></span> <span class='ocrx_word' id='word_1_664' title='bbox 2619 4187 2771 4254; x_wconf 85' lang='lat' dir='ltr'><strong>dicit,</strong></span> <span class='ocrx_word' id='word_1_665' title='bbox 2824 4187 2969 4258; x_wconf 89' lang='lat' dir='ltr'><strong>quod</strong></span> <span class='ocrx_word' id='word_1_666' title='bbox 3017 4202 3046 4241; x_wconf 93' lang='lat' dir='ltr'><strong>a</strong></span> <span class='ocrx_word' id='word_1_667' title='bbox 3075 4186 3185 4259; x_wconf 66' lang='grc'><strong>44</strong></span> <span class='ocrx_word' id='word_1_668' title='bbox 3214 4201 3324 4257; x_wconf 88' lang='lat' dir='ltr'><strong>quo</strong></span> <span class='ocrx_word' id='word_1_669' title='bbox 3363 4194 3647 4243; x_wconf 87' lang='lat' dir='ltr'><strong>contactus</strong></span> 
     </span>
    </p>
   </div>
   <div class='ocr_carea' id='block_1_88' title="bbox 382 4277 1957 4365">
    <p class='ocr_par' dir='ltr' id='par_1_88' title="bbox 382 4279 1957 4365">
     <span class='ocr_line' id='line_1_88' title="bbox 382 4279 1957 4365; baseline -0.009 -20"><span class='ocrx_word' id='word_1_670' title='bbox 382 4293 684 4365; x_wconf 80' lang='grc' dir='ltr'><em>μετέπειτα</em></span> <span class='ocrx_word' id='word_1_671' title='bbox 709 4291 884 4360; x_wconf 83' lang='grc' dir='ltr'><em>λέγων</em></span> <span class='ocrx_word' id='word_1_672' title='bbox 903 4307 918 4321; x_wconf 90' lang='grc'><strong>·</strong></span> <span class='ocrx_word' id='word_1_673' title='bbox 964 4292 1065 4344; x_wconf 81' lang='grc' dir='ltr'><strong>Ἕκ</strong></span> <span class='ocrx_word' id='word_1_674' title='bbox 1098 4289 1204 4344; x_wconf 87' lang='grc' dir='ltr'><strong>τοῦ</strong></span> <span class='ocrx_word' id='word_1_675' title='bbox 1238 4288 1429 4353; x_wconf 71' lang='grc' dir='ltr'><em>ξύλου</em></span> <span class='ocrx_word' id='word_1_676' title='bbox 1462 4287 1699 4357; x_wconf 65' lang='grc' dir='ltr'><em>ἔφαγες.</em></span> <span class='ocrx_word' id='word_1_677' title='bbox 1754 4282 1866 4336; x_wconf 71' lang='grc' dir='ltr'><strong>Καὶ</strong></span> <span class='ocrx_word' id='word_1_678' title='bbox 1892 4279 1957 4352; x_wconf 70' lang='grc' dir='ltr'><em>τᾷ</em></span> 
     </span>
    </p>
   </div>
   <div class='ocr_carea' id='block_1_89' title="bbox 2061 4277 3649 4365">
    <p class='ocr_par' dir='ltr' id='par_1_89' title="bbox 2072 4277 3649 4351">
     <span class='ocr_line' id='line_1_89' title="bbox 2072 4277 3649 4351; baseline -0.005 -14"><span class='ocrx_word' id='word_1_679' title='bbox 2072 4287 2223 4337; x_wconf 89' lang='lat' dir='ltr'><strong>esset</strong></span> <span class='ocrx_word' id='word_1_680' title='bbox 2280 4280 2585 4351; x_wconf 87' lang='lat' dir='ltr'><strong>ignoraret,</strong></span> <span class='ocrx_word' id='word_1_681' title='bbox 2641 4279 2736 4336; x_wconf 91' lang='lat' dir='ltr'><strong>sed</strong></span> <span class='ocrx_word' id='word_1_682' title='bbox 2790 4288 2849 4334; x_wconf 90' lang='lat' dir='ltr'><strong>ut</strong></span> <span class='ocrx_word' id='word_1_683' title='bbox 2898 4294 2969 4335; x_wconf 93' lang='lat' dir='ltr'><strong>ne</strong></span> <span class='ocrx_word' id='word_1_684' title='bbox 3013 4278 3339 4334; x_wconf 89' lang='lat' dir='ltr'><strong>miraculum</strong></span> <span class='ocrx_word' id='word_1_685' title='bbox 3378 4277 3522 4335; x_wconf 90' lang='lat' dir='ltr'><strong>istud</strong></span> <span class='ocrx_word' id='word_1_686' title='bbox 3554 4291 3649 4349; x_wconf 86' lang='lat' dir='ltr'><strong>per</strong></span> 
     </span>
    </p>
   </div>
   <div class='ocr_carea' id='block_1_90' title="bbox 378 4371 1957 4468">
    <p class='ocr_par' dir='ltr' id='par_1_90' title="bbox 378 4374 1957 4468">
     <span class='ocr_line' id='line_1_90' title="bbox 378 4374 1957 4468; baseline -0.006 -33"><span class='ocrx_word' id='word_1_687' title='bbox 378 4381 529 4435; x_wconf 76' lang='grc' dir='ltr'><em>Κάἳν</em></span> <span class='ocrx_word' id='word_1_688' title='bbox 553 4398 567 4411; x_wconf 91' lang='grc'><strong>·</strong></span> <span class='ocrx_word' id='word_1_689' title='bbox 598 4379 721 4435; x_wconf 88' lang='grc' dir='ltr'><strong>Ποῦ</strong></span> <span class='ocrx_word' id='word_1_690' title='bbox 752 4382 924 4435; x_wconf 75' lang='grc' dir='ltr'><em>Ἅϐελ</em></span> <span class='ocrx_word' id='word_1_691' title='bbox 958 4383 990 4435; x_wconf 88' lang='grc' dir='ltr'><em>ὀ</em></span> <span class='ocrx_word' id='word_1_692' title='bbox 1014 4379 1274 4449; x_wconf 67' lang='grc' dir='ltr'><em>ἀδελφός</em></span> <span class='ocrx_word' id='word_1_693' title='bbox 1306 4394 1422 4432; x_wconf 91' lang='grc' dir='ltr'><em>σου</em></span> <span class='ocrx_word' id='word_1_694' title='bbox 1440 4394 1459 4442; x_wconf 88' lang='grc'><strong><em>;</em></strong></span> <span class='ocrx_word' id='word_1_695' title='bbox 1497 4378 1589 4431; x_wconf 74' lang='grc' dir='ltr'><strong>καὶ</strong></span> <span class='ocrx_word' id='word_1_696' title='bbox 1629 4376 1728 4436; x_wconf 76' lang='grc' dir='ltr'><strong>οὐκ</strong></span> <span class='ocrx_word' id='word_1_697' title='bbox 1756 4374 1957 4468; x_wconf 61' lang='grc' dir='ltr'><em>ἀγνοῶν</em></span> 
     </span>
    </p>
   </div>
   <div class='ocr_carea' id='block_1_91' title="bbox 2061 4371 3639 4468">
    <p class='ocr_par' dir='ltr' id='par_1_91' title="bbox 2073 4371 3639 4445">
     <span class='ocr_line' id='line_1_91' title="bbox 2073 4371 3639 4445; baseline -0.003 -16"><span class='ocrx_word' id='word_1_698' title='bbox 2073 4388 2194 4429; x_wconf 82' lang='lat' dir='ltr'><strong>sese</strong></span> <span class='ocrx_word' id='word_1_699' title='bbox 2226 4372 2566 4445; x_wconf 87' lang='lat' dir='ltr'><strong>divulgaret;</strong></span> <span class='ocrx_word' id='word_1_700' title='bbox 2593 4380 2761 4442; x_wconf 88' lang='lat' dir='ltr'><strong>utque</strong></span> <span class='ocrx_word' id='word_1_701' title='bbox 2784 4371 3011 4426; x_wconf 89' lang='lat' dir='ltr'><strong>audiens</strong></span> <span class='ocrx_word' id='word_1_702' title='bbox 3038 4372 3232 4426; x_wconf 89' lang='lat' dir='ltr'><strong>mulier</strong></span> <span class='ocrx_word' id='word_1_703' title='bbox 3263 4378 3317 4425; x_wconf 91' lang='lat' dir='ltr'><strong>et</strong></span> <span class='ocrx_word' id='word_1_704' title='bbox 3349 4371 3639 4433; x_wconf 86' lang='lat' dir='ltr'><strong>accedens,</strong></span> 
     </span>
    </p>
   </div>
   <div class='ocr_carea' id='block_1_92' title="bbox 379 4462 1955 4543">
    <p class='ocr_par' dir='ltr' id='par_1_92' title="bbox 379 4462 1955 4543">
     <span class='ocr_line' id='line_1_92' title="bbox 379 4462 1955 4543; baseline -0.003 -18"><span class='ocrx_word' id='word_1_705' title='bbox 379 4472 589 4543; x_wconf 64' lang='grc' dir='ltr'><em>ἠρώτα.</em></span> <span class='ocrx_word' id='word_1_706' title='bbox 631 4472 793 4540; x_wconf 81' lang='grc' dir='ltr'><em>Λέγει</em></span> <span class='ocrx_word' id='word_1_707' title='bbox 816 4471 922 4543; x_wconf 81' lang='grc' dir='ltr'><em>γάρ</em></span> <span class='ocrx_word' id='word_1_708' title='bbox 940 4489 955 4504; x_wconf 66' lang='grc' dir='ltr'><strong><em>υ</em></strong></span> <span class='ocrx_word' id='word_1_709' title='bbox 998 4469 1455 4539; x_wconf 77' lang='grc' dir='ltr'><em>Ἐπικατάρατος</em></span> <span class='ocrx_word' id='word_1_710' title='bbox 1473 4467 1555 4521; x_wconf 88' lang='grc' dir='ltr'><em>σὺ</em></span> <span class='ocrx_word' id='word_1_711' title='bbox 1578 4467 1675 4520; x_wconf 79' lang='grc' dir='ltr'><strong>ἐπὶ</strong></span> <span class='ocrx_word' id='word_1_712' title='bbox 1698 4465 1809 4534; x_wconf 80' lang='grc' dir='ltr'><em>τῆς</em></span> <span class='ocrx_word' id='word_1_713' title='bbox 1826 4462 1955 4537; x_wconf 75' lang='grc' dir='ltr'><em>γῆς,</em></span> 
     </span>
    </p>
   </div>
   <div class='ocr_carea' id='block_1_93' title="bbox 381 4557 1959 4632">
    <p class='ocr_par' dir='ltr' id='par_1_93' title="bbox 381 4557 1959 4632">
     <span class='ocr_line' id='line_1_93' title="bbox 381 4557 1959 4632; baseline -0.004 -15"><span class='ocrx_word' id='word_1_714' title='bbox 381 4563 422 4629; x_wconf 78' lang='grc' dir='ltr'><strong>ἤ</strong></span> <span class='ocrx_word' id='word_1_715' title='bbox 462 4566 644 4632; x_wconf 83' lang='grc' dir='ltr'><em>ἓχανε</em></span> <span class='ocrx_word' id='word_1_716' title='bbox 673 4562 963 4627; x_wconf 71' lang='grc' dir='ltr'><em>δέξασθαι</em></span> <span class='ocrx_word' id='word_1_717' title='bbox 995 4560 1063 4615; x_wconf 87' lang='grc' dir='ltr'><em>τὸ</em></span> <span class='ocrx_word' id='word_1_718' title='bbox 1106 4557 1258 4631; x_wconf 76' lang='grc' dir='ltr'><em>αἷμα</em></span> <span class='ocrx_word' id='word_1_719' title='bbox 1286 4560 1393 4614; x_wconf 89' lang='grc' dir='ltr'><strong>τοῦ</strong></span> <span class='ocrx_word' id='word_1_720' title='bbox 1431 4558 1699 4629; x_wconf 63' lang='grc' dir='ltr'><em>ἀδελφοῦ</em></span> <span class='ocrx_word' id='word_1_721' title='bbox 1735 4573 1851 4612; x_wconf 88' lang='grc' dir='ltr'><em>σου</em></span> <span class='ocrx_word' id='word_1_722' title='bbox 1890 4557 1959 4611; x_wconf 81' lang='grc' dir='ltr'><strong><em>ἐκ</em></strong></span> 
     </span>
    </p>
   </div>
   <div class='ocr_carea' id='block_1_94' title="bbox 378 4646 1966 4722">
    <p class='ocr_par' dir='ltr' id='par_1_94' title="bbox 378 4646 1966 4722">
     <span class='ocr_line' id='line_1_94' title="bbox 378 4646 1966 4722; baseline -0.003 -17"><span class='ocrx_word' id='word_1_723' title='bbox 378 4652 493 4720; x_wconf 81' lang='grc' dir='ltr'><em>τῆς</em></span> <span class='ocrx_word' id='word_1_724' title='bbox 530 4653 728 4722; x_wconf 81' lang='grc' dir='ltr'><em>χειρός</em></span> <span class='ocrx_word' id='word_1_725' title='bbox 766 4666 903 4706; x_wconf 88' lang='grc' dir='ltr'><em>σου.</em></span> <span class='ocrx_word' id='word_1_726' title='bbox 980 4650 1129 4705; x_wconf 79' lang='grc' dir='ltr'><strong>ἰδ’οὺ</strong></span> <span class='ocrx_word' id='word_1_727' title='bbox 1171 4650 1281 4721; x_wconf 80' lang='grc' dir='ltr'><strong>γὰρ</strong></span> <span class='ocrx_word' id='word_1_728' title='bbox 1322 4649 1389 4703; x_wconf 83' lang='grc' dir='ltr'><em>τὸ</em></span> <span class='ocrx_word' id='word_1_729' title='bbox 1433 4646 1577 4718; x_wconf 78' lang='grc' dir='ltr'><em>αἷμα</em></span> <span class='ocrx_word' id='word_1_730' title='bbox 1624 4648 1811 4703; x_wconf 83' lang='grc' dir='ltr'><em>αὐτοῦ</em></span> <span class='ocrx_word' id='word_1_731' title='bbox 1842 4646 1966 4714; x_wconf 79' lang='grc' dir='ltr'><em>,βοᾷ</em></span> 
     </span>
    </p>
   </div>
   <div class='ocr_carea' id='block_1_95' title="bbox 382 4734 1969 4813">
    <p class='ocr_par' dir='ltr' id='par_1_95' title="bbox 382 4734 1969 4813">
     <span class='ocr_line' id='line_1_95' title="bbox 382 4734 1969 4813; baseline -0.002 -18"><span class='ocrx_word' id='word_1_732' title='bbox 382 4745 533 4809; x_wconf 73' lang='grc' dir='ltr'><em>πρός</em></span> <span class='ocrx_word' id='word_1_733' title='bbox 564 4760 661 4813; x_wconf 83' lang='grc' dir='ltr'><em>με.</em></span> <span class='ocrx_word' id='word_1_734' title='bbox 705 4743 818 4797; x_wconf 82' lang='grc' dir='ltr'><strong>Οὐκ</strong></span> <span class='ocrx_word' id='word_1_735' title='bbox 861 4743 1046 4813; x_wconf 68' lang='grc' dir='ltr'><em>ἠγνόει</em></span> <span class='ocrx_word' id='word_1_736' title='bbox 1083 4743 1263 4796; x_wconf 83' lang='grc' dir='ltr'><em>τοίνυν</em></span> <span class='ocrx_word' id='word_1_737' title='bbox 1307 4743 1334 4795; x_wconf 81' lang='grc' dir='ltr'>ὁ</span> <span class='ocrx_word' id='word_1_738' title='bbox 1364 4740 1557 4809; x_wconf 86' lang='grc' dir='ltr'><em>λέγων,</em></span> <span class='ocrx_word' id='word_1_739' title='bbox 1602 4741 1683 4793; x_wconf 82' lang='grc' dir='ltr'><em>ὅτι</em></span> <span class='ocrx_word' id='word_1_740' title='bbox 1718 4740 1788 4793; x_wconf 86' lang='grc' dir='ltr'><em>Τὸ</em></span> <span class='ocrx_word' id='word_1_741' title='bbox 1825 4734 1969 4809; x_wconf 74' lang='grc' dir='ltr'><em>αζιια</em></span> 
     </span>
    </p>
   </div>
   <div class='ocr_carea' id='block_1_96' title="bbox 378 4830 1964 4903">
    <p class='ocr_par' dir='ltr' id='par_1_96' title="bbox 378 4830 1964 4903">
     <span class='ocr_line' id='line_1_96' title="bbox 378 4830 1964 4903; baseline -0.001 -18"><span class='ocrx_word' id='word_1_742' title='bbox 378 4833 505 4902; x_wconf 65' lang='grc' dir='ltr'><strong>βοᾷ</strong></span> <span class='ocrx_word' id='word_1_743' title='bbox 520 4853 533 4865; x_wconf 75' lang='grc' dir='ltr'><strong><em>ο</em></strong></span> <span class='ocrx_word' id='word_1_744' title='bbox 563 4835 677 4888; x_wconf 78' lang='grc' dir='ltr'><em>ἀλλ’</em></span> <span class='ocrx_word' id='word_1_745' title='bbox 697 4837 845 4898; x_wconf 77' lang='grc' dir='ltr'><em>ὅπως</em></span> <span class='ocrx_word' id='word_1_746' title='bbox 863 4834 985 4896; x_wconf 75' lang='grc' dir='ltr'><em>δοὺς</em></span> <span class='ocrx_word' id='word_1_747' title='bbox 1003 4835 1018 4866; x_wconf 83' lang='grc'><strong><em>⁸</em></strong></span> <span class='ocrx_word' id='word_1_748' title='bbox 1048 4830 1197 4903; x_wconf 80' lang='grc' dir='ltr'><em>αὐτῷ</em></span> <span class='ocrx_word' id='word_1_749' title='bbox 1216 4832 1381 4887; x_wconf 85' lang='grc' dir='ltr'><em>τόπον</em></span> <span class='ocrx_word' id='word_1_750' title='bbox 1411 4831 1700 4903; x_wconf 84' lang='grc' dir='ltr'><em>μετανοίας</em></span> <span class='ocrx_word' id='word_1_751' title='bbox 1721 4831 1803 4894; x_wconf 85' lang='grc' dir='ltr'><em>εἰς</em></span> <span class='ocrx_word' id='word_1_752' title='bbox 1828 4830 1964 4884; x_wconf 75' lang='grc' dir='ltr'><em>ἀποο</em></span> 
     </span>
    </p>
   </div>
   <div class='ocr_carea' id='block_1_97' title="bbox 380 4921 1120 4995">
    <p class='ocr_par' dir='ltr' id='par_1_97' title="bbox 380 4921 1120 4995">
     <span class='ocr_line' id='line_1_97' title="bbox 380 4921 1120 4995; baseline 0 -18"><span class='ocrx_word' id='word_1_753' title='bbox 380 4924 591 4992; x_wconf 69' lang='grc' dir='ltr'><em>λογίαν,</em></span> <span class='ocrx_word' id='word_1_754' title='bbox 614 4924 704 4979; x_wconf 80' lang='grc' dir='ltr'><em>διὰ</em></span> <span class='ocrx_word' id='word_1_755' title='bbox 728 4921 889 4978; x_wconf 83' lang='grc' dir='ltr'><em>τοῦτο</em></span> <span class='ocrx_word' id='word_1_756' title='bbox 912 4923 1120 4995; x_wconf 70' lang='grc' dir='ltr'><em>ἠρώτα.</em></span> 
     </span>
    </p>
   </div>
   <div class='ocr_carea' id='block_1_98' title="bbox 2068 4460 3653 4535">
    <p class='ocr_par' dir='ltr' id='par_1_98' title="bbox 2068 4460 3653 4535">
     <span class='ocr_line' id='line_1_98' title="bbox 2068 4460 3653 4535; baseline -0.004 -16"><span class='ocrx_word' id='word_1_757' title='bbox 2068 4473 2180 4520; x_wconf 89' lang='lat' dir='ltr'><strong>tam</strong></span> <span class='ocrx_word' id='word_1_758' title='bbox 2230 4465 2513 4535; x_wconf 88' lang='lat' dir='ltr'><strong>singulare</strong></span> <span class='ocrx_word' id='word_1_759' title='bbox 2555 4463 2879 4519; x_wconf 83' lang='lat' dir='ltr'><strong>beneficium</strong></span> <span class='ocrx_word' id='word_1_760' title='bbox 2921 4476 3030 4534; x_wconf 92' lang='lat' dir='ltr'><strong>quo</strong></span> <span class='ocrx_word' id='word_1_761' title='bbox 3059 4470 3178 4518; x_wconf 90' lang='lat' dir='ltr'><strong>erat</strong></span> <span class='ocrx_word' id='word_1_762' title='bbox 3209 4461 3423 4524; x_wconf 80' lang='lat' dir='ltr'><strong>affecta,</strong></span> <span class='ocrx_word' id='word_1_763' title='bbox 3465 4460 3653 4517; x_wconf 86' lang='lat' dir='ltr'><strong>testifi-</strong></span> 
     </span>
    </p>
   </div>
   <div class='ocr_carea' id='block_1_99' title="bbox 2068 4553 3649 4624">
    <p class='ocr_par' dir='ltr' id='par_1_99' title="bbox 2068 4553 3649 4624">
     <span class='ocr_line' id='line_1_99' title="bbox 2068 4553 3649 4624; baseline -0.003 -13"><span class='ocrx_word' id='word_1_764' title='bbox 2068 4566 2308 4623; x_wconf 89' lang='lat' dir='ltr'><strong>caretur,</strong></span> <span class='ocrx_word' id='word_1_765' title='bbox 2365 4569 2430 4609; x_wconf 92' lang='lat' dir='ltr'><strong>ac</strong></span> <span class='ocrx_word' id='word_1_766' title='bbox 2482 4554 2784 4610; x_wconf 90' lang='lat' dir='ltr'><strong>secundum</strong></span> <span class='ocrx_word' id='word_1_767' title='bbox 2828 4553 2947 4622; x_wconf 86' lang='lat' dir='ltr'><strong>ejus</strong></span> <span class='ocrx_word' id='word_1_768' title='bbox 2990 4553 3391 4624; x_wconf 83' lang='lat' dir='ltr'><strong>professionem</strong></span> <span class='ocrx_word' id='word_1_769' title='bbox 3437 4553 3649 4608; x_wconf 90' lang='lat' dir='ltr'><strong>audiret</strong></span> 
     </span>
    </p>
   </div>
   <div class='ocr_carea' id='block_1_100' title="bbox 2071 4642 3651 4714">
    <p class='ocr_par' dir='ltr' id='par_1_100' title="bbox 2071 4642 3651 4714">
     <span class='ocr_line' id='line_1_100' title="bbox 2071 4642 3651 4714; baseline -0.003 -11"><span class='ocrx_word' id='word_1_770' title='bbox 2071 4648 2299 4703; x_wconf 85' lang='lat' dir='ltr'><strong>statim:</strong></span> <span class='ocrx_word' id='word_1_771' title='bbox 2334 4642 2495 4699; x_wconf 83' lang='lat' dir='ltr'><strong>Fides</strong></span> <span class='ocrx_word' id='word_1_772' title='bbox 2547 4654 2638 4697; x_wconf 89' lang='lat' dir='ltr'><strong>tua</strong></span> <span class='ocrx_word' id='word_1_773' title='bbox 2688 4653 2735 4698; x_wconf 87' lang='lat' dir='ltr'><strong>te</strong></span> <span class='ocrx_word' id='word_1_774' title='bbox 2788 4644 2990 4699; x_wconf 82' lang='lat' dir='ltr'><strong>salvam</strong></span> <span class='ocrx_word' id='word_1_775' title='bbox 3038 4644 3160 4713; x_wconf 81' lang='lat' dir='ltr'><strong>fecit</strong></span> <span class='ocrx_word' id='word_1_776' title='bbox 3186 4646 3254 4710; x_wconf 69' lang='grc' dir='ltr'><em>ιδ,</em></span> <span class='ocrx_word' id='word_1_777' title='bbox 3284 4652 3393 4714; x_wconf 84' lang='lat' dir='ltr'><strong>quo</strong></span> <span class='ocrx_word' id='word_1_778' title='bbox 3424 4653 3651 4700; x_wconf 65' lang='lat' dir='ltr'><strong>caeteros</strong></span> 
     </span>
    </p>
   </div>
   <div class='ocr_carea' id='block_1_101' title="bbox 2072 4734 3649 4804">
    <p class='ocr_par' dir='ltr' id='par_1_101' title="bbox 2072 4734 3649 4804">
     <span class='ocr_line' id='line_1_101' title="bbox 2072 4734 3649 4804; baseline -0.003 -11"><span class='ocrx_word' id='word_1_779' title='bbox 2072 4738 2140 4793; x_wconf 90' lang='lat' dir='ltr'><strong>ad</strong></span> <span class='ocrx_word' id='word_1_780' title='bbox 2175 4736 2505 4793; x_wconf 88' lang='lat' dir='ltr'><strong>credendum</strong></span> <span class='ocrx_word' id='word_1_781' title='bbox 2551 4734 2824 4801; x_wconf 88' lang='lat' dir='ltr'><strong>incitaret,</strong></span> <span class='ocrx_word' id='word_1_782' title='bbox 2870 4742 2934 4788; x_wconf 90' lang='lat' dir='ltr'><strong>ut</strong></span> <span class='ocrx_word' id='word_1_783' title='bbox 2978 4736 3359 4804; x_wconf 78' lang='lat' dir='ltr'><strong>tegritudinum</strong></span> <span class='ocrx_word' id='word_1_784' title='bbox 3412 4734 3649 4790; x_wconf 90' lang='lat' dir='ltr'><strong>remedia</strong></span> 
     </span>
    </p>
   </div>
   <div class='ocr_carea' id='block_1_102' title="bbox 2068 4819 3651 4896">
    <p class='ocr_par' dir='ltr' id='par_1_102' title="bbox 2068 4819 3651 4896">
     <span class='ocr_line' id='line_1_102' title="bbox 2068 4819 3651 4896; baseline -0.008 -13"><span class='ocrx_word' id='word_1_785' title='bbox 2068 4831 2554 4896; x_wconf 87' lang='lat' dir='ltr'><strong>consequerentur.</strong></span> <span class='ocrx_word' id='word_1_786' title='bbox 2580 4822 2881 4877; x_wconf 62' lang='lat' dir='ltr'><strong>Praeterea:</strong></span> <span class='ocrx_word' id='word_1_787' title='bbox 2915 4821 3080 4887; x_wconf 81' lang='lat' dir='ltr'><strong>Quem</strong></span> <span class='ocrx_word' id='word_1_788' title='bbox 3106 4836 3205 4883; x_wconf 88' lang='lat' dir='ltr'><strong>me,</strong></span> <span class='ocrx_word' id='word_1_789' title='bbox 3239 4820 3439 4889; x_wconf 88' lang='lat' dir='ltr'><strong>inquit,</strong></span> <span class='ocrx_word' id='word_1_790' title='bbox 3468 4819 3651 4871; x_wconf 85' lang='lat' dir='ltr'><strong>dicunt</strong></span> 
     </span>
    </p>
   </div>
   <div class='ocr_carea' id='block_1_103' title="bbox 2064 4909 3652 4983">
    <p class='ocr_par' dir='ltr' id='par_1_103' title="bbox 2064 4909 3652 4983">
     <span class='ocr_line' id='line_1_103' title="bbox 2064 4909 3652 4983; baseline -0.006 -9"><span class='ocrx_word' id='word_1_791' title='bbox 2064 4936 2175 4974; x_wconf 82' lang='lat' dir='ltr'><strong>esse</strong></span> <span class='ocrx_word' id='word_1_792' title='bbox 2238 4915 2440 4970; x_wconf 79' lang='lat' dir='ltr'><strong>Filium</strong></span> <span class='ocrx_word' id='word_1_793' title='bbox 2500 4915 2725 4970; x_wconf 81' lang='lat' dir='ltr'><strong>hominis</strong></span> <span class='ocrx_word' id='word_1_794' title='bbox 2755 4913 2834 4967; x_wconf 76' lang='lat' dir='ltr'><strong>&quot;‘l</strong></span> <span class='ocrx_word' id='word_1_795' title='bbox 2874 4910 3332 4983; x_wconf 88' lang='lat' dir='ltr'><strong>quemadmodum</strong></span> <span class='ocrx_word' id='word_1_796' title='bbox 3371 4912 3427 4965; x_wconf 93' lang='lat' dir='ltr'><strong>in</strong></span> <span class='ocrx_word' id='word_1_797' title='bbox 3462 4909 3652 4965; x_wconf 86' lang='lat' dir='ltr'><strong>Vetere</strong></span> 
     </span>
    </p>
   </div>
   <div class='ocr_carea' id='block_1_104' title="bbox 381 5000 3651 5085">
    <p class='ocr_par' dir='ltr' id='par_1_104' title="bbox 381 5000 3651 5085">
     <span class='ocr_line' id='line_1_104' title="bbox 381 5000 3651 5085; baseline -0.005 -16"><span class='ocrx_word' id='word_1_798' title='bbox 381 5016 737 5071; x_wconf 79' lang='lat' dir='ltr'><strong>Testamento</strong></span> <span class='ocrx_word' id='word_1_799' title='bbox 780 5004 1025 5085; x_wconf 88' lang='lat' dir='ltr'><strong>loquens</strong></span> <span class='ocrx_word' id='word_1_800' title='bbox 1077 5013 1239 5069; x_wconf 84' lang='lat' dir='ltr'><strong>Pater</strong></span> <span class='ocrx_word' id='word_1_801' title='bbox 1284 5012 1609 5067; x_wconf 86' lang='lat' dir='ltr'><strong>inducitur:</strong></span> <span class='ocrx_word' id='word_1_802' title='bbox 1645 5013 1815 5068; x_wconf 76' lang='lat' dir='ltr'><strong>Adam</strong></span> <span class='ocrx_word' id='word_1_803' title='bbox 1857 5010 1949 5067; x_wconf 88' lang='lat' dir='ltr'><strong>ubi</strong></span> <span class='ocrx_word' id='word_1_804' title='bbox 2001 5012 2169 5067; x_wconf 74' lang='lat' dir='ltr'><strong>es“?</strong></span> <span class='ocrx_word' id='word_1_805' title='bbox 2230 5007 2367 5063; x_wconf 85' lang='lat' dir='ltr'><strong>Nam</strong></span> <span class='ocrx_word' id='word_1_806' title='bbox 2427 5008 2521 5063; x_wconf 88' lang='lat' dir='ltr'><strong>ubi</strong></span> <span class='ocrx_word' id='word_1_807' title='bbox 2576 5014 2721 5063; x_wconf 89' lang='lat' dir='ltr'><strong>esset</strong></span> <span class='ocrx_word' id='word_1_808' title='bbox 2766 5010 3031 5068; x_wconf 88' lang='lat' dir='ltr'><strong>noverat;</strong></span> <span class='ocrx_word' id='word_1_809' title='bbox 3079 5003 3224 5058; x_wconf 90' lang='lat' dir='ltr'><strong>unde</strong></span> <span class='ocrx_word' id='word_1_810' title='bbox 3266 5001 3451 5057; x_wconf 90' lang='lat' dir='ltr'><strong>statim</strong></span> <span class='ocrx_word' id='word_1_811' title='bbox 3500 5000 3651 5054; x_wconf 90' lang='lat' dir='ltr'><strong>illum</strong></span> 
     </span>
    </p>
   </div>
   <div class='ocr_carea' id='block_1_105' title="bbox 379 5091 3653 5179">
    <p class='ocr_par' dir='ltr' id='par_1_105' title="bbox 379 5091 3653 5179">
     <span class='ocr_line' id='line_1_105' title="bbox 379 5091 3653 5179; baseline -0.005 -17"><span class='ocrx_word' id='word_1_812' title='bbox 379 5108 469 5162; x_wconf 85' lang='lat' dir='ltr'><strong>his</strong></span> <span class='ocrx_word' id='word_1_813' title='bbox 497 5108 678 5163; x_wconf 87' lang='lat' dir='ltr'><strong>verbis</strong></span> <span class='ocrx_word' id='word_1_814' title='bbox 726 5107 1048 5179; x_wconf 82' lang='lat' dir='ltr'><strong>redarguit:</strong></span> <span class='ocrx_word' id='word_1_815' title='bbox 1085 5104 1158 5160; x_wconf 81' lang='lat' dir='ltr'><strong>De</strong></span> <span class='ocrx_word' id='word_1_816' title='bbox 1195 5105 1335 5175; x_wconf 87' lang='lat' dir='ltr'><strong>ligno</strong></span> <span class='ocrx_word' id='word_1_817' title='bbox 1365 5103 1636 5158; x_wconf 82' lang='lat' dir='ltr'><strong>comedisti</strong></span> <span class='ocrx_word' id='word_1_818' title='bbox 1674 5104 1741 5157; x_wconf 70' lang='grc' dir='ltr'><em>ι’.</em></span> <span class='ocrx_word' id='word_1_819' title='bbox 1780 5102 1888 5158; x_wconf 88' lang='lat' dir='ltr'><strong>Sed</strong></span> <span class='ocrx_word' id='word_1_820' title='bbox 1930 5110 1986 5157; x_wconf 88' lang='lat' dir='ltr'><strong>et</strong></span> <span class='ocrx_word' id='word_1_821' title='bbox 2018 5101 2249 5157; x_wconf 87' lang='lat' dir='ltr'><strong>Caiuum</strong></span> <span class='ocrx_word' id='word_1_822' title='bbox 2302 5101 2588 5170; x_wconf 91' lang='lat' dir='ltr'><strong>alloquens</strong></span> <span class='ocrx_word' id='word_1_823' title='bbox 2646 5118 2659 5153; x_wconf 91' lang='lat'><strong>:</strong></span> <span class='ocrx_word' id='word_1_824' title='bbox 2722 5095 2822 5151; x_wconf 85' lang='lat' dir='ltr'><strong>Ubi</strong></span> <span class='ocrx_word' id='word_1_825' title='bbox 2868 5105 2982 5162; x_wconf 87' lang='lat' dir='ltr'><strong>est,</strong></span> <span class='ocrx_word' id='word_1_826' title='bbox 3046 5095 3250 5167; x_wconf 89' lang='lat' dir='ltr'><strong>inquit,</strong></span> <span class='ocrx_word' id='word_1_827' title='bbox 3302 5091 3432 5146; x_wconf 78' lang='lat' dir='ltr'><strong>Abel</strong></span> <span class='ocrx_word' id='word_1_828' title='bbox 3489 5092 3653 5161; x_wconf 82' lang='lat' dir='ltr'><strong>frater</strong></span> 
     </span>
    </p>
   </div>
   <div class='ocr_carea' id='block_1_106' title="bbox 384 5181 3653 5267">
    <p class='ocr_par' dir='ltr' id='par_1_106' title="bbox 384 5181 3653 5267">
     <span class='ocr_line' id='line_1_106' title="bbox 384 5181 3653 5267; baseline -0.004 -19"><span class='ocrx_word' id='word_1_829' title='bbox 384 5197 616 5251; x_wconf 78' lang='lat' dir='ltr'><strong>tuus“?</strong></span> <span class='ocrx_word' id='word_1_830' title='bbox 652 5196 841 5267; x_wconf 85' lang='lat' dir='ltr'><strong>Neque</strong></span> <span class='ocrx_word' id='word_1_831' title='bbox 871 5212 1003 5252; x_wconf 85' lang='lat' dir='ltr'><strong>vero</strong></span> <span class='ocrx_word' id='word_1_832' title='bbox 1058 5212 1155 5267; x_wconf 87' lang='lat' dir='ltr'><strong>per</strong></span> <span class='ocrx_word' id='word_1_833' title='bbox 1214 5195 1572 5267; x_wconf 76' lang='lat' dir='ltr'><strong>ignorantiam</strong></span> <span class='ocrx_word' id='word_1_834' title='bbox 1616 5194 2029 5250; x_wconf 87' lang='lat' dir='ltr'><strong>sciscitabatur.</strong></span> <span class='ocrx_word' id='word_1_835' title='bbox 2086 5189 2178 5246; x_wconf 85' lang='lat' dir='ltr'><strong>Sic</strong></span> <span class='ocrx_word' id='word_1_836' title='bbox 2232 5190 2378 5245; x_wconf 89' lang='lat' dir='ltr'><strong>enim</strong></span> <span class='ocrx_word' id='word_1_837' title='bbox 2426 5196 2615 5260; x_wconf 89' lang='lat' dir='ltr'><strong>postea</strong></span> <span class='ocrx_word' id='word_1_838' title='bbox 2659 5187 2877 5242; x_wconf 81' lang='lat' dir='ltr'><strong>locutus</strong></span> <span class='ocrx_word' id='word_1_839' title='bbox 2932 5194 3015 5240; x_wconf 87' lang='lat' dir='ltr'><strong>est</strong></span> <span class='ocrx_word' id='word_1_840' title='bbox 3059 5204 3071 5239; x_wconf 93' lang='lat'><strong>:</strong></span> <span class='ocrx_word' id='word_1_841' title='bbox 3124 5181 3442 5236; x_wconf 83' lang='lat' dir='ltr'><strong>Maledictus</strong></span> <span class='ocrx_word' id='word_1_842' title='bbox 3495 5190 3550 5233; x_wconf 85' lang='lat' dir='ltr'><strong>tu</strong></span> <span class='ocrx_word' id='word_1_843' title='bbox 3598 5181 3653 5235; x_wconf 85' lang='lat' dir='ltr'><strong>in</strong></span> 
     </span>
    </p>
   </div>
   <div class='ocr_carea' id='block_1_107' title="bbox 382 5271 3652 5361">
    <p class='ocr_par' dir='ltr' id='par_1_107' title="bbox 382 5271 3652 5361">
     <span class='ocr_line' id='line_1_107' title="bbox 382 5271 3652 5361; baseline -0.006 -18"><span class='ocrx_word' id='word_1_844' title='bbox 382 5296 547 5357; x_wconf 78' lang='lat' dir='ltr'><strong>terra,</strong></span> <span class='ocrx_word' id='word_1_845' title='bbox 578 5305 693 5361; x_wconf 65' lang='lat' dir='ltr'><strong>quia</strong></span> <span class='ocrx_word' id='word_1_846' title='bbox 716 5291 988 5346; x_wconf 83' lang='lat' dir='ltr'><strong>dehiscens</strong></span> <span class='ocrx_word' id='word_1_847' title='bbox 1024 5289 1333 5360; x_wconf 81' lang='lat' dir='ltr'><strong>sanguinem</strong></span> <span class='ocrx_word' id='word_1_848' title='bbox 1372 5289 1560 5359; x_wconf 78' lang='lat' dir='ltr'><strong>fratris</strong></span> <span class='ocrx_word' id='word_1_849' title='bbox 1589 5288 1665 5341; x_wconf 88' lang='lat' dir='ltr'><strong>tui</strong></span> <span class='ocrx_word' id='word_1_850' title='bbox 1690 5287 1888 5355; x_wconf 76' lang='lat' dir='ltr'><strong>excepit</strong></span> <span class='ocrx_word' id='word_1_851' title='bbox 1925 5302 1955 5339; x_wconf 90' lang='lat' dir='ltr'><strong>e</strong></span> <span class='ocrx_word' id='word_1_852' title='bbox 1984 5300 2145 5339; x_wconf 89' lang='lat' dir='ltr'><strong>manu</strong></span> <span class='ocrx_word' id='word_1_853' title='bbox 2172 5293 2285 5340; x_wconf 87' lang='lat' dir='ltr'><strong>tua.</strong></span> <span class='ocrx_word' id='word_1_854' title='bbox 2336 5281 2469 5337; x_wconf 86' lang='lat' dir='ltr'><strong>Ecce</strong></span> <span class='ocrx_word' id='word_1_855' title='bbox 2507 5286 2644 5336; x_wconf 89' lang='lat' dir='ltr'><strong>enim</strong></span> <span class='ocrx_word' id='word_1_856' title='bbox 2698 5279 2914 5349; x_wconf 82' lang='lat' dir='ltr'><strong>sanguis</strong></span> <span class='ocrx_word' id='word_1_857' title='bbox 2956 5277 3101 5331; x_wconf 83' lang='lat' dir='ltr'><strong>illius</strong></span> <span class='ocrx_word' id='word_1_858' title='bbox 3124 5274 3323 5328; x_wconf 89' lang='lat' dir='ltr'><strong>clamat</strong></span> <span class='ocrx_word' id='word_1_859' title='bbox 3374 5271 3442 5325; x_wconf 87' lang='lat' dir='ltr'><strong>ad</strong></span> <span class='ocrx_word' id='word_1_860' title='bbox 3492 5272 3652 5333; x_wconf 82' lang='lat' dir='ltr'><strong>me&quot;,</strong></span> 
     </span>
    </p>
   </div>
   <div class='ocr_carea' id='block_1_108' title="bbox 449 5449 1957 5539">
    <p class='ocr_par' dir='ltr' id='par_1_108' title="bbox 449 5464 1943 5539">
     <span class='ocr_line' id='line_1_108' title="bbox 449 5464 1943 5539; baseline 0 -15"><span class='ocrx_word' id='word_1_861' title='bbox 449 5465 569 5539; x_wconf 15' lang='grc' dir='ltr'><strong>’,ἢ</strong></span> <span class='ocrx_word' id='word_1_862' title='bbox 852 5466 1066 5539; x_wconf 13' lang='lat' dir='ltr'><strong>&#39;VJoan.</strong></span> <span class='ocrx_word' id='word_1_863' title='bbox 1109 5486 1183 5535; x_wconf 70' lang='grc' dir='ltr'><strong>ιι,</strong></span> <span class='ocrx_word' id='word_1_864' title='bbox 1224 5471 1312 5526; x_wconf 74' lang='grc' dir='ltr'><em>δι.</em></span> <span class='ocrx_word' id='word_1_865' title='bbox 1408 5468 1441 5539; x_wconf 17' lang='grc' dir='ltr'><em>ς’</em></span> <span class='ocrx_word' id='word_1_866' title='bbox 1481 5465 1615 5520; x_wconf 82' lang='lat' dir='ltr'><strong>Luc.</strong></span> <span class='ocrx_word' id='word_1_867' title='bbox 1674 5482 1795 5539; x_wconf 55' lang='lat' dir='ltr'><strong>vlt}.</strong></span> <span class='ocrx_word' id='word_1_868' title='bbox 1854 5464 1943 5539; x_wconf 57' lang='grc'><strong>45,</strong></span> 
     </span>
    </p>
   </div>
   <div class='ocr_carea' id='block_1_109' title="bbox 2061 5449 3653 5539">
    <p class='ocr_par' dir='ltr' id='par_1_109' title="bbox 2076 5449 3653 5539">
     <span class='ocr_line' id='line_1_109' title="bbox 2076 5449 3653 5539; baseline -0.011 -22"><span class='ocrx_word' id='word_1_869' title='bbox 2076 5461 2234 5517; x_wconf 78' lang='lat' dir='ltr'><strong>Joan.</strong></span> <span class='ocrx_word' id='word_1_870' title='bbox 2278 5475 2434 5539; x_wconf 81' lang='lat' dir='ltr'><strong>x_v_ttt,</strong></span> <span class='ocrx_word' id='word_1_871' title='bbox 2494 5455 2878 5539; x_wconf 29' lang='grc' dir='ltr'><em>ῥίψαιμι.</em></span> <span class='ocrx_word' id='word_1_872' title='bbox 2924 5453 3166 5539; x_wconf 40' lang='grc' dir='ltr'><strong>χρη-ιβ..</strong></span> <span class='ocrx_word' id='word_1_873' title='bbox 3225 5450 3536 5539; x_wconf 35' lang='grc' dir='ltr'><strong>’ξιιιιιιυηεμ1</strong></span> <span class='ocrx_word' id='word_1_874' title='bbox 3561 5449 3653 5539; x_wconf 53' lang='grc' dir='ltr'><strong>ξς..</strong></span> 
     </span>
    </p>
   </div>
   <div class='ocr_carea' id='block_1_110' title="bbox 378 5516 1957 5605">
    <p class='ocr_par' dir='ltr' id='par_1_110' title="bbox 378 5516 1942 5605">
     <span class='ocr_line' id='line_1_110' title="bbox 378 5516 1942 5605; baseline -0.001 -14"><span class='ocrx_word' id='word_1_875' title='bbox 378 5539 407 5570; x_wconf 80' lang='grc' dir='ltr'><em>-ι</em></span> <span class='ocrx_word' id='word_1_876' title='bbox 451 5516 589 5599; x_wconf 61' lang='lat' dir='ltr'><strong>an.</strong></span> <span class='ocrx_word' id='word_1_877' title='bbox 614 5516 741 5594; x_wconf 59' lang='lat' dir='ltr'><strong>is.&quot;</strong></span> <span class='ocrx_word' id='word_1_878' title='bbox 816 5539 839 5571; x_wconf 87' lang='lat'><strong>-</strong></span> <span class='ocrx_word' id='word_1_879' title='bbox 878 5516 1360 5605; x_wconf 62' lang='lat' dir='ltr'><strong>.;;.&#39;&quot;.&#39;m&#39;,&quot;tf&quot;~</strong></span> <span class='ocrx_word' id='word_1_880' title='bbox 1398 5516 1651 5596; x_wconf 45' lang='lat' dir='ltr'><strong>sunt...</strong></span> <span class='ocrx_word' id='word_1_881' title='bbox 1687 5516 1795 5590; x_wconf 67' lang='lat' dir='ltr'><strong>ns</strong></span> <span class='ocrx_word' id='word_1_882' title='bbox 1865 5516 1942 5566; x_wconf 60' lang='grc' dir='ltr'><em>τά</em></span> 
     </span>
    </p>
   </div>
   <div class='ocr_carea' id='block_1_111' title="bbox 2061 5516 3650 5605">
    <p class='ocr_par' dir='ltr' id='par_1_111' title="bbox 2061 5516 3650 5605">
     <span class='ocr_line' id='line_1_111' title="bbox 2061 5516 3650 5605; baseline -0.005 -20"><span class='ocrx_word' id='word_1_883' title='bbox 2061 5516 2252 5605; x_wconf 34' lang='grc' dir='ltr'><em>ιιι-ἀι,</em></span> <span class='ocrx_word' id='word_1_884' title='bbox 2286 5516 2846 5605; x_wconf 47' lang='lat' dir='ltr'><strong>st,_&#39;__&quot;_i_bid.__11.</strong></span> <span class='ocrx_word' id='word_1_885' title='bbox 2964 5524 3007 5555; x_wconf 78' lang='grc' dir='ltr'><strong>ιι</strong></span> <span class='ocrx_word' id='word_1_886' title='bbox 3046 5522 3377 5605; x_wconf 18' lang='lat' dir='ltr'><strong>minussi.”</strong></span> <span class='ocrx_word' id='word_1_887' title='bbox 3428 5516 3650 5605; x_wconf 40' lang='grc' dir='ltr'><em>ιινιιειε.</em></span> 
     </span>
    </p>
   </div>
   <div class='ocr_carea' id='block_1_112' title="bbox 387 5587 3650 5670">
    <p class='ocr_par' dir='ltr' id='par_1_112' title="bbox 387 5587 3650 5670">
     <span class='ocr_line' id='line_1_112' title="bbox 387 5587 3650 5670; baseline -0.006 -7"><span class='ocrx_word' id='word_1_888' title='bbox 387 5587 757 5668; x_wconf 32' lang='lat' dir='ltr'><strong>mutii-ﬂ“</strong></span> <span class='ocrx_word' id='word_1_889' title='bbox 794 5587 1172 5666; x_wconf 58' lang='grc' dir='ltr'><em>ίωίιῖιδῗἻι</em></span> <span class='ocrx_word' id='word_1_890' title='bbox 1203 5587 1560 5670; x_wconf 54' lang='grc' dir='ltr'><em>ἰιηιιιιῖἶξῂ</em></span> <span class='ocrx_word' id='word_1_891' title='bbox 1604 5587 1720 5662; x_wconf 37' lang='grc'><strong>13(</strong></span> <span class='ocrx_word' id='word_1_892' title='bbox 1770 5587 1812 5639; x_wconf 74' lang='grc' dir='ltr'><em>ί⁶</em></span> <span class='ocrx_word' id='word_1_893' title='bbox 1849 5604 1984 5661; x_wconf 84' lang='lat' dir='ltr'><strong>Gen.</strong></span> <span class='ocrx_word' id='word_1_894' title='bbox 2028 5617 2109 5668; x_wconf 86' lang='lat' dir='ltr'><strong>tu,</strong></span> <span class='ocrx_word' id='word_1_895' title='bbox 2151 5602 2205 5659; x_wconf 81' lang='lat'><strong>9.</strong></span> <span class='ocrx_word' id='word_1_896' title='bbox 2240 5587 2252 5596; x_wconf 59' lang='grc'><strong>⁷</strong></span> <span class='ocrx_word' id='word_1_897' title='bbox 2284 5602 2323 5633; x_wconf 75' lang='grc'><strong>’⁷</strong></span> <span class='ocrx_word' id='word_1_898' title='bbox 2366 5598 2497 5654; x_wconf 85' lang='lat' dir='ltr'><strong>ibid.</strong></span> <span class='ocrx_word' id='word_1_899' title='bbox 2542 5598 2628 5653; x_wconf 85' lang='lat' dir='ltr'><strong>Il.</strong></span> <span class='ocrx_word' id='word_1_900' title='bbox 2708 5598 2751 5629; x_wconf 79' lang='lat'>“</span> <span class='ocrx_word' id='word_1_901' title='bbox 2787 5593 2921 5650; x_wconf 86' lang='lat' dir='ltr'><strong>Gen.</strong></span> <span class='ocrx_word' id='word_1_902' title='bbox 2957 5609 3030 5662; x_wconf 87' lang='lat' dir='ltr'><strong>tv,</strong></span> <span class='ocrx_word' id='word_1_903' title='bbox 3058 5595 3112 5650; x_wconf 85' lang='lat'><strong>9.</strong></span> <span class='ocrx_word' id='word_1_904' title='bbox 3195 5597 3237 5628; x_wconf 81' lang='grc'><strong>¹⁹</strong></span> <span class='ocrx_word' id='word_1_905' title='bbox 3268 5590 3401 5648; x_wconf 87' lang='lat' dir='ltr'><strong>ibid.</strong></span> <span class='ocrx_word' id='word_1_906' title='bbox 3440 5590 3525 5653; x_wconf 82' lang='lat' dir='ltr'><strong>ll,</strong></span> <span class='ocrx_word' id='word_1_907' title='bbox 3562 5587 3650 5645; x_wconf 78' lang='grc'><strong>10.</strong></span> 
     </span>
    </p>
   </div>
  </div>
