3992 6198
386 249 455 306 87
1766 249 1822 307 S.
1868 245 1965 302 EPI

2071 247 2216 304 ΑΝΠ·
3591 244 3662 303 88

388 368 735 437 Quapropter
766 381 876 422 non
913 366 1218 439 ignorabat,
1250 368 1470 438 Opinor,
1500 369 1593 440 qui
1632 369 1960 440 sanguinem
1991 369 2238 424 clamare
2258 366 2497 432 dixerat,
2537 364 2634 420 sed
2665 372 2723 420 ut
2769 363 2840 420 ad
2867 364 2952 420 sui
3008 363 3429 421 excusationem
3453 351 3659 423 (locum

390 459 629 527 aliquem
667 459 1014 527 poenitentiae
1040 461 1326 524 tribueret,
1362 469 1651 532 propterea
1695 462 1974 518 sciscitari
2018 461 2215 517 voluit.
2456 540 2458 542 ν
3221 525 3229 534 κ

459 545 704 606 XXXIX.
748 552 948 608 Verum
983 553 1050 606 ad
1084 568 1238 607 suam
1280 571 1476 612 rursus
1511 557 1799 627 imperitia:
1843 572 1965 626 per-

2139 555 2262 610 AO'.
2298 553 2627 624 Στρέφονται
2649 551 2705 605 δὲ
2733 551 2894 606 πάλιν
2921 551 3002 614 εἰς
3029 549 3130 622 τὴν
3159 551 3259 620 τῆς
3279 548 3549 620 ἀμαθείας
3572 567 3662 620 φι-

391 637 649 697 tinaciam
700 646 951 700 conversi
1001 660 1194 702 omnes
1243 647 1365 704 illas
1411 648 1465 702 in
1525 647 1720 704 Vetere
1769 648 1964 703 Testa-

388 739 579 786 mento
618 748 803 798 voces,
853 733 974 789 Filii
1011 737 1264 807 proprias
1300 755 1424 795 esse
1459 740 1815 795 contendunt.
1859 739 1965 796 Sed

386 816 480 873 hic
507 821 576 875 ab
605 821 717 876 illis
745 825 1012 893 quaesitus
1045 828 1199 882 color
1231 829 1468 885 subinde
1492 829 1752 886 falsitatis
1782 830 1967 901 argui-

390 919 499 965 tur.
554 911 703 969 Idem
748 917 893 972 enim
933 919 1040 980 ille,
1074 921 1166 989 qui
1203 920 1376 992 Moysi
1413 922 1670 977 dixerat:
1703 923 1844 990 Quid
1871 924 1968 976 hoc

385 1012 486 1068 est,
527 1005 668 1075 quod
714 1008 770 1061 in
819 1026 979 1063 manu
1038 1011 1289 1066 lintres“?
1331 1015 1515 1070 statim
1575 1014 1784 1069 addidit
1813 1033 1825 1068 :
1852 1013 1966 1086 Ego

386 1111 507 1150 sum
537 1099 629 1168 qui
661 1117 778 1154 sum
808 1105 852 1157 ³.
896 1102 1032 1157 Tum
1081 1121 1210 1160 vero
1241 1105 1504 1163 Dominus
1555 1108 1697 1178 apud
1755 1107 1970 1162 Saddu-

385 1202 530 1245 canos
562 1191 631 1248 de
666 1197 1070 1252 resurrectione
1100 1197 1411 1268 disputans,
1439 1200 1596 1266 Quod
1623 1212 1799 1256 autem
1828 1218 1970 1256 mor-

387 1281 468 1334 tui
498 1295 797 1354 resurgant,
839 1287 976 1342 dixit
1018 1289 1154 1344 Deus
1217 1307 1235 1344 :
1269 1291 1381 1360 Ego
1415 1292 1578 1353 Deus.
1624 1293 1764 1348 Deus
1795 1294 1972 1348 Abra-

384 1370 531 1440 ham,
559 1385 609 1428 et
645 1375 788 1430 Deus
826 1377 1006 1444 Isaac,
1033 1389 1083 1434 at
1114 1381 1255 1437 Deus
1285 1382 1476 1438 Iacob.
1513 1384 1654 1439 Deus
1679 1402 1798 1456 ergo
1828 1387 1970 1441 vivo-

386 1479 504 1516 rum
530 1475 633 1532 est,
663 1484 768 1521 non
797 1480 1130 1525 mortuorum
1156 1474 1198 1527 ³.
1243 1473 1474 1530 Possum
1506 1484 1561 1531 et
1591 1478 1698 1531 alia
1726 1493 1969 1534 comme—

384 1568 606 1612 morare
643 1561 1070 1631 quamplurima,
1115 1580 1243 1634 quze
1270 1565 1322 1619 in
1369 1565 1564 1623 Vetere
1609 1569 1968 1624 Testamento

385 1660 454 1700 ex
480 1647 656 1704 Patris
678 1667 912 1721 persona
940 1657 1256 1710 suntdicta.
1283 1657 1608 1728 Quanquam
1655 1668 1709 1714 et
1749 1678 1814 1716 ex
1841 1661 1964 1716 Filii

385 1750 624 1804 persona
687 1743 910 1810 saepius,
961 1751 1016 1797 et
1047 1743 1287 1814 Spiritus
1315 1749 1515 1810 sancti,
1546 1747 1809 1803 nonnulla
1838 1757 1967 1803 sunt

386 1839 634 1895 aspersa.
700 1829 801 1884 Ubi
827 1841 928 1897 est,
964 1834 1161 1904 inquit,
1213 1833 1353 1890 Sara
1400 1853 1536 1890 uxor
1582 1847 1674 1892 tua
1694 1837 1746 1893 ‘1’
1793 1839 1966 1894 Abra-

384 1908 550 1979 hamo
575 1921 716 1976 dixit
741 1925 834 1994 qui
863 1940 987 1980 cum
1014 1927 1235 1985 duobus
1264 1930 1475 1999 angelis
1497 1945 1528 1985 e
1551 1931 1693 1985 cmlo
1712 1931 1970 2001 delapsus
2000 1907 2042 1962 Β

384 2024 498 2066 erat
517 2013 610 2068 Dei
637 2015 829 2072 Filius.
857 2019 988 2073 Nam
1012 2021 1056 2076 si
1083 2022 1174 2075 ubi
1200 2030 1345 2077 esset
1372 2023 1671 2093 ignoraret,
1697 2039 1804 2078 non
1829 2025 1981 2081 dice“

383 2109 469 2155 ret
499 2102 686 2158 :Risit'
724 2123 844 2176 ergo
891 2108 1032 2162 Sara
1056 2111 1199 2165 intra
1231 2111 1501 2167 domum".
1544 2112 1754 2177 Quibus
1787 2115 1970 2169 verbis

383 2189 730 2250 modestiam:
742 2198 892 2255 illius
917 2211 971 2256 et
1001 2205 1334 2272 gravitatem
1367 2205 1660 2261 ostendere
1692 2191 1886 2272 voluit,
1916 2214 1970 2261 et

384 2285 450 2338 ad
486 2302 673 2342 earum
723 2306 846 2360 qua:
890 2308 956 2347 ex
1009 2295 1196 2348 animo
1245 2297 1705 2366 pietatem‘sequi
1758 2298 1968 2365 volunt,

382 2379 693 2446 exemplum
727 2379 1055 2456 proponere,
1090 2392 1171 2447 ut,
1209 2369 1430 2454 quoties
1468 2387 1786 2456 peregrinos
1816 2388 1968 2442 exci-

384 2467 562 2535 piunt,
619 2469 694 2522 ita
751 2487 851 2526 suo
894 2454 1246 2530 illis'labore
1297 2454 1564 2540 serviant,
1598 2454 1658 2530 ut
1690 2479 1970 2534 modestia:

384 2573 657 2616 memores
707 2565 914 2618 vultum
953 2582 1114 2620 suum
1169 2567 1414 2622 virorum
1466 2568 1710 2637 aspectui
1763 2571 1968 2625 subdu-

382 2659 531 2706 cant.
577 2653 791 2726 Quippe
834 2656 992 2711 beata
1042 2659 1134 2712 illa
1183 2659 1378 2714 mulier
1419 2661 1638 2730 epulum
1673 2661 1781 2718 illis
1810 2661 1971 2716 ador-

382 2745 580 2799 navit:
610 2762 720 2817 quo
766 2747 942 2803 olllcio
989 2749 1274 2820 perfuncta
1317 2750 1528 2822 angelis
1578 2769 1638 2808 se
1682 2753 1966 2810 visendam

383 2851 494 2892 non
545 2839 814 2908 praebuit;
873 2843 1229 2898 memorabile
1280 2845 1518 2914 posteris
1578 2846 1859 2916 pudicitiae
1900 2862 1966 2901 ac

381 2932 669 3002 gravitatis
721 2935 1053 3004 exemplum.
1092 2936 1291 2991 Verum
1327 2947 1385 2991 ut
1420 2939 1513 3009 qui
1548 2937 1738 2995 aderat
1765 2939 1966 3012 hospes

380 3022 693 3092 cujusmodi
729 3033 878 3080 esset
920 3026 1340 3096 intelligeretur,
1374 3029 1620 3085 mulieris
1650 3045 1851 3086 nomen
1881 3047 1967 3087 ex-

380 3117 730 3184 pressit:is,
781 3117 1027 3188 inquam,
1085 3119 1193 3193 45
1253 3121 1347 3191 qui
1410 3137 1507 3191 per
1556 3122 1690 3176 illud
1750 3133 1967 3194 tempus

2071 647 2358 710 λονεικίαν,
2375 644 2468 700 καί
2497 661 2660 713 φασιν
2690 641 2858 696 αὐτοῦ
2880 642 2979 695 τοῦ
3002 641 3137 694 Υἱοῦ
3161 637 3301 694 εἶναι
3323 639 3530 705 ταύτας
3560 642 3661 706 τὰς

2070 738 2257 810 φωνὰς
2297 739 2356 791 ἐν
2388 739 2458 808 τῇ
2487 736 2721 807 Παλαιᾷ.
2774 733 2951 797 Εὐθὺς
2991 733 3048 787 δὲ
3074 732 3360 803 ἐλέγχεται
3388 733 3568 786 αὐτῶν
3596 735 3695 793 τὸ,

2069 831 2429 904 ἐπιτήδευμα.
2469 830 2528 884 '0
2554 828 2662 899 γὰρ
2687 825 2855 880 εἰπὼν
2897 824 2975 896 τῷ
3008 827 3217 896 Μωῦσῇ
3237 842 3249 855 ·
3289 825 3354 879 Τί
3383 825 3562 879 τοῦτο
3575 823 3661 878 ’ῖὸ

2067 925 2138 978 ἐν
2168 923 2244 992 τῇ
2281 922 2436 994 χειρί
2473 934 2621 984 σου,
2671 918 2832 981 αὐτὸς
2875 916 3087 984 ἔλεγεν,
3133 913 3276 984 Ἐγώ
3320 917 3435 983 ειμι
3477 917 3511 969 ὁ
3549 912 3656 968 ὢν.

2070 1017 2181 1070 Καί
2203 1033 2370 1087 φησιν
2383 1017 2411 1068 6
2427 1013 2629 1084 Κύριος
2647 1014 2759 1074 τοῖς
2775 1007 3149 1073 Σαδδουκαίοις
3166 1015 3233 1060 πε
3241 1007 3294 1078 ρὶ
3309 1005 3659 1069 ἀναστάσεως

2069 1107 2425 1178 διηγούμενος
2447 1124 2461 1137 ’
2495 1106 2615 1160 ’Ότι
2647 1103 2717 1158 δὲ
2746 1104 3075 1174 ἐγείρονται
3105 1104 3158 1156 οἱ
3180 1101 3403 1168 νεκροὶ,
3425 1094 3595 1153 εἷπεν
3622 1101 3657 1152 d

2073 1199 2237 1265 Θεὸς,
2264 1198 2404 1269 Ἐγὼ
2421 1201 2455 1252 ὁ
2471 1197 2634 1263 Θεὸς,
2656 1196 2799 1261 Θεὸς
2814 1193 3078 1263 Ἀϐραὰμ,
3107 1192 3202 1246 καὶ
3223 1195 3255 1246 ό
3274 1191 3418 1257 Θεὸς
3433 1189 3656 1256 Ἰσαὰκ,

2071 1293 2167 1346 καὶ
2191 1295 2223 1346 ό
2246 1291 2390 1357 Θεὸς
2403 1288 2620 1344 Ἰακώϐσ
2645 1287 2790 1353 Θεὸς
2806 1283 2922 1340 οὖν
2937 1287 3068 1339 ἐστι
3085 1284 3334 1349 ζώντων,
3353 1282 3451 1336 καὶ
3477 1285 3549 1336 οὐ
3568 1299 3661 1334 νε-

2069 1384 2246 1454 κρῶν.
2277 1383 2388 1438 Kal.
2412 1382 2573 1436 πάλιν
2597 1379 2770 1434 πολλά
2799 1379 2914 1432 ἔστι
2936 1378 3130 1444 δεῖξαι,
3154 1378 3233 1430 ὅτι
3263 1378 3328 1429 ὲκ
3362 1374 3656 1447 προσώπου

2067 1475 2161 1528 τοῦ
2191 1474 2404 1544 Πατρός
2438 1474 2586 1525 ἐστιν
2628 1472 2686 1524 ὲν
2710 1473 2774 1542 τῇ
2827 1470 3039 1540 Παλαιᾷ
3080 1467 3321 1538 Διαθήκῃ
3364 1465 3652 1537 εἰρημένα.

2082 1565 2242 1618 Ἀλλά
2272 1564 2366 1619 καὶ
2409 1564 2474 1616 ἐκ
2503 1562 2799 1635 προσώπου
2845 1560 2939 1616 τοῦ
2970 1559 3102 1614 Υἱοῦ
3137 1559 3417 1620 πολλάκις,
3465 1559 3561 1610 καὶ
3591 1558 3657 1609 ἐκ
3751 1591 3758 1602 ι

2069 1657 2363 1730 προσώπου
2410 1655 2574 1710 πάλιν
2607 1654 2704 1709 τοῦ
2750 1653 2907 1723 ἁγίου
2952 1651 3293 1723 Πνεύματος.
3350 1650 3492 1713 Καὶ,
3529 1649 3656 1703 Ποῦ

2067 1751 2267 1821 Σάῤῥα
2301 1751 2340 1818 ἡ
2377 1749 2534 1820 γυνή
2571 1764 2725 1811 σου;
2780 1746 2859 1813 τῷ
2903 1743 3154 1816 Ἀϐραὰμ
3193 1743 3376 1811 ἔλεγεν
3411 1744 3440 1795 6
3483 1740 3655 1794 ὲλθὼν

2067 1841 2273 1898 ἀνωθεν
2311 1842 2407 1895 σὺν
2445 1841 2554 1904 τοῖς
2577 1839 2732 1892 δυσὶν
2761 1835 3010 1906 ἀγγέλοις
3035 1836 3168 1897 υἱοῖς
3186 1835 3226 1865 ¹¹
3253 1833 3404 1886 Θεοῦ,
3454 1832 3516 1883 Ei
3543 1829 3650 1900 γὰρ

2071 1934 2255 2006 ἠγνόει
2295 1933 2398 1987 ποῦ
2421 1932 2589 1994 ἔστιν,
2620 1931 2720 1984 οὐκ
2747 1929 2812 1983 ἂν
2845 1929 3029 1997 ἔλεγεν
3046 1945 3062 1958 ο
3122 1925 3444 1996 Ἐγέλασεν
3468 1918 3580 1976 οὖν
3607 1922 3646 1989 ἠ

2071 2029 2271 2097 Σάρῤα
2296 2026 2478 2082 ἔνδον
2509 2019 2669 2080 οὖσα
2689 2063 2703 2087 ,
2745 2020 2858 2094 (57)
2903 2020 3151 2092 βούλεται
3181 2017 3348 2088 αὐτῆς
3377 2014 3653 2080 ὑποδεῖξαι

2070 2119 2170 2189 τήν
2207 2116 2514 2188 σεμνότητα
2552 2113 2916 2186 ὑπογραμμὸν
2956 2112 3068 2167 τῶν
3102 2109 3373 2165 θελουσῶν
3409 2106 3657 2161 εὐσεϐεῖν

2071 2212 2130 2265 ὲν
2153 2208 2380 2280 ἀληθεία
2399 2224 2412 2239 °
2441 2208 2509 2261 ἵν’
2525 2208 2614 2261 ὅτε
2642 2205 2989 2276 ὑποδέχονται
3013 2203 3196 2271 ξένους
3222 2200 3284 2267 ἐξ
3305 2200 3449 2254 ἰδίων
3475 2199 3659 2270 καμά-

2071 2319 2200 2366 των,
2217 2299 2546 2372 ,ὑπηρετῶσι
2572 2299 2691 2370 μὲν,
2713 2297 2802 2351 διὰ
2823 2297 2878 2350 δὲ
2906 2297 3003 2368 τὴν
3031 2294 3334 2366 σεμνότητα
3375 2291 3437 2345 τὸ
3482 2292 3659 2362 πρόσ-¹

2070 2411 2219 2449 ωπον
2246 2394 2424 2448 αὐτῶν
2462 2395 2574 2456 τοῖς
2602 2381 2824 2464 ἀνδράσι
2855 2389 2929 2460 μή
2959 2385 3398 2442 ὐποδεικνύωσιν.
3438 2382 3658 2454 Ἐκείνη

2071 2487 2179 2560 γὰρ
2220 2489 2253 2554 ή
2283 2486 2529 2558 μακαρία
2586 2485 2802 2548 πάντως
2845 2482 3138 2552 ὲξήρτυσε,
3181 2479 3276 2532 καὶ
3311 2475 3659 2548 ἐξαρτύσασα

2070 2580 2149 2642 εῐς
2179 2577 2472 2650 πρόσωπον
2514 2576 2762 2645 ἀγγέλων
2799 2574 2898 2627 οὐκ
2923 2571 3080 2644 ὤφθη
3099 2614 3114 2636 ,
3159 2565 3490 2642 σεμνότητος
3521 2569 3657 2624 ὑπο-

2068 2667 2326 2741 γραμμδν
2387 2668 2766 2723 ὑποϐάλλουσα
2817 2668 2938 2728 ταῖς
2993 2665 3131 2735 μετά
3184 2662 3360 2716 ταῦτα
3414 2662 3656 2730 γενεαῖς.

2081 2760 2242 2815 Ἀλλά
2269 2761 2365 2815 καὶ
2407 2760 2495 2814 ἵνα
2522 2760 2670 2833 δείξῃ
2703 2761 2730 2813 ὁ
2776 2757 2964 2831 παρὼν
2992 2756 3078 2821 τίς
3124 2758 3291 2820 ἐστιν,
3339 2754 3511 2824 ὄνομα
3555 2753 3658 2822 τῆς

2068 2854 2326 2925 γυναικὸς
2367 2853 2572 2920 ὲκάλει,
2603 2854 2632 2906 6
2671 2849 3020 2918 ἐπιξενωθεὶς
3065 2849 3201 2921 πρὸς
3243 2847 3341 2918 τὴν
3367 2846 3536 2917 ὥραν,
3571 2846 3656 2898 ὅτι

2067 2946 2192 3001 οὔτε
2216 2946 2276 3001 τὸ
2301 2946 2473 3018 ὄνομα
2499 2944 2669 3016 αὐτῆς
2697 2943 2940 3014 λέληθεν,
2971 2941 3093 2996 οὔτε
3119 2939 3364 3012 πλάσμα,
3399 2938 3523 3002 οὒτε
3548 2938 3660 2991 δια-

2067 3038 2245 3110 νόημα
2271 3036 2580 3110 ἀνθρώπου.
2627 3037 2766 3092 Τίνα
2785 3054 2884 3105 με,
2918 3034 3071 3107 φησὶ,
3104 3032 3393 3103 λέγουσιν
3419 3026 3571 3085 εἶναι
3600 3032 3657 3084 οι

2066 3133 2366 3201 ἅνθρωποι
2411 3131 2518 3184 τὸν
2557 3129 2691 3184 Υἰὸν
2732 3129 2838 3184 τοῦ
2883 3127 3234 3197 ἀνθρώπου;
3285 3124 3379 3178 καὶ
3420 3125 3510 3178 τὸν
3555 3123 3658 3195 μὲν

384 3208 630 3278 hospitio
685 3217 807 3263 erat
867 3218 1184 3281 exceptus;
1254 3226 1364 3284 quo
1415 3213 1766 3283 perspicuum
1818 3220 1965 3270 esset

2070 3224 2199 3278 Υιὸν
2236 3222 2330 3276 τοῦ
2363 3218 2652 3294 ἀνθρώπου
2687 3219 2849 3282 αὐτὸς
2907 3218 3104 3290 φράζει
3130 3216 3436 3308 ὁμολογῶν,
3459 3216 3545 3308 ἵνα
3578 3213 3658 3286 μὴ

379 3315 559 3370 neque
610 3314 808 3355 nomen
864 3302 1071 3372 ipsius,
1127 3319 1229 3360 nec
1287 3305 1598 3375 opiﬁcium,
1655 3305 1964 3362 hominisve

2070 3318 2334 3388 νομίσωσι
2355 3312 2596 3387 περὶτοῦ
2619 3310 2853 3384 ἀοράτου
2876 3311 3040 3364 αὐτὸν
3063 3310 3274 3383 ἐρωτᾷν
3296 3326 3309 3339 ο
3347 3309 3396 3360 οἱ
3421 3307 3477 3361 δέ
3495 3323 3657 3376 φασι,

379 3392 767 3464 cogitationem
797 3394 964 3450 ullam
1017 3397 1188 3452 latere
1218 3412 1339 3453 sese
1369 3412 1552 3468 posse.
1586 3396 1744 3465 Quod
1777 3405 1960 3454 autem

379 3481 450 3540 ad
495 3484 626 3540 illud
685 3486 924 3541 attinet:
959 3485 1127 3553 Quem
1181 3484 1265 3543 me
1317 3487 1498 3544 dicunt
1565 3488 1800 3544 homines
1849 3505 1963 3544 esse

379 3573 584 3630 Filium
600 3576 824 3633 hominis
842 3579 888 3633 ’ἲ
915 3579 1036 3634 ideo
1068 3577 1266 3635 Filium
1303 3581 1544 3637 hominis
1581 3581 1825 3652 seipsum
1856 3581 1960 3638 hoc

380 3670 503 3724 loco
545 3671 870 3737 confitetur,
909 3683 966 3727 ut
1007 3688 1074 3727 ne
1103 3671 1172 3729 de
1205 3689 1293 3739 eo,
1327 3674 1421 3745 qni
1454 3674 1628 3729 videri
1663 3689 1770 3729 non
1807 3683 1960 3744 pote-

381 3773 492 3829 rat,
534 3764 876 3837 interrogare
906 3782 966 3822 se
991 3767 1304 3824 crederent.
1353 3767 1838 3837 Respondentibus
1883 3769 1962 3824 di-

377 3856 602 3926 scipulis
627 3855 822 3924 Eliam,
855 3856 1170 3920 Jeremiam.
1200 3869 1254 3914 et
1283 3857 1584 3915 Joamkm:
1623 3859 1725 3915 Vos
1758 3869 1956 3926 autem,

377 3945 578 4017 inquit,
631 3966 780 4018 quem
812 3967 890 4004 me
929 3967 1041 4006 esse
1074 3951 1287 4009 dicitis?
1323 3950 1400 4007 Tu
1420 3969 1499 4017 es,
1529 3951 1707 4023 inquit
1735 3951 1956 4019 Petrus,

2079 3408 2290 3472 Ἠλίαν,
2313 3408 2408 3462 καὶ
2437 3405 2729 3478 Ἰερεμίαν,
2755 3403 2849 3457 καί
2887 3401 3162 3472 Ἰωάννην.
3203 3399 3390 3470 Ὑμεῖς
3423 3397 3492 3452 δὲ
3518 3399 3659 3452 τίνα

2062 3519 2140 3572 με
2169 3500 2410 3572 λέγετε-ς
2449 3475 2532 3554 Si}
2562 3475 2617 3553 sl
2649 3475 2972 3566 όῖἴριστὸς
3002 3497 3035 3550 ὁ
3083 3493 3216 3560 Υἱὸς
3239 3491 3346 3546 τοῦ
3373 3488 3522 3545 Θεοῦ
3547 3489 3658 3544 τοῦ

2069 3585 2305 3654 ζῶντος,
2334 3586 2540 3658 Πέτρος
2579 3584 2745 3658 φησι·
2777 3584 2873 3639 καὶ
2899 3583 3061 3646 εὐθύς
3093 3578 3409 3654 μακαρίζει.
3446 3579 3521 3634 Οὐ
3547 3576 3661 3650 γὰρ

2065 3679 2274 3749 ἀγνοῶν
2301 3675 2519 3750 ἠρώτα,
2567 3676 2703 3730 ἀλλά
2741 3677 2910 3742 δεῖξαι
2971 3675 3290 3746 βουλόμενος
3327 3673 3408 3726 ὄτι
3443 3670 3660 3742 Πατρός

2066 3771 2214 3825 ἐστιν
2249 3771 2282 3841 ἡ
2313 3768 2500 3840 διδαχὴ
2529 3770 2562 3840 ἠ
2597 3769 2724 3822 Υἱὸν
2740 3771 2804 3839 τῇ
2836 3766 3132 3837 Ἐκκλησία
3164 3762 3414 3833 ἀληθινὸν
3451 3759 3660 3833 κηρύτ-

2065 3879 2232 3914 τουσα
2251 3878 2263 3891 ·
2319 3859 2404 3913 ἵνα
2440 3859 2758 3931 ἀναγκασθῇ
2789 3859 2818 3911 6
2858 3858 3062 3928 Πέτρος
3089 3855 3268 3924 λέγειν
3298 3853 3334 3906 ἃ.
3366 3852 3516 3922 παρά
3556 3849 3658 3904 τοῦ

2067 3951 2577 4025 Πατρὸςνὲδιδάχθη.

380 4037 555 4094 Filius
593 4038 844 4098 Dcivivi.
876 4040 996 4096 Mox
1055 4043 1272 4100 beatum
1329 4043 1479 4099 illum
1533 4043 1813 4115 prwdicat.
1859 4044 1977 4101 Non
2027 4046 2172 4100 enim
2210 4045 2472 4116 ignorans
2525 4042 2928 4114 interrogabat;
2965 4039 3061 4096 sed
3123 4046 3183 4094 ut
3249 4037 3580 4102 ostenderet,
3621 4052 3656 4091 ιι

379 4131 539 4187 Patre
571 4131 881 4202 profectam
903 4133 1049 4187 illam
1075 4149 1199 4190 esse
1232 4134 1564 4200 doctrinam,
1602 4153 1722 4206 quae
1753 4135 1949 4190 Filium
2008 4154 2198 4193 verum
2263 4152 2329 4192 ac
2393 4151 2718 4208 germanum
2771 4149 2896 4190 esse
2943 4133 3201 4189 tradebat
3245 4132 3548 4197 Ecclesiae;
3591 4135 3656 4184 ut

380 4221 576 4278 Petrus
602 4224 668 4277 ad
697 4239 760 4279 ea
789 4240 912 4294 qua:
937 4240 970 4278 a
1001 4222 1161 4279 Patre
1189 4225 1460 4290 audierat,
1507 4229 1813 4297 proﬁtenda
1863 4237 2178 4300 cogeretur.

457 4312 566 4368 XL.
608 4311 796 4384 Neque
823 4329 953 4370 vero
984 4317 1174 4371 mirari
1212 4317 1554 4388 debesquod
1587 4318 1826 4376 dixerit:
1860 4320 1964 4376 Per

383 4423 464 4460 me
499 4406 864 4477 ingrediuntur
907 4409 975 4462 ad
1011 4408 1232 4464 Patrem
1257 4409 1299 4476 ⁷,
1351 4420 1446 4464 aut
1478 4409 1685 4468 ideirco
1723 4428 1751 4465 ιι
1784 4411 1965 4468 Patris

382 4499 691 4555 substantia
721 4499 1040 4556 existimare
1082 4499 1359 4558 diversum
1388 4519 1402 4567 ;
1440 4517 1564 4556 nam
1599 4513 1654 4558 ct
1681 4502 1823 4559 idem
1856 4505 1966 4560 alio

2132 4322 2223 4376 M'.
2276 4320 2384 4374 Καὶ
2428 4320 2508 4392 μή
2554 4318 2844 4390 θαυμάσῃς
2900 4316 2996 4370 ἐὰν
3034 4291 3190 4388 εἴπῃ,
3233 4316 3322 4369 ὅτι
3384 4316 3464 4370 Δι’
3505 4313 3660 4386 ἐμοῦ

2062 4414 2437 4484 εἰσέρχονται
2481 4411 2632 4482 πρὸς
2680 4413 2788 4466 τὸν
2834 4409 3102 4480 Πατέρα,
3143 4411 3241 4464 καὶ
3290 4409 3658 4481 ἠλλοιωμένον

2067 4504 2162 4576 τῆς
2189 4504 2283 4559 τοῦ
2318 4504 2533 4576 Πατρὸς
2572 4503 2764 4566 οὐσίας
2798 4502 3108 4574 ὐπολάὃῃς·
3145 4502 3309 4566 αὐτὸς
3342 4501 3450 4573 γὰρ
3490 4500 3660 4556 πάλιν

383 4594 505 4648 loco
554 4592 635 4648 sic
681 4592 962 4663 loquitur:
999 4593 1167 4650 Nemo
1204 4597 1339 4650 venit
1387 4596 1459 4650 ad
1501 4613 1601 4662 me,
1649 4599 1753 4653 nisi
1794 4598 1960 4654 Pater

2070 4597 2322 4664 διδάσκει,
2345 4597 2560 4663 Οὐδεὶς
2583 4597 2816 4667 ἔρχεται
2849 4598 3001 4666 πρός
3019 4613 3116 4666 με,
3149 4595 3259 4648 ἐὰν
3280 4594 3366 4664 μὴ
3392 4597 3424 4648 ό
3451 4593 3660 4679 Πατὴρ

381 4687 875 4754 traxerit.ipsum-”.
910 4685 1089 4754 Quare
1147 4688 1292 4743 sicut
1348 4688 1508 4744 Pater
1544 4689 1708 4744 mittit
1757 4691 1823 4745 ad
1870 4689 1960 4746 ιιι-η

380 4780 537 4843 lium,
570 4778 644 4833 ita
685 4776 856 4834 Filius
891 4779 959 4834 ad
990 4779 1210 4836 Patrem
1246 4781 1488 4844 deducit,
1534 4791 1594 4836 ut
1623 4798 1786 4836 unam
1819 4798 1963 4838 eam.-

379 4872 616 4942 dcmque
650 4871 1003 4928 Divinitatem
1039 4889 1163 4929 esse
1197 4881 1619 4930 commonstret.
1661 4872 1782 4928 1am
1814 4873 1963 4943 quod

381 4964 655 5034 scriptum
709 4970 845 5021 est:
901 4963 1222 5018 Proredebat
1281 4975 1439 5020 mtate
1490 4975 1539 5020 et
1597 4967 1961 5036 sapientia“;

383 5049 476 5106 Dei
517 5053 785 5120 sapientia
841 5059 948 5118 est,
1002 5052 1273 5121 sapient-ia
1326 5070 1437 5110 non
1488 5054 1716 5125 indiget.
1759 5055 1960 5111 Verum

380 5159 506 5198 cum
526 5143 816 5198 exiuanivit
835 5142 1438 5211 semetipsum,.formam
1457 5145 1591 5198 servi
1616 5147 1874 5214 accipiens
1897 5148 1964 5210 “',

384 5237 517 5291 nihil
561 5237 629 5293 de
675 5253 746 5292 eo.
780 5237 924 5308 quod
964 5237 1182 5306 plenum
1232 5246 1350 5292 erat
1397 5239 1832 5309 perfectumque,
1875 5241 1970 5296 dc-

383 5337 616 5384 traetum
665 5340 774 5397 est,
830 5329 925 5386 sed
976 5330 1080 5384 hoc
1131 5346 1298 5384 unum
1343 5331 1726 5388 demonstrare
1772 5331 1967 5396 voluit,

2064 4690 2253 4746 αὑτὸν
2278 4690 2537 4761 ἐλκύσῃ.
2573 4691 2662 4755 Ὠς
2685 4689 2816 4759 γοῦν
2847 4692 2877 4744 6
2916 4688 3105 4760 Πατὴρ
3142 4687 3349 4758 πέμπει
3391 4685 3526 4758 πρὸς
3551 4672 3658 4740 ’τὸν

2070 4783 2219 4849 Υἱὸν,
2242 4784 2336 4837 καὶ
2355 4784 2384 4836 ὁ
2407 4784 2534 4848 Υἱὸς
2557 4783 2805 4855 εἰσφέρει
2833 4782 2969 4855 πρὸς
2997 4781 3090 4835 τὸν
3111 4780 3332 4853 Πατέρα
3351 4797 3365 4811 ο
3398 4780 3483 4833 ἵνα
3505 4777 3657 4850 δείξῃ

2072 4875 2202 4947 μίαν
2230 4875 2326 4928 καὶ
2354 4875 2451 4946 τὴν
2491 4875 2662 4945 αὐτὴν
2705 4868 2844 4927 εἶναι
2873 4872 3136 4943 Θεότητα.
3179 4870 3252 4924 Τὸ
3289 4870 3368 4934 δὲ,
3396 4867 3658 4937 Προέκο-

2071 4981 2219 5021 alter
2247 4967 2456 5036 ἡλικίᾳ
2484 4967 2583 5021 καὶ
2626 4966 2843 5036 σοφίᾳ,
2881 4965 2979 5034 ήη
3010 4963 3174 5033 σοφία
3201 4962 3320 5014 ἐστὶ
3341 4959 3458 5014 ,τοῦ
3494 4959 3663 5026 Θεοῦ,

2070 5059 2171 5114 οὐκ
2199 5058 2441 5114 ὲνδέεται
2472 5059 2692 5129 capiatr
2717 5057 2833 5112 ἀλλ’
2857 5055 3045 5127 ἐπειδὴ
3085 5053 3411 5108 Ἐκένωσέν
3437 5050 3664 5105 ἑαυτὸν

2065 5150 2311 5220 μορφὴν
2339 5149 2564 5204 δούλου
2586 5150 2810 5214 λαϐὼν,
2850 5149 2916 5203 οὐ.
2945 5147 3007 5202 τὺ
3038 5147 3312 5218 πλήρωμα
3333 5141 3616 5214 ἠλαττώθη
3641 5160 3658 5174 ·

2067 5243 2180 5296 ἀλλ’
2211 5243 2301 5296 ἵνα
2320 5241 2468 5313 δείξῃ
2496 5244 2589 5296 ἀπ’
2617 5242 2849 5312 οὐρανοῦ
2879 5237 3328 5314 μετακενωθέντα
3351 5237 3432 5300 εἰς
3452 5233 3661 5304 ἀνθρω·

2068 5333 2298 5404 πότητα,
2329 5334 2609 5388 τουτέστιν
2658 5336 2739 5399 εἰς
2777 5334 3141 5405 ἐργαστήριον
3181 5329 3422 5400 Μαρίας.
3453 5326 3663 5393 Μύρον

455 5485 472 5518 ¹
517 5483 687 5539 Exod.
732 5501 804 5549 ιν,
843 5489 897 5542 2.
976 5489 995 5518 ²
1037 5486 1206 5542 Exod.
1249 5504 1331 5553 ιιι,
1380 5489 1462 5543 M.
1539 5491 1560 5521 ³
1601 5488 1766 5544 Marc.
1812 5504 1909 5550 ιιιι,
1950 5487 1965 5540 ε

2076 5489 2164 5541 27.
2241 5489 2262 5520 ⁸
2305 5489 2439 5544 Gen.
2485 5507 2640 5553 xvm,
2683 5491 2737 5546 9.
2816 5490 2838 5521 ⁸
2877 5488 3118 5544 ibid.l(l.
3207 5487 3228 5518 ⁶
3269 5483 3460 5538 Matth.
3504 5494 3646 5546 tum.

386 5553 451 5625 β
489 5570 609 5624 sqq.
683 5555 703 5585 ⁷
741 5554 898 5611 Joan.
942 5574 1052 5626 xlv,
1093 5560 1144 5612 ti.
1219 5560 1238 5590 ⁸
1273 5559 1432 5613 .loan.
1467 5577 1539 5617 γι.
1584 5561 1673 5615 Η.
1751 5561 1771 5591 ⁹
1810 5558 1951 5614 Luc;

2090 5559 2178 5615 52.
2225 5560 2266 5592 '°
2305 5559 2538 5632 Philipp.
2585 5563 2718 5628 11,7.
2798 5561 2836 5592 “
2873 5556 2932 5614 Ρ.
2970 5557 3104 5622 υἱός.

457 5674 568 5746 (57)
601 5678 761 5732 Deest
802 5677 1101 5749 quidpiam.

3189 5558 3232 5589 ”
3262 5553 3324 5612 F.
3354 5555 3434 5610 et.
