  <div class='ocr_page' id='page_1' title='image "/cluster/home/n/w/nwhite01/storage/ocr_20150623/43/hvd.32044054272794/050.png"; bbox 0 0 3992 6198; ppageno 0'>
   <div class='ocr_carea' id='block_1_1' title="bbox 273 315 1874 378">
    <p class='ocr_par' dir='ltr' id='par_1_1' title="bbox 273 315 1874 375">
     <span class='ocr_line' id='line_1_1' title="bbox 273 315 1874 375; baseline 0.002 -6"><span class='ocrx_word' id='word_1_1' title='bbox 273 317 344 375; x_wconf 79' lang='lat'><strong>89</strong></span> <span class='ocrx_word' id='word_1_2' title='bbox 1712 315 1874 373; x_wconf 82' lang='lat' dir='ltr'><strong>ANC(</strong></span> 
     </span>
    </p>
   </div>
   <div class='ocr_carea' id='block_1_2' title="bbox 1982 315 3557 378">
    <p class='ocr_par' dir='ltr' id='par_1_2' title="bbox 1982 318 3557 378">
     <span class='ocr_line' id='line_1_2' title="bbox 1982 318 3557 378; baseline 0.004 -6"><span class='ocrx_word' id='word_1_3' title='bbox 1982 318 2153 375; x_wconf 50' lang='lat' dir='ltr'><strong>iTUS.</strong></span> <span class='ocrx_word' id='word_1_4' title='bbox 3332 350 3335 361; x_wconf 65' lang='grc' dir='ltr'><em>ν</em></span> <span class='ocrx_word' id='word_1_5' title='bbox 3488 322 3557 378; x_wconf 76' lang='grc' dir='ltr'>θῦ</span> 
     </span>
    </p>
   </div>
   <div class='ocr_carea' id='block_1_3' title="bbox 277 426 1874 503">
    <p class='ocr_par' dir='ltr' id='par_1_3' title="bbox 277 426 1874 503">
     <span class='ocr_line' id='line_1_3' title="bbox 277 426 1874 503; baseline 0 -17"><span class='ocrx_word' id='word_1_6' title='bbox 277 431 390 503; x_wconf 67' lang='grc' dir='ltr'>γὶρ</span> <span class='ocrx_word' id='word_1_7' title='bbox 423 428 767 485; x_wconf 75' lang='grc' dir='ltr'>ἐκκενωοὲν</span> <span class='ocrx_word' id='word_1_8' title='bbox 799 427 986 497; x_wconf 79' lang='grc' dir='ltr'>ὄνομά</span> <span class='ocrx_word' id='word_1_9' title='bbox 1028 442 1148 493; x_wconf 77' lang='grc' dir='ltr'>σοι,</span> <span class='ocrx_word' id='word_1_10' title='bbox 1191 426 1500 499; x_wconf 77' lang='grc' dir='ltr'>φησίνοούκ</span> <span class='ocrx_word' id='word_1_11' title='bbox 1542 428 1717 496; x_wconf 77' lang='grc' dir='ltr'>εἶπεν,</span> <span class='ocrx_word' id='word_1_12' title='bbox 1751 453 1767 484; x_wconf 82' lang='grc' dir='ltr'><strong>ι</strong></span> <span class='ocrx_word' id='word_1_13' title='bbox 1790 435 1874 487; x_wconf 78' lang='grc' dir='ltr'><strong>ὲκ-</strong></span> 
     </span>
    </p>
   </div>
   <div class='ocr_carea' id='block_1_4' title="bbox 1982 426 3563 503">
    <p class='ocr_par' dir='ltr' id='par_1_4' title="bbox 1988 429 3563 501">
     <span class='ocr_line' id='line_1_4' title="bbox 1988 429 3563 501; baseline -0.002 -12"><span class='ocrx_word' id='word_1_14' title='bbox 1988 435 2209 490; x_wconf 87' lang='lat' dir='ltr'><strong>coelitus</strong></span> <span class='ocrx_word' id='word_1_15' title='bbox 2241 432 2393 487; x_wconf 91' lang='lat' dir='ltr'><strong>illum</strong></span> <span class='ocrx_word' id='word_1_16' title='bbox 2443 432 2496 486; x_wconf 91' lang='lat' dir='ltr'><strong>in</strong></span> <span class='ocrx_word' id='word_1_17' title='bbox 2535 431 2787 487; x_wconf 84' lang='lat' dir='ltr'><strong>homines</strong></span> <span class='ocrx_word' id='word_1_18' title='bbox 2825 429 3056 487; x_wconf 81' lang='lat' dir='ltr'><strong>eiIusum</strong></span> <span class='ocrx_word' id='word_1_19' title='bbox 3112 439 3277 501; x_wconf 84' lang='lat' dir='ltr'><strong>atque</strong></span> <span class='ocrx_word' id='word_1_20' title='bbox 3314 433 3563 487; x_wconf 69' lang='lat' dir='ltr'><strong>exinani-</strong></span> 
     </span>
    </p>
   </div>
   <div class='ocr_carea' id='block_1_5' title="bbox 281 519 1873 594">
    <p class='ocr_par' dir='ltr' id='par_1_5' title="bbox 281 519 1873 594">
     <span class='ocr_line' id='line_1_5' title="bbox 281 519 1873 594; baseline -0.001 -17"><span class='ocrx_word' id='word_1_21' title='bbox 281 526 469 594; x_wconf 73' lang='grc' dir='ltr'>χυθὲν,</span> <span class='ocrx_word' id='word_1_22' title='bbox 497 542 517 575; x_wconf 70' lang='grc' dir='ltr'><strong>ι</strong></span> <span class='ocrx_word' id='word_1_23' title='bbox 553 521 669 575; x_wconf 78' lang='grc' dir='ltr'>ἀλλ’</span> <span class='ocrx_word' id='word_1_24' title='bbox 705 519 1061 586; x_wconf 78' lang='grc' dir='ltr'>ἑκκενωθὲν,</span> <span class='ocrx_word' id='word_1_25' title='bbox 1093 519 1190 572; x_wconf 74' lang='grc' dir='ltr'><strong>ἀπ’</strong></span> <span class='ocrx_word' id='word_1_26' title='bbox 1230 520 1463 589; x_wconf 73' lang='grc' dir='ltr'>οὐρανοῦ</span> <span class='ocrx_word' id='word_1_27' title='bbox 1506 522 1587 584; x_wconf 84' lang='grc' dir='ltr'><strong>είς</strong></span> <span class='ocrx_word' id='word_1_28' title='bbox 1615 522 1718 592; x_wconf 80' lang='grc' dir='ltr'>γῆν</span> <span class='ocrx_word' id='word_1_29' title='bbox 1741 540 1753 553; x_wconf 87' lang='grc'><strong>·</strong></span> <span class='ocrx_word' id='word_1_30' title='bbox 1786 524 1873 576; x_wconf 79' lang='grc' dir='ltr'>ἵνα</span> 
     </span>
    </p>
   </div>
   <div class='ocr_carea' id='block_1_6' title="bbox 284 612 1875 686">
    <p class='ocr_par' dir='ltr' id='par_1_6' title="bbox 284 612 1875 686">
     <span class='ocr_line' id='line_1_6' title="bbox 284 612 1875 686; baseline -0.001 -17"><span class='ocrx_word' id='word_1_31' title='bbox 284 617 401 669; x_wconf 73' lang='grc' dir='ltr'><strong>ἀπὸ</strong></span> <span class='ocrx_word' id='word_1_32' title='bbox 427 616 529 686; x_wconf 79' lang='grc' dir='ltr'><strong>γῆς</strong></span> <span class='ocrx_word' id='word_1_33' title='bbox 558 615 637 677; x_wconf 85' lang='grc' dir='ltr'><strong>είς</strong></span> <span class='ocrx_word' id='word_1_34' title='bbox 661 613 898 683; x_wconf 81' lang='grc' dir='ltr'><strong>Μαρίαν,</strong></span> <span class='ocrx_word' id='word_1_35' title='bbox 929 612 1025 665; x_wconf 79' lang='grc' dir='ltr'>καὶ</span> <span class='ocrx_word' id='word_1_36' title='bbox 1052 612 1161 665; x_wconf 75' lang='grc' dir='ltr'>ἀπὸ</span> <span class='ocrx_word' id='word_1_37' title='bbox 1181 612 1401 683; x_wconf 82' lang='grc' dir='ltr'><strong>Μαρίας</strong></span> <span class='ocrx_word' id='word_1_38' title='bbox 1423 614 1557 685; x_wconf 79' lang='grc' dir='ltr'>σὰρξ</span> <span class='ocrx_word' id='word_1_39' title='bbox 1584 615 1875 686; x_wconf 85' lang='grc' dir='ltr'>γενόμενος</span> 
     </span>
    </p>
   </div>
   <div class='ocr_carea' id='block_1_7' title="bbox 292 705 1875 779">
    <p class='ocr_par' dir='ltr' id='par_1_7' title="bbox 292 705 1875 779">
     <span class='ocr_line' id='line_1_7' title="bbox 292 705 1875 779; baseline -0.001 -17"><span class='ocrx_word' id='word_1_40' title='bbox 292 710 596 770; x_wconf 66' lang='grc' dir='ltr'>κυΐσκεται,</span> <span class='ocrx_word' id='word_1_41' title='bbox 631 707 710 769; x_wconf 85' lang='grc' dir='ltr'><strong>είς</strong></span> <span class='ocrx_word' id='word_1_42' title='bbox 740 705 987 775; x_wconf 82' lang='grc' dir='ltr'>Βηθλεὲμ</span> <span class='ocrx_word' id='word_1_43' title='bbox 1034 707 1320 774; x_wconf 77' lang='grc' dir='ltr'><strong>γεννᾶται,</strong></span> <span class='ocrx_word' id='word_1_44' title='bbox 1362 706 1469 759; x_wconf 84' lang='grc' dir='ltr'>ἀπὸ</span> <span class='ocrx_word' id='word_1_45' title='bbox 1503 706 1749 779; x_wconf 82' lang='grc' dir='ltr'>Βηθλεὲμ</span> <span class='ocrx_word' id='word_1_46' title='bbox 1794 711 1875 773; x_wconf 82' lang='grc' dir='ltr'><strong>είς</strong></span> 
     </span>
    </p>
   </div>
   <div class='ocr_carea' id='block_1_8' title="bbox 291 795 1869 869">
    <p class='ocr_par' dir='ltr' id='par_1_8' title="bbox 291 795 1869 869">
     <span class='ocr_line' id='line_1_8' title="bbox 291 795 1869 869; baseline -0.001 -18"><span class='ocrx_word' id='word_1_47' title='bbox 291 797 543 869; x_wconf 75' lang='grc' dir='ltr'>Ναζαρὲτ</span> <span class='ocrx_word' id='word_1_48' title='bbox 573 796 912 867; x_wconf 74' lang='grc' dir='ltr'>μεταϐαίνει,</span> <span class='ocrx_word' id='word_1_49' title='bbox 943 795 1052 849; x_wconf 84' lang='grc' dir='ltr'><strong>άπὸ</strong></span> <span class='ocrx_word' id='word_1_50' title='bbox 1076 795 1335 868; x_wconf 81' lang='grc' dir='ltr'>Ναζαρὲτ</span> <span class='ocrx_word' id='word_1_51' title='bbox 1372 798 1450 859; x_wconf 88' lang='grc' dir='ltr'><strong>εἰς</strong></span> <span class='ocrx_word' id='word_1_52' title='bbox 1472 798 1869 869; x_wconf 76' lang='grc' dir='ltr'>Καπερναοὺμ,</span> 
     </span>
    </p>
   </div>
   <div class='ocr_carea' id='block_1_9' title="bbox 293 886 1873 959">
    <p class='ocr_par' dir='ltr' id='par_1_9' title="bbox 293 886 1873 959">
     <span class='ocr_line' id='line_1_9' title="bbox 293 886 1873 959; baseline -0.002 -15"><span class='ocrx_word' id='word_1_53' title='bbox 293 891 400 944; x_wconf 77' lang='grc' dir='ltr'>ἀπὸ</span> <span class='ocrx_word' id='word_1_54' title='bbox 425 889 803 959; x_wconf 79' lang='grc' dir='ltr'>Καπερναοὺμ</span> <span class='ocrx_word' id='word_1_55' title='bbox 842 889 923 950; x_wconf 85' lang='grc' dir='ltr'>εἰς</span> <span class='ocrx_word' id='word_1_56' title='bbox 987 887 1344 958; x_wconf 81' lang='grc' dir='ltr'>Ἰερουσαλὴμ</span> <span class='ocrx_word' id='word_1_57' title='bbox 1385 888 1479 939; x_wconf 74' lang='grc' dir='ltr'>καὶ</span> <span class='ocrx_word' id='word_1_58' title='bbox 1511 886 1785 941; x_wconf 80' lang='grc' dir='ltr'>Θάλασσαν</span> <span class='ocrx_word' id='word_1_59' title='bbox 1816 891 1873 942; x_wconf 83' lang='grc' dir='ltr'>ὲν</span> 
     </span>
    </p>
   </div>
   <div class='ocr_carea' id='block_1_10' title="bbox 288 979 1870 1052">
    <p class='ocr_par' dir='ltr' id='par_1_10' title="bbox 288 979 1870 1052">
     <span class='ocr_line' id='line_1_10' title="bbox 288 979 1870 1052; baseline -0.001 -16"><span class='ocrx_word' id='word_1_60' title='bbox 288 983 365 1052; x_wconf 78' lang='grc' dir='ltr'>τῷ</span> <span class='ocrx_word' id='word_1_61' title='bbox 406 982 643 1051; x_wconf 77' lang='grc' dir='ltr'>βαδίζειν</span> <span class='ocrx_word' id='word_1_62' title='bbox 703 981 866 1033; x_wconf 81' lang='grc' dir='ltr'>αὑτὸν</span> <span class='ocrx_word' id='word_1_63' title='bbox 900 980 995 1033; x_wconf 77' lang='grc' dir='ltr'>ἐπὶ</span> <span class='ocrx_word' id='word_1_64' title='bbox 1048 979 1157 1032; x_wconf 90' lang='grc' dir='ltr'><strong>τῶν</strong></span> <span class='ocrx_word' id='word_1_65' title='bbox 1187 980 1428 1045; x_wconf 85' lang='grc' dir='ltr'><strong>ὑδάτων,</strong></span> <span class='ocrx_word' id='word_1_66' title='bbox 1480 981 1574 1034; x_wconf 75' lang='grc' dir='ltr'>καὶ</span> <span class='ocrx_word' id='word_1_67' title='bbox 1608 981 1679 1034; x_wconf 73' lang='grc' dir='ltr'><strong>τὰ</strong></span> <span class='ocrx_word' id='word_1_68' title='bbox 1729 981 1870 1052; x_wconf 81' lang='grc' dir='ltr'>μέρη</span> 
     </span>
    </p>
   </div>
   <div class='ocr_carea' id='block_1_11' title="bbox 284 1069 1868 1142">
    <p class='ocr_par' dir='ltr' id='par_1_11' title="bbox 284 1069 1868 1142">
     <span class='ocr_line' id='line_1_11' title="bbox 284 1069 1868 1142; baseline -0.001 -16"><span class='ocrx_word' id='word_1_69' title='bbox 284 1073 481 1142; x_wconf 78' lang='grc' dir='ltr'>Τύρου,</span> <span class='ocrx_word' id='word_1_70' title='bbox 506 1072 606 1124; x_wconf 78' lang='grc' dir='ltr'><strong>καὶ</strong></span> <span class='ocrx_word' id='word_1_71' title='bbox 634 1071 800 1134; x_wconf 78' lang='grc' dir='ltr'>Ναῒν,</span> <span class='ocrx_word' id='word_1_72' title='bbox 831 1072 928 1124; x_wconf 76' lang='grc' dir='ltr'>καὶ</span> <span class='ocrx_word' id='word_1_73' title='bbox 955 1070 1053 1141; x_wconf 85' lang='grc' dir='ltr'>τὴν</span> <span class='ocrx_word' id='word_1_74' title='bbox 1087 1069 1348 1123; x_wconf 75' lang='grc' dir='ltr'>Ἰουδαίαν</span> <span class='ocrx_word' id='word_1_75' title='bbox 1381 1072 1476 1123; x_wconf 74' lang='grc' dir='ltr'>καὶ</span> <span class='ocrx_word' id='word_1_76' title='bbox 1510 1071 1739 1142; x_wconf 84' lang='grc' dir='ltr'>ἰεριχὼ,</span> <span class='ocrx_word' id='word_1_77' title='bbox 1775 1074 1868 1124; x_wconf 75' lang='grc' dir='ltr'>καὶ</span> 
     </span>
    </p>
   </div>
   <div class='ocr_carea' id='block_1_12' title="bbox 286 1160 1867 1235">
    <p class='ocr_par' dir='ltr' id='par_1_12' title="bbox 286 1160 1867 1235">
     <span class='ocr_line' id='line_1_12' title="bbox 286 1160 1867 1235; baseline -0.001 -18"><span class='ocrx_word' id='word_1_78' title='bbox 286 1167 363 1228; x_wconf 82' lang='grc' dir='ltr'><strong>είς</strong></span> <span class='ocrx_word' id='word_1_79' title='bbox 391 1164 661 1235; x_wconf 70' lang='grc' dir='ltr'>Βηθφαγὴ</span> <span class='ocrx_word' id='word_1_80' title='bbox 703 1162 796 1215; x_wconf 81' lang='grc' dir='ltr'><strong>καὶ</strong></span> <span class='ocrx_word' id='word_1_81' title='bbox 829 1160 1123 1231; x_wconf 83' lang='grc' dir='ltr'>Βηθανίαν,</span> <span class='ocrx_word' id='word_1_82' title='bbox 1170 1162 1252 1224; x_wconf 89' lang='grc' dir='ltr'><strong>είς</strong></span> <span class='ocrx_word' id='word_1_83' title='bbox 1292 1161 1647 1232; x_wconf 79' lang='grc' dir='ltr'>Ἰερουσαλήμ</span> <span class='ocrx_word' id='word_1_84' title='bbox 1687 1180 1745 1214; x_wconf 86' lang='grc' dir='ltr'><strong>τε</strong></span> <span class='ocrx_word' id='word_1_85' title='bbox 1774 1162 1867 1216; x_wconf 87' lang='grc' dir='ltr'><strong>τὸν</strong></span> 
     </span>
    </p>
   </div>
   <div class='ocr_carea' id='block_1_13' title="bbox 284 1251 1868 1324">
    <p class='ocr_par' dir='ltr' id='par_1_13' title="bbox 284 1251 1868 1324">
     <span class='ocr_line' id='line_1_13' title="bbox 284 1251 1868 1324; baseline -0.003 -14"><span class='ocrx_word' id='word_1_86' title='bbox 284 1257 427 1317; x_wconf 75' lang='grc' dir='ltr'>ναὸν,</span> <span class='ocrx_word' id='word_1_87' title='bbox 460 1255 558 1309; x_wconf 77' lang='grc' dir='ltr'>καὶ</span> <span class='ocrx_word' id='word_1_88' title='bbox 590 1255 652 1307; x_wconf 84' lang='grc' dir='ltr'><strong>τὺ</strong></span> <span class='ocrx_word' id='word_1_89' title='bbox 678 1254 805 1324; x_wconf 79' lang='grc' dir='ltr'>ὅρος</span> <span class='ocrx_word' id='word_1_90' title='bbox 833 1254 946 1305; x_wconf 89' lang='grc' dir='ltr'><strong>τῶν</strong></span> <span class='ocrx_word' id='word_1_91' title='bbox 989 1251 1240 1317; x_wconf 80' lang='grc' dir='ltr'>Ἐλαιῶν,</span> <span class='ocrx_word' id='word_1_92' title='bbox 1268 1254 1361 1305; x_wconf 82' lang='grc' dir='ltr'>καὶ</span> <span class='ocrx_word' id='word_1_93' title='bbox 1400 1254 1438 1304; x_wconf 88' lang='grc' dir='ltr'><strong>Γ</strong></span> <span class='ocrx_word' id='word_1_94' title='bbox 1442 1253 1745 1324; x_wconf 82' lang='grc' dir='ltr'>εθσημανῆ,</span> <span class='ocrx_word' id='word_1_95' title='bbox 1790 1257 1868 1319; x_wconf 89' lang='grc' dir='ltr'><strong>εἰς</strong></span> 
     </span>
    </p>
   </div>
   <div class='ocr_carea' id='block_1_14' title="bbox 285 1344 1866 1418">
    <p class='ocr_par' dir='ltr' id='par_1_14' title="bbox 285 1344 1866 1418">
     <span class='ocr_line' id='line_1_14' title="bbox 285 1344 1866 1418; baseline -0.004 -17"><span class='ocrx_word' id='word_1_96' title='bbox 285 1345 428 1402; x_wconf 72' lang='grc' dir='ltr'>οἶκον</span> <span class='ocrx_word' id='word_1_97' title='bbox 453 1346 702 1414; x_wconf 73' lang='grc' dir='ltr'>Καὶάφα,</span> <span class='ocrx_word' id='word_1_98' title='bbox 728 1347 808 1409; x_wconf 82' lang='grc' dir='ltr'><strong>είς</strong></span> <span class='ocrx_word' id='word_1_99' title='bbox 832 1345 894 1397; x_wconf 75' lang='grc' dir='ltr'><strong>τὸ</strong></span> <span class='ocrx_word' id='word_1_100' title='bbox 922 1344 1274 1416; x_wconf 81' lang='grc' dir='ltr'>πραιτώριον,</span> <span class='ocrx_word' id='word_1_101' title='bbox 1302 1346 1394 1398; x_wconf 78' lang='grc' dir='ltr'>καὶ</span> <span class='ocrx_word' id='word_1_102' title='bbox 1420 1346 1556 1418; x_wconf 82' lang='grc' dir='ltr'>πρὸς</span> <span class='ocrx_word' id='word_1_103' title='bbox 1588 1347 1831 1418; x_wconf 82' lang='grc' dir='ltr'>Ἡρώδην</span> <span class='ocrx_word' id='word_1_104' title='bbox 1851 1390 1866 1413; x_wconf 81' lang='grc'><strong>,</strong></span> 
     </span>
    </p>
   </div>
   <div class='ocr_carea' id='block_1_15' title="bbox 287 1436 1864 1509">
    <p class='ocr_par' dir='ltr' id='par_1_15' title="bbox 287 1436 1864 1509">
     <span class='ocr_line' id='line_1_15' title="bbox 287 1436 1864 1509; baseline -0.001 -16"><span class='ocrx_word' id='word_1_105' title='bbox 287 1443 366 1503; x_wconf 75' lang='grc' dir='ltr'>εἰς</span> <span class='ocrx_word' id='word_1_106' title='bbox 398 1440 562 1492; x_wconf 88' lang='grc' dir='ltr'>τόπον</span> <span class='ocrx_word' id='word_1_107' title='bbox 588 1437 844 1505; x_wconf 76' lang='grc' dir='ltr'>Γολγοθᾶ,</span> <span class='ocrx_word' id='word_1_108' title='bbox 877 1438 957 1500; x_wconf 86' lang='grc' dir='ltr'><strong>είς</strong></span> <span class='ocrx_word' id='word_1_109' title='bbox 988 1436 1048 1489; x_wconf 89' lang='grc' dir='ltr'><strong>τὸ</strong></span> <span class='ocrx_word' id='word_1_110' title='bbox 1089 1438 1297 1507; x_wconf 79' lang='grc' dir='ltr'>μνῆμα,</span> <span class='ocrx_word' id='word_1_111' title='bbox 1334 1439 1426 1490; x_wconf 71' lang='grc' dir='ltr'>καὶ</span> <span class='ocrx_word' id='word_1_112' title='bbox 1458 1438 1563 1501; x_wconf 75' lang='grc' dir='ltr'>ἓως</span> <span class='ocrx_word' id='word_1_113' title='bbox 1590 1437 1683 1491; x_wconf 80' lang='grc' dir='ltr'>τοῦ</span> <span class='ocrx_word' id='word_1_114' title='bbox 1716 1438 1864 1509; x_wconf 77' lang='grc' dir='ltr'>ᾅδου,</span> 
     </span>
    </p>
   </div>
   <div class='ocr_carea' id='block_1_16' title="bbox 287 1529 1870 1602">
    <p class='ocr_par' dir='ltr' id='par_1_16' title="bbox 287 1529 1870 1602">
     <span class='ocr_line' id='line_1_16' title="bbox 287 1529 1870 1602; baseline -0.001 -18"><span class='ocrx_word' id='word_1_115' title='bbox 287 1534 367 1594; x_wconf 87' lang='grc' dir='ltr'><strong>εἰς</strong></span> <span class='ocrx_word' id='word_1_116' title='bbox 389 1532 496 1601; x_wconf 79' lang='grc' dir='ltr'><strong>γῆν</strong></span> <span class='ocrx_word' id='word_1_117' title='bbox 525 1531 665 1600; x_wconf 71' lang='grc' dir='ltr'>μετὰ</span> <span class='ocrx_word' id='word_1_118' title='bbox 691 1530 789 1601; x_wconf 81' lang='grc' dir='ltr'>τὴν</span> <span class='ocrx_word' id='word_1_119' title='bbox 811 1530 1132 1591; x_wconf 76' lang='grc' dir='ltr'>ἀνάστασιν,</span> <span class='ocrx_word' id='word_1_120' title='bbox 1161 1529 1256 1581; x_wconf 74' lang='grc' dir='ltr'>καὶ</span> <span class='ocrx_word' id='word_1_121' title='bbox 1280 1530 1359 1591; x_wconf 78' lang='grc' dir='ltr'>εἰς</span> <span class='ocrx_word' id='word_1_122' title='bbox 1381 1529 1663 1599; x_wconf 82' lang='grc' dir='ltr'>οὐρανούς.</span> <span class='ocrx_word' id='word_1_123' title='bbox 1683 1532 1770 1585; x_wconf 66' lang='lat' dir='ltr'><strong>Md</strong></span> <span class='ocrx_word' id='word_1_124' title='bbox 1781 1547 1870 1602; x_wconf 92' lang='grc' dir='ltr'><strong>ρον</strong></span> 
     </span>
    </p>
   </div>
   <div class='ocr_carea' id='block_1_17' title="bbox 287 1618 1870 1692">
    <p class='ocr_par' dir='ltr' id='par_1_17' title="bbox 287 1618 1870 1692">
     <span class='ocr_line' id='line_1_17' title="bbox 287 1618 1870 1692; baseline 0.001 -17"><span class='ocrx_word' id='word_1_125' title='bbox 287 1620 393 1692; x_wconf 79' lang='grc' dir='ltr'>γὰρ</span> <span class='ocrx_word' id='word_1_126' title='bbox 440 1619 741 1674; x_wconf 66' lang='grc' dir='ltr'>ἐκκενωθὲν</span> <span class='ocrx_word' id='word_1_127' title='bbox 793 1619 902 1671; x_wconf 77' lang='grc' dir='ltr'>ἀπὸ</span> <span class='ocrx_word' id='word_1_128' title='bbox 958 1618 1163 1687; x_wconf 83' lang='grc' dir='ltr'>άγγους</span> <span class='ocrx_word' id='word_1_129' title='bbox 1200 1620 1281 1682; x_wconf 80' lang='grc' dir='ltr'><strong>είς</strong></span> <span class='ocrx_word' id='word_1_130' title='bbox 1323 1618 1525 1687; x_wconf 82' lang='grc' dir='ltr'>ἄγγος,</span> <span class='ocrx_word' id='word_1_131' title='bbox 1573 1621 1751 1675; x_wconf 80' lang='grc' dir='ltr'>πάντα</span> <span class='ocrx_word' id='word_1_132' title='bbox 1800 1622 1870 1675; x_wconf 80' lang='grc' dir='ltr'><strong>τὰ</strong></span> 
     </span>
    </p>
   </div>
   <div class='ocr_carea' id='block_1_18' title="bbox 289 1712 1867 1785">
    <p class='ocr_par' dir='ltr' id='par_1_18' title="bbox 289 1712 1867 1785">
     <span class='ocr_line' id='line_1_18' title="bbox 289 1712 1867 1785; baseline -0.001 -17"><span class='ocrx_word' id='word_1_133' title='bbox 289 1716 428 1784; x_wconf 78' lang='grc' dir='ltr'>ἄγγη</span> <span class='ocrx_word' id='word_1_134' title='bbox 468 1714 705 1785; x_wconf 80' lang='grc' dir='ltr'>μυρίζει.</span> <span class='ocrx_word' id='word_1_135' title='bbox 742 1713 854 1765; x_wconf 77' lang='grc' dir='ltr'><strong>Καὶ</strong></span> <span class='ocrx_word' id='word_1_136' title='bbox 885 1712 1120 1784; x_wconf 80' lang='grc' dir='ltr'>Χριστοῦ</span> <span class='ocrx_word' id='word_1_137' title='bbox 1150 1714 1183 1782; x_wconf 83' lang='grc' dir='ltr'><strong>ἡ</strong></span> <span class='ocrx_word' id='word_1_138' title='bbox 1218 1713 1491 1783; x_wconf 84' lang='grc' dir='ltr'>παρουσία</span> <span class='ocrx_word' id='word_1_139' title='bbox 1521 1714 1616 1766; x_wconf 84' lang='grc' dir='ltr'><strong>ἀπ’</strong></span> <span class='ocrx_word' id='word_1_140' title='bbox 1638 1714 1867 1784; x_wconf 81' lang='grc' dir='ltr'>οὐρανοῦ</span> 
     </span>
    </p>
   </div>
   <div class='ocr_carea' id='block_1_19' title="bbox 296 1894 1872 1968">
    <p class='ocr_par' dir='ltr' id='par_1_19' title="bbox 296 1894 1872 1968">
     <span class='ocr_line' id='line_1_19' title="bbox 296 1894 1872 1968; baseline 0.001 -19"><span class='ocrx_word' id='word_1_141' title='bbox 296 1896 547 1968; x_wconf 76' lang='grc' dir='ltr'><strong>ἀληθείᾳ·</strong></span> <span class='ocrx_word' id='word_1_142' title='bbox 580 1896 608 1949; x_wconf 81' lang='grc' dir='ltr'><strong>ὃ</strong></span> <span class='ocrx_word' id='word_1_143' title='bbox 635 1896 761 1967; x_wconf 70' lang='grc' dir='ltr'>ὅρος</span> <span class='ocrx_word' id='word_1_144' title='bbox 786 1898 800 1926; x_wconf 77' lang='grc'>⁸</span> <span class='ocrx_word' id='word_1_145' title='bbox 834 1894 911 1949; x_wconf 85' lang='grc' dir='ltr'>ὣν</span> <span class='ocrx_word' id='word_1_146' title='bbox 941 1937 954 1960; x_wconf 92' lang='grc'><strong>,</strong></span> <span class='ocrx_word' id='word_1_147' title='bbox 989 1896 1064 1959; x_wconf 88' lang='grc' dir='ltr'><strong>ώς</strong></span> <span class='ocrx_word' id='word_1_148' title='bbox 1095 1897 1151 1949; x_wconf 74' lang='grc' dir='ltr'>ἐν</span> <span class='ocrx_word' id='word_1_149' title='bbox 1194 1895 1273 1967; x_wconf 79' lang='grc' dir='ltr'><strong>τῷ</strong></span> <span class='ocrx_word' id='word_1_150' title='bbox 1321 1895 1550 1967; x_wconf 83' lang='grc' dir='ltr'>Δανιὴλ,</span> <span class='ocrx_word' id='word_1_151' title='bbox 1596 1898 1690 1950; x_wconf 81' lang='grc' dir='ltr'>καὶ</span> <span class='ocrx_word' id='word_1_152' title='bbox 1729 1898 1872 1968; x_wconf 83' lang='grc' dir='ltr'>μέγα</span> 
     </span>
    </p>
   </div>
   <div class='ocr_carea' id='block_1_20' title="bbox 303 1987 1872 2061">
    <p class='ocr_par' dir='ltr' id='par_1_20' title="bbox 303 1987 1872 2061">
     <span class='ocr_line' id='line_1_20' title="bbox 303 1987 1872 2061; baseline 0 -19"><span class='ocrx_word' id='word_1_153' title='bbox 303 1989 424 2059; x_wconf 67' lang='grc' dir='ltr'>ὅρος</span> <span class='ocrx_word' id='word_1_154' title='bbox 445 2005 457 2017; x_wconf 68' lang='grc'><strong><em>⁸</em></strong></span> <span class='ocrx_word' id='word_1_155' title='bbox 484 1989 662 2053; x_wconf 81' lang='grc' dir='ltr'>Λίθος</span> <span class='ocrx_word' id='word_1_156' title='bbox 696 1987 1059 2056; x_wconf 79' lang='grc' dir='ltr'><strong>τεμνόμενος</strong></span> <span class='ocrx_word' id='word_1_157' title='bbox 1095 1987 1241 2041; x_wconf 79' lang='grc' dir='ltr'>ἄνευ</span> <span class='ocrx_word' id='word_1_158' title='bbox 1278 1987 1512 2055; x_wconf 78' lang='grc' dir='ltr'>χειρῶν,</span> <span class='ocrx_word' id='word_1_159' title='bbox 1542 1988 1671 2042; x_wconf 84' lang='grc' dir='ltr'>ἄνευ</span> <span class='ocrx_word' id='word_1_160' title='bbox 1705 1989 1872 2061; x_wconf 81' lang='grc' dir='ltr'>σπέρ-</span> 
     </span>
    </p>
   </div>
   <div class='ocr_carea' id='block_1_21' title="bbox 313 2075 1875 2150">
    <p class='ocr_par' dir='ltr' id='par_1_21' title="bbox 313 2075 1875 2150">
     <span class='ocr_line' id='line_1_21' title="bbox 313 2075 1875 2150; baseline 0.001 -19"><span class='ocrx_word' id='word_1_161' title='bbox 313 2096 473 2149; x_wconf 83' lang='grc' dir='ltr'>ματος</span> <span class='ocrx_word' id='word_1_162' title='bbox 496 2080 684 2149; x_wconf 75' lang='grc' dir='ltr'>ἀνδρὸς</span> <span class='ocrx_word' id='word_1_163' title='bbox 703 2079 1144 2149; x_wconf 78' lang='grc' dir='ltr'>ὑπαινιττόμενος</span> <span class='ocrx_word' id='word_1_164' title='bbox 1166 2092 1180 2106; x_wconf 84' lang='grc'><em>’</em></span> <span class='ocrx_word' id='word_1_165' title='bbox 1203 2078 1265 2131; x_wconf 81' lang='grc' dir='ltr'>τὸ</span> <span class='ocrx_word' id='word_1_166' title='bbox 1291 2078 1474 2149; x_wconf 78' lang='grc' dir='ltr'>μεῖζον</span> <span class='ocrx_word' id='word_1_167' title='bbox 1498 2075 1653 2142; x_wconf 78' lang='grc' dir='ltr'>αὖθις</span> <span class='ocrx_word' id='word_1_168' title='bbox 1680 2080 1875 2150; x_wconf 73' lang='grc' dir='ltr'>μικρὸν</span> 
     </span>
    </p>
   </div>
   <div class='ocr_carea' id='block_1_22' title="bbox 308 2170 1870 2241">
    <p class='ocr_par' dir='ltr' id='par_1_22' title="bbox 308 2170 1870 2241">
     <span class='ocr_line' id='line_1_22' title="bbox 308 2170 1870 2241; baseline 0.001 -18"><span class='ocrx_word' id='word_1_169' title='bbox 308 2170 686 2241; x_wconf 71' lang='grc' dir='ltr'>εὑρισκόμενον</span> <span class='ocrx_word' id='word_1_170' title='bbox 705 2186 720 2199; x_wconf 80' lang='grc'><em>’</em></span> <span class='ocrx_word' id='word_1_171' title='bbox 745 2171 907 2236; x_wconf 79' lang='grc' dir='ltr'>λίθος</span> <span class='ocrx_word' id='word_1_172' title='bbox 932 2170 1094 2223; x_wconf 83' lang='grc' dir='ltr'>πάλιν</span> <span class='ocrx_word' id='word_1_173' title='bbox 1116 2170 1516 2241; x_wconf 75' lang='grc' dir='ltr'>ἀναλαμϐάνων</span> <span class='ocrx_word' id='word_1_174' title='bbox 1543 2170 1603 2223; x_wconf 77' lang='grc' dir='ltr'>τὸ</span> <span class='ocrx_word' id='word_1_175' title='bbox 1622 2170 1870 2241; x_wconf 83' lang='grc' dir='ltr'>μέγεθος,</span> 
     </span>
    </p>
   </div>
   <div class='ocr_carea' id='block_1_23' title="bbox 302 2259 1873 2335">
    <p class='ocr_par' dir='ltr' id='par_1_23' title="bbox 302 2259 1873 2335">
     <span class='ocr_line' id='line_1_23' title="bbox 302 2259 1873 2335; baseline 0.001 -19"><span class='ocrx_word' id='word_1_176' title='bbox 302 2264 397 2316; x_wconf 73' lang='grc' dir='ltr'>καὶ</span> <span class='ocrx_word' id='word_1_177' title='bbox 428 2262 706 2333; x_wconf 83' lang='grc' dir='ltr'>γινόμενος</span> <span class='ocrx_word' id='word_1_178' title='bbox 730 2259 882 2326; x_wconf 78' lang='grc' dir='ltr'>αὖθις</span> <span class='ocrx_word' id='word_1_179' title='bbox 916 2263 1042 2334; x_wconf 77' lang='grc' dir='ltr'>ὅρος</span> <span class='ocrx_word' id='word_1_180' title='bbox 1075 2263 1217 2334; x_wconf 83' lang='grc' dir='ltr'><strong>μέγα</strong></span> <span class='ocrx_word' id='word_1_181' title='bbox 1238 2281 1252 2295; x_wconf 78' lang='grc' dir='ltr'><strong>ο</strong></span> <span class='ocrx_word' id='word_1_182' title='bbox 1286 2264 1381 2317; x_wconf 74' lang='grc' dir='ltr'><strong>καὶ</strong></span> <span class='ocrx_word' id='word_1_183' title='bbox 1406 2265 1488 2317; x_wconf 81' lang='grc' dir='ltr'>ὅτι</span> <span class='ocrx_word' id='word_1_184' title='bbox 1514 2264 1575 2317; x_wconf 85' lang='grc' dir='ltr'>τὸ</span> <span class='ocrx_word' id='word_1_185' title='bbox 1614 2264 1739 2335; x_wconf 79' lang='grc' dir='ltr'>ὄρος</span> <span class='ocrx_word' id='word_1_186' title='bbox 1773 2265 1873 2318; x_wconf 80' lang='grc' dir='ltr'>οὐκ</span> 
     </span>
    </p>
   </div>
   <div class='ocr_carea' id='block_1_24' title="bbox 298 2350 1870 2425">
    <p class='ocr_par' dir='ltr' id='par_1_24' title="bbox 298 2350 1870 2425">
     <span class='ocr_line' id='line_1_24' title="bbox 298 2350 1870 2425; baseline 0.003 -22"><span class='ocrx_word' id='word_1_187' title='bbox 298 2352 375 2404; x_wconf 75' lang='grc' dir='ltr'>ενι</span> <span class='ocrx_word' id='word_1_188' title='bbox 432 2351 612 2421; x_wconf 78' lang='grc' dir='ltr'>τόπῳ,</span> <span class='ocrx_word' id='word_1_189' title='bbox 644 2350 777 2405; x_wconf 74' lang='grc' dir='ltr'>ἀλλὰ</span> <span class='ocrx_word' id='word_1_190' title='bbox 831 2352 1059 2422; x_wconf 83' lang='grc' dir='ltr'>πληρῶν</span> <span class='ocrx_word' id='word_1_191' title='bbox 1111 2353 1330 2406; x_wconf 76' lang='grc' dir='ltr'>ἃπασαν</span> <span class='ocrx_word' id='word_1_192' title='bbox 1372 2353 1470 2423; x_wconf 82' lang='grc' dir='ltr'>τὴν</span> <span class='ocrx_word' id='word_1_193' title='bbox 1522 2354 1870 2425; x_wconf 85' lang='grc' dir='ltr'>οἰκουμένην.</span> 
     </span>
    </p>
   </div>
   <div class='ocr_carea' id='block_1_25' title="bbox 296 2433 1873 2515">
    <p class='ocr_par' dir='ltr' id='par_1_25' title="bbox 296 2433 1873 2515">
     <span class='ocr_line' id='line_1_25' title="bbox 296 2433 1873 2515; baseline 0.002 -21"><span class='ocrx_word' id='word_1_194' title='bbox 296 2433 461 2504; x_wconf 72' lang='grc' dir='ltr'>Οὗτος</span> <span class='ocrx_word' id='word_1_195' title='bbox 491 2444 521 2495; x_wconf 88' lang='grc' dir='ltr'><strong>ό</strong></span> <span class='ocrx_word' id='word_1_196' title='bbox 572 2440 734 2510; x_wconf 75' lang='grc' dir='ltr'>σοφία</span> <span class='ocrx_word' id='word_1_197' title='bbox 771 2441 880 2505; x_wconf 82' lang='grc' dir='ltr'>ὢν,</span> <span class='ocrx_word' id='word_1_198' title='bbox 923 2442 1017 2495; x_wconf 60' lang='grc' dir='ltr'><strong>καὶ¹</strong></span> <span class='ocrx_word' id='word_1_199' title='bbox 1066 2443 1359 2513; x_wconf 79' lang='grc' dir='ltr'>γενόμενος</span> <span class='ocrx_word' id='word_1_200' title='bbox 1399 2444 1705 2515; x_wconf 81' lang='grc' dir='ltr'>ἄνθρωπος,</span> <span class='ocrx_word' id='word_1_201' title='bbox 1772 2446 1873 2497; x_wconf 84' lang='grc' dir='ltr'><strong>ὲπ-</strong></span> 
     </span>
    </p>
   </div>
   <div class='ocr_carea' id='block_1_26' title="bbox 294 2533 1874 2608">
    <p class='ocr_par' dir='ltr' id='par_1_26' title="bbox 294 2533 1874 2608">
     <span class='ocr_line' id='line_1_26' title="bbox 294 2533 1874 2608; baseline -0.001 -20"><span class='ocrx_word' id='word_1_202' title='bbox 294 2535 546 2588; x_wconf 83' lang='grc' dir='ltr'>εκτείνων</span> <span class='ocrx_word' id='word_1_203' title='bbox 565 2533 760 2587; x_wconf 79' lang='grc' dir='ltr'>ἑαυτοῦ</span> <span class='ocrx_word' id='word_1_204' title='bbox 790 2535 889 2606; x_wconf 81' lang='grc' dir='ltr'>τὴν</span> <span class='ocrx_word' id='word_1_205' title='bbox 908 2534 1138 2605; x_wconf 80' lang='grc' dir='ltr'>δύναμιν</span> <span class='ocrx_word' id='word_1_206' title='bbox 1156 2535 1232 2606; x_wconf 81' lang='grc' dir='ltr'>τῷ</span> <span class='ocrx_word' id='word_1_207' title='bbox 1262 2535 1473 2606; x_wconf 85' lang='grc' dir='ltr'>κόσμῳ,</span> <span class='ocrx_word' id='word_1_208' title='bbox 1498 2536 1584 2589; x_wconf 83' lang='grc' dir='ltr'><strong>ἴνα</strong></span> <span class='ocrx_word' id='word_1_209' title='bbox 1609 2534 1874 2608; x_wconf 80' lang='grc' dir='ltr'>πληρώσῃ</span> 
     </span>
    </p>
   </div>
   <div class='ocr_carea' id='block_1_27' title="bbox 292 2626 1874 2699">
    <p class='ocr_par' dir='ltr' id='par_1_27' title="bbox 292 2626 1874 2699">
     <span class='ocr_line' id='line_1_27' title="bbox 292 2626 1874 2699; baseline 0.001 -19"><span class='ocrx_word' id='word_1_210' title='bbox 292 2627 389 2698; x_wconf 72' lang='grc' dir='ltr'>τὴν</span> <span class='ocrx_word' id='word_1_211' title='bbox 437 2628 773 2697; x_wconf 75' lang='grc' dir='ltr'>οἰκουμένην</span> <span class='ocrx_word' id='word_1_212' title='bbox 820 2626 1078 2699; x_wconf 81' lang='grc' dir='ltr'>χάριτος,</span> <span class='ocrx_word' id='word_1_213' title='bbox 1130 2627 1503 2695; x_wconf 79' lang='grc' dir='ltr'>προέκοπτεν</span> <span class='ocrx_word' id='word_1_214' title='bbox 1534 2628 1743 2694; x_wconf 74' lang='grc' dir='ltr'>ἡλικίᾳ</span> <span class='ocrx_word' id='word_1_215' title='bbox 1775 2628 1874 2681; x_wconf 76' lang='grc' dir='ltr'>καὶ</span> 
     </span>
    </p>
   </div>
   <div class='ocr_carea' id='block_1_28' title="bbox 290 2715 1877 2788">
    <p class='ocr_par' dir='ltr' id='par_1_28' title="bbox 290 2715 1877 2788">
     <span class='ocr_line' id='line_1_28' title="bbox 290 2715 1877 2788; baseline -0.001 -17"><span class='ocrx_word' id='word_1_216' title='bbox 290 2719 492 2786; x_wconf 64' lang='grc' dir='ltr'>σοφίᾳ.</span> <span class='ocrx_word' id='word_1_217' title='bbox 530 2717 684 2769; x_wconf 76' lang='grc' dir='ltr'>Ἐπεὶ</span> <span class='ocrx_word' id='word_1_218' title='bbox 723 2717 885 2785; x_wconf 76' lang='grc' dir='ltr'>σοφία</span> <span class='ocrx_word' id='word_1_219' title='bbox 928 2716 1005 2769; x_wconf 82' lang='grc' dir='ltr'><strong>ῶν</strong></span> <span class='ocrx_word' id='word_1_220' title='bbox 1033 2716 1126 2770; x_wconf 79' lang='grc' dir='ltr'><strong>τοῦ</strong></span> <span class='ocrx_word' id='word_1_221' title='bbox 1184 2715 1417 2788; x_wconf 68' lang='grc' dir='ltr'>Πατρός,</span> <span class='ocrx_word' id='word_1_222' title='bbox 1464 2718 1559 2771; x_wconf 71' lang='grc' dir='ltr'>καὶ</span> <span class='ocrx_word' id='word_1_223' title='bbox 1609 2716 1877 2770; x_wconf 81' lang='grc' dir='ltr'>διδάσκων</span> 
     </span>
    </p>
   </div>
   <div class='ocr_carea' id='block_1_29' title="bbox 290 2807 1877 2881">
    <p class='ocr_par' dir='ltr' id='par_1_29' title="bbox 290 2807 1877 2881">
     <span class='ocr_line' id='line_1_29' title="bbox 290 2807 1877 2881; baseline -0.001 -18"><span class='ocrx_word' id='word_1_224' title='bbox 290 2807 613 2881; x_wconf 58' lang='grc' dir='ltr'>ἀνθρώπους</span> <span class='ocrx_word' id='word_1_225' title='bbox 630 2808 838 2875; x_wconf 80' lang='grc' dir='ltr'>λαλεῖν,</span> <span class='ocrx_word' id='word_1_226' title='bbox 865 2809 960 2862; x_wconf 69' lang='grc' dir='ltr'>καὶ</span> <span class='ocrx_word' id='word_1_227' title='bbox 982 2809 1293 2881; x_wconf 83' lang='grc' dir='ltr'>ἀνθρώποις</span> <span class='ocrx_word' id='word_1_228' title='bbox 1323 2808 1671 2880; x_wconf 87' lang='grc' dir='ltr'>διαρθρώσας</span> <span class='ocrx_word' id='word_1_229' title='bbox 1697 2809 1877 2877; x_wconf 89' lang='grc' dir='ltr'>γλῶσ-</span> 
     </span>
    </p>
   </div>
   <div class='ocr_carea' id='block_1_30' title="bbox 290 2895 1879 2968">
    <p class='ocr_par' dir='ltr' id='par_1_30' title="bbox 290 2895 1879 2968">
     <span class='ocr_line' id='line_1_30' title="bbox 290 2895 1879 2968; baseline 0 -15"><span class='ocrx_word' id='word_1_230' title='bbox 290 2918 417 2964; x_wconf 89' lang='grc' dir='ltr'>σαν,</span> <span class='ocrx_word' id='word_1_231' title='bbox 454 2902 551 2953; x_wconf 82' lang='grc' dir='ltr'><strong>καί</strong></span> <span class='ocrx_word' id='word_1_232' title='bbox 589 2898 867 2968; x_wconf 77' lang='grc' dir='ltr'>φυτεύσας</span> <span class='ocrx_word' id='word_1_233' title='bbox 916 2900 977 2953; x_wconf 82' lang='grc' dir='ltr'><strong>τὸ</strong></span> <span class='ocrx_word' id='word_1_234' title='bbox 1020 2895 1113 2963; x_wconf 75' lang='grc' dir='ltr'>οὖς</span> <span class='ocrx_word' id='word_1_235' title='bbox 1165 2902 1277 2963; x_wconf 81' lang='grc' dir='ltr'>τοῖς</span> <span class='ocrx_word' id='word_1_236' title='bbox 1310 2899 1603 2964; x_wconf 79' lang='grc' dir='ltr'>ἀκούουσι,</span> <span class='ocrx_word' id='word_1_237' title='bbox 1633 2898 1752 2963; x_wconf 86' lang='grc' dir='ltr'><strong>πῶς</strong></span> <span class='ocrx_word' id='word_1_238' title='bbox 1776 2901 1879 2954; x_wconf 83' lang='grc' dir='ltr'>οὒκ</span> 
     </span>
    </p>
   </div>
   <div class='ocr_carea' id='block_1_31' title="bbox 286 2991 1879 3065">
    <p class='ocr_par' dir='ltr' id='par_1_31' title="bbox 286 2991 1879 3065">
     <span class='ocr_line' id='line_1_31' title="bbox 286 2991 1879 3065; baseline -0.001 -18"><span class='ocrx_word' id='word_1_239' title='bbox 286 2994 397 3065; x_wconf 62' lang='grc' dir='ltr'>ᾔδει</span> <span class='ocrx_word' id='word_1_240' title='bbox 436 2994 622 3047; x_wconf 81' lang='grc' dir='ltr'>καλεῖν</span> <span class='ocrx_word' id='word_1_241' title='bbox 656 2992 869 3063; x_wconf 83' lang='grc' dir='ltr'>πατέρα</span> <span class='ocrx_word' id='word_1_242' title='bbox 905 2991 939 3063; x_wconf 79' lang='grc' dir='ltr'><strong>ἢ</strong></span> <span class='ocrx_word' id='word_1_243' title='bbox 974 2992 1214 3064; x_wconf 75' lang='grc' dir='ltr'>μητέρας</span> <span class='ocrx_word' id='word_1_244' title='bbox 1252 2992 1363 3064; x_wconf 75' lang='lat'><strong>(58)</strong></span> <span class='ocrx_word' id='word_1_245' title='bbox 1398 2992 1628 3063; x_wconf 75' lang='grc' dir='ltr'>λήψεται</span> <span class='ocrx_word' id='word_1_246' title='bbox 1651 2993 1879 3063; x_wconf 84' lang='grc' dir='ltr'>δύναμιν</span> 
     </span>
    </p>
   </div>
   <div class='ocr_carea' id='block_1_32' title="bbox 286 3081 1873 3153">
    <p class='ocr_par' dir='ltr' id='par_1_32' title="bbox 286 3081 1873 3153">
     <span class='ocr_line' id='line_1_32' title="bbox 286 3081 1873 3153; baseline 0.001 -18"><span class='ocrx_word' id='word_1_247' title='bbox 286 3082 579 3153; x_wconf 75' lang='grc' dir='ltr'>Δαμασκοῦ</span> <span class='ocrx_word' id='word_1_248' title='bbox 602 3122 617 3145; x_wconf 84' lang='grc'><strong>,</strong></span> <span class='ocrx_word' id='word_1_249' title='bbox 659 3082 756 3134; x_wconf 73' lang='grc' dir='ltr'>καὶ</span> <span class='ocrx_word' id='word_1_250' title='bbox 798 3081 871 3135; x_wconf 76' lang='grc' dir='ltr'><strong>τὰ</strong></span> <span class='ocrx_word' id='word_1_251' title='bbox 908 3081 1079 3134; x_wconf 81' lang='grc' dir='ltr'>σκύλα</span> <span class='ocrx_word' id='word_1_252' title='bbox 1109 3081 1453 3153; x_wconf 87' lang='grc' dir='ltr'>Σαμαρείας,</span> <span class='ocrx_word' id='word_1_253' title='bbox 1478 3082 1573 3136; x_wconf 64' lang='grc' dir='ltr'><strong>καί⁵</strong></span> <span class='ocrx_word' id='word_1_254' title='bbox 1616 3082 1684 3135; x_wconf 86' lang='grc' dir='ltr'><strong>τά</strong></span> <span class='ocrx_word' id='word_1_255' title='bbox 1728 3082 1873 3153; x_wconf 77' lang='grc' dir='ltr'><strong>ἑξῆς.</strong></span> 
     </span>
    </p>
   </div>
   <div class='ocr_carea' id='block_1_33' title="bbox 1983 522 3559 595">
    <p class='ocr_par' dir='ltr' id='par_1_33' title="bbox 1983 522 3559 595">
     <span class='ocr_line' id='line_1_33' title="bbox 1983 522 3559 595; baseline -0.002 -13"><span class='ocrx_word' id='word_1_256' title='bbox 1983 538 2097 582; x_wconf 90' lang='lat' dir='ltr'><strong>tum</strong></span> <span class='ocrx_word' id='word_1_257' title='bbox 2133 526 2331 588; x_wconf 81' lang='lat' dir='ltr'><strong>fuisse,</strong></span> <span class='ocrx_word' id='word_1_258' title='bbox 2364 524 2468 578; x_wconf 93' lang='lat' dir='ltr'><strong>hoc</strong></span> <span class='ocrx_word' id='word_1_259' title='bbox 2491 531 2597 587; x_wconf 88' lang='lat' dir='ltr'><strong>est,</strong></span> <span class='ocrx_word' id='word_1_260' title='bbox 2649 524 2702 577; x_wconf 90' lang='lat' dir='ltr'><strong>in</strong></span> <span class='ocrx_word' id='word_1_261' title='bbox 2756 522 3046 593; x_wconf 81' lang='lat' dir='ltr'><strong>quamdam</strong></span> <span class='ocrx_word' id='word_1_262' title='bbox 3098 523 3280 579; x_wconf 68' lang='lat' dir='ltr'><strong>Maria:</strong></span> <span class='ocrx_word' id='word_1_263' title='bbox 3332 525 3559 595; x_wconf 82' lang='lat' dir='ltr'><strong>virginis</strong></span> 
     </span>
    </p>
   </div>
   <div class='ocr_carea' id='block_1_34' title="bbox 1981 615 3561 687">
    <p class='ocr_par' dir='ltr' id='par_1_34' title="bbox 1981 615 3561 687">
     <span class='ocr_line' id='line_1_34' title="bbox 1981 615 3561 687; baseline -0.001 -16"><span class='ocrx_word' id='word_1_264' title='bbox 1981 618 2271 672; x_wconf 83' lang='lat' dir='ltr'><strong>omcinam.</strong></span> <span class='ocrx_word' id='word_1_265' title='bbox 2312 615 2644 687; x_wconf 77' lang='lat' dir='ltr'><strong>Unguentum</strong></span> <span class='ocrx_word' id='word_1_266' title='bbox 2678 615 2848 681; x_wconf 89' lang='lat' dir='ltr'><strong>enim,</strong></span> <span class='ocrx_word' id='word_1_267' title='bbox 2875 615 3073 684; x_wconf 90' lang='lat' dir='ltr'><strong>inquit,</strong></span> <span class='ocrx_word' id='word_1_268' title='bbox 3101 617 3429 669; x_wconf 74' lang='lat' dir='ltr'><strong>exinanitum</strong></span> <span class='ocrx_word' id='word_1_269' title='bbox 3471 634 3561 670; x_wconf 89' lang='lat' dir='ltr'><strong>no-</strong></span> 
     </span>
    </p>
   </div>
   <div class='ocr_carea' id='block_1_35' title="bbox 1982 704 3556 773">
    <p class='ocr_par' dir='ltr' id='par_1_35' title="bbox 1982 704 3556 773">
     <span class='ocr_line' id='line_1_35' title="bbox 1982 704 3556 773; baseline -0.001 -12"><span class='ocrx_word' id='word_1_270' title='bbox 1982 726 2097 762; x_wconf 86' lang='lat' dir='ltr'><strong>men</strong></span> <span class='ocrx_word' id='word_1_271' title='bbox 2136 718 2280 760; x_wconf 86' lang='lat' dir='ltr'><strong>tnum</strong></span> <span class='ocrx_word' id='word_1_272' title='bbox 2308 708 2350 762; x_wconf 78' lang='lat'><strong>&#39;.</strong></span> <span class='ocrx_word' id='word_1_273' title='bbox 2388 706 2505 760; x_wconf 84' lang='lat' dir='ltr'><strong>Non</strong></span> <span class='ocrx_word' id='word_1_274' title='bbox 2542 705 2679 760; x_wconf 80' lang='lat' dir='ltr'><strong>dixit</strong></span> <span class='ocrx_word' id='word_1_275' title='bbox 2712 724 2730 756; x_wconf 81' lang='grc' dir='ltr'><strong>ι</strong></span> <span class='ocrx_word' id='word_1_276' title='bbox 2754 704 3039 765; x_wconf 67' lang='lat' dir='ltr'><strong>effusum,»</strong></span> <span class='ocrx_word' id='word_1_277' title='bbox 3081 705 3176 760; x_wconf 89' lang='lat' dir='ltr'><strong>sed</strong></span> <span class='ocrx_word' id='word_1_278' title='bbox 3205 708 3556 773; x_wconf 70' lang='lat' dir='ltr'><strong>exinanitum,</strong></span> 
     </span>
    </p>
   </div>
   <div class='ocr_carea' id='block_1_36' title="bbox 1981 797 3551 863">
    <p class='ocr_par' dir='ltr' id='par_1_36' title="bbox 1981 797 3551 863">
     <span class='ocr_line' id='line_1_36' title="bbox 1981 797 3551 863; baseline -0.004 -7"><span class='ocrx_word' id='word_1_279' title='bbox 1981 818 2010 856; x_wconf 93' lang='lat' dir='ltr'><strong>e</strong></span> <span class='ocrx_word' id='word_1_280' title='bbox 2036 802 2176 855; x_wconf 76' lang='lat' dir='ltr'><strong>cmlo</strong></span> <span class='ocrx_word' id='word_1_281' title='bbox 2208 799 2467 854; x_wconf 84' lang='lat' dir='ltr'><strong>videlicet</strong></span> <span class='ocrx_word' id='word_1_282' title='bbox 2506 799 2559 853; x_wconf 91' lang='lat' dir='ltr'><strong>in</strong></span> <span class='ocrx_word' id='word_1_283' title='bbox 2592 806 2829 863; x_wconf 89' lang='lat' dir='ltr'><strong>terram;</strong></span> <span class='ocrx_word' id='word_1_284' title='bbox 2860 797 2953 851; x_wconf 90' lang='lat' dir='ltr'><strong>ubi</strong></span> <span class='ocrx_word' id='word_1_285' title='bbox 2982 804 3178 851; x_wconf 88' lang='lat' dir='ltr'><strong>eterra</strong></span> <span class='ocrx_word' id='word_1_286' title='bbox 3212 797 3264 850; x_wconf 91' lang='lat' dir='ltr'><strong>in</strong></span> <span class='ocrx_word' id='word_1_287' title='bbox 3302 798 3551 860; x_wconf 84' lang='lat' dir='ltr'><strong>Mariam,</strong></span> 
     </span>
    </p>
   </div>
   <div class='ocr_carea' id='block_1_37' title="bbox 1980 888 3558 959">
    <p class='ocr_par' dir='ltr' id='par_1_37' title="bbox 1980 888 3558 959">
     <span class='ocr_line' id='line_1_37' title="bbox 1980 888 3558 959; baseline -0.005 -10"><span class='ocrx_word' id='word_1_288' title='bbox 1980 902 2034 949; x_wconf 90' lang='lat' dir='ltr'><strong>et</strong></span> <span class='ocrx_word' id='word_1_289' title='bbox 2069 909 2131 948; x_wconf 80' lang='lat' dir='ltr'><strong>ex</strong></span> <span class='ocrx_word' id='word_1_290' title='bbox 2194 891 2361 946; x_wconf 83' lang='lat' dir='ltr'><strong>Maria</strong></span> <span class='ocrx_word' id='word_1_291' title='bbox 2407 905 2538 945; x_wconf 90' lang='lat' dir='ltr'><strong>caro</strong></span> <span class='ocrx_word' id='word_1_292' title='bbox 2583 889 2788 943; x_wconf 81' lang='lat' dir='ltr'><strong>factum</strong></span> <span class='ocrx_word' id='word_1_293' title='bbox 2829 889 2885 942; x_wconf 90' lang='lat' dir='ltr'><strong>in</strong></span> <span class='ocrx_word' id='word_1_294' title='bbox 2922 896 3077 943; x_wconf 89' lang='lat' dir='ltr'><strong>utero</strong></span> <span class='ocrx_word' id='word_1_295' title='bbox 3109 888 3369 959; x_wconf 81' lang='lat' dir='ltr'><strong>gignitur,</strong></span> <span class='ocrx_word' id='word_1_296' title='bbox 3399 888 3558 943; x_wconf 87' lang='lat' dir='ltr'><strong>Beth-</strong></span> 
     </span>
    </p>
   </div>
   <div class='ocr_carea' id='block_1_38' title="bbox 1979 980 3554 1049">
    <p class='ocr_par' dir='ltr' id='par_1_38' title="bbox 1979 980 3554 1049">
     <span class='ocr_line' id='line_1_38' title="bbox 1979 980 3554 1049; baseline -0.003 -9"><span class='ocrx_word' id='word_1_297' title='bbox 1979 984 2177 1040; x_wconf 89' lang='lat' dir='ltr'><strong>lehemi</strong></span> <span class='ocrx_word' id='word_1_298' title='bbox 2236 984 2516 1047; x_wconf 87' lang='lat' dir='ltr'><strong>nascitur,</strong></span> <span class='ocrx_word' id='word_1_299' title='bbox 2565 982 2692 1036; x_wconf 87' lang='lat' dir='ltr'><strong>inde</strong></span> <span class='ocrx_word' id='word_1_300' title='bbox 2747 980 3075 1035; x_wconf 87' lang='lat' dir='ltr'><strong>Nazarctum</strong></span> <span class='ocrx_word' id='word_1_301' title='bbox 3130 982 3554 1049; x_wconf 77' lang='lat' dir='ltr'><strong>transgreditur,</strong></span> 
     </span>
    </p>
   </div>
   <div class='ocr_carea' id='block_1_39' title="bbox 1976 1072 3554 1145">
    <p class='ocr_par' dir='ltr' id='par_1_39' title="bbox 1976 1072 3554 1145">
     <span class='ocr_line' id='line_1_39' title="bbox 1976 1072 3554 1145; baseline -0.003 -14"><span class='ocrx_word' id='word_1_302' title='bbox 1976 1077 2243 1131; x_wconf 83' lang='lat' dir='ltr'><strong>Nazareto</strong></span> <span class='ocrx_word' id='word_1_303' title='bbox 2274 1075 2683 1145; x_wconf 80' lang='lat' dir='ltr'><strong>Capharnaum,</strong></span> <span class='ocrx_word' id='word_1_304' title='bbox 2731 1074 2859 1129; x_wconf 90' lang='lat' dir='ltr'><strong>hinc</strong></span> <span class='ocrx_word' id='word_1_305' title='bbox 2902 1088 3066 1145; x_wconf 87' lang='lat' dir='ltr'><strong>porro</strong></span> <span class='ocrx_word' id='word_1_306' title='bbox 3098 1072 3554 1145; x_wconf 79' lang='lat' dir='ltr'><strong>Hierosolymam,</strong></span> 
     </span>
    </p>
   </div>
   <div class='ocr_carea' id='block_1_40' title="bbox 1975 1166 3557 1235">
    <p class='ocr_par' dir='ltr' id='par_1_40' title="bbox 1975 1166 3557 1235">
     <span class='ocr_line' id='line_1_40' title="bbox 1975 1166 3557 1235; baseline -0.005 -9"><span class='ocrx_word' id='word_1_307' title='bbox 1975 1179 2029 1227; x_wconf 88' lang='lat' dir='ltr'><strong>et</strong></span> <span class='ocrx_word' id='word_1_308' title='bbox 2059 1169 2123 1223; x_wconf 90' lang='lat' dir='ltr'><strong>ad</strong></span> <span class='ocrx_word' id='word_1_309' title='bbox 2156 1183 2306 1223; x_wconf 83' lang='lat' dir='ltr'><strong>mare</strong></span> <span class='ocrx_word' id='word_1_310' title='bbox 2334 1166 2691 1228; x_wconf 82' lang='lat' dir='ltr'><strong>transfertur,</strong></span> <span class='ocrx_word' id='word_1_311' title='bbox 2726 1174 2839 1220; x_wconf 87' lang='lat' dir='ltr'><strong>tum</strong></span> <span class='ocrx_word' id='word_1_312' title='bbox 2873 1181 2996 1219; x_wconf 88' lang='lat' dir='ltr'><strong>cum</strong></span> <span class='ocrx_word' id='word_1_313' title='bbox 3036 1181 3203 1233; x_wconf 90' lang='lat' dir='ltr'><strong>supra</strong></span> <span class='ocrx_word' id='word_1_314' title='bbox 3237 1181 3408 1235; x_wconf 83' lang='lat' dir='ltr'><strong>aquas</strong></span> <span class='ocrx_word' id='word_1_315' title='bbox 3439 1179 3557 1218; x_wconf 80' lang='lat' dir='ltr'><strong>am-</strong></span> 
     </span>
    </p>
   </div>
   <div class='ocr_carea' id='block_1_41' title="bbox 1977 1255 3551 1329">
    <p class='ocr_par' dir='ltr' id='par_1_41' title="bbox 1977 1255 3551 1329">
     <span class='ocr_line' id='line_1_41' title="bbox 1977 1255 3551 1329; baseline -0.004 -14"><span class='ocrx_word' id='word_1_316' title='bbox 1977 1263 2209 1327; x_wconf 87' lang='lat' dir='ltr'><strong>bulavit,</strong></span> <span class='ocrx_word' id='word_1_317' title='bbox 2238 1268 2291 1315; x_wconf 89' lang='lat' dir='ltr'><strong>et</strong></span> <span class='ocrx_word' id='word_1_318' title='bbox 2318 1260 2383 1313; x_wconf 90' lang='lat' dir='ltr'><strong>ad</strong></span> <span class='ocrx_word' id='word_1_319' title='bbox 2423 1265 2608 1329; x_wconf 89' lang='lat' dir='ltr'><strong>partes</strong></span> <span class='ocrx_word' id='word_1_320' title='bbox 2646 1257 2796 1329; x_wconf 79' lang='lat' dir='ltr'><strong>Tyri,</strong></span> <span class='ocrx_word' id='word_1_321' title='bbox 2835 1256 2900 1310; x_wconf 87' lang='lat' dir='ltr'><strong>ad</strong></span> <span class='ocrx_word' id='word_1_322' title='bbox 2935 1255 3095 1319; x_wconf 76' lang='lat' dir='ltr'><strong>Nain,</strong></span> <span class='ocrx_word' id='word_1_323' title='bbox 3132 1255 3370 1311; x_wconf 67' lang='lat' dir='ltr'><strong>Judazam</strong></span> <span class='ocrx_word' id='word_1_324' title='bbox 3401 1257 3551 1321; x_wconf 87' lang='lat' dir='ltr'><strong>item,</strong></span> 
     </span>
    </p>
   </div>
   <div class='ocr_carea' id='block_1_42' title="bbox 1989 1346 3558 1419">
    <p class='ocr_par' dir='ltr' id='par_1_42' title="bbox 1989 1346 3558 1419">
     <span class='ocr_line' id='line_1_42' title="bbox 1989 1346 3558 1419; baseline -0.004 -11"><span class='ocrx_word' id='word_1_325' title='bbox 1989 1353 2389 1417; x_wconf 83' lang='lat' dir='ltr'><strong>Jerichuntem,</strong></span> <span class='ocrx_word' id='word_1_326' title='bbox 2444 1351 2820 1419; x_wconf 86' lang='lat' dir='ltr'><strong>Bethphagen,</strong></span> <span class='ocrx_word' id='word_1_327' title='bbox 2875 1348 3218 1411; x_wconf 86' lang='lat' dir='ltr'><strong>Bethaniam,</strong></span> <span class='ocrx_word' id='word_1_328' title='bbox 3263 1348 3329 1401; x_wconf 87' lang='lat' dir='ltr'><strong>ad</strong></span> <span class='ocrx_word' id='word_1_329' title='bbox 3374 1346 3558 1401; x_wconf 79' lang='lat' dir='ltr'><strong>liiero-</strong></span> 
     </span>
    </p>
   </div>
   <div class='ocr_carea' id='block_1_43' title="bbox 1976 1440 3555 1516">
    <p class='ocr_par' dir='ltr' id='par_1_43' title="bbox 1976 1440 3555 1516">
     <span class='ocr_line' id='line_1_43' title="bbox 1976 1440 3555 1516; baseline -0.004 -17"><span class='ocrx_word' id='word_1_330' title='bbox 1976 1445 2367 1516; x_wconf 82' lang='lat' dir='ltr'><strong>solymitanum</strong></span> <span class='ocrx_word' id='word_1_331' title='bbox 2421 1442 2710 1512; x_wconf 88' lang='lat' dir='ltr'><strong>templum,</strong></span> <span class='ocrx_word' id='word_1_332' title='bbox 2761 1440 2827 1493; x_wconf 90' lang='lat' dir='ltr'><strong>ad</strong></span> <span class='ocrx_word' id='word_1_333' title='bbox 2877 1440 3155 1495; x_wconf 80' lang='lat' dir='ltr'><strong>Olivarum</strong></span> <span class='ocrx_word' id='word_1_334' title='bbox 3194 1449 3452 1505; x_wconf 88' lang='lat' dir='ltr'><strong>montem,</strong></span> <span class='ocrx_word' id='word_1_335' title='bbox 3498 1440 3555 1493; x_wconf 90' lang='lat' dir='ltr'><strong>in</strong></span> 
     </span>
    </p>
   </div>
   <div class='ocr_carea' id='block_1_44' title="bbox 1974 1532 3558 1602">
    <p class='ocr_par' dir='ltr' id='par_1_44' title="bbox 1974 1532 3558 1602">
     <span class='ocr_line' id='line_1_44' title="bbox 1974 1532 3558 1602; baseline -0.004 -10"><span class='ocrx_word' id='word_1_336' title='bbox 1974 1538 2160 1592; x_wconf 84' lang='lat' dir='ltr'><strong>villam</strong></span> <span class='ocrx_word' id='word_1_337' title='bbox 2200 1534 2576 1598; x_wconf 87' lang='lat' dir='ltr'><strong>Gethsemani,</strong></span> <span class='ocrx_word' id='word_1_338' title='bbox 2614 1534 2669 1587; x_wconf 92' lang='lat' dir='ltr'><strong>in</strong></span> <span class='ocrx_word' id='word_1_339' title='bbox 2702 1533 2923 1602; x_wconf 77' lang='lat' dir='ltr'><strong>Caipha:</strong></span> <span class='ocrx_word' id='word_1_340' title='bbox 2960 1533 3204 1595; x_wconf 88' lang='lat' dir='ltr'><strong>domum,</strong></span> <span class='ocrx_word' id='word_1_341' title='bbox 3251 1532 3318 1585; x_wconf 86' lang='lat' dir='ltr'><strong>ad</strong></span> <span class='ocrx_word' id='word_1_342' title='bbox 3362 1540 3558 1601; x_wconf 57' lang='lat' dir='ltr'><strong>praeto-</strong></span> 
     </span>
    </p>
   </div>
   <div class='ocr_carea' id='block_1_45' title="bbox 1973 1622 3558 1693">
    <p class='ocr_par' dir='ltr' id='par_1_45' title="bbox 1973 1622 3558 1693">
     <span class='ocr_line' id='line_1_45' title="bbox 1973 1622 3558 1693; baseline -0.006 -9"><span class='ocrx_word' id='word_1_343' title='bbox 1973 1629 2137 1692; x_wconf 86' lang='lat' dir='ltr'><strong>rium,</strong></span> <span class='ocrx_word' id='word_1_344' title='bbox 2164 1626 2232 1681; x_wconf 88' lang='lat' dir='ltr'><strong>ad</strong></span> <span class='ocrx_word' id='word_1_345' title='bbox 2264 1625 2553 1688; x_wconf 83' lang='lat' dir='ltr'><strong>Herodem,</strong></span> <span class='ocrx_word' id='word_1_346' title='bbox 2594 1625 2662 1679; x_wconf 89' lang='lat' dir='ltr'><strong>ad</strong></span> <span class='ocrx_word' id='word_1_347' title='bbox 2708 1624 2973 1678; x_wconf 68' lang='lat' dir='ltr'><strong>Calvariae</strong></span> <span class='ocrx_word' id='word_1_348' title='bbox 3020 1624 3222 1686; x_wconf 88' lang='lat' dir='ltr'><strong>locum,</strong></span> <span class='ocrx_word' id='word_1_349' title='bbox 3265 1623 3333 1676; x_wconf 91' lang='lat' dir='ltr'><strong>ad</strong></span> <span class='ocrx_word' id='word_1_350' title='bbox 3370 1622 3558 1693; x_wconf 76' lang='lat' dir='ltr'><strong>sepul~</strong></span> 
     </span>
    </p>
   </div>
   <div class='ocr_carea' id='block_1_46' title="bbox 1978 1712 3556 1785">
    <p class='ocr_par' dir='ltr' id='par_1_46' title="bbox 1978 1712 3556 1785">
     <span class='ocr_line' id='line_1_46' title="bbox 1978 1712 3556 1785; baseline -0.005 -13"><span class='ocrx_word' id='word_1_351' title='bbox 1978 1734 2156 1781; x_wconf 91' lang='lat' dir='ltr'><strong>erum,</strong></span> <span class='ocrx_word' id='word_1_352' title='bbox 2207 1716 2273 1771; x_wconf 88' lang='lat' dir='ltr'><strong>ad</strong></span> <span class='ocrx_word' id='word_1_353' title='bbox 2324 1716 2554 1779; x_wconf 83' lang='lat' dir='ltr'><strong>inferos,</strong></span> <span class='ocrx_word' id='word_1_354' title='bbox 2583 1722 2708 1785; x_wconf 87' lang='lat' dir='ltr'><strong>post</strong></span> <span class='ocrx_word' id='word_1_355' title='bbox 2736 1713 3197 1769; x_wconf 86' lang='lat' dir='ltr'><strong>resurrectionem</strong></span> <span class='ocrx_word' id='word_1_356' title='bbox 3230 1712 3297 1765; x_wconf 91' lang='lat' dir='ltr'><strong>ad</strong></span> <span class='ocrx_word' id='word_1_357' title='bbox 3330 1721 3556 1780; x_wconf 79' lang='lat' dir='ltr'><strong>terram,</strong></span> 
     </span>
    </p>
   </div>
   <div class='ocr_carea' id='block_1_47' title="bbox 174 1802 1874 1876">
    <p class='ocr_par' dir='ltr' id='par_1_47' title="bbox 174 1804 1869 1876">
     <span class='ocr_line' id='line_1_47' title="bbox 174 1804 1869 1876; baseline -0.001 -15"><span class='ocrx_word' id='word_1_358' title='bbox 174 1852 181 1861; x_wconf 94' lang='lat'><strong>.</strong></span> <span class='ocrx_word' id='word_1_359' title='bbox 290 1806 412 1875; x_wconf 81' lang='grc' dir='ltr'>ὅλην</span> <span class='ocrx_word' id='word_1_360' title='bbox 448 1806 547 1875; x_wconf 81' lang='grc' dir='ltr'>τὴν</span> <span class='ocrx_word' id='word_1_361' title='bbox 607 1806 712 1876; x_wconf 72' lang='grc' dir='ltr'><strong>γῆν</strong></span> <span class='ocrx_word' id='word_1_362' title='bbox 754 1804 988 1875; x_wconf 77' lang='grc' dir='ltr'>ἡγίασε,</span> <span class='ocrx_word' id='word_1_363' title='bbox 1024 1806 1150 1867; x_wconf 76' lang='grc' dir='ltr'>τοὺς</span> <span class='ocrx_word' id='word_1_364' title='bbox 1185 1804 1346 1857; x_wconf 77' lang='grc' dir='ltr'>αὐτὸν</span> <span class='ocrx_word' id='word_1_365' title='bbox 1391 1804 1765 1875; x_wconf 71' lang='grc' dir='ltr'>λαμϐάνοντας</span> <span class='ocrx_word' id='word_1_366' title='bbox 1812 1806 1869 1860; x_wconf 82' lang='grc' dir='ltr'>ὲν</span> 
     </span>
    </p>
   </div>
   <div class='ocr_carea' id='block_1_48' title="bbox 1982 1802 3560 1876">
    <p class='ocr_par' dir='ltr' id='par_1_48' title="bbox 1982 1802 3560 1876">
     <span class='ocr_line' id='line_1_48' title="bbox 1982 1802 3560 1876; baseline -0.004 -13"><span class='ocrx_word' id='word_1_367' title='bbox 1982 1818 2024 1864; x_wconf 78' lang='lat' dir='ltr'><strong>3t</strong></span> <span class='ocrx_word' id='word_1_368' title='bbox 2059 1810 2113 1862; x_wconf 91' lang='lat' dir='ltr'><strong>in</strong></span> <span class='ocrx_word' id='word_1_369' title='bbox 2146 1808 2347 1863; x_wconf 59' lang='lat' dir='ltr'><strong>coelum</strong></span> <span class='ocrx_word' id='word_1_370' title='bbox 2391 1807 2627 1876; x_wconf 84' lang='lat' dir='ltr'><strong>denique</strong></span> <span class='ocrx_word' id='word_1_371' title='bbox 2668 1812 3081 1875; x_wconf 83' lang='lat' dir='ltr'><strong>transportatus</strong></span> <span class='ocrx_word' id='word_1_372' title='bbox 3127 1812 3231 1859; x_wconf 85' lang='lat' dir='ltr'><strong>est.</strong></span> <span class='ocrx_word' id='word_1_373' title='bbox 3283 1802 3420 1857; x_wconf 85' lang='lat' dir='ltr'><strong>Nam</strong></span> <span class='ocrx_word' id='word_1_374' title='bbox 3456 1819 3560 1857; x_wconf 88' lang='lat' dir='ltr'><strong>un-</strong></span> 
     </span>
    </p>
   </div>
   <div class='ocr_carea' id='block_1_49' title="bbox 1972 1894 3560 1971">
    <p class='ocr_par' dir='ltr' id='par_1_49' title="bbox 1972 1894 3560 1971">
     <span class='ocr_line' id='line_1_49' title="bbox 1972 1894 3560 1971; baseline -0.005 -17"><span class='ocrx_word' id='word_1_375' title='bbox 1972 1907 2236 1971; x_wconf 84' lang='lat' dir='ltr'><strong>guentum</strong></span> <span class='ocrx_word' id='word_1_376' title='bbox 2292 1900 2357 1953; x_wconf 90' lang='lat' dir='ltr'><strong>de</strong></span> <span class='ocrx_word' id='word_1_377' title='bbox 2378 1914 2489 1952; x_wconf 92' lang='lat' dir='ltr'><strong>uno</strong></span> <span class='ocrx_word' id='word_1_378' title='bbox 2535 1913 2665 1953; x_wconf 83' lang='lat' dir='ltr'><strong>vase</strong></span> <span class='ocrx_word' id='word_1_379' title='bbox 2690 1897 2746 1951; x_wconf 92' lang='lat' dir='ltr'><strong>in</strong></span> <span class='ocrx_word' id='word_1_380' title='bbox 2797 1896 2947 1950; x_wconf 85' lang='lat' dir='ltr'><strong>aliud</strong></span> <span class='ocrx_word' id='word_1_381' title='bbox 3001 1894 3369 1959; x_wconf 73' lang='lat' dir='ltr'><strong>exinanitum,</strong></span> <span class='ocrx_word' id='word_1_382' title='bbox 3430 1908 3560 1947; x_wconf 85' lang='lat' dir='ltr'><strong>vasa</strong></span> 
     </span>
    </p>
   </div>
   <div class='ocr_carea' id='block_1_50' title="bbox 1978 1976 3561 2059">
    <p class='ocr_par' dir='ltr' id='par_1_50' title="bbox 1978 1976 3561 2059">
     <span class='ocr_line' id='line_1_50' title="bbox 1978 1976 3561 2059; baseline -0.004 -15"><span class='ocrx_word' id='word_1_383' title='bbox 1978 1991 2165 2045; x_wconf 85' lang='lat' dir='ltr'><strong>omnia</strong></span> <span class='ocrx_word' id='word_1_384' title='bbox 2201 1990 2288 2045; x_wconf 90' lang='lat' dir='ltr'><strong>sui</strong></span> <span class='ocrx_word' id='word_1_385' title='bbox 2332 1988 2635 2059; x_wconf 75' lang='lat' dir='ltr'><strong>fragrantia</strong></span> <span class='ocrx_word' id='word_1_386' title='bbox 2666 1976 2980 2058; x_wconf 77' lang='lat' dir='ltr'><strong>perfundit;</strong></span> <span class='ocrx_word' id='word_1_387' title='bbox 3016 1986 3089 2040; x_wconf 91' lang='lat' dir='ltr'><strong>ita</strong></span> <span class='ocrx_word' id='word_1_388' title='bbox 3122 1986 3327 2041; x_wconf 83' lang='lat' dir='ltr'><strong>Christi</strong></span> <span class='ocrx_word' id='word_1_389' title='bbox 3358 2002 3389 2041; x_wconf 91' lang='lat' dir='ltr'><strong>e</strong></span> <span class='ocrx_word' id='word_1_390' title='bbox 3418 1985 3561 2040; x_wconf 70' lang='lat' dir='ltr'><strong>caelo</strong></span> 
     </span>
    </p>
   </div>
   <div class='ocr_carea' id='block_1_51' title="bbox 1973 2076 3563 2148">
    <p class='ocr_par' dir='ltr' id='par_1_51' title="bbox 1973 2076 3563 2148">
     <span class='ocr_line' id='line_1_51' title="bbox 1973 2076 3563 2148; baseline -0.003 -13"><span class='ocrx_word' id='word_1_391' title='bbox 1973 2080 2254 2148; x_wconf 87' lang='lat' dir='ltr'><strong>delapsus,</strong></span> <span class='ocrx_word' id='word_1_392' title='bbox 2286 2087 2489 2131; x_wconf 90' lang='lat' dir='ltr'><strong>terram</strong></span> <span class='ocrx_word' id='word_1_393' title='bbox 2517 2092 2735 2131; x_wconf 90' lang='lat' dir='ltr'><strong>omnem</strong></span> <span class='ocrx_word' id='word_1_394' title='bbox 2760 2076 2996 2145; x_wconf 90' lang='lat' dir='ltr'><strong>quadam</strong></span> <span class='ocrx_word' id='word_1_395' title='bbox 3034 2077 3330 2131; x_wconf 88' lang='lat' dir='ltr'><strong>sanctitate</strong></span> <span class='ocrx_word' id='word_1_396' title='bbox 3365 2090 3563 2130; x_wconf 86' lang='lat' dir='ltr'><strong>conse-</strong></span> 
     </span>
    </p>
   </div>
   <div class='ocr_carea' id='block_1_52' title="bbox 1973 2168 3559 2240">
    <p class='ocr_par' dir='ltr' id='par_1_52' title="bbox 1973 2168 3559 2240">
     <span class='ocr_line' id='line_1_52' title="bbox 1973 2168 3559 2240; baseline -0.005 -12"><span class='ocrx_word' id='word_1_397' title='bbox 1973 2172 2171 2234; x_wconf 84' lang='lat' dir='ltr'><strong>eravit,</strong></span> <span class='ocrx_word' id='word_1_398' title='bbox 2204 2172 2307 2226; x_wconf 88' lang='lat' dir='ltr'><strong>hoc</strong></span> <span class='ocrx_word' id='word_1_399' title='bbox 2331 2178 2435 2236; x_wconf 89' lang='lat' dir='ltr'><strong>est,</strong></span> <span class='ocrx_word' id='word_1_400' title='bbox 2479 2185 2576 2225; x_wconf 85' lang='lat' dir='ltr'><strong>eos</strong></span> <span class='ocrx_word' id='word_1_401' title='bbox 2604 2170 2697 2240; x_wconf 89' lang='lat' dir='ltr'><strong>qui</strong></span> <span class='ocrx_word' id='word_1_402' title='bbox 2729 2170 2945 2224; x_wconf 89' lang='lat' dir='ltr'><strong>sincere</strong></span> <span class='ocrx_word' id='word_1_403' title='bbox 2978 2176 3032 2223; x_wconf 90' lang='lat' dir='ltr'><strong>et</strong></span> <span class='ocrx_word' id='word_1_404' title='bbox 3066 2184 3132 2222; x_wconf 85' lang='lat' dir='ltr'><strong>ex</strong></span> <span class='ocrx_word' id='word_1_405' title='bbox 3164 2168 3347 2221; x_wconf 90' lang='lat' dir='ltr'><strong>animo</strong></span> <span class='ocrx_word' id='word_1_406' title='bbox 3376 2168 3559 2237; x_wconf 88' lang='lat' dir='ltr'><strong>ipsum</strong></span> 
     </span>
    </p>
   </div>
   <div class='ocr_carea' id='block_1_53' title="bbox 1971 2256 3559 2334">
    <p class='ocr_par' dir='ltr' id='par_1_53' title="bbox 1971 2256 3559 2334">
     <span class='ocr_line' id='line_1_53' title="bbox 1971 2256 3559 2334; baseline -0.006 -14"><span class='ocrx_word' id='word_1_407' title='bbox 1971 2264 2309 2334; x_wconf 79' lang='lat' dir='ltr'><strong>exciperent.</strong></span> <span class='ocrx_word' id='word_1_408' title='bbox 2364 2261 2463 2315; x_wconf 80' lang='lat' dir='ltr'><strong>Hic</strong></span> <span class='ocrx_word' id='word_1_409' title='bbox 2513 2271 2598 2316; x_wconf 88' lang='lat' dir='ltr'><strong>est</strong></span> <span class='ocrx_word' id='word_1_410' title='bbox 2645 2259 2942 2322; x_wconf 89' lang='lat' dir='ltr'><strong>illemons,</strong></span> <span class='ocrx_word' id='word_1_411' title='bbox 2976 2256 3275 2327; x_wconf 84' lang='lat' dir='ltr'><strong>etquidem</strong></span> <span class='ocrx_word' id='word_1_412' title='bbox 3304 2271 3559 2325; x_wconf 88' lang='lat' dir='ltr'><strong>magnus,</strong></span> 
     </span>
    </p>
   </div>
   <div class='ocr_carea' id='block_1_54' title="bbox 1974 2347 3559 2424">
    <p class='ocr_par' dir='ltr' id='par_1_54' title="bbox 1974 2347 3559 2424">
     <span class='ocr_line' id='line_1_54' title="bbox 1974 2347 3559 2424; baseline -0.007 -15"><span class='ocrx_word' id='word_1_413' title='bbox 1974 2354 2134 2424; x_wconf 88' lang='lat' dir='ltr'><strong>cujus</strong></span> <span class='ocrx_word' id='word_1_414' title='bbox 2158 2353 2347 2408; x_wconf 85' lang='lat' dir='ltr'><strong>Daniel</strong></span> <span class='ocrx_word' id='word_1_415' title='bbox 2380 2352 2629 2407; x_wconf 89' lang='lat' dir='ltr'><strong>meminit</strong></span> <span class='ocrx_word' id='word_1_416' title='bbox 2654 2368 2668 2403; x_wconf 90' lang='lat'><strong>:</strong></span> <span class='ocrx_word' id='word_1_417' title='bbox 2693 2349 2859 2419; x_wconf 84' lang='lat' dir='ltr'><strong>Lapis</strong></span> <span class='ocrx_word' id='word_1_418' title='bbox 2886 2351 3001 2404; x_wconf 87' lang='lat' dir='ltr'><strong>sine</strong></span> <span class='ocrx_word' id='word_1_419' title='bbox 3022 2349 3264 2403; x_wconf 85' lang='lat' dir='ltr'><strong>manibus</strong></span> <span class='ocrx_word' id='word_1_420' title='bbox 3289 2348 3496 2402; x_wconf 73' lang='lat' dir='ltr'><strong>excisus</strong></span> <span class='ocrx_word' id='word_1_421' title='bbox 3514 2347 3559 2410; x_wconf 89' lang='grc'>³,</span> 
     </span>
    </p>
   </div>
   <div class='ocr_carea' id='block_1_55' title="bbox 1975 2436 3566 2516">
    <p class='ocr_par' dir='ltr' id='par_1_55' title="bbox 1975 2436 3566 2516">
     <span class='ocr_line' id='line_1_55' title="bbox 1975 2436 3566 2516; baseline -0.006 -18"><span class='ocrx_word' id='word_1_422' title='bbox 1975 2443 2087 2516; x_wconf 65' lang='grc'><strong>46</strong></span> <span class='ocrx_word' id='word_1_423' title='bbox 2118 2443 2223 2497; x_wconf 90' lang='lat' dir='ltr'><strong>hoc</strong></span> <span class='ocrx_word' id='word_1_424' title='bbox 2250 2451 2355 2507; x_wconf 89' lang='lat' dir='ltr'><strong>est,</strong></span> <span class='ocrx_word' id='word_1_425' title='bbox 2385 2442 2506 2497; x_wconf 89' lang='lat' dir='ltr'><strong>sine</strong></span> <span class='ocrx_word' id='word_1_426' title='bbox 2533 2440 2681 2495; x_wconf 80' lang='lat' dir='ltr'><strong>virili</strong></span> <span class='ocrx_word' id='word_1_427' title='bbox 2712 2449 2835 2495; x_wconf 90' lang='lat' dir='ltr'><strong>satu</strong></span> <span class='ocrx_word' id='word_1_428' title='bbox 2869 2439 3113 2511; x_wconf 88' lang='lat' dir='ltr'><strong>genitus.</strong></span> <span class='ocrx_word' id='word_1_429' title='bbox 3143 2436 3247 2503; x_wconf 83' lang='lat' dir='ltr'><strong>Qui</strong></span> <span class='ocrx_word' id='word_1_430' title='bbox 3284 2450 3407 2492; x_wconf 92' lang='lat' dir='ltr'><strong>cum</strong></span> <span class='ocrx_word' id='word_1_431' title='bbox 3440 2450 3566 2506; x_wconf 87' lang='lat' dir='ltr'><strong>par-</strong></span> 
     </span>
    </p>
   </div>
   <div class='ocr_carea' id='block_1_56' title="bbox 1978 2527 3565 2605">
    <p class='ocr_par' dir='ltr' id='par_1_56' title="bbox 1978 2527 3565 2605">
     <span class='ocr_line' id='line_1_56' title="bbox 1978 2527 3565 2605; baseline -0.005 -17"><span class='ocrx_word' id='word_1_432' title='bbox 1978 2551 2077 2592; x_wconf 69' lang='lat' dir='ltr'><strong>vus</strong></span> <span class='ocrx_word' id='word_1_433' title='bbox 2116 2543 2284 2601; x_wconf 89' lang='lat' dir='ltr'><strong>esset,</strong></span> <span class='ocrx_word' id='word_1_434' title='bbox 2318 2534 2495 2605; x_wconf 89' lang='lat' dir='ltr'><strong>major</strong></span> <span class='ocrx_word' id='word_1_435' title='bbox 2535 2541 2621 2588; x_wconf 90' lang='lat' dir='ltr'><strong>est</strong></span> <span class='ocrx_word' id='word_1_436' title='bbox 2667 2538 2853 2603; x_wconf 76' lang='lat' dir='ltr'><strong>postea</strong></span> <span class='ocrx_word' id='word_1_437' title='bbox 2900 2540 3182 2601; x_wconf 87' lang='lat' dir='ltr'><strong>repertus;</strong></span> <span class='ocrx_word' id='word_1_438' title='bbox 3240 2528 3379 2597; x_wconf 82' lang='lat' dir='ltr'><strong>lapis</strong></span> <span class='ocrx_word' id='word_1_439' title='bbox 3405 2568 3421 2591; x_wconf 91' lang='lat'><strong>,</strong></span> <span class='ocrx_word' id='word_1_440' title='bbox 3478 2527 3565 2581; x_wconf 85' lang='lat' dir='ltr'><strong>in-</strong></span> 
     </span>
    </p>
   </div>
   <div class='ocr_carea' id='block_1_57' title="bbox 1976 2610 3567 2699">
    <p class='ocr_par' dir='ltr' id='par_1_57' title="bbox 1976 2610 3567 2699">
     <span class='ocr_line' id='line_1_57' title="bbox 1976 2610 3567 2699; baseline -0.004 -17"><span class='ocrx_word' id='word_1_441' title='bbox 1976 2642 2167 2699; x_wconf 89' lang='lat' dir='ltr'><strong>quam,</strong></span> <span class='ocrx_word' id='word_1_442' title='bbox 2221 2628 2317 2699; x_wconf 88' lang='lat' dir='ltr'><strong>qui</strong></span> <span class='ocrx_word' id='word_1_443' title='bbox 2366 2626 2434 2681; x_wconf 91' lang='lat' dir='ltr'><strong>ad</strong></span> <span class='ocrx_word' id='word_1_444' title='bbox 2482 2625 2915 2697; x_wconf 81' lang='lat' dir='ltr'><strong>magnitudinem</strong></span> <span class='ocrx_word' id='word_1_445' title='bbox 2974 2630 3163 2693; x_wconf 88' lang='lat' dir='ltr'><strong>postea</strong></span> <span class='ocrx_word' id='word_1_446' title='bbox 3208 2610 3477 2694; x_wconf 77' lang='lat' dir='ltr'><strong>pervenit,</strong></span> <span class='ocrx_word' id='word_1_447' title='bbox 3511 2628 3567 2676; x_wconf 85' lang='lat' dir='ltr'><strong>et</strong></span> 
     </span>
    </p>
   </div>
   <div class='ocr_carea' id='block_1_58' title="bbox 1978 2716 3567 2789">
    <p class='ocr_par' dir='ltr' id='par_1_58' title="bbox 1978 2716 3567 2789">
     <span class='ocr_line' id='line_1_58' title="bbox 1978 2716 3567 2789; baseline -0.005 -12"><span class='ocrx_word' id='word_1_448' title='bbox 1978 2722 2034 2777; x_wconf 92' lang='lat' dir='ltr'><strong>in</strong></span> <span class='ocrx_word' id='word_1_449' title='bbox 2063 2730 2303 2777; x_wconf 84' lang='lat' dir='ltr'><strong>montem</strong></span> <span class='ocrx_word' id='word_1_450' title='bbox 2350 2720 2585 2775; x_wconf 85' lang='lat' dir='ltr'><strong>arduum</strong></span> <span class='ocrx_word' id='word_1_451' title='bbox 2634 2718 2954 2785; x_wconf 84' lang='lat' dir='ltr'><strong>suecrevit,</strong></span> <span class='ocrx_word' id='word_1_452' title='bbox 3004 2718 3097 2789; x_wconf 92' lang='lat' dir='ltr'><strong>qui</strong></span> <span class='ocrx_word' id='word_1_453' title='bbox 3133 2716 3355 2787; x_wconf 83' lang='lat' dir='ltr'><strong>quidem</strong></span> <span class='ocrx_word' id='word_1_454' title='bbox 3406 2730 3567 2770; x_wconf 90' lang='lat' dir='ltr'><strong>mons</strong></span> 
     </span>
    </p>
   </div>
   <div class='ocr_carea' id='block_1_59' title="bbox 1978 2807 3565 2879">
    <p class='ocr_par' dir='ltr' id='par_1_59' title="bbox 1978 2807 3565 2879">
     <span class='ocr_line' id='line_1_59' title="bbox 1978 2807 3565 2879; baseline -0.006 -10"><span class='ocrx_word' id='word_1_455' title='bbox 1978 2830 2088 2869; x_wconf 92' lang='lat' dir='ltr'><strong>non</strong></span> <span class='ocrx_word' id='word_1_456' title='bbox 2123 2821 2274 2868; x_wconf 89' lang='lat' dir='ltr'><strong>certo</strong></span> <span class='ocrx_word' id='word_1_457' title='bbox 2320 2812 2440 2865; x_wconf 91' lang='lat' dir='ltr'><strong>loco</strong></span> <span class='ocrx_word' id='word_1_458' title='bbox 2476 2809 2936 2879; x_wconf 82' lang='lat' dir='ltr'><strong>circumscriptus</strong></span> <span class='ocrx_word' id='word_1_459' title='bbox 2975 2817 3079 2872; x_wconf 86' lang='lat' dir='ltr'><strong>est,</strong></span> <span class='ocrx_word' id='word_1_460' title='bbox 3115 2807 3209 2863; x_wconf 88' lang='lat' dir='ltr'><strong>sed</strong></span> <span class='ocrx_word' id='word_1_461' title='bbox 3243 2808 3565 2862; x_wconf 86' lang='lat' dir='ltr'><strong>universum</strong></span> 
     </span>
    </p>
   </div>
   <div class='ocr_carea' id='block_1_60' title="bbox 1980 2894 3552 2971">
    <p class='ocr_par' dir='ltr' id='par_1_60' title="bbox 1980 2894 3552 2971">
     <span class='ocr_line' id='line_1_60' title="bbox 1980 2894 3552 2971; baseline -0.006 -14"><span class='ocrx_word' id='word_1_462' title='bbox 1980 2910 2249 2957; x_wconf 90' lang='lat' dir='ltr'><strong>terrarum</strong></span> <span class='ocrx_word' id='word_1_463' title='bbox 2297 2901 2483 2957; x_wconf 88' lang='lat' dir='ltr'><strong>orbem</strong></span> <span class='ocrx_word' id='word_1_464' title='bbox 2532 2899 2895 2971; x_wconf 89' lang='lat' dir='ltr'><strong>amplitudine</strong></span> <span class='ocrx_word' id='word_1_465' title='bbox 2949 2915 3047 2954; x_wconf 89' lang='lat' dir='ltr'><strong>sua</strong></span> <span class='ocrx_word' id='word_1_466' title='bbox 3082 2897 3396 2967; x_wconf 80' lang='lat' dir='ltr'><strong>complevit.</strong></span> <span class='ocrx_word' id='word_1_467' title='bbox 3455 2894 3552 2948; x_wconf 81' lang='lat' dir='ltr'><strong>Ille</strong></span> 
     </span>
    </p>
   </div>
   <div class='ocr_carea' id='block_1_61' title="bbox 1980 2990 3570 3066">
    <p class='ocr_par' dir='ltr' id='par_1_61' title="bbox 1980 2990 3570 3066">
     <span class='ocr_line' id='line_1_61' title="bbox 1980 2990 3570 3066; baseline -0.006 -16"><span class='ocrx_word' id='word_1_468' title='bbox 1980 3008 2105 3050; x_wconf 92' lang='lat' dir='ltr'><strong>cum</strong></span> <span class='ocrx_word' id='word_1_469' title='bbox 2147 2993 2420 3066; x_wconf 88' lang='lat' dir='ltr'><strong>sapientia</strong></span> <span class='ocrx_word' id='word_1_470' title='bbox 2470 2992 2565 3058; x_wconf 85' lang='lat' dir='ltr'><strong>sit,</strong></span> <span class='ocrx_word' id='word_1_471' title='bbox 2617 2991 2783 3047; x_wconf 92' lang='lat' dir='ltr'><strong>homo</strong></span> <span class='ocrx_word' id='word_1_472' title='bbox 2815 2990 2995 3047; x_wconf 78' lang='lat' dir='ltr'><strong>factus</strong></span> <span class='ocrx_word' id='word_1_473' title='bbox 3034 2990 3144 3045; x_wconf 89' lang='lat' dir='ltr'><strong>vim</strong></span> <span class='ocrx_word' id='word_1_474' title='bbox 3187 3002 3341 3043; x_wconf 87' lang='lat' dir='ltr'><strong>suam</strong></span> <span class='ocrx_word' id='word_1_475' title='bbox 3381 3001 3445 3042; x_wconf 90' lang='lat' dir='ltr'><strong>ac</strong></span> <span class='ocrx_word' id='word_1_476' title='bbox 3475 3002 3570 3057; x_wconf 90' lang='lat' dir='ltr'><strong>po-</strong></span> 
     </span>
    </p>
   </div>
   <div class='ocr_carea' id='block_1_62' title="bbox 1982 3085 3565 3158">
    <p class='ocr_par' dir='ltr' id='par_1_62' title="bbox 1982 3085 3565 3158">
     <span class='ocr_line' id='line_1_62' title="bbox 1982 3085 3565 3158; baseline -0.004 -16"><span class='ocrx_word' id='word_1_477' title='bbox 1982 3086 2209 3143; x_wconf 89' lang='lat' dir='ltr'><strong>tentiam</strong></span> <span class='ocrx_word' id='word_1_478' title='bbox 2258 3095 2372 3143; x_wconf 90' lang='lat' dir='ltr'><strong>tuto</strong></span> <span class='ocrx_word' id='word_1_479' title='bbox 2414 3087 2604 3142; x_wconf 90' lang='lat' dir='ltr'><strong>mundi</strong></span> <span class='ocrx_word' id='word_1_480' title='bbox 2636 3088 2846 3142; x_wconf 88' lang='lat' dir='ltr'><strong>ambitu</strong></span> <span class='ocrx_word' id='word_1_481' title='bbox 2883 3086 3245 3158; x_wconf 75' lang='lat' dir='ltr'><strong>propagavit;</strong></span> <span class='ocrx_word' id='word_1_482' title='bbox 3284 3096 3343 3139; x_wconf 89' lang='lat' dir='ltr'><strong>ut</strong></span> <span class='ocrx_word' id='word_1_483' title='bbox 3373 3085 3565 3140; x_wconf 87' lang='lat' dir='ltr'><strong>orbem</strong></span> 
     </span>
    </p>
   </div>
   <div class='ocr_carea' id='block_1_63' title="bbox 297 3139 1874 3250">
    <p class='ocr_par' dir='ltr' id='par_1_63' title="bbox 297 3139 1874 3242">
     <span class='ocr_line' id='line_1_63' title="bbox 297 3139 1874 3242; baseline 0 -16"><span class='ocrx_word' id='word_1_484' title='bbox 297 3139 442 3226; x_wconf 75' lang='grc' dir='ltr'>Ἀλλ’</span> <span class='ocrx_word' id='word_1_485' title='bbox 478 3139 663 3242; x_wconf 69' lang='grc' dir='ltr'>ἐπειδὴ</span> <span class='ocrx_word' id='word_1_486' title='bbox 696 3170 981 3242; x_wconf 67' lang='grc' dir='ltr'>γεννηθεὶς</span> <span class='ocrx_word' id='word_1_487' title='bbox 1010 3169 1118 3224; x_wconf 80' lang='grc' dir='ltr'>ἀπὸ</span> <span class='ocrx_word' id='word_1_488' title='bbox 1145 3139 1375 3237; x_wconf 76' lang='grc' dir='ltr'>κοιλίας,</span> <span class='ocrx_word' id='word_1_489' title='bbox 1404 3139 1571 3235; x_wconf 48' lang='lat' dir='ltr'><strong>ideo;</strong></span> <span class='ocrx_word' id='word_1_490' title='bbox 1597 3139 1874 3237; x_wconf 43' lang='grc' dir='ltr'>λαλῶν-,εί</span> 
     </span>
    </p>
   </div>
   <div class='ocr_carea' id='block_1_64' title="bbox 1982 3139 3565 3250">
    <p class='ocr_par' dir='ltr' id='par_1_64' title="bbox 1983 3173 3565 3250">
     <span class='ocr_line' id='line_1_64' title="bbox 1983 3173 3565 3250; baseline -0.004 -18"><span class='ocrx_word' id='word_1_491' title='bbox 1983 3185 2255 3234; x_wconf 88' lang='lat' dir='ltr'><strong>terrarum</strong></span> <span class='ocrx_word' id='word_1_492' title='bbox 2292 3177 2469 3250; x_wconf 89' lang='lat' dir='ltr'><strong>gratia</strong></span> <span class='ocrx_word' id='word_1_493' title='bbox 2512 3191 2613 3231; x_wconf 88' lang='lat' dir='ltr'><strong>sua</strong></span> <span class='ocrx_word' id='word_1_494' title='bbox 2653 3175 2975 3247; x_wconf 87' lang='lat' dir='ltr'><strong>compleret,</strong></span> <span class='ocrx_word' id='word_1_495' title='bbox 3007 3185 3164 3229; x_wconf 64' lang='lat' dir='ltr'><strong>letale</strong></span> <span class='ocrx_word' id='word_1_496' title='bbox 3219 3191 3281 3227; x_wconf 89' lang='lat' dir='ltr'><strong>ac</strong></span> <span class='ocrx_word' id='word_1_497' title='bbox 3302 3173 3565 3242; x_wconf 76' lang='lat' dir='ltr'><strong>sapientia</strong></span> 
     </span>
    </p>
   </div>
   <div class='ocr_carea' id='block_1_65' title="bbox 287 3260 1872 3347">
    <p class='ocr_par' dir='ltr' id='par_1_65' title="bbox 287 3260 1872 3347">
     <span class='ocr_line' id='line_1_65' title="bbox 287 3260 1872 3347; baseline -0.001 -28"><span class='ocrx_word' id='word_1_498' title='bbox 287 3266 592 3329; x_wconf 67' lang='grc' dir='ltr'>ἐδείκνυτο,</span> <span class='ocrx_word' id='word_1_499' title='bbox 619 3264 714 3319; x_wconf 67' lang='grc' dir='ltr'>καὶ</span> <span class='ocrx_word' id='word_1_500' title='bbox 742 3263 1001 3347; x_wconf 82' lang='grc' dir='ltr'>καθαρῶς</span> <span class='ocrx_word' id='word_1_501' title='bbox 1040 3260 1129 3318; x_wconf 80' lang='grc' dir='ltr'><strong>οία</strong></span> <span class='ocrx_word' id='word_1_502' title='bbox 1158 3263 1223 3335; x_wconf 81' lang='grc' dir='ltr'>δὴ</span> <span class='ocrx_word' id='word_1_503' title='bbox 1262 3264 1523 3336; x_wconf 85' lang='grc' dir='ltr'>άρτίπαις</span> <span class='ocrx_word' id='word_1_504' title='bbox 1557 3264 1872 3334; x_wconf 73' lang='grc' dir='ltr'>ἐφθέγγετο,</span> 
     </span>
    </p>
   </div>
   <div class='ocr_carea' id='block_1_66' title="bbox 1980 3259 3568 3339">
    <p class='ocr_par' dir='ltr' id='par_1_66' title="bbox 1980 3259 3568 3339">
     <span class='ocr_line' id='line_1_66' title="bbox 1980 3259 3568 3339; baseline -0.005 -18"><span class='ocrx_word' id='word_1_505' title='bbox 1980 3284 2289 3339; x_wconf 82' lang='lat' dir='ltr'><strong>progressus</strong></span> <span class='ocrx_word' id='word_1_506' title='bbox 2336 3277 2457 3322; x_wconf 82' lang='lat' dir='ltr'><strong>est.</strong></span> <span class='ocrx_word' id='word_1_507' title='bbox 2497 3264 2603 3334; x_wconf 85' lang='lat' dir='ltr'><strong>Qui</strong></span> <span class='ocrx_word' id='word_1_508' title='bbox 2648 3265 2795 3321; x_wconf 87' lang='lat' dir='ltr'><strong>enim</strong></span> <span class='ocrx_word' id='word_1_509' title='bbox 2842 3265 3046 3334; x_wconf 86' lang='lat' dir='ltr'><strong>alioqui</strong></span> <span class='ocrx_word' id='word_1_510' title='bbox 3073 3264 3354 3327; x_wconf 83' lang='lat' dir='ltr'><strong>convenit,</strong></span> <span class='ocrx_word' id='word_1_511' title='bbox 3387 3270 3445 3316; x_wconf 92' lang='lat' dir='ltr'><strong>ut</strong></span> <span class='ocrx_word' id='word_1_512' title='bbox 3474 3259 3568 3331; x_wconf 89' lang='lat' dir='ltr'><strong>qui</strong></span> 
     </span>
    </p>
   </div>
   <div class='ocr_carea' id='block_1_67' title="bbox 288 3353 1874 3431">
    <p class='ocr_par' dir='ltr' id='par_1_67' title="bbox 288 3358 1874 3431">
     <span class='ocr_line' id='line_1_67' title="bbox 288 3358 1874 3431; baseline 0 -18"><span class='ocrx_word' id='word_1_513' title='bbox 288 3358 562 3430; x_wconf 74' lang='grc' dir='ltr'>φαντασία</span> <span class='ocrx_word' id='word_1_514' title='bbox 593 3358 660 3412; x_wconf 81' lang='grc' dir='ltr'>ἂν</span> <span class='ocrx_word' id='word_1_515' title='bbox 711 3358 1009 3431; x_wconf 74' lang='grc' dir='ltr'>ἐνομίσθη,</span> <span class='ocrx_word' id='word_1_516' title='bbox 1048 3358 1142 3413; x_wconf 76' lang='grc' dir='ltr'>καὶ</span> <span class='ocrx_word' id='word_1_517' title='bbox 1181 3358 1283 3411; x_wconf 80' lang='grc' dir='ltr'>οὐκ</span> <span class='ocrx_word' id='word_1_518' title='bbox 1328 3358 1555 3431; x_wconf 81' lang='grc' dir='ltr'>ἀληθὴς,</span> <span class='ocrx_word' id='word_1_519' title='bbox 1596 3359 1630 3431; x_wconf 78' lang='grc' dir='ltr'>ἢ</span> <span class='ocrx_word' id='word_1_520' title='bbox 1676 3358 1874 3431; x_wconf 78' lang='grc' dir='ltr'>μᾶλλον</span> 
     </span>
    </p>
   </div>
   <div class='ocr_carea' id='block_1_68' title="bbox 1982 3353 3571 3431">
    <p class='ocr_par' dir='ltr' id='par_1_68' title="bbox 1984 3353 3571 3431">
     <span class='ocr_line' id='line_1_68' title="bbox 1984 3353 3571 3431; baseline -0.006 -16"><span class='ocrx_word' id='word_1_521' title='bbox 1984 3359 2166 3416; x_wconf 86' lang='lat' dir='ltr'><strong>Patris</strong></span> <span class='ocrx_word' id='word_1_522' title='bbox 2215 3359 2483 3431; x_wconf 87' lang='lat' dir='ltr'><strong>sapientia</strong></span> <span class='ocrx_word' id='word_1_523' title='bbox 2535 3360 2630 3424; x_wconf 90' lang='lat' dir='ltr'><strong>sit,</strong></span> <span class='ocrx_word' id='word_1_524' title='bbox 2678 3364 2734 3413; x_wconf 90' lang='lat' dir='ltr'><strong>et</strong></span> <span class='ocrx_word' id='word_1_525' title='bbox 2773 3356 3122 3411; x_wconf 89' lang='lat' dir='ltr'><strong>articulatam</strong></span> <span class='ocrx_word' id='word_1_526' title='bbox 3163 3356 3444 3411; x_wconf 85' lang='lat' dir='ltr'><strong>hominum</strong></span> <span class='ocrx_word' id='word_1_527' title='bbox 3474 3353 3571 3407; x_wconf 84' lang='lat' dir='ltr'><strong>lin-</strong></span> 
     </span>
    </p>
   </div>
   <div class='ocr_carea' id='block_1_69' title="bbox 288 3447 1874 3525">
    <p class='ocr_par' dir='ltr' id='par_1_69' title="bbox 288 3447 1874 3521">
     <span class='ocr_line' id='line_1_69' title="bbox 288 3447 1874 3521; baseline -0.001 -17"><span class='ocrx_word' id='word_1_528' title='bbox 288 3450 508 3521; x_wconf 75' lang='grc' dir='ltr'>δοκήσει</span> <span class='ocrx_word' id='word_1_529' title='bbox 561 3451 595 3521; x_wconf 76' lang='grc' dir='ltr'>ἡ</span> <span class='ocrx_word' id='word_1_530' title='bbox 641 3449 906 3520; x_wconf 72' lang='grc' dir='ltr'>ἔνσαρκος</span> <span class='ocrx_word' id='word_1_531' title='bbox 956 3447 1122 3502; x_wconf 78' lang='grc' dir='ltr'>αὑτοῦ</span> <span class='ocrx_word' id='word_1_532' title='bbox 1169 3450 1384 3521; x_wconf 80' lang='grc' dir='ltr'>κύησις.</span> <span class='ocrx_word' id='word_1_533' title='bbox 1434 3451 1533 3504; x_wconf 86' lang='grc' dir='ltr'>Διά</span> <span class='ocrx_word' id='word_1_534' title='bbox 1574 3467 1654 3503; x_wconf 90' lang='grc' dir='ltr'><strong>τοι</strong></span> <span class='ocrx_word' id='word_1_535' title='bbox 1718 3449 1874 3503; x_wconf 73' lang='grc' dir='ltr'>τοῦτο</span> 
     </span>
    </p>
   </div>
   <div class='ocr_carea' id='block_1_70' title="bbox 1982 3447 3572 3525">
    <p class='ocr_par' dir='ltr' id='par_1_70' title="bbox 1984 3449 3572 3525">
     <span class='ocr_line' id='line_1_70' title="bbox 1984 3449 3572 3525; baseline -0.005 -17"><span class='ocrx_word' id='word_1_536' title='bbox 1984 3468 2145 3525; x_wconf 88' lang='lat' dir='ltr'><strong>guam</strong></span> <span class='ocrx_word' id='word_1_537' title='bbox 2186 3452 2399 3519; x_wconf 82' lang='lat' dir='ltr'><strong>fecerit,</strong></span> <span class='ocrx_word' id='word_1_538' title='bbox 2448 3458 2503 3507; x_wconf 92' lang='lat' dir='ltr'><strong>et</strong></span> <span class='ocrx_word' id='word_1_539' title='bbox 2544 3450 2897 3506; x_wconf 85' lang='lat' dir='ltr'><strong>audientibus</strong></span> <span class='ocrx_word' id='word_1_540' title='bbox 2943 3464 3108 3505; x_wconf 87' lang='lat' dir='ltr'><strong>aures</strong></span> <span class='ocrx_word' id='word_1_541' title='bbox 3144 3449 3428 3511; x_wconf 82' lang='lat' dir='ltr'><strong>inseverit,</strong></span> <span class='ocrx_word' id='word_1_542' title='bbox 3468 3462 3572 3519; x_wconf 83' lang='lat' dir='ltr'><strong>pa-</strong></span> 
     </span>
    </p>
   </div>
   <div class='ocr_carea' id='block_1_71' title="bbox 288 3539 1874 3619">
    <p class='ocr_par' dir='ltr' id='par_1_71' title="bbox 288 3541 1874 3619">
     <span class='ocr_line' id='line_1_71' title="bbox 288 3541 1874 3619; baseline 0.001 -22"><span class='ocrx_word' id='word_1_543' title='bbox 288 3544 554 3616; x_wconf 76' lang='grc' dir='ltr'>ὑπομένει</span> <span class='ocrx_word' id='word_1_544' title='bbox 585 3544 647 3596; x_wconf 75' lang='grc' dir='ltr'>τὸ</span> <span class='ocrx_word' id='word_1_545' title='bbox 681 3542 862 3611; x_wconf 77' lang='grc' dir='ltr'>ὀλίγον</span> <span class='ocrx_word' id='word_1_546' title='bbox 903 3542 1005 3613; x_wconf 77' lang='grc' dir='ltr'>τῆς</span> <span class='ocrx_word' id='word_1_547' title='bbox 1039 3541 1277 3614; x_wconf 75' lang='grc' dir='ltr'>ἡλικίας,</span> <span class='ocrx_word' id='word_1_548' title='bbox 1307 3542 1393 3597; x_wconf 82' lang='grc' dir='ltr'>ἴνα</span> <span class='ocrx_word' id='word_1_549' title='bbox 1431 3542 1507 3614; x_wconf 83' lang='grc' dir='ltr'>μὴ</span> <span class='ocrx_word' id='word_1_550' title='bbox 1546 3543 1786 3619; x_wconf 78' lang='grc' dir='ltr'>ἀφανίσῃ</span> <span class='ocrx_word' id='word_1_551' title='bbox 1816 3544 1874 3598; x_wconf 75' lang='grc' dir='ltr'><strong>τὸ</strong></span> 
     </span>
    </p>
   </div>
   <div class='ocr_carea' id='block_1_72' title="bbox 1982 3539 3569 3619">
    <p class='ocr_par' dir='ltr' id='par_1_72' title="bbox 1982 3539 3569 3613">
     <span class='ocr_line' id='line_1_72' title="bbox 1982 3539 3569 3613; baseline -0.004 -15"><span class='ocrx_word' id='word_1_552' title='bbox 1982 3553 2120 3601; x_wconf 90' lang='lat' dir='ltr'><strong>trem</strong></span> <span class='ocrx_word' id='word_1_553' title='bbox 2152 3553 2247 3599; x_wconf 87' lang='lat' dir='ltr'><strong>aut</strong></span> <span class='ocrx_word' id='word_1_554' title='bbox 2269 3552 2495 3599; x_wconf 89' lang='lat' dir='ltr'><strong>matrem</strong></span> <span class='ocrx_word' id='word_1_555' title='bbox 2527 3558 2634 3598; x_wconf 90' lang='lat' dir='ltr'><strong>non</strong></span> <span class='ocrx_word' id='word_1_556' title='bbox 2658 3542 2811 3613; x_wconf 92' lang='lat' dir='ltr'><strong>prius</strong></span> <span class='ocrx_word' id='word_1_557' title='bbox 2831 3542 3106 3612; x_wconf 82' lang='lat' dir='ltr'><strong>appellare</strong></span> <span class='ocrx_word' id='word_1_558' title='bbox 3136 3539 3377 3601; x_wconf 87' lang='lat' dir='ltr'><strong>sciverit,</strong></span> <span class='ocrx_word' id='word_1_559' title='bbox 3402 3552 3569 3609; x_wconf 88' lang='lat' dir='ltr'><strong>quam</strong></span> 
     </span>
    </p>
   </div>
   <div class='ocr_carea' id='block_1_73' title="bbox 288 3624 1874 3706">
    <p class='ocr_par' dir='ltr' id='par_1_73' title="bbox 288 3628 995 3706">
     <span class='ocr_line' id='line_1_73' title="bbox 288 3628 995 3706; baseline -0.001 -19"><span class='ocrx_word' id='word_1_560' title='bbox 288 3635 486 3706; x_wconf 79' lang='grc' dir='ltr'>ἀληθὲς</span> <span class='ocrx_word' id='word_1_561' title='bbox 515 3635 618 3705; x_wconf 76' lang='grc' dir='ltr'>τῆς</span> <span class='ocrx_word' id='word_1_562' title='bbox 649 3628 995 3698; x_wconf 78' lang='grc' dir='ltr'>ἀκολουθίας.</span> 
     </span>
    </p>
   </div>
   <div class='ocr_carea' id='block_1_74' title="bbox 1982 3624 3571 3706">
    <p class='ocr_par' dir='ltr' id='par_1_74' title="bbox 1987 3624 3571 3701">
     <span class='ocr_line' id='line_1_74' title="bbox 1987 3624 3571 3701; baseline -0.005 -12"><span class='ocrx_word' id='word_1_563' title='bbox 1987 3634 2242 3691; x_wconf 89' lang='lat' dir='ltr'><strong>Damasci</strong></span> <span class='ocrx_word' id='word_1_564' title='bbox 2270 3635 2383 3689; x_wconf 85' lang='lat' dir='ltr'><strong>vim</strong></span> <span class='ocrx_word' id='word_1_565' title='bbox 2407 3648 2470 3688; x_wconf 90' lang='lat' dir='ltr'><strong>ac</strong></span> <span class='ocrx_word' id='word_1_566' title='bbox 2499 3631 2765 3687; x_wconf 66' lang='lat' dir='ltr'><strong>Samarizc</strong></span> <span class='ocrx_word' id='word_1_567' title='bbox 2794 3631 2966 3701; x_wconf 90' lang='lat' dir='ltr'><strong>spolia</strong></span> <span class='ocrx_word' id='word_1_568' title='bbox 3003 3629 3299 3700; x_wconf 86' lang='lat' dir='ltr'><strong>diriperet?</strong></span> <span class='ocrx_word' id='word_1_569' title='bbox 3317 3636 3424 3682; x_wconf 90' lang='lat' dir='ltr'><strong>etc.</strong></span> <span class='ocrx_word' id='word_1_570' title='bbox 3450 3624 3571 3681; x_wconf 84' lang='lat' dir='ltr'><strong>Ve-</strong></span> 
     </span>
    </p>
   </div>
   <div class='ocr_carea' id='block_1_75' title="bbox 288 3719 3571 3799">
    <p class='ocr_par' dir='ltr' id='par_1_75' title="bbox 288 3719 3571 3799">
     <span class='ocr_line' id='line_1_75' title="bbox 288 3719 3571 3799; baseline -0.003 -17"><span class='ocrx_word' id='word_1_571' title='bbox 288 3744 409 3782; x_wconf 90' lang='lat' dir='ltr'><strong>rum</strong></span> <span class='ocrx_word' id='word_1_572' title='bbox 439 3729 698 3799; x_wconf 86' lang='lat' dir='ltr'><strong>quoniam</strong></span> <span class='ocrx_word' id='word_1_573' title='bbox 720 3728 766 3785; x_wconf 87' lang='lat' dir='ltr'><strong>si</strong></span> <span class='ocrx_word' id='word_1_574' title='bbox 800 3743 868 3783; x_wconf 82' lang='lat' dir='ltr'><strong>ex</strong></span> <span class='ocrx_word' id='word_1_575' title='bbox 900 3735 1056 3783; x_wconf 83' lang='lat' dir='ltr'><strong>utero</strong></span> <span class='ocrx_word' id='word_1_576' title='bbox 1078 3727 1269 3783; x_wconf 87' lang='lat' dir='ltr'><strong>matris</strong></span> <span class='ocrx_word' id='word_1_577' title='bbox 1292 3726 1473 3782; x_wconf 89' lang='lat' dir='ltr'><strong>editus</strong></span> <span class='ocrx_word' id='word_1_578' title='bbox 1502 3726 1689 3783; x_wconf 87' lang='lat' dir='ltr'><strong>statim</strong></span> <span class='ocrx_word' id='word_1_579' title='bbox 1718 3726 2061 3797; x_wconf 89' lang='lat' dir='ltr'><strong>loqueretur,</strong></span> <span class='ocrx_word' id='word_1_580' title='bbox 2088 3743 2151 3783; x_wconf 88' lang='lat' dir='ltr'><strong>ac</strong></span> <span class='ocrx_word' id='word_1_581' title='bbox 2177 3735 2436 3799; x_wconf 91' lang='lat' dir='ltr'><strong>tanquam</strong></span> <span class='ocrx_word' id='word_1_582' title='bbox 2477 3726 2702 3780; x_wconf 90' lang='lat' dir='ltr'><strong>adultus</strong></span> <span class='ocrx_word' id='word_1_583' title='bbox 2732 3740 2868 3796; x_wconf 88' lang='lat' dir='ltr'><strong>puer</strong></span> <span class='ocrx_word' id='word_1_584' title='bbox 2894 3722 3186 3777; x_wconf 85' lang='lat' dir='ltr'><strong>articulate</strong></span> <span class='ocrx_word' id='word_1_585' title='bbox 3217 3736 3279 3775; x_wconf 90' lang='lat' dir='ltr'><strong>ac</strong></span> <span class='ocrx_word' id='word_1_586' title='bbox 3306 3719 3571 3774; x_wconf 80' lang='lat' dir='ltr'><strong>distincte</strong></span> 
     </span>
    </p>
   </div>
   <div class='ocr_carea' id='block_1_76' title="bbox 286 3810 3568 3890">
    <p class='ocr_par' dir='ltr' id='par_1_76' title="bbox 286 3810 3568 3890">
     <span class='ocr_line' id='line_1_76' title="bbox 286 3810 3568 3890; baseline -0.002 -19"><span class='ocrx_word' id='word_1_587' title='bbox 286 3818 456 3872; x_wconf 79' lang='lat' dir='ltr'><strong>verba</strong></span> <span class='ocrx_word' id='word_1_588' title='bbox 507 3818 793 3881; x_wconf 74' lang='lat' dir='ltr'><strong>formarat,</strong></span> <span class='ocrx_word' id='word_1_589' title='bbox 828 3833 937 3872; x_wconf 89' lang='lat' dir='ltr'><strong>non</strong></span> <span class='ocrx_word' id='word_1_590' title='bbox 965 3833 1091 3873; x_wconf 88' lang='lat' dir='ltr'><strong>vera</strong></span> <span class='ocrx_word' id='word_1_591' title='bbox 1127 3818 1313 3872; x_wconf 85' lang='lat' dir='ltr'><strong>carnis</strong></span> <span class='ocrx_word' id='word_1_592' title='bbox 1344 3817 1491 3874; x_wconf 91' lang='lat' dir='ltr'><strong>illius</strong></span> <span class='ocrx_word' id='word_1_593' title='bbox 1508 3818 1685 3890; x_wconf 89' lang='lat' dir='ltr'><strong>origo,</strong></span> <span class='ocrx_word' id='word_1_594' title='bbox 1712 3818 1807 3873; x_wconf 90' lang='lat' dir='ltr'><strong>sed</strong></span> <span class='ocrx_word' id='word_1_595' title='bbox 1844 3817 2172 3874; x_wconf 83' lang='lat' dir='ltr'><strong>adumbrata</strong></span> <span class='ocrx_word' id='word_1_596' title='bbox 2220 3818 2516 3889; x_wconf 81' lang='lat' dir='ltr'><strong>specieque</strong></span> <span class='ocrx_word' id='word_1_597' title='bbox 2561 3816 2679 3872; x_wconf 85' lang='lat' dir='ltr'><strong>sola</strong></span> <span class='ocrx_word' id='word_1_598' title='bbox 2725 3822 2989 3869; x_wconf 87' lang='lat' dir='ltr'><strong>constans</strong></span> <span class='ocrx_word' id='word_1_599' title='bbox 3038 3810 3211 3865; x_wconf 89' lang='lat' dir='ltr'><strong>videri</strong></span> <span class='ocrx_word' id='word_1_600' title='bbox 3270 3811 3568 3880; x_wconf 88' lang='lat' dir='ltr'><strong>potuisset;</strong></span> 
     </span>
    </p>
   </div>
   <div class='ocr_carea' id='block_1_77' title="bbox 286 3906 3498 3985">
    <p class='ocr_par' dir='ltr' id='par_1_77' title="bbox 286 3906 3498 3985">
     <span class='ocr_line' id='line_1_77' title="bbox 286 3906 3498 3985; baseline -0.003 -18"><span class='ocrx_word' id='word_1_601' title='bbox 286 3911 471 3967; x_wconf 71' lang='lat' dir='ltr'><strong>artatis</strong></span> <span class='ocrx_word' id='word_1_602' title='bbox 515 3911 637 3967; x_wconf 81' lang='lat' dir='ltr'><strong>ideo</strong></span> <span class='ocrx_word' id='word_1_603' title='bbox 671 3912 995 3984; x_wconf 77' lang='lat' dir='ltr'><strong>parvitatem</strong></span> <span class='ocrx_word' id='word_1_604' title='bbox 1031 3913 1290 3980; x_wconf 88' lang='lat' dir='ltr'><strong>sustinet,</strong></span> <span class='ocrx_word' id='word_1_605' title='bbox 1320 3928 1389 3969; x_wconf 91' lang='lat' dir='ltr'><strong>ne</strong></span> <span class='ocrx_word' id='word_1_606' title='bbox 1416 3913 1535 3985; x_wconf 85' lang='lat' dir='ltr'><strong>ejus</strong></span> <span class='ocrx_word' id='word_1_607' title='bbox 1562 3914 1707 3985; x_wconf 88' lang='lat' dir='ltr'><strong>quod</strong></span> <span class='ocrx_word' id='word_1_608' title='bbox 1741 3921 2173 3971; x_wconf 89' lang='lat' dir='ltr'><strong>consentaneum</strong></span> <span class='ocrx_word' id='word_1_609' title='bbox 2206 3928 2271 3969; x_wconf 82' lang='lat' dir='ltr'><strong>ac</strong></span> <span class='ocrx_word' id='word_1_610' title='bbox 2299 3928 2648 3984; x_wconf 90' lang='lat' dir='ltr'><strong>consequens</strong></span> <span class='ocrx_word' id='word_1_611' title='bbox 2679 3918 2820 3977; x_wconf 88' lang='lat' dir='ltr'><strong>erat,</strong></span> <span class='ocrx_word' id='word_1_612' title='bbox 2860 3908 3143 3963; x_wconf 87' lang='lat' dir='ltr'><strong>veritatem</strong></span> <span class='ocrx_word' id='word_1_613' title='bbox 3168 3906 3498 3961; x_wconf 82' lang='lat' dir='ltr'><strong>destrueret.</strong></span> 
     </span>
    </p>
   </div>
   <div class='ocr_carea' id='block_1_78' title="bbox 362 4003 1876 4079">
    <p class='ocr_par' dir='ltr' id='par_1_78' title="bbox 362 4003 1876 4079">
     <span class='ocr_line' id='line_1_78' title="bbox 362 4003 1876 4079; baseline 0.001 -21"><span class='ocrx_word' id='word_1_614' title='bbox 362 4003 505 4058; x_wconf 55' lang='grc' dir='ltr'><strong>ΜΝ.</strong></span> <span class='ocrx_word' id='word_1_615' title='bbox 550 4004 772 4075; x_wconf 75' lang='grc' dir='ltr'>Ἐτέρας</span> <span class='ocrx_word' id='word_1_616' title='bbox 798 4005 857 4058; x_wconf 78' lang='grc' dir='ltr'>δὲ</span> <span class='ocrx_word' id='word_1_617' title='bbox 885 4004 1047 4058; x_wconf 82' lang='grc' dir='ltr'>πάλιν</span> <span class='ocrx_word' id='word_1_618' title='bbox 1084 4005 1361 4079; x_wconf 83' lang='grc' dir='ltr'>θηρῶνται</span> <span class='ocrx_word' id='word_1_619' title='bbox 1396 4007 1629 4077; x_wconf 85' lang='grc' dir='ltr'>ματαίας</span> <span class='ocrx_word' id='word_1_620' title='bbox 1669 4004 1876 4078; x_wconf 81' lang='grc' dir='ltr'>ὑπολή-</span> 
     </span>
    </p>
   </div>
   <div class='ocr_carea' id='block_1_79' title="bbox 285 4095 1877 4167">
    <p class='ocr_par' dir='ltr' id='par_1_79' title="bbox 285 4095 1877 4167">
     <span class='ocr_line' id='line_1_79' title="bbox 285 4095 1877 4167; baseline 0.001 -19"><span class='ocrx_word' id='word_1_621' title='bbox 285 4095 412 4165; x_wconf 66' lang='grc' dir='ltr'>ψεις</span> <span class='ocrx_word' id='word_1_622' title='bbox 449 4096 825 4167; x_wconf 77' lang='grc' dir='ltr'>παραπλέκειν</span> <span class='ocrx_word' id='word_1_623' title='bbox 866 4099 981 4160; x_wconf 85' lang='grc' dir='ltr'>τοῖς</span> <span class='ocrx_word' id='word_1_624' title='bbox 1015 4096 1180 4160; x_wconf 82' lang='grc' dir='ltr'>θείοις</span> <span class='ocrx_word' id='word_1_625' title='bbox 1218 4096 1414 4165; x_wconf 82' lang='grc' dir='ltr'>λόγοις.</span> <span class='ocrx_word' id='word_1_626' title='bbox 1458 4098 1570 4151; x_wconf 80' lang='grc' dir='ltr'><strong>Καὶ</strong></span> <span class='ocrx_word' id='word_1_627' title='bbox 1616 4097 1877 4162; x_wconf 80' lang='grc' dir='ltr'>ἐναντίως</span> 
     </span>
    </p>
   </div>
   <div class='ocr_carea' id='block_1_80' title="bbox 289 4184 1877 4260">
    <p class='ocr_par' dir='ltr' id='par_1_80' title="bbox 289 4184 1877 4260">
     <span class='ocr_line' id='line_1_80' title="bbox 289 4184 1877 4260; baseline 0.001 -19"><span class='ocrx_word' id='word_1_628' title='bbox 289 4186 653 4252; x_wconf 73' lang='grc' dir='ltr'>διανοοῦνται,</span> <span class='ocrx_word' id='word_1_629' title='bbox 694 4187 789 4241; x_wconf 82' lang='grc' dir='ltr'><strong>καί</strong></span> <span class='ocrx_word' id='word_1_630' title='bbox 835 4204 1003 4257; x_wconf 60' lang='lat' dir='ltr'><strong>(pater</strong></span> <span class='ocrx_word' id='word_1_631' title='bbox 1035 4188 1161 4252; x_wconf 85' lang='grc' dir='ltr'>Πῶς</span> <span class='ocrx_word' id='word_1_632' title='bbox 1189 4184 1281 4242; x_wconf 80' lang='grc' dir='ltr'><strong>οὗν</strong></span> <span class='ocrx_word' id='word_1_633' title='bbox 1330 4189 1663 4260; x_wconf 84' lang='grc' dir='ltr'>γέγραπται,</span> <span class='ocrx_word' id='word_1_634' title='bbox 1694 4188 1877 4254; x_wconf 79' lang='grc' dir='ltr'>Δέξα-</span> 
     </span>
    </p>
   </div>
   <div class='ocr_carea' id='block_1_81' title="bbox 288 4278 1880 4350">
    <p class='ocr_par' dir='ltr' id='par_1_81' title="bbox 288 4278 1880 4350">
     <span class='ocr_line' id='line_1_81' title="bbox 288 4278 1880 4350; baseline 0.002 -18"><span class='ocrx_word' id='word_1_635' title='bbox 288 4281 404 4332; x_wconf 82' lang='grc' dir='ltr'><strong>σθε</strong></span> <span class='ocrx_word' id='word_1_636' title='bbox 433 4279 544 4332; x_wconf 84' lang='grc' dir='ltr'><strong>τὸν</strong></span> <span class='ocrx_word' id='word_1_637' title='bbox 570 4278 845 4347; x_wconf 78' lang='grc' dir='ltr'>ἀρχιερέα</span> <span class='ocrx_word' id='word_1_638' title='bbox 878 4280 1202 4348; x_wconf 74' lang='grc' dir='ltr'>ὁμολογίας</span> <span class='ocrx_word' id='word_1_639' title='bbox 1240 4280 1431 4350; x_wconf 76' lang='grc' dir='ltr'>ἡμῶν,</span> <span class='ocrx_word' id='word_1_640' title='bbox 1482 4281 1703 4335; x_wconf 81' lang='grc' dir='ltr'>πιστὸν</span> <span class='ocrx_word' id='word_1_641' title='bbox 1732 4278 1880 4335; x_wconf 77' lang='grc' dir='ltr'>ὄντα</span> 
     </span>
    </p>
   </div>
   <div class='ocr_carea' id='block_1_82' title="bbox 2054 3994 3571 4075">
    <p class='ocr_par' dir='ltr' id='par_1_82' title="bbox 2054 3994 3571 4075">
     <span class='ocr_line' id='line_1_82' title="bbox 2054 3994 3571 4075; baseline -0.008 -15"><span class='ocrx_word' id='word_1_642' title='bbox 2054 4004 2190 4060; x_wconf 80' lang='lat' dir='ltr'><strong>XLI.</strong></span> <span class='ocrx_word' id='word_1_643' title='bbox 2232 4004 2473 4075; x_wconf 87' lang='lat' dir='ltr'><strong>Pergunt</strong></span> <span class='ocrx_word' id='word_1_644' title='bbox 2519 4003 2596 4057; x_wconf 86' lang='lat' dir='ltr'><strong>illi</strong></span> <span class='ocrx_word' id='word_1_645' title='bbox 2641 4014 2791 4063; x_wconf 90' lang='lat' dir='ltr'><strong>vero,</strong></span> <span class='ocrx_word' id='word_1_646' title='bbox 2843 4015 2907 4052; x_wconf 89' lang='lat' dir='ltr'><strong>ac</strong></span> <span class='ocrx_word' id='word_1_647' title='bbox 2955 3998 3159 4051; x_wconf 76' lang='lat' dir='ltr'><strong>divinis</strong></span> <span class='ocrx_word' id='word_1_648' title='bbox 3210 3994 3431 4051; x_wconf 86' lang='lat' dir='ltr'><strong>Litteris</strong></span> <span class='ocrx_word' id='word_1_649' title='bbox 3472 3994 3571 4049; x_wconf 53' lang='lat' dir='ltr'><strong>al»</strong></span> 
     </span>
    </p>
   </div>
   <div class='ocr_carea' id='block_1_83' title="bbox 1985 4090 3573 4167">
    <p class='ocr_par' dir='ltr' id='par_1_83' title="bbox 1985 4090 3573 4167">
     <span class='ocr_line' id='line_1_83' title="bbox 1985 4090 3573 4167; baseline -0.008 -12"><span class='ocrx_word' id='word_1_650' title='bbox 1985 4100 2184 4155; x_wconf 90' lang='lat' dir='ltr'><strong>surdas</strong></span> <span class='ocrx_word' id='word_1_651' title='bbox 2214 4095 2483 4167; x_wconf 87' lang='lat' dir='ltr'><strong>quasdam</strong></span> <span class='ocrx_word' id='word_1_652' title='bbox 2510 4093 2800 4164; x_wconf 89' lang='lat' dir='ltr'><strong>opiniones</strong></span> <span class='ocrx_word' id='word_1_653' title='bbox 2838 4090 3049 4158; x_wconf 85' lang='lat' dir='ltr'><strong>illigare</strong></span> <span class='ocrx_word' id='word_1_654' title='bbox 3080 4096 3376 4150; x_wconf 86' lang='lat' dir='ltr'><strong>conantur,</strong></span> <span class='ocrx_word' id='word_1_655' title='bbox 3407 4095 3573 4158; x_wconf 80' lang='lat' dir='ltr'><strong>atque</strong></span> 
     </span>
    </p>
   </div>
   <div class='ocr_carea' id='block_1_84' title="bbox 1984 4178 3571 4256">
    <p class='ocr_par' dir='ltr' id='par_1_84' title="bbox 1984 4178 3571 4256">
     <span class='ocr_line' id='line_1_84' title="bbox 1984 4178 3571 4256; baseline -0.009 -11"><span class='ocrx_word' id='word_1_656' title='bbox 1984 4188 2131 4247; x_wconf 89' lang='lat' dir='ltr'><strong>istud</strong></span> <span class='ocrx_word' id='word_1_657' title='bbox 2177 4186 2446 4256; x_wconf 84' lang='lat' dir='ltr'><strong>objiciunt</strong></span> <span class='ocrx_word' id='word_1_658' title='bbox 2477 4203 2491 4241; x_wconf 93' lang='lat'><strong>:</strong></span> <span class='ocrx_word' id='word_1_659' title='bbox 2520 4183 2657 4239; x_wconf 88' lang='lat' dir='ltr'><strong>Illud</strong></span> <span class='ocrx_word' id='word_1_660' title='bbox 2717 4197 2850 4255; x_wconf 86' lang='lat' dir='ltr'><strong>ergo</strong></span> <span class='ocrx_word' id='word_1_661' title='bbox 2898 4197 3005 4252; x_wconf 89' lang='lat' dir='ltr'><strong>qua</strong></span> <span class='ocrx_word' id='word_1_662' title='bbox 3058 4179 3269 4234; x_wconf 84' lang='lat' dir='ltr'><strong>ratione</strong></span> <span class='ocrx_word' id='word_1_663' title='bbox 3308 4178 3571 4249; x_wconf 87' lang='lat' dir='ltr'><strong>scriptum</strong></span> 
     </span>
    </p>
   </div>
   <div class='ocr_carea' id='block_1_85' title="bbox 1984 4268 3574 4347">
    <p class='ocr_par' dir='ltr' id='par_1_85' title="bbox 1984 4268 3574 4347">
     <span class='ocr_line' id='line_1_85' title="bbox 1984 4268 3574 4347; baseline -0.009 -11"><span class='ocrx_word' id='word_1_664' title='bbox 1984 4289 2100 4338; x_wconf 82' lang='lat' dir='ltr'><strong>est:</strong></span> <span class='ocrx_word' id='word_1_665' title='bbox 2134 4278 2395 4347; x_wconf 70' lang='lat' dir='ltr'><strong>Suscipite</strong></span> <span class='ocrx_word' id='word_1_666' title='bbox 2419 4276 2720 4347; x_wconf 73' lang='lat' dir='ltr'><strong>pontiﬁcem</strong></span> <span class='ocrx_word' id='word_1_667' title='bbox 2745 4271 3091 4342; x_wconf 80' lang='lat' dir='ltr'><strong>confessionis</strong></span> <span class='ocrx_word' id='word_1_668' title='bbox 3120 4280 3335 4334; x_wconf 76' lang='lat' dir='ltr'><strong>nostm,</strong></span> <span class='ocrx_word' id='word_1_669' title='bbox 3366 4268 3574 4338; x_wconf 81' lang='lat' dir='ltr'><strong>ﬁdelem</strong></span> 
     </span>
    </p>
   </div>
   <div class='ocr_carea' id='block_1_86' title="bbox 286 4361 1874 4465">
    <p class='ocr_par' dir='ltr' id='par_1_86' title="bbox 286 4369 1874 4442">
     <span class='ocr_line' id='line_1_86' title="bbox 286 4369 1874 4442; baseline 0 -17"><span class='ocrx_word' id='word_1_670' title='bbox 286 4369 369 4435; x_wconf 77' lang='grc' dir='ltr'>τῷ</span> <span class='ocrx_word' id='word_1_671' title='bbox 399 4371 725 4436; x_wconf 76' lang='grc' dir='ltr'>ποιήσαντι</span> <span class='ocrx_word' id='word_1_672' title='bbox 751 4372 976 4437; x_wconf 85' lang='grc' dir='ltr'>αὑτόν;</span> <span class='ocrx_word' id='word_1_673' title='bbox 1016 4371 1147 4437; x_wconf 77' lang='grc' dir='ltr'>Καὶ,</span> <span class='ocrx_word' id='word_1_674' title='bbox 1187 4372 1478 4426; x_wconf 80' lang='grc' dir='ltr'>Γνωστὸν</span> <span class='ocrx_word' id='word_1_675' title='bbox 1518 4372 1660 4442; x_wconf 78' lang='grc' dir='ltr'>ὑμῖν</span> <span class='ocrx_word' id='word_1_676' title='bbox 1699 4373 1874 4437; x_wconf 73' lang='grc' dir='ltr'>ἔστω,</span> 
     </span>
    </p>
   </div>
   <div class='ocr_carea' id='block_1_87' title="bbox 1982 4361 3573 4465">
    <p class='ocr_par' dir='ltr' id='par_1_87' title="bbox 1983 4361 3573 4441">
     <span class='ocr_line' id='line_1_87' title="bbox 1983 4361 3573 4441; baseline -0.006 -16"><span class='ocrx_word' id='word_1_677' title='bbox 1983 4372 2032 4426; x_wconf 90' lang='lat' dir='ltr'><strong>ei</strong></span> <span class='ocrx_word' id='word_1_678' title='bbox 2057 4372 2144 4441; x_wconf 88' lang='lat' dir='ltr'><strong>qui</strong></span> <span class='ocrx_word' id='word_1_679' title='bbox 2180 4385 2235 4424; x_wconf 82' lang='lat' dir='ltr'><strong>se</strong></span> <span class='ocrx_word' id='word_1_680' title='bbox 2265 4368 2388 4439; x_wconf 79' lang='lat' dir='ltr'><strong>fecit</strong></span> <span class='ocrx_word' id='word_1_681' title='bbox 2413 4364 2465 4417; x_wconf 74' lang='grc'><strong>⁵7</strong></span> <span class='ocrx_word' id='word_1_682' title='bbox 2486 4366 2552 4421; x_wconf 88' lang='lat' dir='ltr'><strong>Et</strong></span> <span class='ocrx_word' id='word_1_683' title='bbox 2590 4385 2603 4421; x_wconf 93' lang='lat'><strong>:</strong></span> <span class='ocrx_word' id='word_1_684' title='bbox 2636 4365 2839 4419; x_wconf 83' lang='lat' dir='ltr'><strong>Notum</strong></span> <span class='ocrx_word' id='word_1_685' title='bbox 2875 4365 2945 4418; x_wconf 86' lang='lat' dir='ltr'><strong>sit</strong></span> <span class='ocrx_word' id='word_1_686' title='bbox 2974 4362 3141 4429; x_wconf 82' lang='lat' dir='ltr'><strong>vobis,</strong></span> <span class='ocrx_word' id='word_1_687' title='bbox 3176 4362 3345 4417; x_wconf 90' lang='lat' dir='ltr'><strong>omnis</strong></span> <span class='ocrx_word' id='word_1_688' title='bbox 3384 4361 3573 4415; x_wconf 81' lang='lat' dir='ltr'><strong>domus</strong></span> 
     </span>
    </p>
   </div>
   <div class='ocr_carea' id='block_1_88' title="bbox 288 4450 1874 4531">
    <p class='ocr_par' dir='ltr' id='par_1_88' title="bbox 288 4458 1874 4531">
     <span class='ocr_line' id='line_1_88' title="bbox 288 4458 1874 4531; baseline 0.004 -20"><span class='ocrx_word' id='word_1_689' title='bbox 288 4458 413 4525; x_wconf 68' lang='grc' dir='ltr'>πᾶς</span> <span class='ocrx_word' id='word_1_690' title='bbox 452 4458 621 4527; x_wconf 76' lang='grc' dir='ltr'>οἵκος</span> <span class='ocrx_word' id='word_1_691' title='bbox 661 4461 936 4531; x_wconf 70' lang='grc' dir='ltr'>Ἰσραὴλ,</span> <span class='ocrx_word' id='word_1_692' title='bbox 983 4462 1073 4517; x_wconf 85' lang='grc' dir='ltr'>ὅτι</span> <span class='ocrx_word' id='word_1_693' title='bbox 1114 4464 1334 4519; x_wconf 87' lang='grc' dir='ltr'>τοῦτον</span> <span class='ocrx_word' id='word_1_694' title='bbox 1377 4464 1486 4517; x_wconf 86' lang='grc' dir='ltr'><strong>τὸν</strong></span> <span class='ocrx_word' id='word_1_695' title='bbox 1534 4464 1776 4531; x_wconf 80' lang='grc' dir='ltr'>Ἰησοῦν</span> <span class='ocrx_word' id='word_1_696' title='bbox 1806 4464 1874 4517; x_wconf 78' lang='grc' dir='ltr'>ὃν</span> 
     </span>
    </p>
   </div>
   <div class='ocr_carea' id='block_1_89' title="bbox 1982 4450 3567 4531">
    <p class='ocr_par' dir='ltr' id='par_1_89' title="bbox 1988 4450 3567 4529">
     <span class='ocr_line' id='line_1_89' title="bbox 1988 4450 3567 4529; baseline -0.008 -15"><span class='ocrx_word' id='word_1_697' title='bbox 1988 4460 2180 4522; x_wconf 86' lang='lat' dir='ltr'><strong>Israel,</strong></span> <span class='ocrx_word' id='word_1_698' title='bbox 2219 4458 2356 4529; x_wconf 85' lang='lat' dir='ltr'><strong>quod</strong></span> <span class='ocrx_word' id='word_1_699' title='bbox 2377 4457 2515 4510; x_wconf 83' lang='lat' dir='ltr'><strong>hunc</strong></span> <span class='ocrx_word' id='word_1_700' title='bbox 2533 4454 2717 4510; x_wconf 75' lang='lat' dir='ltr'><strong>Iesum</strong></span> <span class='ocrx_word' id='word_1_701' title='bbox 2742 4469 2895 4525; x_wconf 75' lang='lat' dir='ltr'><strong>quem</strong></span> <span class='ocrx_word' id='word_1_702' title='bbox 2927 4454 2982 4506; x_wconf 87' lang='lat' dir='ltr'><strong>in</strong></span> <span class='ocrx_word' id='word_1_703' title='bbox 3009 4467 3218 4506; x_wconf 79' lang='lat' dir='ltr'><strong>crucem</strong></span> <span class='ocrx_word' id='word_1_704' title='bbox 3245 4450 3567 4515; x_wconf 72' lang='lat' dir='ltr'><strong>sustulistis,</strong></span> 
     </span>
    </p>
   </div>
   <div class='ocr_carea' id='block_1_90' title="bbox 240 4552 1883 4623">
    <p class='ocr_par' dir='ltr' id='par_1_90' title="bbox 240 4552 1883 4623">
     <span class='ocr_line' id='line_1_90' title="bbox 240 4552 1883 4623; baseline 0.003 -18"><span class='ocrx_word' id='word_1_705' title='bbox 240 4606 259 4621; x_wconf 62' lang='grc'><em>,</em></span> <span class='ocrx_word' id='word_1_706' title='bbox 286 4552 463 4621; x_wconf 74' lang='grc' dir='ltr'>ὑμεῖς</span> <span class='ocrx_word' id='word_1_707' title='bbox 499 4553 940 4623; x_wconf 82' lang='grc' dir='ltr'>ἐσταυρώσατε,</span> <span class='ocrx_word' id='word_1_708' title='bbox 976 4556 1199 4623; x_wconf 82' lang='grc' dir='ltr'>Κύριον</span> <span class='ocrx_word' id='word_1_709' title='bbox 1254 4553 1355 4609; x_wconf 77' lang='grc' dir='ltr'>καὶ</span> <span class='ocrx_word' id='word_1_710' title='bbox 1395 4556 1654 4623; x_wconf 83' lang='grc' dir='ltr'>Χριστὸν</span> <span class='ocrx_word' id='word_1_711' title='bbox 1697 4554 1883 4611; x_wconf 80' lang='grc' dir='ltr'>αὐτὸν</span> 
     </span>
    </p>
   </div>
   <div class='ocr_carea' id='block_1_91' title="bbox 288 4644 1881 4718">
    <p class='ocr_par' dir='ltr' id='par_1_91' title="bbox 288 4644 1881 4718">
     <span class='ocr_line' id='line_1_91' title="bbox 288 4644 1881 4718; baseline 0.001 -21"><span class='ocrx_word' id='word_1_712' title='bbox 288 4647 325 4696; x_wconf 80' lang='grc' dir='ltr'><strong><em>ό</em></strong></span> <span class='ocrx_word' id='word_1_713' title='bbox 355 4644 503 4710; x_wconf 84' lang='grc' dir='ltr'>Θεὸς</span> <span class='ocrx_word' id='word_1_714' title='bbox 532 4646 824 4711; x_wconf 67' lang='lat' dir='ltr'><strong>exclude;</strong></span> <span class='ocrx_word' id='word_1_715' title='bbox 859 4646 971 4699; x_wconf 73' lang='grc' dir='ltr'><strong>Καὶ</strong></span> <span class='ocrx_word' id='word_1_716' title='bbox 1007 4645 1200 4718; x_wconf 78' lang='grc' dir='ltr'>θαῦμά</span> <span class='ocrx_word' id='word_1_717' title='bbox 1239 4662 1331 4716; x_wconf 86' lang='grc' dir='ltr'><strong>μοι</strong></span> <span class='ocrx_word' id='word_1_718' title='bbox 1372 4645 1516 4717; x_wconf 80' lang='grc' dir='ltr'>μέγα</span> <span class='ocrx_word' id='word_1_719' title='bbox 1565 4645 1881 4718; x_wconf 70' lang='grc' dir='ltr'>ἐπέρχεται,</span> 
     </span>
    </p>
   </div>
   <div class='ocr_carea' id='block_1_92' title="bbox 286 4735 1885 4808">
    <p class='ocr_par' dir='ltr' id='par_1_92' title="bbox 286 4735 1885 4808">
     <span class='ocr_line' id='line_1_92' title="bbox 286 4735 1885 4808; baseline 0.003 -21"><span class='ocrx_word' id='word_1_720' title='bbox 286 4736 416 4798; x_wconf 71' lang='grc' dir='ltr'><strong>πῶς</strong></span> <span class='ocrx_word' id='word_1_721' title='bbox 442 4736 492 4788; x_wconf 82' lang='grc' dir='ltr'>οἱ</span> <span class='ocrx_word' id='word_1_722' title='bbox 528 4736 637 4789; x_wconf 89' lang='grc' dir='ltr'><strong>τῶν</strong></span> <span class='ocrx_word' id='word_1_723' title='bbox 670 4736 1007 4790; x_wconf 81' lang='grc' dir='ltr'>ἀκολουθιῶν</span> <span class='ocrx_word' id='word_1_724' title='bbox 1038 4735 1429 4807; x_wconf 69' lang='grc' dir='ltr'>ἐφαπτόμενοι,</span> <span class='ocrx_word' id='word_1_725' title='bbox 1464 4738 1565 4808; x_wconf 82' lang='grc' dir='ltr'>τὴν</span> <span class='ocrx_word' id='word_1_726' title='bbox 1597 4740 1656 4791; x_wconf 76' lang='grc' dir='ltr'>ἐν</span> <span class='ocrx_word' id='word_1_727' title='bbox 1699 4737 1885 4800; x_wconf 83' lang='grc' dir='ltr'>αὐτοῐς</span> 
     </span>
    </p>
   </div>
   <div class='ocr_carea' id='block_1_93' title="bbox 289 4827 1885 4900">
    <p class='ocr_par' dir='ltr' id='par_1_93' title="bbox 289 4827 1885 4900">
     <span class='ocr_line' id='line_1_93' title="bbox 289 4827 1885 4900; baseline 0.001 -20"><span class='ocrx_word' id='word_1_728' title='bbox 289 4828 648 4900; x_wconf 73' lang='grc' dir='ltr'>ςραζομένην</span> <span class='ocrx_word' id='word_1_729' title='bbox 694 4829 928 4899; x_wconf 78' lang='grc' dir='ltr'>δύναμιν</span> <span class='ocrx_word' id='word_1_730' title='bbox 964 4827 1242 4898; x_wconf 82' lang='grc' dir='ltr'>ἀγνοοῦσι.</span> <span class='ocrx_word' id='word_1_731' title='bbox 1290 4829 1365 4883; x_wconf 80' lang='grc' dir='ltr'><strong>Τὸ</strong></span> <span class='ocrx_word' id='word_1_732' title='bbox 1406 4828 1515 4899; x_wconf 77' lang='grc' dir='ltr'>γὰρ</span> <span class='ocrx_word' id='word_1_733' title='bbox 1555 4830 1752 4893; x_wconf 72' lang='grc' dir='ltr'>εἰπεῖν,</span> <span class='ocrx_word' id='word_1_734' title='bbox 1785 4828 1885 4881; x_wconf 83' lang='grc' dir='ltr'><strong>Δέ-</strong></span> 
     </span>
    </p>
   </div>
   <div class='ocr_carea' id='block_1_94' title="bbox 286 4919 1885 4991">
    <p class='ocr_par' dir='ltr' id='par_1_94' title="bbox 286 4919 1885 4991">
     <span class='ocr_line' id='line_1_94' title="bbox 286 4919 1885 4991; baseline -0.001 -18"><span class='ocrx_word' id='word_1_735' title='bbox 286 4921 491 4984; x_wconf 64' lang='lat' dir='ltr'><strong>{trade</strong></span> <span class='ocrx_word' id='word_1_736' title='bbox 537 4920 637 4974; x_wconf 81' lang='grc' dir='ltr'><strong>τὸν</strong></span> <span class='ocrx_word' id='word_1_737' title='bbox 673 4921 957 4991; x_wconf 77' lang='grc' dir='ltr'>ἀρχιερέα</span> <span class='ocrx_word' id='word_1_738' title='bbox 989 4921 1213 4976; x_wconf 83' lang='grc' dir='ltr'>πιστὸν</span> <span class='ocrx_word' id='word_1_739' title='bbox 1264 4922 1408 4976; x_wconf 77' lang='grc' dir='ltr'>ὄντα</span> <span class='ocrx_word' id='word_1_740' title='bbox 1450 4919 1530 4987; x_wconf 81' lang='grc' dir='ltr'>τῷ</span> <span class='ocrx_word' id='word_1_741' title='bbox 1562 4919 1885 4987; x_wconf 75' lang='grc' dir='ltr'>ποιήσαντι</span> 
     </span>
    </p>
   </div>
   <div class='ocr_carea' id='block_1_95' title="bbox 284 5011 1884 5085">
    <p class='ocr_par' dir='ltr' id='par_1_95' title="bbox 284 5011 1884 5085">
     <span class='ocr_line' id='line_1_95' title="bbox 284 5011 1884 5085; baseline -0.001 -20"><span class='ocrx_word' id='word_1_742' title='bbox 284 5016 359 5065; x_wconf 70' lang='lat' dir='ltr'><strong>ai</strong></span> <span class='ocrx_word' id='word_1_743' title='bbox 376 5013 502 5079; x_wconf 85' lang='grc' dir='ltr'>τὸν,</span> <span class='ocrx_word' id='word_1_744' title='bbox 523 5016 584 5068; x_wconf 85' lang='grc' dir='ltr'>οὺ</span> <span class='ocrx_word' id='word_1_745' title='bbox 626 5015 759 5085; x_wconf 76' lang='grc' dir='ltr'>περὶ</span> <span class='ocrx_word' id='word_1_746' title='bbox 792 5014 891 5083; x_wconf 81' lang='grc' dir='ltr'>τῆς</span> <span class='ocrx_word' id='word_1_747' title='bbox 938 5014 1193 5084; x_wconf 82' lang='grc' dir='ltr'>θεότητος</span> <span class='ocrx_word' id='word_1_748' title='bbox 1226 5013 1463 5085; x_wconf 79' lang='grc' dir='ltr'>εἴρηται.</span> <span class='ocrx_word' id='word_1_749' title='bbox 1507 5012 1567 5064; x_wconf 90' lang='lat'><strong>&#39;0</strong></span> <span class='ocrx_word' id='word_1_750' title='bbox 1610 5011 1742 5075; x_wconf 81' lang='grc' dir='ltr'>Θεὸς</span> <span class='ocrx_word' id='word_1_751' title='bbox 1772 5011 1884 5081; x_wconf 86' lang='grc' dir='ltr'>γὰρ</span> 
     </span>
    </p>
   </div>
   <div class='ocr_carea' id='block_1_96' title="bbox 284 5100 1883 5176">
    <p class='ocr_par' dir='ltr' id='par_1_96' title="bbox 284 5100 1883 5176">
     <span class='ocr_line' id='line_1_96' title="bbox 284 5100 1883 5176; baseline -0.001 -20"><span class='ocrx_word' id='word_1_752' title='bbox 284 5100 547 5175; x_wconf 72' lang='grc' dir='ltr'>ἦλθε,καί</span> <span class='ocrx_word' id='word_1_753' title='bbox 566 5108 645 5169; x_wconf 86' lang='grc' dir='ltr'><strong>είς</strong></span> <span class='ocrx_word' id='word_1_754' title='bbox 666 5107 844 5159; x_wconf 86' lang='grc' dir='ltr'>πάντα</span> <span class='ocrx_word' id='word_1_755' title='bbox 864 5107 996 5176; x_wconf 73' lang='grc' dir='ltr'>ἡμῖν</span> <span class='ocrx_word' id='word_1_756' title='bbox 1018 5105 1403 5176; x_wconf 70' lang='grc' dir='ltr'>σαφηνίζουσιν</span> <span class='ocrx_word' id='word_1_757' title='bbox 1422 5105 1479 5158; x_wconf 89' lang='grc' dir='ltr'>αἱ</span> <span class='ocrx_word' id='word_1_758' title='bbox 1494 5103 1633 5156; x_wconf 84' lang='grc' dir='ltr'>θεῖαι</span> <span class='ocrx_word' id='word_1_759' title='bbox 1651 5100 1883 5175; x_wconf 74' lang='grc' dir='ltr'>Γραφαί·</span> 
     </span>
    </p>
   </div>
   <div class='ocr_carea' id='block_1_97' title="bbox 286 5193 1883 5267">
    <p class='ocr_par' dir='ltr' id='par_1_97' title="bbox 286 5193 1883 5267">
     <span class='ocr_line' id='line_1_97' title="bbox 286 5193 1883 5267; baseline -0.001 -21"><span class='ocrx_word' id='word_1_760' title='bbox 286 5196 449 5247; x_wconf 42' lang='grc' dir='ltr'>οῦδὲν</span> <span class='ocrx_word' id='word_1_761' title='bbox 475 5197 583 5265; x_wconf 70' lang='grc' dir='ltr'>γὰρ</span> <span class='ocrx_word' id='word_1_762' title='bbox 621 5199 678 5249; x_wconf 79' lang='grc' dir='ltr'>ὲν</span> <span class='ocrx_word' id='word_1_763' title='bbox 718 5197 913 5259; x_wconf 79' lang='grc' dir='ltr'>αὑταῖς</span> <span class='ocrx_word' id='word_1_764' title='bbox 949 5198 1065 5251; x_wconf 78' lang='grc' dir='ltr'>ἐστι</span> <span class='ocrx_word' id='word_1_765' title='bbox 1102 5197 1313 5249; x_wconf 80' lang='grc' dir='ltr'>σκολιὸν</span> <span class='ocrx_word' id='word_1_766' title='bbox 1345 5196 1377 5266; x_wconf 87' lang='grc' dir='ltr'><strong>ἧ</strong></span> <span class='ocrx_word' id='word_1_767' title='bbox 1421 5193 1883 5267; x_wconf 85' lang='grc' dir='ltr'>στραγγαλιῶδες,</span> 
     </span>
    </p>
   </div>
   <div class='ocr_carea' id='block_1_98' title="bbox 1987 4539 3575 4615">
    <p class='ocr_par' dir='ltr' id='par_1_98' title="bbox 1987 4539 3575 4615">
     <span class='ocr_line' id='line_1_98' title="bbox 1987 4539 3575 4615; baseline -0.006 -9"><span class='ocrx_word' id='word_1_768' title='bbox 1987 4553 2272 4609; x_wconf 87' lang='lat' dir='ltr'><strong>Dominum</strong></span> <span class='ocrx_word' id='word_1_769' title='bbox 2298 4561 2346 4606; x_wconf 85' lang='lat' dir='ltr'><strong>et</strong></span> <span class='ocrx_word' id='word_1_770' title='bbox 2389 4548 2659 4604; x_wconf 82' lang='lat' dir='ltr'><strong>Christum</strong></span> <span class='ocrx_word' id='word_1_771' title='bbox 2688 4549 2859 4615; x_wconf 86' lang='lat' dir='ltr'><strong>ipsum</strong></span> <span class='ocrx_word' id='word_1_772' title='bbox 2897 4544 3036 4598; x_wconf 82' lang='lat' dir='ltr'><strong>Deus</strong></span> <span class='ocrx_word' id='word_1_773' title='bbox 3068 4541 3269 4613; x_wconf 76' lang='lat' dir='ltr'><strong>fecit&#39;?</strong></span> <span class='ocrx_word' id='word_1_774' title='bbox 3294 4539 3401 4596; x_wconf 85' lang='lat' dir='ltr'><strong>Sed</strong></span> <span class='ocrx_word' id='word_1_775' title='bbox 3442 4540 3575 4596; x_wconf 87' lang='lat' dir='ltr'><strong>illud</strong></span> 
     </span>
    </p>
   </div>
   <div class='ocr_carea' id='block_1_99' title="bbox 1988 4628 3573 4715">
    <p class='ocr_par' dir='ltr' id='par_1_99' title="bbox 1988 4628 3573 4715">
     <span class='ocr_line' id='line_1_99' title="bbox 1988 4628 3573 4715; baseline -0.01 -16"><span class='ocrx_word' id='word_1_776' title='bbox 1988 4656 2319 4715; x_wconf 81' lang='lat' dir='ltr'><strong>magnOpere</strong></span> <span class='ocrx_word' id='word_1_777' title='bbox 2348 4638 2480 4693; x_wconf 89' lang='lat' dir='ltr'><strong>mihi</strong></span> <span class='ocrx_word' id='word_1_778' title='bbox 2517 4636 2905 4692; x_wconf 87' lang='lat' dir='ltr'><strong>admirandum</strong></span> <span class='ocrx_word' id='word_1_779' title='bbox 2934 4634 3170 4697; x_wconf 79' lang='lat' dir='ltr'><strong>videtur,</strong></span> <span class='ocrx_word' id='word_1_780' title='bbox 3203 4630 3481 4702; x_wconf 89' lang='lat' dir='ltr'><strong>quomodo</strong></span> <span class='ocrx_word' id='word_1_781' title='bbox 3513 4628 3573 4694; x_wconf 89' lang='lat' dir='ltr'><strong>ii,</strong></span> 
     </span>
    </p>
   </div>
   <div class='ocr_carea' id='block_1_100' title="bbox 1989 4724 3577 4807">
    <p class='ocr_par' dir='ltr' id='par_1_100' title="bbox 1989 4724 3577 4807">
     <span class='ocr_line' id='line_1_100' title="bbox 1989 4724 3577 4807; baseline -0.009 -18"><span class='ocrx_word' id='word_1_782' title='bbox 1989 4736 2086 4807; x_wconf 90' lang='lat' dir='ltr'><strong>qui</strong></span> <span class='ocrx_word' id='word_1_783' title='bbox 2121 4734 2424 4803; x_wconf 71' lang='lat' dir='ltr'><strong>Scriptura:</strong></span> <span class='ocrx_word' id='word_1_784' title='bbox 2454 4731 2699 4785; x_wconf 83' lang='lat' dir='ltr'><strong>locorum</strong></span> <span class='ocrx_word' id='word_1_785' title='bbox 2746 4724 3198 4795; x_wconf 85' lang='lat' dir='ltr'><strong>consequentiam</strong></span> <span class='ocrx_word' id='word_1_786' title='bbox 3241 4730 3481 4777; x_wconf 81' lang='lat' dir='ltr'><strong>tractare</strong></span> <span class='ocrx_word' id='word_1_787' title='bbox 3515 4735 3577 4775; x_wconf 81' lang='lat' dir='ltr'><strong>se</strong></span> 
     </span>
    </p>
   </div>
   <div class='ocr_carea' id='block_1_101' title="bbox 1992 4812 3573 4894">
    <p class='ocr_par' dir='ltr' id='par_1_101' title="bbox 1992 4812 3573 4894">
     <span class='ocr_line' id='line_1_101' title="bbox 1992 4812 3573 4894; baseline -0.009 -17"><span class='ocrx_word' id='word_1_788' title='bbox 1992 4825 2338 4894; x_wconf 80' lang='lat' dir='ltr'><strong>proﬁtentur,</strong></span> <span class='ocrx_word' id='word_1_789' title='bbox 2376 4822 2489 4876; x_wconf 87' lang='lat' dir='ltr'><strong>vim</strong></span> <span class='ocrx_word' id='word_1_790' title='bbox 2520 4834 2583 4873; x_wconf 86' lang='lat' dir='ltr'><strong>ac</strong></span> <span class='ocrx_word' id='word_1_791' title='bbox 2616 4833 2840 4874; x_wconf 89' lang='lat' dir='ltr'><strong>sensum</strong></span> <span class='ocrx_word' id='word_1_792' title='bbox 2875 4815 2968 4887; x_wconf 86' lang='lat' dir='ltr'><strong>qui</strong></span> <span class='ocrx_word' id='word_1_793' title='bbox 3004 4814 3057 4868; x_wconf 91' lang='lat' dir='ltr'><strong>in</strong></span> <span class='ocrx_word' id='word_1_794' title='bbox 3090 4813 3198 4868; x_wconf 90' lang='lat' dir='ltr'><strong>illis</strong></span> <span class='ocrx_word' id='word_1_795' title='bbox 3236 4812 3573 4875; x_wconf 89' lang='lat' dir='ltr'><strong>continetur,</strong></span> 
     </span>
    </p>
   </div>
   <div class='ocr_carea' id='block_1_102' title="bbox 1990 4902 3573 4988">
    <p class='ocr_par' dir='ltr' id='par_1_102' title="bbox 1990 4902 3573 4988">
     <span class='ocr_line' id='line_1_102' title="bbox 1990 4902 3573 4988; baseline -0.011 -17"><span class='ocrx_word' id='word_1_796' title='bbox 1990 4918 2263 4988; x_wconf 83' lang='lat' dir='ltr'><strong>ignorent.</strong></span> <span class='ocrx_word' id='word_1_797' title='bbox 2326 4913 2454 4968; x_wconf 66' lang='lat' dir='ltr'><strong>Ilaec</strong></span> <span class='ocrx_word' id='word_1_798' title='bbox 2493 4912 2636 4967; x_wconf 90' lang='lat' dir='ltr'><strong>enim</strong></span> <span class='ocrx_word' id='word_1_799' title='bbox 2667 4909 2831 4965; x_wconf 77' lang='lat' dir='ltr'><strong>verba</strong></span> <span class='ocrx_word' id='word_1_800' title='bbox 2877 4925 2892 4962; x_wconf 87' lang='lat'><strong>:</strong></span> <span class='ocrx_word' id='word_1_801' title='bbox 2931 4906 3194 4974; x_wconf 84' lang='lat' dir='ltr'><strong>Suscipite</strong></span> <span class='ocrx_word' id='word_1_802' title='bbox 3252 4902 3573 4973; x_wconf 83' lang='lat' dir='ltr'><strong>pontiﬁcem,</strong></span> 
     </span>
    </p>
   </div>
   <div class='ocr_carea' id='block_1_103' title="bbox 1990 4998 3579 5080">
    <p class='ocr_par' dir='ltr' id='par_1_103' title="bbox 1990 4998 3579 5080">
     <span class='ocr_line' id='line_1_103' title="bbox 1990 4998 3579 5080; baseline -0.01 -16"><span class='ocrx_word' id='word_1_803' title='bbox 1990 5010 2197 5080; x_wconf 74' lang='lat' dir='ltr'><strong>fidelem</strong></span> <span class='ocrx_word' id='word_1_804' title='bbox 2245 5007 2294 5062; x_wconf 83' lang='lat' dir='ltr'><strong>ei</strong></span> <span class='ocrx_word' id='word_1_805' title='bbox 2333 5007 2423 5076; x_wconf 85' lang='lat' dir='ltr'><strong>qui</strong></span> <span class='ocrx_word' id='word_1_806' title='bbox 2472 5022 2528 5060; x_wconf 87' lang='lat' dir='ltr'><strong>se</strong></span> <span class='ocrx_word' id='word_1_807' title='bbox 2572 5004 2717 5073; x_wconf 75' lang='lat' dir='ltr'><strong>lecit,</strong></span> <span class='ocrx_word' id='word_1_808' title='bbox 2761 5002 2900 5057; x_wconf 84' lang='lat' dir='ltr'><strong>nihil</strong></span> <span class='ocrx_word' id='word_1_809' title='bbox 2954 5000 3021 5055; x_wconf 82' lang='lat' dir='ltr'><strong>ad</strong></span> <span class='ocrx_word' id='word_1_810' title='bbox 3078 4998 3418 5053; x_wconf 79' lang='lat' dir='ltr'><strong>divinitatem</strong></span> <span class='ocrx_word' id='word_1_811' title='bbox 3451 5008 3579 5064; x_wconf 79' lang='lat' dir='ltr'><strong>spe-</strong></span> 
     </span>
    </p>
   </div>
   <div class='ocr_carea' id='block_1_104' title="bbox 1991 5085 3577 5168">
    <p class='ocr_par' dir='ltr' id='par_1_104' title="bbox 1991 5085 3577 5168">
     <span class='ocr_line' id='line_1_104' title="bbox 1991 5085 3577 5168; baseline -0.01 -13"><span class='ocrx_word' id='word_1_812' title='bbox 1991 5108 2165 5155; x_wconf 87' lang='lat' dir='ltr'><strong>ctant.</strong></span> <span class='ocrx_word' id='word_1_813' title='bbox 2206 5096 2488 5168; x_wconf 87' lang='lat' dir='ltr'><strong>Siquidem</strong></span> <span class='ocrx_word' id='word_1_814' title='bbox 2533 5094 2675 5150; x_wconf 88' lang='lat' dir='ltr'><strong>Deus</strong></span> <span class='ocrx_word' id='word_1_815' title='bbox 2731 5093 2974 5155; x_wconf 87' lang='lat' dir='ltr'><strong>advenit,</strong></span> <span class='ocrx_word' id='word_1_816' title='bbox 3030 5090 3325 5157; x_wconf 88' lang='lat' dir='ltr'><strong>omniaque</strong></span> <span class='ocrx_word' id='word_1_817' title='bbox 3364 5085 3577 5157; x_wconf 84' lang='lat' dir='ltr'><strong>perspi-</strong></span> 
     </span>
    </p>
   </div>
   <div class='ocr_carea' id='block_1_105' title="bbox 1994 5178 3577 5254">
    <p class='ocr_par' dir='ltr' id='par_1_105' title="bbox 1994 5178 3577 5254">
     <span class='ocr_line' id='line_1_105' title="bbox 1994 5178 3577 5254; baseline -0.009 -7"><span class='ocrx_word' id='word_1_818' title='bbox 1994 5210 2099 5247; x_wconf 87' lang='lat' dir='ltr'><strong>eue</strong></span> <span class='ocrx_word' id='word_1_819' title='bbox 2141 5192 2300 5246; x_wconf 89' lang='lat' dir='ltr'><strong>nobis</strong></span> <span class='ocrx_word' id='word_1_820' title='bbox 2333 5190 2508 5246; x_wconf 88' lang='lat' dir='ltr'><strong>sacris</strong></span> <span class='ocrx_word' id='word_1_821' title='bbox 2537 5189 2592 5243; x_wconf 89' lang='lat' dir='ltr'><strong>in</strong></span> <span class='ocrx_word' id='word_1_822' title='bbox 2626 5186 2848 5243; x_wconf 87' lang='lat' dir='ltr'><strong>Litteris</strong></span> <span class='ocrx_word' id='word_1_823' title='bbox 2882 5183 3225 5254; x_wconf 78' lang='lat' dir='ltr'><strong>explicantur</strong></span> <span class='ocrx_word' id='word_1_824' title='bbox 3251 5194 3265 5231; x_wconf 92' lang='lat'><strong>:</strong></span> <span class='ocrx_word' id='word_1_825' title='bbox 3294 5178 3348 5232; x_wconf 91' lang='lat' dir='ltr'><strong>in</strong></span> <span class='ocrx_word' id='word_1_826' title='bbox 3377 5178 3577 5247; x_wconf 87' lang='lat' dir='ltr'><strong>quibus</strong></span> 
     </span>
    </p>
   </div>
   <div class='ocr_carea' id='block_1_106' title="bbox 288 5269 1874 5355">
    <p class='ocr_par' dir='ltr' id='par_1_106' title="bbox 288 5284 1874 5355">
     <span class='ocr_line' id='line_1_106' title="bbox 288 5284 1874 5355; baseline -0.002 -16"><span class='ocrx_word' id='word_1_827' title='bbox 288 5284 502 5339; x_wconf 69' lang='lat' dir='ltr'><strong>Urina</strong></span> <span class='ocrx_word' id='word_1_828' title='bbox 553 5286 609 5338; x_wconf 79' lang='grc' dir='ltr'>δὲ</span> <span class='ocrx_word' id='word_1_829' title='bbox 653 5287 879 5339; x_wconf 78' lang='grc' dir='ltr'>ἐνώπια</span> <span class='ocrx_word' id='word_1_830' title='bbox 921 5286 1047 5351; x_wconf 84' lang='grc' dir='ltr'>τοῖς</span> <span class='ocrx_word' id='word_1_831' title='bbox 1074 5287 1360 5341; x_wconf 82' lang='grc' dir='ltr'>συνιοῦσι</span> <span class='ocrx_word' id='word_1_832' title='bbox 1382 5328 1397 5355; x_wconf 90' lang='grc'><strong>,</strong></span> <span class='ocrx_word' id='word_1_833' title='bbox 1429 5287 1531 5341; x_wconf 74' lang='grc' dir='ltr'>καὶ</span> <span class='ocrx_word' id='word_1_834' title='bbox 1583 5286 1726 5354; x_wconf 71' lang='grc' dir='ltr'>ὀρθὰ</span> <span class='ocrx_word' id='word_1_835' title='bbox 1762 5284 1874 5349; x_wconf 77' lang='grc' dir='ltr'>τοῖς</span> 
     </span>
    </p>
   </div>
   <div class='ocr_carea' id='block_1_107' title="bbox 1982 5269 3580 5355">
    <p class='ocr_par' dir='ltr' id='par_1_107' title="bbox 1993 5269 3580 5351">
     <span class='ocr_line' id='line_1_107' title="bbox 1993 5269 3580 5351; baseline -0.011 -13"><span class='ocrx_word' id='word_1_836' title='bbox 1993 5283 2275 5351; x_wconf 87' lang='lat' dir='ltr'><strong>obliquum</strong></span> <span class='ocrx_word' id='word_1_837' title='bbox 2310 5281 2447 5335; x_wconf 87' lang='lat' dir='ltr'><strong>nihil</strong></span> <span class='ocrx_word' id='word_1_838' title='bbox 2484 5287 2569 5334; x_wconf 85' lang='lat' dir='ltr'><strong>est</strong></span> <span class='ocrx_word' id='word_1_839' title='bbox 2613 5288 2706 5332; x_wconf 85' lang='lat' dir='ltr'><strong>aut</strong></span> <span class='ocrx_word' id='word_1_840' title='bbox 2738 5278 3074 5347; x_wconf 78' lang='lat' dir='ltr'><strong>perplexum,</strong></span> <span class='ocrx_word' id='word_1_841' title='bbox 3108 5269 3203 5326; x_wconf 84' lang='lat' dir='ltr'><strong>sed</strong></span> <span class='ocrx_word' id='word_1_842' title='bbox 3232 5270 3411 5325; x_wconf 85' lang='lat' dir='ltr'><strong>omnia</strong></span> <span class='ocrx_word' id='word_1_843' title='bbox 3439 5284 3580 5336; x_wconf 70' lang='lat' dir='ltr'><strong>prte-</strong></span> 
     </span>
    </p>
   </div>
   <div class='ocr_carea' id='block_1_108' title="bbox 292 5377 1885 5454">
    <p class='ocr_par' dir='ltr' id='par_1_108' title="bbox 292 5377 1885 5454">
     <span class='ocr_line' id='line_1_108' title="bbox 292 5377 1885 5454; baseline -0.001 -23"><span class='ocrx_word' id='word_1_844' title='bbox 292 5381 653 5447; x_wconf 71' lang='grc' dir='ltr'>εὑρίσκουσι</span> <span class='ocrx_word' id='word_1_845' title='bbox 686 5379 937 5449; x_wconf 72' lang='grc' dir='ltr'>γνῶσιν.</span> <span class='ocrx_word' id='word_1_846' title='bbox 983 5380 1204 5436; x_wconf 75' lang='grc' dir='ltr'>Λάϐετε</span> <span class='ocrx_word' id='word_1_847' title='bbox 1237 5380 1367 5454; x_wconf 75' lang='grc' dir='ltr'>γὰρ,</span> <span class='ocrx_word' id='word_1_848' title='bbox 1400 5379 1557 5452; x_wconf 69' lang='grc' dir='ltr'>φησι,</span> <span class='ocrx_word' id='word_1_849' title='bbox 1586 5377 1885 5442; x_wconf 81' lang='grc' dir='ltr'>παιδείαν,</span> 
     </span>
    </p>
   </div>
   <div class='ocr_carea' id='block_1_109' title="bbox 374 5528 1874 5608">
    <p class='ocr_par' dir='ltr' id='par_1_109' title="bbox 374 5530 1869 5608">
     <span class='ocr_line' id='line_1_109' title="bbox 374 5530 1869 5608; baseline 0.003 -19"><span class='ocrx_word' id='word_1_850' title='bbox 374 5535 391 5565; x_wconf 80' lang='grc'><strong><em>⁸</em></strong></span> <span class='ocrx_word' id='word_1_851' title='bbox 423 5534 480 5590; x_wconf 78' lang='lat' dir='ltr'><strong>F.</strong></span> <span class='ocrx_word' id='word_1_852' title='bbox 514 5537 717 5608; x_wconf 72' lang='grc' dir='ltr'>ὁδρος.</span> <span class='ocrx_word' id='word_1_853' title='bbox 804 5540 825 5569; x_wconf 80' lang='grc'><strong>⁹</strong></span> <span class='ocrx_word' id='word_1_854' title='bbox 862 5536 1019 5593; x_wconf 90' lang='lat' dir='ltr'><strong>Cant.</strong></span> <span class='ocrx_word' id='word_1_855' title='bbox 1064 5554 1101 5603; x_wconf 90' lang='lat' dir='ltr'><strong>I,</strong></span> <span class='ocrx_word' id='word_1_856' title='bbox 1143 5539 1197 5595; x_wconf 73' lang='grc'><strong>2.</strong></span> <span class='ocrx_word' id='word_1_857' title='bbox 1278 5542 1298 5574; x_wconf 90' lang='grc'>³</span> <span class='ocrx_word' id='word_1_858' title='bbox 1339 5540 1475 5596; x_wconf 86' lang='lat' dir='ltr'><strong>Dan.</strong></span> <span class='ocrx_word' id='word_1_859' title='bbox 1520 5553 1581 5605; x_wconf 86' lang='lat' dir='ltr'><strong>Il,</strong></span> <span class='ocrx_word' id='word_1_860' title='bbox 1624 5535 1716 5593; x_wconf 79' lang='grc'><strong>55.</strong></span> <span class='ocrx_word' id='word_1_861' title='bbox 1793 5532 1815 5565; x_wconf 73' lang='grc'><strong>⁵</strong></span> <span class='ocrx_word' id='word_1_862' title='bbox 1852 5530 1869 5587; x_wconf 79' lang='grc' dir='ltr'><strong>Ι</strong></span> 
     </span>
    </p>
   </div>
   <div class='ocr_carea' id='block_1_110' title="bbox 1982 5528 2233 5608">
    <p class='ocr_par' dir='ltr' id='par_1_110' title="bbox 1982 5528 2233 5597">
     <span class='ocr_line' id='line_1_110' title="bbox 1982 5528 2233 5597; baseline -0.024 -10"><span class='ocrx_word' id='word_1_863' title='bbox 1982 5548 2017 5587; x_wconf 73' lang='lat' dir='ltr'><strong>r.</strong></span> <span class='ocrx_word' id='word_1_864' title='bbox 2053 5543 2137 5597; x_wconf 83' lang='lat' dir='ltr'><strong>tu,</strong></span> <span class='ocrx_word' id='word_1_865' title='bbox 2184 5528 2233 5582; x_wconf 86' lang='lat' dir='ltr'><strong>I.</strong></span> 
     </span>
    </p>
   </div>
   <div class='ocr_carea' id='block_1_111' title="bbox 370 5690 1274 5765">
    <p class='ocr_par' dir='ltr' id='par_1_111' title="bbox 370 5690 1274 5765">
     <span class='ocr_line' id='line_1_111' title="bbox 370 5690 1274 5765; baseline -0.004 -15"><span class='ocrx_word' id='word_1_866' title='bbox 370 5696 489 5765; x_wconf 70' lang='grc'><strong>(58)</strong></span> <span class='ocrx_word' id='word_1_867' title='bbox 534 5690 731 5749; x_wconf 77' lang='lat' dir='ltr'><strong>Deesse</strong></span> <span class='ocrx_word' id='word_1_868' title='bbox 765 5694 974 5751; x_wconf 78' lang='lat' dir='ltr'><strong>videtur</strong></span> <span class='ocrx_word' id='word_1_869' title='bbox 1013 5698 1274 5758; x_wconf 72' lang='lat' dir='ltr'><strong>nonnihil,</strong></span> 
     </span>
    </p>
   </div>
   <div class='ocr_carea' id='block_1_112' title="bbox 1994 5360 3578 5443">
    <p class='ocr_par' dir='ltr' id='par_1_112' title="bbox 1994 5360 3578 5443">
     <span class='ocr_line' id='line_1_112' title="bbox 1994 5360 3578 5443; baseline -0.01 -14"><span class='ocrx_word' id='word_1_870' title='bbox 1994 5375 2167 5429; x_wconf 86' lang='lat' dir='ltr'><strong>sentia</strong></span> <span class='ocrx_word' id='word_1_871' title='bbox 2202 5370 2655 5443; x_wconf 76' lang='lat' dir='ltr'><strong>intelligontibus;</strong></span> <span class='ocrx_word' id='word_1_872' title='bbox 2699 5377 2749 5422; x_wconf 81' lang='lat' dir='ltr'><strong>et</strong></span> <span class='ocrx_word' id='word_1_873' title='bbox 2779 5376 2935 5435; x_wconf 76' lang='lat' dir='ltr'><strong>recta</strong></span> <span class='ocrx_word' id='word_1_874' title='bbox 2995 5360 3374 5418; x_wconf 76' lang='lat' dir='ltr'><strong>invenientibus</strong></span> <span class='ocrx_word' id='word_1_875' title='bbox 3405 5360 3578 5414; x_wconf 79' lang='lat' dir='ltr'><strong>scien-</strong></span> 
     </span>
    </p>
   </div>
   <div class='ocr_carea' id='block_1_113' title="bbox 2321 5523 2750 5590">
    <p class='ocr_par' dir='ltr' id='par_1_113' title="bbox 2321 5523 2750 5590">
     <span class='ocr_line' id='line_1_113' title="bbox 2321 5523 2750 5590; baseline -0.002 -9"><span class='ocrx_word' id='word_1_876' title='bbox 2321 5528 2342 5558; x_wconf 86' lang='grc'><strong><em>⁸</em></strong></span> <span class='ocrx_word' id='word_1_877' title='bbox 2382 5526 2503 5581; x_wconf 77' lang='lat' dir='ltr'><strong>Act.</strong></span> <span class='ocrx_word' id='word_1_878' title='bbox 2549 5539 2620 5590; x_wconf 78' lang='lat' dir='ltr'><strong>tr,</strong></span> <span class='ocrx_word' id='word_1_879' title='bbox 2669 5523 2750 5581; x_wconf 80' lang='grc'><strong>10.</strong></span> 
     </span>
    </p>
   </div>
  </div>
