3992 6198
863 302 937 313 ...Ι-

426 375 495 433 95

1815 362 1874 417 S.
1916 360 2263 419 EPll’llANll

3636 360 3708 419 96

422 494 474 549 si
525 491 590 546 ad
644 501 905 547 teternam
959 489 1108 542 illam
1163 483 1499 555 Sapientiam
1541 481 1872 538 referantur.
1921 482 2014 539 Sic

2128 483 2358 549 troia-cat;
2408 480 2523 545 πῶς
2575 480 2632 534 δὲ
2674 480 2734 533 τὸ
2784 479 3105 553 κτιζόμενον
3153 479 3445 549 γεννᾶταις
3494 480 3555 535 Εἰ
3600 483 3710 557 γὰρ

427 586 574 641 enim
609 583 853 653 loquitur
884 598 897 634 :
938 578 1148 634 Crcavit
1185 591 1265 628 me
1304 575 1622 644 principium
1650 576 1856 629 viarum
1888 592 2015 628 sua—

429 693 549 730 rum
596 677 650 728 in
700 690 857 743 opera
894 672 1079 739 ipsius,
1138 676 1260 721 ante
1311 667 1569 721 sa'culum
1608 665 1852 735 fundavit
1890 679 2014 719 me:

428 778 549 823 ante
581 768 739 822 colles
770 780 948 819 omnes
996 761 1173 831 genuit
1213 776 1295 814 me
1318 760 1362 813 ¹.
1423 757 1544 812 Jam
1579 774 1708 814 vero
1757 758 1903 828 quod
1937 759 2018 827 gi-

426 863 628 933 gnitur,
678 872 787 927 qua
841 854 1062 909 tandem
1112 852 1327 907 ratione
1373 850 1672 904 fundatur?
1731 848 2017 917 Quomodo

428 967 559 1005 vero
598 949 839 1021 gignitur
873 945 927 1000 id
958 944 1105 1016 quod
1137 944 1311 999 creari
1340 942 1581 997 dicitur?
1605 939 1742 994 Nam
1772 941 1819 997 si
1861 956 2018 995 crea-

430 1052 542 1097 tum
569 1049 677 1103 est,
711 1056 820 1094 non
856 1047 941 1093 est
985 1037 1235 1108 profecto
1266 1034 1509 1107 genitum
1540 1053 1552 1089 :
1590 1049 1693 1089 nos
1720 1034 1863 1088 enim
1894 1047 2015 1103 quae

429 1133 727 1205 gignimus,
786 1146 1064 1193 creamus,
1130 1136 1185 1183 et
1236 1144 1358 1199 qua:
1406 1142 1782 1197 procreamus,
1838 1125 2017 1196 gigni-

431 1240 552 1281 nius
586 1245 599 1279 :
633 1225 834 1294 quippe
881 1221 1049 1276 creati
1090 1236 1191 1275 nos
1229 1236 1445 1285 sumus,
1480 1227 1534 1273 et
1561 1236 1683 1289 qtue
1717 1220 2019 1289 gignuntur

432 1332 462 1369 a
497 1316 672 1380 nobis,
724 1325 907 1368 creata
958 1320 1110 1367 sunt.
1162 1311 1220 1364 In
1252 1312 1499 1367 incrcato
1553 1327 1684 1366 vero
1718 1309 1829 1364 Deo
1867 1308 2014 1379 quod

430 1409 692 1478 gignitur,
728 1414 969 1461 creatum
998 1420 1119 1459 esse
1149 1420 1258 1458 non
1292 1412 1500 1474 potest;
1538 1404 1583 1459 si
1615 1404 1763 1457 enim
1804 1401 2013 1472 genuit,

433 1516 543 1553 non
606 1500 830 1553 creavit.
865 1497 1071 1563 Quodsi
1115 1508 1404 1567 postquam
1439 1496 1647 1550 creavit
1688 1495 1885 1549 iterum
1926 1508 2018 1562 ge-

431 1590 621 1647 nuisse
654 1589 891 1654 dicatur,
928 1588 1205 1658 quomodo
1250 1588 1302 1641 id
1344 1586 1490 1657 quod
1544 1586 1814 1657 principio
1859 1600 2015 1639 crea-

432 1693 544 1736 tum
574 1688 677 1744 est,
718 1690 905 1751 postea
943 1680 1225 1751 gignitur?
1254 1678 1617 1744 Quamobrem
1677 1677 1722 1732 si
1769 1675 1836 1730 de
1863 1676 2019 1731 Chri-

433 1779 521 1825 sto
563 1788 684 1842 qua:
719 1773 773 1825 in
811 1772 903 1825 illo
936 1772 1055 1825 loco
1088 1772 1370 1833 dicuntur,
1406 1768 1725 1839 accipienda
1761 1777 1910 1833 sunt,
1948 1768 2017 1822 ad

2118 574 2373 640 κτιστὸν,
2420 572 2481 625 οὐ
2528 571 2819 641 γεννητόνο
2865 573 3031 641 ἡμεῖς
3072 571 3182 641 γὰρ
3226 569 3262 623 ἃ
3315 570 3595 643 γεννῶμεν
3645 575 3709 629 οὑ

2118 664 2376 736 κτίζομεν
2411 663 2547 736 (45),
2586 662 2681 717 καὶ
2713 662 2749 716 ἃ
2783 662 3043 731 κτίζομεν
3084 663 3145 715 οὐ
3182 664 3497 734 γεννῶμενο
3542 665 3711 737 ἐσμὲν

2116 756 2226 826 γὰρ
2248 755 2583 821 κτιστοὶ,καὶ
2629 753 2700 807 τὰ
2726 754 2813 822 ὑφ’
2834 753 2992 824 ήμῶν
3015 753 3329 825 γεννώμενα
3359 756 3555 810 κτιστά
3571 757 3709 827 (46).

2130 848 2220 901 Ἐν
2246 847 2367 918 Θεῷ
2408 847 2464 900 δὲ
2495 845 2574 917 τῷ
2617 845 2880 915 ἀκτίστῳ,
2915 844 2976 896 τὸ
3008 843 3254 913 γέννημα
3283 845 3344 897 οὐ
3378 847 3627 901 κτιστόν⁶
3664 851 3714 903 εἰ

2116 940 2228 1011 γὰρ
2261 938 2590 1010 ἐγέννησεν,
2628 937 2729 990 οὐκ
2770 935 3020 989 ἔκτισεν
3057 936 3107 987 εἰ
3160 935 3217 988 δὲ
3252 936 3390 1006 μετὰ
3424 936 3484 989 τὸ
3528 940 3713 993 κτίσαι

2117 1032 2280 1085 πάλιν
2308 1030 2632 1101 γεγέννηκε,
2668 1028 2785 1091 πῶς
2813 1028 2921 1100 ἄρα
2945 1028 3009 1080 τὸ
3048 1028 3263 1099 πρῶτον
3296 1029 3516 1083 κτισθὲν
3550 1030 3712 1084 ὓστε-

2120 1140 2213 1196 ρον
2244 1124 2542 1193 γεννᾶται;
2589 1122 2652 1175 Εί
2695 1121 2875 1174 τοίνυν
2909 1123 3039 1194 περὶ
3070 1119 3237 1175 αὑτοῦ
3278 1122 3395 1174 ἐστι
3436 1122 3507 1175 τὰ
3554 1122 3709 1192 λεγό-

2121 1233 2278 1287 μενα,
2319 1217 2399 1277 εἰς
2428 1213 2527 1285 τὴν
2564 1213 2829 1283 ἔνσαρκον
2879 1212 3198 1283 οἰκονομίαν
3238 1212 3569 1285 πληροῦται.
3601 1216 3713 1268 Kal

2116 1309 2204 1362 διὰ
2235 1307 2393 1361 τοῦτο
2421 1306 2490 1361 τὰ
2518 1306 2791 1377 ἐγγύτερα
2824 1306 3041 1378 πρῶτον
3070 1306 3241 1375 λέγει,
3272 1307 3368 1359 καὶ
3400 1306 3468 1360 τὰ
3494 1308 3713 1379 ἀρχαιό-

2117 1416 2254 1470 τερα
2286 1399 2512 1471 ὓστερον
2544 1398 2834 1468 διηγεῖται,
2866 1399 3065 1450 Πεῖσαιη
3092 1398 3202 1468 γὰρ
3232 1396 3553 1469 ἀνθρώπους
3584 1400 3710 1465 τοὺς

2118 1492 2402 1560 ἐγγυτάτω
2458 1490 2815 1561 βουλόμενος,
2864 1490 2972 1543 ἀπὸ
3015 1490 3217 1561 σαρκδς
3256 1491 3515 1561 ἄρχεται⁶
3566 1491 3710 1562 ἁρχὴ

2119 1584 2230 1654 γὰρ
2264 1583 2400 1635 ὁδῶν
2429 1583 2528 1653 τῆς
2569 1581 2918 1650 δικαιοσύνης
2947 1580 3039 1634 τοῦ
3071 1580 3407 1649 Εὐαγγελίου
3437 1581 3519 1647 τὸ,
3549 1581 3711 1649 Σὰρξ

2120 1675 2251 1743 ἡμῖν
2285 1676 2317 1727 ό
2370 1674 2562 1742 Λόγος
2613 1666 2670 1726 ὲν
2726 1671 2919 1743 Μαρίᾳ
2950 1669 3207 1741 ἐγένετο,
3250 1670 3396 1742 ψυχή
3432 1668 3493 1723 τε
3540 1672 3597 1723 ὲν
3640 1673 3708 1741 τῇ

2119 1765 2290 1835 αὐτῆς
2328 1764 2492 1836 σαρκὶ
2529 1762 2950 1832 τεθεμελίωται’
2999 1762 3084 1816 ἵνα
3118 1761 3184 1815 τὰ
3219 1761 3465 1833 ἀνώτερα
3507 1760 3711 1832 ὕστερα

433 1861 580 1917 illius
648 1862 1082 1915 incarnationem
1145 1859 1481 1913 referuntur.
1539 1856 1833 1927 Propterea
1897 1869 2019 1925 qua:

2128 1857 2296 1930 δείξῃ.
2345 1856 2594 1927 Λέγομεν
2652 1856 2709 1909 δὲ
2753 1858 2819 1909 ὲκ
2870 1854 3087 1908 κόλπων
3134 1854 3399 1926 πατρῴων
3448 1854 3559 1907 duro
3592 1855 3703 1908 τῶν

432 1953 825 2023 propinquiora
870 1960 1020 2015 sunt,
1055 1953 1231 2022 primo
1272 1952 1393 2004 loco
1431 1953 1827 2004 connnemorat
1851 1986 1867 2010 ,
1901 1953 2017 2000 tum

433 2043 743 2110 antiquiora
771 2042 1015 2110 subiicit.
1039 2041 1173 2094 Nam
1201 2058 1328 2094 cum
1353 2040 1557 2093 citimis
1578 2038 1893 2092 hominibus
1912 2036 2023 2107 59

434 2135 766 2203 persuadere
806 2133 958 2196 velit,
1009 2147 1057 2184 a.
1079 2146 1245 2186 carne
1279 2131 1430 2184 ducit
1469 2129 1777 2183 exordium.
1810 2127 2023 2197 Quippe

430 2222 760 2291 evangelicae
802 2223 1030 2291 justiti-.e
1059 2223 1272 2276 viarum
1304 2220 1518 2273 initium
1554 2219 1699 2274 istud
1728 2227 1813 2273 est
1847 2236 1860 2273 :
1898 2217 2023 2271 Ver-

434 2314 556 2367 bum
592 2331 717 2367 caro
756 2313 914 2369 nobis
947 2317 1001 2367 in
1035 2314 1204 2367 Maria
1233 2314 1435 2380 factum
1468 2321 1544 2366 est
1572 2313 1629 2377 ²;
1662 2312 1845 2364 anima
1892 2325 2023 2365 vero

434 2403 490 2457 in
546 2406 721 2475 ipsius
780 2420 951 2460 carne
1002 2403 1253 2468 fundata,
1302 2411 1361 2457 ut
1420 2419 1541 2473 qua:
1595 2403 1882 2472 superiora
1930 2410 2082 2468 sunt,

434 2500 652 2555 coalitus
692 2500 957 2569 allapsum
1008 2500 1062 2553 in
1104 2506 1283 2553 terras
1316 2496 1485 2553 luisse
1525 2497 1760 2553 dicimus
1808 2516 1822 2552 :

2126 1945 2373 2018 οὐρανῶν
2408 1945 2662 2015 γενέσθαι
2712 1946 2805 1998 ἐπὶ
2864 1944 2964 2017 τὴν
3003 1945 3142 2015 γῆν·
3194 1946 3315 1999 ἐπεὶ
3366 1940 3527 2017 ἦλθεν
3576 1945 3709 2014 ἡμῖν

2126 2036 2355 2109 ὕστερον
2399 2036 2500 2108 τὴν
2552 2038 2733 2090 πᾶσαν
2788 2037 3102 2108 οἰκονομίαν
3137 2037 3382 2100 τελέσας.
3430 2036 3543 2089 Οὐκ
3602 2035 3713 2106 ἄρα

2124 2128 2303 2183 τοίνυν
2351 2129 2569 2192 κτιστδς
2596 2129 2624 2181 ὁ
2658 2128 2851 2197 Λόγος,
2887 2128 2960 2201 μὴ
2988 2128 3227 2196 γένοιτοῖ
3276 2129 3371 2181 καὶ
3408 2128 3561 2181 οὐδὲν
3589 2143 3714 2179 σκο-

2123 2219 2237 2273 λιὸν
2267 2220 2579 2291 γεννήσειεν
2627 2220 2660 2291 ἡ
2704 2218 2823 2274 θεία
2866 2219 3059 2291 Γραφὴ
3110 2223 3191 2285 είς
3230 2221 3383 2275 οὐδὲν
3429 2219 3491 2273 τὸ
3537 2219 3714 2290 παρά-

2126 2329 2260 2365 παν.

2134 2403 2441 2475 postcriora
2495 2403 2855 2461 demonstret.
2904 2402 3170 2459 Caeterum
3231 2420 3269 2460 e
3316 2411 3547 2475 paterno
3592 2403 3717 2458 sinu

1881 2497 2323 2569 quandoquidem
2357 2497 2425 2552 ad
2470 2513 2571 2554 nos
2604 2504 2792 2569 postea
2827 2512 2885 2551 se
2910 2497 3159 2560 contulit,
3204 2511 3359 2551 suam
3398 2505 3456 2551 ut
3478 2500 3710 2552 ‘omnem

435 2591 965 2646 administrationem
995 2588 1299 2658 perliceret.
1350 2587 1619 2653 Quocirca
1663 2585 1900 2641 Verbum
1943 2598 2189 2643 creatum
2233 2590 2354 2643 non'
2393 2587 2495 2643 fuit

2558 2606 2573 2643 :
2628 2587 2851 2643 minime
2895 2586 2946 2641 id
2992 2600 3153 2655 vero;
3204 2601 3377 2657 neque
3413 2587 3712 2658 quidquam

434 2691 741 2738 tortuosum
788 2691 843 2738 et
883 2682 1167 2752 obliquum
1197 2679 1365 2734 ullam
1407 2678 1462 2733 in
1514 2693 1628 2733 rem
1664 2678 1825 2734 nobis
1872 2678 2157 2750 Scriptura
2190 2679 2497 2750 pr0posnit.

506 2799 690 2855 XLlV.
732 2799 845 2854 lmo
880 2814 1010 2853 vero
1050 2798 1271 2868 proprie
1314 2796 1463 2867 loqui
1494 2796 1540 2852 Si
1574 2795 1830 2860 velimus,
1869 2795 2014 2868 apud

434 2893 763 2961 interpretes
812 2905 923 2944 non
990 2888 1064 2942 ita
1127 2888 1287 2942 lectio
1337 2888 1443 2943 ista
1505 2886 1834 2958 concipitur.
1881 2886 2017 2942 Nam

2194 2793 2325 2851 MA’.
2366 2794 2525 2849 Ἀλλὰ
2550 2794 2642 2848 καὶ
2696 2792 2858 2863 φύσει
2898 2792 3051 2864 παρὰ
3080 2796 3192 2858 τοῖς
3227 2795 3587 2867 ἑρμηνευταῖς
3615 2797 3718 2870 οὐχ

2123 2886 2295 2951 οὕτως
2318 2887 2590 2940 ὲκδέδοται
2619 2886 2653 2957 ἡ
2684 2885 2851 2950 λέξις.
2886 2883 3121 2950 Ἀκύλας
3143 2888 3241 2956 μὲν
3266 2887 3375 2960 γάρ
3403 2905 3535 2958 φησι
3562 2906 3582 2961 ς
3604 2892 3717 2957 Kri-

433 2984 631 3054 Aquila
667 2982 747 3037 sic
777 2981 1016 3036 reddidit
1053 2998 1067 3034 :
1100 2979 1358 3033 Dominus
1391 2980 1666 3051 acquisivit
1701 2996 1801 3035 me.
1831 2978 2019 3046 Quan-

2128 2998 2252 3048 ριος
2283 2980 2567 3035 ὲκτίσατό
2594 2984 2614 3012 ⁸
2629 3000 2707 3053 με
2738 2982 2879 3055 (47)’
2910 2982 3209 3054 ἐπειδήπερ
3241 2984 3299 3037 ὲν
3328 2984 3405 3055 τῷ
3442 2984 3717 3057 Ἐϐραῖκῷ

435 3074 729 3144 doquidem
786 3074 842 3127 in
891 3072 1121 3127 llelmeo
1170 3074 1251 3127 sic
1300 3072 1768 3143 legitur-:Adonai
1803 3073 2018 3130 canani.

2048 3118 2091 3175 C

2127 3071 2309 3139 λέγει’
2353 3071 2593 3127 “dcorat
2660 3076 2873 3128 ararat“
2928 3075 3065 3146 ὅπερ
3122 3073 3282 3128 τοῦτο
3331 3077 3714 3148 ἑρμηνεύεται,

436 3165 591 3232 Quod
623 3166 697 3218 ita
742 3165 820 3218 uti
864 3164 1124 3229 diximus,
1166 3164 1514 3232 interpretari
1548 3180 1867 3236 possumus.
1911 3165 2020 3219 Sed

2128 3164 2260 3236 ὅπερ
2294 3164 2615 3236 εἰρήκαμεν.
2683 3166 2793 3219 Καὶ
2828 3168 2991 3237 ἡμεῖς
3034 3168 3091 3220 δὲ
3121 3166 3264 3221 κατὰ
3295 3168 3394 3239 τὴν
3426 3169 3717 3245 συνήθειαν

436 3266 492 3311 et
524 3271 625 3310 nos
652 3270 776 3309 cum
812 3254 880 3309 de
915 3254 1191 3325 susceptis
1233 3254 1421 3309 liberis
1452 3255 1687 3325 agimus,
1724 3256 2025 3326 acquisitos

439 3349 510 3404 ab
549 3349 736 3419 aliquo
776 3365 899 3403 esse
935 3350 1118 3405 dicere
1152 3350 1415 3406 solemus.
1445 3346 1548 3415 Qui
1571 3351 1790 3421 quidem
1826 3367 2025 3408 sensus

438 3441 545 3495 loci
576 3441 723 3497 illius
773 3442 1100 3497 sententiam
1154 3457 1262 3496 non
1304 3442 1384 3497 sie
1412 3442 1746 3513 obsignavit,
1778 3452 1835 3497 ut
1884 3445 2025 3499 alius

439 3534 845 3590 accommodari
893 3541 1148 3604 nequeat.
1191 3533 1405 3604 Quippe
1453 3536 1642 3590 eadem
1681 3534 2019 3598 illa,Adonai

445 3624 680 3690 sanani,
752 3625 1012 3693 explicari
1081 3624 1184 3679 hoc
1234 3625 1397 3680 modo
1462 3625 2021 3697 possuntzbominus

438 3716 596 3785 quasi
634 3714 839 3783 pullum
884 3716 1061 3786 genuit
1111 3732 1211 3769 me.
1256 3713 1393 3770 llinc
1444 3716 1640 3771 Petrus
1683 3716 1887 3771 diserte
1935 3716 2022 3773 his

442 3803 630 3858 verbis
660 3802 793 3857 illud
830 3805 1103 3875 expressit
1136 3822 1151 3859 :
1183 3802 1340 3857 Hunc
1364 3803 1569 3869 Jesum,
1598 3821 1749 3874 quem
1784 3822 1873 3860 vos
1899 3822 2024 3859 cru-

439 3894 755 3961 ciﬁxistis'.
798 3892 917 3948 Non
965 3894 1104 3949 dixit
1133 3893 1300 3948 Deum
1331 3891 1567 3949 Verbum
1619 3893 1839 3950 coalitus
1885 3896 2024 3950 alla-

442 4000 622 4055 psmn,
664 3984 757 4040 scd
788 4001 915 4039 cum
958 3986 1051 4055 qtti
1089 4000 1257 4039 carne
1304 3992 1543 4049 constat,
1583 4001 1747 4057 quam
1788 4002 1852 4042 ex
1884 3986 2024 4042 caelo

441 4074 781 4131 descendens
824 4073 1065 4131 Verbum
1111 4076 1166 4131 in
1202 4075 1386 4131 Mariae
1433 4085 1590 4133 utero
1632 4078 1875 4149 genitam
1917 4077 2023 4134 sibi

438 4166 716 4236 copulavit
749 4185 763 4222 :
794 4166 964 4234 hunc,
998 4167 1221 4236 inquam
1248 4206 1264 4231 ,
1311 4168 1385 4222 ita
1418 4168 1623 4223 dictum
1664 4176 1888 4239 pr0pter
1926 4169 2027 4225 lio-

444 4260 610 4317 tninis
645 4268 983 4329 assumptam
1009 4273 1040 4311 a
1078 4256 1311 4312 Domino
1347 4269 1623 4313 naturam.
1658 4257 1941 4330 Siquidem
1971 4267 2028 4315 et

523 4438 538 4470 ⁸
576 4436 731 4489 Prov.
772 4446 893 4488 vni.
928 4431 1001 4483 ‘22
1067 4446 1189 4500 sqq.
1267 4431 1288 4463 ’
1321 4428 1479 4485 Joan.
1522 4448 1561 4499 ι,
1605 4430 1693 4488 Η.
1765 4433 1788 4464 ³
1845 4433 1967 4489 Act.
2009 4447 2071 4500 tt,

438 4510 459 4542 '
482 4506 548 4563 Ρ.
578 4501 792 4558 iuvavi.
870 4502 892 4533 ⁸
917 4500 980 4556 F.
1008 4500 1481 4572 ἀποκτεινόμενον.

448 4753 583 4809 diat.

519 4823 633 4897 (46)
674 4821 888 4897 Optima
922 4826 1011 4881 illa
1043 4826 1338 4897 Epiphanii
1369 4827 1757 4889 ratiocinatio,
1792 4835 1847 4883 et
1876 4827 2033 4882 theo-

450 4894 607 4968 logia:
653 4895 917 4968 studiosis
958 4894 1114 4952 valde
1149 4894 1339 4953 utilis:
1383 4899 1575 4953 nititur
1622 4906 1803 4953 tamen
1850 4912 2032 4968 gram-

450 4965 775 5037 maticorum
813 4966 989 5037 tricis.
1020 4969 1111 5021 eti
1140 4970 1437 5023 iconstanti
1468 4968 1757 5023 verborum
1797 4965 2031 5037 usurpa-

450 5036 618 5089 tione.
648 5034 720 5089 De
753 5033 945 5088 Latino
977 5038 1142 5090 verbo
1173 5054 1351 5091 creare
1397 5037 1597 5091 nemini
1623 5037 1876 5091 dubitare
1904 5033 2028 5091 licet

452 5106 583 5177 quin
620 5114 816 5177 praeter
854 5107 1129 5175 propriam
1179 5106 1657 5177 signiﬁcationem
1688 5122 1827 5160 verae
1870 5122 2020 5177 crea-

454 5175 643 5236 tionis,
671 5176 785 5228 sive
815 5177 1195 5243 productionis
1221 5175 1319 5240 rei,
1351 5177 1418 5231 de
1448 5193 1553 5245 qua
1587 5175 1663 5228 nil
1694 5186 1851 5230 antea
1880 5176 2030 5230 exsi—

452 5245 629 5296 stebat
677 5259 940 5312 prorsus,
974 5245 1103 5300 illud
1146 5245 1496 5300 adhibuerim
1540 5246 1605 5297 ad
1656 5246 2027 5299 dcuotandum

452 5312 653 5385 facere.
686 5316 1041 5385 constituere.
1073 5316 1291 5385 eligere.
1331 5316 1403 5369 De
1453 5314 1642 5369 Graaco
1683 5323 1865 5385 antem
1909 5314 2029 5367 κτί-

453 5380 588 5455 ζειν,
619 5397 688 5437 ne
720 5383 872 5437 multi
907 5386 1080 5440 simus
1113 5380 1213 5455 hac
1249 5386 1304 5438 in
1340 5400 1420 5447 re,
1458 5392 1682 5455 prmstat
1725 5384 1791 5439 ad
1827 5400 2029 5455 memo-

454 5451 589 5524 riam
630 5467 887 5524 revocare
928 5456 1108 5508 locum
1143 5453 1200 5507 S.
1228 5451 1517 5524 Augustini
1549 5456 1602 5509 in
1642 5455 1783 5509 libro
1826 5452 2031 5524 Contra

452 5522 815 5595 adversarium
840 5523 966 5594 legis
993 5534 1041 5579 et
1067 5522 1696 5595 proplietarum,cap.25,
1737 5540 1858 5595 pag.
1920 5522 2022 5595 576

453 5589 590 5667 torni
637 5586 747 5667 Vlll
799 5586 963 5667 nova;
998 5586 1129 5648 edit.
1165 5586 1360 5667 'l’aris.
1393 5594 1494 5649 Ubi
1528 5586 1649 5667 cum
1685 5586 1857 5664 plura
1890 5593 2021 5667 scri-

455 5660 658 5780 psisset
688 5660 755 5715 de
788 5663 1187 5732 signiﬁcatione
1216 5664 1362 5719 verbi
1400 5680 1579 5717 creare
1618 5660 1935 5718 denotantis
1974 5671 2030 5718 et

483 5742 661 5780 acere.
696 5730 939 5780 clauem.
978 5734 1339 5780 constituam-
1393 5741 1448 5780 nt
1489 5734 1573 5780 his
1612 5734 1847 5780 similia:
1896 5733 2029 5780 sub-

483 5742 661 5799 accre,
696 5733 939 5799 gignere,
978 5734 1341 5799 constituere,
1393 5741 1448 5787 et
1489 5734 1573 5787 liis
1612 5734 1848 5797 similia;
1896 5733 2029 5787 sub-

458 5746 661 5792 iacere,
696 5746 745 5799 gi
788 5748 939 5794 nere,
978 5746 1341 5799 constituere,
1393 5746 1448 5787 et
1490 5746 1573 5787 Ius
1612 5746 1848 5797 simula;
1896 5746 2027 5787 suu-

454 5794 683 5869 jungit:
732 5748 884 5868 (gum!
930 5812 1103 5858 autem
1153 5802 1323 5859 erci
1364 5803 1628 5873 appellant
1659 5803 1895 5867 κτίζειν,
1933 5802 2027 5857 hoc

2121 3253 2352 3327 λέγομεν
2386 3256 2513 3327 περὶ
2533 3255 2643 3310 τῶν
2668 3258 2999 3327 γενομένων,
3029 3260 3314 3313 Ἐκτίσατο
3346 3260 3529 3314 τέκνα.
3572 3261 3714 3316 Ἀλλ’

2121 3346 2241 3399 οὐδὲ
2293 3346 2437 3400 οὕτω
2468 3346 2569 3420 τὴν
2627 3346 2857 3421 δύναμιν
2897 3350 2999 3419 τῆς
3048 3352 3344 3423 ἑρμηνείας
3390 3354 3716 3424 ὲσφράγισε.

2123 3437 2197 3491 Τὸ
2218 3438 2327 3509 γὰρ
2369 3438 2618 3494 Ἀδωνατ
2666 3441 2845 3494 uarat
2877 3448 2921 3505 ³,
2969 3443 3064 3495 καὶ
3118 3443 3260 3497 οὕτω
3289 3444 3506 3498 δύναται
3539 3445 3717 3516 ὲρμηυ

2124 3528 2397 3595 γεύεσθαι,
2436 3531 2651 3599 Κύριος
2672 3530 3099 3603 ἐνόσσευσέμε
3130 3533 3262 3603 (48).
3288 3535 3397 3588 Καὶ
3435 3535 3522 3590 διὰ
3549 3535 3718 3588 τοῦτο

2125 3622 2155 3675 ὁ
2211 3621 2418 3694 Πέτρος
2486 3621 2674 3692 σαφῶς
2738 3622 3044 3697 διαγορεύει
3087 3624 3292 3695 λέγων’
3341 3625 3563 3681 Τοῦτον
3608 3627 3719 3680 τὸν

2139 3712 2403 3780 Ἰησοῦν,
2461 3714 2535 3767 ὃν
2577 3713 2748 3785 ὑμεῖς
2797 3715 3240 3787 ἐσταυρώσατε.
3298 3716 3411 3770 Οὐκ
3462 3712 3583 3770 εἷπε
3625 3716 3719 3771 τὸν

2128 3806 2334 3862 ἄνωθεν
2384 3805 2516 3861 Θεὸν
2559 3808 2753 3878 Λόγον,
2803 3809 2960 3877 ἀλλὰ,
3032 3810 3249 3865 τοῦτον
3310 3810 3400 3862 τὸν
3442 3809 3571 3864 ὄντα
3616 3809 3719 3881 τὴν

2132 3898 2333 3970 σάρκα,
2391 3897 2491 3971 τὴν
2538 3897 2618 3970 τῷ
2668 3900 2875 3955 ἄνωθεν
2934 3900 3094 3972 Λόγῳ
3144 3902 3202 3957 ὲν
3249 3894 3448 3971 γαστρὶ
3495 3900 3718 3970 Μαρίας

2131 3989 2601 4061 συνειλημμένηνο
2664 3989 2879 4046 τοῦτον
2918 3992 2975 4045 δὲ
3028 3992 3318 4063 λεγόμενον
3367 3990 3456 4045 διὰ
3490 3990 3581 4044 τὸν
3609 3991 3719 4044 ἀπὸ

2133 4078 2355 4150 Μαρίας
2390 4080 2668 4151 κυριακὸν
2730 4079 3052 4153 ἄνθρωπον·
3093 4082 3152 4135 ὲν
3176 4081 3354 4152 τούτῳ
3388 4080 3498 4152 γὰρ
3530 4080 3620 4133 καὶ
3656 4080 3719 4133 τὸ

2131 4171 2563 4241 ἀποκτιζόμενον
2594 4172 2616 4204 ⁸
2646 4171 2973 4243 πληροῦται,
2999 4164 3079 4236 ὦς’
3108 4190 3243 4245 φησι
3271 4173 3497 4243 Πέτροςο
3530 4175 3719 4226 Θανα-

2131 4263 2339 4330 τωθεὶς
2369 4263 2572 4332 σαρκὶ,
2614 4263 2994 4330 ζωοποιηθεὶς
3022 4262 3091 4316 δὲ
3125 4266 3419 4333 πνεύματι
3439 4279 3454 4297 ο
3496 4264 3589 4317 καὶ
3614 4263 3719 4317 πᾶ-

2130 4434 2222 4492 56.
2318 4436 2340 4467 ⁸
2373 4434 2436 4491 F.
2472 4434 2760 4507 ἐκτήσατο.
2792 4442 2853 4491 ut
2883 4442 2938 4493 et
2983 4442 3174 4507 postea
3230 4436 3499 4508 ἐκτήσατο
3526 4438 3714 4495 τέκνα.

521 4682 637 4754 (45)
674 4680 965 4755 Negativas
1018 4683 1323 4755 particulas
1372 4686 1646 4743 sententia
1700 4686 1821 4758 ipsa
1869 4701 2036 4760 repu-
2066 4697 2112 4754 ι)
2139 4688 2314 4744 nostri
2339 4689 2632 4759 aliquando
2657 4703 2870 4753 creare.
2917 4688 3204 4759 aliquando
3232 4689 3586 4760 constituere,
3615 4690 3721 4745 ali-

2134 4760 2348 4827 quando
2376 4760 2615 4830 condere
2643 4761 3077 4830 interpretantur,
3100 4760 3239 4830 quod
3260 4759 3550 4830 sa’pissima
3579 4760 3719 4814 idem

2134 4830 2403 4899 signiﬁcat
2436 4830 2492 4882 in
2513 4828 2631 4901 illis
2659 4827 2869 4892 litteris,
2902 4831 3041 4901 quod
3074 4827 3151 4884 est
3176 4900 3181 4901 ν
3202 4828 3406 4901 facere.
3440 4827 3720 4901 llacsola,

2133 4898 2308 4968 caque
2354 4899 2766 4969 expeditissima
2821 4898 3304 4955 animadversione
3362 4898 3506 4954 eludi
3560 4898 3717 4969 facile

2131 4980 2363 5037 possunt
2412 4968 2602 5025 omnes
2642 4970 3016 5026 cavillationes
3044 5013 3058 5037 ,
3096 4983 3231 5035 quas
3264 4969 3451 5021 Ariani
3485 4968 3721 5022 moliun-

2130 5049 2218 5120 tur
2240 5057 2303 5094 ex
2330 5056 2395 5094 eo
2428 5039 2846 5120 Proverbiorum
2888 5042 3030 5106 loco,
3062 5041 3153 5094 ubi
3185 5039 3448 5109 sapientia
3475 5038 3573 5101 ait,
3604 5037 3717 5091 Do-

2126 5118 2300 5162 minus
2321 5118 2518 5163 creavit
2546 5126 2645 5174 me,
2673 5118 2780 5165 etc.

2128 5180 2313 5299 Ἥρη)
2368 5178 2570 5248 Repete
2597 5196 2719 5251 quae
2760 5180 3072 5234 monuimus
3098 5192 3264 5247 supra
3316 5176 3422 5232 col.
3470 5176 3560 5237 91,
3592 5183 3714 5232 not.

2128 5266 2160 5299 ί)
2202 5289 2217 5299 .

2128 5266 2217 5303 ου.

2202 5318 2313 5385 (48)
2340 5318 2554 5383 Κύριος
2576 5317 2919 5373 ἐνόσσευσέ
2947 5334 3041 5387 με.
3069 5316 3200 5372 Eam
3225 5313 3514 5387 Epiplianii
3539 5313 3718 5387 inter-

2130 5390 2518 5457 pretationem,
2543 5404 2707 5458 quam
2743 5384 3008 5458 habemus
3035 5396 3087 5442 et
3112 5390 3165 5441 in
3190 5384 3425 5458 Panario
3448 5384 3512 5458 ad
3539 5384 3716 5458 [imre-

2130 5452 2233 5511 sim
2294 5458 2384 5521 69,
2436 5452 2589 5511 nunf.
2620 5458 2712 5522 25,
2754 5458 2934 5527 rejieit
2976 5456 3232 5512 Petavius
3273 5452 3717 5527 libroADeIncar-

2132 5527 2347 5581 natione
2384 5542 2442 5592 ιι,
2477 5543 2599 5594 cap.
2630 5530 2683 5593 1,
2733 5523 2885 5582 nuin.
2911 5526 2965 5580 2.
3002 5527 3086 5580 An
3111 5529 3235 5595 jure
3256 5523 3716 5595 vel_injuria,sta-

2131 5604 2287 5649 tuant
2310 5598 2422 5652 alii.
2475 5592 2621 5652 Satis
2667 5592 2826 5652 nobis
2857 5603 2977 5651 esto
3025 5592 3274 5650 sanctum
3324 5592 3714 5652 Hieronymum

2131 5669 2422 5721 consulere
2452 5668 2506 5720 in
2555 5683 2621 5722 eo
2678 5666 2921 5737 cpistola:
2958 5666 3106 5722 illius
3136 5665 3280 5734 loco,
3317 5678 3478 5736 quem
3527 5661 3715 5719 lauda.

2134 5737 2309 5796 vimus
2340 5738 2610 5810 Superiori
2637 5737 3005 5793 adnotatione.
