3992 6198
303 234 376 291 97
1749 225 2206 285 ANCORATUS.
3546 238 3617 295 93

298 346 428 402 λινο
480 344 745 417 Χριστοῦ
798 336 916 398 οὖν
942 343 1099 413 ὑπὲρ
1147 342 1317 413 ἡμῶν
1361 346 1663 412 παθόντος
1700 350 1918 415 σαρκί·

2027 349 2093 403 ad
2123 364 2243 402 eam
2276 347 2421 418 quod
2455 347 2809 404 interfectum
2848 348 3073 421 dicitur,
3103 353 3266 410 debet
3308 353 3525 421 referri,
3558 368 3616 414 ut

300 440 411 495 καὶ
445 440 613 493 πάλιν
637 455 648 468 ·
700 438 799 501 Ἐξ
824 430 913 490 ὧν
943 439 976 489 ό
1000 437 1259 503 Χριστὸς
1295 438 1359 491 τὸ
1393 438 1545 491 κατὰ
1589 437 1809 507 σάρκα,
1846 440 1921 504 ὣς

303 549 458 604 φησι
517 528 753 592 Παῦλος.
802 528 913 582 Καὶ
971 528 1136 591 αὐτὸς
1177 530 1206 582 ὁ
1244 529 1437 602 Σωτὴρ
1500 531 1687 601 ἔλεγεν
1748 534 1805 585 ὲν
1847 534 1923 606 τῷ

305 622 645 692 Εὐαγγελίῳ
669 638 682 651 ·
705 620 835 674 Νῦν
867 619 935 673 δέ
964 637 1042 689 με
1077 617 1298 687 ζητεῖτε
1319 622 1674 677 ἀποκτεῖναι
1696 625 1921 694 ἄνθρω-

311 733 467 779 πον,
496 715 565 781 ὃς
584 716 697 781 τὴν
714 715 1012 782 ἀλήθειαν
1040 714 1185 783 ὑμῖν
1203 712 1545 784 λελάληκα,
1560 716 1662 768 καὶ
1682 715 1923 785 ἤκουσα

312 808 485 877 παρὰ
511 807 612 862 τοῦ
638 808 897 876 Πατρός,
927 807 1016 859 ἵνα
1050 806 1202 877 δείξῃ
1229 805 1291 858 τὸ
1327 805 1497 870 πάθος
1526 809 1631 861 ἀπὸ
1676 808 1777 880 τῆς
1826 810 1922 863 ἀν-

316 898 685 972 θρωπότητος,
706 899 876 951 αὐτὸν
910 898 967 951 δὲ
984 896 1184 950 εἰδέναι
1220 897 1232 928 ¹
1268 897 1495 966 φυσικὸν
1535 899 1655 953 Υίὸν
1687 900 1779 953 τοῦ
1807 902 1922 954 Πα-

312 990 448 1062 τρὸς
471 991 581 1045 ἀπὸ
604 990 720 1044 τῶν
746 989 979 1044 ἄνωθεν.
1014 988 1240 1058 Συνᾴδει
1267 987 1323 1039 δὲ
1341 988 1437 1041 καὶ
1465 988 1640 1060 τούτῳ
1673 990 1749 1062 τῷ
1778 990 1922 1062 λόγῳ

309 1083 541 1152 φάσκων
581 1084 611 1136 ὁ
673 1082 831 1150 ἅγιος
863 1080 1163 1142 ἀπόστολος
1203 1079 1414 1144 Παῦλος
1437 1097 1450 1111 ·
1497 1077 1601 1147 Εἷς
1628 1082 1793 1147 θεὸς,
1833 1078 1923 1148 εἷς

307 1173 413 1227 καὶ
431 1174 687 1243 μεσίτης
735 1172 889 1227 Θεοῦ
928 1170 1027 1224 καὶ
1061 1170 1409 1238 ἀνθρώπων,
1451 1170 1762 1239 ἄνθρωπος
1813 1173 1924 1240 ’1η-

308 1266 470 1332 σοῦς
530 1265 823 1334 Χριστός·
884 1263 945 1329 ὃς
1006 1263 1120 1331 οὐχ
1175 1261 1495 1332 ἁρπαγμὸν
1537 1261 1810 1331 ἡγήσατο
1853 1263 1922 1318 τὸ

307 1353 469 1412 εἶναι
499 1358 607 1411 ἴσα
632 1354 774 1421 Θεῷ,
792 1354 932 1408 ἀλλ’
962 1352 1184 1408 ἑαυτὸν
1207 1352 1491 1415 ἐκένωσε,
1508 1350 1765 1422 μορφὴν
1784 1352 1923 1407 δού-

307 1452 434 1506 λου
454 1448 680 1505 λαϐὼν.
728 1447 891 1518 Ὁρᾷς
933 1445 1011 1509 ὡς
1047 1443 1337 1517 ἄνθρωπον
1379 1444 1543 1498 αὐτὸν
1580 1446 1917 1516 ἀπεφήνατο,

309 1540 438 1597 ἀλλ’
465 1542 529 1595 οὐ
558 1538 747 1609 ψιλόνς
794 1538 869 1592 Τὸ
912 1537 1044 1610 γάρ,
1082 1537 1354 1605 Μεσίτης
1390 1536 1539 1592 Θεοῦ
1564 1536 1662 1591 καὶ
1695 1537 1921 1606 ἀνθρώ-

309 1650 466 1698 πων,
502 1631 727 1686 ἐπειδὰν
743 1633 859 1694 τοῖς
888 1629 1169 1701 ἑκατέροις
1199 1628 1477 1700 μεσιτεύει
1510 1629 1646 1702 πρὸς
1677 1631 1770 1685 τὸν
1800 1633 1917 1686 Πα-

2026 438 2221 493 Petrus
2266 446 2498 495 testatur
2528 458 2541 493 :
2575 439 2959 510 Mortiﬁcatus,
2990 444 3188 514 inquit,
3222 462 3379 500 carne
3402 485 3416 510 ,
3448 448 3616 516 vivi/i-

2026 540 2176 583 catus
2208 538 2383 584 autem
2419 531 2611 599 spiritu
2633 531 2673 583 ³.
2704 530 2835 587 Item
2872 550 2883 586 :
2913 532 3126 588 Christo
3153 536 3316 605 igitur
3343 553 3437 606 pro
3469 538 3616 591 nobis

2024 638 2182 675 carne
2221 622 2443 690 passo‘.
2481 622 2619 676 Tum
2654 623 2786 677 illud
2820 643 2832 678 :
2866 624 2914 677 E
2940 626 3128 695 quibus
3154 626 3398 682 Christus
3430 644 3618 680 secun-

2033 713 2157 766 dum
2190 730 2422 780 carnem,
2456 714 2530 767 ait
2566 714 2862 783 Apostolus
2886 717 2929 769 ⁸.
2969 716 3111 783 Quin
3144 728 3195 771 et
3225 716 3476 772 Salvator
3500 720 3618 788 ipse

2026 806 2080 859 in
2137 804 2431 877 Evangelio
2478 807 2690 861 dicebat
2730 806 2931 861 :Nunc
2986 821 3161 863 autem
3197 810 3489 879 interﬁcere
3536 826 3618 863 me

2022 898 2203 962 vultis,
2247 898 2507 953 hominem
2549 901 2637 970 qui
2683 916 2803 954 vera
2840 900 2956 953 dixi
3001 902 3141 955 vobis
3168 902 3209 955 ⁸.
3270 900 3345 981 Ειι
3374 902 3554 955 audivi
3582 920 3616 957 α

2025 990 2246 1045 Patre".
2296 991 2507 1058 Quibus
2561 992 2744 1048 verbis
2820 1002 2873 1047 et
2926 994 3335 1064 perpessionem
3381 994 3451 1048 ab
3506 993 3614 1048 hu-

2024 1097 2186 1136 mana
2241 1097 2366 1138 esse
2410 1092 2629 1147 natura,
2676 1092 2731 1137 et
2776 1084 3081 1140 naturalem
3127 1083 3310 1140 Patris
3338 1082 3537 1140 Filium
3582 1100 3616 1140 e

2021 1173 2163 1227 cado
2223 1173 2459 1243 lapsum,
2517 1174 2660 1229 scire
2706 1190 2765 1229 se
2823 1174 3188 1229 demonstrat.
3238 1175 3339 1231 Cui
3385 1174 3610 1246 quidem

2022 1266 2308 1321 sententiae
2353 1267 2638 1337 apostolus
2669 1265 2872 1321 Paulus
2907 1266 3239 1339 sutlragatur
3265 1267 3350 1323 his
3384 1266 3608 1323 verbis:

2026 1355 2172 1411 Unus
2222 1357 2386 1421 Deus,
2427 1375 2562 1413 unus
2593 1357 2860 1412 Mediator
2888 1358 2988 1412 Dei
3037 1367 3088 1413 et
3132 1358 3423 1425 hominum,
3455 1357 3612 1413 homo

2017 1446 2177 1503 Jesus
2224 1447 2472 1504 Christus
2495 1449 2539 1504 '.
2617 1449 2725 1517 Qui
2767 1467 2871 1504 non
2904 1452 3147 1521 rapinam
3200 1449 3490 1505 arbitratus
3532 1457 3612 1505 est

2020 1540 2275 1610 aequalem
2301 1558 2355 1595 se
2377 1558 2488 1596 esse
2517 1541 2621 1598 Deo
2639 1584 2652 1602 .
2680 1542 2768 1597 sed
2793 1544 3025 1614 seipsum
3048 1543 3360 1606 exinanivit,
3378 1541 3611 1611 formam

2019 1632 2154 1686 servi
2214 1634 2539 1703 accipiens’.
2597 1632 2838 1691 Videsne
2896 1634 2972 1689 uti
3025 1651 3087 1690 se
3144 1634 3418 1689 hominem
3466 1647 3611 1699 esse,

313 1725 449 1795 τέρα
480 1724 671 1789 αὑτοῦ,
708 1720 843 1785 Θεὸς
902 1720 978 1774 ὢν
1021 1720 1183 1790 φύσει
1228 1721 1452 1791 γνήσιος
1494 1722 1915 1793 γεγεννημένος.

2021 1741 2130 1780 ηοη
2190 1733 2372 1781 tamen
2431 1726 2638 1781 nudum
2677 1727 3095 1799 simplicemque
3139 1726 3430 1781 docuerit?
3474 1724 3612 1779 Nam

314 1815 463 1888 Πρὸς
498 1815 558 1869 δὲ
587 1814 715 1878 τοὺς
770 1811 1117 1883 ἀνθρώπους,
1165 1811 1456 1885 ἄνθρωπος
1495 1812 1742 1881 φυσικὸς,
1779 1814 1915 1885 γνή-

321 1924 436 1971 ato;
471 1908 537 1960 ὲκ
580 1904 802 1978 Μαρίας
843 1904 969 1975 δίχα
1003 1902 1319 1976 σπέρματος
1356 1903 1548 1979 ἀνδρὸς
1579 1905 1915 1979 γεγεννημέ-

324 2016 437 2062 νος.
460 1997 621 2052 Οὕτω
650 1997 758 2068 γάρ
808 1996 1213 2063 ὲστιΜεσίτης
1251 1995 1401 2051 Θεοῦ
1439 1996 1537 2050 καὶ
1561 1997 1912 2065 ἀνθρώπων,

332 2088 464 2151 Θεὸς
504 2088 601 2153 ὢν,
651 2088 744 2141 uel.
773 2087 1056 2159 ἄνθρωπος
1087 2086 1364 2156 γεγονὼς,
1409 2086 1471 2139 ού
1529 2088 1758 2158 τραπεὶς
1818 2087 1917 2160 τὴν

329 2179 515 2251 φύσιν,
555 2179 693 2234 ἀλλά
729 2178 863 2237 κατά
913 2179 1156 2250 ἑκάτερα
1186 2178 1323 2251 πρὸς
1345 2176 1414 2233 τά
1440 2178 1731 2251 ἀμφότερα
1763 2197 1917 2251 μεσι-

325 2289 385 2325 τε
391 2288 515 2326 Μῦν.

2015 1818 2162 1889 quod
2193 1817 2291 1872 Dei
2321 1828 2369 1872 et
2412 1820 2686 1874 hominum
2713 1819 2980 1876 Mediator
3021 1820 3248 1885 dicitur,
3287 1818 3496 1875 idcirco
3530 1818 3614 1873 di-

2017 1910 2184 1977 citur,
2221 1911 2365 1982 quod
2395 1912 2683 1982 utriusque
2712 1912 2885 1982 partis
2912 1913 2985 1966 ita
3015 1921 3303 1983 sequester
3331 1911 3425 1977 sit,
3452 1917 3512 1965 ut
3538 1909 3609 1966 ad

2019 2000 2237 2057 Patrem
2273 2012 2653 2074 comparatus,
2692 2014 2890 2059 natura
2931 2004 3075 2061 Deus
3130 2005 3202 2061 sit
3237 2020 3302 2060 ac
3331 2004 3611 2075 legitimus

2023 2094 2091 2149 ab
2119 2110 2184 2149 eo
2216 2096 2433 2166 genitus
2462 2115 2475 2151 :
2510 2097 2575 2151 ad
2610 2098 2859 2153 homines
2892 2112 3059 2167 porro
3095 2097 3143 2153 si
3184 2097 3475 2161 referatur,
3510 2111 3611 2150 na-

2021 2186 2217 2240 turalis
2271 2187 2437 2241 homo
2489 2190 2583 2251 sit,
2621 2186 2729 2258 50
2749 2194 2805 2242 et
2847 2202 2914 2242 ex
2954 2186 3125 2240 Maria
3170 2188 3443 2257 legitimus
3489 2187 3610 2241 sine

2022 2278 2135 2333 ullo
2165 2280 2268 2334 viri
2302 2289 2426 2335 satu
2475 2287 2787 2350 susceptus.
2820 2278 2901 2332 Ita
2943 2279 3143 2349 quippe
3184 2280 3278 2336 Dei
3304 2279 3600 2335 hominnm-
3638 2302 3641 2303 ν

318 2384 423 2439 que
452 2367 714 2424 Nediator
740 2379 841 2444 est,
886 2368 1137 2437 quicum
1163 2373 1311 2422 esset
1342 2365 1509 2435 Deus,
1534 2365 1700 2421 homo
1725 2363 1903 2424 factus
1940 2379 2059 2441 est;
2104 2390 2213 2429 non
2259 2384 2457 2429 natura
2501 2380 2769 2437 mutatus,
2820 2371 2918 2427 sed
2989 2378 3226 2442 utraque
3275 2382 3429 2442 parte
3497 2380 3611 2422 me-

316 2459 443 2516 dius
472 2461 668 2516 ambos
706 2459 873 2522 inter,
905 2472 970 2513 ac
999 2459 1148 2515 velut
1185 2458 1482 2530 interpres.

386 2553 525 2609 ME’.
572 2552 737 2607 Ἀλλά
775 2552 871 2607 καὶ
918 2553 1081 2607 πάλιν
1128 2551 1360 2624 ἀμαθῶς
1398 2570 1595 2623 φασιν⁸
1646 2553 1812 2626 Ὁρᾷς
1836 2554 1918 2609 ὅτι

311 2647 433 2716 οὐχ
494 2645 813 2716 ἁρπαγμὸν
866 2644 1144 2714 ἡγήσατο
1193 2646 1261 2700 τὸ
1287 2640 1441 2699 εἶναι
1490 2644 1597 2699 ἴσα
1634 2646 1756 2712 Θεῷ
1779 2662 1798 2711 ;
1824 2645 1919 2700 καὶ

312 2737 442 2795 οὐδὲ
472 2737 571 2808 τὴν
604 2736 799 2807 κλῆσιν
828 2734 1031 2789 οἴδασιν
1060 2735 1107 2789 oi
1144 2734 1461 2805 φιλόνεικοι.
1490 2736 1564 2789 Ού
1599 2735 1709 2807 γὰρ
1739 2732 1914 2803 εἶπεν,

310 2832 437 2884 Ούκ
470 2828 728 2905 ,ἠθέλησε
789 2826 1047 2897 γενέσθαι
1108 2826 1222 2890 ἴσος
1282 2824 1402 2896 Θεῷ
1451 2826 1518 2879 δι’
1577 2826 1917 2899 ἀρπαγμοῦο

308 2922 459 2987 ἀλλ’,
494 2922 617 2991 Οὐχ
664 2919 983 2991 ἁρπαγμὸν
1018 2918 1294 2987 ἡγήσατο
1336 2913 1489 2971 εἶναι
1517 2917 1644 3026 Ἰῖονα
1684 2916 1826 2983 Θεῷ,
1858 2915 1920 2970 τὸ
1944 2968 1986 3026 C

308 3014 459 3070 Θεοῦ
492 3017 513 3047 ³
544 3008 691 3067 εἶναι
717 3013 899 3082 φύσει,
935 3013 1017 3066 ὅτι
1045 3006 1134 3081 ἦν.
1170 3011 1234 3064 El
1269 3009 1344 3081 μὴ
1377 3009 1486 3081 γὰρ
1515 3004 1605 3081 ἦν,
1639 3010 1754 3073 πῶς
1781 3029 1923 3083 μορ-

302 3104 448 3174 μὴν
461 3102 681 3160 δούλου
696 3107 908 3171 ἓλαϐε;
933 3106 1039 3159 Καὶ
1069 3102 1129 3155 τὸ
1173 3100 1495 3172 πρόσφατον
1526 3100 1791 3171 ἐσήμανε,
1822 3098 1916 3153 καὶ

308 3198 391 3249 ιιι
412 3194 600 3248 τούτου
637 3198 734 3268 τὴν
765 3194 1073 3267 ὑπερϐολὴν
1110 3192 1411 3264 θαυμάζων
1445 3193 1753 3247 ἐδείκνυτοο
1789 3192 1913 3245 καί-

312 3302 439 3357 περ
482 3284 555 3338 ὢν
613 3286 725 3350 ἴσος
774 3285 917 3355 Θεῷ,
953 3283 1147 3337 ἑαυτὸν
1190 3283 1447 3347 ὲκένωσε,
1482 3283 1696 3355 μορφὴν
1731 3281 1915 3335 δούλου

314 3375 528 3440 λαὸὼν,
582 3377 681 3447 οὐχ
750 3377 837 3430 ἵνα
874 3376 934 3431 τὸ
992 3376 1275 3447 ἐλεύθερον
1328 3374 1588 3447 δουλώσῃ,
1620 3373 1735 3427 ἀλλ’
1787 3366 1915 3446 ἐ.νῇ

320 3469 509 3537 μορφῇ
539 3466 698 3519 ἔλαϐε
718 3468 845 3531 τοὺς
881 3464 1255 3528 ὑπακούοντας
1288 3463 1509 3529 δούλους
1548 3462 1911 3538 ἐλευθερώσῃ.

318 3561 437 3613 Καὶ
486 3550 850 3633 μαρτυροῦσιν
892 3561 1133 3614 Ἰουδαῖοι
1199 3559 1280 3612 ὅτι
1338 3558 1439 3612 οὐκ
1498 3558 1677 3630 ᾐδεῖτο
1733 3556 1915 3627 λέγειν

324 3648 445 3713 ἶσος
477 3649 616 3720 Θεῷ,
655 3650 777 3703 οὐδὲ
834 3648 1134 3714 ὲδίσταζεν,
1182 3649 1318 3703 ἀλλὰ
1344 3649 1565 3703 ἀπὸτοῦ
1601 3649 1915 3723 θαρραλεώ-

321 3761 483 3815 τερον
508 3742 651 3796 οὕτω
690 3742 959 3796 δεικνύειν
983 3743 1042 3798 ἑν
1074 3741 1153 3813 τῷ
1188 3741 1400 3812 λέγειν·
1452 3742 1594 3795 Ἐὰν
1628 3741 1715 3813 μὴ
1746 3742 1912 3807 εἴπω,

322 3838 539 3906 ἔσομαι
568 3836 698 3889 καθ’
730 3833 886 3905 ὑμᾶς
919 3836 1191 3904 ψεύστης
1212 3848 1229 3864 ⁸
1276 3834 1371 3887 uel.
1434 3831 1522 3886 διὰ
1557 3832 1715 3885 τοῦτό
1783 3850 1915 3901 φασι
1956 3900 1965 3905 Π

324 3930 467 4003 πρὸς
490 3929 682 3982 αὐτόν’
728 3929 810 3982 Δι’
849 3927 1078 3998 ἀγαθὸν
1115 3928 1294 3996 ἔργον
1327 3926 1439 3979 οὐκ
1477 3921 1916 3993 ἀποκτείνομέν

316 4039 424 4085 σε,
472 4022 605 4076 ἀλλ’
646 4021 735 4075 ὅτι
786 4021 1100 4090 ἅνθρωπος
1143 4016 1227 4071 ὢν
1260 4018 1523 4072 σεαυτὸν
1561 4016 1750 4082 ποιεῖς
1775 4016 1916 4069 ἴσον

326 4112 451 4180 Θεῷ
516 4113 672 4168 Ἀλλά
726 4130 917 4182 φασιν·
952 4114 1014 4166 Εἰ
1048 4110 1333 4181 ὀςρείλομεν
1361 4109 1431 4162 τά
1460 4106 1698 4179 τροπικὰ
1747 4105 1912 4161 αὑτοῦ

324 4202 630 4271 ἀμολογεῖν,
672 4202 765 4255 καὶ
796 4202 967 4255 πολλά
1001 4201 1239 4273 τροπικὰ
1269 4200 1491 4271 εἴρηκεν
1516 4200 1548 4269 ή
1575 4197 1787 4268 Γραφὴ,
1821 4197 1915 4250 καὶ

2094 2551 2257 2609 XLV.
2303 2552 2409 2607 Sed
2441 2550 2695 2623 imperite
2733 2568 2932 2609 rursus
2964 2551 3233 2621 objiciunt
3266 2571 3279 2607 :
3312 2552 3480 2610 Vides
3507 2571 3612 2610 non

2025 2645 2271 2714 rapinam
2303 2644 2627 2698 arbitratum
2655 2661 2768 2699 esse
2792 2645 3045 2715 (aqualem
3079 2662 3133 2699 se
3173 2662 3286 2700 esse
3316 2644 3464 2703 Deo?
3503 2645 3611 2701 Sed

2022 2734 2336 2792 inauissimi
2397 2735 2648 2790 homines
2700 2735 3083 2804 appellationis
3148 2735 3324 2805 ipsius
3381 2751 3611 2807 prorsus

2021 2829 2201 2899 ignari
2255 2836 2405 2885 sunt.
2458 2827 2594 2881 Nam
2649 2840 2757 2880 non
2805 2825 2982 2880 dixit:
3037 2826 3223 2881 Noluit
3274 2830 3466 2898 rapina
3518 2828 3609 2882 illa

2019 2919 2249 2990 aequalis
2277 2934 2399 2975 esse
2435 2920 2574 2985 Deo;
2604 2918 2722 2985 sed,
2762 2918 2883 2972 Non
2921 2919 3164 2986 rapinam
3205 2918 3497 2972 arbitratus
3530 2928 3611 2973 est

2020 3027 2134 3065 esse
2169 3026 2223 3065 se
2247 3008 2505 3080 wqualcm
2539 3008 2648 3063 Deo
2672 3050 2686 3073 ,
2716 3009 2819 3064 hoc
2851 3016 2935 3064 est
2957 3017 3153 3063 natura
3181 3023 3239 3064 se
3268 3007 3437 3062 Deum
3464 3022 3607 3071 esse,

2020 3100 2169 3172 quod
2201 3109 2320 3155 erat
2352 3115 2411 3155 re
2440 3100 2589 3170 ipsa.
2623 3098 2738 3154 Nisi
2788 3099 2932 3154 enim
2966 3104 3135 3162 esset,
3169 3096 3445 3167 quomodo
3472 3096 3607 3151 servi

2013 3194 2243 3261 [erutam
2284 3191 2565 3248 indueret?
2594 3190 2963 3257 Quamobrem
2996 3190 3293 3260 Apostolus
3334 3189 3481 3259 quod
3517 3204 3608 3244 re-

2018 3286 2234 3339 centius
2276 3298 2342 3340 ac
2387 3283 2671 3354 posterius
2717 3289 2857 3345 erat,
2907 3280 3151 3334 indicare
3182 3279 3377 3345 voluit,
3421 3294 3487 3334 ac
3526 3280 3607 3335 rei

2018 3375 2448 3445 magnitudinem
2480 3389 2591 3429 non
2632 3373 2753 3428 sine
2799 3371 3009 3441 ingenti
3052 3371 3416 3426 admiratione
3450 3384 3609 3425 mon-

2018 3465 2234 3521 stravit.
2276 3464 2488 3535 Quippe
2522 3462 2743 3517 tametsi
2774 3460 2887 3516 Dco
2918 3468 3062 3516 essrt
3088 3459 3334 3529 aequalis,
3363 3458 3604 3529 seipsum

2017 3555 2379 3612 nihilominus
2410 3554 2735 3619 exinanivit,
2763 3553 2907 3608 servi
2943 3552 3172 3606 formam
3205 3552 3459 3616 induens,
3493 3566 3605 3605 non

2018 3648 2253 3717 utquod
2298 3648 2530 3702 liberum
2568 3655 2712 3709 erat,
2762 3645 3014 3700 servituti
3046 3643 3367 3713 subjiceret,
3409 3643 3505 3697 sed
3544 3650 3606 3696 ut

2018 3739 2073 3795 in
2107 3756 2168 3795 ea
2206 3740 2378 3794 forma
2407 3755 2570 3809 quam
2602 3738 2822 3793 sibimet
2852 3738 3210 3806 imposuerat,
3240 3735 3604 3803 obsequentes

2019 3832 2123 3887 sibi
2173 3847 2363 3887 servos
2406 3831 2457 3883 in
2507 3830 2813 3884 libertatem
2855 3836 3150 3882 assereret.
3198 3825 3340 3878 Sane
3379 3823 3601 3894 quidem

2017 3922 2102 3977 vel
2142 3920 2456 3975 Judaeorum
2518 3918 2909 3973 testiﬁcatione
2961 3923 3195 3979 constat,
3257 3912 3393 3967 nihil
3447 3913 3599 3966 illum

2017 4012 2249 4067 veritum
2286 4010 2479 4073 fuisse,
2534 4024 2715 4076 neque
2757 4006 3042 4060 dubitasse
3087 4003 3349 4074 aequalem
3395 4018 3454 4058 se
3490 4002 3600 4058 Deo

2017 4098 2277 4171 proﬁteri.
2306 4097 2565 4166 Adeoque
2588 4094 2952 4149 conﬁdentius
2978 4094 3143 4147 etiam
3171 4091 3223 4146 id
3246 4092 3397 4147 hisce
3417 4091 3601 4147 verbis

2017 4190 2289 4247 ostendit:
2328 4189 2373 4241 Α
2386 4189 2450 4241 isi
2481 4188 2687 4251 dixero,
2711 4202 2799 4239 ero
2829 4184 3041 4255 perinde
3075 4201 3136 4238 ac
3166 4200 3252 4238 eos
3277 4184 3504 4236 mendax
3532 4181 3599 4236 ¹⁶.

322 4296 382 4347 οὐ
412 4296 498 4348 δεῖ
523 4295 803 4365 ἀρνεῖσθαι
845 4296 914 4349 τὰ
964 4296 1046 4359 εἰς
1084 4293 1246 4347 αὐτὸν
1286 4290 1700 4362 αἰνιγματωδῶς
1746 4292 1910 4362 εἰρη-

2021 4281 2156 4336 Hinc
2201 4280 2279 4335 illi
2326 4280 2407 4335 sic
2461 4280 2640 4349 ipsum
2692 4278 3048 4347 alloquuntur
3086 4296 3099 4331 :
3143 4275 3367 4344 Propter
3408 4275 3600 4329 bonum

324 4386 489 4455 μένα,
524 4386 607 4438 ὅτι
630 4388 720 4440 καὶ
751 4385 891 4455 θύρα
926 4385 1207 4455 κέκληται,
1251 4384 1346 4437 καὶ
1372 4382 1518 4447 λίθος
1555 4382 1792 4455 εἴρηται,
1822 4382 1919 4435 καὶ

325 4478 544 4542 στύλος,
596 4479 691 4532 καὶ
742 4479 961 4548 νεφέλη,
1012 4478 1106 4531 καὶ
1140 4476 1298 4539 λέων,
1352 4475 1446 4528 καὶ
1480 4475 1771 4545 πρόϐατον,
1824 4475 1918 4528 καὶ

320 4569 541 4639 λύχνος,
603 4570 698 4623 καὶ
743 4569 990 4639 λαμπὰς,
1039 4569 1135 4622 καὶ
1184 4569 1357 4640 ἥλιος,
1400 4568 1492 4620 καὶ
1538 4567 1789 4635 ἄγγελος,
1823 4568 1918 4620 καὶ

325 4660 565 4733 σκώληξ,
598 4662 693 4715 καὶ
723 4662 919 4732 πέτρα,
951 4662 1044 4714 καὶ
1090 4661 1503 4731 ἀκρογωνιαῖος,
1534 4658 1628 4711 καὶ
1652 4658 1790 4722 ὁδὸς,
1822 4660 1916 4712 καὶ

323 4753 548 4824 ταῦρος,
601 4755 695 4807 καὶ
742 4752 961 4823 μόσχος,
1005 4752 1097 4806 καὶ
1134 4751 1203 4804 τὰ
1244 4749 1468 4803 τοιαῦτα
1513 4748 1776 4819 δηλονότι.
1806 4749 1917 4801 Καὶ

321 4847 487 4917 ἡμεῖς
536 4846 636 4899 ούκ
689 4844 1005 4917 ἀρνούμεθα
1058 4843 1127 4897 τά
1176 4844 1257 4907 εἱς
1299 4842 1460 4896 αὐτὸν
1504 4841 1917 4912 αἰνιγματωδῶς

321 4936 771 5009 πεπληρωμέναή
806 4936 1029 5003 οἴδαμεν
1086 4934 1142 4988 δὲ
1178 4934 1245 4989 δι’
1294 4934 1361 5005 ἣν
1394 4931 1573 4986 αἰτίαν
1609 4931 1783 4984 ταῦτα
1827 4932 1921 5000 γὲ-

319 5045 569 5100 γραπται
588 5044 602 5059 ·
629 5029 770 5093 ὁδὸς,
805 5030 887 5082 ὅτι
919 5027 985 5081 δι’
1017 5026 1181 5081 αὐτοῦ
1210 5025 1499 5097 βαδίζομεν
1529 5023 1664 5095 πρὸς
1692 5025 1791 5094 τὴν
1823 5023 1918 5094 βα-

324 5120 554 5184 σιλείαν,
583 5120 719 5193 πρὸς
775 5120 961 5183 αὑτὸν,
996 5119 1088 5173 καὶ
1123 5119 1215 5172 τὸν
1259 5116 1481 5187 Πατέρα
1505 5133 1518 5147 ο
1550 5114 1691 5186 θύρα
1725 5116 1801 5180 δὲ,
1833 5115 1915 5168 ὅτι

316 5213 391 5266 δι’
424 5211 591 5265 αὑτοῦ
640 5210 1039 5283 εἰσερχόμεθα·
1074 5209 1287 5274 στύλος,
1341 5209 1422 5261 ὅτι
1470 5206 1632 5270 αὐτός
1674 5207 1789 5259 ἐστι
1819 5204 1918 5275 τῆς

323 5301 603 5373 ἡμετέρας
638 5300 875 5365 πίστεως
904 5299 1188 5371 ἑδραίωμα
1210 5315 1224 5330 ·
1258 5297 1455 5368 πέτρα,
1488 5295 1577 5349 διὰ
1608 5295 1670 5347 τὸ
1711 5296 1919 5365 ἀμετα-

327 5394 582 5463 κίνητον·
617 5392 786 5461 λίθος,
828 5393 889 5447 τὸ
928 5390 1423 5463 τεθεμελιωμένοψ
1459 5389 1607 5461 ἥλιος
1645 5385 1920 5442 δικαιοσύ-

405 5568 718 5629 ¹Ὲ¹.εἷναι.
797 5570 914 5628 ’F.
968 5574 1119 5629 Θεόν.
1199 5572 1279 5627 ³1
1351 5573 1497 5630 Pctr.
1562 5587 1643 5633 ιιι,
1712 5570 1797 5624 18.
1876 5567 1897 5599 ⁸

2021 5564 2159 5633 Petr.
2236 5576 2309 5622 tv.
2376 5560 2426 5613 l.
2472 5559 2535 5633 _‘_‘_
2567 5556 2849 5633 Rom._tx,
2890 5555 2944 5609 5.

326 5644 351 5680 τ
388 5642 552 5703 Juan.
597 5660 685 5709 xv,
730 5644 815 5699 i5.
894 5647 914 5675 "
954 5646 972 5700 ι
1008 5644 1150 5702 Tim.
1195 5662 1255 5719 ιι,
1298 5648 1351 5704 5.
1430 5647 1449 5677 ⁸
1490 5642 1729 5713 Philipp.
1776 5655 1837 5708 ιι,
1879 5638 1933 5695 6.

2016 4392 2145 4446 opus
2181 4392 2283 4429 non
2331 4373 2678 4446 inter/icimus
2721 4381 2788 4437 te,
2828 4369 2919 4424 sed
2958 4371 3095 4439 quod
3139 4367 3291 4423 homo
3336 4384 3455 4421 cum
3500 4368 3599 4432 sis,

2016 4440 2235 4535 teipsum
2271 4466 2405 4535 [aris
2431 4440 2683 4534 aqualem
2705 4463 2811 4517 Deo
2837 4463 2898 4513 ¹¹.
2928 4460 3143 4516 Rursus
3172 4461 3379 4516 instant
3404 4461 3601 4515 adver-

2017 4558 2147 4615 sarii
2179 4577 2191 4611 :
2224 4558 2280 4612 Si
2318 4571 2439 4626 qua:
2486 4570 2582 4624 per
2626 4563 2843 4623 tropum
2873 4553 2938 4607 de
2970 4552 3063 4606 illo
3104 4552 3249 4606 dicta
3282 4559 3411 4606 sunt
3442 4551 3599 4606 fateri

2014 4632 2307 4712 convenit,
2366 4647 2537 4701 multa
2589 4646 2796 4715 tropice
2854 4642 3139 4712 Scriptura
3196 4643 3596 4712 pronuntiavit.

2014 4756 2192 4812 neque
2220 4753 2342 4809 qua:
2378 4735 2682 4806 tenigmatis
2701 4748 2852 4787 more
2868 4732 2934 4787 de
2955 4747 3021 4785 eo
3049 4732 3193 4786 dicta
3217 4738 3345 4785 sunt
3365 4730 3596 4784 inﬁciari

2014 4839 2260 4904 oportet:
2283 4828 2427 4899 quod
2447 4829 2615 4897 jauua
2643 4831 2893 4886 vocatur,
2923 4822 3081 4892 lapis,
3101 4821 3376 4884 columna,
3403 4821 3596 4885 nubes,

2016 4926 2121 4992 leo,
2151 4924 2289 4989 ovis,
2322 4923 2567 4983 lucerna,
2604 4917 2712 4983 tax,
2747 4916 2852 4980 sol,
2885 4915 3133 4987 angelus,
3162 4912 3387 4975 vermis,
3414 4918 3592 4982 petra,

2018 5014 2306 5087 angularis
2350 5011 2513 5082 lapis,
2556 5010 2666 5076 via,
2713 5016 2927 5069 taurus,
2965 5006 3192 5071 vitulus,
3235 5011 3290 5059 et
3332 5002 3384 5056 id
3427 5016 3599 5072 genus

2016 5108 2143 5163 alia.
2177 5105 2287 5162 Nos
2319 5112 2502 5159 autem
2537 5117 2659 5173 qua:
2689 5100 2743 5155 in
2774 5100 2866 5153 illo
2899 5097 3130 5168 ﬁgurate
3152 5095 3297 5150 dicta
3328 5101 3457 5147 sunt
3496 5092 3599 5145 im-

2016 5202 2160 5272 pleta
2184 5215 2294 5254 non
2323 5211 2626 5269 negamus;
2663 5192 2756 5249 sed
2785 5206 3050 5262 quorsum
3078 5195 3337 5256 usurpata
3363 5185 3455 5239 illa
3488 5184 3600 5240 sint

2018 5292 2397 5362 intelligimus.
2433 5290 2570 5343 Nam
2602 5287 2689 5341 via
2730 5293 3018 5356 propterea
3060 5280 3284 5343 dicitur,
3323 5276 3468 5349 quod
3505 5290 3600 5345 per

2020 5385 2172 5439 illum
2204 5384 2271 5438 ad
2307 5395 2557 5453 regnum,
2604 5386 2657 5433 et
2692 5378 2758 5433 ad
2808 5379 2986 5447 ipsum
3032 5370 3355 5441 Patremque
3408 5382 3599 5439 perve-

3046 5555 3067 5585 ⁸
3105 5553 3268 5611 Joan.
3341 5567 3465 5620 vm,
3506 5550 3596 5606 t0.

2015 5637 2057 5667 ¹⁰
2098 5632 2256 5689 toan.
2303 5646 2422 5699 vni,
2469 5629 2555 5685 55.
2638 5630 2676 5660 ’⁸
2722 5626 2880 5684 Joan.
2923 5642 2978 5696 ι,
3016 5625 3106 5682 55.
