3992 6198
481 310 550 367 99
1890 254 1951 345 sx.
1993 276 2336 342 srrruauu

3649 260 3746 319 100

479 426 697 488 nimus;
745 420 945 491 janua,
988 415 1242 488 quoniam
1284 425 1379 482 per
1423 408 1575 463 illum
1618 405 1927 471 intramus;
1971 419 2059 461 co-

2189 417 2281 472 ιης,
2331 399 2361 452 ὁ
2413 392 2765 463 καταυγάσας
2792 389 2889 455 τὰς
2928 386 3207 461 ἡμετέρας
3235 379 3608 443 σκοτισοείσας
3636 378 3751 432 δια-

482 518 693 578 lumna,
740 512 889 582 quod
939 510 1055 580 ipse
1090 505 1502 561 fundamentum
1552 499 1622 555 sit
1659 497 1779 552 ﬁdei
1821 506 2059 562 nostra;

2168 492 2338 555 νοίας.

481 564 856 678 petra,'quod
906 564 1200 655 immobilis
1236 595 1348 662 sit;
1386 596 1547 664 lupis,
1603 591 1891 647 fundatum
1941 605 2065 645 esse
2090 587 2383 661 signiﬁcat.
2432 582 2575 639 Idem
2614 594 2743 636 vero
2778 574 3011 648 justitia:
3083 571 3165 627 sol
3230 576 3336 631 est,
3389 564 3482 637 qui
3544 571 3752 620 mentes

484 707 705 754 nostras
730 694 972 751 tenebris
1000 689 1271 745 obductas
1301 705 1398 745 sua
1436 688 1559 742 luce
1587 685 1896 741 collustrat.

555 787 739 844 XLVI.
781 784 918 840 Tum
968 786 1041 837 ita
1091 784 1406 855 colligunt:
1455 781 1587 836 Cum
1640 780 1903 849 scriptum
1967 775 2060 840 sit,

485 890 790 938 creaturam
828 877 978 931 illaut
1018 890 1163 942 esse,
1217 875 1379 929 etiam
1422 875 1490 928 de
1525 882 1777 927 creatura
1817 867 2065 923 conﬁteri

486 979 764 1041 Oportere.
796 965 999 1020 Verum
1032 980 1132 1035 ego
1173 973 1379 1035 partem
1425 962 1665 1032 aliquam
1712 974 1909 1015 usuum
1947 957 2068 1011 illo-

488 1076 609 1115 rum
636 1058 887 1129 exposui,
920 1056 1012 1127 qui
1054 1071 1121 1109 ex
1153 1055 1275 1112 istis
1301 1054 1649 1124 aenigmatum
1679 1048 1977 1105 involucris
2011 1046 2065 1101 in

493 1168 596 1207 nos
626 1149 1027 1205 redundarunt.
1064 1145 1164 1216 51
1200 1144 1394 1200 Dicant
1435 1144 1599 1215 igitur
1631 1141 1820 1212 ecquis
1849 1138 2066 1194 tandem

492 1244 773 1299 translatae
823 1242 969 1296 illius
1011 1239 1448 1311 signiﬁcationis
1472 1252 1607 1292 usus
1640 1251 1764 1291 esse
1793 1233 1987 1306 possit,
2022 1231 2070 1286 si

490 1345 746 1389 creatura
797 1332 1148 1387 nominetur?
1208 1330 1344 1385 Nam
1399 1330 1567 1400 jauua
1622 1328 1840 1400 quidem
1892 1338 2073 1380 nonnc

492 1428 690 1482 merito
717 1425 939 1488 dicitur,
967 1424 1120 1495 quasi
1146 1423 1303 1479 nobis
1328 1422 1610 1477 introitum
1669 1419 2074 1486 utilitatemque

496 1520 767 1592 praebeat;
813 1519 898 1573 via
928 1532 1115 1588 porro,
1166 1523 1222 1569 ut
1272 1532 1367 1586 per
1409 1515 1556 1567 illaut
1615 1511 1932 1567 incedentes
1978 1524 2075 1564 nc-

496 1627 771 1683 quaquam
815 1611 1140 1665 aberremus
1168 1608 1191 1662 ?
1219 1609 1485 1663 Creatura
1527 1620 1657 1660 vero
1707 1617 1809 1657 cur
1855 1600 2071 1656 tandem

2240 769 2391 836 MCI'.
2427 760 2562 819 Εἶτά
2581 774 2775 833 φασιν·
2815 759 2935 810 Ὅτι
2968 754 3283 824 γέγραπται
3321 749 3450 821 περὶ
3477 747 3642 802 αὑτοῦ
3675 749 3757 801 ὅτι
3842 791 3851 800 .

2171 862 2380 933 κτίσμα
2430 858 2597 921 ἐστὶν,
2648 852 2931 925 ὁμολογεῖν
2987 849 3068 902 δεῖ
3100 846 3195 901 καὶ
3234 844 3298 899 τὸ
3344 842 3574 914 κτίσμα.
3620 843 3755 895 Ἰδοὺ

2173 951 2328 1022 κάγὼ
2354 948 2701 1022 διηγησάμην
2760 943 2924 1015 μέρος
2969 959 3022 995 τι
3078 938 3189 993 τῶν
3226 937 3475 1009 χρήσεων
3518 932 3629 987 τῶν
3671 934 3760 988 διὰ

2173 1046 2283 1099 τῶν
2331 1040 2671 1113 αἰνιγμάτων
2729 1034 2894 1091 αὑτοῦ
2956 1034 3037 1097 εἰς
3094 1031 3243 1102 ἡμᾶς
3290 1025 3758 1099 πεπληρωμένων.

2174 1139 2414 1193 Είπωσιν
2441 1136 2573 1206 ἡμῖν
2598 1134 2656 1185 ὲν
2682 1129 2760 1201 τῷ
2804 1128 2984 1196 λέγειν
3016 1122 3176 1177 αὑτὸν
3204 1119 3433 1190 κτίσμα,
3476 1117 3531 1171 τί
3566 1132 3762 1187 χρησι-

2180 1229 2371 1303 μεύεις
2402 1227 2477 1280 Oti
2507 1223 2647 1296 θύρα
2671 1221 2895 1283 εἰκότως
2923 1218 3137 1288 εἴρηται
3166 1211 3464 1286 τροπικῶς,
3492 1210 3581 1263 ἴνα
3605 1209 3766 1279 γένη.

2175 1301 2266 1374 ται
2286 1318 2488 1380 εἴσοδος
2515 1314 2671 1386 ἡμῶν
2703 1312 2798 1367 καὶ
2827 1309 3062 1379 ὠφέλεια
3086 1325 3101 1374 ;
3154 1306 3250 1359 καὶ
3276 1303 3417 1367 ὁδὸς,
3447 1302 3537 1356 ἶνα
3569 1301 3637 1354 δι’
3666 1301 3766 1353 αύο

2177 1412 2272 1467 τοῦ
2292 1410 2597 1483 βαδίζοντες
2628 1406 2703 1478 μὴ
2737 1402 3137 1473 πλανηθῶμενς
3167 1398 3391 1467 Κτίσμα
3431 1395 3520 1448 διὰ
3545 1393 3598 1447 τί
3629 1393 3765 1463 ἡμῖν

2180 1505 2389 1575 γίνεται
2410 1519 2424 1567 ;
2448 1502 2513 1555 Τί
2530 1501 2677 1571 ἡμᾶς
2691 1496 2893 1569 ὠφελεῖ
2906 1512 2922 1561 ;
2946 1492 3076 1557 Ναὶ,
3097 1490 3263 1561 φησὶν
3278 1490 3306 1543 ὁ
3321 1486 3600 1552 κενόδοξος
3614 1483 3765 1575 φιλο-

2180 1574 2407 1649 νεικῶν
2432 1592 2481 1646 εί
2505 1593 2580 1663 μὴ
2592 1590 2701 1661 γάρ
2715 1586 2877 1641 αὑτὸν
2903 1583 3064 1655 εἴπῃς
3098 1580 3323 1652 κτίσμα,
3358 1577 3437 1648 τῷ
3454 1575 3631 1647 Πατρὶ
3659 1574 3763 1628 πά-

497 1666 659 1759 nobi‘s
692 1701 869 1757 factus
898 1717 1023 1756 esse
1044 1699 1294 1754 dicitur?
1327 1704 1420 1752 aut
1447 1696 1577 1768 quid
1611 1711 1674 1750 ea
1710 1710 1798 1750 res
1823 1692 2075 1747 utilitatis

2189 1687 2271 1750 io;
2290 1683 2573 1758 περιτίθης
2588 1699 2602 1713 ·
2623 1683 2729 1745 πᾶς
2752 1680 2863 1751 γὰρ
2888 1676 3091 1746 γεννῶν
3108 1670 3301 1744 (πάθη)
3330 1668 3476 1741 πάθη
3503 1670 3525 1700 ¹
3543 1666 3764 1739 περιὸέ-

501 1793 731 1849 aﬂcret'?
762 1792 875 1847 lmo
910 1808 1039 1846 vero
1066 1807 1333 1863 arrogans
1365 1790 1457 1845 ille
1481 1804 1544 1844 ac
1579 1788 1829 1859 pertinax
1857 1785 2034 1857 inquit
2061 1803 2075 1839 :

496 1885 616 1943 Nisi
647 1886 797 1941 enim
833 1894 1144 1940 creaturam
1185 1885 1338 1938 illum
1370 1897 1493 1938 esse
1530 1880 1789 1945 fatebere,
1842 1876 2081 1932 affectio-

502 1997 627 2035 nem
649 1978 939 2046 quamdam
961 1975 1111 2030 Patri
1136 1975 1363 2029 tribues.
1390 1972 1652 2042 Quisquis
1668 1970 1816 2027 enim
1834 1975 2077 2039 generat,

501 2069 889 2123 affectionibus
921 2074 1004 2122 est
1054 2064 1362 2129 obnoxius;
1402 2078 1528 2117 nam
1580 2060 1946 2125 contrahitur,
1987 2065 2082 2113 aut

501 2160 816 2220 collatatur,
848 2153 958 2209 'aut
999 2154 1351 2222 expanditur,
1394 2159 1491 2205 aut
1526 2150 1772 2221 proﬂuit,
1810 2156 1905 2203 aut
1940 2148 2082 2203 mole

498 2249 857 2312 distenditur,
887 2253 981 2301 aut
1011 2243 1284 2315 ejusmodi
1322 2242 1529 2312 aliquid
1558 2240 1863 2311 experitur.
1901 2240 2083 2311 Apage

500 2352 610 2395 tam
646 2342 964 2396 sceleratam
1014 2337 1317 2405 falsamque
1356 2332 1725 2388 sententiam!
1758 2330 1893 2398 Quis
1934 2332 2079 2387 enim

504 2432 621 2487 haec
659 2431 730 2485 de
765 2430 875 2485 Deo
919 2429 1161 2500 cogitare
1208 2426 1447 2481 audeat?
1488 2432 1590 2479 aut
1635 2438 1757 2494 qua:
1804 2422 2083 2493 opinionis

515 2523 798 2578 temeritas
826 2536 893 2578 eo
928 2520 1105 2592 possit
1128 2514 1483 2589 pertingere?
1518 2514 1598 2569 Ne
1616 2512 1925 2568 daamonum
1960 2513 2084 2584 qui-

504 2618 629 2671 dem
681 2615 827 2669 ullus
881 2613 1026 2677 haec,
1078 2610 1295 2681 opinor,
1356 2606 1640 2678 cogitabit.
1701 2605 1780 2660 Ac
1831 2604 2084 2675 quisquis

503 2706 726 2761 Patrem
753 2704 1067 2768 conﬁtetur,
1104 2715 1300 2757 revera
1340 2698 1539 2754 Filium
1569 2697 1638 2752 ab
1659 2711 1730 2753 eo
1753 2697 1934 2753 credit
1962 2712 2085 2753 esse

505 2801 770 2871 genitum.
798 2795 918 2852 Non
950 2796 1097 2850 enim
1140 2797 1283 2850 mole
1314 2801 1481 2864 atque
1516 2790 1875 2861 amplitudine
1908 2790 2088 2860 porri-

505 2893 655 2961 gitur
692 2889 857 2955 Deus,
904 2904 1082 2959 neque
1113 2900 1347 2957 corpore
1380 2883 1633 2955 parturit,
1667 2890 1726 2937 ut
1769 2882 1951 2936 omnia
1994 2881 2085 2936 illa

505 2983 773 3040 sustineat
800 2999 816 3036 :
840 2978 1073 3049 Spiritus
1106 2976 1245 3032 Deus
1272 2984 1351 3030 est
1377 2976 1418 3028 ¹.
1452 2974 1693 3044 Spiritus
1717 2988 1846 3027 vero
1876 2971 2084 3028 nullum

2182 1779 2375 1849 ὄληται
2395 1796 2408 1808 ·
2428 1776 2461 1846 ἥ
2483 1776 2591 1847 γὰρ
2610 1772 2975 1834 συστέλλεται,
2992 1770 3027 1841 ἢ
3046 1766 3393 1827 πλατύνεται,
3414 1764 3448 1833 ἢ
3464 1760 3730 1816 ἀπλοῦται
3745 1798 3761 1822 ,

2180 1870 2214 1942 ἦ
2239 1868 2509 1943 ἀπορροίη
2535 1867 2579 1933 ³,
2608 1866 2641 1937 ἢ
2668 1860 2946 1933 όγκοῦται,
2990 1861 3026 1932 ῆ
3071 1877 3125 1913 τι
3150 1857 3260 1912 τῶν
3285 1855 3556 1910 τοιούτων.
3588 1850 3760 1943 φεῦγε

2179 1962 2279 2032 τῆς
2313 1942 2570 2029 τοιαύτης
2595 1955 2834 2018 διανοίας
2851 1951 3093 2023 πονηρᾶς
3120 1948 3307 2019 οὔσης,
3324 1947 3419 2001 καὶ
3445 1945 3543 1999 οὐκ
3567 1942 3760 2015 ἀληθε-

2185 2054 2405 2124 στάτης.
2443 2052 2540 2116 Τίς
2557 2049 2732 2105 ταῦτα
2754 2049 2885 2121 περὶ
2906 2046 3043 2100 Θεοῦ
3069 2042 3518 2114 διανοηθήσεται;
3545 2039 3671 2092 ποία
3705 2038 3763 2090 δὲ
3864 2100 3865 2103 η

2185 2147 2411 2201 ὑπόνοια
2442 2143 2669 2199 τοιαῦτα
2704 2141 3004 2213 τολμήσεις
3033 2136 3288 2210 Δηλονότι
3318 2133 3495 2196 οὐδεὶς
3511 2131 3632 2186 οὐδὲ
3656 2131 3764 2184 τῶν

2181 2238 2452 2311 δαιμόνων
2503 2234 2742 2290 τοιοῦτον
2787 2231 3219 2303 διανοηθήσεται.
3253 2228 3371 2283 Κάν
3398 2243 3485 2291 τις
3518 2224 3766 2296 ὁμολογεί

2183 2334 2276 2387 τὸν
2332 2330 2572 2402 Πατέρα,
2625 2326 2873 2381 πιστεύει
2928 2323 3094 2378 αὐτὸν
3145 2322 3238 2375 τὸν
3278 2320 3409 2374 Υίὸν
3445 2319 3505 2372 ὲν
3540 2316 3770 2387 ἀληθείᾳ

2184 2424 2606 2495 γεγεννηκέναι*
2638 2420 2700 2474 ού
2730 2418 2838 2491 γάρ
2889 2417 3078 2487 δγκοις
3101 2412 3460 2487 περιφέρεται
3501 2410 3563 2463 τὸ
3588 2409 3768 2470 Θεῖον,

2180 2514 2306 2569 οὐδὲ
2334 2512 2497 2584 σῶμά
2537 2512 2687 2565 ἐστιν
2739 2509 2957 2579 ἔγκυον,
2994 2508 3081 2561 ἵνα
3112 2505 3378 2577 ὑπομείνῃ
3406 2503 3480 2557 τὰ
3508 2518 3773 2574 προειρη-

2189 2606 2367 2678 μέναι
2402 2604 2648 2674 Πνεῦμα
2692 2601 2803 2673 γὰρ
2850 2603 2884 2655 ό
2924 2600 3105 2667 Θεόςο
3152 2596 3372 2667 πνεῦμα
3402 2594 3458 2649 δὲ
3483 2593 3640 2666 ῥύσιν
3673 2593 3773 2664 οὐχ

2187 2696 2500 2766 ὑφίσταται,
2526 2695 2587 2749 ού
2618 2694 2811 2766 τομὴν,
2870 2692 2932 2746 ού
2987 2689 3179 2761 στολὴν
3206 2689 3247 2754 ⁸,
3278 2689 3340 2743 οὐ
3387 2687 3631 2757 μείωσιν,
3674 2687 3775 2757 οὐχ

2187 2788 2458 2853 ἃπλωσιν,
2487 2787 2610 2842 οὔτε
2638 2806 2691 2841 τι
2713 2786 2822 2840 τῶν
2855 2782 3131 2838 τοιούτων.
3158 2781 3309 2836 Καθδ
3333 2781 3554 2835 τοίνυνό
3582 2779 3775 2850 Πατὴρ

2190 2880 2413 2952 πνεῦμά
2444 2883 2581 2945 ἐστι,
2610 2882 2703 2935 τὸν
2758 2880 2888 2935 Υίὸν
2915 2879 3046 2933 Θεὸν
3075 2878 3248 2948 Λόγον
3284 2874 3579 2945 γεγέννηκε
3602 2890 3778 2936 πνευ-

2195 2974 2463 3044 ματικῶς,
2488 2972 2755 3044 ἀχρόνως,
2782 2971 3178 3044 ἀκαταλήπτως
3200 2971 3295 3024 καὶ
3326 2967 3597 3039 ἁνάρχως.

501 3076 727 3131 omnino
776 3069 1123 3141 proﬂuvium,
1176 3081 1353 3137 neque
1383 3066 1708 3131 sectionem,
1742 3079 1921 3135 neque
1978 3066 2436 3134 contractionem,
2481 3075 2576 3121 aut
2618 3066 3080 3132 imminutionem,
3130 3077 3306 3134 neque
3357 3059 3776 3132 expansionem,

504 3172 592 3225 vel
650 3167 798 3222 aliud
846 3164 1147 3236 quidquam
1195 3162 1364 3232 hujus
1401 3162 1618 3233 generis
1654 3160 1913 3216 admittit.
1947 3157 2091 3231 Ergo
2128 3170 2401 3233 quatenus
2431 3163 2656 3233 spiritus
2696 3170 2782 3220 est
2837 3160 3037 3229 Pater,
3093 3159 3261 3216 Deum
3315 3156 3514 3213 Filium
3553 3155 3778 3227 spirita-

503 3269 633 3323 liter
664 3262 976 3338 progenuit,
1028 3262 1149 3317 sine
1200 3259 1313 3315 ullo
1367 3266 1631 3329 tempore,
1681 3272 1748 3313 eo
1790 3257 1955 3313 modo
2025 3258 2120 3328 qui
2191 3258 2576 3331 comprehendi
2626 3274 2735 3314 non
2782 3264 2980 3330 potcSt,
3028 3258 3230 3328 quique
3272 3254 3411 3311 initii
3458 3253 3531 3310 sit
3592 3250 3779 3307 omnis

504 3376 726 3433 expers.

580 3455 786 3511 XLVII.
825 3453 933 3510 Sed
962 3462 1020 3509 ut
1044 3454 1111 3510 iis
1137 3452 1231 3523 qui
1254 3452 1440 3508 animo
1469 3451 1573 3507 ista
1599 3456 1844 3514 versant,
1872 3448 2083 3505 facilius

2260 3444 2515 3501 ΜΖ⁹.Ἴνα
2530 3442 2586 3496 δὲ
2601 3440 2823 3505 τούτους
2849 3440 3127 3510 πείσωμεν
3149 3439 3274 3519 τοὺς
3294 3437 3469 3493 ταῦτα
3494 3437 3779 3507 νοοῦντας,

510 3546 845 3619 persuadere
875 3544 1178 3616 possimus.
1205 3541 1385 3596 dicam
1423 3539 1654 3609 aliquid,
1688 3539 1833 3608 quod
1859 3538 1963 3594 etsi
1994 3554 2089 3593 ne-

428 3655 432 3659 ‘
509 3653 785 3709 quaquam
825 3636 1003 3692 simile
1043 3635 1135 3699 sit,
1185 3634 1237 3687 iu
1274 3632 1545 3687 similibus
1591 3639 1772 3685 tamen
1821 3630 1985 3685 rebus
2022 3630 2090 3687 ad

511 3728 823 3798 improbam
896 3726 1115 3780 illorum
1174 3720 1682 3791 tergiversationem
1739 3717 2089 3773 refellendam

512 3819 696 3872 valet:
727 3815 925 3871 Creata
954 3813 1156 3885 quippe
1200 3826 1287 3866 res
1325 3809 1505 3866 omnis
1538 3808 1751 3864 inﬁnite
1776 3808 1845 3862 ab
1874 3806 2092 3862 Domini

511 3912 598 3966 sui
641 3909 933 3978 majestate
970 3906 1161 3962 distat.
1204 3905 1376 3977 Igitur
1413 3902 1660 3973 plerique
1708 3902 1762 3956 in
1798 3901 2093 3957 solitudine

512 4002 633 4072 igne
676 4010 929 4055 carentes
986 3999 1221 4053 vitreum
1266 4012 1365 4051 vas
1409 4010 1552 4065 aqua
1604 3993 1925 4065 complent:
1976 4000 2091 4046 tum

513 4095 797 4149 materiam
853 4095 1095 4165 aliquam
1144 4089 1469 4145 adhibentes
1530 4103 1654 4159 «tua:
1706 4087 1883 4157 ignem
1937 4086 2094 4139 facile

511 4183 773 4253 concipit,
804 4192 934 4253 puta
971 4198 1001 4237 e
1043 4182 1178 4248 lino,
1211 4180 1292 4233 vel
1339 4186 1535 4247 stuppa
1603 4175 1922 4238 conﬂatam,
1965 4176 2096 4229 solis

521 4273 693 4329 radiis
721 4282 1024 4341 exponunt.
1062 4271 1098 4325 li
1135 4285 1229 4338 per
1253 4269 1453 4321 vitrum
1503 4268 1555 4319 in
1584 4266 1885 4333 subjectam
1917 4272 2093 4318 malc-

514 4366 652 4419 riam
693 4363 876 4416 lumen
927 4359 1264 4413 immittunt:
1315 4371 1437 4426 quat
1480 4355 1666 4409 statim
1712 4370 1744 4409 e
1792 4353 1926 4408 solis
1972 4355 2096 4424 igne

514 4455 786 4508 ﬂammam
825 4449 1067 4520 concipit
1113 4457 1167 4503 et
1230 4446 1560 4505 exardescit.
1603 4444 1926 4499 Utrumnam
1964 4459 2097 4515 ergo

515 4544 609 4597 illa
639 4542 965 4597 substantia:
994 4541 1414 4611 participatione
1447 4536 1652 4608 aliquid
1698 4536 1765 4592 de
1797 4536 1912 4593 sole
1949 4552 2091 4607 prac-

514 4636 754 4691 ciditur?
796 4651 866 4690 an
903 4650 1032 4690 vero
1067 4633 1289 4689 deﬁcit?
1334 4648 1404 4686 an
1450 4629 1833 4685 imminuitur?
1874 4627 2095 4699 Nequa-

512 4743 702 4799 quam,
740 4726 1018 4797 inquiunt.
1051 4726 1253 4793 Quare,
1297 4725 1344 4779 si
1383 4724 1518 4778 nihil
1544 4731 1813 4779 creaturae
1849 4721 2095 4777 detrahi-

2189 3538 2288 3608 οὐχ
2310 3537 2471 3607 ὅμοια
2507 3534 2608 3606 μὲν
2655 3533 2977 3603 φάσκοντες,
3014 3531 3107 3601 ἀφ’
3137 3514 3338 3602 ὁμοίων
3379 3530 3436 3584 δὲ
3462 3529 3569 3584 τῶν
3592 3532 3780 3587 αὐτῶν

2190 3628 2624 3701 ἀποστρέφοντες
2677 3624 2853 3696 κακὴν
2880 3622 3198 3692 ἀπολογίαν,
3247 3623 3491 3694 εἴπωμεν
3510 3640 3525 3655 ο
3552 3624 3781 3697 κτίσμα

2191 3719 2308 3772 ἐστὶ
2350 3718 2413 3772 τὸ
2465 3716 2711 3789 ἀπείρως
2766 3716 2861 3770 καὶ
2919 3712 3429 3788 μυριονταπλασίως
3468 3712 3561 3766 τοῦ
3601 3713 3780 3768 αὑτοῦ

2191 3810 2458 3864 Δεσπότου
2516 3808 2763 3863 ἀποδέον.
2811 3806 2924 3861 Καὶ
2974 3804 3157 3859 πολλοί
3191 3821 3335 3867 τινες
3372 3804 3431 3857 ὲν
3460 3805 3645 3876 ἐρήμῳ
3688 3807 3780 3859 έν-

2189 3902 2433 3973 δεόμενοι
2462 3898 2654 3971 πυρδς,
2695 3898 3026 3969 γεμίσαντες
3071 3895 3216 3967 ὕδωρ
3259 3896 3317 3948 ὲν
3350 3894 3509 3964 ἄγγει
3552 3893 3789 3967 ύελίνῳ,

2193 3994 2287 4048 καὶ
2318 3991 2453 4063 ὓλην
2484 3990 2952 4062 προσενέγκαντες
2995 3986 3415 4055 εύθυφλόγιστον
3462 3988 3529 4040 ὲκ
3556 3984 3709 4039 λίνου
3743 3987 3777 4057 ἢ

2194 4087 2259 4139 ὲκ
2301 4083 2601 4138 στυππείου
2660 4079 3058 4153 πεποιημένην,
3099 4080 3346 4133 ἵστανται
3393 4076 3618 4150 ἀντικρὺ
3677 4078 3779 4131 τοῦ

2193 4175 2345 4247 ἡλίου
2375 4174 2477 4244 τῆς
2523 4172 2913 4244 μαρμαρυγῆς,
2948 4170 3056 4223 ἀπὸ
3081 4170 3178 4241 τῆς
3220 4168 3374 4222 ὑέλου
3409 4166 3784 4235 καταυγαζού-

2196 4284 2295 4337 οης
2333 4267 2411 4330 είς
2452 4265 2553 4336 τὴν
2603 4264 2969 4333 ὑποκειμένην
3004 4261 3157 4331 ὕλην,
3197 4259 3291 4314 καὶ
3329 4259 3492 4322 εὐθὺς
3528 4257 3635 4312 ἀπὸ
3680 4258 3780 4311 τοῦ

2193 4357 2366 4428 πυρὸς
2401 4354 2497 4408 τοῦ
2558 4353 2708 4425 ἡλίου
2759 4350 3114 4421 λαμϐάνεται,
3156 4349 3249 4401 καὶ
3290 4348 3511 4414 ἐξάπτει
3544 4346 3602 4400 τὸ
3637 4346 3780 4418 πῦρ.

2193 4443 2341 4519 τΑρα
2364 4446 2621 4517 τέμνεται
2657 4446 2685 4497 ό
2731 4442 2881 4514 ἥλιος
2902 4440 2990 4493 διὰ
3020 4440 3120 4509 τῆς
3156 4438 3391 4509 μετοχῆς
3421 4440 3524 4509 τῆς
3547 4438 3781 4505 ούσίας;

2195 4533 2345 4610 Ἀρα
2399 4534 2710 4605 ὲνέλειψεν;
2754 4528 2902 4602 τΑρα
2940 4526 3216 4599 inaniter};
3275 4525 3431 4594 Οὐχὶ,
3489 4524 3675 4594 φασίν.
3712 4526 3783 4579 Εἰ

2194 4629 2373 4681 τοίνυν
2400 4626 2607 4697 κτίσμα
2650 4623 2726 4678 ὢν
2771 4622 2870 4700 οὐκ
2915 4617 3172 4690 ὲμειώοη,
3219 4615 3370 4685 πόσῳ
3412 4630 3476 4681 γε
3506 4612 3711 4684 μᾶλλον
3754 4615 3784 4668 ό

2197 4722 2423 4792 ἄπειρος
2452 4718 2545 4771 καὶ
2582 4714 2966 4784 ἀκατάληπτος
3007 4709 3101 4763 καὶ
3130 4708 3395 4779 ἄχραντος
3422 4704 3496 4759 ὣν
3533 4704 3688 4769 Θεὸς,
3720 4706 3785 4772 ἐξ

500 4831 609 4891 tur
630 4865 645 4885 ,
677 4830 883 4893 quanto
912 4822 1084 4892 magis
1110 4820 1355 4876 inﬁnitus
1380 4819 1490 4884 ille,
1518 4816 2007 4887 iucomprehensus
2035 4822 2083 4870 et

2193 4811 2390 4866 ἑαυτοῦ
2425 4809 2713 4879 γεννήσας,
2738 4806 2954 4877 πνεῦμα
2983 4802 3076 4868 ὣν,
3109 4800 3240 4855 Θεὸν
3269 4799 3461 4869 Λόγον,
3496 4798 3783 4870 ἄφραστον

517 4915 986 4970 iucontaminatus
1034 4912 1198 4977 Deus,
1246 4927 1276 4967 e
1323 4927 1382 4966 sc
1422 4911 1541 4981 ipso
1584 4911 1833 4980 gignens,
1863 4923 1986 4962 cum
2021 4906 2094 4961 sit

516 5006 764 5076 spiritus,
796 5004 965 5060 Deum
990 5002 1252 5077 verbum,
1276 5003 1371 5072 qui
1404 5018 1505 5056 nec
1525 5002 1775 5057 oratione
1802 4999 2091 5063 declarari,

516 5111 619 5152 nec
650 5096 999 5168 intelligentia
1030 5094 1417 5165 comprehendi
1444 5102 1638 5165 potest,
1662 5102 1717 5148 et
1740 5094 2094 5163 incorruptus

515 5196 620 5253 est,
661 5189 910 5244 eumdem
960 5188 1138 5257 ipsum
1179 5188 1297 5241 sine
1328 5186 1419 5240 illa
1448 5186 1757 5257 corruptela
1809 5185 1996 5256 genuit
2030 5198 2095 5238 ac

515 5279 636 5333 sine
674 5279 962 5333 aﬂ'ectione
1011 5277 1095 5331 vel
1146 5276 1389 5332 sectione
1423 5276 1508 5331 vel
1561 5276 1943 5337 diminutione,
1996 5275 2090 5329 sed

514 5370 794 5439 perfectus
845 5370 1144 5441 perfectum
1181 5368 1529 5439 perfecteque
1559 5367 1851 5439 produxit?
1885 5368 1960 5420 Ac
1996 5383 2091 5420 na-

517 5470 639 5517 tura
680 5463 898 5532 quidem
938 5463 1081 5531 ignis
1116 5463 1302 5533 plurcs
1345 5460 1413 5515 ab
1447 5476 1552 5515 una
1602 5461 1857 5515 lucernas
1892 5474 2091 5513 accen-

515 5553 627 5620 dit;
682 5553 787 5622 52
846 5571 1024 5625 neque
1076 5556 1253 5625 prima
1305 5554 1598 5621 minuitur;
1664 5568 1851 5608 verum
1911 5558 2093 5621 potest

2199 4906 2293 4960 καὶ
2330 4901 2715 4973 ἀκατάληπτον
2760 4900 2854 4953 καὶ
2895 4896 3170 4967 ἄφθαρτον
3205 4894 3263 4946 ὲν
3305 4891 3584 4964 ἀφθαρσίᾳ
3622 4890 3783 4959 ἐγέν-

2200 5014 2383 5069 νησεν,
2414 4996 2474 5048 ού
2506 4994 2594 5047 διὰ
2620 4991 2845 5056 πάθους,
2879 4991 2940 5043 ού
2973 4989 3061 5042 διὰ
3082 4987 3273 5058 τομῆς,
3302 4986 3363 5038 ού
3380 4982 3780 5051 δι’ὲλλείψεως,

2201 5088 2339 5143 ἀλλά
2369 5087 2573 5149 τέλειος
2608 5084 2812 5137 τέλειον
2850 5082 2907 5136 έν
2946 5080 3274 5149 τελειότητι;
3309 5077 3417 5130 Καὶ
3454 5078 3488 5146 ἡ
3541 5074 3637 5145 μὲν
3680 5074 3782 5127 τοῦ

2203 5178 2373 5249 πυρὸς
2409 5175 2569 5246 φύσις
2589 5173 2819 5236 πολλοὺς
2842 5171 3066 5243 λύχνους
3094 5170 3254 5224 ἅπτει
3286 5167 3395 5222 ἀπὸ
3429 5166 3561 5230 ἑνὸς,
3607 5165 3705 5218 καὶ
3754 5167 3787 5217 ὁ

2200 5271 2413 5341 πρῶτος
2445 5267 2707 5339 ὑπάρχων
2736 5266 2837 5319 οὐκ
2886 5263 3147 5336 ὲμειώθη.
3187 5261 3355 5315 Πάλιν
3402 5259 3457 5312 δὲ
3490 5257 3712 5311 δύναται
3749 5257 3786 5327 ἡ

2198 5360 2336 5432 αύτὴ
2364 5358 2519 5413 οὐσία
2550 5360 2613 5409 ἐκ
2627 5356 2836 5410 πολλῶν
2863 5354 3101 5426 μερικῶν
3124 5348 3285 5415 εἶναι,
3314 5350 3457 5421 φημί
3476 5348 3539 5419 δὴ
3569 5346 3786 5416 λύχνων

2197 5454 2231 5523 ἢ
2294 5450 2609 5521 λαμπάδων.
2655 5448 2796 5500 Ἀλλ’
2822 5449 2923 5518 οὐχ
2952 5446 3092 5500 οὕτω
3108 5446 3168 5499 τὸ
3193 5444 3369 5502 Θεῖον.
3400 5441 3474 5512 μὴ
3519 5438 3736 5508 γένοιτο
3768 5439 3781 5490 l

2199 5544 2274 5598 Οὐ
2304 5542 2463 5599 πάλιν
2520 5542 2625 5613 γὰρ
2678 5537 2842 5612 ἦλθεν
2878 5541 2906 5592 ὁ
2952 5538 3142 5607 Λόγος,
3182 5536 3277 5590 καὶ
3316 5530 3643 5602 συναλοιφὴν
3700 5526 3787 5599 τῷ

591 5726 611 5761 ¹
647 5724 808 5784 Joan.
856 5742 928 5793 tv,
967 5728 1057 5784 24.
1136 5732 1155 5760 ²
1185 5729 1315 5798 Reg.
1360 5728 1528 5797 πάθη,
1556 5728 1715 5781 πάθε.
1793 5727 1812 5759 ³
1848 5726 1975 5781 Cor.
2009 5724 2083 5779 ἀπ

2192 5726 2271 5780 εἴ.
2340 5720 2359 5753 ⁸
2388 5719 2448 5773 F.
2491 5717 2777 5788 συστολὴν.
