3992 6198
296 271 396 329 fill

1731 260 2179 323 ANCORATUS.

3304 220 3357 251 τι

3485 268 3590 327 1θὲ

294 391 480 463 “arpi
541 389 873 462 εἰργάσατο·
923 388 1042 443 ἀλλ’
1095 389 1127 442 ό
1167 387 1357 460 Πατὴρ
1396 386 1591 458 Πατήρ
1622 388 1760 453 ἐστι,
1808 386 1934 447 καὶη

2017 385 2195 441 eadem
2241 383 2551 440 substantia
2604 382 2858 455 pluribus
2909 399 2939 440 ο
2987 384 3415 455 particularibus
3459 401 3595 443 eou-

295 484 328 535 ό
359 483 497 546 Υἱὸς
548 482 698 547 Υἱὸς,
730 481 910 535 καὶτὸ
954 482 1112 549 ἅγιον
1167 480 1394 552 Πνεῦμα
1454 480 1680 550 Πνεῦμα
1724 477 1901 547 ἅγιον.

2012 477 2151 541 flari,
2201 488 2333 548 puta
2381 478 2647 542 lucernis,
2688 488 2782 532 aut
2823 477 3059 535 facibus.
3107 479 3213 537 Sed
3252 495 3363 536 non
3404 480 3594 537 eadem

301 575 621 630 divinitatis
646 582 730 629 est
754 574 935 639 ratio;
976 588 1089 627 non
1122 574 1269 628 enim
1307 581 1501 644 postea
1534 570 1768 627 Verbum
1801 571 2060 637 accessit,
2092 579 2147 648 et
2186 586 2314 626 cum
2378 570 2541 626 Patre
2578 570 2805 638 coaluit,
2875 571 2972 628 sed
3028 572 3193 629 Pater
3249 572 3413 629 Pater
3479 580 3590 633 est.

303 680 366 727 et
395 669 568 726 Filius
594 668 763 727 Filius
781 711 796 735 ,
825 676 881 724 ct
916 667 1156 739 Spiritus
1186 677 1410 725 sanctus
1432 668 1669 739 Spiritus
1697 676 1943 725 sanctus.

385 767 524 821 MH'.
554 766 754 836 Μωρὸν
793 765 906 837 γὰρ
930 764 993 819 τὸ
1036 765 1188 837 παρὰ
1233 767 1346 828 τοῖς
1384 764 1712 837 Μανιχαίοις
1754 765 1908 836 εἰρη-

316 858 475 928 μένον
531 857 668 927 (49),
710 858 800 911 ὅτι
847 858 907 910 ὲν
940 856 1020 928 τῷ
1054 856 1136 911 νοῒ
1163 851 1261 910 τοῦ
1308 858 1471 928 Μάνη
1509 859 1564 909 αἱ
1600 856 1771 928 ψυχαὶ
1798 854 1906 909 ἀπὸ

302 950 404 1004 τοῦ
432 949 626 1004 στόλου
665 947 763 1003 τοῦ
817 949 998 1021 φωτὸς
1047 948 1339 1020 γενόμεναι
1364 948 1424 1002 ἓν
1457 947 1618 1019 σῶμά
1638 948 1777 1011 ἐστι,
1809 946 1905 1001 καὶ

293 1041 565 1113 λυόμεναι
613 1042 729 1096 ἀπὸ
773 1040 885 1095 τῶν
942 1040 1234 1112 σωμάτων,
1279 1039 1437 1106 αὖθις
1471 1040 1903 1095 ἁναπλάττονται

306 1135 377 1205 τῇ
397 1135 500 1205 μιᾷ
527 1133 692 1205 οὐσίᾳ
713 1133 792 1197 ὡς
820 1135 901 1197 είς
927 1133 1020 1187 τὸν
1047 1132 1146 1186 ἕνα
1169 1132 1381 1200 στύλον,
1412 1133 1553 1188 κατὰ
1571 1131 1633 1185 τὸ
1663 1131 1906 1203 μυθῶδες

300 1225 486 1279 αὐτῶν
500 1224 601 1278 τοῦ
616 1224 959 1295 πλάσματος.
998 1222 1136 1277 Ἀλλ’
1150 1223 1249 1295 οὐχ
1263 1223 1435 1288 οὕτως
1456 1223 1624 1288 ἔδειξε
1639 1222 1699 1276 τὸ
1730 1221 1909 1291 Εὐαγ-

303 1314 486 1385 γέλιον
506 1331 523 1346 ο
556 1316 675 1369 ἀλλ’
698 1315 929 1369 ἔκλασεν
950 1315 1059 1369 ἀπὸ
1085 1315 1247 1369 πέντε
1273 1317 1478 1386 ἄρτων,
1512 1317 1608 1370 καὶ
1646 1316 1907 1387 ὲχόρτασε

307 1406 809 1478 πεντακισχιλίους,
868 1408 965 1462 καὶ
1001 1406 1099 1460 οὐκ
1133 1407 1347 1478 ἀφῆκεν
1391 1406 1574 1462 αὐτῶν
1605 1406 1676 1461 τὰ
1710 1424 1905 1478 περισ-

308 1498 590 1570 σεύματα,
619 1497 779 1563 ἀλλὰ,
809 1498 1209 1569 Συναγάγετε,
1238 1498 1393 1569 φησὶ,
1425 1496 1525 1553 καί
1542 1497 1741 1568 μηδὲν
1764 1498 1909 1553 dato-

306 1592 534 1661 λίπητε
570 1590 692 1645 τῶν
717 1591 1115 1661 κλασμάτων·
1153 1592 1254 1647 καί
1290 1590 1651 1661 συνήγαγον
1681 1589 1912 1645 δώδεκα

297 1686 633 1755 ,κοφίνους-⁸
668 1684 765 1738 καὶ
820 1686 901 1748 εἰς
946 1685 1048 1748 τὰς
1083 1684 1182 1756 μὲν
1209 1683 1383 1757 θήκας
1411 1684 1547 1756 ὁμοῦ
1583 1684 1909 1756 συνήγαγον,

308 1776 380 1831 τὰ
403 1776 460 1831 ἃ
487 1775 788 1848 κλάσματα
833 1771 991 1840 αὖθις
1042 1778 1146 1831 οὐκ
1178 1780 1259 1842 είς
1288 1778 1585 1847 συνάφειαν
1616 1778 1798 1854 ἄρτων
1834 1778 1912 1841 ὡς

310 1863 453 1939 ἦσαν
498 1868 752 1940 ιποίησε.
810 1869 1125 1939 Συνήγαγον
1176 1870 1277 1941 μὲν
1324 1868 1387 1923 τὸ
1418 1869 1646 1942 πλῆθος,
1668 1868 1790 1926 ἀλλ’
1830 1870 1913 1934 είς

314 1958 487 2014 πολλὰ
542 1959 862 2031 κλάσματα,
893 1960 976 2023 εἰς
1016 1960 1147 2031 μίαν
1177 1959 1236 2014 δὲ
1274 1961 1599 2033 συναγωγὴν
1617 1959 1788 2028 ἔδειξε
1816 1978 1910 2014 κο-

329 2050 513 2120 φίνων.
534 2051 649 2105 Καὶ
700 2050 764 2104 οὐ
816 2049 944 2104 καθ’
978 2050 1239 2105 ὑπόθεσιν
1299 2052 1531 2124 θεωρίας
1562 2054 1728 2123 ἡμεῖς
1749 2050 1912 2105 τοῦτο

328 2141 798 2214 ἠλληγορήσαμεν,
829 2143 927 2197 καὶ
954 2142 1019 2197 τὸ
1048 2142 1449 2215 προειρημένον
1473 2141 1568 2196 τοῦ
1591 2142 1744 2215 ἡλίου
1778 2141 1914 2196 ὑπό-

324 2234 548 2305 δειγμα.
583 2235 658 2288 οὐ
690 2236 792 2307 γὰρ
840 2236 971 2300 τοῦς
1019 2235 1219 2307 ἄρτους
1256 2234 1441 2308 ψυχὰς
1488 2235 1744 2307 λέγομεν,
1782 2233 1909 2289 οὔτε

324 2322 631 2395 κλάσματα,
664 2324 739 2396 μὴ
792 2323 1035 2393 γένοιτοι
1066 2321 1193 2377 οὔτε
1216 2323 1310 2377 τὸν
1348 2323 1484 2376 Θεὸν
1522 2320 1808 2392 ἐξισοῦμεν
1834 2320 1913 2393 τῷ

2083 759 2311 816 XLVIII.
2349 760 2586 818 Stultum
2635 763 2782 818 enim
2855 771 2941 820 est
2986 764 3133 836 quod
3177 781 3206 819 a
3280 764 3595 823 Manichteis

1992 855 2367 926 proponitur,
2419 855 2635 911 animas
2668 871 2736 911 ex
2774 855 3032 925 opinione
3062 857 3240 914 Manis
3268 872 3301 913 a
3335 860 3590 913 columna

2012 947 2158 1017 ignis
2202 955 2425 1004 exortas
2470 963 2640 1003 unum
2693 964 2895 1021 corpus
2942 950 3177 1020 ellicere,
3222 967 3288 1008 ac
3332 952 3593 1025 deinceps

2010 1041 2334 1110 corporibus
2358 1041 2638 1097 exsolutas
2663 1056 2769 1096 una
2799 1057 2995 1099 rursus
3021 1043 3305 1100 reformari
3336 1046 3595 1103 substan-

2013 1128 2087 1183 tia
2123 1130 2178 1184 in
2212 1146 2377 1185 unam
2427 1132 2577 1186 illam
2624 1131 2937 1188 columnam
2971 1134 3203 1201 scilicet,
3253 1144 3314 1191 ut
3354 1152 3594 1209 nugaces

2012 1223 2232 1278 illorum
2262 1221 2461 1279 fabula:
2489 1233 2946 1281 commemorant.
2982 1225 3087 1283 Sed
3120 1228 3281 1300 longe
3316 1231 3594 1286 contraria

2013 1313 2199 1367 omnia
2236 1313 2399 1370 docet
2447 1313 2820 1387 Evangelium,
2870 1318 2961 1375 ubi
3003 1319 3246 1391 quinque
3273 1336 3443 1393 panes
3482 1321 3595 1377 fre-

2011 1405 2160 1478 gisse
2190 1406 2411 1478 legitur,
2450 1422 2515 1463 ac
2541 1409 2767 1465 totidem
2804 1422 3083 1469 saturasse
3110 1413 3303 1482 millia,
3341 1430 3442 1471 nec
3469 1416 3600 1471 reli-

2015 1500 2177 1570 quias
2205 1500 2511 1570 abiecisse;
2542 1502 2659 1570 sed,
2699 1501 2963 1576 Colligite,
3000 1504 3200 1576 inquit,
3232 1515 3290 1560 ut
3324 1508 3458 1562 nihil
3485 1508 3599 1578 [ra-

2016 1600 2346 1661 gntentorum
2404 1592 2776 1664 relinquatur;
2836 1605 2886 1650 et
2951 1595 3272 1667 collegerunt
3326 1597 3597 1654 duodenos

2018 1681 2267 1751 cophinos
2305 1682 2347 1737 ³.
2380 1681 2569 1755 Itaque
2607 1684 2663 1739 in
2723 1684 2919 1741 corbes
2984 1689 3370 1757 contulerunt;
3424 1705 3601 1762 neque

2018 1781 2200 1829 tamen
2249 1773 2555 1847 fragmenta
2584 1792 2776 1832 rursus
2824 1778 3065 1850 integros
3114 1780 3168 1835 in
3217 1795 3386 1851 panes
3412 1780 3601 1852 cujus-

2014 1866 2161 1921 modi
2190 1878 2349 1922 erant
2390 1875 2553 1924 antea
2614 1866 2853 1925 conﬂare
2883 1872 3056 1926 voluit
3084 1890 3097 1927 :
3127 1880 3320 1940 totam,
3350 1873 3598 1945 inquam,

2014 1958 2162 2012 illam
2206 1960 2421 2031 copiam
2470 1973 2890 2035 congesserunt,
2936 1964 3031 2021 scd
3083 1973 3144 2020 ut
3178 1966 3364 2037 plures
3411 1976 3601 2024 essent

2018 2050 2267 2119 reliquia:
2296 2052 2348 2104 in
2385 2068 2547 2106 unam
2579 2053 2938 2121 cophinorum
2985 2057 3295 2126 congeriem
3332 2059 3593 2114 collectae.

2014 2134 2339 2207 Quanquam
2381 2140 2653 2209 ejusmodi
2697 2144 3012 2212 allegoriam
3061 2145 3136 2198 ita
3187 2147 3597 2216 proposuimus,

2013 2243 2123 2284 non
2150 2238 2211 2284 ut
2241 2245 2368 2285 cum
2399 2248 2466 2288 eo
2506 2233 2574 2289 de
2606 2249 2717 2305 quo
2747 2235 2910 2290 modo
2945 2235 3180 2306 agimus,
3214 2253 3437 2308 prorsus
3466 2254 3601 2294 con-

2006 2324 2219 2378 veniat.
2248 2322 2405 2389 Quod
2431 2324 2572 2380 idem
2598 2333 2652 2381 et
2676 2325 2746 2381 de
2771 2329 3057 2397 superiore
3075 2328 3170 2385 illo
3193 2330 3327 2386 solis
3350 2331 3601 2402 exemplo

315 2415 457 2487 ήλίῳ
486 2416 580 2469 ὑπ’
612 2414 778 2471 αὑτοῦ
806 2415 1131 2487 ὲκτισμένῳ,
1167 2412 1292 2469 οὔτε
1311 2413 1408 2469 τὸν
1430 2413 1716 2485 Μονογενῆ
1748 2411 1913 2483 αἴγλῃ

2017 2412 2362 2469 sentiendum
2393 2423 2479 2470 est
2509 2432 2523 2470 :
2554 2431 2664 2470 non
2691 2416 2838 2473 enim
2867 2415 3041 2488 ‘panes
3064 2417 3280 2475 animas
3307 2435 3432 2475 esse
3462 2420 3603 2475 dicis

314 2509 387 2577 τῇ
413 2506 518 2560 ὑπὸ
547 2506 643 2575 τοῦ
660 2504 817 2578 ἡλίου
837 2508 920 2573 είς
937 2506 1000 2561 τὸ
1034 2508 1340 2562 στυππεῖον
1376 2506 1730 2577 πεμπομένη.
1753 2504 1913 2559 Κατὰ

304 2598 383 2669 ιδὴ
411 2598 472 2651 τὸ
491 2598 681 2669 ὅμοιον
722 2599 817 2653 καὶ
843 2599 1016 2670 ψυχαὶ
1046 2600 1104 2654 αἱ
1130 2598 1476 2670 γεννηθεῖσαι
1519 2598 1579 2651 οὐ
1616 2597 1913 2652 συνάπτον-

314 2706 407 2742 ται
432 2690 512 2753 είς
535 2689 668 2761 μίαν
699 2689 1047 2762 συναλοιφὴν,
1071 2690 1145 2762 μὴ
1175 2691 1420 2759 γένοιτοί
1453 2688 1568 2743 ἀλλ’
1585 2690 1667 2754 εἰς
1690 2689 1792 2753 τὰς
1817 2688 1912 2744 τοῦ

306 2780 457 2835 θεοῦ
490 2781 659 2853 μονὰς
718 2782 819 2846 τὰς
874 2772 1298 2854 γεγραμμένας,
1338 2783 1423 2836 ὅτι
1462 2780 1696 2836 Πολλοί
1728 2780 1912 2851 μοναὶ

304 2875 483 2941 παρὰ
513 2872 597 2939 τῷ
624 2875 815 2944 Harp!
829 2892 845 2907 ·
899 2876 1005 2929 οὐκ
1042 2876 1125 2939 είς
1167 2874 1265 2930 ἕνα
1292 2874 1351 2927 δὲ
1380 2873 1569 2945 βουνὸν
1597 2873 1912 2944 γενόμεναι,

2014 2521 2139 2561 mus
2177 2514 2275 2561 aut
2318 2506 2646 2580 fragmenta.
2690 2507 2851 2565 Absit
2894 2516 2953 2563 ut
2993 2509 3126 2564 illud
3176 2509 3598 2568 existimemus!

2015 2596 2111 2653 sed
2143 2612 2322 2669 neque
2355 2597 2525 2655 Deum
2554 2613 2679 2654 cum
2711 2599 2828 2654 sole
2854 2613 3017 2669 quem
3064 2599 3157 2656 ille
3212 2601 3478 2664 condidit,
3515 2618 3604 2657 ex-

2004 2704 2233 2760 aequare
2259 2691 2536 2756 volumus,
2557 2705 2661 2745 nec
2689 2688 3043 2759 Unigenitum
3077 2707 3201 2746 cum
3233 2693 3368 2749 solis
3393 2693 3483 2748 illo
3498 2692 3603 2747 ful-

2014 2796 2148 2853 gere
2174 2781 2269 2852 qui
2309 2781 2365 2835 in
2406 2788 2659 2852 stuppam
2698 2781 3031 2836 immittitur.
3078 2779 3184 2837 Sed
3224 2781 3279 2836 in
3323 2798 3389 2838 eo
3419 2793 3602 2837 tamen

2015 2871 2267 2927 nonnihil
2317 2879 2402 2928 est
2450 2870 2648 2937 simile,
2704 2870 2849 2941 quod
2906 2871 3103 2926 anima:
3156 2872 3263 2927 i!l:e
3308 2874 3604 2945 progenitze

312 2961 693 3019 ἀλλ’ἐκάστου
721 2962 1032 3030 ἰδιαζόντως
1048 2965 1489 3039 ἀριθμουμένους
1516 2966 1558 3021 ⁸.
1584 2966 1718 3021 Οὐδὲ
1747 2968 1807 3021 ὲν
1834 2966 1914 3037 τῷ

2017 2979 2362 3037 nequaquam
2412 2965 2469 3019 in
2516 2979 2686 3019 unum
2737 2962 2983 3020 confusa:
3019 2964 3358 3029 coalescunt,
3400 2965 3495 3021 sed
3549 2967 3603 3020 in

308 3055 502 3124 λέγειν
559 3058 950 3128 γεγεννηκέναι
1006 3058 1101 3112 τὸν
1133 3057 1268 3112 Θεὸν
1314 3058 1408 3113 τὸν
1440 3059 1705 3131 μονογενῆ
1748 3057 1913 3112 αὑτοῦ

2017 3056 2205 3127 plures
2253 3054 2347 3112 Dei
2401 3055 2720 3110 mansiones
2764 3054 3172 3111 distribuuntur
3212 3074 3226 3111 :
3282 3055 3351 3110 de
3405 3055 3604 3126 quibus

320 3148 482 3214 Υἱὸν,
508 3148 679 3214 πάθος
716 3150 871 3222 αὐτῷ
906 3151 1322 3223 προσάπτομεν,
1360 3152 1501 3206 κατὰ
1550 3151 1651 3223 τὴν
1692 3150 1919 3205 ἐκείνων

2017 3146 2281 3217 scriptum
2307 3156 2394 3203 est
2422 3164 2437 3201 :
2473 3144 2662 3201 Multa:
2684 3147 2984 3201 mansiones
3001 3146 3144 3217 apud
3174 3146 3429 3202 Patrem‘
3449 3162 3469 3201 :
3507 3164 3603 3204 nec

314 3241 511 3312 κακὴν
549 3241 912 3315 βλασφημίαν.
962 3244 1080 3308 Πᾶς
1122 3243 1234 3317 γὰρ
1283 3245 1490 3314 γεννῶν
1519 3243 1785 3316 ἐμπαθῶς
1817 3244 1920 3299 κά-

322 3346 457 3400 μνει
488 3347 503 3361 ο
532 3332 623 3384 καὶ
641 3332 703 3385 οὑ
732 3332 842 3403 χρὴ
873 3331 999 3387 οὔτε
1044 3331 1251 3405 κτίσμα
1281 3332 1461 3404 λέγειν
1490 3333 1615 3389 οὔτε
1651 3334 1921 3406 γέννημα,

324 3420 471 3477 κατὰ
493 3422 585 3477 τὸν
624 3424 848 3479 ἐκείνων
863 3424 1043 3494 λόγον,
1076 3425 1163 3480 ίνα
1187 3425 1262 3499 μὴ
1282 3426 1464 3498 δῶμεν
1491 3425 1623 3481 Θεὸν
1646 3426 1922 3498 κάμνοντα

323 3512 357 3582 ἧ
393 3514 697 3584 πάσχοντα.
732 3513 904 3569 Πόθεν
957 3509 1052 3570 οῦν
1084 3515 1328 3588 εὕραμεν
1364 3516 1458 3571 τὸν
1497 3517 1646 3584 Υίὸν,
1679 3517 1714 3589 ἢ
1748 3516 1839 3571 διὰ
1868 3516 1922 3571 τί

316 3602 499 3673 ὄνομα
514 3601 652 3657 Θεοῦ
672 3603 785 3676 ἔχει
805 3620 821 3670 ;
846 3598 1005 3660 Οὗτοι
1021 3605 1079 3661 δὲ
1097 3606 1452 3679 συλλογισμοὶ
1473 3607 1799 3679 ἀνθρώπων,
1828 3608 1924 3663 καὶ

327 3690 440 3743 ἀπὸ
466 3692 674 3763 γηΐνων
730 3694 1097 3766 φρονημάτων
1136 3694 1471 3767 ὁρμώμενοι.
1518 3697 1600 3751 Τὰ
1629 3696 1740 3769 γὰρ
1765 3696 1923 3769 ἡμῶν

2022 3704 2130 3751 rat.
2158 3697 2319 3753 Unde
2344 3714 2410 3753 ex
2443 3698 2663 3752 illorum
2689 3698 3099 3754 asseveratione
3125 3713 3303 3769 neque
3331 3706 3607 3761 creatura,

327 3782 480 3854 πάθη
508 3782 618 3838 τῶν
671 3784 974 3858 ἀνθρώπων
1006 3787 1088 3851 είς
1133 3786 1267 3842 Θεὸν
1309 3787 1575 3858 ἀθέμιτόν
1625 3788 1744 3842 ἔστι
1778 3787 1926 3857 λογί-

2020 3799 2199 3856 neque
2235 3786 2420 3858 genita
2452 3786 2674 3843 soboles
2709 3786 3154 3857 pronuntiandus
3191 3797 3277 3843 est
3310 3785 3507 3853 Filius,
3550 3794 3607 3840 ut

329 3873 544 3939 ζεσθαι,
598 3874 691 3929 τοῦ
726 3875 863 3930 Θεοῦ
901 3875 1089 3946 σαφῶς
1133 3876 1403 3947 λέγοντοςο
1445 3880 1570 3949 Οὐχ
1595 3878 1678 3945 ὡς
1703 3880 1763 3933 al
1795 3878 1924 3933 διὰ-

2024 3892 2093 3933 ne
2136 3878 2391 3934 laborare
2432 3878 2624 3944 Deum,
2663 3886 2759 3934 aut
2801 3879 3009 3950 aliquid
3053 3878 3264 3949 perpeti
3311 3877 3607 3933 fateamur.

326 3983 493 4021 rorat
513 3968 675 4038 ὑμῶν
702 3969 743 4039 ἡ
770 3968 1007 4026 διὰνοιά
1030 3988 1173 4041 μου.
1202 3970 1313 4025 Καὶ
1338 3969 1501 4026 πάλιν
1518 3986 1537 4004 σ
1566 3972 1689 4041 Οὐχ
1713 3971 1794 4038 ὡς
1820 3970 1927 4025 dr-

2025 3967 2311 4025 Undenam
2342 3970 2509 4039 igitur
2535 3968 2733 4024 Filium
2756 3970 3067 4026 invenimus
3095 3984 3223 4025 esse
3248 3970 3480 4038 dictum,
3513 3980 3607 4026 aut

329 4066 586 4130 Upwzoc,
613 4064 769 4118 οὕτω
783 4065 885 4119 καί
910 4067 1076 4131 Θεός.

2028 4076 2130 4117 cur
2192 4060 2287 4115 Dei
2341 4062 2447 4116 sibi
2505 4061 2925 4132 appellationem
2981 4061 3263 4116 vindicat?
3324 4062 3459 4117 Nam
3513 4063 3606 4118 isti

322 4172 527 4212 omnes
548 4158 617 4213 ab
650 4158 965 4214 horninibus
1001 4157 1298 4231 excogitati
1342 4156 1648 4230 syllOgismi
1679 4164 1828 4222 sunt,
1865 4161 1921 4210 et
1960 4154 2030 4209 ab
2057 4155 2293 4209 humana
2326 4153 2596 4224 sapientia
2630 4152 2885 4224 profecti.
2935 4152 3268 4211 An‘ectiones
3335 4170 3466 4211 vero
3505 4171 3608 4210 no.

328 4258 483 4305 stras
516 4248 574 4303 in
615 4247 786 4304 Deum
836 4248 1140 4304 transferre
1178 4248 1451 4305 nefarium
1488 4263 1554 4303 ac
1585 4247 1915 4317 sacrilegum
1957 4254 2063 4312 est,
2106 4260 2229 4300 cum
2264 4244 2407 4301 Deus
2444 4245 2668 4301 disertis
2707 4243 2891 4302 verbis
2926 4251 3180 4301 asserat:
3229 4242 3356 4300 Non
3424 4246 3607 4318 quales

326 4328 457 4397 sunt
484 4341 825 4411 cogitationes
852 4350 1060 4405 vestrm,
1099 4341 1351 4411 cogitatio
1388 4358 1507 4396 mea
1542 4348 1621 4395 est
1644 4340 1688 4398 ⁸.
1731 4342 1864 4397 Item
1899 4359 1913 4395 :
1956 4337 2078 4394 Non
2103 4339 2239 4392 sicut
2272 4338 2449 4403 homo,
2483 4338 2559 4392 ita
2587 4347 2635 4393 et
2665 4336 2806 4393 Deus
2823 4337 2864 4392 ⁸.

402 4432 542 4487 ΜΘθ.
585 4431 772 4486 Τοίνυν
803 4432 1206 4487 παυσάσθωσαν
1238 4432 1347 4486 ἀπὸ
1401 4432 1497 4503 τῆς
1541 4432 1915 4503 βλασφημίας,

2093 4430 2200 4501 53
2250 4428 2439 4485 XLIX.
2500 4428 2767 4486 Desinant
2824 4430 3011 4502 itaque
3075 4428 3425 4487 contumeliis
3485 4430 3611 4487 istis

330 4524 429 4577 sui
456 4523 779 4594 μαθέτωσαν
811 4525 964 4597 παρὰ
996 4524 1088 4579 τοῦ
1124 4524 1337 4596 Πατρὸς
1363 4524 1460 4578 τοῦ
1492 4524 1773 4593 λέγοντος⁸
1818 4520 1927 4579 Οὗ-

2021 4526 2269 4582 divinum
2311 4539 2545 4581 onerare
2578 4540 2823 4581 numen:
2872 4531 2927 4578 et
2950 4523 3083 4592 quid
3128 4521 3475 4578 sentiendum
3513 4524 3607 4589 sit,

331 4616 440 4682 τός
467 4616 642 4669 ἐστιν
680 4619 715 4670 ὁ
776 4618 909 4684 Υἱός
936 4634 1058 4686 μου
1103 4620 1137 4672 ὁ
1185 4617 1526 4688 ἀγαπητὸς,
1563 4617 1635 4670 ἐν
1658 4610 1708 4683 ᾧ
1745 4615 1925 4685 ηὐδό·

2020 4634 2087 4675 ex
2123 4634 2189 4675 eo
2230 4616 2411 4672 Patris
2456 4631 2712 4671 sermone
2757 4615 3085 4671 condiscant
3118 4632 3131 4669 :
3160 4613 3264 4669 Hic
3301 4622 3381 4669 est
3435 4612 3608 4668 Filias

2007 3240 2076 3295 in
2117 3255 2286 3295 unum
2322 3239 2525 3295 clivum
2558 3249 2898 3295 coacervata:
2933 3251 3093 3306 sunt;
3144 3238 3241 3295 sed
3287 3240 3604 3311 singillatim

2017 3347 2251 3403 qumque
2278 3339 2619 3386 numeratur.
2648 3331 2727 3385 Ita
2757 3347 2883 3387 cum
2915 3331 3083 3388 Deum
3119 3332 3354 3388 dicimus
3382 3333 3605 3387 unicum

2018 3423 2278 3495 genuisse
2316 3421 2540 3488 Filium,
2585 3438 2696 3478 non
2745 3423 2957 3479 idcirco
3003 3423 3345 3480 affectionem
3384 3424 3461 3479 illi
3506 3424 3605 3478 tri-

2019 3514 2264 3579 buimus,
2327 3522 2389 3569 ut
2439 3515 2842 3571 contumeliosa
2899 3516 2954 3571 in
3006 3515 3176 3572 Deum
3229 3516 3447 3571 illorum
3504 3516 3606 3571 fert

2020 3606 2228 3676 Opinio.
2262 3604 2591 3678 Quicunque
2625 3616 2875 3679 generat,
2924 3607 3213 3664 allectioue
3241 3609 3423 3680 aliqua
3455 3608 3605 3663 labo-

330 4722 517 4775 κησα.
541 4707 711 4763 Πάλιν
742 4708 817 4771 ὡς
845 4709 938 4762 ἐπὶ
973 4709 1274 4781 μελλόντων
1310 4709 1425 4780 (50)
1455 4708 1635 4779 λέγει’
1668 4711 1741 4763 El
1768 4710 1787 4741 ¹
1811 4706 1924 4776 γὰρ

2023 4727 2166 4766 meus
2209 4710 2453 4775 dilectus,
2501 4709 2553 4761 in
2596 4724 2700 4779 quo
2749 4702 2881 4761 mihi
2932 4707 3115 4776 placui
3135 4708 3176 4759 ⁷.
3218 4704 3428 4761 Rursus
3476 4721 3609 4760 vero

331 4799 369 4852 ὁ
404 4798 537 4864 Υίός
556 4815 678 4866 μου
705 4800 740 4851 ὀ
768 4798 1096 4867 ἀγαπητὸς,
1129 4798 1203 4853 ὃν
1229 4797 1625 4868 ἐξελεξάμην.
1662 4798 1773 4853 Καὶ
1802 4798 1925 4851 τότε

2022 4806 2284 4870 tanquam
2336 4797 2481 4869 apud
2521 4803 2850 4851 cunctantes
2887 4813 2902 4850 :
2947 4795 3029 4851 Tu
3066 4811 3145 4859 es,
3184 4795 3384 4864 inquit.
3430 4792 3607 4848 Filius

332 4888 395 4940 ὲν
427 4891 538 4954 τοῖς
563 4890 864 4962 ’ᾼσμασιν,
905 4890 1435 4961 Ἐκλελογισμένος
1458 4890 1578 4946 ἀπὸ
1594 4889 1921 4960 μυριάδων.

409 5043 992 5118 ξ-Ῑδ.ἀριθμουμένωνἈ
1059 5048 1081 5079 ¹
1109 5044 1169 5099 F.
1199 5047 1263 5101 σὺ
1298 5041 1366 5103 εἴ.

331 5117 354 5147 ⁷
401 5115 838 5183 Μειιιιιζκνηῶ.
931 5116 1086 5172 ’lsa.
1129 5132 1274 5183 xuv,
1312 5118 1367 5172 2.

410 5273 524 5399 (£93
544 5273 663 5343 Quo
708 5274 835 5345 jure
888 5274 995 5331 dici
1025 5276 1201 5349 possit
1230 5276 1481 5333 insanam
1520 5277 1668 5331 illam
1701 5276 1919 5347 opinio-

412 5360 464 5397 m
528 5346 746 5399 ocuisse
792 5345 1083 5399 Manetem.
1115 5362 1293 5399 ouove
1334 5346 1727 5399 sensu.colliai
1758 5346 1919 5399 facile

333 5360 464 5400 nem
491 5345 746 5401 docuisse
792 5345 1083 5410 Manetem,

1115 5362 1293 5431 quove
1321 5364 1522 5431 sensu,
1539 5343 1919 5431 Sglligifacile
2014 5355 2164 5431 tonio
2189 5343 2279 5408 IV,
2305 5343 2651 5431 passere:

2024 4907 2169 4947 meus
2206 4889 2432 4945 dilectus
2462 4905 2613 4960 quem
2648 4887 2783 4959 elegi
2803 4886 2863 4955 ';
2908 4896 2962 4943 et
3003 4893 3062 4941 ut
3107 4885 3163 4941 in
3196 4883 3442 4940 Canticis
3474 4882 3614 4955 legi-

1473 5046 1493 5079 ⁸
1531 5044 1690 5103 Joan.
1728 5059 1809 5114 vr,
1850 5044 1938 5108 12,
1976 5046 2059 5105 l3.
2160 5048 2181 5079 ι
2216 5045 2375 5102 Joan.
2418 5062 2532 5111 xxv,
2572 5044 2628 5100 2.
2705 5044 2726 5076 '
2753 5041 2857 5100 lsa.
2897 5058 2986 5109 ιν,
3028 5040 3083 5097 9.
3164 5042 3184 5074 ⁸
3222 5040 3399 5111 lReg.
3433 5039 3609 5099 xw].

2015 5273 2257 5329 articulo
2301 5273 2484 5343 primo
2510 5272 2579 5326 de
2616 5268 2934 5325 Manichaeis
2976 5267 3171 5343 iisdem
3227 5278 3397 5343 agens
3442 5261 3611 5343 fi.

2688 5346 2942 5411 sequent.
2995 5335 3393 5411 Hisque__adde
3443 5335 3491 5389 si
3532 5336 3616 5388 lu-

332 5421 522 5496 potest
537 5416 619 5496 vel
640 5433 707 5471 ex
742 5415 863 5485 ipso
888 5406 1197 5496 Epiphanio
1223 5418 1291 5496 de
1321 5406 1625 5496 haeresim.
1656 5406 1919 5496 iii-Pana-
2014 5406 2621 5496 beata‘qtue'l‘iaropius
2655 5406 2818 5496 liabet
2841 5410 2913 5496 ad
2946 5406 3319 5496 annumg'ﬂ,

334 5487 423 5537 rio
451 5493 666 5558 agente.
700 5488 946 5558 numeris
969 5487 1001 5541 8
1022 5495 1077 5558 et
1102 5487 1137 5543 9
1159 5527 1177 5552 ,
1206 5489 1287 5543 vel
1310 5504 1372 5541 ex
1407 5487 1463 5541 S.
1499 5487 1790 5558 Augustini
1820 5487 1916 5540 ad-

2090 5474 2441 5556 (50)'II¢L/t_tif
2470 5480 2679 5556 diceat
2699 5481 3077 5556 μδε-τίλόντιιη·ἶ
3108 5475 3226 5556 Non
3265 5477 3405 5533 satis
3433 5474 3610 5556 expll:

336 5544 539 5629 versus
579 5544 907 5629 Manicbmos
968 5544 1210 5629 scriptis,
1261 5575 1326 5612 cx
1364 5559 1487 5612 aliis
1525 5544 1754 5629 insuper
1782 5566 1925 5613 Vcte-
2017 5544 2141 5629 cata
2177 5544 2272 5629 est
2309 5553 2451 5629 milii
2485 5544 2650 5616 hujus
2698 5544 2800 5629 loci
2839 5549 3136 5629 sententia.
3181 5548 3304 5629 Mox
3340 5563 3476 5629 pro,
3507 5544 3618 5599 καὶ

340 5626 502 5710 ribus
523 5625 759 5710 quieam
802 5625 1188 5710 impugnarunt
1215 5625 1617 5710 luercsinkﬂir'cl
1650 5625 1835 5707 etiam,
1865 5636 1921 5709 et

337 5693 570 5765 quidem
600 5693 845 5761 facilius,
868 5693 931 5752 ex
958 5693 1034 5755 iis
1064 5713 1187 5772 quae
1235 5700 1411 5774 coegit
1447 5696 1837 5783 Tillemontius
1864 5697 1922 5752 in

2016 5628 2139 5683 τότε
2172 5627 2232 5680 ἐν
2257 5626 2370 5689 τοῖς
2401 5624 2668 5694 ’ᾼσμασι,
2698 5621 2803 5680 for.
2834 5619 2975 5677 κατὰ
3002 5619 3065 5674 τὸ
3096 5621 3155 5675 ὲν
3183 5623 3318 5687 τοῖς.
3346 5619 3553 5674 Psnv.
