3992 6198
443 268 551 328 ΝΞ

444 408 590 461 mus,
622 390 835 446 Electus
859 405 887 443 e
916 386 1152 443 millibus
1182 384 1222 438 ί.
1252 379 1534 436 Undenam
1562 392 1697 450 ergo
1725 377 1914 434 habita
1944 380 2036 434 illa

2158 376 2321 431 [Ιόθεν
2364 369 2458 430 οὖν
2506 374 2706 446 ἐκλογὴ
2754 373 2994 443 γίνεται.
3040 370 3372 440 λεγέτωσαν.
3422 368 3729 440 Νομίζουσι
3816 413 3821 421 .

442 496 531 541 est
570 480 808 539 electio?
840 480 1028 535 dicant
1074 478 1121 532 si
1165 480 1419 545 possunt.
1488 469 1624 525 Nam
1669 470 1839 541 quod,
1882 470 2034 540 elegi,

447 576 606 638 dixit,
647 573 872 630 absurdi
907 569 1157 625 homines
1194 564 1514 620 existimant
1549 571 1610 617 ut
1638 562 1813 619 Filius
1852 562 2036 632 appel-

450 668 678 731 laretur,
710 664 945 734 quadam
986 659 1081 713 Dei
1128 656 1305 728 gratia
1330 669 1393 709 ac
1429 654 1698 709 benelicio
1741 669 1883 717 esse,
1928 666 2040 706 non

449 766 647 813 natura
679 758 1055 810 consecutum.
1096 746 1401 803 Ostendant
1427 745 1686 817 aliquem,
1722 744 1813 815 qui
1839 743 2041 800 similis

451 850 614 919 hujus
644 843 939 906 exstiterit,
974 852 1032 897 ut
1084 839 1332 911 probatis
1383 852 1447 892 ac
1489 836 1813 908 periclitatis
1862 834 2042 890 omni-

449 941 553 994 bus
623 938 775 992 illum
839 934 1123 1006 delegerit.
1180 930 1436 987 Profecto
1487 930 1536 986 si
1595 929 1914 1000 uuigenitus
1956 934 2043 983 est

453 1031 649 1096 Filius,
677 1027 906 1099 aequalis
940 1026 1066 1081 huic
1107 1040 1231 1080 esse
1263 1038 1426 1079 nemo
1456 1030 1661 1095 potest,
1692 1030 1787 1076 aut
1818 1036 1945 1076 cum
1974 1034 2043 1075 eo

451 1121 763 1192 comparari
792 1120 889 1191 qui
928 1117 1119 1173 similis
1152 1114 1297 1170 Filio
1322 1116 1391 1170 sit
1426 1116 1481 1169 in
1506 1116 1635 1184 [iliis
1671 1113 1771 1168 Dei
1802 1116 1843 1168 ³.
1880 1112 2046 1185 Ejus-

452 1214 603 1270 modi
646 1212 847 1283 quippe
894 1212 1072 1282 gratia
1110 1210 1249 1264 ﬁlios
1298 1206 1586 1277 Scriptura
1626 1215 2041 1269 commemorat,

453 1320 687 1376 quorum
750 1316 911 1357 nemo
962 1314 1089 1355 cum
1136 1298 1231 1352 illo
1277 1296 1371 1368 qui
1427 1294 1699 1351 naturalis
1749 1293 1923 1351 Filius
1956 1302 2044 1351 est

454 1396 731 1467 adzequari
779 1393 973 1465 possit.
1043 1389 1324 1462 Siquidem
1374 1388 1727 1446 manilestum
1771 1398 1858 1445 est
1900 1386 2046 1443 unde

453 1492 664 1548 electus
685 1488 780 1554 sit,
817 1492 875 1539 et
908 1484 1054 1539 unde
1079 1483 1276 1539 electio
1319 1481 1608 1537 habeatur.
1644 1480 1862 1537 Inﬁnita
1894 1481 2043 1544 enim

456 1591 616 1639 erant
658 1582 712 1635 in
759 1578 923 1634 terris
962 1576 1174 1632 millia:
1226 1590 1292 1631 ex
1331 1574 1533 1645 quibus
1563 1572 1735 1628 Maria
1768 1574 1886 1628 sola
1921 1590 2047 1644 gra-

460 1678 591 1729 tiam
650 1670 938 1726 invenit':
990 1684 1055 1724 ex
1117 1683 1226 1739 qua
1284 1674 1576 1738 propterea
1632 1664 2043 1722 sanctissimam

458 1781 616 1824 suam
648 1778 870 1820 carnem
909 1761 1097 1831 elegit,
1132 1728 1191 1814 in
1236 1728 1341 1830 qua
1378 1728 1483 1814 sibi
1514 1758 1739 1829 placuit.
1770 1756 2047 1823 Quemad-
2078 1728 2120 1785 Β

460 1858 685 1914 modum
711 1855 884 1911 David
913 1871 978 1911 ex
1004 1855 1383 1926 apostolorum
1413 1867 1650 1924 persona
1680 1851 1924 1922 loquitur
1950 1850 2046 1922 qui

459 1951 515 2005 in
548 1950 837 2004 Dominum
872 1947 1244 2011 crediderant,
1288 1946 1519 2016 ejusque
1541 1944 1774 2014 gratiam
1807 1942 2049 1999 nationi-

459 2040 563 2096 bus
593 2038 796 2095 exteris
828 2037 1201 2108 pranlicabant
1232 2054 1245 2089 :
1277 2036 1545 2103 Quoniam
1573 2034 1796 2103 subjecit
1822 2032 2046 2103 populos

460 2131 634 2195 nobis,
662 2138 711 2183 et
742 2139 919 2197 gentes
953 2126 1048 2181 sub
1081 2125 1300 2195 pedibus
1344 2126 1581 2191 nostris;
1623 2126 1843 2194 speciem
1876 2122 2046 2180 Jacob

458 2238 620 2294 quam
660 2220 847 2274 dilexit
874 2219 916 2289 δ,
956 2218 1062 2274 hoc
1104 2227 1192 2274 est
1234 2218 1504 2275 sinceram
1534 2217 1656 2289 ejus
1684 2217 1944 2289 speciem,
1983 2230 2050 2274 ac

460 2316 629 2370 totius
656 2312 845 2369 Jacobi
889 2311 1376 2383 pulchritudinem,
1399 2325 1594 2381 nempe
1621 2325 1842 2366 carnem
1875 2308 2047 2376 illam,

460 2421 628 2477 quam
670 2420 702 2460 e
732 2404 899 2457 Maria
934 2418 1030 2473 per
1073 2401 1340 2472 Spiritum
1383 2408 1637 2457 sanctum
1686 2401 1791 2457 sibi
1824 2400 2046 2471 delegit.

462 2496 751 2568 Ejusmodi
780 2493 1184 2550 incarnationis
1212 2493 1533 2564 mysterium
1562 2492 1761 2548 Joanni
1790 2492 2051 2564 Baptistae

462 2606 495 2647 e
529 2589 673 2645 coelo
706 2588 870 2643 Pater
912 2586 1200 2643 ostendit:
1231 2585 1393 2641 Pater
1430 2586 1577 2643 enim
1623 2587 1680 2642 in
1713 2585 1917 2643 Christi
1952 2586 2052 2644 ad-

464 2691 632 2739 ventu
664 2681 718 2736 in
767 2694 934 2737 carne
978 2679 1082 2735 sibi
1116 2679 1344 2751 placuit.
1388 2677 1524 2734 Nam
1580 2677 1840 2736 divinitas
1866 2678 2053 2737 inlini-

466 2782 580 2829 tam
610 2770 903 2843 quamdam
931 2777 1143 2826 natura:
1171 2769 1336 2825 habet
1366 2769 1801 2840 amplitudinem.

540 2866 602 2920 L.
643 2864 914 2920 Caeterum
971 2860 1271 2933 Apostolus
1320 2860 1571 2917 eumdem
1619 2862 1918 2918 dilectionis
1963 2878 2055 2935 ap-

470 2959 633 3031 pellat
656 2955 862 3010 Filium
885 2972 905 3010 :
940 2953 1045 3021 Qui
1072 2953 1317 3009 liberauit
1347 2970 1466 3018 nos,
1502 2954 1702 3024 inquit,
1744 2972 1773 3009 e
1795 2965 2055 3025 potestate

471 3053 827 3116 tenebrarum,
854 3060 903 3104 et
932 3050 1211 3105 transtulit
1241 3050 1296 3103 in
1331 3064 1554 3119 regnum
1592 3047 1722 3102 Filii
1751 3048 2053 3102 dilectionis

469 3165 582 3203 sua:
604 3147 649 3200 ⁸.
677 3145 851 3216 Cujus
877 3144 1137 3198 dictionis
1162 3142 1272 3197 vim
1300 3142 1637 3212 ignorantes,
1665 3140 1901 3212 quadam
1933 3156 2060 3211 pro-

471 3240 759 3311 gressione
788 3236 1076 3291 charitatis
1112 3234 1205 3290 Dei
1238 3233 1438 3290 Filium
1472 3234 1753 3290 exstitisse
1786 3241 2014 3290 censent
2044 3252 2057 3289 :

474 3344 656 3399 neque
685 3326 788 3381 loci
823 3327 972 3381 illius
1008 3341 1133 3380 cum
1164 3326 1337 3379 altero
1372 3324 1841 3395 comparationem
1888 3324 2062 3394 impe-

473 3422 565 3475 riti
600 3420 850 3476 homines
882 3419 1211 3490 intelligunt.
1242 3417 1379 3473 Nam
1408 3418 1518 3472 alio
1552 3418 1606 3472 in
1635 3418 1759 3472 loco
1796 3418 1877 3472 sic
1914 3417 2061 3488 Apo-

474 3514 652 3569 stolus
693 3513 972 3583 loquitur:
1004 3511 1146 3566 Deus
1180 3510 1365 3566 dilexit
1399 3528 1494 3565 nos
1527 3512 1584 3564 in
1614 3508 1826 3565 Christo
1847 3510 1889 3564 ‘.
1923 3508 2062 3565 Vere

474 3606 624 3661 enim
661 3604 834 3659 Filius
889 3604 1121 3658 dilectus
1160 3613 1245 3658 est
1300 3602 1617 3672 unigenitus
1648 3602 1759 3667 ille,
1800 3601 2059 3671 quoniam

476 3696 698 3753 dilectio
731 3704 815 3750 est
857 3695 1040 3761 Pater,
1091 3695 1315 3751 dilectio
1360 3694 1555 3760 Filius,
1600 3704 1656 3750 et
1698 3710 1728 3747 a
1768 3693 2063 3749 dilectione

474 3797 560 3846 est
587 3800 707 3843 orta
749 3789 990 3844 dilectio.
1033 3787 1398 3854 Quamobrem
1443 3787 1741 3842 dilectionis
1772 3785 1947 3840 Filius
1978 3795 2063 3842 est

479 3890 586 3937 tam
615 3889 838 3952 propter
868 3896 992 3943 nos,
1026 3896 1188 3951 quam
1229 3881 1298 3935 ob
1325 3880 1535 3951 ipsum;
1569 3879 1716 3951 quod
1746 3881 1800 3933 in
1824 3880 1919 3934 illo
1960 3894 2062 3937 nos

477 3975 751 4040 dilexerit,
795 3984 855 4031 ct
885 3975 1107 4031 unicum
1145 3973 1341 4029 Filium
1374 3989 1534 4029 suum
1566 3988 1665 4044 pro
1690 3973 1854 4029 nobis
1886 3973 2061 4028 tradi-

478 4067 637 4122 derit.
670 4066 785 4122 Non
813 4068 979 4139 igitur
1008 4070 1061 4122 in
1081 4083 1245 4138 opere
1270 4066 1547 4123 moliendo
1575 4068 1857 4138 fatigatur,
1883 4081 2063 4137 neque

478 4158 587 4232 5‘
613 4161 840 4232 gignens
872 4163 1100 4231 patitur.
1140 4160 1405 4217 Desinant
1443 4161 1752 4216 istiusmodi
1777 4169 2065 4214 contume-

477 4253 582 4307 lias
622 4253 675 4306 in
704 4253 1002 4321 perniciem
1044 4266 1200 4306 suam
1241 4252 1445 4305 frustra
1475 4252 1770 4320 conjicere.
1819 4251 1875 4305 Si
1906 4266 2063 4306 crea-

479 4354 571 4398 tus
601 4351 685 4397 est
716 4342 909 4406 Filius,
941 4358 1051 4396 non
1078 4351 1162 4396 est
1192 4341 1541 4405 adorandus;
1570 4358 1689 4411 quae
1716 4350 1799 4397 est
1831 4344 2059 4398 istorum

1838 255 1897 313 S.
1941 254 2285 314 EPIPHANll

3619 247 3723 307 HM

2141 471 2251 541 γὰρ
2295 471 2346 524 οἱ
2377 468 2644 541 ληρώδεις
2676 471 2734 523 ὲν
2783 466 2860 539 τῷ
2909 468 3104 529 εἰπεῖν,
3150 462 3548 533 ἐξελεξάμην,
3581 462 3732 517 κατά

2142 563 2304 633 χάριν
2355 561 2519 615 αὐτὸν
2573 561 2701 614 Υίὸν
2747 559 3051 623 καλεῖσθαι,
3098 557 3193 612 καὶ⁵
3240 557 3302 610 οὒ
3353 554 3497 609 κατὰ
3541 554 3726 625 φύσιν.

2141 653 2485 721 Δειξάτωσαν
2518 653 2603 717 τίς
2629 651 2779 723 αὐτῷ
2814 653 3035 722 ὅμοιος,
3067 650 3156 704 [va
3182 649 3310 712 τοὺς
3340 648 3553 711 πάντας
3589 648 3733 701 δοκι.

2145 746 2358 817 μάσας,
2391 747 2600 799 ἐκεῖνον
2644 744 2950 815 ἐκλέξηται.
2994 744 3059 797 Et
3096 742 3207 814 γὰρ
3248 741 3376 805 Υἱός
3406 741 3523 793 ἑστι
3574 756 3731 811 μονο-

2142 834 2329 907 γενὴς,
2365 835 2467 888 οὐκ
2497 834 2614 888 ἐστι
2642 850 2729 898 τις
2758 834 2871 897 ῖσος
2901 831 3070 887 αὑτοῦ
3092 871 3108 898 ,
3143 829 3269 889 οὔτε
3298 827 3733 901 ἀντοπαράθετος

2141 930 2329 1000 ὅμοιος
2368 926 2445 981 ὢν
2474 926 2555 997 τῷ
2584 925 2701 997 Υἱῴ
2735 927 2794 979 ὲν
2822 926 2960 989 υἱοῖς
2999 922 3157 978 Θεοῦ.
3206 922 3445 987 Τούτους
3484 923 3595 993 γὰρ
3620 919 3733 976 οἶδε

2144 1020 2286 1075 κατά
2312 1020 2495 1092 χάριν,
2520 1018 2716 1088 ἐκείνῳ
2740 1017 2797 1071 δὲ
2828 1018 2905 1089 μὴ
2923 1017 3222 1088 δυνάμενόν
3249 1033 3371 1070 τινα
3396 1013 3730 1082 ἐξισοῦσθαι,

2142 1112 2223 1184 τῷ
2271 1108 2412 1166 εἶναι
2458 1110 2624 1165 αὑτὸν
2659 1109 2906 1181 φυσικῶς
2946 1110 3095 1164 Υίόν.
3136 1108 3375 1180 Φανερδν
3418 1108 3529 1179 γὰρ
3566 1106 3733 1161 πόθεν

2144 1206 2592 1277 ὲκλελογισμένον
2609 1206 2651 1271 ⁸,
2682 1205 2777 1259 καὶ
2814 1203 2978 1257 πόθεν
3013 1203 3215 1274 ἐκλογή
3236 1219 3251 1233 ’
3294 1203 3374 1257 ὃτι
3411 1202 3601 1255 πολλαὶ
3632 1219 3735 1273 μυ·-

2147 1299 2329 1372 ριάδες
2352 1300 2447 1352 ἐπὶ
2472 1298 2572 1369 τῆς
2605 1297 2710 1368 γῆς
2739 1292 2903 1368 ἦσαν,
2939 1294 3037 1351 καὶ
3066 1295 3259 1366 Μαρία
3298 1294 3436 1365 μόνη
3470 1288 3598 1364 εὗρε
3630 1294 3733 1364 χά-

2149 1408 2262 1463 ριν,
2307 1391 2403 1445 καὶ
2445 1392 2504 1445 ὲν
2549 1391 2690 1460 αὐτῇ
2731 1388 3017 1454 ἐξελέξατο
3059 1389 3160 1460 τὴν
3207 1387 3369 1456 ἁγίαν
3400 1386 3613 1458 σάρκα,
3642 1386 3735 1441 διὰ

2145 1483 2326 1547 τοῦτο,
2379 1484 2466 1553 ἐφ’
2517 1482 2585 1554 ἢν
2641 1481 2965 1554 ηὐδόκησεν,
3004 1479 3082 1544 ὡς
3125 1479 3221 1533 καὶ
3269 1478 3435 1532 Δασῖδ
3472 1478 3619 1548 λέγει
3667 1479 3736 1533 ἐκ

2146 1572 2445 1647 προσώπου
2475 1573 2585 1627 τῶν
2611 1572 2929 1627 ἀποστόλων
2955 1571 3064 1627 τῶν
3092 1573 3172 1635 είς
3200 1571 3293 1625 τὸν
3326 1570 3533 1644 Κύριον
3570 1588 3735 1625 πεπι-

2149 1667 2484 1733 στευκότων,
2526 1667 2622 1721 καὶ
2667 1664 2811 1720 κατά
2845 1666 3021 1737 χαρᾶς
3057 1666 3169 1728 τοῖς
3211 1662 3390 1717 ἔθνεσι
3428 1663 3527 1736 τὴν
3566 1663 3734 1717 αὐτοῦ

2152 1761 2313 1831 χάριν
2353 1758 2843 1822 ὑποδεικνυόντων,
2877 1759 2998 1812 ’Ότι
3035 1755 3299 1822 ὑπέταξε
3339 1757 3529 1823 λαοὺς
3568 1756 3733 1827 ἡμῖν,

2153 1850 2254 1905 καὶ
2280 1850 2426 1919 ἔθνη
2462 1851 2583 1907 ὑπὸ
2615 1848 2760 1917 τοὺς
2797 1849 2990 1918 πόδας
3032 1848 3224 1919 ἡμῶν,
3264 1849 3380 1919 τὴν
3419 1848 3736 1917 soanori;-

2166 1944 2381 2001 Ἰακὼϐ
2420 1943 2502 2012 ἣν
2542 1943 2856 2015 ἠγάπησε,
2889 1942 3139 1998 τουτέστι
3184 1942 3247 1999 τὸ
3294 1941 3591 2013 ἀκραιφνὲς
3629 1940 3733 2011 τῆς

2155 2037 2419 2111 καλλονῆς
2444 2036 2637 2102 αὑτοῦ,
2668 2036 2793 2090 ὅλου
2827 2034 2924 2090 τοῦ
2962 2032 3160 2089 ’ἰακὼὸ
3196 2036 3299 2108 τὴν
3325 2033 3607 2105 καλλονην,
3633 2034 3737 2105 τὴν

2156 2131 2338 2201 σάρκα
2366 2128 2465 2203 τὴν
2491 2129 2601 2183 ἀπὸ
2628 2128 2849 2201 Μαρίας
2880 2128 2971 2183 διὰ
3011 2127 3332 2200 Πνεῦματος
3378 2128 3536 2196 ἀγίου
3582 2126 3739 2182 ἔκλε-

2154 2223 2448 2295 λεγμένην.
2481 2223 2556 2279 Τὸ
2588 2224 2880 2294 γενόμενον
2911 2222 3012 2294 τῆς
3052 2222 3364 2293 οἰκονομίας
3400 2222 3503 2291 τῆς
3536 2220 3739 2290 σαρκὸς

2156 2316 2295 2388 πρὸς
2333 2315 2587 2389 Ἰωάννην
2610 2316 2704 2370 τὸν
2736 2314 3050 2386 Βαπτιστὴν
3083 2314 3285 2382 ἔδειξεν
3326 2312 3535 2369 ἀνωθεν
3568 2314 3598 2371 6
3626 2312 3742 2364 lla-

2154 2408 2299 2481 τήρο
2352 2407 2623 2480 ηὑδόκησε
2652 2408 2775 2480 ,γάρ
2813 2408 2843 2460 6
2890 2405 3079 2478 Πατὴρ
3128 2407 3189 2461 ἐν
3235 2407 3304 2477 τῇ
3355 2404 3604 2476 ὲνσάρκῳ
3641 2402 3741 2456 τοῦ

2156 2501 2400 2576 Χριστοῦ
2437 2502 2743 2575 παρουσίᾳ·
2775 2502 2812 2574 ὴ
2858 2500 2917 2555 δὲ
2960 2499 3153 2572 θεότης
3199 2497 3444 2571 ἀπείρως
3490 2497 3605 2569 εχει
3638 2495 3742 2568 τῆς

2159 2612 2397 2667 φυσεως.
2766 2612 2791 2623 ‘

2230 2857 2312 2912 N'.
2353 2856 2519 2925 Λέγει
2548 2854 2605 2909 δὲ
2646 2856 2808 2912 αὑτὸν
2846 2858 2876 2912 6
2924 2858 3246 2924 Ἀπόστολος
3288 2859 3384 2913 καὶ
3425 2858 3562 2921 Υίὸγ
3603 2859 3745 2929 ἀγώ-

2160 2968 2283 3020 πης
2308 2967 2321 2982 ·
2353 2953 2452 3017 ’ος
2483 2951 2780 3020 ἐρῤύσατο
2811 2950 2969 3021 ἡμᾶς
2989 2991 3003 3016 ,
3031 2953 3187 3022 φησὶ,
3227 2952 3297 3006 ἐκ
3322 2952 3433 3022 τῆς
3456 2951 3745 3021 ἐξουσίας

2162 3045 2270 3100 τοῦ
2296 3046 2559 3111 σκότους
2577 3082 2594 3109 .
2630 3044 2729 3098 καὶ
2757 3044 3136 3114 μετέστησεν
3164 3047 3252 3111 εις
3278 3045 3393 3114 τὴν
3413 3047 3747 3111 ,βασιλείαν

2162 3137 2270 3192 τοῦ
2323 3137 2460 3192 Υιοῦ
2506 3136 2617 3206 τῆς
2647 3136 2887 3207 ἀγάπης
2923 3138 3133 3193 αὑτοῦ.
3186 3139 3293 3191 Καὶ
3329 3139 3414 3208 (οἱ
3452 3138 3746 3206 νοοῦντες)

2162 3229 2432 3294 ἐνταῦθα,
2478 3230 2553 3302 μὴ
2604 3230 2853 3295 νοοῦντες
2901 3231 2999 3301 τὴν
3042 3231 3221 3298 λέξιν,
3267 3233 3412 3287 κατά
3459 3235 3749 3304 προκοπὴν

2163 3324 2385 3395 ἀγάπης
2415 3323 2551 3377 Θεοῦ
2578 3320 2718 3379 εἶναι
2746 3326 2838 3378 τὸν
2875 3325 3005 3379 Υίόν
3035 3343 3169 3396 φασι
3189 3344 3203 3358 ο
3233 3329 3329 3380 καὶ
3354 3327 3454 3380 οὐκ
3489 3328 3668 3380 ῖσασιν
3696 3328 3748 3380 οἱ

2162 3417 2396 3488 ἀμαθεῖς
2444 3416 2544 3490 τὴν
2598 3417 3036 3490 ἀντιπαράθεσιν
3081 3418 3176 3472 τοῦ
3228 3419 3411 3487 λόγου.
3467 3419 3558 3472 Ἕν
3596 3418 3748 3490 ἄλλῳ

2163 3508 2273 3579 γάρ
2301 3509 2473 3579 τόπῳ,
2508 3510 2729 3579 φησὶνςό
2766 3509 3108 3574 Ἀπόστολος,
3142 3510 3387 3578 ὅτιθεὸς
3424 3512 3747 3581 ἠγάπησεν

2165 3599 2323 3671 ἡμᾶς
2354 3602 2425 3654 ἐν
2466 3602 2717 3671 Χριστῷ.
2776 3602 3017 3673 Ἀληθῶς
3061 3603 3171 3673 γὰρ
3219 3603 3344 3666 Υἱὸς
3387 3604 3667 3674 ἀγαπητὸς·
3718 3606 3751 3658 6

2168 3698 2498 3766 μονογενής⁸
2527 3696 2719 3766 ἐπειδὴ
2760 3696 2949 3767 ἀγάπη
2987 3698 3017 3750 6
3052 3697 3262 3767 Πατὴρ,
3304 3696 3491 3767 ἀγάπη
3531 3698 3559 3749 ό
3593 3696 3749 3761 Υἱὸς,

2164 3789 2354 3860 ἐπειδὴ
2417 3789 2607 3860 ἀγάπη
2672 3790 2732 3856 ἐξ
2781 3790 3003 3861 ἀγάπης
3049 3790 3217 3844 ἐστίν.
3277 3790 3411 3855 Υἱὸς
3457 3785 3549 3842 οῦν
3594 3788 3751 3843 ἐστιν

2163 3880 2401 3952 ἀγάπης
2428 3880 2495 3934 δι’
2527 3884 2673 3953 ἡμᾶς
2709 3883 2802 3935 καὶ
2831 3883 2897 3936 δι’
2933 3882 3118 3949 αὐτὸν,
3152 3884 3232 3936 ὅτι
3266 3885 3323 3936 ὲν
3352 3882 3499 3954 αὐτῷ
3528 3882 3751 3955 ἠγάπη-

2166 3991 2259 4029 σεν
2289 3976 2458 4047 ἡμᾶς,
2504 3976 2598 4030 καὶ
2643 3976 2734 4029 τὸν
2766 3977 2895 4029 Υἱδν
2937 3977 3103 4031 αὑτοῦ
3150 3978 3243 4030 τὸν
3293 3975 3555 4048 μονογενῆ
3604 3994 3751 4048 παρα

2166 4069 2365 4123 έδωκεν
2397 4070 2537 4140 ὑπὲρ
2564 4070 2743 4141 ἡμῶν.
2789 4069 2927 4123 Οῦτε
2970 4067 3063 4124 οῦν
3093 4071 3291 4142 κάμνει
3337 4072 3703 4143 ἐργαζόμενος
3730 4113 3750 4136 ,

2163 4160 2288 4215 οὔτε
2328 4162 2525 4233 πάσχει
2568 4165 2790 4231 γεννῶν.
2836 4164 2948 4218 Καὶ
2998 4164 3073 4235 μὴ
3119 4166 3295 4236 μάτην
3338 4165 3753 4236 ὲπισωρεῦωσιν

2164 4253 2379 4316 ἑαυτοῖς
2427 4253 2795 4326 βλασφημίας.
2846 4256 2912 4309 Ei
2950 4254 3059 4327 γὰρ
3094 4257 3310 4319 κτιστός
3352 4258 3501 4309 ἐστιν
3533 4258 3560 4308 6
3596 4256 3751 4319 Υἱὸς,

2164 4346 2226 4398 οὐ
2266 4349 2668 4417 προσκυνητὺς,
2726 4348 2866 4402 κατά
2917 4349 3009 4401 τὸν
3052 4350 3272 4403 ἐκείνων
3316 4349 3493 4418 λόγον.
3548 4350 3755 4420 Μωρὸν

479 4435 678 4489 oratio.
724 4433 938 4504 Quippe
979 4434 1206 4491 stultum
1267 4443 1351 4491 est
1412 4442 1720 4490 creaturam
1761 4435 1925 4489 ullam
1967 4436 2054 4490 ad-

2170 4437 2279 4509 γάρ
2306 4440 2453 4491 ὲστιν
2478 4439 2654 4492 κτίσιν
2674 4441 2715 4471 ¹⁰
2746 4444 3088 4512 προσκυνεῖν,
3122 4440 3215 4494 καὶ
3241 4441 3455 4494 ἀθετεῖν
3484 4440 3580 4510 τὴν
3598 4441 3755 4510 πρώ-

480 4540 662 4589 orare,
687 4540 750 4581 ac
788 4526 1024 4595 primum
1076 4526 1207 4581 illud
1252 4526 1458 4581 violare
1503 4532 1833 4596 praeceptum
1865 4527 2063 4593 :Audi,

481 4617 698 4672 Israel:
728 4617 1006 4687 _Dominus
1046 4617 1189 4673 Deus
1244 4629 1365 4674 tuus
1431 4618 1691 4675 Dominus
1742 4635 1879 4674 unus
1917 4620 2062 4675 est'.

480 4707 723 4765 Proinde
747 4719 997 4765 sanctum
1028 4710 1123 4766 Dei
1153 4710 1414 4773 Verbum,
1446 4724 1572 4767 cum
1597 4711 1671 4768 sit
1698 4711 2065 4777 adorandum,

480 4812 731 4858 creatum
781 4818 905 4860 esse
953 4820 1075 4859 non-
1108 4813 1308 4875 potest.
1354 4806 1655 4861 Adoratum
1694 4814 1779 4861 est
1814 4815 1996 4861 autem
2033 4820 2065 4861 a

483 4894 799 4964 discipulis,
837 4894 906 4949 ab
949 4897 1159 4967 angelis
1204 4896 1467 4951 adoratur
1519 4897 1575 4951 in
1616 4898 1797 4953 coelo:
1848 4896 1919 4950 Et
1967 4898 2068 4951 ad-

483 4998 650 5045 orent.
679 4987 874 5055 inquit,
916 5004 1033 5041 eum
1057 5005 1232 5042 omnes
1252 4990 1423 5059 angeli
1460 4989 1552 5044 Dei
1580 4991 1622 5044 ³.
1660 4990 1790 5046 Item
1817 5008 1831 5044 :
1869 4990 2067 5057 Δάοι-ει

487 5087 553 5141 te,
592 5076 836 5139 Domine,
886 5078 1052 5131 virtus
1094 5095 1231 5134 mea.
1280 5078 1543 5150 Superest
1593 5096 1762 5135 unum
1809 5082 2068 5152 quiddam

486 5168 552 5221 ad
597 5167 918 5233 dicendum,
958 5168 1124 5240 idque
1166 5171 1450 5241 perbreve,
1494 5172 1581 5227 cui
1626 5173 1927 5229 contradici
1959 5191 2069 5229 non

483 5261 678 5330 possit.
711 5260 999 5317 l’rol‘erant
1027 5263 1175 5318 enim
1211 5264 1257 5318 si
1297 5265 1443 5335 quod
1478 5265 1719 5321 habeant
1758 5266 1945 5322 hostes
1987 5268 2067 5322 illi

2162 4548 2264 4602 την
2290 4532 2507 4604 ἐντολὴν
2530 4533 2629 4604 τὴν
2656 4533 2920 4602 λέγουσαν
2938 4550 2952 4565 ·
2988 4536 3212 4597 Ἄκουε,
3253 4532 3512 4601 Ἰσραὴλ,
3532 4534 3755 4602 Κύριος

2164 4625 2196 4675 ὀ
2228 4623 2372 4689 Θεός
2403 4639 2520 4677 σου
2547 4624 2762 4691 Κύριος
2793 4619 2882 4689 εἷς
2919 4625 3109 4679 ἐστιν.
3150 4625 3223 4677 Οὐ
3258 4623 3475 4688 κτιστὸς
3504 4624 3685 4679 τοίνυν
3718 4629 3755 4680 6

2164 4715 2319 4783 ἅγιος
2358 4716 2551 4784 Λόγος,
2582 4716 2664 4769 ὅτι
2708 4717 3102 4788 προσκυνητός.
3140 4716 3565 4789 Προσεκύνησαν
3596 4718 3754 4790 αὐτῷ

2163 4809 2213 4860 οἱ
2245 4808 2519 4879 μαθηταί·
2550 4808 2949 4880 προσκυνοῦσιν
2976 4809 3126 4881 αὐτῷ
3158 4809 3378 4879 ἄγγελοι
3405 4811 3463 4863 ὲν
3497 4810 3711 4882 οὐρανῷ
3730 4828 3747 4842 ⁸

2166 4900 2275 4955 Kal
2334 4902 2941 4970 προσκυνησάτωσαν
3009 4902 3169 4970 αὐτῷ
3226 4904 3451 4969 πάντες
3509 4904 3751 4973 ἄγγελοι

2170 4993 2319 5047 Θεοῦ
2344 5011 2358 5026 ·
2391 4996 2507 5054 καὶ,
2549 4996 3041 5066 Προσκυνησάτω
3080 5013 3187 5063 σε,
3222 5001 3400 5066 Κύριε
3423 5039 3437 5062 ,
3486 5000 3524 5068 ὴ
3570 5000 3757 5066 ἰσχύς

2162 5102 2302 5155 μου.
2342 5087 2437 5139 Ἓν
2485 5087 2542 5141 δὲ
2586 5089 2821 5161 πρᾶγμά
2863 5092 2978 5144 ἐστι
3022 5092 3187 5163 ῥητὸν
3217 5093 3311 5145 καὶ
3357 5091 3619 5161 σύντομον
3656 5092 3758 5145 καὶ

2168 5178 2535 5245 ἀναντίθετον,
2572 5174 2616 5249 ᾧ
2660 5199 2747 5246 τις
2794 5183 3066 5236 ἀντειπεῖν
3092 5183 3152 5235 οὐ
3186 5182 3431 5237 δύναται.
3472 5185 3535 5237 El
3567 5182 3754 5253 ἔχουσι

2170 5271 2477 5341 μαρτυρίαν
2511 5273 2562 5325 οῖ
2597 5273 2972 5345 ἐχθραίνοντες
2998 5274 3075 5346 τῷ
3112 5275 3230 5346 Υίῷ
3254 5274 3349 5328 τοῦ
3390 5274 3525 5329 Θεοῦ
3557 5273 3754 5340 δεῖξαι,

486 5350 609 5404 Filii
663 5350 757 5406 Dei
806 5354 1224 5422 testimonium,
1271 5357 1677 5427 ostendantque
1714 5373 1952 5430 quonam
2008 5360 2054 5414 in

2161 5360 2266 5415 ποῦ
2302 5358 2453 5416 εἶπεν
2476 5365 2504 5416 6
2528 5365 2741 5437 Πατὴρ,
2773 5367 2855 5419 ὅτι
2886 5366 3117 5421 Ἔκτισά
3150 5384 3238 5437 μοι
3273 5366 3422 5429 Υίὸν,
3452 5368 3509 5420 ὲν
3538 5366 3758 5436 Παλαιᾷ

487 5442 608 5497 loco
643 5443 802 5499 Pater
826 5445 1064 5504 dixerit:
1099 5447 1390 5507 Procreavi
1426 5452 1559 5507 mihi
1599 5450 1820 5512 Filium.
1862 5451 1978 5509 sive
2007 5452 2063 5507 in

2163 5453 2258 5507 καὶ
2292 5456 2348 5509 ὲν
2378 5455 2555 5528 Καινῇ
2579 5458 2823 5531 Διαθήκῃ
2850 5475 2864 5523 ;
2895 5457 2928 5530 ἢ
2955 5458 3059 5514 ποῦ
3092 5454 3245 5512 εἶπεν
3272 5462 3301 5514 6
3327 5445 3477 5526 Υἱὸς,
3504 5459 3586 5513 ὃτι
3616 5456 3759 5513 Ἐκ-

551 5572 777 5665 illam.
807 5581 989 5665 vnio.
1049 5581 1260 5665 A'fsal.
1302 5586 1655 5665 1.xxxvnt,_7.
1702 5585 1982 5665 ,ξι-ειμι,

2185 5590 2206 5620 ’⁵
2245 5588 2392 5665 Psal.
2433 5609 2580 5665 XLVI,
2623 5596 2675 5650 5.
2754 5596 2775 5627 ⁸
2809 5596 3022 5651 Coloss.
3069 5596 3217 5663 ι,15.
3297 5597 3317 5627 ⁸
3355 5595 3558 5665 Ephes.
3597 5608 3659 5651 ιι.
3693 5592 3759 5665 4.

488 5652 512 5684 τ
554 5643 710 5698 Deut.
748 5664 823 5711 vo,
860 5650 913 5703 4.

1049 5655 1071 5687 ⁸
1100 5654 1255 5710 Deut.
1307 5672 1478 5726 xxxii,
1521 5657 1614 5711 45.

475 5728 613 5802 ,ωας
638 5730 738 5786 pro
767 5735 931 5777 τισιν.

1702 5646 1756 5690 ’⁸
1793 5654 1857 5712 F.
1902 5646 2371 5732 ὲκλελογισμένος.

2487 5664 2531 5697 ³ο
2556 5663 2616 5721 ln
2649 5666 2784 5738 Reg.
2816 5668 3049 5738 κτίστιν,
3105 5684 3174 5726 ex
3220 5683 3331 5740 quo
3398 5663 3578 5723 κτίσιν
3620 5664 3762 5720 fecis-

2427 5732 2471 5743 ι.-
