  <div class='ocr_page' id='page_1' title='image "/cluster/home/n/w/nwhite01/storage/ocr_20150623/43/hvd.32044054272794/058.png"; bbox 0 0 3992 6198; ppageno 0'>
   <div class='ocr_carea' id='block_1_1' title="bbox 361 241 472 293">
    <p class='ocr_par' dir='ltr' id='par_1_1' title="bbox 361 241 472 293">
     <span class='ocr_line' id='line_1_1' title="bbox 361 241 472 293; baseline -0.009 0"><span class='ocrx_word' id='word_1_1' title='bbox 361 241 472 293; x_wconf 72' lang='grc' dir='ltr'><strong>1ὒῖ</strong></span> 
     </span>
    </p>
   </div>
   <div class='ocr_carea' id='block_1_2' title="bbox 1803 229 2246 290">
    <p class='ocr_par' dir='ltr' id='par_1_2' title="bbox 1803 229 2246 290">
     <span class='ocr_line' id='line_1_2' title="bbox 1803 229 2246 290; baseline -0.005 -2"><span class='ocrx_word' id='word_1_2' title='bbox 1803 229 2246 290; x_wconf 70' lang='lat' dir='ltr'><strong>ANCORATUS.</strong></span> 
     </span>
    </p>
   </div>
   <div class='ocr_carea' id='block_1_3' title="bbox 3548 229 3650 285">
    <p class='ocr_par' dir='ltr' id='par_1_3' title="bbox 3548 229 3650 285">
     <span class='ocr_line' id='line_1_3' title="bbox 3548 229 3650 285; baseline -0.02 0"><span class='ocrx_word' id='word_1_3' title='bbox 3548 229 3650 285; x_wconf 71' lang='grc'><strong>106</strong></span> 
     </span>
    </p>
   </div>
   <div class='ocr_carea' id='block_1_4' title="bbox 361 339 1958 424">
    <p class='ocr_par' dir='ltr' id='par_1_4' title="bbox 361 349 1958 424">
     <span class='ocr_line' id='line_1_4' title="bbox 361 349 1958 424; baseline -0.004 -15"><span class='ocrx_word' id='word_1_4' title='bbox 361 355 485 409; x_wconf 87' lang='grc' dir='ltr'>τισέ</span> <span class='ocrx_word' id='word_1_5' title='bbox 529 369 594 424; x_wconf 79' lang='grc' dir='ltr'><strong>με</strong></span> <span class='ocrx_word' id='word_1_6' title='bbox 641 354 670 405; x_wconf 99' lang='lat'><strong>6</strong></span> <span class='ocrx_word' id='word_1_7' title='bbox 715 351 944 423; x_wconf 80' lang='grc' dir='ltr'>Πατήρ;</span> <span class='ocrx_word' id='word_1_8' title='bbox 991 349 1248 422; x_wconf 82' lang='grc' dir='ltr'>Τέσσαρά</span> <span class='ocrx_word' id='word_1_9' title='bbox 1292 353 1430 404; x_wconf 72' lang='grc' dir='ltr'>εἰσιν</span> <span class='ocrx_word' id='word_1_10' title='bbox 1475 349 1786 419; x_wconf 83' lang='grc' dir='ltr'>Εὑαγγέλια</span> <span class='ocrx_word' id='word_1_11' title='bbox 1826 349 1958 420; x_wconf 82' lang='grc'>(51),</span> 
     </span>
    </p>
   </div>
   <div class='ocr_carea' id='block_1_5' title="bbox 2069 339 3650 424">
    <p class='ocr_par' dir='ltr' id='par_1_5' title="bbox 2070 339 3650 405">
     <span class='ocr_line' id='line_1_5' title="bbox 2070 339 3650 405; baseline 0 -7"><span class='ocrx_word' id='word_1_12' title='bbox 2070 344 2264 402; x_wconf 81' lang='lat' dir='ltr'><strong>Vetere</strong></span> <span class='ocrx_word' id='word_1_13' title='bbox 2289 345 2403 399; x_wconf 86' lang='lat' dir='ltr'><strong>sive</strong></span> <span class='ocrx_word' id='word_1_14' title='bbox 2443 342 2595 398; x_wconf 84' lang='lat' dir='ltr'><strong>Novo</strong></span> <span class='ocrx_word' id='word_1_15' title='bbox 2627 341 3011 405; x_wconf 89' lang='lat' dir='ltr'><strong>Testamento;</strong></span> <span class='ocrx_word' id='word_1_16' title='bbox 3046 350 3139 396; x_wconf 90' lang='lat' dir='ltr'><strong>aut</strong></span> <span class='ocrx_word' id='word_1_17' title='bbox 3173 342 3263 396; x_wconf 90' lang='lat' dir='ltr'><strong>ubi</strong></span> <span class='ocrx_word' id='word_1_18' title='bbox 3301 339 3471 399; x_wconf 86' lang='lat' dir='ltr'><strong>Filius</strong></span> <span class='ocrx_word' id='word_1_19' title='bbox 3495 342 3650 398; x_wconf 85' lang='lat' dir='ltr'><strong>dixe-</strong></span> 
     </span>
    </p>
   </div>
   <div class='ocr_carea' id='block_1_6' title="bbox 365 440 1966 515">
    <p class='ocr_par' dir='ltr' id='par_1_6' title="bbox 365 440 1966 515">
     <span class='ocr_line' id='line_1_6' title="bbox 365 440 1966 515; baseline -0.005 -16"><span class='ocrx_word' id='word_1_20' title='bbox 365 443 686 515; x_wconf 61' lang='grc' dir='ltr'>κεφαλαίων</span> <span class='ocrx_word' id='word_1_21' title='bbox 707 442 893 513; x_wconf 80' lang='grc' dir='ltr'>χιλίων</span> <span class='ocrx_word' id='word_1_22' title='bbox 921 441 1117 495; x_wconf 79' lang='grc' dir='ltr'>ἑκατὸν</span> <span class='ocrx_word' id='word_1_23' title='bbox 1136 442 1152 471; x_wconf 81' lang='grc'>¹</span> <span class='ocrx_word' id='word_1_24' title='bbox 1187 440 1564 513; x_wconf 78' lang='grc' dir='ltr'>ἑξηκονταδύο,</span> <span class='ocrx_word' id='word_1_25' title='bbox 1592 442 1686 494; x_wconf 74' lang='grc' dir='ltr'><strong>καὶ</strong></span> <span class='ocrx_word' id='word_1_26' title='bbox 1713 441 1966 512; x_wconf 83' lang='grc' dir='ltr'>ἀπαρχῆς</span> 
     </span>
    </p>
   </div>
   <div class='ocr_carea' id='block_1_7' title="bbox 369 533 1967 604">
    <p class='ocr_par' dir='ltr' id='par_1_7' title="bbox 369 533 1967 604">
     <span class='ocr_line' id='line_1_7' title="bbox 369 533 1967 604; baseline -0.004 -14"><span class='ocrx_word' id='word_1_27' title='bbox 369 539 480 600; x_wconf 70' lang='grc' dir='ltr'>ἓως</span> <span class='ocrx_word' id='word_1_28' title='bbox 512 534 702 597; x_wconf 78' lang='grc' dir='ltr'><strong>τέλους</strong></span> <span class='ocrx_word' id='word_1_29' title='bbox 729 533 992 604; x_wconf 76' lang='grc' dir='ltr'>ἐλάλησεν</span> <span class='ocrx_word' id='word_1_30' title='bbox 1033 536 1062 586; x_wconf 90' lang='lat'><strong>6</strong></span> <span class='ocrx_word' id='word_1_31' title='bbox 1094 534 1242 598; x_wconf 80' lang='grc' dir='ltr'>Υἱὸς,</span> <span class='ocrx_word' id='word_1_32' title='bbox 1279 533 1373 587; x_wconf 72' lang='grc' dir='ltr'><strong>καὶ</strong></span> <span class='ocrx_word' id='word_1_33' title='bbox 1408 533 1543 604; x_wconf 76' lang='grc' dir='ltr'>πρὸς</span> <span class='ocrx_word' id='word_1_34' title='bbox 1579 534 1740 586; x_wconf 80' lang='grc' dir='ltr'>αὑτὸν</span> <span class='ocrx_word' id='word_1_35' title='bbox 1783 535 1810 586; x_wconf 88' lang='lat'><strong>6</strong></span> <span class='ocrx_word' id='word_1_36' title='bbox 1858 533 1967 584; x_wconf 86' lang='grc' dir='ltr'><strong>Πα-</strong></span> 
     </span>
    </p>
   </div>
   <div class='ocr_carea' id='block_1_8' title="bbox 377 619 1964 700">
    <p class='ocr_par' dir='ltr' id='par_1_8' title="bbox 377 619 1964 700">
     <span class='ocr_line' id='line_1_8' title="bbox 377 619 1964 700; baseline -0.004 -17"><span class='ocrx_word' id='word_1_37' title='bbox 377 628 518 700; x_wconf 76' lang='grc' dir='ltr'>τὴρ,</span> <span class='ocrx_word' id='word_1_38' title='bbox 553 627 645 680; x_wconf 72' lang='grc' dir='ltr'><strong>καὶ</strong></span> <span class='ocrx_word' id='word_1_39' title='bbox 676 623 914 696; x_wconf 78' lang='grc' dir='ltr'><strong>οὐδαμοῦ</strong></span> <span class='ocrx_word' id='word_1_40' title='bbox 951 619 1128 688; x_wconf 80' lang='grc' dir='ltr'>εἶπεν,</span> <span class='ocrx_word' id='word_1_41' title='bbox 1159 624 1382 677; x_wconf 86' lang='grc' dir='ltr'>Ἐκτισέ</span> <span class='ocrx_word' id='word_1_42' title='bbox 1427 641 1494 694; x_wconf 89' lang='grc' dir='ltr'><strong>με</strong></span> <span class='ocrx_word' id='word_1_43' title='bbox 1531 627 1559 677; x_wconf 92' lang='grc' dir='ltr'><strong>ό</strong></span> <span class='ocrx_word' id='word_1_44' title='bbox 1603 625 1814 695; x_wconf 79' lang='grc' dir='ltr'>Πατὴρ,</span> <span class='ocrx_word' id='word_1_45' title='bbox 1843 623 1964 676; x_wconf 74' lang='grc' dir='ltr'>οὐδὲ</span> 
     </span>
    </p>
   </div>
   <div class='ocr_carea' id='block_1_9' title="bbox 380 716 1964 790">
    <p class='ocr_par' dir='ltr' id='par_1_9' title="bbox 380 716 1964 790">
     <span class='ocr_line' id='line_1_9' title="bbox 380 716 1964 790; baseline -0.002 -18"><span class='ocrx_word' id='word_1_46' title='bbox 380 721 409 772; x_wconf 72' lang='grc' dir='ltr'>ὑ</span> <span class='ocrx_word' id='word_1_47' title='bbox 455 718 674 790; x_wconf 80' lang='grc' dir='ltr'>Πατὴρ,</span> <span class='ocrx_word' id='word_1_48' title='bbox 706 717 940 772; x_wconf 81' lang='grc' dir='ltr'>Ἐκτισά</span> <span class='ocrx_word' id='word_1_49' title='bbox 979 735 1072 787; x_wconf 88' lang='grc' dir='ltr'><strong>μοι</strong></span> <span class='ocrx_word' id='word_1_50' title='bbox 1117 716 1282 781; x_wconf 80' lang='grc' dir='ltr'>Υἱδν,</span> <span class='ocrx_word' id='word_1_51' title='bbox 1329 717 1402 786; x_wconf 79' lang='grc' dir='ltr'>ἢ,</span> <span class='ocrx_word' id='word_1_52' title='bbox 1434 718 1668 771; x_wconf 85' lang='grc' dir='ltr'>Ἔκτισα</span> <span class='ocrx_word' id='word_1_53' title='bbox 1707 717 1796 770; x_wconf 80' lang='grc' dir='ltr'><strong>τὸν</strong></span> <span class='ocrx_word' id='word_1_54' title='bbox 1837 717 1964 769; x_wconf 86' lang='grc' dir='ltr'>Υἱόν</span> 
     </span>
    </p>
   </div>
   <div class='ocr_carea' id='block_1_10' title="bbox 327 807 507 882">
    <p class='ocr_par' dir='ltr' id='par_1_10' title="bbox 327 807 507 882">
     <span class='ocr_line' id='line_1_10' title="bbox 327 807 507 882; baseline -0.011 -16"><span class='ocrx_word' id='word_1_55' title='bbox 327 807 350 828; x_wconf 83' lang='grc'>’</span> <span class='ocrx_word' id='word_1_56' title='bbox 383 829 507 882; x_wconf 85' lang='grc' dir='ltr'>μου.</span> 
     </span>
    </p>
   </div>
   <div class='ocr_carea' id='block_1_11' title="bbox 444 983 1962 1056">
    <p class='ocr_par' dir='ltr' id='par_1_11' title="bbox 444 983 1962 1056">
     <span class='ocr_line' id='line_1_11' title="bbox 444 983 1962 1056; baseline -0.003 -15"><span class='ocrx_word' id='word_1_57' title='bbox 444 989 573 1041; x_wconf 77' lang='lat' dir='ltr'><strong>NA’.</strong></span> <span class='ocrx_word' id='word_1_58' title='bbox 624 987 790 1041; x_wconf 78' lang='grc' dir='ltr'>Ἀλλά</span> <span class='ocrx_word' id='word_1_59' title='bbox 827 1003 988 1056; x_wconf 79' lang='grc' dir='ltr'>φησιν</span> <span class='ocrx_word' id='word_1_60' title='bbox 1021 985 1050 1039; x_wconf 87' lang='grc' dir='ltr'>ὁ</span> <span class='ocrx_word' id='word_1_61' title='bbox 1083 985 1384 1054; x_wconf 82' lang='grc' dir='ltr'><strong>φιλόνεικος</strong></span> <span class='ocrx_word' id='word_1_62' title='bbox 1417 986 1510 1037; x_wconf 77' lang='grc' dir='ltr'><strong>καὶ</strong></span> <span class='ocrx_word' id='word_1_63' title='bbox 1558 985 1852 1054; x_wconf 78' lang='grc' dir='ltr'>φιλόδοξος·</span> <span class='ocrx_word' id='word_1_64' title='bbox 1897 983 1962 1037; x_wconf 87' lang='grc' dir='ltr'>Τί</span> 
     </span>
    </p>
   </div>
   <div class='ocr_carea' id='block_1_12' title="bbox 369 1075 1960 1146">
    <p class='ocr_par' dir='ltr' id='par_1_12' title="bbox 369 1075 1960 1146">
     <span class='ocr_line' id='line_1_12' title="bbox 369 1075 1960 1146; baseline -0.003 -13"><span class='ocrx_word' id='word_1_65' title='bbox 369 1075 462 1133; x_wconf 75' lang='grc' dir='ltr'><strong>οὖν</strong></span> <span class='ocrx_word' id='word_1_66' title='bbox 491 1080 707 1146; x_wconf 83' lang='grc' dir='ltr'>λέγεις;</span> <span class='ocrx_word' id='word_1_67' title='bbox 741 1079 801 1131; x_wconf 84' lang='grc' dir='ltr'><strong>τὸ</strong></span> <span class='ocrx_word' id='word_1_68' title='bbox 828 1077 988 1146; x_wconf 79' lang='grc' dir='ltr'>σῶμα</span> <span class='ocrx_word' id='word_1_69' title='bbox 1026 1077 1136 1129; x_wconf 76' lang='grc' dir='ltr'><strong>ἀπὸ</strong></span> <span class='ocrx_word' id='word_1_70' title='bbox 1182 1076 1400 1146; x_wconf 78' lang='grc' dir='ltr'>Μαρίας</span> <span class='ocrx_word' id='word_1_71' title='bbox 1428 1075 1670 1146; x_wconf 85' lang='grc' dir='ltr'>δηλονότι</span> <span class='ocrx_word' id='word_1_72' title='bbox 1699 1077 1960 1146; x_wconf 67' lang='grc' dir='ltr'>ἀνειλημ-</span> 
     </span>
    </p>
   </div>
   <div class='ocr_carea' id='block_1_13' title="bbox 373 1169 1961 1246">
    <p class='ocr_par' dir='ltr' id='par_1_13' title="bbox 373 1169 1961 1246">
     <span class='ocr_line' id='line_1_13' title="bbox 373 1169 1961 1246; baseline -0.003 -20"><span class='ocrx_word' id='word_1_73' title='bbox 373 1175 568 1246; x_wconf 84' lang='grc' dir='ltr'>μένον;</span> <span class='ocrx_word' id='word_1_74' title='bbox 605 1172 799 1244; x_wconf 78' lang='grc' dir='ltr'>Μαρία</span> <span class='ocrx_word' id='word_1_75' title='bbox 846 1170 900 1223; x_wconf 84' lang='grc' dir='ltr'>δὲ</span> <span class='ocrx_word' id='word_1_76' title='bbox 951 1169 1038 1235; x_wconf 82' lang='grc' dir='ltr'>τι;</span> <span class='ocrx_word' id='word_1_77' title='bbox 1089 1169 1287 1241; x_wconf 65' lang='grc' dir='ltr'>φησιν,</span> <span class='ocrx_word' id='word_1_78' title='bbox 1335 1169 1589 1232; x_wconf 83' lang='grc' dir='ltr'>ἄκτιστος</span> <span class='ocrx_word' id='word_1_79' title='bbox 1634 1169 1668 1240; x_wconf 78' lang='grc' dir='ltr'><strong>ἢ</strong></span> <span class='ocrx_word' id='word_1_80' title='bbox 1713 1169 1961 1236; x_wconf 83' lang='grc' dir='ltr'>κτιστός;</span> 
     </span>
    </p>
   </div>
   <div class='ocr_carea' id='block_1_14' title="bbox 369 1260 1961 1336">
    <p class='ocr_par' dir='ltr' id='par_1_14' title="bbox 369 1260 1961 1336">
     <span class='ocr_line' id='line_1_14' title="bbox 369 1260 1961 1336; baseline -0.006 -15"><span class='ocrx_word' id='word_1_81' title='bbox 369 1266 606 1330; x_wconf 79' lang='grc' dir='ltr'>Κτιστὸς</span> <span class='ocrx_word' id='word_1_82' title='bbox 633 1263 900 1336; x_wconf 79' lang='grc' dir='ltr'>δηλονότι,</span> <span class='ocrx_word' id='word_1_83' title='bbox 945 1261 1039 1315; x_wconf 72' lang='grc' dir='ltr'><strong>καὶ</strong></span> <span class='ocrx_word' id='word_1_84' title='bbox 1063 1262 1218 1314; x_wconf 71' lang='grc' dir='ltr'>αὐτοὶ</span> <span class='ocrx_word' id='word_1_85' title='bbox 1255 1261 1507 1331; x_wconf 82' lang='grc' dir='ltr'>λέγομεν,</span> <span class='ocrx_word' id='word_1_86' title='bbox 1539 1260 1865 1332; x_wconf 78' lang='grc' dir='ltr'>τεννηθεῖσα</span> <span class='ocrx_word' id='word_1_87' title='bbox 1902 1260 1961 1326; x_wconf 78' lang='grc' dir='ltr'>ἐξ</span> 
     </span>
    </p>
   </div>
   <div class='ocr_carea' id='block_1_15' title="bbox 370 1347 1958 1430">
    <p class='ocr_par' dir='ltr' id='par_1_15' title="bbox 370 1347 1958 1430">
     <span class='ocr_line' id='line_1_15' title="bbox 370 1347 1958 1430; baseline -0.008 -17"><span class='ocrx_word' id='word_1_88' title='bbox 370 1359 568 1430; x_wconf 70' lang='grc' dir='ltr'>ἀνδρὸς</span> <span class='ocrx_word' id='word_1_89' title='bbox 611 1358 706 1411; x_wconf 77' lang='grc' dir='ltr'><strong>καὶ</strong></span> <span class='ocrx_word' id='word_1_90' title='bbox 732 1355 1008 1425; x_wconf 88' lang='grc' dir='ltr'>γυναικός.</span> <span class='ocrx_word' id='word_1_91' title='bbox 1045 1353 1118 1406; x_wconf 79' lang='grc' dir='ltr'><strong>Τὸ</strong></span> <span class='ocrx_word' id='word_1_92' title='bbox 1150 1353 1258 1406; x_wconf 83' lang='grc' dir='ltr'><strong>ἀπὸ</strong></span> <span class='ocrx_word' id='word_1_93' title='bbox 1300 1351 1515 1422; x_wconf 82' lang='grc' dir='ltr'>Μαρίας</span> <span class='ocrx_word' id='word_1_94' title='bbox 1548 1347 1640 1404; x_wconf 78' lang='grc' dir='ltr'><strong>οῦν</strong></span> <span class='ocrx_word' id='word_1_95' title='bbox 1667 1351 1721 1404; x_wconf 73' lang='grc' dir='ltr'>τί</span> <span class='ocrx_word' id='word_1_96' title='bbox 1752 1350 1958 1418; x_wconf 83' lang='grc' dir='ltr'>λέγεις;</span> 
     </span>
    </p>
   </div>
   <div class='ocr_carea' id='block_1_16' title="bbox 376 1443 1958 1520">
    <p class='ocr_par' dir='ltr' id='par_1_16' title="bbox 376 1443 1958 1520">
     <span class='ocr_line' id='line_1_16' title="bbox 376 1443 1958 1520; baseline -0.006 -17"><span class='ocrx_word' id='word_1_97' title='bbox 376 1451 707 1520; x_wconf 78' lang='grc' dir='ltr'>προσκυνεῖς</span> <span class='ocrx_word' id='word_1_98' title='bbox 729 1447 819 1501; x_wconf 83' lang='grc' dir='ltr'><strong>τὸν</strong></span> <span class='ocrx_word' id='word_1_99' title='bbox 844 1446 1073 1516; x_wconf 80' lang='grc' dir='ltr'><strong>Σωτῆρα</strong></span> <span class='ocrx_word' id='word_1_100' title='bbox 1095 1446 1153 1498; x_wconf 84' lang='grc' dir='ltr'>ὲν</span> <span class='ocrx_word' id='word_1_101' title='bbox 1185 1443 1420 1514; x_wconf 85' lang='grc' dir='ltr'>σώματι,</span> <span class='ocrx_word' id='word_1_102' title='bbox 1443 1443 1476 1514; x_wconf 78' lang='grc' dir='ltr'>ἦ</span> <span class='ocrx_word' id='word_1_103' title='bbox 1505 1443 1565 1496; x_wconf 77' lang='grc' dir='ltr'><strong>οῦ</strong></span> <span class='ocrx_word' id='word_1_104' title='bbox 1599 1445 1958 1514; x_wconf 87' lang='grc' dir='ltr'>προσκυνεῖς;</span> 
     </span>
    </p>
   </div>
   <div class='ocr_carea' id='block_1_17' title="bbox 375 1535 1963 1610">
    <p class='ocr_par' dir='ltr' id='par_1_17' title="bbox 375 1535 1963 1610">
     <span class='ocr_line' id='line_1_17' title="bbox 375 1535 1963 1610; baseline -0.005 -15"><span class='ocrx_word' id='word_1_105' title='bbox 375 1541 502 1605; x_wconf 85' lang='grc' dir='ltr'>Πῶς</span> <span class='ocrx_word' id='word_1_106' title='bbox 541 1537 637 1594; x_wconf 82' lang='grc' dir='ltr'>οὖν</span> <span class='ocrx_word' id='word_1_107' title='bbox 683 1540 759 1610; x_wconf 84' lang='grc' dir='ltr'>μὴ</span> <span class='ocrx_word' id='word_1_108' title='bbox 807 1537 1203 1609; x_wconf 74' lang='grc' dir='ltr'>προσκυνήσως</span> <span class='ocrx_word' id='word_1_109' title='bbox 1263 1535 1390 1588; x_wconf 76' lang='grc' dir='ltr'><strong>Ἐὰν</strong></span> <span class='ocrx_word' id='word_1_110' title='bbox 1434 1535 1542 1607; x_wconf 81' lang='grc' dir='ltr'><strong>γὰρ</strong></span> <span class='ocrx_word' id='word_1_111' title='bbox 1598 1536 1672 1607; x_wconf 81' lang='grc' dir='ltr'>μὴ</span> <span class='ocrx_word' id='word_1_112' title='bbox 1725 1553 1963 1606; x_wconf 87' lang='grc' dir='ltr'>προσκυ-</span> 
     </span>
    </p>
   </div>
   <div class='ocr_carea' id='block_1_18' title="bbox 369 1624 1962 1704">
    <p class='ocr_par' dir='ltr' id='par_1_18' title="bbox 369 1624 1962 1704">
     <span class='ocr_line' id='line_1_18' title="bbox 369 1624 1962 1704; baseline -0.006 -17"><span class='ocrx_word' id='word_1_113' title='bbox 369 1636 554 1704; x_wconf 74' lang='grc' dir='ltr'>νήσω,</span> <span class='ocrx_word' id='word_1_114' title='bbox 587 1633 687 1686; x_wconf 79' lang='grc' dir='ltr'><strong>οὐκ</strong></span> <span class='ocrx_word' id='word_1_115' title='bbox 721 1633 829 1702; x_wconf 69' lang='grc' dir='ltr'><strong>ἔχω</strong></span> <span class='ocrx_word' id='word_1_116' title='bbox 874 1630 1042 1701; x_wconf 76' lang='grc' dir='ltr'>ζωήν.</span> <span class='ocrx_word' id='word_1_117' title='bbox 1091 1629 1224 1681; x_wconf 78' lang='grc' dir='ltr'>’ἰδοῦ</span> <span class='ocrx_word' id='word_1_118' title='bbox 1273 1624 1365 1681; x_wconf 79' lang='grc' dir='ltr'><strong>οὖν</strong></span> <span class='ocrx_word' id='word_1_119' title='bbox 1399 1627 1604 1697; x_wconf 77' lang='grc' dir='ltr'>κτίσμα</span> <span class='ocrx_word' id='word_1_120' title='bbox 1633 1627 1962 1696; x_wconf 76' lang='grc' dir='ltr'>προσκυνεῖς</span> 
     </span>
    </p>
   </div>
   <div class='ocr_carea' id='block_1_19' title="bbox 2071 431 3648 501">
    <p class='ocr_par' dir='ltr' id='par_1_19' title="bbox 2071 431 3648 501">
     <span class='ocr_line' id='line_1_19' title="bbox 2071 431 3648 501; baseline -0.002 -13"><span class='ocrx_word' id='word_1_121' title='bbox 2071 437 2144 488; x_wconf 87' lang='lat' dir='ltr'><strong>rit</strong></span> <span class='ocrx_word' id='word_1_122' title='bbox 2172 455 2185 490; x_wconf 86' lang='lat'><strong>:</strong></span> <span class='ocrx_word' id='word_1_123' title='bbox 2219 433 2536 488; x_wconf 84' lang='lat' dir='ltr'><strong>Procreavit</strong></span> <span class='ocrx_word' id='word_1_124' title='bbox 2565 447 2651 487; x_wconf 92' lang='lat' dir='ltr'><strong>me</strong></span> <span class='ocrx_word' id='word_1_125' title='bbox 2683 431 2862 486; x_wconf 82' lang='lat' dir='ltr'><strong>Pater.</strong></span> <span class='ocrx_word' id='word_1_126' title='bbox 2897 432 3144 497; x_wconf 76' lang='lat' dir='ltr'><strong>Quatuor</strong></span> <span class='ocrx_word' id='word_1_127' title='bbox 3176 431 3466 501; x_wconf 87' lang='lat' dir='ltr'><strong>Evangelia</strong></span> <span class='ocrx_word' id='word_1_128' title='bbox 3499 440 3648 490; x_wconf 81' lang='lat' dir='ltr'><strong>sunt.</strong></span> 
     </span>
    </p>
   </div>
   <div class='ocr_carea' id='block_1_20' title="bbox 2069 522 3650 596">
    <p class='ocr_par' dir='ltr' id='par_1_20' title="bbox 2069 522 3650 596">
     <span class='ocr_line' id='line_1_20' title="bbox 2069 522 3650 596; baseline -0.002 -16"><span class='ocrx_word' id='word_1_129' title='bbox 2069 527 2124 582; x_wconf 89' lang='lat' dir='ltr'><strong>in</strong></span> <span class='ocrx_word' id='word_1_130' title='bbox 2165 527 2343 596; x_wconf 83' lang='lat' dir='ltr'><strong>iisque</strong></span> <span class='ocrx_word' id='word_1_131' title='bbox 2395 525 2572 594; x_wconf 90' lang='lat' dir='ltr'><strong>capita</strong></span> <span class='ocrx_word' id='word_1_132' title='bbox 2617 523 2767 577; x_wconf 92' lang='lat' dir='ltr'><strong>mille</strong></span> <span class='ocrx_word' id='word_1_133' title='bbox 2789 535 3003 577; x_wconf 90' lang='lat' dir='ltr'><strong>centum</strong></span> <span class='ocrx_word' id='word_1_134' title='bbox 3029 531 3082 576; x_wconf 84' lang='lat' dir='ltr'><strong>et</strong></span> <span class='ocrx_word' id='word_1_135' title='bbox 3109 523 3390 592; x_wconf 85' lang='lat' dir='ltr'><strong>sexaginta</strong></span> <span class='ocrx_word' id='word_1_136' title='bbox 3420 522 3529 575; x_wconf 93' lang='lat' dir='ltr'><strong>duo</strong></span> <span class='ocrx_word' id='word_1_137' title='bbox 3554 541 3567 576; x_wconf 90' lang='lat'><strong>:</strong></span> <span class='ocrx_word' id='word_1_138' title='bbox 3593 522 3650 577; x_wconf 90' lang='lat' dir='ltr'><strong>in</strong></span> 
     </span>
    </p>
   </div>
   <div class='ocr_carea' id='block_1_21' title="bbox 2067 610 3649 685">
    <p class='ocr_par' dir='ltr' id='par_1_21' title="bbox 2067 610 3649 685">
     <span class='ocr_line' id='line_1_21' title="bbox 2067 610 3649 685; baseline -0.004 -17"><span class='ocrx_word' id='word_1_139' title='bbox 2067 615 2270 685; x_wconf 89' lang='lat' dir='ltr'><strong>quibus</strong></span> <span class='ocrx_word' id='word_1_140' title='bbox 2307 614 2374 667; x_wconf 91' lang='lat' dir='ltr'><strong>ab</strong></span> <span class='ocrx_word' id='word_1_141' title='bbox 2407 613 2564 666; x_wconf 90' lang='lat' dir='ltr'><strong>initio</strong></span> <span class='ocrx_word' id='word_1_142' title='bbox 2597 613 2662 665; x_wconf 91' lang='lat' dir='ltr'><strong>ad</strong></span> <span class='ocrx_word' id='word_1_143' title='bbox 2697 612 2856 665; x_wconf 81' lang='lat' dir='ltr'><strong>tinem</strong></span> <span class='ocrx_word' id='word_1_144' title='bbox 2889 621 3000 664; x_wconf 88' lang='lat' dir='ltr'><strong>tam</strong></span> <span class='ocrx_word' id='word_1_145' title='bbox 3035 610 3208 666; x_wconf 86' lang='lat' dir='ltr'><strong>Filius</strong></span> <span class='ocrx_word' id='word_1_146' title='bbox 3245 613 3361 681; x_wconf 90' lang='lat' dir='ltr'><strong>ipse</strong></span> <span class='ocrx_word' id='word_1_147' title='bbox 3384 611 3649 680; x_wconf 82' lang='lat' dir='ltr'><strong>loquitur,</strong></span> 
     </span>
    </p>
   </div>
   <div class='ocr_carea' id='block_1_22' title="bbox 2067 701 3653 774">
    <p class='ocr_par' dir='ltr' id='par_1_22' title="bbox 2067 701 3653 774">
     <span class='ocr_line' id='line_1_22' title="bbox 2067 701 3653 774; baseline 0.002 -20"><span class='ocrx_word' id='word_1_148' title='bbox 2067 720 2233 774; x_wconf 88' lang='lat' dir='ltr'><strong>quam</strong></span> <span class='ocrx_word' id='word_1_149' title='bbox 2267 720 2391 758; x_wconf 92' lang='lat' dir='ltr'><strong>cum</strong></span> <span class='ocrx_word' id='word_1_150' title='bbox 2432 703 2570 758; x_wconf 86' lang='lat' dir='ltr'><strong>Filio</strong></span> <span class='ocrx_word' id='word_1_151' title='bbox 2617 704 2792 758; x_wconf 80' lang='lat' dir='ltr'><strong>Pater.</strong></span> <span class='ocrx_word' id='word_1_152' title='bbox 2838 702 2948 757; x_wconf 85' lang='lat' dir='ltr'><strong>Nec</strong></span> <span class='ocrx_word' id='word_1_153' title='bbox 2979 719 3208 773; x_wconf 86' lang='lat' dir='ltr'><strong>usquam</strong></span> <span class='ocrx_word' id='word_1_154' title='bbox 3259 712 3438 758; x_wconf 89' lang='lat' dir='ltr'><strong>tamen</strong></span> <span class='ocrx_word' id='word_1_155' title='bbox 3482 701 3653 757; x_wconf 87' lang='lat' dir='ltr'><strong>Filius</strong></span> 
     </span>
    </p>
   </div>
   <div class='ocr_carea' id='block_1_23' title="bbox 2067 793 3651 865">
    <p class='ocr_par' dir='ltr' id='par_1_23' title="bbox 2067 793 3651 865">
     <span class='ocr_line' id='line_1_23' title="bbox 2067 793 3651 865; baseline -0.002 -14"><span class='ocrx_word' id='word_1_156' title='bbox 2067 797 2225 860; x_wconf 93' lang='lat' dir='ltr'><strong>dixit,</strong></span> <span class='ocrx_word' id='word_1_157' title='bbox 2273 796 2491 851; x_wconf 85' lang='lat' dir='ltr'><strong>Creavit</strong></span> <span class='ocrx_word' id='word_1_158' title='bbox 2531 812 2616 851; x_wconf 91' lang='lat' dir='ltr'><strong>me</strong></span> <span class='ocrx_word' id='word_1_159' title='bbox 2656 795 2847 860; x_wconf 82' lang='lat' dir='ltr'><strong>Pater;</strong></span> <span class='ocrx_word' id='word_1_160' title='bbox 2882 811 3056 865; x_wconf 88' lang='lat' dir='ltr'><strong>neque</strong></span> <span class='ocrx_word' id='word_1_161' title='bbox 3092 794 3250 849; x_wconf 87' lang='lat' dir='ltr'><strong>Pater</strong></span> <span class='ocrx_word' id='word_1_162' title='bbox 3284 796 3420 864; x_wconf 87' lang='lat' dir='ltr'><strong>ipse,</strong></span> <span class='ocrx_word' id='word_1_163' title='bbox 3455 793 3651 850; x_wconf 88' lang='lat' dir='ltr'><strong>Crcavi</strong></span> 
     </span>
    </p>
   </div>
   <div class='ocr_carea' id='block_1_24' title="bbox 2065 887 3280 954">
    <p class='ocr_par' dir='ltr' id='par_1_24' title="bbox 2065 887 3280 954">
     <span class='ocr_line' id='line_1_24' title="bbox 2065 887 3280 954; baseline -0.002 -12"><span class='ocrx_word' id='word_1_164' title='bbox 2065 889 2199 942; x_wconf 88' lang='lat' dir='ltr'><strong>mihi</strong></span> <span class='ocrx_word' id='word_1_165' title='bbox 2238 888 2457 953; x_wconf 85' lang='lat' dir='ltr'><strong>Filium,</strong></span> <span class='ocrx_word' id='word_1_166' title='bbox 2487 891 2591 954; x_wconf 85' lang='lat' dir='ltr'><strong>vel,</strong></span> <span class='ocrx_word' id='word_1_167' title='bbox 2624 887 2817 942; x_wconf 87' lang='lat' dir='ltr'><strong>Creavi</strong></span> <span class='ocrx_word' id='word_1_168' title='bbox 2851 887 3048 941; x_wconf 85' lang='lat' dir='ltr'><strong>Filium</strong></span> <span class='ocrx_word' id='word_1_169' title='bbox 3077 903 3280 942; x_wconf 88' lang='lat' dir='ltr'><strong>meum.</strong></span> 
     </span>
    </p>
   </div>
   <div class='ocr_carea' id='block_1_25' title="bbox 2139 978 3651 1050">
    <p class='ocr_par' dir='ltr' id='par_1_25' title="bbox 2139 978 3651 1050">
     <span class='ocr_line' id='line_1_25' title="bbox 2139 978 3651 1050; baseline -0.001 -18"><span class='ocrx_word' id='word_1_170' title='bbox 2139 979 2222 1032; x_wconf 87' lang='lat' dir='ltr'><strong>LI.</strong></span> <span class='ocrx_word' id='word_1_171' title='bbox 2269 979 2436 1050; x_wconf 86' lang='lat' dir='ltr'><strong>Urget</strong></span> <span class='ocrx_word' id='word_1_172' title='bbox 2460 996 2589 1034; x_wconf 91' lang='lat' dir='ltr'><strong>vero</strong></span> <span class='ocrx_word' id='word_1_173' title='bbox 2618 979 2869 1050; x_wconf 81' lang='lat' dir='ltr'><strong>pertinax</strong></span> <span class='ocrx_word' id='word_1_174' title='bbox 2891 986 2944 1032; x_wconf 90' lang='lat' dir='ltr'><strong>et</strong></span> <span class='ocrx_word' id='word_1_175' title='bbox 2974 978 3158 1049; x_wconf 70' lang='lat' dir='ltr'><strong>glorizc</strong></span> <span class='ocrx_word' id='word_1_176' title='bbox 3191 979 3425 1048; x_wconf 88' lang='lat' dir='ltr'><strong>cupidus</strong></span> <span class='ocrx_word' id='word_1_177' title='bbox 3455 978 3651 1031; x_wconf 70' lang='lat' dir='ltr'><strong>adver-</strong></span> 
     </span>
    </p>
   </div>
   <div class='ocr_carea' id='block_1_26' title="bbox 2067 1070 3652 1143">
    <p class='ocr_par' dir='ltr' id='par_1_26' title="bbox 2067 1070 3652 1143">
     <span class='ocr_line' id='line_1_26' title="bbox 2067 1070 3652 1143; baseline -0.002 -17"><span class='ocrx_word' id='word_1_178' title='bbox 2067 1073 2270 1126; x_wconf 90' lang='lat' dir='ltr'><strong>sarius.</strong></span> <span class='ocrx_word' id='word_1_179' title='bbox 2303 1072 2445 1138; x_wconf 86' lang='lat' dir='ltr'><strong>Quid</strong></span> <span class='ocrx_word' id='word_1_180' title='bbox 2482 1072 2646 1143; x_wconf 83' lang='lat' dir='ltr'><strong>igitur</strong></span> <span class='ocrx_word' id='word_1_181' title='bbox 2673 1070 3062 1126; x_wconf 82' lang='lat' dir='ltr'><strong>dicis?Nonue</strong></span> <span class='ocrx_word' id='word_1_182' title='bbox 3096 1085 3297 1140; x_wconf 91' lang='lat' dir='ltr'><strong>corpus</strong></span> <span class='ocrx_word' id='word_1_183' title='bbox 3332 1070 3587 1123; x_wconf 81' lang='lat' dir='ltr'><strong>videlicet</strong></span> <span class='ocrx_word' id='word_1_184' title='bbox 3619 1085 3652 1123; x_wconf 93' lang='lat' dir='ltr'><strong>e</strong></span> 
     </span>
    </p>
   </div>
   <div class='ocr_carea' id='block_1_27' title="bbox 2067 1162 3648 1234">
    <p class='ocr_par' dir='ltr' id='par_1_27' title="bbox 2067 1162 3648 1234">
     <span class='ocr_line' id='line_1_27' title="bbox 2067 1162 3648 1234; baseline -0.003 -16"><span class='ocrx_word' id='word_1_185' title='bbox 2067 1163 2236 1218; x_wconf 79' lang='lat' dir='ltr'><strong>Maria</strong></span> <span class='ocrx_word' id='word_1_186' title='bbox 2293 1173 2570 1233; x_wconf 88' lang='lat' dir='ltr'><strong>sumptum</strong></span> <span class='ocrx_word' id='word_1_187' title='bbox 2628 1163 2875 1218; x_wconf 79' lang='lat' dir='ltr'><strong>asseris?</strong></span> <span class='ocrx_word' id='word_1_188' title='bbox 2928 1162 3236 1234; x_wconf 89' lang='lat' dir='ltr'><strong>cujusmodi</strong></span> <span class='ocrx_word' id='word_1_189' title='bbox 3293 1179 3422 1217; x_wconf 89' lang='lat' dir='ltr'><strong>vero</strong></span> <span class='ocrx_word' id='word_1_190' title='bbox 3475 1162 3648 1216; x_wconf 83' lang='lat' dir='ltr'><strong>Maria</strong></span> 
     </span>
    </p>
   </div>
   <div class='ocr_carea' id='block_1_28' title="bbox 2068 1251 3652 1316">
    <p class='ocr_par' dir='ltr' id='par_1_28' title="bbox 2068 1251 3652 1316">
     <span class='ocr_line' id='line_1_28' title="bbox 2068 1251 3652 1316; baseline -0.002 -7"><span class='ocrx_word' id='word_1_191' title='bbox 2068 1255 2212 1309; x_wconf 79' lang='lat' dir='ltr'><strong>fuit?</strong></span> <span class='ocrx_word' id='word_1_192' title='bbox 2253 1255 2517 1316; x_wconf 83' lang='lat' dir='ltr'><strong>increata,</strong></span> <span class='ocrx_word' id='word_1_193' title='bbox 2550 1267 2616 1305; x_wconf 84' lang='lat' dir='ltr'><strong>an</strong></span> <span class='ocrx_word' id='word_1_194' title='bbox 2653 1251 3005 1308; x_wconf 82' lang='lat' dir='ltr'><strong>creata?Nos</strong></span> <span class='ocrx_word' id='word_1_195' title='bbox 3046 1269 3174 1307; x_wconf 87' lang='lat' dir='ltr'><strong>vero</strong></span> <span class='ocrx_word' id='word_1_196' title='bbox 3204 1260 3442 1306; x_wconf 89' lang='lat' dir='ltr'><strong>creatam</strong></span> <span class='ocrx_word' id='word_1_197' title='bbox 3483 1251 3652 1306; x_wconf 79' lang='lat' dir='ltr'><strong>fuisse</strong></span> 
     </span>
    </p>
   </div>
   <div class='ocr_carea' id='block_1_29' title="bbox 2064 1345 3648 1416">
    <p class='ocr_par' dir='ltr' id='par_1_29' title="bbox 2064 1345 3648 1416">
     <span class='ocr_line' id='line_1_29' title="bbox 2064 1345 3648 1416; baseline -0.001 -14"><span class='ocrx_word' id='word_1_198' title='bbox 2064 1347 2410 1410; x_wconf 76' lang='lat' dir='ltr'><strong>conﬁtemur,</strong></span> <span class='ocrx_word' id='word_1_199' title='bbox 2443 1355 2607 1416; x_wconf 85' lang='lat' dir='ltr'><strong>atque</strong></span> <span class='ocrx_word' id='word_1_200' title='bbox 2636 1362 2666 1400; x_wconf 91' lang='lat' dir='ltr'><strong>e</strong></span> <span class='ocrx_word' id='word_1_201' title='bbox 2692 1345 2812 1400; x_wconf 90' lang='lat' dir='ltr'><strong>viro</strong></span> <span class='ocrx_word' id='word_1_202' title='bbox 2843 1345 3154 1416; x_wconf 84' lang='lat' dir='ltr'><strong>feminaque</strong></span> <span class='ocrx_word' id='word_1_203' title='bbox 3189 1346 3444 1416; x_wconf 79' lang='lat' dir='ltr'><strong>genitam.</strong></span> <span class='ocrx_word' id='word_1_204' title='bbox 3491 1345 3648 1412; x_wconf 86' lang='lat' dir='ltr'><strong>Quod</strong></span> 
     </span>
    </p>
   </div>
   <div class='ocr_carea' id='block_1_30' title="bbox 2064 1438 3650 1511">
    <p class='ocr_par' dir='ltr' id='par_1_30' title="bbox 2064 1438 3650 1511">
     <span class='ocr_line' id='line_1_30' title="bbox 2064 1438 3650 1511; baseline -0.001 -17"><span class='ocrx_word' id='word_1_205' title='bbox 2064 1440 2230 1511; x_wconf 82' lang='lat' dir='ltr'><strong>igitur</strong></span> <span class='ocrx_word' id='word_1_206' title='bbox 2271 1440 2540 1509; x_wconf 83' lang='lat' dir='ltr'><strong>originem</strong></span> <span class='ocrx_word' id='word_1_207' title='bbox 2576 1454 2604 1492; x_wconf 91' lang='lat' dir='ltr'><strong>a</strong></span> <span class='ocrx_word' id='word_1_208' title='bbox 2641 1438 2809 1492; x_wconf 86' lang='lat' dir='ltr'><strong>Maria</strong></span> <span class='ocrx_word' id='word_1_209' title='bbox 2851 1439 3046 1504; x_wconf 82' lang='lat' dir='ltr'><strong>traxit,</strong></span> <span class='ocrx_word' id='word_1_210' title='bbox 3080 1438 3390 1510; x_wconf 76' lang='lat' dir='ltr'><strong>cuiusmodi</strong></span> <span class='ocrx_word' id='word_1_211' title='bbox 3431 1441 3650 1493; x_wconf 84' lang='lat' dir='ltr'><strong>tandem</strong></span> 
     </span>
    </p>
   </div>
   <div class='ocr_carea' id='block_1_31' title="bbox 2063 1531 3650 1602">
    <p class='ocr_par' dir='ltr' id='par_1_31' title="bbox 2063 1531 3650 1602">
     <span class='ocr_line' id='line_1_31' title="bbox 2063 1531 3650 1602; baseline -0.001 -14"><span class='ocrx_word' id='word_1_212' title='bbox 2063 1548 2185 1589; x_wconf 86' lang='lat' dir='ltr'><strong>esse</strong></span> <span class='ocrx_word' id='word_1_213' title='bbox 2225 1533 2466 1588; x_wconf 83' lang='lat' dir='ltr'><strong>statuis?</strong></span> <span class='ocrx_word' id='word_1_214' title='bbox 2499 1548 2630 1586; x_wconf 90' lang='lat' dir='ltr'><strong>num</strong></span> <span class='ocrx_word' id='word_1_215' title='bbox 2677 1532 3014 1588; x_wconf 88' lang='lat' dir='ltr'><strong>Salvatorem</strong></span> <span class='ocrx_word' id='word_1_216' title='bbox 3063 1532 3259 1587; x_wconf 88' lang='lat' dir='ltr'><strong>adoras</strong></span> <span class='ocrx_word' id='word_1_217' title='bbox 3296 1531 3350 1586; x_wconf 90' lang='lat' dir='ltr'><strong>in</strong></span> <span class='ocrx_word' id='word_1_218' title='bbox 3383 1546 3650 1602; x_wconf 87' lang='lat' dir='ltr'><strong>corpore.</strong></span> 
     </span>
    </p>
   </div>
   <div class='ocr_carea' id='block_1_32' title="bbox 2065 1624 3654 1695">
    <p class='ocr_par' dir='ltr' id='par_1_32' title="bbox 2065 1624 3654 1695">
     <span class='ocr_line' id='line_1_32' title="bbox 2065 1624 3654 1695; baseline 0 -18"><span class='ocrx_word' id='word_1_219' title='bbox 2065 1640 2132 1679; x_wconf 94' lang='lat' dir='ltr'><strong>an</strong></span> <span class='ocrx_word' id='word_1_220' title='bbox 2159 1640 2266 1679; x_wconf 91' lang='lat' dir='ltr'><strong>non</strong></span> <span class='ocrx_word' id='word_1_221' title='bbox 2293 1624 2528 1680; x_wconf 88' lang='lat' dir='ltr'><strong>adoras?</strong></span> <span class='ocrx_word' id='word_1_222' title='bbox 2556 1625 2676 1691; x_wconf 83' lang='lat' dir='ltr'><strong>Quo</strong></span> <span class='ocrx_word' id='word_1_223' title='bbox 2699 1624 2915 1679; x_wconf 85' lang='lat' dir='ltr'><strong>tandem</strong></span> <span class='ocrx_word' id='word_1_224' title='bbox 2939 1634 3102 1695; x_wconf 91' lang='lat' dir='ltr'><strong>pacto</strong></span> <span class='ocrx_word' id='word_1_225' title='bbox 3129 1640 3237 1679; x_wconf 92' lang='lat' dir='ltr'><strong>non</strong></span> <span class='ocrx_word' id='word_1_226' title='bbox 3259 1625 3520 1678; x_wconf 87' lang='lat' dir='ltr'><strong>adorem?</strong></span> <span class='ocrx_word' id='word_1_227' title='bbox 3546 1625 3654 1679; x_wconf 86' lang='lat' dir='ltr'><strong>nisi</strong></span> 
     </span>
    </p>
   </div>
   <div class='ocr_carea' id='block_1_33' title="bbox 368 1704 1958 1794">
    <p class='ocr_par' dir='ltr' id='par_1_33' title="bbox 368 1713 1958 1794">
     <span class='ocr_line' id='line_1_33' title="bbox 368 1713 1958 1794; baseline -0.007 -15"><span class='ocrx_word' id='word_1_228' title='bbox 368 1724 429 1778; x_wconf 72' lang='grc' dir='ltr'>τὺ</span> <span class='ocrx_word' id='word_1_229' title='bbox 464 1724 648 1794; x_wconf 83' lang='grc' dir='ltr'>σῶμα.</span> <span class='ocrx_word' id='word_1_230' title='bbox 684 1721 861 1791; x_wconf 80' lang='grc' dir='ltr'><strong>Πολλὴ</strong></span> <span class='ocrx_word' id='word_1_231' title='bbox 881 1719 936 1772; x_wconf 79' lang='grc' dir='ltr'>δὲ</span> <span class='ocrx_word' id='word_1_232' title='bbox 961 1718 1355 1790; x_wconf 76' lang='grc' dir='ltr'>φρενοδλὰϐεια</span> <span class='ocrx_word' id='word_1_233' title='bbox 1385 1716 1494 1769; x_wconf 83' lang='grc' dir='ltr'><strong>τῶν</strong></span> <span class='ocrx_word' id='word_1_234' title='bbox 1527 1717 1595 1769; x_wconf 78' lang='grc' dir='ltr'>τὰ</span> <span class='ocrx_word' id='word_1_235' title='bbox 1624 1713 1847 1768; x_wconf 82' lang='grc' dir='ltr'>τοιαῦτα</span> <span class='ocrx_word' id='word_1_236' title='bbox 1874 1716 1958 1768; x_wconf 90' lang='grc' dir='ltr'>λε-</span> 
     </span>
    </p>
   </div>
   <div class='ocr_carea' id='block_1_34' title="bbox 2069 1704 3656 1794">
    <p class='ocr_par' dir='ltr' id='par_1_34' title="bbox 2069 1717 3656 1790">
     <span class='ocr_line' id='line_1_34' title="bbox 2069 1717 3656 1790; baseline -0.001 -17"><span class='ocrx_word' id='word_1_237' title='bbox 2069 1717 2208 1773; x_wconf 87' lang='lat' dir='ltr'><strong>enim</strong></span> <span class='ocrx_word' id='word_1_238' title='bbox 2251 1717 2572 1784; x_wconf 86' lang='lat' dir='ltr'><strong>adoravero,</strong></span> <span class='ocrx_word' id='word_1_239' title='bbox 2626 1719 2790 1772; x_wconf 88' lang='lat' dir='ltr'><strong>vitam</strong></span> <span class='ocrx_word' id='word_1_240' title='bbox 2843 1734 2951 1772; x_wconf 90' lang='lat' dir='ltr'><strong>non</strong></span> <span class='ocrx_word' id='word_1_241' title='bbox 2995 1733 3325 1789; x_wconf 88' lang='lat' dir='ltr'><strong>consequar.</strong></span> <span class='ocrx_word' id='word_1_242' title='bbox 3361 1717 3520 1790; x_wconf 61' lang='lat' dir='ltr'><strong>Ergo.</strong></span> <span class='ocrx_word' id='word_1_243' title='bbox 3571 1717 3656 1771; x_wconf 87' lang='lat' dir='ltr'><strong>in-</strong></span> 
     </span>
    </p>
   </div>
   <div class='ocr_carea' id='block_1_35' title="bbox 373 1807 1959 1890">
    <p class='ocr_par' dir='ltr' id='par_1_35' title="bbox 373 1807 1959 1890">
     <span class='ocr_line' id='line_1_35' title="bbox 373 1807 1959 1890; baseline -0.005 -23"><span class='ocrx_word' id='word_1_244' title='bbox 373 1815 599 1882; x_wconf 79' lang='grc' dir='ltr'>γόντων.</span> <span class='ocrx_word' id='word_1_245' title='bbox 651 1812 764 1865; x_wconf 80' lang='lat' dir='ltr'><strong>Kal.</strong></span> <span class='ocrx_word' id='word_1_246' title='bbox 806 1812 914 1882; x_wconf 77' lang='grc' dir='ltr'><strong>γὰρ</strong></span> <span class='ocrx_word' id='word_1_247' title='bbox 959 1809 1212 1879; x_wconf 80' lang='grc' dir='ltr'>βασιλεὺς</span> <span class='ocrx_word' id='word_1_248' title='bbox 1257 1807 1544 1890; x_wconf 71' lang='grc' dir='ltr'>πορφύραν</span> <span class='ocrx_word' id='word_1_249' title='bbox 1589 1807 1959 1877; x_wconf 78' lang='grc' dir='ltr'><strong>ἐνδεδυμένος,</strong></span> 
     </span>
    </p>
   </div>
   <div class='ocr_carea' id='block_1_36' title="bbox 375 1897 1962 1974">
    <p class='ocr_par' dir='ltr' id='par_1_36' title="bbox 375 1897 1962 1974">
     <span class='ocr_line' id='line_1_36' title="bbox 375 1897 1962 1974; baseline -0.003 -16"><span class='ocrx_word' id='word_1_250' title='bbox 375 1905 478 1958; x_wconf 75' lang='grc' dir='ltr'>ὑπὸ</span> <span class='ocrx_word' id='word_1_251' title='bbox 511 1904 735 1956; x_wconf 80' lang='grc' dir='ltr'>πάντων</span> <span class='ocrx_word' id='word_1_252' title='bbox 769 1905 1179 1974; x_wconf 80' lang='grc' dir='ltr'>προσκυνεῖται,</span> <span class='ocrx_word' id='word_1_253' title='bbox 1220 1897 1329 1973; x_wconf 78' lang='grc' dir='ltr'>ἄρα</span> <span class='ocrx_word' id='word_1_254' title='bbox 1360 1903 1393 1973; x_wconf 80' lang='grc' dir='ltr'><strong>ἡ</strong></span> <span class='ocrx_word' id='word_1_255' title='bbox 1432 1902 1688 1973; x_wconf 67' lang='grc' dir='ltr'>πορφύρα</span> <span class='ocrx_word' id='word_1_256' title='bbox 1723 1918 1962 1972; x_wconf 86' lang='grc' dir='ltr'>προσκυ-</span> 
     </span>
    </p>
   </div>
   <div class='ocr_carea' id='block_1_37' title="bbox 378 1993 1960 2066">
    <p class='ocr_par' dir='ltr' id='par_1_37' title="bbox 378 1993 1960 2066">
     <span class='ocr_line' id='line_1_37' title="bbox 378 1993 1960 2066; baseline -0.001 -17"><span class='ocrx_word' id='word_1_257' title='bbox 378 1998 572 2057; x_wconf 82' lang='grc' dir='ltr'>νεῖται,</span> <span class='ocrx_word' id='word_1_258' title='bbox 619 1997 654 2066; x_wconf 82' lang='grc' dir='ltr'><strong>ῆ</strong></span> <span class='ocrx_word' id='word_1_259' title='bbox 679 1998 707 2049; x_wconf 93' lang='lat'><strong>6</strong></span> <span class='ocrx_word' id='word_1_260' title='bbox 744 1994 1032 2065; x_wconf 80' lang='grc' dir='ltr'>βασιλεύς;</span> <span class='ocrx_word' id='word_1_261' title='bbox 1074 1993 1310 2066; x_wconf 73' lang='grc' dir='ltr'>Εὔδηλον</span> <span class='ocrx_word' id='word_1_262' title='bbox 1345 1997 1425 2049; x_wconf 81' lang='grc' dir='ltr'>ὅτι</span> <span class='ocrx_word' id='word_1_263' title='bbox 1454 1997 1482 2047; x_wconf 89' lang='lat'><strong>6</strong></span> <span class='ocrx_word' id='word_1_264' title='bbox 1513 1996 1789 2065; x_wconf 75' lang='grc' dir='ltr'>βασιλεὺς,</span> <span class='ocrx_word' id='word_1_265' title='bbox 1821 2013 1960 2064; x_wconf 84' lang='grc' dir='ltr'>συμ-</span> 
     </span>
    </p>
   </div>
   <div class='ocr_carea' id='block_1_38' title="bbox 387 2082 1957 2157">
    <p class='ocr_par' dir='ltr' id='par_1_38' title="bbox 387 2082 1957 2157">
     <span class='ocr_line' id='line_1_38' title="bbox 387 2082 1957 2157; baseline -0.001 -21"><span class='ocrx_word' id='word_1_266' title='bbox 387 2088 762 2154; x_wconf 83' lang='grc' dir='ltr'>προσκυνεῖται</span> <span class='ocrx_word' id='word_1_267' title='bbox 793 2084 852 2136; x_wconf 84' lang='grc' dir='ltr'>δὲ</span> <span class='ocrx_word' id='word_1_268' title='bbox 893 2083 1042 2154; x_wconf 79' lang='grc' dir='ltr'>αῦτῷ</span> <span class='ocrx_word' id='word_1_269' title='bbox 1088 2084 1182 2138; x_wconf 70' lang='grc' dir='ltr'><strong>καὶ</strong></span> <span class='ocrx_word' id='word_1_270' title='bbox 1228 2086 1261 2154; x_wconf 74' lang='grc' dir='ltr'><strong>ἡ</strong></span> <span class='ocrx_word' id='word_1_271' title='bbox 1309 2083 1565 2157; x_wconf 76' lang='grc' dir='ltr'>πορφύρα</span> <span class='ocrx_word' id='word_1_272' title='bbox 1613 2082 1957 2154; x_wconf 80' lang='grc' dir='ltr'>φορουμένη·</span> 
     </span>
    </p>
   </div>
   <div class='ocr_carea' id='block_1_39' title="bbox 385 2173 1963 2246">
    <p class='ocr_par' dir='ltr' id='par_1_39' title="bbox 385 2173 1963 2246">
     <span class='ocr_line' id='line_1_39' title="bbox 385 2173 1963 2246; baseline -0.003 -17"><span class='ocrx_word' id='word_1_273' title='bbox 385 2175 745 2246; x_wconf 78' lang='grc' dir='ltr'>ὲκδυσαμένου</span> <span class='ocrx_word' id='word_1_274' title='bbox 775 2174 831 2228; x_wconf 83' lang='grc' dir='ltr'><strong>δὲ</strong></span> <span class='ocrx_word' id='word_1_275' title='bbox 865 2173 1072 2246; x_wconf 84' lang='grc' dir='ltr'>ταύτην</span> <span class='ocrx_word' id='word_1_276' title='bbox 1105 2174 1197 2227; x_wconf 81' lang='grc' dir='ltr'><strong>τοῦ</strong></span> <span class='ocrx_word' id='word_1_277' title='bbox 1233 2174 1520 2244; x_wconf 82' lang='grc' dir='ltr'>βασιλέως,</span> <span class='ocrx_word' id='word_1_278' title='bbox 1551 2174 1643 2227; x_wconf 67' lang='grc' dir='ltr'>καὶ</span> <span class='ocrx_word' id='word_1_279' title='bbox 1678 2175 1757 2236; x_wconf 80' lang='grc' dir='ltr'>εἰς</span> <span class='ocrx_word' id='word_1_280' title='bbox 1799 2174 1963 2225; x_wconf 80' lang='grc' dir='ltr'>τόπον</span> 
     </span>
    </p>
   </div>
   <div class='ocr_carea' id='block_1_40' title="bbox 384 2266 1960 2339">
    <p class='ocr_par' dir='ltr' id='par_1_40' title="bbox 384 2266 1960 2339">
     <span class='ocr_line' id='line_1_40' title="bbox 384 2266 1960 2339; baseline -0.001 -20"><span class='ocrx_word' id='word_1_281' title='bbox 384 2269 628 2338; x_wconf 80' lang='grc' dir='ltr'>θεμένου,</span> <span class='ocrx_word' id='word_1_282' title='bbox 649 2269 829 2321; x_wconf 77' lang='grc' dir='ltr'>οὐκέτι</span> <span class='ocrx_word' id='word_1_283' title='bbox 862 2268 1249 2339; x_wconf 79' lang='grc' dir='ltr'>προσκυνεῖται</span> <span class='ocrx_word' id='word_1_284' title='bbox 1279 2272 1311 2339; x_wconf 83' lang='grc' dir='ltr'>ὴ</span> <span class='ocrx_word' id='word_1_285' title='bbox 1343 2267 1638 2339; x_wconf 80' lang='grc' dir='ltr'>πορφυρίς.</span> <span class='ocrx_word' id='word_1_286' title='bbox 1658 2266 1960 2330; x_wconf 77' lang='grc' dir='ltr'>Καθέζεται</span> 
     </span>
    </p>
   </div>
   <div class='ocr_carea' id='block_1_41' title="bbox 376 2357 1960 2431">
    <p class='ocr_par' dir='ltr' id='par_1_41' title="bbox 376 2357 1960 2431">
     <span class='ocr_line' id='line_1_41' title="bbox 376 2357 1960 2431; baseline 0 -21"><span class='ocrx_word' id='word_1_287' title='bbox 376 2360 467 2411; x_wconf 80' lang='grc' dir='ltr'>καὶ</span> <span class='ocrx_word' id='word_1_288' title='bbox 492 2361 551 2411; x_wconf 81' lang='grc' dir='ltr'>ἐν</span> <span class='ocrx_word' id='word_1_289' title='bbox 580 2359 693 2429; x_wconf 77' lang='grc' dir='ltr'>ναῷ</span> <span class='ocrx_word' id='word_1_290' title='bbox 727 2360 840 2429; x_wconf 76' lang='grc'>(52)</span> <span class='ocrx_word' id='word_1_291' title='bbox 874 2360 1135 2425; x_wconf 81' lang='grc' dir='ltr'>πολλάκις</span> <span class='ocrx_word' id='word_1_292' title='bbox 1168 2360 1421 2431; x_wconf 78' lang='grc' dir='ltr'>βασιλεὺς</span> <span class='ocrx_word' id='word_1_293' title='bbox 1452 2360 1544 2412; x_wconf 76' lang='grc' dir='ltr'>ἐπὶ</span> <span class='ocrx_word' id='word_1_294' title='bbox 1576 2357 1768 2429; x_wconf 88' lang='grc' dir='ltr'>θρόνου</span> <span class='ocrx_word' id='word_1_295' title='bbox 1808 2358 1960 2419; x_wconf 72' lang='grc' dir='ltr'>ἰδίου,</span> 
     </span>
    </p>
   </div>
   <div class='ocr_carea' id='block_1_42' title="bbox 372 2450 1963 2525">
    <p class='ocr_par' dir='ltr' id='par_1_42' title="bbox 372 2450 1963 2525">
     <span class='ocr_line' id='line_1_42' title="bbox 372 2450 1963 2525; baseline -0.001 -22"><span class='ocrx_word' id='word_1_296' title='bbox 372 2451 468 2503; x_wconf 72' lang='grc' dir='ltr'>καὶ</span> <span class='ocrx_word' id='word_1_297' title='bbox 516 2451 568 2502; x_wconf 80' lang='grc' dir='ltr'>οἱ</span> <span class='ocrx_word' id='word_1_298' title='bbox 619 2451 1052 2522; x_wconf 74' lang='grc' dir='ltr'>προσκυνοῦντες</span> <span class='ocrx_word' id='word_1_299' title='bbox 1085 2452 1453 2525; x_wconf 72' lang='grc' dir='ltr'>προσκυνοῦσι</span> <span class='ocrx_word' id='word_1_300' title='bbox 1502 2450 1592 2504; x_wconf 81' lang='grc' dir='ltr'><strong>τὸν</strong></span> <span class='ocrx_word' id='word_1_301' title='bbox 1645 2450 1866 2522; x_wconf 78' lang='grc' dir='ltr'>βασιλέα</span> <span class='ocrx_word' id='word_1_302' title='bbox 1905 2453 1963 2503; x_wconf 81' lang='grc' dir='ltr'>ἐν</span> 
     </span>
    </p>
   </div>
   <div class='ocr_carea' id='block_1_43' title="bbox 369 2537 1962 2614">
    <p class='ocr_par' dir='ltr' id='par_1_43' title="bbox 369 2537 1962 2614">
     <span class='ocr_line' id='line_1_43' title="bbox 369 2537 1962 2614; baseline 0.002 -24"><span class='ocrx_word' id='word_1_303' title='bbox 369 2537 450 2605; x_wconf 85' lang='grc' dir='ltr'>τῷ</span> <span class='ocrx_word' id='word_1_304' title='bbox 481 2537 595 2608; x_wconf 81' lang='grc' dir='ltr'><strong>ναῷ</strong></span> <span class='ocrx_word' id='word_1_305' title='bbox 628 2539 706 2608; x_wconf 78' lang='grc' dir='ltr'><strong>τῷ</strong></span> <span class='ocrx_word' id='word_1_306' title='bbox 740 2539 855 2611; x_wconf 75' lang='grc' dir='ltr'>ἰδίῳ</span> <span class='ocrx_word' id='word_1_307' title='bbox 883 2543 979 2595; x_wconf 73' lang='grc' dir='ltr'>καὶ</span> <span class='ocrx_word' id='word_1_308' title='bbox 1007 2542 1085 2613; x_wconf 83' lang='grc' dir='ltr'>τῷ</span> <span class='ocrx_word' id='word_1_309' title='bbox 1119 2542 1316 2614; x_wconf 87' lang='grc' dir='ltr'>θρόνῳ.</span> <span class='ocrx_word' id='word_1_310' title='bbox 1360 2541 1769 2614; x_wconf 78' lang='grc' dir='ltr'>Ἐξεγερθέντος</span> <span class='ocrx_word' id='word_1_311' title='bbox 1791 2541 1846 2594; x_wconf 83' lang='grc' dir='ltr'>δὲ</span> <span class='ocrx_word' id='word_1_312' title='bbox 1867 2541 1962 2594; x_wconf 89' lang='grc' dir='ltr'><strong>τοῦ</strong></span> 
     </span>
    </p>
   </div>
   <div class='ocr_carea' id='block_1_44' title="bbox 373 2628 1964 2705">
    <p class='ocr_par' dir='ltr' id='par_1_44' title="bbox 373 2628 1964 2705">
     <span class='ocr_line' id='line_1_44' title="bbox 373 2628 1964 2705; baseline 0.003 -25"><span class='ocrx_word' id='word_1_313' title='bbox 373 2628 667 2698; x_wconf 81' lang='grc' dir='ltr'>βασιλέως,</span> <span class='ocrx_word' id='word_1_314' title='bbox 701 2630 877 2694; x_wconf 75' lang='grc' dir='ltr'>οὐδεὶς</span> <span class='ocrx_word' id='word_1_315' title='bbox 905 2628 1028 2684; x_wconf 82' lang='grc' dir='ltr'>οῦτε</span> <span class='ocrx_word' id='word_1_316' title='bbox 1069 2633 1160 2686; x_wconf 81' lang='grc' dir='ltr'>τὸν</span> <span class='ocrx_word' id='word_1_317' title='bbox 1185 2632 1312 2686; x_wconf 85' lang='grc' dir='ltr'>ναὸν</span> <span class='ocrx_word' id='word_1_318' title='bbox 1344 2633 1457 2704; x_wconf 81' lang='grc'><strong>(55)</strong></span> <span class='ocrx_word' id='word_1_319' title='bbox 1491 2633 1615 2688; x_wconf 76' lang='grc' dir='ltr'>οὔτε</span> <span class='ocrx_word' id='word_1_320' title='bbox 1650 2631 1742 2686; x_wconf 81' lang='grc' dir='ltr'><strong>τὸν</strong></span> <span class='ocrx_word' id='word_1_321' title='bbox 1773 2631 1964 2705; x_wconf 80' lang='grc' dir='ltr'>θρόνον</span> 
     </span>
    </p>
   </div>
   <div class='ocr_carea' id='block_1_45' title="bbox 371 2721 1962 2797">
    <p class='ocr_par' dir='ltr' id='par_1_45' title="bbox 371 2721 1962 2797">
     <span class='ocr_line' id='line_1_45' title="bbox 371 2721 1962 2797; baseline 0.003 -26"><span class='ocrx_word' id='word_1_322' title='bbox 371 2723 696 2790; x_wconf 85' lang='grc' dir='ltr'>προσκυνεῖ.</span> <span class='ocrx_word' id='word_1_323' title='bbox 730 2721 921 2786; x_wconf 74' lang='grc' dir='ltr'>Οὐδεὶς</span> <span class='ocrx_word' id='word_1_324' title='bbox 967 2723 1023 2776; x_wconf 81' lang='grc' dir='ltr'>δὲ</span> <span class='ocrx_word' id='word_1_325' title='bbox 1075 2725 1334 2795; x_wconf 83' lang='grc' dir='ltr'>μεμηνὼς</span> <span class='ocrx_word' id='word_1_326' title='bbox 1379 2723 1547 2777; x_wconf 83' lang='grc' dir='ltr'>θέλων</span> <span class='ocrx_word' id='word_1_327' title='bbox 1587 2723 1962 2797; x_wconf 80' lang='grc' dir='ltr'>προσκυνῆσαι</span> 
     </span>
    </p>
   </div>
   <div class='ocr_carea' id='block_1_46' title="bbox 368 2811 1960 2887">
    <p class='ocr_par' dir='ltr' id='par_1_46' title="bbox 368 2811 1960 2887">
     <span class='ocr_line' id='line_1_46' title="bbox 368 2811 1960 2887; baseline 0.004 -25"><span class='ocrx_word' id='word_1_328' title='bbox 368 2812 464 2863; x_wconf 71' lang='grc' dir='ltr'>τὸν</span> <span class='ocrx_word' id='word_1_329' title='bbox 514 2811 743 2881; x_wconf 81' lang='grc' dir='ltr'>βασιλέα</span> <span class='ocrx_word' id='word_1_330' title='bbox 797 2813 856 2864; x_wconf 79' lang='grc' dir='ltr'>ἐν</span> <span class='ocrx_word' id='word_1_331' title='bbox 902 2813 980 2885; x_wconf 81' lang='grc' dir='ltr'>τῷ</span> <span class='ocrx_word' id='word_1_332' title='bbox 1019 2814 1132 2885; x_wconf 85' lang='grc' dir='ltr'><strong>ναῷ</strong></span> <span class='ocrx_word' id='word_1_333' title='bbox 1176 2815 1364 2879; x_wconf 79' lang='grc' dir='ltr'>αὑτοῦ,</span> <span class='ocrx_word' id='word_1_334' title='bbox 1414 2815 1561 2884; x_wconf 74' lang='grc' dir='ltr'>λέγει</span> <span class='ocrx_word' id='word_1_335' title='bbox 1606 2815 1684 2887; x_wconf 85' lang='grc' dir='ltr'><strong>τῷ</strong></span> <span class='ocrx_word' id='word_1_336' title='bbox 1729 2817 1960 2887; x_wconf 87' lang='grc' dir='ltr'>βασιλεῖ,</span> 
     </span>
    </p>
   </div>
   <div class='ocr_carea' id='block_1_47' title="bbox 372 2902 1961 2980">
    <p class='ocr_par' dir='ltr' id='par_1_47' title="bbox 372 2902 1961 2980">
     <span class='ocr_line' id='line_1_47' title="bbox 372 2902 1961 2980; baseline 0.004 -24"><span class='ocrx_word' id='word_1_337' title='bbox 372 2902 601 2969; x_wconf 79' lang='grc' dir='ltr'>Ἐξελοε</span> <span class='ocrx_word' id='word_1_338' title='bbox 631 2906 696 2957; x_wconf 81' lang='grc' dir='ltr'>ὲκ</span> <span class='ocrx_word' id='word_1_339' title='bbox 723 2904 814 2958; x_wconf 91' lang='grc' dir='ltr'><strong>τοῦ</strong></span> <span class='ocrx_word' id='word_1_340' title='bbox 849 2905 978 2960; x_wconf 90' lang='grc' dir='ltr'>ναοῦ</span> <span class='ocrx_word' id='word_1_341' title='bbox 1013 2924 1107 2960; x_wconf 89' lang='grc' dir='ltr'><strong>σου</strong></span> <span class='ocrx_word' id='word_1_342' title='bbox 1145 2908 1232 2960; x_wconf 79' lang='grc' dir='ltr'><strong>ἵνα</strong></span> <span class='ocrx_word' id='word_1_343' title='bbox 1273 2925 1332 2960; x_wconf 94' lang='grc' dir='ltr'><strong>σε</strong></span> <span class='ocrx_word' id='word_1_344' title='bbox 1376 2910 1765 2980; x_wconf 86' lang='grc' dir='ltr'>προσκυνήσω.</span> <span class='ocrx_word' id='word_1_345' title='bbox 1803 2908 1961 2963; x_wconf 81' lang='grc' dir='ltr'>Οῦτω</span> 
     </span>
    </p>
   </div>
   <div class='ocr_carea' id='block_1_48' title="bbox 368 2994 1960 3071">
    <p class='ocr_par' dir='ltr' id='par_1_48' title="bbox 368 2994 1960 3071">
     <span class='ocr_line' id='line_1_48' title="bbox 368 2994 1960 3071; baseline 0.004 -24"><span class='ocrx_word' id='word_1_346' title='bbox 368 2994 504 3063; x_wconf 84' lang='grc' dir='ltr'>γοῦν</span> <span class='ocrx_word' id='word_1_347' title='bbox 532 2995 712 3056; x_wconf 78' lang='grc' dir='ltr'>οὐδεὶς</span> <span class='ocrx_word' id='word_1_348' title='bbox 743 2998 869 3068; x_wconf 78' lang='grc' dir='ltr'>εἴπῃ</span> <span class='ocrx_word' id='word_1_349' title='bbox 909 2997 986 3068; x_wconf 85' lang='grc' dir='ltr'>τῷ</span> <span class='ocrx_word' id='word_1_350' title='bbox 1015 2999 1330 3068; x_wconf 79' lang='grc' dir='ltr'>Μονογενεί,</span> <span class='ocrx_word' id='word_1_351' title='bbox 1368 3001 1539 3069; x_wconf 76' lang='grc' dir='ltr'>Ἀφες</span> <span class='ocrx_word' id='word_1_352' title='bbox 1579 2999 1640 3052; x_wconf 77' lang='grc' dir='ltr'>τὸ</span> <span class='ocrx_word' id='word_1_353' title='bbox 1677 3000 1835 3071; x_wconf 82' lang='grc' dir='ltr'>σῶμα</span> <span class='ocrx_word' id='word_1_354' title='bbox 1875 3001 1960 3054; x_wconf 81' lang='grc' dir='ltr'><strong>ἵνα</strong></span> 
     </span>
    </p>
   </div>
   <div class='ocr_carea' id='block_1_49' title="bbox 368 3089 1959 3163">
    <p class='ocr_par' dir='ltr' id='par_1_49' title="bbox 368 3089 1959 3163">
     <span class='ocr_line' id='line_1_49' title="bbox 368 3089 1959 3163; baseline 0.004 -23"><span class='ocrx_word' id='word_1_355' title='bbox 368 3101 437 3140; x_wconf 83' lang='grc' dir='ltr'><strong>σε</strong></span> <span class='ocrx_word' id='word_1_356' title='bbox 474 3089 843 3160; x_wconf 79' lang='grc' dir='ltr'>προσκυνήσω</span> <span class='ocrx_word' id='word_1_357' title='bbox 864 3105 876 3119; x_wconf 75' lang='grc' dir='ltr'><strong><em>ο</em></strong></span> <span class='ocrx_word' id='word_1_358' title='bbox 901 3089 1038 3142; x_wconf 82' lang='grc' dir='ltr'>ἀλλὰ</span> <span class='ocrx_word' id='word_1_359' title='bbox 1067 3094 1366 3162; x_wconf 87' lang='grc' dir='ltr'>προσκυνεῖ</span> <span class='ocrx_word' id='word_1_360' title='bbox 1399 3091 1492 3144; x_wconf 83' lang='grc' dir='ltr'><strong>σὺν</strong></span> <span class='ocrx_word' id='word_1_361' title='bbox 1517 3091 1594 3163; x_wconf 80' lang='grc' dir='ltr'>τῷ</span> <span class='ocrx_word' id='word_1_362' title='bbox 1628 3091 1839 3163; x_wconf 84' lang='grc' dir='ltr'>σώματι</span> <span class='ocrx_word' id='word_1_363' title='bbox 1869 3094 1959 3146; x_wconf 82' lang='grc' dir='ltr'><strong>τὸν</strong></span> 
     </span>
    </p>
   </div>
   <div class='ocr_carea' id='block_1_50' title="bbox 368 3176 1963 3252">
    <p class='ocr_par' dir='ltr' id='par_1_50' title="bbox 368 3176 1963 3252">
     <span class='ocr_line' id='line_1_50' title="bbox 368 3176 1963 3252; baseline 0.004 -22"><span class='ocrx_word' id='word_1_364' title='bbox 368 3176 655 3248; x_wconf 75' lang='grc' dir='ltr'>Μονογενῆ</span> <span class='ocrx_word' id='word_1_365' title='bbox 688 3177 942 3232; x_wconf 81' lang='grc' dir='ltr'>ἄκτιστον</span> <span class='ocrx_word' id='word_1_366' title='bbox 977 3181 1072 3233; x_wconf 79' lang='grc' dir='ltr'><strong>σῦν</strong></span> <span class='ocrx_word' id='word_1_367' title='bbox 1097 3180 1210 3252; x_wconf 85' lang='grc' dir='ltr'>ναῷ</span> <span class='ocrx_word' id='word_1_368' title='bbox 1243 3179 1319 3250; x_wconf 78' lang='grc' dir='ltr'>τῷ</span> <span class='ocrx_word' id='word_1_369' title='bbox 1361 3181 1522 3252; x_wconf 79' lang='grc' dir='ltr'>ἁγίῳ,</span> <span class='ocrx_word' id='word_1_370' title='bbox 1556 3181 1614 3234; x_wconf 80' lang='grc' dir='ltr'>ὃν</span> <span class='ocrx_word' id='word_1_371' title='bbox 1649 3181 1838 3235; x_wconf 74' lang='grc' dir='ltr'>ἐλαϐεν</span> <span class='ocrx_word' id='word_1_372' title='bbox 1876 3183 1963 3236; x_wconf 83' lang='grc' dir='ltr'><strong>ὲλ-</strong></span> 
     </span>
    </p>
   </div>
   <div class='ocr_carea' id='block_1_51' title="bbox 374 3266 1960 3341">
    <p class='ocr_par' dir='ltr' id='par_1_51' title="bbox 374 3266 1960 3341">
     <span class='ocr_line' id='line_1_51' title="bbox 374 3266 1960 3341; baseline 0.004 -21"><span class='ocrx_word' id='word_1_373' title='bbox 374 3266 504 3322; x_wconf 76' lang='grc' dir='ltr'>θῶν.</span> <span class='ocrx_word' id='word_1_374' title='bbox 542 3268 654 3321; x_wconf 84' lang='lat' dir='ltr'><strong>Kal.</strong></span> <span class='ocrx_word' id='word_1_375' title='bbox 686 3268 862 3331; x_wconf 78' lang='grc' dir='ltr'>οὐδεὶς</span> <span class='ocrx_word' id='word_1_376' title='bbox 909 3269 1056 3337; x_wconf 83' lang='grc' dir='ltr'>λέγει</span> <span class='ocrx_word' id='word_1_377' title='bbox 1102 3271 1179 3341; x_wconf 79' lang='grc' dir='ltr'>τῷ</span> <span class='ocrx_word' id='word_1_378' title='bbox 1210 3270 1451 3341; x_wconf 86' lang='grc' dir='ltr'>βασιλεῖ,</span> <span class='ocrx_word' id='word_1_379' title='bbox 1495 3272 1728 3325; x_wconf 79' lang='grc' dir='ltr'>Ἀνάστα</span> <span class='ocrx_word' id='word_1_380' title='bbox 1767 3275 1830 3326; x_wconf 83' lang='grc' dir='ltr'>ἐκ</span> <span class='ocrx_word' id='word_1_381' title='bbox 1868 3274 1960 3327; x_wconf 91' lang='grc' dir='ltr'><strong>τοῦ</strong></span> 
     </span>
    </p>
   </div>
   <div class='ocr_carea' id='block_1_52' title="bbox 373 3356 1957 3434">
    <p class='ocr_par' dir='ltr' id='par_1_52' title="bbox 373 3356 1957 3434">
     <span class='ocr_line' id='line_1_52' title="bbox 373 3356 1957 3434; baseline 0.005 -26"><span class='ocrx_word' id='word_1_382' title='bbox 373 3356 566 3428; x_wconf 77' lang='grc' dir='ltr'>θρόνου</span> <span class='ocrx_word' id='word_1_383' title='bbox 621 3376 737 3420; x_wconf 90' lang='grc' dir='ltr'>σου,</span> <span class='ocrx_word' id='word_1_384' title='bbox 785 3358 872 3411; x_wconf 79' lang='grc' dir='ltr'>ἵνα</span> <span class='ocrx_word' id='word_1_385' title='bbox 909 3375 966 3411; x_wconf 90' lang='grc' dir='ltr'><strong>σε</strong></span> <span class='ocrx_word' id='word_1_386' title='bbox 1016 3363 1379 3431; x_wconf 76' lang='grc' dir='ltr'>προσκυνήσω</span> <span class='ocrx_word' id='word_1_387' title='bbox 1423 3361 1546 3432; x_wconf 77' lang='grc' dir='ltr'>δίχα</span> <span class='ocrx_word' id='word_1_388' title='bbox 1590 3361 1686 3413; x_wconf 92' lang='grc' dir='ltr'><strong>τοῦ</strong></span> <span class='ocrx_word' id='word_1_389' title='bbox 1735 3361 1957 3434; x_wconf 87' lang='grc' dir='ltr'>θρόνου·</span> 
     </span>
    </p>
   </div>
   <div class='ocr_carea' id='block_1_53' title="bbox 372 3447 1960 3522">
    <p class='ocr_par' dir='ltr' id='par_1_53' title="bbox 372 3447 1960 3522">
     <span class='ocr_line' id='line_1_53' title="bbox 372 3447 1960 3522; baseline 0.003 -20"><span class='ocrx_word' id='word_1_390' title='bbox 372 3447 510 3502; x_wconf 73' lang='grc' dir='ltr'>ἀλλὰ</span> <span class='ocrx_word' id='word_1_391' title='bbox 543 3453 843 3520; x_wconf 82' lang='grc' dir='ltr'>προσκυνεῖ</span> <span class='ocrx_word' id='word_1_392' title='bbox 867 3450 958 3503; x_wconf 85' lang='grc' dir='ltr'><strong>τὸν</strong></span> <span class='ocrx_word' id='word_1_393' title='bbox 989 3450 1215 3520; x_wconf 86' lang='grc' dir='ltr'>βασιλέα</span> <span class='ocrx_word' id='word_1_394' title='bbox 1235 3451 1332 3504; x_wconf 84' lang='grc' dir='ltr'><strong>σῦν</strong></span> <span class='ocrx_word' id='word_1_395' title='bbox 1354 3451 1430 3522; x_wconf 81' lang='grc' dir='ltr'>τῷ</span> <span class='ocrx_word' id='word_1_396' title='bbox 1461 3451 1636 3522; x_wconf 87' lang='grc' dir='ltr'>θρόνῳ</span> <span class='ocrx_word' id='word_1_397' title='bbox 1661 3469 1674 3483; x_wconf 65' lang='grc' dir='ltr'><strong>ι</strong></span> <span class='ocrx_word' id='word_1_398' title='bbox 1708 3454 1803 3506; x_wconf 77' lang='grc' dir='ltr'>καὶ</span> <span class='ocrx_word' id='word_1_399' title='bbox 1828 3452 1960 3521; x_wconf 86' lang='grc' dir='ltr'>γοῦν</span> 
     </span>
    </p>
   </div>
   <div class='ocr_carea' id='block_1_54' title="bbox 373 3542 1959 3618">
    <p class='ocr_par' dir='ltr' id='par_1_54' title="bbox 373 3542 1959 3618">
     <span class='ocr_line' id='line_1_54' title="bbox 373 3542 1959 3618; baseline 0.006 -25"><span class='ocrx_word' id='word_1_400' title='bbox 373 3543 471 3594; x_wconf 76' lang='grc' dir='ltr'>καὶ</span> <span class='ocrx_word' id='word_1_401' title='bbox 499 3545 527 3595; x_wconf 89' lang='grc' dir='ltr'><strong>ό</strong></span> <span class='ocrx_word' id='word_1_402' title='bbox 557 3542 793 3613; x_wconf 80' lang='grc' dir='ltr'>Χριστὸς</span> <span class='ocrx_word' id='word_1_403' title='bbox 827 3547 1216 3615; x_wconf 75' lang='grc' dir='ltr'>προσκυνεῖται</span> <span class='ocrx_word' id='word_1_404' title='bbox 1267 3545 1363 3599; x_wconf 76' lang='grc' dir='ltr'><strong>σὺν</strong></span> <span class='ocrx_word' id='word_1_405' title='bbox 1397 3544 1475 3616; x_wconf 86' lang='grc' dir='ltr'>τῷ</span> <span class='ocrx_word' id='word_1_406' title='bbox 1507 3544 1719 3616; x_wconf 85' lang='grc' dir='ltr'>σώματι</span> <span class='ocrx_word' id='word_1_407' title='bbox 1756 3547 1834 3618; x_wconf 84' lang='grc' dir='ltr'><strong>τῷ</strong></span> <span class='ocrx_word' id='word_1_408' title='bbox 1865 3565 1959 3601; x_wconf 88' lang='grc' dir='ltr'>τα-</span> 
     </span>
    </p>
   </div>
   <div class='ocr_carea' id='block_1_55' title="bbox 374 3631 1066 3707">
    <p class='ocr_par' dir='ltr' id='par_1_55' title="bbox 374 3631 1066 3707">
     <span class='ocr_line' id='line_1_55' title="bbox 374 3631 1066 3707; baseline 0.006 -21"><span class='ocrx_word' id='word_1_409' title='bbox 374 3631 530 3702; x_wconf 70' lang='grc' dir='ltr'>φέντι</span> <span class='ocrx_word' id='word_1_410' title='bbox 566 3635 661 3688; x_wconf 79' lang='grc' dir='ltr'>καὶ</span> <span class='ocrx_word' id='word_1_411' title='bbox 689 3636 1066 3707; x_wconf 81' lang='grc' dir='ltr'>ὲγηγερμένῳ.</span> 
     </span>
    </p>
   </div>
   <div class='ocr_carea' id='block_1_56' title="bbox 451 3901 1960 3978">
    <p class='ocr_par' dir='ltr' id='par_1_56' title="bbox 451 3901 1960 3978">
     <span class='ocr_line' id='line_1_56' title="bbox 451 3901 1960 3978; baseline 0.005 -24"><span class='ocrx_word' id='word_1_412' title='bbox 451 3902 571 3956; x_wconf 83' lang='lat' dir='ltr'><strong>NB&#39;.</strong></span> <span class='ocrx_word' id='word_1_413' title='bbox 625 3903 789 3957; x_wconf 78' lang='grc' dir='ltr'>Ἀλλά</span> <span class='ocrx_word' id='word_1_414' title='bbox 831 3921 989 3972; x_wconf 74' lang='grc' dir='ltr'>φασιο</span> <span class='ocrx_word' id='word_1_415' title='bbox 1040 3902 1104 3957; x_wconf 84' lang='grc' dir='ltr'><strong>Τί</strong></span> <span class='ocrx_word' id='word_1_416' title='bbox 1140 3901 1234 3958; x_wconf 78' lang='grc' dir='ltr'><strong>οὖν</strong></span> <span class='ocrx_word' id='word_1_417' title='bbox 1265 3906 1471 3974; x_wconf 75' lang='grc' dir='ltr'>λέγεις,</span> <span class='ocrx_word' id='word_1_418' title='bbox 1511 3907 1691 3962; x_wconf 80' lang='grc' dir='ltr'>Θέλων</span> <span class='ocrx_word' id='word_1_419' title='bbox 1737 3909 1960 3978; x_wconf 78' lang='grc' dir='ltr'>ἐγέννη-</span> 
     </span>
    </p>
   </div>
   <div class='ocr_carea' id='block_1_57' title="bbox 381 3995 1958 4069">
    <p class='ocr_par' dir='ltr' id='par_1_57' title="bbox 381 3995 1958 4069">
     <span class='ocr_line' id='line_1_57' title="bbox 381 3995 1958 4069; baseline 0.004 -23"><span class='ocrx_word' id='word_1_420' title='bbox 381 4011 471 4047; x_wconf 84' lang='grc' dir='ltr'><strong>σεν</strong></span> <span class='ocrx_word' id='word_1_421' title='bbox 499 3995 612 4065; x_wconf 72' lang='lat' dir='ltr'><strong>(5i)</strong></span> <span class='ocrx_word' id='word_1_422' title='bbox 651 3997 680 4048; x_wconf 80' lang='grc' dir='ltr'><strong>ὁ</strong></span> <span class='ocrx_word' id='word_1_423' title='bbox 714 3996 902 4067; x_wconf 79' lang='grc' dir='ltr'>Πατὴρ</span> <span class='ocrx_word' id='word_1_424' title='bbox 945 3997 1036 4050; x_wconf 68' lang='grc' dir='ltr'><strong>τον</strong></span> <span class='ocrx_word' id='word_1_425' title='bbox 1075 3997 1224 4061; x_wconf 76' lang='grc' dir='ltr'>Υἱὸν,</span> <span class='ocrx_word' id='word_1_426' title='bbox 1276 3998 1307 4068; x_wconf 80' lang='grc' dir='ltr'>ἢ</span> <span class='ocrx_word' id='word_1_427' title='bbox 1359 4000 1432 4069; x_wconf 80' lang='grc' dir='ltr'>μὴ</span> <span class='ocrx_word' id='word_1_428' title='bbox 1487 3999 1692 4064; x_wconf 84' lang='grc' dir='ltr'>θέλων;</span> <span class='ocrx_word' id='word_1_429' title='bbox 1740 4001 1958 4069; x_wconf 72' lang='grc' dir='ltr'>Ἐπειδὴ</span> 
     </span>
    </p>
   </div>
   <div class='ocr_carea' id='block_1_58' title="bbox 455 4155 882 4223">
    <p class='ocr_par' dir='ltr' id='par_1_58' title="bbox 455 4155 882 4223">
     <span class='ocr_line' id='line_1_58' title="bbox 455 4155 882 4223; baseline 0.007 -15"><span class='ocrx_word' id='word_1_430' title='bbox 455 4156 470 4185; x_wconf 78' lang='grc'>⁸</span> <span class='ocrx_word' id='word_1_431' title='bbox 507 4171 596 4223; x_wconf 72' lang='grc' dir='ltr'><strong>π).</strong></span> <span class='ocrx_word' id='word_1_432' title='bbox 627 4155 882 4211; x_wconf 76' lang='grc' dir='ltr'>ἕκαστον.</span> 
     </span>
    </p>
   </div>
   <div class='ocr_carea' id='block_1_59' title="bbox 2064 1809 3653 1880">
    <p class='ocr_par' dir='ltr' id='par_1_59' title="bbox 2064 1809 3653 1880">
     <span class='ocr_line' id='line_1_59' title="bbox 2064 1809 3653 1880; baseline 0 -16"><span class='ocrx_word' id='word_1_433' title='bbox 2064 1810 2289 1880; x_wconf 86' lang='lat' dir='ltr'><strong>quiunt,</strong></span> <span class='ocrx_word' id='word_1_434' title='bbox 2344 1818 2677 1873; x_wconf 88' lang='lat' dir='ltr'><strong>creaturam,</strong></span> <span class='ocrx_word' id='word_1_435' title='bbox 2727 1811 2832 1865; x_wconf 93' lang='lat' dir='ltr'><strong>hoc</strong></span> <span class='ocrx_word' id='word_1_436' title='bbox 2881 1817 2984 1874; x_wconf 86' lang='lat' dir='ltr'><strong>est,</strong></span> <span class='ocrx_word' id='word_1_437' title='bbox 3031 1826 3234 1880; x_wconf 89' lang='lat' dir='ltr'><strong>corpus</strong></span> <span class='ocrx_word' id='word_1_438' title='bbox 3285 1811 3502 1866; x_wconf 89' lang='lat' dir='ltr'><strong>adoras.</strong></span> <span class='ocrx_word' id='word_1_439' title='bbox 3547 1809 3653 1864; x_wconf 89' lang='lat' dir='ltr'><strong>Sed</strong></span> 
     </span>
    </p>
   </div>
   <div class='ocr_carea' id='block_1_60' title="bbox 2065 1902 3656 1974">
    <p class='ocr_par' dir='ltr' id='par_1_60' title="bbox 2065 1902 3656 1974">
     <span class='ocr_line' id='line_1_60' title="bbox 2065 1902 3656 1974; baseline -0.003 -16"><span class='ocrx_word' id='word_1_440' title='bbox 2065 1917 2279 1967; x_wconf 87' lang='lat' dir='ltr'><strong>eorum,</strong></span> <span class='ocrx_word' id='word_1_441' title='bbox 2304 1903 2398 1972; x_wconf 90' lang='lat' dir='ltr'><strong>qui</strong></span> <span class='ocrx_word' id='word_1_442' title='bbox 2439 1903 2512 1956; x_wconf 86' lang='lat' dir='ltr'><strong>ita</strong></span> <span class='ocrx_word' id='word_1_443' title='bbox 2553 1903 2855 1974; x_wconf 82' lang='lat' dir='ltr'><strong>disputant,</strong></span> <span class='ocrx_word' id='word_1_444' title='bbox 2892 1903 3235 1957; x_wconf 83' lang='lat' dir='ltr'><strong>admirabilis</strong></span> <span class='ocrx_word' id='word_1_445' title='bbox 3281 1902 3528 1973; x_wconf 60' lang='lat' dir='ltr'><strong>quadam</strong></span> <span class='ocrx_word' id='word_1_446' title='bbox 3571 1912 3656 1958; x_wconf 88' lang='lat' dir='ltr'><strong>est</strong></span> 
     </span>
    </p>
   </div>
   <div class='ocr_carea' id='block_1_61' title="bbox 2063 1992 3652 2063">
    <p class='ocr_par' dir='ltr' id='par_1_61' title="bbox 2063 1992 3652 2063">
     <span class='ocr_line' id='line_1_61' title="bbox 2063 1992 3652 2063; baseline 0.001 -17"><span class='ocrx_word' id='word_1_447' title='bbox 2063 1994 2340 2048; x_wconf 80' lang='lat' dir='ltr'><strong>vecordia.</strong></span> <span class='ocrx_word' id='word_1_448' title='bbox 2404 1992 2614 2048; x_wconf 84' lang='lat' dir='ltr'><strong>Etenim</strong></span> <span class='ocrx_word' id='word_1_449' title='bbox 2662 2008 2784 2046; x_wconf 91' lang='lat' dir='ltr'><strong>cum</strong></span> <span class='ocrx_word' id='word_1_450' title='bbox 2834 2001 3172 2062; x_wconf 88' lang='lat' dir='ltr'><strong>purpuratus</strong></span> <span class='ocrx_word' id='word_1_451' title='bbox 3230 1995 3530 2063; x_wconf 88' lang='lat' dir='ltr'><strong>imperator</strong></span> <span class='ocrx_word' id='word_1_452' title='bbox 3581 1994 3652 2047; x_wconf 87' lang='lat' dir='ltr'><strong>ab</strong></span> 
     </span>
    </p>
   </div>
   <div class='ocr_carea' id='block_1_62' title="bbox 2064 2067 3655 2152">
    <p class='ocr_par' dir='ltr' id='par_1_62' title="bbox 2064 2067 3655 2152">
     <span class='ocr_line' id='line_1_62' title="bbox 2064 2067 3655 2152; baseline 0.001 -17"><span class='ocrx_word' id='word_1_453' title='bbox 2064 2082 2321 2136; x_wconf 83' lang='lat' dir='ltr'><strong>omnibus</strong></span> <span class='ocrx_word' id='word_1_454' title='bbox 2341 2082 2626 2146; x_wconf 91' lang='lat' dir='ltr'><strong>adoratur,</strong></span> <span class='ocrx_word' id='word_1_455' title='bbox 2650 2091 2828 2136; x_wconf 88' lang='lat' dir='ltr'><strong>utrum</strong></span> <span class='ocrx_word' id='word_1_456' title='bbox 2856 2099 3120 2152; x_wconf 87' lang='lat' dir='ltr'><strong>purpura,</strong></span> <span class='ocrx_word' id='word_1_457' title='bbox 3143 2099 3210 2137; x_wconf 92' lang='lat' dir='ltr'><strong>an</strong></span> <span class='ocrx_word' id='word_1_458' title='bbox 3241 2067 3536 2152; x_wconf 69' lang='lat' dir='ltr'><strong>imperator</strong></span> <span class='ocrx_word' id='word_1_459' title='bbox 3557 2083 3655 2136; x_wconf 84' lang='lat' dir='ltr'><strong>ad-</strong></span> 
     </span>
    </p>
   </div>
   <div class='ocr_carea' id='block_1_63' title="bbox 2063 2172 3654 2244">
    <p class='ocr_par' dir='ltr' id='par_1_63' title="bbox 2063 2172 3654 2244">
     <span class='ocr_line' id='line_1_63' title="bbox 2063 2172 3654 2244; baseline 0.001 -18"><span class='ocrx_word' id='word_1_460' title='bbox 2063 2173 2292 2226; x_wconf 91' lang='lat' dir='ltr'><strong>oratur?</strong></span> <span class='ocrx_word' id='word_1_461' title='bbox 2328 2172 2580 2228; x_wconf 83' lang='lat' dir='ltr'><strong>Profecto</strong></span> <span class='ocrx_word' id='word_1_462' title='bbox 2614 2175 2915 2242; x_wconf 83' lang='lat' dir='ltr'><strong>imperator</strong></span> <span class='ocrx_word' id='word_1_463' title='bbox 2943 2175 3076 2241; x_wconf 90' lang='lat' dir='ltr'><strong>ipse,</strong></span> <span class='ocrx_word' id='word_1_464' title='bbox 3116 2189 3240 2228; x_wconf 93' lang='lat' dir='ltr'><strong>cum</strong></span> <span class='ocrx_word' id='word_1_465' title='bbox 3268 2189 3378 2244; x_wconf 88' lang='lat' dir='ltr'><strong>quo</strong></span> <span class='ocrx_word' id='word_1_466' title='bbox 3411 2189 3654 2244; x_wconf 87' lang='lat' dir='ltr'><strong>purpura</strong></span> 
     </span>
    </p>
   </div>
   <div class='ocr_carea' id='block_1_64' title="bbox 2065 2263 3654 2335">
    <p class='ocr_par' dir='ltr' id='par_1_64' title="bbox 2065 2263 3654 2335">
     <span class='ocr_line' id='line_1_64' title="bbox 2065 2263 3654 2335; baseline 0.001 -19"><span class='ocrx_word' id='word_1_467' title='bbox 2065 2264 2362 2334; x_wconf 86' lang='lat' dir='ltr'><strong>illa,quam</strong></span> <span class='ocrx_word' id='word_1_468' title='bbox 2388 2272 2588 2334; x_wconf 83' lang='lat' dir='ltr'><strong>gestat,</strong></span> <span class='ocrx_word' id='word_1_469' title='bbox 2625 2263 3080 2318; x_wconf 85' lang='lat' dir='ltr'><strong>adoratur.llanc</strong></span> <span class='ocrx_word' id='word_1_470' title='bbox 3115 2280 3238 2318; x_wconf 88' lang='lat' dir='ltr'><strong>cum</strong></span> <span class='ocrx_word' id='word_1_471' title='bbox 3266 2265 3654 2335; x_wconf 78' lang='lat' dir='ltr'><strong>exueritprin~</strong></span> 
     </span>
    </p>
   </div>
   <div class='ocr_carea' id='block_1_65' title="bbox 2061 2357 3653 2427">
    <p class='ocr_par' dir='ltr' id='par_1_65' title="bbox 2061 2357 3653 2427">
     <span class='ocr_line' id='line_1_65' title="bbox 2061 2357 3653 2427; baseline 0.001 -18"><span class='ocrx_word' id='word_1_472' title='bbox 2061 2371 2192 2426; x_wconf 91' lang='lat' dir='ltr'><strong>ceps</strong></span> <span class='ocrx_word' id='word_1_473' title='bbox 2219 2365 2272 2411; x_wconf 92' lang='lat' dir='ltr'><strong>et</strong></span> <span class='ocrx_word' id='word_1_474' title='bbox 2302 2372 2401 2410; x_wconf 87' lang='lat' dir='ltr'><strong>suo</strong></span> <span class='ocrx_word' id='word_1_475' title='bbox 2437 2357 2560 2409; x_wconf 93' lang='lat' dir='ltr'><strong>loco</strong></span> <span class='ocrx_word' id='word_1_476' title='bbox 2591 2357 2924 2426; x_wconf 89' lang='lat' dir='ltr'><strong>reposuerit,</strong></span> <span class='ocrx_word' id='word_1_477' title='bbox 2957 2372 3063 2410; x_wconf 90' lang='lat' dir='ltr'><strong>non</strong></span> <span class='ocrx_word' id='word_1_478' title='bbox 3093 2357 3329 2427; x_wconf 88' lang='lat' dir='ltr'><strong>amplius</strong></span> <span class='ocrx_word' id='word_1_479' title='bbox 3378 2371 3653 2426; x_wconf 88' lang='lat' dir='ltr'><strong>purpurea</strong></span> 
     </span>
    </p>
   </div>
   <div class='ocr_carea' id='block_1_66' title="bbox 2064 2447 3656 2518">
    <p class='ocr_par' dir='ltr' id='par_1_66' title="bbox 2064 2447 3656 2518">
     <span class='ocr_line' id='line_1_66' title="bbox 2064 2447 3656 2518; baseline 0.001 -18"><span class='ocrx_word' id='word_1_480' title='bbox 2064 2448 2234 2503; x_wconf 85' lang='lat' dir='ltr'><strong>vcstis</strong></span> <span class='ocrx_word' id='word_1_481' title='bbox 2263 2447 2545 2502; x_wconf 88' lang='lat' dir='ltr'><strong>adoratur.</strong></span> <span class='ocrx_word' id='word_1_482' title='bbox 2589 2447 2740 2516; x_wconf 64' lang='lat' dir='ltr'><strong>Smpe</strong></span> <span class='ocrx_word' id='word_1_483' title='bbox 2784 2463 3017 2503; x_wconf 84' lang='lat' dir='ltr'><strong>numero</strong></span> <span class='ocrx_word' id='word_1_484' title='bbox 3063 2449 3285 2510; x_wconf 87' lang='lat' dir='ltr'><strong>accidit,</strong></span> <span class='ocrx_word' id='word_1_485' title='bbox 3320 2458 3380 2501; x_wconf 90' lang='lat' dir='ltr'><strong>ut</strong></span> <span class='ocrx_word' id='word_1_486' title='bbox 3421 2451 3656 2518; x_wconf 52' lang='lat' dir='ltr'><strong>impera-</strong></span> 
     </span>
    </p>
   </div>
   <div class='ocr_carea' id='block_1_67' title="bbox 2066 2538 3652 2610">
    <p class='ocr_par' dir='ltr' id='par_1_67' title="bbox 2066 2538 3652 2610">
     <span class='ocr_line' id='line_1_67' title="bbox 2066 2538 3652 2610; baseline 0.002 -20"><span class='ocrx_word' id='word_1_487' title='bbox 2066 2546 2154 2591; x_wconf 92' lang='lat' dir='ltr'><strong>tor</strong></span> <span class='ocrx_word' id='word_1_488' title='bbox 2182 2539 2235 2592; x_wconf 91' lang='lat' dir='ltr'><strong>in</strong></span> <span class='ocrx_word' id='word_1_489' title='bbox 2266 2539 2562 2610; x_wconf 85' lang='lat' dir='ltr'><strong>augustali,</strong></span> <span class='ocrx_word' id='word_1_490' title='bbox 2598 2554 2700 2592; x_wconf 88' lang='lat' dir='ltr'><strong>suo</strong></span> <span class='ocrx_word' id='word_1_491' title='bbox 2733 2538 2784 2591; x_wconf 90' lang='lat' dir='ltr'><strong>in</strong></span> <span class='ocrx_word' id='word_1_492' title='bbox 2819 2540 2960 2593; x_wconf 91' lang='lat' dir='ltr'><strong>solio</strong></span> <span class='ocrx_word' id='word_1_493' title='bbox 2992 2541 3274 2594; x_wconf 77' lang='lat' dir='ltr'><strong>consident</strong></span> <span class='ocrx_word' id='word_1_494' title='bbox 3296 2579 3311 2604; x_wconf 92' lang='lat'><strong>,</strong></span> <span class='ocrx_word' id='word_1_495' title='bbox 3350 2541 3534 2610; x_wconf 83' lang='lat' dir='ltr'><strong>ibique</strong></span> <span class='ocrx_word' id='word_1_496' title='bbox 3560 2542 3652 2610; x_wconf 91' lang='lat' dir='ltr'><strong>qui</strong></span> 
     </span>
    </p>
   </div>
   <div class='ocr_carea' id='block_1_68' title="bbox 2068 2628 3654 2699">
    <p class='ocr_par' dir='ltr' id='par_1_68' title="bbox 2068 2628 3654 2699">
     <span class='ocr_line' id='line_1_68' title="bbox 2068 2628 3654 2699; baseline 0 -18"><span class='ocrx_word' id='word_1_497' title='bbox 2068 2628 2456 2698; x_wconf 86' lang='lat' dir='ltr'><strong>imperatorem</strong></span> <span class='ocrx_word' id='word_1_498' title='bbox 2505 2639 2859 2689; x_wconf 82' lang='lat' dir='ltr'><strong>venerantur,</strong></span> <span class='ocrx_word' id='word_1_499' title='bbox 2903 2637 3011 2682; x_wconf 90' lang='lat' dir='ltr'><strong>tam</strong></span> <span class='ocrx_word' id='word_1_500' title='bbox 3057 2629 3235 2698; x_wconf 87' lang='lat' dir='ltr'><strong>ipsum</strong></span> <span class='ocrx_word' id='word_1_501' title='bbox 3271 2631 3324 2683; x_wconf 93' lang='lat' dir='ltr'><strong>in</strong></span> <span class='ocrx_word' id='word_1_502' title='bbox 3358 2630 3654 2699; x_wconf 84' lang='lat' dir='ltr'><strong>augustali,</strong></span> 
     </span>
    </p>
   </div>
   <div class='ocr_carea' id='block_1_69' title="bbox 2067 2721 3658 2792">
    <p class='ocr_par' dir='ltr' id='par_1_69' title="bbox 2067 2721 3658 2792">
     <span class='ocr_line' id='line_1_69' title="bbox 2067 2721 3658 2792; baseline 0.001 -20"><span class='ocrx_word' id='word_1_503' title='bbox 2067 2736 2231 2790; x_wconf 89' lang='lat' dir='ltr'><strong>quam</strong></span> <span class='ocrx_word' id='word_1_504' title='bbox 2280 2721 2480 2774; x_wconf 87' lang='lat' dir='ltr'><strong>solium</strong></span> <span class='ocrx_word' id='word_1_505' title='bbox 2531 2721 2705 2789; x_wconf 91' lang='lat' dir='ltr'><strong>ipsius</strong></span> <span class='ocrx_word' id='word_1_506' title='bbox 2753 2721 3006 2775; x_wconf 88' lang='lat' dir='ltr'><strong>adorent.</strong></span> <span class='ocrx_word' id='word_1_507' title='bbox 3057 2722 3175 2775; x_wconf 74' lang='lat' dir='ltr'><strong>lilox</strong></span> <span class='ocrx_word' id='word_1_508' title='bbox 3217 2723 3307 2775; x_wconf 89' lang='lat' dir='ltr'><strong>ubi</strong></span> <span class='ocrx_word' id='word_1_509' title='bbox 3359 2723 3658 2792; x_wconf 89' lang='lat' dir='ltr'><strong>imperator</strong></span> 
     </span>
    </p>
   </div>
   <div class='ocr_carea' id='block_1_70' title="bbox 2067 2813 3655 2883">
    <p class='ocr_par' dir='ltr' id='par_1_70' title="bbox 2067 2813 3655 2883">
     <span class='ocr_line' id='line_1_70' title="bbox 2067 2813 3655 2883; baseline -0.001 -17"><span class='ocrx_word' id='word_1_510' title='bbox 2067 2813 2436 2867; x_wconf 86' lang='lat' dir='ltr'><strong>assurrexerit</strong></span> <span class='ocrx_word' id='word_1_511' title='bbox 2465 2828 2528 2866; x_wconf 86' lang='lat' dir='ltr'><strong>ac</strong></span> <span class='ocrx_word' id='word_1_512' title='bbox 2559 2813 2896 2874; x_wconf 90' lang='lat' dir='ltr'><strong>discesserit,</strong></span> <span class='ocrx_word' id='word_1_513' title='bbox 2925 2829 3086 2867; x_wconf 92' lang='lat' dir='ltr'><strong>nemo</strong></span> <span class='ocrx_word' id='word_1_514' title='bbox 3109 2815 3394 2883; x_wconf 88' lang='lat' dir='ltr'><strong>augustale</strong></span> <span class='ocrx_word' id='word_1_515' title='bbox 3419 2813 3655 2882; x_wconf 87' lang='lat' dir='ltr'><strong>amplius</strong></span> 
     </span>
    </p>
   </div>
   <div class='ocr_carea' id='block_1_71' title="bbox 2066 2902 3656 2967">
    <p class='ocr_par' dir='ltr' id='par_1_71' title="bbox 2066 2902 3656 2967">
     <span class='ocr_line' id='line_1_71' title="bbox 2066 2902 3656 2967; baseline -0.001 -9"><span class='ocrx_word' id='word_1_516' title='bbox 2066 2913 2160 2958; x_wconf 92' lang='lat' dir='ltr'><strong>aut</strong></span> <span class='ocrx_word' id='word_1_517' title='bbox 2192 2905 2388 2958; x_wconf 88' lang='lat' dir='ltr'><strong>solium</strong></span> <span class='ocrx_word' id='word_1_518' title='bbox 2418 2903 2628 2957; x_wconf 88' lang='lat' dir='ltr'><strong>adorat.</strong></span> <span class='ocrx_word' id='word_1_519' title='bbox 2660 2902 2830 2958; x_wconf 90' lang='lat' dir='ltr'><strong>Nemo</strong></span> <span class='ocrx_word' id='word_1_520' title='bbox 2865 2919 2995 2957; x_wconf 84' lang='lat' dir='ltr'><strong>vero</strong></span> <span class='ocrx_word' id='word_1_521' title='bbox 3025 2906 3163 2958; x_wconf 91' lang='lat' dir='ltr'><strong>adeo</strong></span> <span class='ocrx_word' id='word_1_522' title='bbox 3195 2906 3424 2959; x_wconf 90' lang='lat' dir='ltr'><strong>insanus</strong></span> <span class='ocrx_word' id='word_1_523' title='bbox 3457 2913 3562 2967; x_wconf 89' lang='lat' dir='ltr'><strong>est,</strong></span> <span class='ocrx_word' id='word_1_524' title='bbox 3595 2913 3656 2957; x_wconf 86' lang='lat' dir='ltr'><strong>ut</strong></span> 
     </span>
    </p>
   </div>
   <div class='ocr_carea' id='block_1_72' title="bbox 2069 2996 3652 3067">
    <p class='ocr_par' dir='ltr' id='par_1_72' title="bbox 2069 2996 3652 3067">
     <span class='ocr_line' id='line_1_72' title="bbox 2069 2996 3652 3067; baseline 0 -18"><span class='ocrx_word' id='word_1_525' title='bbox 2069 2997 2453 3065; x_wconf 82' lang='lat' dir='ltr'><strong>imperatorem</strong></span> <span class='ocrx_word' id='word_1_526' title='bbox 2499 2996 2730 3051; x_wconf 90' lang='lat' dir='ltr'><strong>adorare</strong></span> <span class='ocrx_word' id='word_1_527' title='bbox 2775 2998 3030 3067; x_wconf 87' lang='lat' dir='ltr'><strong>cupiens.</strong></span> <span class='ocrx_word' id='word_1_528' title='bbox 3073 2997 3121 3051; x_wconf 91' lang='lat' dir='ltr'><strong>ci</strong></span> <span class='ocrx_word' id='word_1_529' title='bbox 3169 2997 3352 3050; x_wconf 90' lang='lat' dir='ltr'><strong>dicere</strong></span> <span class='ocrx_word' id='word_1_530' title='bbox 3404 2996 3602 3050; x_wconf 89' lang='lat' dir='ltr'><strong>audeat</strong></span> <span class='ocrx_word' id='word_1_531' title='bbox 3639 3015 3652 3049; x_wconf 88' lang='lat'>:</span> 
     </span>
    </p>
   </div>
   <div class='ocr_carea' id='block_1_73' title="bbox 1989 3059 3655 3160">
    <p class='ocr_par' dir='ltr' id='par_1_73' title="bbox 1989 3059 3655 3160">
     <span class='ocr_line' id='line_1_73' title="bbox 1989 3059 3655 3160; baseline 0.001 -18"><span class='ocrx_word' id='word_1_532' title='bbox 1989 3059 2034 3117; x_wconf 64' lang='grc' dir='ltr'>α</span> <span class='ocrx_word' id='word_1_533' title='bbox 2073 3088 2364 3160; x_wconf 79' lang='lat' dir='ltr'><strong>Digrcdere</strong></span> <span class='ocrx_word' id='word_1_534' title='bbox 2400 3104 2464 3143; x_wconf 85' lang='lat' dir='ltr'><strong>ex</strong></span> <span class='ocrx_word' id='word_1_535' title='bbox 2507 3089 2600 3142; x_wconf 93' lang='lat' dir='ltr'><strong>illo</strong></span> <span class='ocrx_word' id='word_1_536' title='bbox 2639 3098 2733 3142; x_wconf 86' lang='lat' dir='ltr'><strong>tuo</strong></span> <span class='ocrx_word' id='word_1_537' title='bbox 2767 3059 3041 3159; x_wconf 81' lang='lat' dir='ltr'><strong>augustali</strong></span> <span class='ocrx_word' id='word_1_538' title='bbox 3083 3097 3141 3141; x_wconf 90' lang='lat' dir='ltr'><strong>ut</strong></span> <span class='ocrx_word' id='word_1_539' title='bbox 3182 3089 3404 3143; x_wconf 89' lang='lat' dir='ltr'><strong>adorem</strong></span> <span class='ocrx_word' id='word_1_540' title='bbox 3444 3098 3514 3143; x_wconf 90' lang='lat' dir='ltr'><strong>te.</strong></span> <span class='ocrx_word' id='word_1_541' title='bbox 3549 3089 3655 3160; x_wconf 79' lang='lat'><strong>55</strong></span> 
     </span>
    </p>
   </div>
   <div class='ocr_carea' id='block_1_74' title="bbox 2071 3179 3658 3252">
    <p class='ocr_par' dir='ltr' id='par_1_74' title="bbox 2071 3179 3658 3252">
     <span class='ocr_line' id='line_1_74' title="bbox 2071 3179 3658 3252; baseline 0.001 -18"><span class='ocrx_word' id='word_1_542' title='bbox 2071 3181 2144 3234; x_wconf 90' lang='lat' dir='ltr'><strong>Ita</strong></span> <span class='ocrx_word' id='word_1_543' title='bbox 2173 3197 2301 3252; x_wconf 79' lang='lat' dir='ltr'><strong>ergo</strong></span> <span class='ocrx_word' id='word_1_544' title='bbox 2327 3179 2617 3252; x_wconf 77' lang='lat' dir='ltr'><strong>Unigenito</strong></span> <span class='ocrx_word' id='word_1_545' title='bbox 2644 3180 2779 3234; x_wconf 85' lang='lat' dir='ltr'><strong>Filio</strong></span> <span class='ocrx_word' id='word_1_546' title='bbox 2815 3198 2974 3235; x_wconf 87' lang='lat' dir='ltr'><strong>nemo</strong></span> <span class='ocrx_word' id='word_1_547' title='bbox 3009 3181 3209 3234; x_wconf 82' lang='lat' dir='ltr'><strong>dixerit</strong></span> <span class='ocrx_word' id='word_1_548' title='bbox 3241 3200 3252 3234; x_wconf 94' lang='lat'>:</span> <span class='ocrx_word' id='word_1_549' title='bbox 3289 3180 3506 3250; x_wconf 78' lang='lat' dir='ltr'><strong>Depone</strong></span> <span class='ocrx_word' id='word_1_550' title='bbox 3533 3196 3658 3235; x_wconf 83' lang='lat' dir='ltr'><strong>cor-</strong></span> 
     </span>
    </p>
   </div>
   <div class='ocr_carea' id='block_1_75' title="bbox 2071 3273 3656 3342">
    <p class='ocr_par' dir='ltr' id='par_1_75' title="bbox 2071 3273 3656 3342">
     <span class='ocr_line' id='line_1_75' title="bbox 2071 3273 3656 3342; baseline 0 -16"><span class='ocrx_word' id='word_1_551' title='bbox 2071 3289 2172 3341; x_wconf 82' lang='lat' dir='ltr'><strong>pus</strong></span> <span class='ocrx_word' id='word_1_552' title='bbox 2215 3282 2271 3327; x_wconf 92' lang='lat' dir='ltr'><strong>ut</strong></span> <span class='ocrx_word' id='word_1_553' title='bbox 2325 3273 2545 3328; x_wconf 91' lang='lat' dir='ltr'><strong>adorem</strong></span> <span class='ocrx_word' id='word_1_554' title='bbox 2587 3282 2659 3328; x_wconf 91' lang='lat' dir='ltr'><strong>te.</strong></span> <span class='ocrx_word' id='word_1_555' title='bbox 2709 3273 2814 3328; x_wconf 90' lang='lat' dir='ltr'><strong>Sed</strong></span> <span class='ocrx_word' id='word_1_556' title='bbox 2867 3273 3222 3342; x_wconf 88' lang='lat' dir='ltr'><strong>Uuigenitum</strong></span> <span class='ocrx_word' id='word_1_557' title='bbox 3277 3274 3471 3329; x_wconf 88' lang='lat' dir='ltr'><strong>adorat</strong></span> <span class='ocrx_word' id='word_1_558' title='bbox 3529 3288 3656 3328; x_wconf 89' lang='lat' dir='ltr'><strong>cum</strong></span> 
     </span>
    </p>
   </div>
   <div class='ocr_carea' id='block_1_76' title="bbox 2071 3366 3657 3434">
    <p class='ocr_par' dir='ltr' id='par_1_76' title="bbox 2071 3366 3657 3434">
     <span class='ocr_line' id='line_1_76' title="bbox 2071 3366 3657 3434; baseline 0.001 -16"><span class='ocrx_word' id='word_1_559' title='bbox 2071 3379 2321 3434; x_wconf 82' lang='lat' dir='ltr'><strong>corpore,</strong></span> <span class='ocrx_word' id='word_1_560' title='bbox 2357 3366 2458 3419; x_wconf 91' lang='lat' dir='ltr'><strong>hoc</strong></span> <span class='ocrx_word' id='word_1_561' title='bbox 2489 3375 2592 3426; x_wconf 88' lang='lat' dir='ltr'><strong>est.</strong></span> <span class='ocrx_word' id='word_1_562' title='bbox 2627 3366 2930 3420; x_wconf 90' lang='lat' dir='ltr'><strong>increatum</strong></span> <span class='ocrx_word' id='word_1_563' title='bbox 2965 3367 3116 3420; x_wconf 91' lang='lat' dir='ltr'><strong>illum</strong></span> <span class='ocrx_word' id='word_1_564' title='bbox 3143 3381 3266 3420; x_wconf 92' lang='lat' dir='ltr'><strong>cum</strong></span> <span class='ocrx_word' id='word_1_565' title='bbox 3301 3367 3657 3421; x_wconf 80' lang='lat' dir='ltr'><strong>sanctissimo</strong></span> 
     </span>
    </p>
   </div>
   <div class='ocr_carea' id='block_1_77' title="bbox 2069 3458 3653 3530">
    <p class='ocr_par' dir='ltr' id='par_1_77' title="bbox 2069 3458 3653 3530">
     <span class='ocr_line' id='line_1_77' title="bbox 2069 3458 3653 3530; baseline 0.002 -21"><span class='ocrx_word' id='word_1_566' title='bbox 2069 3458 2291 3526; x_wconf 81' lang='lat' dir='ltr'><strong>templo,</strong></span> <span class='ocrx_word' id='word_1_567' title='bbox 2323 3459 2467 3528; x_wconf 92' lang='lat' dir='ltr'><strong>quod</strong></span> <span class='ocrx_word' id='word_1_568' title='bbox 2513 3459 2616 3514; x_wconf 92' lang='lat' dir='ltr'><strong>sibi</strong></span> <span class='ocrx_word' id='word_1_569' title='bbox 2652 3459 2949 3515; x_wconf 84' lang='lat' dir='ltr'><strong>adveniens</strong></span> <span class='ocrx_word' id='word_1_570' title='bbox 2993 3460 3260 3530; x_wconf 81' lang='lat' dir='ltr'><strong>adjunxit.</strong></span> <span class='ocrx_word' id='word_1_571' title='bbox 3300 3461 3472 3513; x_wconf 87' lang='lat' dir='ltr'><strong>Nemo</strong></span> <span class='ocrx_word' id='word_1_572' title='bbox 3525 3459 3653 3514; x_wconf 90' lang='lat' dir='ltr'><strong>item</strong></span> 
     </span>
    </p>
   </div>
   <div class='ocr_carea' id='block_1_78' title="bbox 2069 3548 3651 3620">
    <p class='ocr_par' dir='ltr' id='par_1_78' title="bbox 2069 3548 3651 3620">
     <span class='ocr_line' id='line_1_78' title="bbox 2069 3548 3651 3620; baseline 0.001 -19"><span class='ocrx_word' id='word_1_573' title='bbox 2069 3548 2384 3618; x_wconf 89' lang='lat' dir='ltr'><strong>imperatori</strong></span> <span class='ocrx_word' id='word_1_574' title='bbox 2416 3549 2548 3603; x_wconf 92' lang='lat' dir='ltr'><strong>dicit</strong></span> <span class='ocrx_word' id='word_1_575' title='bbox 2578 3569 2589 3602; x_wconf 92' lang='lat'><strong>:</strong></span> <span class='ocrx_word' id='word_1_576' title='bbox 2623 3551 2796 3620; x_wconf 87' lang='lat' dir='ltr'><strong>Surge</strong></span> <span class='ocrx_word' id='word_1_577' title='bbox 2828 3566 2891 3604; x_wconf 77' lang='lat' dir='ltr'><strong>ex</strong></span> <span class='ocrx_word' id='word_1_578' title='bbox 2923 3552 3015 3604; x_wconf 92' lang='lat' dir='ltr'><strong>illo</strong></span> <span class='ocrx_word' id='word_1_579' title='bbox 3043 3558 3138 3603; x_wconf 92' lang='lat' dir='ltr'><strong>tuo</strong></span> <span class='ocrx_word' id='word_1_580' title='bbox 3168 3551 3326 3611; x_wconf 86' lang='lat' dir='ltr'><strong>solio.</strong></span> <span class='ocrx_word' id='word_1_581' title='bbox 3354 3559 3413 3604; x_wconf 95' lang='lat' dir='ltr'><strong>ut</strong></span> <span class='ocrx_word' id='word_1_582' title='bbox 3445 3559 3495 3604; x_wconf 93' lang='lat' dir='ltr'><strong>te</strong></span> <span class='ocrx_word' id='word_1_583' title='bbox 3516 3551 3651 3603; x_wconf 87' lang='lat' dir='ltr'><strong>citra</strong></span> 
     </span>
    </p>
   </div>
   <div class='ocr_carea' id='block_1_79' title="bbox 2070 3641 3651 3712">
    <p class='ocr_par' dir='ltr' id='par_1_79' title="bbox 2070 3641 3651 3712">
     <span class='ocr_line' id='line_1_79' title="bbox 2070 3641 3651 3712; baseline -0.003 -16"><span class='ocrx_word' id='word_1_584' title='bbox 2070 3641 2269 3696; x_wconf 87' lang='lat' dir='ltr'><strong>soliqu</strong></span> <span class='ocrx_word' id='word_1_585' title='bbox 2304 3641 2558 3701; x_wconf 81' lang='lat' dir='ltr'><strong>adorem;</strong></span> <span class='ocrx_word' id='word_1_586' title='bbox 2594 3643 2687 3697; x_wconf 83' lang='lat' dir='ltr'><strong>sed</strong></span> <span class='ocrx_word' id='word_1_587' title='bbox 2716 3658 2838 3696; x_wconf 89' lang='lat' dir='ltr'><strong>cum</strong></span> <span class='ocrx_word' id='word_1_588' title='bbox 2864 3643 3002 3696; x_wconf 78' lang='lat' dir='ltr'><strong>solio</strong></span> <span class='ocrx_word' id='word_1_589' title='bbox 3027 3643 3408 3712; x_wconf 72' lang='lat' dir='ltr'><strong>imperatorem</strong></span> <span class='ocrx_word' id='word_1_590' title='bbox 3439 3641 3651 3694; x_wconf 91' lang='lat' dir='ltr'><strong>adorat.</strong></span> 
     </span>
    </p>
   </div>
   <div class='ocr_carea' id='block_1_80' title="bbox 2074 3729 3654 3802">
    <p class='ocr_par' dir='ltr' id='par_1_80' title="bbox 2074 3729 3654 3802">
     <span class='ocr_line' id='line_1_80' title="bbox 2074 3729 3654 3802; baseline 0.002 -20"><span class='ocrx_word' id='word_1_591' title='bbox 2074 3729 2152 3782; x_wconf 82' lang='lat' dir='ltr'><strong>Ad</strong></span> <span class='ocrx_word' id='word_1_592' title='bbox 2183 3731 2435 3784; x_wconf 87' lang='lat' dir='ltr'><strong>eumdem</strong></span> <span class='ocrx_word' id='word_1_593' title='bbox 2469 3733 2652 3801; x_wconf 89' lang='lat' dir='ltr'><strong>itaque</strong></span> <span class='ocrx_word' id='word_1_594' title='bbox 2690 3731 2910 3786; x_wconf 88' lang='lat' dir='ltr'><strong>modum</strong></span> <span class='ocrx_word' id='word_1_595' title='bbox 2959 3748 3082 3786; x_wconf 81' lang='lat' dir='ltr'><strong>cum</strong></span> <span class='ocrx_word' id='word_1_596' title='bbox 3128 3733 3343 3802; x_wconf 82' lang='lat' dir='ltr'><strong>sepulto</strong></span> <span class='ocrx_word' id='word_1_597' title='bbox 3384 3731 3654 3785; x_wconf 89' lang='lat' dir='ltr'><strong>excitato-</strong></span> 
     </span>
    </p>
   </div>
   <div class='ocr_carea' id='block_1_81' title="bbox 2071 3823 3038 3890">
    <p class='ocr_par' dir='ltr' id='par_1_81' title="bbox 2071 3823 3038 3890">
     <span class='ocr_line' id='line_1_81' title="bbox 2071 3823 3038 3890; baseline 0.004 -18"><span class='ocrx_word' id='word_1_598' title='bbox 2071 3836 2176 3890; x_wconf 88' lang='lat' dir='ltr'><strong>quc</strong></span> <span class='ocrx_word' id='word_1_599' title='bbox 2205 3837 2436 3890; x_wconf 88' lang='lat' dir='ltr'><strong>corpore</strong></span> <span class='ocrx_word' id='word_1_600' title='bbox 2465 3823 2719 3878; x_wconf 84' lang='lat' dir='ltr'><strong>Christus</strong></span> <span class='ocrx_word' id='word_1_601' title='bbox 2760 3823 3038 3877; x_wconf 84' lang='lat' dir='ltr'><strong>adoratur.</strong></span> 
     </span>
    </p>
   </div>
   <div class='ocr_carea' id='block_1_82' title="bbox 2142 3910 3653 3984">
    <p class='ocr_par' dir='ltr' id='par_1_82' title="bbox 2142 3910 3653 3984">
     <span class='ocr_line' id='line_1_82' title="bbox 2142 3910 3653 3984; baseline 0.002 -20"><span class='ocrx_word' id='word_1_602' title='bbox 2142 3910 2252 3965; x_wconf 82' lang='lat' dir='ltr'><strong>LII.</strong></span> <span class='ocrx_word' id='word_1_603' title='bbox 2299 3913 2364 3966; x_wconf 76' lang='lat' dir='ltr'><strong>At</strong></span> <span class='ocrx_word' id='word_1_604' title='bbox 2393 3915 2538 3967; x_wconf 87' lang='lat' dir='ltr'><strong>enim</strong></span> <span class='ocrx_word' id='word_1_605' title='bbox 2571 3915 2840 3984; x_wconf 89' lang='lat' dir='ltr'><strong>objiciunt</strong></span> <span class='ocrx_word' id='word_1_606' title='bbox 2869 3934 2880 3968; x_wconf 90' lang='lat'><strong>:</strong></span> <span class='ocrx_word' id='word_1_607' title='bbox 2916 3915 3053 3979; x_wconf 83' lang='lat' dir='ltr'><strong>Quid</strong></span> <span class='ocrx_word' id='word_1_608' title='bbox 3086 3911 3302 3967; x_wconf 77' lang='lat' dir='ltr'><strong>tandem</strong></span> <span class='ocrx_word' id='word_1_609' title='bbox 3331 3912 3508 3967; x_wconf 87' lang='lat' dir='ltr'><strong>dicis?</strong></span> <span class='ocrx_word' id='word_1_610' title='bbox 3541 3911 3653 3967; x_wconf 83' lang='lat' dir='ltr'><strong>Vo-</strong></span> 
     </span>
    </p>
   </div>
   <div class='ocr_carea' id='block_1_83' title="bbox 2068 4002 3658 4076">
    <p class='ocr_par' dir='ltr' id='par_1_83' title="bbox 2068 4002 3658 4076">
     <span class='ocr_line' id='line_1_83' title="bbox 2068 4002 3658 4076; baseline 0.003 -22"><span class='ocrx_word' id='word_1_611' title='bbox 2068 4002 2188 4057; x_wconf 89' lang='lat' dir='ltr'><strong>lens</strong></span> <span class='ocrx_word' id='word_1_612' title='bbox 2220 4002 2380 4057; x_wconf 84' lang='lat' dir='ltr'><strong>Pater</strong></span> <span class='ocrx_word' id='word_1_613' title='bbox 2409 4003 2607 4058; x_wconf 88' lang='lat' dir='ltr'><strong>Filium</strong></span> <span class='ocrx_word' id='word_1_614' title='bbox 2637 4006 2847 4076; x_wconf 87' lang='lat' dir='ltr'><strong>genuit,</strong></span> <span class='ocrx_word' id='word_1_615' title='bbox 2878 4020 2944 4058; x_wconf 91' lang='lat' dir='ltr'><strong>an</strong></span> <span class='ocrx_word' id='word_1_616' title='bbox 2977 4005 3198 4060; x_wconf 88' lang='lat' dir='ltr'><strong>minime</strong></span> <span class='ocrx_word' id='word_1_617' title='bbox 3223 4004 3658 4070; x_wconf 76' lang='lat' dir='ltr'><strong>volens?Quau-</strong></span> 
     </span>
    </p>
   </div>
   <div class='ocr_carea' id='block_1_84' title="bbox 448 4309 3652 4431">
    <p class='ocr_par' dir='ltr' id='par_1_84' title="bbox 448 4309 3652 4431">
     <span class='ocr_line' id='line_1_84' title="bbox 448 4309 3652 4431; baseline 0.001 -68"><span class='ocrx_word' id='word_1_618' title='bbox 448 4310 558 4431; x_wconf 58' lang='grc'><strong>(5-1)</strong></span> <span class='ocrx_word' id='word_1_619' title='bbox 609 4309 883 4378; x_wconf 82' lang='grc' dir='ltr'>Τέσσαρά</span> <span class='ocrx_word' id='word_1_620' title='bbox 910 4312 1070 4366; x_wconf 75' lang='grc' dir='ltr'>εἰσιν</span> <span class='ocrx_word' id='word_1_621' title='bbox 1102 4313 1458 4382; x_wconf 61' lang='lat' dir='ltr'><strong>Euam-tilia.</strong></span> <span class='ocrx_word' id='word_1_622' title='bbox 1493 4309 1741 4366; x_wconf 86' lang='lat' dir='ltr'><strong>Totidem</strong></span> <span class='ocrx_word' id='word_1_623' title='bbox 1775 4311 1830 4365; x_wconf 90' lang='lat' dir='ltr'><strong>in</strong></span> <span class='ocrx_word' id='word_1_624' title='bbox 1863 4328 1956 4363; x_wconf 85' lang='grc' dir='ltr'>κε·</span> <span class='ocrx_word' id='word_1_625' title='bbox 1989 4317 2032 4372; x_wconf 91' lang='lat' dir='ltr'><strong>D</strong></span> <span class='ocrx_word' id='word_1_626' title='bbox 2061 4319 2145 4368; x_wconf 90' lang='lat' dir='ltr'><strong>est</strong></span> <span class='ocrx_word' id='word_1_627' title='bbox 2184 4323 2303 4366; x_wconf 90' lang='lat' dir='ltr'><strong>eam</strong></span> <span class='ocrx_word' id='word_1_628' title='bbox 2361 4309 2780 4366; x_wconf 82' lang='lat' dir='ltr'><strong>similitudinem</strong></span> <span class='ocrx_word' id='word_1_629' title='bbox 2810 4353 2825 4377; x_wconf 92' lang='lat'><strong>,</strong></span> <span class='ocrx_word' id='word_1_630' title='bbox 2876 4325 2984 4379; x_wconf 90' lang='lat' dir='ltr'><strong>qua</strong></span> <span class='ocrx_word' id='word_1_631' title='bbox 3035 4309 3122 4364; x_wconf 88' lang='lat' dir='ltr'><strong>hie</strong></span> <span class='ocrx_word' id='word_1_632' title='bbox 3172 4310 3346 4364; x_wconf 89' lang='lat' dir='ltr'><strong>utitur</strong></span> <span class='ocrx_word' id='word_1_633' title='bbox 3398 4309 3456 4366; x_wconf 93' lang='lat' dir='ltr'><strong>S.</strong></span> <span class='ocrx_word' id='word_1_634' title='bbox 3524 4310 3652 4380; x_wconf 86' lang='lat' dir='ltr'><strong>Epi-</strong></span> 
     </span>
     <span class='ocr_line' id='line_1_85' title="bbox 448 4380 3652 4431; baseline 0 0"><span class='ocrx_word' id='word_1_635' title='bbox 448 4397 585 4431; x_wconf 83' lang='grc' dir='ltr'>ι.αια</span> <span class='ocrx_word' id='word_1_636' title='bbox 618 4381 912 4431; x_wconf 89' lang='lat' dir='ltr'><strong>distributa</strong></span> <span class='ocrx_word' id='word_1_637' title='bbox 946 4391 1103 4431; x_wconf 87' lang='lat' dir='ltr'><strong>erant</strong></span> <span class='ocrx_word' id='word_1_638' title='bbox 1153 4381 1442 4431; x_wconf 68' lang='lat' dir='ltr'><strong>Evangelia</strong></span> <span class='ocrx_word' id='word_1_639' title='bbox 1489 4391 1749 4431; x_wconf 78' lang='lat' dir='ltr'><strong>miatuor.</strong></span> <span class='ocrx_word' id='word_1_640' title='bbox 1786 4389 1847 4431; x_wconf 86' lang='lat' dir='ltr'><strong>ut</strong></span> <span class='ocrx_word' id='word_1_641' title='bbox 1885 4397 1951 4431; x_wconf 86' lang='lat' dir='ltr'><strong>ex</strong></span> <span class='ocrx_word' id='word_1_642' title='bbox 2063 4384 2330 4431; x_wconf 78' lang='lat' dir='ltr'><strong>nhanius.</strong></span> <span class='ocrx_word' id='word_1_643' title='bbox 2378 4381 2432 4431; x_wconf 94' lang='lat' dir='ltr'><strong>in</strong></span> <span class='ocrx_word' id='word_1_644' title='bbox 2463 4396 2530 4431; x_wconf 88' lang='lat' dir='ltr'><strong>eo</strong></span> <span class='ocrx_word' id='word_1_645' title='bbox 2579 4381 2836 4431; x_wconf 76' lang='lat' dir='ltr'><strong>deﬁcere.</strong></span> <span class='ocrx_word' id='word_1_646' title='bbox 2873 4382 3017 4431; x_wconf 89' lang='lat' dir='ltr'><strong>nuod</strong></span> <span class='ocrx_word' id='word_1_647' title='bbox 3075 4380 3454 4431; x_wconf 85' lang='lat' dir='ltr'><strong>admirabilem</strong></span> <span class='ocrx_word' id='word_1_648' title='bbox 3504 4382 3652 4431; x_wconf 88' lang='lat' dir='ltr'><strong>illam</strong></span> 
     </span>
    </p>
   </div>
   <div class='ocr_carea' id='block_1_85' title="bbox 378 4381 1952 4452">
    <p class='ocr_par' dir='ltr' id='par_1_85' title="bbox 378 4381 1952 4452">
     <span class='ocr_line' id='line_1_86' title="bbox 378 4381 1952 4452; baseline 0 -18"><span class='ocrx_word' id='word_1_649' title='bbox 378 4381 585 4452; x_wconf 63' lang='grc' dir='ltr'>φάλαια</span> <span class='ocrx_word' id='word_1_650' title='bbox 618 4381 912 4435; x_wconf 89' lang='lat' dir='ltr'><strong>distributa</strong></span> <span class='ocrx_word' id='word_1_651' title='bbox 946 4391 1103 4436; x_wconf 89' lang='lat' dir='ltr'><strong>erant</strong></span> <span class='ocrx_word' id='word_1_652' title='bbox 1153 4381 1442 4451; x_wconf 82' lang='lat' dir='ltr'><strong>Evangelia</strong></span> <span class='ocrx_word' id='word_1_653' title='bbox 1464 4391 1750 4452; x_wconf 20' lang='lat' dir='ltr'><strong>&quot;quatuor,</strong></span> <span class='ocrx_word' id='word_1_654' title='bbox 1786 4389 1847 4434; x_wconf 88' lang='lat' dir='ltr'><strong>ut</strong></span> <span class='ocrx_word' id='word_1_655' title='bbox 1885 4397 1952 4434; x_wconf 88' lang='lat' dir='ltr'><strong>ex</strong></span> 
     </span>
    </p>
   </div>
   <div class='ocr_carea' id='block_1_86' title="bbox 383 4451 1954 4522">
    <p class='ocr_par' dir='ltr' id='par_1_86' title="bbox 383 4451 1954 4522">
     <span class='ocr_line' id='line_1_87' title="bbox 383 4451 1954 4522; baseline 0.001 -20"><span class='ocrx_word' id='word_1_656' title='bbox 383 4451 691 4505; x_wconf 74' lang='lat' dir='ltr'><strong>Eusebiano</strong></span> <span class='ocrx_word' id='word_1_657' title='bbox 724 4465 935 4505; x_wconf 90' lang='lat' dir='ltr'><strong>canone</strong></span> <span class='ocrx_word' id='word_1_658' title='bbox 967 4459 1216 4514; x_wconf 89' lang='lat' dir='ltr'><strong>constat,</strong></span> <span class='ocrx_word' id='word_1_659' title='bbox 1259 4468 1418 4520; x_wconf 88' lang='lat' dir='ltr'><strong>quem</strong></span> <span class='ocrx_word' id='word_1_660' title='bbox 1454 4451 1821 4522; x_wconf 83' lang='lat' dir='ltr'><strong>Hieronymus</strong></span> <span class='ocrx_word' id='word_1_661' title='bbox 1858 4468 1954 4506; x_wconf 83' lang='lat' dir='ltr'><strong>ex-</strong></span> 
     </span>
    </p>
   </div>
   <div class='ocr_carea' id='block_1_87' title="bbox 377 4522 1951 4591">
    <p class='ocr_par' dir='ltr' id='par_1_87' title="bbox 377 4522 1951 4591">
     <span class='ocr_line' id='line_1_88' title="bbox 377 4522 1951 4591; baseline -0.001 -18"><span class='ocrx_word' id='word_1_662' title='bbox 377 4522 614 4591; x_wconf 43' lang='lat' dir='ltr'><strong>pressit,</strong></span> <span class='ocrx_word' id='word_1_663' title='bbox 660 4536 973 4590; x_wconf 87' lang='lat' dir='ltr'><strong>quanquam</strong></span> <span class='ocrx_word' id='word_1_664' title='bbox 1003 4538 1114 4575; x_wconf 91' lang='lat' dir='ltr'><strong>uno</strong></span> <span class='ocrx_word' id='word_1_665' title='bbox 1153 4524 1385 4589; x_wconf 87' lang='lat' dir='ltr'><strong>amplius</strong></span> <span class='ocrx_word' id='word_1_666' title='bbox 1422 4522 1564 4590; x_wconf 91' lang='lat' dir='ltr'><strong>apud</strong></span> <span class='ocrx_word' id='word_1_667' title='bbox 1614 4523 1812 4591; x_wconf 65' lang='lat' dir='ltr'><strong>ipsum</strong></span> <span class='ocrx_word' id='word_1_668' title='bbox 1839 4523 1951 4586; x_wconf 90' lang='lat' dir='ltr'><strong>sit;</strong></span> 
     </span>
    </p>
   </div>
   <div class='ocr_carea' id='block_1_88' title="bbox 382 4589 1956 4660">
    <p class='ocr_par' dir='ltr' id='par_1_88' title="bbox 382 4589 1956 4660">
     <span class='ocr_line' id='line_1_89' title="bbox 382 4589 1956 4660; baseline 0.002 -19"><span class='ocrx_word' id='word_1_669' title='bbox 382 4607 508 4642; x_wconf 86' lang='lat' dir='ltr'><strong>nam</strong></span> <span class='ocrx_word' id='word_1_670' title='bbox 549 4589 790 4660; x_wconf 56' lang='lat' dir='ltr'><strong>Matthxi</strong></span> <span class='ocrx_word' id='word_1_671' title='bbox 830 4593 1010 4660; x_wconf 90' lang='lat' dir='ltr'><strong>capita</strong></span> <span class='ocrx_word' id='word_1_672' title='bbox 1057 4601 1188 4645; x_wconf 86' lang='lat' dir='ltr'><strong>sunt</strong></span> <span class='ocrx_word' id='word_1_673' title='bbox 1231 4593 1356 4651; x_wconf 78' lang='lat'><strong>335.</strong></span> <span class='ocrx_word' id='word_1_674' title='bbox 1405 4589 1568 4646; x_wconf 83' lang='lat' dir='ltr'><strong>Marci</strong></span> <span class='ocrx_word' id='word_1_675' title='bbox 1612 4589 1740 4650; x_wconf 71' lang='lat' dir='ltr'><strong>232i.</strong></span> <span class='ocrx_word' id='word_1_676' title='bbox 1794 4589 1956 4644; x_wconf 72' lang='lat' dir='ltr'><strong>Lucre</strong></span> 
     </span>
    </p>
   </div>
   <div class='ocr_carea' id='block_1_89' title="bbox 376 4658 1951 4730">
    <p class='ocr_par' dir='ltr' id='par_1_89' title="bbox 376 4658 1951 4730">
     <span class='ocr_line' id='line_1_90' title="bbox 376 4658 1951 4730; baseline -0.001 -16"><span class='ocrx_word' id='word_1_677' title='bbox 376 4661 506 4720; x_wconf 62' lang='grc' dir='ltr'>διδ,</span> <span class='ocrx_word' id='word_1_678' title='bbox 540 4658 768 4716; x_wconf 77' lang='lat' dir='ltr'><strong>Joannis</strong></span> <span class='ocrx_word' id='word_1_679' title='bbox 801 4658 926 4715; x_wconf 40' lang='lat'><strong>232—.</strong></span> <span class='ocrx_word' id='word_1_680' title='bbox 961 4662 1307 4730; x_wconf 74' lang='lat' dir='ltr'><strong>Colliguntur</strong></span> <span class='ocrx_word' id='word_1_681' title='bbox 1337 4663 1511 4730; x_wconf 87' lang='lat' dir='ltr'><strong>capita</strong></span> <span class='ocrx_word' id='word_1_682' title='bbox 1545 4662 1704 4714; x_wconf 75' lang='lat'><strong>“63.</strong></span> <span class='ocrx_word' id='word_1_683' title='bbox 1743 4660 1951 4715; x_wconf 65' lang='grc' dir='ltr'>Ρετιιν.</span> 
     </span>
    </p>
   </div>
   <div class='ocr_carea' id='block_1_90' title="bbox 375 4729 1956 4802">
    <p class='ocr_par' dir='ltr' id='par_1_90' title="bbox 375 4729 1956 4802">
     <span class='ocr_line' id='line_1_91' title="bbox 375 4729 1956 4802; baseline 0.001 -20"><span class='ocrx_word' id='word_1_684' title='bbox 375 4733 716 4802; x_wconf 84' lang='lat' dir='ltr'><strong>—l&#39;ercurre</strong></span> <span class='ocrx_word' id='word_1_685' title='bbox 747 4747 868 4800; x_wconf 71' lang='lat' dir='ltr'><strong>qua:</strong></span> <span class='ocrx_word' id='word_1_686' title='bbox 913 4731 1055 4802; x_wconf 85' lang='lat' dir='ltr'><strong>apud</strong></span> <span class='ocrx_word' id='word_1_687' title='bbox 1086 4729 1438 4786; x_wconf 86' lang='lat' dir='ltr'><strong>Thomasium</strong></span> <span class='ocrx_word' id='word_1_688' title='bbox 1474 4741 1723 4786; x_wconf 90' lang='lat' dir='ltr'><strong>nostrum</strong></span> <span class='ocrx_word' id='word_1_689' title='bbox 1768 4733 1956 4802; x_wconf 85' lang='lat' dir='ltr'><strong>legun-</strong></span> 
     </span>
    </p>
   </div>
   <div class='ocr_carea' id='block_1_91' title="bbox 377 4801 1956 4861">
    <p class='ocr_par' dir='ltr' id='par_1_91' title="bbox 377 4801 1956 4861">
     <span class='ocr_line' id='line_1_92' title="bbox 377 4801 1956 4861; baseline 0.001 -9"><span class='ocrx_word' id='word_1_690' title='bbox 377 4808 469 4854; x_wconf 85' lang='lat' dir='ltr'><strong>tur</strong></span> <span class='ocrx_word' id='word_1_691' title='bbox 511 4801 562 4852; x_wconf 93' lang='lat' dir='ltr'><strong>in</strong></span> <span class='ocrx_word' id='word_1_692' title='bbox 618 4816 903 4856; x_wconf 81' lang='lat' dir='ltr'><strong>sacrorum</strong></span> <span class='ocrx_word' id='word_1_693' title='bbox 948 4801 1253 4855; x_wconf 83' lang='lat' dir='ltr'><strong>Bibliorum</strong></span> <span class='ocrx_word' id='word_1_694' title='bbox 1301 4802 1578 4856; x_wconf 88' lang='lat' dir='ltr'><strong>veteribus</strong></span> <span class='ocrx_word' id='word_1_695' title='bbox 1624 4801 1831 4861; x_wconf 75' lang='lat' dir='ltr'><strong>titulis,</strong></span> <span class='ocrx_word' id='word_1_696' title='bbox 1869 4818 1956 4856; x_wconf 85' lang='lat' dir='ltr'><strong>sc-</strong></span> 
     </span>
    </p>
   </div>
   <div class='ocr_carea' id='block_1_92' title="bbox 376 4871 1955 4940">
    <p class='ocr_par' dir='ltr' id='par_1_92' title="bbox 376 4871 1955 4940">
     <span class='ocr_line' id='line_1_93' title="bbox 376 4871 1955 4940; baseline 0.001 -17"><span class='ocrx_word' id='word_1_697' title='bbox 376 4871 658 4924; x_wconf 87' lang='lat' dir='ltr'><strong>ctionibus</strong></span> <span class='ocrx_word' id='word_1_698' title='bbox 693 4882 743 4940; x_wconf 83' lang='lat' dir='ltr'><strong>et</strong></span> <span class='ocrx_word' id='word_1_699' title='bbox 803 4872 1196 4925; x_wconf 88' lang='lat' dir='ltr'><strong>stichometriis</strong></span> <span class='ocrx_word' id='word_1_700' title='bbox 1219 4911 1232 4931; x_wconf 87' lang='lat'><strong>.</strong></span> <span class='ocrx_word' id='word_1_701' title='bbox 1273 4873 1326 4924; x_wconf 91' lang='lat' dir='ltr'><strong>in</strong></span> <span class='ocrx_word' id='word_1_702' title='bbox 1359 4880 1508 4924; x_wconf 92' lang='lat' dir='ltr'><strong>tomo</strong></span> <span class='ocrx_word' id='word_1_703' title='bbox 1539 4872 1714 4940; x_wconf 89' lang='lat' dir='ltr'><strong>primo</strong></span> <span class='ocrx_word' id='word_1_704' title='bbox 1755 4880 1955 4925; x_wconf 73' lang='lat' dir='ltr'><strong>nostra:</strong></span> 
     </span>
    </p>
   </div>
   <div class='ocr_carea' id='block_1_93' title="bbox 374 4939 1954 5010">
    <p class='ocr_par' dir='ltr' id='par_1_93' title="bbox 374 4939 1954 5010">
     <span class='ocr_line' id='line_1_94' title="bbox 374 4939 1954 5010; baseline 0.001 -18"><span class='ocrx_word' id='word_1_705' title='bbox 374 4941 655 4995; x_wconf 72' lang='lat' dir='ltr'><strong>editionis.</strong></span> <span class='ocrx_word' id='word_1_706' title='bbox 692 4939 829 4994; x_wconf 78' lang='lat' dir='ltr'><strong>Vide</strong></span> <span class='ocrx_word' id='word_1_707' title='bbox 874 4942 1039 4994; x_wconf 91' lang='lat' dir='ltr'><strong>etiam</strong></span> <span class='ocrx_word' id='word_1_708' title='bbox 1083 4957 1206 5010; x_wconf 85' lang='lat' dir='ltr'><strong>pag.</strong></span> <span class='ocrx_word' id='word_1_709' title='bbox 1239 4941 1346 4995; x_wconf 64' lang='grc'><strong>204</strong></span> <span class='ocrx_word' id='word_1_710' title='bbox 1418 4939 1548 4994; x_wconf 90' lang='lat' dir='ltr'><strong>tomi</strong></span> <span class='ocrx_word' id='word_1_711' title='bbox 1586 4940 1674 4992; x_wconf 83' lang='lat' dir='ltr'><strong>Vll</strong></span> <span class='ocrx_word' id='word_1_712' title='bbox 1706 4941 1954 5010; x_wconf 83' lang='lat' dir='ltr'><strong>ejusdem</strong></span> 
     </span>
    </p>
   </div>
   <div class='ocr_carea' id='block_1_94' title="bbox 378 5011 892 5064">
    <p class='ocr_par' dir='ltr' id='par_1_94' title="bbox 378 5011 892 5064">
     <span class='ocr_line' id='line_1_95' title="bbox 378 5011 892 5064; baseline 0 0"><span class='ocrx_word' id='word_1_713' title='bbox 378 5021 583 5064; x_wconf 69' lang='lat' dir='ltr'><strong>nostra:</strong></span> <span class='ocrx_word' id='word_1_714' title='bbox 613 5011 892 5064; x_wconf 71' lang='lat' dir='ltr'><strong>editionis.</strong></span> 
     </span>
    </p>
   </div>
   <div class='ocr_carea' id='block_1_95' title="bbox 451 5079 1957 5149">
    <p class='ocr_par' dir='ltr' id='par_1_95' title="bbox 451 5079 1957 5149">
     <span class='ocr_line' id='line_1_96' title="bbox 451 5079 1957 5149; baseline 0.003 -17"><span class='ocrx_word' id='word_1_715' title='bbox 451 5080 565 5146; x_wconf 61' lang='grc' dir='ltr'><strong>(ΒΞ)</strong></span> <span class='ocrx_word' id='word_1_716' title='bbox 605 5079 911 5139; x_wconf 77' lang='grc' dir='ltr'>Καθέζεται</span> <span class='ocrx_word' id='word_1_717' title='bbox 933 5081 1028 5132; x_wconf 73' lang='grc' dir='ltr'>καὶ</span> <span class='ocrx_word' id='word_1_718' title='bbox 1061 5082 1125 5134; x_wconf 81' lang='grc' dir='ltr'><strong>ἐν</strong></span> <span class='ocrx_word' id='word_1_719' title='bbox 1163 5080 1304 5145; x_wconf 75' lang='grc' dir='ltr'><strong>ναῷ.</strong></span> <span class='ocrx_word' id='word_1_720' title='bbox 1343 5079 1506 5142; x_wconf 82' lang='grc' dir='ltr'>Ναός,</span> <span class='ocrx_word' id='word_1_721' title='bbox 1539 5089 1596 5132; x_wconf 81' lang='grc' dir='ltr'><strong>ιιι</strong></span> <span class='ocrx_word' id='word_1_722' title='bbox 1623 5081 1840 5149; x_wconf 77' lang='lat' dir='ltr'><strong>opiner,</strong></span> <span class='ocrx_word' id='word_1_723' title='bbox 1868 5081 1957 5136; x_wconf 90' lang='lat' dir='ltr'><strong>hic</strong></span> 
     </span>
    </p>
   </div>
   <div class='ocr_carea' id='block_1_96' title="bbox 373 5150 1953 5221">
    <p class='ocr_par' dir='ltr' id='par_1_96' title="bbox 373 5150 1953 5221">
     <span class='ocr_line' id='line_1_97' title="bbox 373 5150 1953 5221; baseline 0.002 -19"><span class='ocrx_word' id='word_1_724' title='bbox 373 5160 456 5202; x_wconf 84' lang='lat' dir='ltr'><strong>est</strong></span> <span class='ocrx_word' id='word_1_725' title='bbox 508 5150 803 5221; x_wconf 74' lang='lat' dir='ltr'><strong>augustale,</strong></span> <span class='ocrx_word' id='word_1_726' title='bbox 835 5150 915 5204; x_wconf 81' lang='lat' dir='ltr'><strong>vel</strong></span> <span class='ocrx_word' id='word_1_727' title='bbox 943 5151 1220 5221; x_wconf 77' lang='lat' dir='ltr'><strong>quidpiam</strong></span> <span class='ocrx_word' id='word_1_728' title='bbox 1239 5150 1491 5221; x_wconf 36' lang='lat' dir='ltr'><strong>.wdiculze</strong></span> <span class='ocrx_word' id='word_1_729' title='bbox 1511 5151 1720 5221; x_wconf 82' lang='lat' dir='ltr'><strong>instar,</strong></span> <span class='ocrx_word' id='word_1_730' title='bbox 1750 5152 1804 5204; x_wconf 91' lang='lat' dir='ltr'><strong>in</strong></span> <span class='ocrx_word' id='word_1_731' title='bbox 1843 5167 1953 5220; x_wconf 88' lang='lat' dir='ltr'><strong>quo</strong></span> 
     </span>
    </p>
   </div>
   <div class='ocr_carea' id='block_1_97' title="bbox 377 5213 1955 5290">
    <p class='ocr_par' dir='ltr' id='par_1_97' title="bbox 377 5213 1955 5290">
     <span class='ocr_line' id='line_1_98' title="bbox 377 5213 1955 5290; baseline 0.001 -19"><span class='ocrx_word' id='word_1_732' title='bbox 377 5213 644 5290; x_wconf 72' lang='lat' dir='ltr'><strong>principis</strong></span> <span class='ocrx_word' id='word_1_733' title='bbox 675 5221 870 5274; x_wconf 90' lang='lat' dir='ltr'><strong>solium</strong></span> <span class='ocrx_word' id='word_1_734' title='bbox 907 5213 1148 5288; x_wconf 76' lang='lat' dir='ltr'><strong>ponitur.</strong></span> <span class='ocrx_word' id='word_1_735' title='bbox 1187 5213 1277 5274; x_wconf 80' lang='lat' dir='ltr'><strong>Sic</strong></span> <span class='ocrx_word' id='word_1_736' title='bbox 1304 5219 1464 5283; x_wconf 80' lang='grc' dir='ltr'>ναούς</span> <span class='ocrx_word' id='word_1_737' title='bbox 1491 5220 1663 5275; x_wconf 74' lang='grc' dir='ltr'><strong>01·ωεί</strong></span> <span class='ocrx_word' id='word_1_738' title='bbox 1709 5213 1955 5272; x_wconf 65' lang='grc' dir='ltr'>ἀγυιάν-ια</span> 
     </span>
    </p>
   </div>
   <div class='ocr_carea' id='block_1_98' title="bbox 377 5290 1954 5360">
    <p class='ocr_par' dir='ltr' id='par_1_98' title="bbox 377 5290 1954 5360">
     <span class='ocr_line' id='line_1_99' title="bbox 377 5290 1954 5360; baseline 0.003 -21"><span class='ocrx_word' id='word_1_739' title='bbox 377 5301 578 5360; x_wconf 79' lang='lat' dir='ltr'><strong>vocant</strong></span> <span class='ocrx_word' id='word_1_740' title='bbox 602 5307 616 5340; x_wconf 94' lang='lat'>:</span> <span class='ocrx_word' id='word_1_741' title='bbox 644 5290 953 5360; x_wconf 81' lang='lat' dir='ltr'><strong>cuiusmodi</strong></span> <span class='ocrx_word' id='word_1_742' title='bbox 984 5292 1036 5343; x_wconf 90' lang='lat' dir='ltr'><strong>in</strong></span> <span class='ocrx_word' id='word_1_743' title='bbox 1075 5290 1230 5343; x_wconf 91' lang='lat' dir='ltr'><strong>atriis</strong></span> <span class='ocrx_word' id='word_1_744' title='bbox 1263 5299 1419 5360; x_wconf 73' lang='lat' dir='ltr'><strong>erant</strong></span> <span class='ocrx_word' id='word_1_745' title='bbox 1449 5291 1501 5343; x_wconf 91' lang='lat' dir='ltr'><strong>in</strong></span> <span class='ocrx_word' id='word_1_746' title='bbox 1532 5291 1736 5359; x_wconf 87' lang='lat' dir='ltr'><strong>quibus</strong></span> <span class='ocrx_word' id='word_1_747' title='bbox 1777 5292 1954 5360; x_wconf 86' lang='lat' dir='ltr'><strong>genti-</strong></span> 
     </span>
    </p>
   </div>
   <div class='ocr_carea' id='block_1_99' title="bbox 379 5357 1956 5427">
    <p class='ocr_par' dir='ltr' id='par_1_99' title="bbox 379 5357 1956 5427">
     <span class='ocr_line' id='line_1_100' title="bbox 379 5357 1956 5427; baseline 0.003 -18"><span class='ocrx_word' id='word_1_748' title='bbox 379 5360 508 5412; x_wconf 58' lang='lat' dir='ltr'><strong>litia‘.</strong></span> <span class='ocrx_word' id='word_1_749' title='bbox 541 5359 806 5427; x_wconf 85' lang='lat' dir='ltr'><strong>imagines</strong></span> <span class='ocrx_word' id='word_1_750' title='bbox 838 5360 1267 5413; x_wconf 77' lang='lat' dir='ltr'><strong>collocabantur.</strong></span> <span class='ocrx_word' id='word_1_751' title='bbox 1302 5357 1426 5413; x_wconf 71' lang='lat' dir='ltr'><strong>[Lee</strong></span> <span class='ocrx_word' id='word_1_752' title='bbox 1451 5357 1595 5414; x_wconf 84' lang='lat' dir='ltr'><strong>eniiu</strong></span> <span class='ocrx_word' id='word_1_753' title='bbox 1645 5357 1820 5413; x_wconf 76' lang='grc' dir='ltr'>ναῒδια</span> <span class='ocrx_word' id='word_1_754' title='bbox 1857 5360 1956 5413; x_wconf 86' lang='lat' dir='ltr'><strong>Po-</strong></span> 
     </span>
    </p>
   </div>
   <div class='ocr_carea' id='block_1_100' title="bbox 378 5429 1950 5549">
    <p class='ocr_par' dir='ltr' id='par_1_100' title="bbox 378 5429 1950 5549">
     <span class='ocr_line' id='line_1_101' title="bbox 378 5429 1950 5549; baseline 0.001 -67"><span class='ocrx_word' id='word_1_755' title='bbox 378 5429 561 5549; x_wconf 48' lang='grc' dir='ltr'>ξυιυς</span> <span class='ocrx_word' id='word_1_756' title='bbox 581 5431 836 5509; x_wconf 74' lang='lat' dir='ltr'><strong>appellat.</strong></span> <span class='ocrx_word' id='word_1_757' title='bbox 865 5429 984 5511; x_wconf 78' lang='lat' dir='ltr'><strong>Qua</strong></span> <span class='ocrx_word' id='word_1_758' title='bbox 1015 5431 1233 5484; x_wconf 88' lang='lat' dir='ltr'><strong>notione</strong></span> <span class='ocrx_word' id='word_1_759' title='bbox 1257 5431 1479 5499; x_wconf 83' lang='lat' dir='ltr'><strong>quidam</strong></span> <span class='ocrx_word' id='word_1_760' title='bbox 1515 5431 1646 5484; x_wconf 90' lang='lat' dir='ltr'><strong>illud</strong></span> <span class='ocrx_word' id='word_1_761' title='bbox 1685 5433 1802 5484; x_wconf 76' lang='lat' dir='ltr'><strong>Act.</strong></span> <span class='ocrx_word' id='word_1_762' title='bbox 1834 5447 1950 5494; x_wconf 85' lang='lat' dir='ltr'><strong>xix,</strong></span> 
     </span>
     <span class='ocr_line' id='line_1_102' title="bbox 427 5498 1950 5549; baseline 0 0"><span class='ocrx_word' id='word_1_763' title='bbox 427 5498 472 5549; x_wconf 87' lang='grc' dir='ltr'><strong>ι.</strong></span> <span class='ocrx_word' id='word_1_764' title='bbox 503 5506 769 5549; x_wconf 75' lang='lat' dir='ltr'><strong>scriptum</strong></span> <span class='ocrx_word' id='word_1_765' title='bbox 803 5509 1079 5549; x_wconf 88' lang='lat' dir='ltr'><strong>accimunt</strong></span> <span class='ocrx_word' id='word_1_766' title='bbox 1101 5519 1114 5549; x_wconf 72' lang='grc' dir='ltr'>ε</span> <span class='ocrx_word' id='word_1_767' title='bbox 1135 5502 1445 5549; x_wconf 75' lang='grc' dir='ltr'>Δημήτριος</span> <span class='ocrx_word' id='word_1_768' title='bbox 1483 5501 1590 5549; x_wconf 69' lang='grc' dir='ltr'>γάρ</span> <span class='ocrx_word' id='word_1_769' title='bbox 1619 5518 1703 5549; x_wconf 74' lang='grc' dir='ltr'><strong>τις</strong></span> <span class='ocrx_word' id='word_1_770' title='bbox 1729 5500 1950 5549; x_wconf 74' lang='grc' dir='ltr'>ὀνόματι</span> 
     </span>
    </p>
   </div>
   <div class='ocr_carea' id='block_1_101' title="bbox 454 5498 1952 5571">
    <p class='ocr_par' dir='ltr' id='par_1_101' title="bbox 454 5498 1952 5571">
     <span class='ocr_line' id='line_1_103' title="bbox 454 5498 1952 5571; baseline 0 -18"><span class='ocrx_word' id='word_1_771' title='bbox 454 5533 472 5558; x_wconf 68' lang='grc' dir='ltr'><strong>ν</strong></span> <span class='ocrx_word' id='word_1_772' title='bbox 503 5498 769 5571; x_wconf 69' lang='lat' dir='ltr'><strong>scriptum</strong></span> <span class='ocrx_word' id='word_1_773' title='bbox 803 5500 1079 5571; x_wconf 76' lang='lat' dir='ltr'><strong>accipiunt</strong></span> <span class='ocrx_word' id='word_1_774' title='bbox 1101 5519 1114 5553; x_wconf 87' lang='lat'><strong>:</strong></span> <span class='ocrx_word' id='word_1_775' title='bbox 1135 5498 1445 5571; x_wconf 68' lang='grc' dir='ltr'>Δημήτριος</span> <span class='ocrx_word' id='word_1_776' title='bbox 1483 5501 1590 5570; x_wconf 81' lang='grc' dir='ltr'>γάρ</span> <span class='ocrx_word' id='word_1_777' title='bbox 1619 5518 1703 5563; x_wconf 88' lang='grc' dir='ltr'><strong>τις</strong></span> <span class='ocrx_word' id='word_1_778' title='bbox 1729 5500 1952 5571; x_wconf 81' lang='grc' dir='ltr'>ὀνόματι</span> 
     </span>
    </p>
   </div>
   <div class='ocr_carea' id='block_1_102' title="bbox 383 5567 1952 5644">
    <p class='ocr_par' dir='ltr' id='par_1_102' title="bbox 383 5567 1952 5644">
     <span class='ocr_line' id='line_1_104' title="bbox 383 5567 1952 5644; baseline 0.003 -24"><span class='ocrx_word' id='word_1_779' title='bbox 383 5569 758 5644; x_wconf 71' lang='grc' dir='ltr'>ἀργυροκόπος</span> <span class='ocrx_word' id='word_1_780' title='bbox 789 5567 959 5621; x_wconf 77' lang='grc' dir='ltr'>ποιῶν</span> <span class='ocrx_word' id='word_1_781' title='bbox 985 5571 1156 5644; x_wconf 61' lang='grc' dir='ltr'>ναοῦς</span> <span class='ocrx_word' id='word_1_782' title='bbox 1194 5567 1466 5644; x_wconf 55' lang='grc' dir='ltr'>ἆργυρζιῦς</span> <span class='ocrx_word' id='word_1_783' title='bbox 1497 5567 1794 5644; x_wconf 56' lang='grc' dir='ltr'>’Ἄρτέμιδι</span> <span class='ocrx_word' id='word_1_784' title='bbox 1820 5567 1837 5630; x_wconf 69' lang='grc' dir='ltr'><em>ζ</em></span> <span class='ocrx_word' id='word_1_785' title='bbox 1874 5567 1952 5625; x_wconf 75' lang='lat' dir='ltr'><strong>fa-</strong></span> 
     </span>
    </p>
   </div>
   <div class='ocr_carea' id='block_1_103' title="bbox 383 5636 1950 5709">
    <p class='ocr_par' dir='ltr' id='par_1_103' title="bbox 383 5636 1950 5709">
     <span class='ocr_line' id='line_1_105' title="bbox 383 5636 1950 5709; baseline 0.004 -20"><span class='ocrx_word' id='word_1_786' title='bbox 383 5636 540 5692; x_wconf 74' lang='lat' dir='ltr'><strong>ciens</strong></span> <span class='ocrx_word' id='word_1_787' title='bbox 582 5636 720 5690; x_wconf 72' lang='lat' dir='ltr'><strong>wdes</strong></span> <span class='ocrx_word' id='word_1_788' title='bbox 767 5647 1055 5709; x_wconf 84' lang='lat' dir='ltr'><strong>argenteas</strong></span> <span class='ocrx_word' id='word_1_789' title='bbox 1105 5636 1304 5696; x_wconf 63' lang='lat' dir='ltr'><strong>Dianai.</strong></span> <span class='ocrx_word' id='word_1_790' title='bbox 1341 5636 1950 5698; x_wconf 44' lang='lat' dir='ltr'><strong>&#39;Puravf—‘Planum</strong></span> 
     </span>
    </p>
   </div>
   <div class='ocr_carea' id='block_1_104' title="bbox 587 5727 1262 5802">
    <p class='ocr_par' dir='ltr' id='par_1_104' title="bbox 587 5727 1262 5802">
     <span class='ocr_line' id='line_1_106' title="bbox 587 5727 1262 5802; baseline 0.021 -15"><span class='ocrx_word' id='word_1_791' title='bbox 587 5727 860 5802; x_wconf 68' lang='grc' dir='ltr'><strong>Ριτιοι..</strong></span> <span class='ocrx_word' id='word_1_792' title='bbox 892 5731 1007 5796; x_wconf 82' lang='lat' dir='ltr'><strong>Gn.</strong></span> <span class='ocrx_word' id='word_1_793' title='bbox 1045 5737 1262 5801; x_wconf 78' lang='lat' dir='ltr'><strong>XLIII.</strong></span> 
     </span>
    </p>
   </div>
   <div class='ocr_carea' id='block_1_105' title="bbox 2063 4380 3652 4452">
    <p class='ocr_par' dir='ltr' id='par_1_105' title="bbox 2063 4380 3652 4452">
     <span class='ocr_line' id='line_1_107' title="bbox 2063 4380 3652 4452; baseline 0.001 -18"><span class='ocrx_word' id='word_1_794' title='bbox 2063 4384 2330 4452; x_wconf 78' lang='lat' dir='ltr'><strong>phanius,</strong></span> <span class='ocrx_word' id='word_1_795' title='bbox 2378 4381 2432 4433; x_wconf 91' lang='lat' dir='ltr'><strong>in</strong></span> <span class='ocrx_word' id='word_1_796' title='bbox 2463 4396 2530 4433; x_wconf 89' lang='lat' dir='ltr'><strong>eo</strong></span> <span class='ocrx_word' id='word_1_797' title='bbox 2579 4381 2836 4445; x_wconf 72' lang='lat' dir='ltr'><strong>deiicere,</strong></span> <span class='ocrx_word' id='word_1_798' title='bbox 2873 4382 3017 4451; x_wconf 87' lang='lat' dir='ltr'><strong>quod</strong></span> <span class='ocrx_word' id='word_1_799' title='bbox 3075 4380 3454 4435; x_wconf 87' lang='lat' dir='ltr'><strong>admirabilem</strong></span> <span class='ocrx_word' id='word_1_800' title='bbox 3504 4382 3652 4436; x_wconf 90' lang='lat' dir='ltr'><strong>illam</strong></span> 
     </span>
    </p>
   </div>
   <div class='ocr_carea' id='block_1_106' title="bbox 2061 4451 3652 4521">
    <p class='ocr_par' dir='ltr' id='par_1_106' title="bbox 2061 4451 3652 4521">
     <span class='ocr_line' id='line_1_108' title="bbox 2061 4451 3652 4521; baseline 0.003 -16"><span class='ocrx_word' id='word_1_801' title='bbox 2061 4451 2295 4521; x_wconf 88' lang='lat' dir='ltr'><strong>duplicis</strong></span> <span class='ocrx_word' id='word_1_802' title='bbox 2351 4459 2603 4511; x_wconf 63' lang='lat' dir='ltr'><strong>naturae.</strong></span> <span class='ocrx_word' id='word_1_803' title='bbox 2669 4455 2869 4506; x_wconf 77' lang='lat' dir='ltr'><strong>divina:</strong></span> <span class='ocrx_word' id='word_1_804' title='bbox 2925 4451 3178 4505; x_wconf 84' lang='lat' dir='ltr'><strong>videlicet</strong></span> <span class='ocrx_word' id='word_1_805' title='bbox 3243 4462 3298 4506; x_wconf 85' lang='lat' dir='ltr'><strong>et</strong></span> <span class='ocrx_word' id='word_1_806' title='bbox 3355 4452 3652 4509; x_wconf 76' lang='lat' dir='ltr'><strong>humanre.</strong></span> 
     </span>
    </p>
   </div>
   <div class='ocr_carea' id='block_1_107' title="bbox 2061 4523 3652 4591">
    <p class='ocr_par' dir='ltr' id='par_1_107' title="bbox 2061 4523 3652 4591">
     <span class='ocr_line' id='line_1_109' title="bbox 2061 4523 3652 4591; baseline -0.001 -16"><span class='ocrx_word' id='word_1_807' title='bbox 2061 4526 2356 4581; x_wconf 85' lang='lat' dir='ltr'><strong>unionem,</strong></span> <span class='ocrx_word' id='word_1_808' title='bbox 2403 4537 2511 4572; x_wconf 91' lang='lat' dir='ltr'><strong>non</strong></span> <span class='ocrx_word' id='word_1_809' title='bbox 2559 4525 2830 4591; x_wconf 78' lang='lat' dir='ltr'><strong>explicet,</strong></span> <span class='ocrx_word' id='word_1_810' title='bbox 2866 4539 2972 4591; x_wconf 84' lang='lat' dir='ltr'><strong>qua</strong></span> <span class='ocrx_word' id='word_1_811' title='bbox 3026 4523 3130 4575; x_wconf 69' lang='lat' dir='ltr'><strong>illae</strong></span> <span class='ocrx_word' id='word_1_812' title='bbox 3178 4523 3559 4585; x_wconf 83' lang='grc' dir='ltr'>ὑποστατικῶς</span> <span class='ocrx_word' id='word_1_813' title='bbox 3598 4524 3652 4574; x_wconf 90' lang='lat' dir='ltr'><strong>iu</strong></span> 
     </span>
    </p>
   </div>
   <div class='ocr_carea' id='block_1_108' title="bbox 2060 4592 3654 4659">
    <p class='ocr_par' dir='ltr' id='par_1_108' title="bbox 2060 4592 3654 4659">
     <span class='ocr_line' id='line_1_110' title="bbox 2060 4592 3654 4659; baseline -0.002 -13"><span class='ocrx_word' id='word_1_814' title='bbox 2060 4609 2224 4646; x_wconf 89' lang='lat' dir='ltr'><strong>unam</strong></span> <span class='ocrx_word' id='word_1_815' title='bbox 2282 4605 2572 4659; x_wconf 80' lang='lat' dir='ltr'><strong>personam</strong></span> <span class='ocrx_word' id='word_1_816' title='bbox 2635 4597 2923 4646; x_wconf 91' lang='lat' dir='ltr'><strong>uniuntur.</strong></span> <span class='ocrx_word' id='word_1_817' title='bbox 2987 4592 3118 4658; x_wconf 67' lang='lat' dir='ltr'><strong>Qua:</strong></span> <span class='ocrx_word' id='word_1_818' title='bbox 3185 4609 3318 4648; x_wconf 89' lang='lat' dir='ltr'><strong>sane</strong></span> <span class='ocrx_word' id='word_1_819' title='bbox 3381 4595 3512 4646; x_wconf 90' lang='lat' dir='ltr'><strong>uuio</strong></span> <span class='ocrx_word' id='word_1_820' title='bbox 3567 4601 3654 4644; x_wconf 81' lang='lat' dir='ltr'><strong>est</strong></span> 
     </span>
    </p>
   </div>
   <div class='ocr_carea' id='block_1_109' title="bbox 2060 4660 3654 4732">
    <p class='ocr_par' dir='ltr' id='par_1_109' title="bbox 2060 4660 3654 4732">
     <span class='ocr_line' id='line_1_111' title="bbox 2060 4660 3654 4732; baseline 0 -18"><span class='ocrx_word' id='word_1_821' title='bbox 2060 4663 2201 4716; x_wconf 87' lang='lat' dir='ltr'><strong>ratio</strong></span> <span class='ocrx_word' id='word_1_822' title='bbox 2237 4676 2377 4714; x_wconf 69' lang='lat' dir='ltr'><strong>vera:</strong></span> <span class='ocrx_word' id='word_1_823' title='bbox 2407 4660 2768 4726; x_wconf 84' lang='lat' dir='ltr'><strong>adoratiouis,</strong></span> <span class='ocrx_word' id='word_1_824' title='bbox 2818 4678 2939 4732; x_wconf 70' lang='lat' dir='ltr'><strong>qua:</strong></span> <span class='ocrx_word' id='word_1_825' title='bbox 2969 4671 3022 4715; x_wconf 89' lang='lat' dir='ltr'><strong>et</strong></span> <span class='ocrx_word' id='word_1_826' title='bbox 3055 4663 3256 4716; x_wconf 74' lang='lat' dir='ltr'><strong>Christi</strong></span> <span class='ocrx_word' id='word_1_827' title='bbox 3299 4663 3520 4732; x_wconf 90' lang='lat' dir='ltr'><strong>corpori</strong></span> <span class='ocrx_word' id='word_1_828' title='bbox 3557 4662 3654 4715; x_wconf 90' lang='lat' dir='ltr'><strong>de-</strong></span> 
     </span>
    </p>
   </div>
   <div class='ocr_carea' id='block_1_110' title="bbox 2059 4733 2237 4785">
    <p class='ocr_par' dir='ltr' id='par_1_110' title="bbox 2059 4733 2237 4785">
     <span class='ocr_line' id='line_1_112' title="bbox 2059 4733 2237 4785; baseline -0.011 0"><span class='ocrx_word' id='word_1_829' title='bbox 2059 4733 2237 4785; x_wconf 83' lang='lat' dir='ltr'><strong>betur.</strong></span> 
     </span>
    </p>
   </div>
   <div class='ocr_carea' id='block_1_111' title="bbox 2131 4797 3647 4870">
    <p class='ocr_par' dir='ltr' id='par_1_111' title="bbox 2131 4797 3647 4870">
     <span class='ocr_line' id='line_1_113' title="bbox 2131 4797 3647 4870; baseline -0.001 -15"><span class='ocrx_word' id='word_1_830' title='bbox 2131 4802 2256 4870; x_wconf 64' lang='grc'><strong>(55)</strong></span> <span class='ocrx_word' id='word_1_831' title='bbox 2290 4797 2499 4863; x_wconf 73' lang='grc' dir='ltr'>Οὐδεὶς</span> <span class='ocrx_word' id='word_1_832' title='bbox 2528 4799 2667 4852; x_wconf 77' lang='grc' dir='ltr'>οὔτε</span> <span class='ocrx_word' id='word_1_833' title='bbox 2701 4802 2807 4853; x_wconf 80' lang='grc' dir='ltr'><strong>τὸν</strong></span> <span class='ocrx_word' id='word_1_834' title='bbox 2838 4803 3008 4853; x_wconf 73' lang='grc' dir='ltr'>ναόν.</span> <span class='ocrx_word' id='word_1_835' title='bbox 3050 4799 3122 4853; x_wconf 88' lang='lat' dir='ltr'><strong>De</strong></span> <span class='ocrx_word' id='word_1_836' title='bbox 3161 4799 3296 4855; x_wconf 83' lang='lat' dir='ltr'><strong>Filio</strong></span> <span class='ocrx_word' id='word_1_837' title='bbox 3331 4800 3422 4854; x_wconf 88' lang='lat' dir='ltr'><strong>Dei</strong></span> <span class='ocrx_word' id='word_1_838' title='bbox 3467 4801 3647 4855; x_wconf 85' lang='lat' dir='ltr'><strong>simile</strong></span> 
     </span>
    </p>
   </div>
   <div class='ocr_carea' id='block_1_112' title="bbox 2057 4869 3643 4940">
    <p class='ocr_par' dir='ltr' id='par_1_112' title="bbox 2057 4869 3643 4940">
     <span class='ocr_line' id='line_1_114' title="bbox 2057 4869 3643 4940; baseline -0.001 -17"><span class='ocrx_word' id='word_1_839' title='bbox 2057 4869 2263 4940; x_wconf 82' lang='lat' dir='ltr'><strong>aliquid</strong></span> <span class='ocrx_word' id='word_1_840' title='bbox 2306 4870 2491 4940; x_wconf 65' lang='lat' dir='ltr'><strong>dicere</strong></span> <span class='ocrx_word' id='word_1_841' title='bbox 2538 4887 2645 4923; x_wconf 93' lang='lat' dir='ltr'><strong>non</strong></span> <span class='ocrx_word' id='word_1_842' title='bbox 2700 4885 3027 4938; x_wconf 80' lang='lat' dir='ltr'><strong>possumus,</strong></span> <span class='ocrx_word' id='word_1_843' title='bbox 3076 4888 3141 4922; x_wconf 87' lang='lat' dir='ltr'><strong>eo</strong></span> <span class='ocrx_word' id='word_1_844' title='bbox 3177 4871 3322 4938; x_wconf 90' lang='lat' dir='ltr'><strong>quod</strong></span> <span class='ocrx_word' id='word_1_845' title='bbox 3373 4886 3643 4939; x_wconf 87' lang='lat' dir='ltr'><strong>nusquam</strong></span> 
     </span>
    </p>
   </div>
   <div class='ocr_carea' id='block_1_113' title="bbox 2057 4937 3566 5010">
    <p class='ocr_par' dir='ltr' id='par_1_113' title="bbox 2057 4937 3566 5010">
     <span class='ocr_line' id='line_1_115' title="bbox 2057 4937 3566 5010; baseline 0 -16"><span class='ocrx_word' id='word_1_846' title='bbox 2057 4937 2300 5004; x_wconf 87' lang='lat' dir='ltr'><strong>divinum</strong></span> <span class='ocrx_word' id='word_1_847' title='bbox 2332 4937 2570 5010; x_wconf 65' lang='lat' dir='ltr'><strong>Verbum</strong></span> <span class='ocrx_word' id='word_1_848' title='bbox 2606 4937 2834 5002; x_wconf 75' lang='lat' dir='ltr'><strong>dimisit,</strong></span> <span class='ocrx_word' id='word_1_849' title='bbox 2870 4941 3014 5010; x_wconf 94' lang='lat' dir='ltr'><strong>quod</strong></span> <span class='ocrx_word' id='word_1_850' title='bbox 3053 4937 3218 4994; x_wconf 88' lang='lat' dir='ltr'><strong>semel</strong></span> <span class='ocrx_word' id='word_1_851' title='bbox 3249 4937 3566 5009; x_wconf 84' lang='lat' dir='ltr'><strong>assumpsit.</strong></span> 
     </span>
    </p>
   </div>
   <div class='ocr_carea' id='block_1_114' title="bbox 2129 5009 3644 5082">
    <p class='ocr_par' dir='ltr' id='par_1_114' title="bbox 2129 5009 3644 5082">
     <span class='ocr_line' id='line_1_116' title="bbox 2129 5009 3644 5082; baseline -0.002 -18"><span class='ocrx_word' id='word_1_852' title='bbox 2129 5011 2242 5082; x_wconf 74' lang='grc'><strong>(54)</strong></span> <span class='ocrx_word' id='word_1_853' title='bbox 2285 5009 2488 5082; x_wconf 70' lang='grc' dir='ltr'>Θέλων</span> <span class='ocrx_word' id='word_1_854' title='bbox 2523 5009 3028 5080; x_wconf 50' lang='grc' dir='ltr'>ἐγέννησενζοιιι.</span> <span class='ocrx_word' id='word_1_855' title='bbox 3089 5011 3273 5064; x_wconf 85' lang='lat' dir='ltr'><strong>Inanis</strong></span> <span class='ocrx_word' id='word_1_856' title='bbox 3307 5020 3487 5082; x_wconf 84' lang='lat' dir='ltr'><strong>est__ac</strong></span> <span class='ocrx_word' id='word_1_857' title='bbox 3540 5011 3644 5082; x_wconf 29' lang='lat' dir='ltr'><strong>imi-</strong></span> 
     </span>
    </p>
   </div>
   <div class='ocr_carea' id='block_1_115' title="bbox 2057 5079 3642 5152">
    <p class='ocr_par' dir='ltr' id='par_1_115' title="bbox 2057 5079 3642 5152">
     <span class='ocr_line' id='line_1_117' title="bbox 2057 5079 3642 5152; baseline 0.003 -22"><span class='ocrx_word' id='word_1_858' title='bbox 2057 5079 2296 5152; x_wconf 85' lang='lat' dir='ltr'><strong>portuna</strong></span> <span class='ocrx_word' id='word_1_859' title='bbox 2331 5079 2660 5134; x_wconf 85' lang='lat' dir='ltr'><strong>Arianorqu</strong></span> <span class='ocrx_word' id='word_1_860' title='bbox 2683 5120 2698 5140; x_wconf 82' lang='lat'><strong>.</strong></span> <span class='ocrx_word' id='word_1_861' title='bbox 2739 5083 2879 5135; x_wconf 84' lang='lat' dir='ltr'><strong>Aetii</strong></span> <span class='ocrx_word' id='word_1_862' title='bbox 2929 5082 3272 5152; x_wconf 81' lang='lat' dir='ltr'><strong>potissimum</strong></span> <span class='ocrx_word' id='word_1_863' title='bbox 3303 5088 3357 5133; x_wconf 89' lang='lat' dir='ltr'><strong>et</strong></span> <span class='ocrx_word' id='word_1_864' title='bbox 3388 5079 3642 5134; x_wconf 77' lang='lat' dir='ltr'><strong>Eunomii</strong></span> 
     </span>
    </p>
   </div>
   <div class='ocr_carea' id='block_1_116' title="bbox 2057 5150 3642 5220">
    <p class='ocr_par' dir='ltr' id='par_1_116' title="bbox 2057 5150 3642 5220">
     <span class='ocr_line' id='line_1_118' title="bbox 2057 5150 3642 5220; baseline -0.002 -14"><span class='ocrx_word' id='word_1_865' title='bbox 2057 5150 2368 5220; x_wconf 68' lang='lat' dir='ltr'><strong>cavillatio,</strong></span> <span class='ocrx_word' id='word_1_866' title='bbox 2425 5166 2588 5219; x_wconf 91' lang='lat' dir='ltr'><strong>quam</strong></span> <span class='ocrx_word' id='word_1_867' title='bbox 2624 5159 2679 5204; x_wconf 85' lang='lat' dir='ltr'><strong>et</strong></span> <span class='ocrx_word' id='word_1_868' title='bbox 2727 5150 3007 5220; x_wconf 77' lang='lat' dir='ltr'><strong>explicare</strong></span> <span class='ocrx_word' id='word_1_869' title='bbox 3056 5162 3103 5204; x_wconf 88' lang='lat' dir='ltr'><strong>et</strong></span> <span class='ocrx_word' id='word_1_870' title='bbox 3150 5150 3398 5204; x_wconf 80' lang='lat' dir='ltr'><strong>refellere</strong></span> <span class='ocrx_word' id='word_1_871' title='bbox 3449 5151 3642 5219; x_wconf 84' lang='lat' dir='ltr'><strong>incipit</strong></span> 
     </span>
    </p>
   </div>
   <div class='ocr_carea' id='block_1_117' title="bbox 2058 5219 3641 5291">
    <p class='ocr_par' dir='ltr' id='par_1_117' title="bbox 2058 5219 3641 5291">
     <span class='ocr_line' id='line_1_119' title="bbox 2058 5219 3641 5291; baseline -0.001 -15"><span class='ocrx_word' id='word_1_872' title='bbox 2058 5223 2145 5276; x_wconf 89' lang='lat' dir='ltr'><strong>hic</strong></span> <span class='ocrx_word' id='word_1_873' title='bbox 2196 5219 2255 5274; x_wconf 87' lang='lat' dir='ltr'><strong>S.</strong></span> <span class='ocrx_word' id='word_1_874' title='bbox 2309 5219 2666 5290; x_wconf 83' lang='lat' dir='ltr'><strong>Epiphanius.</strong></span> <span class='ocrx_word' id='word_1_875' title='bbox 2721 5219 2974 5276; x_wconf 83' lang='lat' dir='ltr'><strong>Eaindem</strong></span> <span class='ocrx_word' id='word_1_876' title='bbox 3020 5223 3232 5291; x_wconf 79' lang='lat' dir='ltr'><strong>egregie</strong></span> <span class='ocrx_word' id='word_1_877' title='bbox 3283 5221 3538 5274; x_wconf 65' lang='lat' dir='ltr'><strong>refellunt</strong></span> <span class='ocrx_word' id='word_1_878' title='bbox 3587 5230 3641 5274; x_wconf 80' lang='lat' dir='ltr'><strong>ct</strong></span> 
     </span>
    </p>
   </div>
   <div class='ocr_carea' id='block_1_118' title="bbox 2059 5291 3640 5357">
    <p class='ocr_par' dir='ltr' id='par_1_118' title="bbox 2059 5291 3640 5357">
     <span class='ocr_line' id='line_1_120' title="bbox 2059 5291 3640 5357; baseline -0.002 -11"><span class='ocrx_word' id='word_1_879' title='bbox 2059 5291 2116 5346; x_wconf 92' lang='lat' dir='ltr'><strong>S.</strong></span> <span class='ocrx_word' id='word_1_880' title='bbox 2162 5291 2497 5344; x_wconf 84' lang='lat' dir='ltr'><strong>Athanasius</strong></span> <span class='ocrx_word' id='word_1_881' title='bbox 2531 5293 2781 5346; x_wconf 89' lang='lat' dir='ltr'><strong>oratione</strong></span> <span class='ocrx_word' id='word_1_882' title='bbox 2808 5293 2860 5352; x_wconf 72' lang='grc' dir='ltr'><strong>ό,</strong></span> <span class='ocrx_word' id='word_1_883' title='bbox 2898 5301 2952 5344; x_wconf 90' lang='lat' dir='ltr'><strong>et</strong></span> <span class='ocrx_word' id='word_1_884' title='bbox 2987 5292 3044 5344; x_wconf 82' lang='lat' dir='ltr'><strong>S.</strong></span> <span class='ocrx_word' id='word_1_885' title='bbox 3080 5291 3378 5357; x_wconf 80' lang='lat' dir='ltr'><strong>Gregorius</strong></span> <span class='ocrx_word' id='word_1_886' title='bbox 3412 5291 3640 5343; x_wconf 63' lang='lat' dir='ltr'><strong>Nazian-</strong></span> 
     </span>
    </p>
   </div>
   <div class='ocr_carea' id='block_1_119' title="bbox 2057 5360 3640 5430">
    <p class='ocr_par' dir='ltr' id='par_1_119' title="bbox 2057 5360 3640 5430">
     <span class='ocr_line' id='line_1_121' title="bbox 2057 5360 3640 5430; baseline -0.001 -14"><span class='ocrx_word' id='word_1_887' title='bbox 2057 5377 2227 5416; x_wconf 84' lang='lat' dir='ltr'><strong>zenus</strong></span> <span class='ocrx_word' id='word_1_888' title='bbox 2261 5361 2512 5430; x_wconf 91' lang='lat' dir='ltr'><strong>o_ratione</strong></span> <span class='ocrx_word' id='word_1_889' title='bbox 2545 5360 2650 5430; x_wconf 74' lang='grc'><strong>55.</strong></span> <span class='ocrx_word' id='word_1_890' title='bbox 2687 5370 2740 5415; x_wconf 90' lang='lat' dir='ltr'><strong>et</strong></span> <span class='ocrx_word' id='word_1_891' title='bbox 2772 5362 2830 5415; x_wconf 84' lang='lat' dir='ltr'><strong>S.</strong></span> <span class='ocrx_word' id='word_1_892' title='bbox 2866 5361 3104 5430; x_wconf 83' lang='lat' dir='ltr'><strong>Cyrillus</strong></span> <span class='ocrx_word' id='word_1_893' title='bbox 3137 5361 3542 5414; x_wconf 68' lang='lat' dir='ltr'><strong>Alexandrinus</strong></span> <span class='ocrx_word' id='word_1_894' title='bbox 3585 5363 3640 5415; x_wconf 91' lang='lat' dir='ltr'><strong>in</strong></span> 
     </span>
    </p>
   </div>
   <div class='ocr_carea' id='block_1_120' title="bbox 2057 5428 3634 5498">
    <p class='ocr_par' dir='ltr' id='par_1_120' title="bbox 2057 5428 3634 5498">
     <span class='ocr_line' id='line_1_122' title="bbox 2057 5428 3634 5498; baseline 0.001 -12"><span class='ocrx_word' id='word_1_895' title='bbox 2057 5432 2154 5486; x_wconf 88' lang='lat' dir='ltr'><strong>lib.</strong></span> <span class='ocrx_word' id='word_1_896' title='bbox 2187 5445 2225 5482; x_wconf 83' lang='lat' dir='ltr'><strong>ti</strong></span> <span class='ocrx_word' id='word_1_897' title='bbox 2275 5428 2581 5498; x_wconf 77' lang='lat' dir='ltr'><strong>Dialogidc</strong></span> <span class='ocrx_word' id='word_1_898' title='bbox 2609 5430 2868 5484; x_wconf 81' lang='lat' dir='ltr'><strong>Trinitate</strong></span> <span class='ocrx_word' id='word_1_899' title='bbox 2903 5428 2923 5491; x_wconf 14' lang='grc' dir='ltr'>,ἡ</span> <span class='ocrx_word' id='word_1_900' title='bbox 2945 5445 2998 5485; x_wconf 85' lang='lat' dir='ltr'><strong>ct</strong></span> <span class='ocrx_word' id='word_1_901' title='bbox 3033 5433 3086 5485; x_wconf 93' lang='lat' dir='ltr'><strong>in</strong></span> <span class='ocrx_word' id='word_1_902' title='bbox 3123 5430 3380 5484; x_wconf 72' lang='lat' dir='ltr'><strong>Thesauri</strong></span> <span class='ocrx_word' id='word_1_903' title='bbox 3411 5432 3504 5485; x_wconf 89' lang='lat' dir='ltr'><strong>lib.</strong></span> <span class='ocrx_word' id='word_1_904' title='bbox 3534 5448 3634 5488; x_wconf 84' lang='lat' dir='ltr'><strong>vn.</strong></span> 
     </span>
    </p>
   </div>
   <div class='ocr_carea' id='block_1_121' title="bbox 2059 5497 3639 5570">
    <p class='ocr_par' dir='ltr' id='par_1_121' title="bbox 2059 5497 3639 5570">
     <span class='ocr_line' id='line_1_123' title="bbox 2059 5497 3639 5570; baseline 0 -18"><span class='ocrx_word' id='word_1_905' title='bbox 2059 5500 2118 5570; x_wconf 80' lang='lat' dir='ltr'><strong>S.</strong></span> <span class='ocrx_word' id='word_1_906' title='bbox 2191 5497 2822 5568; x_wconf 31' lang='lat' dir='ltr'><strong>insuper’Augustinus</strong></span> <span class='ocrx_word' id='word_1_907' title='bbox 2872 5509 2986 5553; x_wconf 91' lang='lat' dir='ltr'><strong>tum</strong></span> <span class='ocrx_word' id='word_1_908' title='bbox 3040 5503 3220 5570; x_wconf 90' lang='lat' dir='ltr'><strong>capite</strong></span> <span class='ocrx_word' id='word_1_909' title='bbox 3282 5501 3460 5569; x_wconf 90' lang='lat' dir='ltr'><strong>primo</strong></span> <span class='ocrx_word' id='word_1_910' title='bbox 3510 5500 3639 5570; x_wconf 76' lang='lat' dir='ltr'><strong>libri</strong></span> 
     </span>
    </p>
   </div>
   <div class='ocr_carea' id='block_1_122' title="bbox 2059 5569 3639 5646">
    <p class='ocr_par' dir='ltr' id='par_1_122' title="bbox 2059 5569 3639 5646">
     <span class='ocr_line' id='line_1_124' title="bbox 2059 5569 3639 5646; baseline -0.003 -21"><span class='ocrx_word' id='word_1_911' title='bbox 2059 5569 2260 5626; x_wconf 82' lang='lat' dir='ltr'><strong>Contra</strong></span> <span class='ocrx_word' id='word_1_912' title='bbox 2293 5583 2582 5646; x_wconf 51' lang='lat' dir='ltr'><strong>“sermones</strong></span> <span class='ocrx_word' id='word_1_913' title='bbox 2641 5569 3133 5646; x_wconf 30' lang='lat' dir='ltr'><strong>Arianorum‘pag.</strong></span> <span class='ocrx_word' id='word_1_914' title='bbox 3184 5570 3291 5646; x_wconf 67' lang='grc'><strong>652</strong></span> <span class='ocrx_word' id='word_1_915' title='bbox 3341 5569 3639 5646; x_wconf 46' lang='grc' dir='ltr'>ιριιιίμγιιι</span> 
     </span>
    </p>
   </div>
   <div class='ocr_carea' id='block_1_123' title="bbox 2059 5636 3638 5712">
    <p class='ocr_par' dir='ltr' id='par_1_123' title="bbox 2059 5636 3638 5712">
     <span class='ocr_line' id='line_1_125' title="bbox 2059 5636 3638 5712; baseline -0.005 -16"><span class='ocrx_word' id='word_1_916' title='bbox 2059 5654 2214 5697; x_wconf 72' lang='lat' dir='ltr'><strong>novae</strong></span> <span class='ocrx_word' id='word_1_917' title='bbox 2241 5638 2373 5694; x_wconf 85' lang='lat' dir='ltr'><strong>edit.</strong></span> <span class='ocrx_word' id='word_1_918' title='bbox 2403 5636 2586 5696; x_wconf 84' lang='lat' dir='ltr'><strong>Paris.</strong></span> <span class='ocrx_word' id='word_1_919' title='bbox 2614 5648 2728 5695; x_wconf 89' lang='lat' dir='ltr'><strong>tum</strong></span> <span class='ocrx_word' id='word_1_920' title='bbox 2757 5639 2934 5712; x_wconf 87' lang='lat' dir='ltr'><strong>capite</strong></span> <span class='ocrx_word' id='word_1_921' title='bbox 2976 5636 3046 5697; x_wconf 67' lang='lat' dir='ltr'><strong>Si)</strong></span> <span class='ocrx_word' id='word_1_922' title='bbox 3074 5636 3198 5697; x_wconf 76' lang='lat' dir='ltr'><strong>libri</strong></span> <span class='ocrx_word' id='word_1_923' title='bbox 3249 5658 3318 5695; x_wconf 88' lang='lat' dir='ltr'><strong>xv</strong></span> <span class='ocrx_word' id='word_1_924' title='bbox 3365 5640 3436 5693; x_wconf 81' lang='lat' dir='ltr'><strong>De</strong></span> <span class='ocrx_word' id='word_1_925' title='bbox 3473 5641 3638 5691; x_wconf 64' lang='lat' dir='ltr'><strong>ﬁtni-</strong></span> 
     </span>
    </p>
   </div>
   <div class='ocr_carea' id='block_1_124' title="bbox 3245 5737 3281 5797">
    <p class='ocr_par' dir='ltr' id='par_1_124' title="bbox 3245 5737 3281 5797">
     <span class='ocr_line' id='line_1_126' title="bbox 3245 5737 3281 5797; baseline 0 -7"><span class='ocrx_word' id='word_1_926' title='bbox 3245 5737 3281 5797; x_wconf 67' lang='grc'><strong>1.,</strong></span> 
     </span>
    </p>
   </div>
  </div>
