3992 6198
421 212 523 265 iii?

1807 206 1862 260 S.
1907 208 2245 265 ΕΡΙΡΗΛΝΙΙ

3568 219 3665 277 l08

414 327 704 400 doquidem
748 325 890 381 istud
925 327 1123 382 asseris
1159 347 1168 380 :
1203 323 1435 378 Verbum
1479 336 1690 390 semper
1726 323 1931 376 exstitit
1964 365 1975 385 ,

2085 326 2281 394 λέγεις,
2314 323 2418 379 Ἦν
2459 329 2543 380 ἀεὶ
2593 329 2779 397 Λόγος,
2837 329 2929 381 καὶ
2957 327 3060 381 οὑκ
3088 327 3164 380 ἔνι
3203 326 3390 398 χρόνος
3425 327 3532 398 πρὸ
3573 326 3669 382 τοῦ

415 436 590 490 neque
615 428 831 489 tempus
864 417 1100 474 Verbum
1134 417 1444 473 antecessit.
1477 415 1638 484 Atqui
1670 416 1750 468 vel
1792 414 1983 468 Ariani

413 513 540 582 ipsi,
577 529 685 584 quo
716 510 928 565 facilius
963 511 1268 572 illudercnt,
1311 509 1427 562 sine
1461 508 1570 561 ullo
1606 514 1848 575 tempore
1887 521 1980 576 ge-

413 603 585 656 nitum
608 617 726 656 esse
749 601 943 652 Filium
975 599 1263 664 dixerunt;
1305 613 1478 666 neque
1504 605 1685 650 tamen
1720 607 1982 649 aeternum

415 694 570 749 fateri
625 695 936 752 voluerunt,
990 691 1083 745 sed
1126 689 1382 744 dixerunt
1438 689 1606 742 fuisse
1657 687 1984 757 qlianquue

412 802 536 839 cum
570 801 676 838 non
711 791 889 846 esset;
928 781 1057 834 illud
1105 790 1285 834 autern
1325 778 1652 850 quandoque,
1707 794 1814 832 non
1863 794 1984 833 esse

412 888 624 943 tempus
652 872 895 926 arbitrati
929 880 1076 925 sunt.
1116 870 1316 925 Verum
1353 871 1398 924 si
1443 869 1497 922 in
1531 885 1649 922 eam
1683 868 1976 923 dictionem

409 963 724 1034 diligentius
769 963 1036 1031 inquiras,
1090 961 1246 1015 facile
1288 961 1569 1030 imperitos
1600 962 1735 1016 istos
1790 961 1981 1015 redar-

409 1069 563 1124 guas.
593 1051 803 1122 Quippe
835 1053 1002 1106 dictio
1041 1053 1174 1113 lnee,
1221 1051 1528 1120 aliquando,
1563 1062 1778 1120 tempus
1811 1052 1981 1122 signi-

408 1146 533 1201 ficat
557 1163 571 1199 :
599 1160 836 1214 cumque
870 1153 1085 1213 tempus
1117 1142 1286 1196 ullum
1311 1158 1370 1196 se
1393 1144 1730 1196 constituere
1759 1150 1979 1212 negent,

405 1251 676 1292 summam
701 1237 754 1289 in
789 1235 1064 1304 opinionis
1089 1232 1482 1287 absurditatem
1509 1249 1632 1287 cum
1667 1234 1984 1288 inﬁdelitate

405 1325 757 1394 coniunctam
797 1322 1066 1376 incidunt.
1109 1319 1242 1373 Nam
1281 1321 1504 1375 vocibus
1545 1321 1652 1376 illis
1696 1337 1791 1391 per
1821 1323 1984 1376 cavil-

405 1417 660 1469 lationem
681 1422 733 1468 et
756 1413 1079 1467 calumniam
1111 1411 1442 1476 abutuntur;
1474 1419 1527 1465 et
1551 1411 1768 1465 interim
1802 1420 1982 1466 mente

405 1523 469 1562 ac
495 1523 656 1562 sensu
699 1521 798 1560 suo
838 1503 930 1559 Dei
976 1501 1171 1558 Filium
1223 1504 1574 1558 vehementer
1625 1510 1977 1573 Oppugnant:

405 1615 565 1670 quem
604 1613 634 1650 a
669 1596 846 1651 Patris
893 1595 1176 1650 divinitate
1220 1595 1435 1664 penitus
1485 1595 1722 1650 alienum
1776 1594 1977 1664 perab‘

407 1669 571 1742 surde
606 1684 829 1739 faciunt.
874 1682 976 1737 Sed
1005 1683 1133 1736 illud
1167 1691 1418 1752 quzerunt
1443 1701 1455 1735 :
1481 1680 1754 1735 Volensne
1784 1697 1980 1751 genue-
2015 1669 2055 1722 Β

407 1773 496 1843 rit,
528 1795 596 1832 an
631 1779 850 1834 minime
883 1777 1111 1831 volens?
1144 1776 1199 1830 Si
1241 1778 1462 1830 minime
1485 1776 1750 1829 volentem
1787 1774 1983 1827 dixeri-

408 1886 552 1936 mus,
599 1869 764 1923 Deum
809 1868 1123 1923 necessitati
1174 1869 1534 1934 subjicinins;
1581 1865 1664 1919 sin
1708 1866 1979 1918 volentem

405 1959 675 2022 dicamus,
709 1958 1042 2013 voluntatem
1081 1957 1256 2026 ipsam
1291 1954 1468 2009 Verbo
1504 1954 1736 2024 priorem
1784 1953 1982 2006 statui-

407 2066 555 2116 mus;
591 2065 655 2104 ac
688 2047 902 2102 tametsi
941 2049 1024 2101 vel
1073 2054 1333 2116 punctum
1382 2043 1676 2115 temporis,
1724 2052 1814 2097 aut
1863 2059 1979 2096 mo-

406 2152 645 2198 mentum
681 2143 825 2195 horae
858 2139 1202 2201 deliniamus,
1235 2154 1362 2208 pars
1385 2137 1472 2191 illa
1493 2137 1744 2206 quamvis
1778 2135 1974 2205 exigua

403 2247 616 2308 tempus
646 2236 864 2306 aliquod
907 2234 1141 2288 Verbum
1175 2231 1539 2286 antecessisse
1571 2230 1875 2299 signiﬁcat,
1909 2235 1984 2282 at-

403 2345 508 2398 que
555 2328 626 2381 ita
672 2328 725 2380 in
777 2327 990 2380 illorum
1041 2324 1351 2392 opinionem
1404 2320 1800 2390 compellimur.
1836 2319 1902 2371 At
1935 2319 1980 2373 si

406 2417 627 2470 minime
651 2416 916 2468 volentem
952 2412 1206 2482 genuisse
1235 2413 1485 2473 velimus,
1519 2424 1865 2478 consequens
1897 2417 1982 2463 est

406 2515 614 2560 natura:
639 2504 964 2558 necessitate
997 2502 1162 2556 Deum
1191 2516 1335 2564 esse,
1370 2516 1475 2553 non
1506 2500 1754 2553 libertate
1786 2499 1980 2552 volun-

407 2598 537 2650 tatis
578 2596 882 2650 inductum.
937 2595 1098 2664 Atqui
1160 2594 1353 2649 horum
1412 2602 1664 2647 neutrum
1715 2593 1766 2650 in
1816 2591 1980 2646 Deum

404 2690 698 2742 convenire
745 2694 940 2757 potest,
991 2684 1276 2762 quidquid,
1324 2684 1483 2737 homo
1527 2683 1840 2745 vanissime,
1899 2699 1982 2737 su-

405 2777 805 2850 Spieeris.Nam
835 2776 976 2847 apud
1006 2775 1172 2831 Deum
1203 2789 1544 2845 nequaquam
1577 2775 1689 2828 haec
1713 2789 1835 2828 esse
1854 2789 1980 2843 pos-

406 2877 552 2924 sunt.
591 2868 956 2935 Quamobrem
996 2883 1170 2936 neque
1199 2867 1389 2920 volens
1421 2865 1627 2936 genuit,
1664 2879 1840 2934 neque
1873 2864 1971 2916 mi-

406 2962 548 3016 nime
569 2961 776 3023 volens,
799 2959 892 3014 sed
915 2957 1146 3028 quadam
1179 2965 1384 3010 naturre
1417 2957 1725 3026 prmstanlia
1746 2971 1760 3007 :
1778 2955 1978 3024 quippe

403 3051 586 3105 divina
633 3059 829 3105 natura
884 3049 1113 3103 consilio
1156 3055 1240 3102 est
1283 3047 1430 3101 omni
1473 3046 1752 3116 superior,
1797 3059 1973 3114 neque

403 3149 646 3210 tempore
667 3138 1158 3204 circumscribitur,
1185 3153 1361 3206 neque
1388 3138 1711 3192 necessitate
1734 3135 1967 3204 cogitur.

403 3235 458 3289 In
491 3233 648 3287 nobis
687 3232 902 3302 quidem
930 3237 1238 3300 promptum
1270 3229 1402 3284 nihil
1433 3237 1517 3283 est
1546 3237 1598 3282 et
1641 3227 1976 3296 expeditum,

403 3330 688 3391 propterea
735 3319 877 3390 quod
907 3318 1197 3388 aliquando
1232 3332 1336 3371 non
1388 3318 1608 3370 fuimus.
1655 3315 1806 3370 Unde
1841 3314 1976 3368 deli-

406 3413 596 3466 berare
628 3419 786 3465 antea
813 3410 1076 3475 solemus,
1104 3408 1300 3463 deinde
1328 3408 1474 3478 quod
1512 3407 1689 3462 facere
1719 3407 1971 3459 volumus

2088 420 2288 488 Λόγου·
2314 449 2383 459 -
2411 421 2652 488 καίτοιγε
2711 424 2804 474 καὶ
2835 420 3012 473 αὐτῶν
3049 420 3157 472 τῶν
3199 417 3494 490 ’Λρειανιῖιν
3534 419 3670 489 πρὸς

2089 510 2303 580 ἀπάτην
2333 510 2492 563 τινῶν
2519 511 2764 582 ἁχρόνως
2796 511 2884 563 τὸν
2916 511 3044 563 Υίὸν
3069 508 3160 563 τοῦ
3187 509 3322 562 Θεοῦ
3348 509 3667 578 φασκόντων

2087 601 2462 669 γεγεννῆσθαι,
2499 603 2573 672 μὴ
2607 601 2945 672 βουλομένων
2979 603 3034 654 δὲ
3067 601 3227 654 αὑτὸν
3262 600 3433 654 ἀΐδιον
3461 600 3667 669 λέγειν,

2086 690 2219 742 ἀλλὰ
2253 690 2537 758 λεγόντων,
2568 687 2674 742 Ἦν
2712 708 2840 743 ποτε
2873 691 2960 743 ὅτε
2996 692 3096 743 οὑκ
3147 685 3244 760 ἦν’
3291 690 3574 760 νομίζουσι
3608 692 3668 744 δὲ

2084 781 2144 833 τὸ
2173 782 2318 834 ποτὲ
2353 783 2426 851 μὴ
2481 777 2618 834 εἶναι
2651 781 2858 852 χρόνον.
2901 781 3324 850 ’Λνεταζομένης
3353 781 3410 834 δὲ
3436 781 3536 851 τῆς
3569 783 3667 834 λέ-

2091 871 2225 936 ξεως
2249 912 2264 934 ,
2300 871 2542 940 ἐλέγχεις
2583 874 2709 935 τοὺς
2739 870 2988 942 ἀμαθεῖς.
3026 872 3098 923 Τὸ
3131 871 3274 924 ποτὲ
3300 871 3409 942 γὰρ
3438 872 3668 939 λεξικῶς

2085 963 2392 1032 λεγόμενον,
2425 963 2616 1034 χρόνου
2653 963 2770 1015 ἐστὶ
2808 962 3158 1032 σημαντικὸν,
3195 962 3290 1016 καὶ
3319 962 3563 1030 λέγοντες
3603 963 3669 1016 τὸ

2088 1056 2160 1126 μὴ
2185 1055 2361 1123 λέγειν
2391 1055 2599 1125 χρόνον,
2625 1058 2703 1119 είς
2728 1055 2956 1108 ἀτοπίαν
2984 1055 3318 1125 ἐμπίπτουσι
3351 1055 3443 1107 τοῦ
3475 1055 3661 1108 αὐτῶν

2085 1147 2429 1217 φρονήματος
2459 1148 2515 1198 ἐν
2544 1147 2888 1217 κακοπιστίᾳ.
2919 1145 3183 1217 Εἰρωνείᾳ
3214 1145 3322 1217 γὰρ
3347 1147 3468 1208 ταῖς
3487 1144 3667 1211 λέξεσι

2083 1237 2408 1307 κέχρηνται,
2442 1237 2520 1306 τῷ
2554 1241 2860 1308 φρονήματι
2894 1237 3083 1300 δεινῶς
3107 1238 3246 1290 κατὰ
3277 1237 3370 1290 τοῦ
3404 1237 3534 1291 Υἱοῦ
3570 1238 3666 1291 τοῦ

2085 1325 2221 1378 Θεοῦ
2255 1328 2710 1396 ἐστρατευμένοι,
2755 1327 3032 1398 ἀλλότριον
3076 1326 3389 1380 παντάπασι
3427 1327 3524 1398 τῆς
3569 1328 3666 1380 τοῦ

2085 1416 2294 1486 Πατρὸς
2342 1415 2592 1484 θεότητος
2655 1416 3182 1488 ἀπηλλοτριωμένως
3231 1415 3667 1483 δοξάζοντες.-

2083 1506 2263 1559 Θέλων
2305 1503 2398 1560 οὖν
2447 1507 2765 1578 ἐγέννησεν,
2805 1509 2838 1579 ἢ
2887 1509 2961 1579 μὴ
2995 1508 3195 1573 θέλων;
3239 1508 3366 1562 Ἐάν
3397 1510 3662 1579 εἴπωμεν,

2082 1596 2174 1666 Μὴ
2209 1595 2400 1657 θέλων,
2449 1598 2659 1670 ἀνάγκῃ
2706 1599 3102 1670 περιϐάλλομεν
3145 1599 3203 1651 τὸ
3230 1599 3412 1652 Θεῖον⁶
3450 1601 3543 1654 καὶ
3569 1601 3664 1654 ἐὰν

2084 1686 2347 1758 εἴπωμεν,
2375 1690 2456 1742 ὅτι
2485 1690 2683 1755 Θέλων,
2711 1689 2961 1760 διδόαμεν
2993 1691 3073 1744 ὃτι
3120 1687 3187 1762 ἦν
3215 1690 3276 1744 τὸ
3304 1691 3515 1763 θέλημα
3555 1693 3664 1763 προ

2083 1778 2175 1830 τοῦ
2206 1779 2378 1846 Λόγου
2400 1797 2414 1811 ·
2455 1781 2554 1833 κάν
2582 1798 2632 1832 τι
2679 1780 2878 1850 ἄτομον
2913 1783 3007 1834 καὶ
3033 1784 3164 1852 ῥιπὴ
3198 1782 3662 1853 πολλοστημόριον

2084 1867 2232 1937 ὥρας
2263 1869 2367 1939 εἴη,
2394 1869 2455 1921 τὸ
2487 1869 2946 1940 πολλοστημόριον
2971 1871 3164 1942 χρόνου
3185 1871 3302 1924 ἐστὶ
3331 1872 3660 1942 σημαντικὸν

2085 1959 2190 2028 πρὸ
2224 1959 2418 2027 Λόγου,
2450 1963 2548 2012 καὶ
2589 1960 2748 2014 πάλιν
2799 1963 3259 2032 παρεμπίπτομεν
3288 1962 3364 2034 τῷ
3391 1964 3528 2034 λόγῳ
3566 1965 3660 2018 αὑ-

2082 2049 2212 2103 τῶν.
2265 2051 2374 2103 Καὶ
2409 2051 2503 2104 ἐὰν
2531 2053 2772 2122 εἴπωμεν
2806 2053 2887 2107 ὅτι
2921 2054 2980 2105 οὑ
3014 2053 3180 2106 θέλων
3213 2055 3517 2125 ἐγέννησεν,
3550 2055 3662 2125 ἄρα

2081 2141 2293 2212 ἀνάγκη
2341 2141 2554 2211 φύσεως
2583 2139 2750 2214 ἦκται
2783 2145 2844 2198 τὸ
2883 2145 3056 2211 Θεῐον,
3106 2145 3200 2199 καὶ
3228 2146 3327 2199 οὑκ
3359 2146 3663 2218 ἐλευθεριό-

2081 2247 2204 2299 τητι
2243 2231 2574 2302 θελήματος.
2607 2234 2722 2287 υὺκ
2761 2233 2954 2288 ἔστιδὲ
2981 2236 3185 2291 τούτων
3214 2236 3362 2290 οὐδὲν
3393 2239 3472 2299 είς
3502 2237 3659 2300 Θεὸν,

2082 2319 2155 2381 ὡς
2190 2319 2608 2389 ὑπολαμϐάνεις,
2645 2315 2690 2374 ὦ
2734 2322 2975 2389 κενόδοξε
2993 2339 3006 2354 '
3037 2325 3187 2393 παρὰ
3211 2323 3328 2394 Θεῷ
3357 2325 3466 2396 γὰρ
3489 2325 3664 2378 ταῦτα

2084 2407 2183 2459 οὑκ
2215 2407 2378 2460 ἔστιν.
2401 2408 2541 2462 Οὔτε
2569 2409 2736 2463 θέλων
2769 2411 2946 2464 τοίνυν
2975 2411 3284 2482 ἐγέννησεν,
3317 2412 3439 2467 οὔτε
3471 2413 3544 2485 μὴ
3579 2415 3664 2467 θέ-

2083 2497 2208 2563 λων,
2239 2497 2351 2550 ἀλλ’
2385 2498 2657 2569 ὑπερϐολῇ
2706 2498 2920 2567 φύσεως
2948 2500 3092 2571 (55)°
3124 2502 3440 2573 ὑπερϐαίνει
3474 2502 3584 2574 γὰρ
3623 2506 3658 2573 ἡ

2083 2588 2200 2639 θεία
2244 2585 2401 2656 φύσις
2455 2587 2667 2659 βουλὴν,
2713 2590 2808 2642 καὶ
2854 2591 2952 2660 οὑχ
2983 2591 3278 2644 ὑποπίπτει
3306 2593 3503 2664 χρόνῳ,
3535 2593 3662 2650 οὔτε

2083 2681 2294 2751 ἀνάγκη
2344 2680 2554 2748 ἄγεται.
2607 2683 2693 2733 Ἐν
2734 2684 2864 2752 ἡμῖν
2907 2683 3016 2754 γὰρ
3050 2683 3200 2737 οὐδέν
3238 2686 3385 2738 ἐστιν
3417 2685 3658 2755 ἕτοιμον,

2081 2771 2162 2823 ὅτι
2212 2771 2310 2823 οὑκ
2364 2766 2505 2840 ἦμέν
2553 2789 2715 2824 ποτε·
2779 2773 2869 2825 καὶ
2914 2774 3126 2844 πρῶτόν
3170 2791 3223 2828 τι
3268 2774 3656 2845 βουλευόμεθα,

2081 2861 2270 2914 ἔπειτα
2319 2860 2579 2931 ποιοῦμεν
2606 2861 2634 2914 ὃ
2662 2863 2997 2933 πράττομεν,
3031 2863 3064 2935 ἢ
3100 2865 3173 2936 μὴ
3210 2865 3657 2934 βουλευσαμένων

2082 2951 2236 3021 ἡμῶν
2275 2952 2373 3003 οὑκ
2406 2952 2552 3005 ἔστιν
2593 2952 2621 3004 ὃ
2661 2953 2886 3023 μηδέπω
2925 2957 3055 3026 παρ’
3100 2955 3255 3026 ἡμῶν
3303 2956 3615 3026 πέπρακται
3639 2973 3653 2986 ο

2080 3043 2230 3112 παρὰ
2254 3042 2309 3094 δὲ
2341 3043 2459 3113 Θεῷ
2484 3044 2660 3097 πάντα
2687 3043 2868 3097 τέλεια
2914 3045 3008 3098 καὶ
3049 3045 3183 3106 λεῖα,
3235 3048 3330 3099 καὶ
3376 3047 3550 3100 πάντα
3595 3048 3656 3100 ιν

2081 3131 2228 3202 αὑτῴ
2275 3132 2660 3205 πεπλήρωται,
2715 3135 2808 3187 καὶ
2853 3135 2976 3187 οὔτε
3029 3137 3101 3206 μὴ
3149 3135 3354 3188 θέλων¹
3397 3136 3655 3206 ἐγέννησε

2079 3223 2168 3275 τὸν
2199 3223 2382 3287 ἁῖδίως
2405 3224 2530 3278 ὄντα
2557 3227 2952 3296 γεγεννημένον
2987 3227 3046 3291 ἐξ
3076 3227 3242 3280 αὑτοῦ
3295 3228 3448 3296 ἆγ-ιον
3479 3230 3653 3298 Λόγον

2079 3314 2172 3365 καὶ
2199 3315 2350 3381 Θεὸν,
2385 3314 2498 3368 ἀλλ’
2527 3318 2583 3369 ὲν
2615 3320 2678 3387 τῇ
2716 3318 3046 3390 ὑπερϐολικῇ
3073 3321 3167 3372 καὶ
3195 3320 3460 3390 ἀφράστῳ
3486 3321 3654 3375 αὑτοῦ

2082 3420 2150 3472 (eu
2164 3419 2259 3456 set.

401 3501 1008 3573 essequimurzaliaqui
1037 3500 1138 3554 nisi
1167 3501 1454 3554 cousiliunt
1483 3499 1813 3569 ceperimus,
1886 3493 2124 3549 nondum
2171 3496 2378 3549 exstitit
2425 3497 2476 3550 id
2547 3499 2692 3568 quod
2757 3501 2997 3554 nondum
3045 3501 3152 3572 56
3189 3517 3218 3556 a
3264 3503 3419 3558 nobis
3461 3512 3545 3559 est
3576 3506 3656 3558 l‘a-

404 3605 572 3649 ctum.
617 3594 769 3664 Apud
802 3591 1304 3648 Demnecontrario
1342 3591 1579 3660 perfecta
1639 3591 1821 3643 omnia
1887 3589 2156 3657 planaque
2208 3597 2356 3654 sunt,
2412 3592 2701 3662 omniaque
2755 3593 2807 3646 in
2848 3593 2966 3662 ipso
3014 3595 3299 3665 completa.
3341 3597 3416 3650 Ae
3482 3613 3656 3667 neque

406 3689 626 3742 minime
694 3687 880 3742 volens
942 3703 1115 3758 neque
1179 3687 1364 3740 volens
1430 3693 1679 3740 sanctum
1741 3682 1974 3738 Verbum
2017 3678 2292 3750 Deumque
2329 3685 2471 3752 quod
2522 3685 2590 3737 ab
2649 3697 2852 3741 interno
2899 3695 2982 3742 est
3035 3696 3089 3742 et
3150 3703 3183 3742 a
3223 3704 3281 3744 se
3343 3691 3461 3760 ipso
3503 3691 3658 3760 genio

403 3793 540 3849 tum,
579 3785 853 3854 produxit,
903 3786 995 3837 sed
1034 3783 1318 3838 excellenti
1355 3781 1588 3851 quadam
1618 3790 1672 3835 et
1704 3773 2074 3847 inexplicabili
2107 3784 2316 3830 natura:
2340 3779 2653 3834 conditione
2682 3795 2745 3834 ac
2775 3783 3109 3851 praestantia.

473 3873 604 3929 Llll.
647 3874 760 3944 Ego
800 3889 928 3928 vero
964 3875 1303 3928 vehementer
1342 3873 1471 3926 illud
1513 3873 1769 3927 admirari
1802 3871 1972 3930 soleo,

406 3983 439 4020 υ
467 3967 586 4020 lldei
617 3977 669 4020 et
708 3965 963 4020 Ecclesiae
997 3965 1088 4018 lilii
1109 4006 1122 4031 ,
1165 3965 1293 4020 dum
1323 3965 1452 4018 illud
1478 3965 1618 4034 apud
1648 3980 1732 4017 me
1758 3965 1936 4035 cogito
1956 4005 1970 4025 ,

401 4073 564 4128 quam
616 4066 815 4112 temere
863 4071 924 4112 ea
970 4072 1088 4126 qua:
1132 4071 1255 4110 vera
1317 4056 1642 4126 propriaque
1704 4067 1864 4119 sunt,
1917 4057 1970 4110 in

477 4218 488 4246 ¹
535 4215 691 4270 Deest
724 4215 846 4268 οὔτε
883 4214 1068 4267 θέλων.

2153 3869 2272 3922 NI".
2318 3869 2513 3941 Θαῦμά
2553 3891 2643 3943 μοι
2698 3873 2950 3944 μέγιστον
2987 3875 3312 3946 ἐπέρχεται,
3341 3868 3386 3928 ὦ
3414 3876 3518 3930 υἱοὶ
3556 3876 3656 3948 τῆς

2084 3962 2316 4025 πίστεως
2346 3963 2436 4016 καὶ
2463 3963 2806 4035 Ἐκκλησίας,
2834 3964 2950 4027 πῶς
2985 3964 3050 4018 τὰ
3078 3964 3305 4035 ἀληθινὰ
3327 3964 3658 4036 ἐξέστρεψαν

2080 4059 2128 4109 oi
2160 4055 2450 4124 φιλόνεικοι
2496 4055 2574 4117 εἰς
2610 4053 2879 4126 ἀλλότρια,
2931 4055 3024 4107 καὶ
3077 4057 3149 4108 τὰ
3193 4055 3465 4126 τροπικῶς
3511 4059 3660 4128 εἰρη-

403 4346 530 4399 tate,
581 4350 704 4404 pag.
747 4333 852 4386 995
895 4333 1138 4404 ejusdem
1179 4346 1299 4384 mox
1336 4332 1538 4384 laudati
1573 4332 1722 4387 tomi.
1773 4336 1972 4404 Omnes
2008 4339 2049 4392 Ι)
2081 4333 2458 4404 rogationibus
2483 4341 2769 4401 postquam
2791 4331 3057 4404 fatigatos
3088 4330 3152 4384 ad
3189 4331 3384 4386 incitas
3424 4330 3654 4404 redege-

401 4402 594 4458 tamen’
624 4402 762 4456 inter
793 4403 926 4456 istos
965 4403 1220 4469 opinione
1252 4409 1438 4454 nostra
1476 4408 1732 4470 praestare
1761 4402 1971 4456 videtur

404 4472 800 4532 Nazianzenus,
827 4471 918 4538 qui
941 4486 1004 4523 ea
1031 4471 1080 4522 in
1114 4471 1378 4533 oratione,
1406 4486 1567 4538 quam
1606 4470 1966 4535 laudavimus,

406 4545 644 4610 ineptum
677 4540 806 4594 illud
849 4540 1086 4608 σόφισμα
1117 4541 1364 4610 pluribus
1402 4541 1705 4593 submovet.
1761 4540 1969 4596 Princi-

402 4609 820 4682 piolwcvdtostg,
859 4609 1145 4682 instantius
1168 4609 1502 4682 adversariis
1533 4611 1882 4682 Opponeudo,
1915 4622 1968 4666 et

402 4678 531 4734 illud
580 4682 899 4748 praesertim,
926 4679 1067 4747 quod
1101 4695 1129 4730 a
1164 4678 1219 4733 S.
1254 4681 1558 4748 Augustino
1605 4679 1854 4734 laudatur
1889 4683 1968 4735 in-

401 4747 780 4818 dicato’nuper
810 4749 862 4802 in
896 4749 1013 4803 loco
1044 4749 1161 4802 libri
1191 4765 1255 4801 xv
1288 4747 1362 4801 De
1386 4749 1681 4814 'I‘rinitate;
1716 4766 1744 4803 e
1781 4767 1837 4803 re
1869 4767 1966 4805 sua

401 4823 667 4890 repetitur
719 4819 994 4890 incipite
1052 4819 1224 4890 primo
1280 4819 1401 4890 libri
1451 4818 1650 4872 Contra
1705 4837 1965 4874 sermones

401 4887 744 4944 Arianorum.
787 4888 1064 4942 Celebrent
1116 4887 1251 4942 adeo
1289 4889 1465 4941 locum
1513 4899 1818 4957 opportune
1869 4892 1965 4942 de-

401 4962 592 5014 scribit
627 4959 881 5013 Petavius
909 4973 1005 5011 sua
1041 4958 1092 5009 in
1121 4957 1590 5011 animadversione
1624 4960 1687 5009 ad
1726 4968 1965 5026 praesen-

400 5039 505 5082 tem
543 5029 600 5083 S.
629 5026 916 5098 Epiphanii
946 5028 1143 5098 locum.
1170 5027 1359 5098 Aiebat
1392 5027 1534 5098 enim
1566 5026 1961 5091 Nazianzenus,

398 5107 453 5152 et
478 5109 598 5166 post
625 5095 1025 5151 Nazianzenqu
1058 5095 1389 5166 Augustinus
1413 5135 1425 5153 .
1458 5096 1584 5148 dum
1615 5106 1840 5164 uterque
1874 5099 1966 5150 ad-

401 5164 673 5222 versarios
721 5167 984 5236 urgebant
1018 5183 1029 5236 ς
1069 5164 1176 5236 Sed
1223 5174 1278 5216 ut
1317 5167 1550 5236 noverint
1579 5183 1736 5234 quant
1782 5169 1964 5236 inania

398 5237 698 5306 loquantur.
734 5234 893 5290 etiam
929 5234 1028 5302 ipsi
1061 5234 1415 5306 interrogandi
1443 5245 1585 5306 sunt,
1615 5245 1790 5286 utrum
1825 5235 1963 5289 Deus

403 5303 564 5360 Pater
592 5309 786 5366 volens,
835 5322 901 5358 an
950 5306 1126 5356 nolens
1170 5305 1239 5355 sit
1284 5303 1444 5356 Deus.
1478 5303 1599 5356 Non
1628 5306 1766 5357 enim
1799 5305 1964 5357 aude-

399 5378 526 5430 bunt
563 5378 765 5437 dicere,
803 5375 938 5428 nolle
967 5389 1022 5426 se
1061 5389 1171 5426 esse
1217 5372 1402 5427 Deum.
1437 5373 1494 5426 Si
1528 5390 1650 5439 ergo
1683 5375 1964 5438 responde-

400 5449 536 5510 rint,
579 5445 716 5512 quod
765 5446 938 5499 volens
973 5445 1037 5495 sit
1082 5441 1239 5509 Deus,
1278 5460 1336 5497 eo
1369 5443 1520 5496 modo
1549 5444 1654 5496 illis
1691 5444 1962 5512 inferenda

399 5524 476 5570 ut
506 5519 707 5569 vanitas
755 5531 871 5576 sua,
921 5529 1022 5582 qua
1051 5513 1156 5564 dici
1201 5523 1368 5581 potest
1398 5517 1546 5581 prior
1579 5513 1673 5565 illo
1716 5529 1827 5566 esse
1877 5530 1963 5565 vo-

399 5583 577 5641 tanta:
607 5586 756 5652 ejus;
796 5599 894 5654 quo
921 5583 1044 5652 quid
1079 5584 1272 5636 dicitur
1305 5585 1565 5638 stultius?
1597 5582 1756 5638 llisce
1793 5583 1960 5637 inter-

2079 4402 2164 4457 rat
2224 4403 2605 4464 adversarios,
2664 4402 2966 4455 orationem
3019 4416 3170 4454 suam
3220 4403 3487 4455 convertit
3545 4402 3656 4457 Na-

2072 4474 2366 4526 zianzenus
2418 4473 2482 4525 ad
2526 4473 2644 4526 illas
2684 4473 2955 4533 rationes,
2987 4471 3186 4540 quibus
3217 4471 3420 4524 directe
3457 4486 3652 4528 eorum

2070 4543 2282 4611 itnpetit
2318 4543 2610 4595 insaniam.
2669 4540 2843 4611 Etiam
2879 4542 3320 4611 si_permittatur
3369 4541 3653 4598 voluntate

2069 4609 2309 4680 genitum
2343 4628 2464 4664 esse
2505 4627 2534 4663 a
2569 4611 2674 4664 Deo
2705 4609 2864 4665 Patre
2926 4609 3143 4673 Filium,
3180 4625 3284 4664 non
3337 4619 3516 4665 tamen
3557 4627 3654 4666 δεμ

2069 4683 2254 4751 quitur
2288 4682 2622 4751 voluntatem
2659 4681 2804 4733 illam
2842 4681 3011 4734 luisse
3043 4681 3228 4750 aliquo
3258 4690 3525 4751 tempore.
3560 4684 3652 4737 vel

2074 4748 2351 4804 momento
2375 4791 2389 4813 ,
2426 4753 2504 4804 vel
2565 4750 2790 4803 instanti
2843 4751 3103 4818 priorem.
3139 4748 3223 4802 ‘At
3270 4748 3434 4804 Verbi
3473 4752 3650 4807 divini

2068 4821 2347 4888 generatio
2410 4820 2822 4880 inscrutabilis,
2886 4819 3177 4875 ineﬂabilis
3235 4828 3352 4886 est;
3429 4837 3649 4876 omnem

2068 4891 2237 4944 vincit
2278 4891 2526 4941 humanae
2553 4889 2766 4960 mentis
2810 4890 2916 4942 vim
2949 4904 2961 4939 :
3005 4888 3183 4960 ipsum
3229 4891 3394 4942 etiam
3428 4900 3650 4960 superat

2067 4962 2426 5027 angelorum,
2479 4959 2907 5026 sublimiumque
2963 4959 3228 5012 virtutum
3286 4959 3505 5027 captum
3581 4975 3650 5014 ac

2063 5032 2316 5108 csnniam
2373 5028 2499 5081 licet
2551 5029 2884 5097 intelligendi
2946 5030 3076 5081 vim.
3129 5029 3311 5097 Ipsum
3363 5029 3484 5084 vide
3540 5028 3652 5082 Nat—-

2059 5113 2404 5154 ltauzenum.

2143 5168 2254 5235 (55)
2273 5165 2592 5233 Ὑπερϐολῇ
2617 5168 2875 5235 φύσεως.
2895 5165 3119 5221 Natum:
3140 5167 3453 5235 praistantia
3477 5166 3647 5220 Deum

2063 5234 2278 5289 Patrem
2327 5237 2583 5303 grunnisse
2629 5234 2825 5289 Filium
2876 5234 3167 5291 dicendum
3220 5246 3305 5292 est
3348 5252 3470 5290 cum
3516 5237 3650 5306 Epi-

2065 5305 2296 5378 phanio,
2341 5321 2498 5378 quem
2523 5309 2790 5378 sequitur
2843 5308 3245 5378 Alexandrinus
3274 5307 3512 5378 Cyrilltts
3552 5305 3648 5378 su-

2063 5373 2644 5445 perioriadnotatione
2681 5387 3035 5431 memoratus.
3068 5373 3333 5445 Sequitur
3373 5387 3427 5430 et
3458 5374 3516 5428 Β.
3545 5373 3646 5428 Jo-

2062 5458 2231 5497 annes
2267 5443 2638 5500 DamaSreuus
2670 5447 2809 5501 libro
2841 5449 3018 5516 primo
3047 5446 3122 5500 De
3158 5443 3295 5500 Fide
3322 5447 3642 5512 orthodoxa,

2062 5529 2183 5582 cap.
2209 5516 2272 5580 8;
2305 5529 2444 5582 quos
2476 5515 2618 5570 vide.
