3992 6198
365 173 455 230 1H
1750 173 1806 228 S.
1857 173 2194 227 EPIFIIANII
3521 173 3622 232 ΗΞ.

357 301 486 356 pere
535 303 860 358 possumus,
909 305 966 343 re
1012 289 1127 358 ipsa
1168 288 1443 342 vidimus:
1508 295 1780 358 quatenus
1835 288 1916 357 51

2044 292 2143 342 οὐκ
2169 286 2304 343 εἶδον
2346 291 2402 343 δὲ
2429 290 2563 343 καθό
2603 292 2769 345 ἐστιν.
2809 291 2966 344 Ἅλλὰ
2997 289 3090 344 καὶ
3117 290 3277 353 αὐτὸς
3317 284 3492 343 εἷδενδ
3532 293 3626 344 ἀοι·

358 387 541 432 autem
571 378 626 433 in
650 394 770 435 sese
796 387 900 444 est,
934 396 1040 433 non
1072 379 1330 434 vidimus.
1374 377 1639 433 Similiter
1664 379 1916 448 pr0pheta

2060 382 2238 451 ράτως
2279 381 2378 451 τὴν
2420 381 2600 450 φύσιν,
2637 382 2836 436 δέδωκε
2863 383 2919 434 δὲ
2953 381 3030 452 τῷ
3063 383 3136 452 μὴ
3177 383 3460 454 δυναμένῳ
3496 385 3628 455 ὁρᾷν

359 483 456 538 per
493 480 780 541 angustum
832 471 995 526 veluti
1036 470 1282 538 corporis
1333 471 1417 524 sui
1473 470 1720 525 foramen
1765 469 1936 526 Deum

2043 472 2272 541 δύναμιν
2325 473 2664 543 χαρίσματος
2702 474 2781 535 εἰς
2827 473 2889 525 τὸ
2945 473 3072 526 ἰδεῖν
3120 472 3217 542 τὴν
3263 472 3491 544 δύναμιν
3528 475 3630 545 τῆς

358 559 543 616 videre
587 569 925 620 meruerunt.
969 569 1022 614 ct
1066 561 1244 629 reipsa
1279 560 1566 627 viderunt;
1609 576 1717 615 non
1760 578 1935 632 quau-
2045 563 2297 634 Θεωρίας.

358 659 473 706 tum
506 653 714 707 infinita
747 653 866 722 ejus
899 653 1284 722 contemplatio
1332 653 1589 722 postulat.
1630 652 1809 722 Atque
1836 655 1939 708 hoc
1980 663 2138 722 pacto
2177 654 2585 708 consentientes
2651 653 2792 708 inter
2832 669 2970 717 sese,
3008 653 3418 720 concordesque
3485 653 3631 708 Scri'

355 749 528 810 pturae
569 744 849 796 veritatem
897 742 1098 811 ubique
1137 749 1428 811 praestant;
1482 745 1595 797 sive
1641 744 1940 813 prophetas
1979 744 2146 799 Deum
2173 743 2378 799 vidisse
2410 753 2697 809 testentur,
2757 760 2880 798 nam
2942 745 3122 813 reipsa
3157 745 3438 810 viderunt;
3508 744 3626 798 sive

355 835 497 905 quod
540 833 786 888 Salvator
818 835 1033 900 asserit,
1077 835 1239 888 Deum
1303 851 1452 888 nemo
1507 837 1634 889 vidit
1700 840 2007 907 unquam‘,
2046 855 2154 892 non
2194 839 2339 894 enim
2385 849 2654 907 quatenus
2699 849 2781 894 est
2832 841 2883 895 in
2934 856 3072 904 sese,
3126 841 3399 895 viderunt.
3453 843 3629 902 Porro

355 931 445 985 ille
485 930 600 999 ipse
629 929 840 983 ratione
869 929 1108 998 quadam
1139 945 1258 999 quae
1291 938 1574 999 aspectum
1608 946 1825 985 onmem
1859 941 2102 1002 superat,
2173 942 2425 988 naturam
2469 943 2553 989 est
2603 935 2773 1004 ipsam
2820 935 3085 999 intuitus;
3124 943 3178 988 et
3243 935 3290 989 ei
3326 937 3418 1006 qui
3489 952 3625 992 con-

354 1020 492 1073 tueri
537 1033 647 1072 non
691 1027 924 1088 poterat,
971 1020 1078 1074 vim
1111 1019 1403 1089 quamdam
1451 1021 1712 1090 elargitus
1741 1029 1855 1086 est,
1897 1031 1956 1076 ut
2003 1025 2357 1092 contemplari
2398 1024 2588 1094 possit.

420 1108 552 1162 LIV.
598 1108 796 1164 Verum
843 1125 912 1163 ne
947 1109 1188 1163 cavillari
1227 1123 1292 1163 ac
1328 1124 1522 1163 novam
1556 1111 1725 1164 ordiri
1768 1110 1924 1164 fabu-

349 1202 454 1254 lam
491 1202 647 1264 velis,
675 1217 738 1255 ac
767 1201 1061 1271 prophetas
1093 1200 1246 1256 dicas
1275 1218 1381 1255 non
1412 1203 1585 1257 oculis
1612 1219 1928 1272 usurpasse,

348 1293 442 1349 sed
476 1303 680 1357 mente,
709 1294 781 1348 ita
812 1303 870 1347 ut
913 1293 1275 1363 intelligerent
1325 1295 1718 1364 propemodum
1752 1309 1816 1350 ac
1850 1295 1933 1348 vi-

346 1386 539 1442 derent
568 1401 583 1439 :
608 1385 778 1441 lsaias
823 1387 1097 1440 accuratis
1148 1386 1298 1440 hisce
1341 1387 1566 1441 vocibus
1607 1387 1931 1456 tergiversa—

348 1478 550 1531 tionem
574 1476 814 1531 excludit
848 1491 1066 1530 omnem
1096 1494 1108 1529 :
1144 1475 1344 1543 Infelix
1375 1494 1488 1548 ego,
1524 1479 1773 1548 quoniam
1797 1495 1931 1532 com-

2102 1113 2225 1167 NA'.
2255 1114 2412 1167 Ἀλλὰ
2437 1114 2510 1184 μὴ
2529 1095 2687 1167 πάλιν
2708 1111 3136 1184 δραματουργῶν
3153 1111 3264 1181 (60)
3287 1112 3466 1181 λέγεις
3484 1113 3614 1185 (61)·

2033 1198 2187 1257 Εἶδον
2240 1205 2336 1275 μὲν
2367 1206 2414 1258 οἱ
2457 1207 2732 1275 προφῆται
2760 1204 2861 1256 οὐκ
2901 1202 3184 1273 ὀφθαλμῷ,
3218 1201 3353 1256 ἀλλὰ
3390 1202 3621 1274 διανοίᾳ,

2036 1294 2305 1357 συνιέντες
2335 1295 2613 1364 μονονουχὶ
2634 1293 2728 1346 καὶ
2755 1292 3008 1364 ὁρῶντες.
3040 1292 3138 1344 Διὰ
3157 1291 3313 1344 τοῦτο
3332 1293 3439 1363 γὰρ
3463 1293 3620 1364 ἀκριο

2032 1385 2142 1448 6ὦς
2174 1385 2321 1452 λέγει
2355 1386 2582 1449 Ἡσαΐας
2602 1403 2615 1415 ·
2657 1383 2847 1449 Teum;
2871 1382 3007 1454 ἐγὼ,
3033 1382 3122 1436 ὅτι
3159 1382 3618 1453 κατανένυγμαι,

2032 1479 2121 1532 ὅτι
2148 1478 2455 1547 ἅνθρωπος
2488 1476 2589 1538 ὢν,
2644 1477 2743 1532 καὶ
2780 1476 3085 1545 ἀκάθαρτα
3129 1475 3302 1543 χείλη
3333 1475 3511 1543 ἔχων,
3551 1479 3622 1529 ἐν

345 1577 568 1636 punctus
607 1583 759 1631 sum;
799 1569 1048 1637 quoniam
1093 1584 1213 1621 cum
1263 1569 1416 1622 homo
1461 1570 1582 1633 sim,
1631 1578 1678 1622 et
1724 1571 1916 1637 impuro

2033 1567 2111 1632 τῷ
2137 1567 2264 1632 ,λαῷ
2289 1567 2592 1634 ἀκάθαρτα
2615 1568 2788 1637 χείλη
2814 1567 3016 1635 ἔχοντι
3051 1565 3166 1635 ἐγὼ
3198 1563 3357 1627 οἰκῶ,
3385 1566 3482 1618 καὶ
3504 1566 3619 1619 Κύ-

348 1659 478 1711 mihi
506 1659 611 1711 sint
643 1658 807 1724 labia,
835 1659 890 1711 in
916 1657 1083 1711 medio
1110 1657 1291 1726 populi
1321 1659 1532 1726 impura
1564 1659 1708 1712 labia
1737 1660 1930 1713 haben-

348 1752 414 1804 tis
454 1767 545 1820 ego
585 1751 763 1803 habito
791 1766 810 1805 :
841 1758 889 1804 et
917 1749 1200 1804 Dominum
1246 1752 1570 1804 exercituum
1605 1751 1710 1804 vidi
1740 1754 1783 1812 ²,
1816 1767 1924 1804 non

344 1841 502 1906 dixit,
537 1841 712 1897 Mente
742 1843 870 1907 vidi,
896 1841 1014 1905 sed,
1059 1842 1224 1895 oculis
1260 1842 1410 1896 meis.
1441 1841 1629 1911 itaque
1654 1842 1949 1906 viderunt,-

343 1945 396 1989 et
434 1951 540 1989 non
576 1936 829 1990 viderunt
865 1935 1142 2005 propheta
1183 1934 1483 1988 :nimirum
1538 1945 1801 2004 quantum
1850 1935 1929 1988 vi—

343 2025 458 2080 deri
497 2033 744 2094 poterat,
777 2029 954 2094 reipsa
990 2024 1279 2088 viderunt;
1318 2040 1426 2078 non
1470 2025 1723 2079 viderunt
1749 2033 1928 2080 autem

340 2123 604 2185 quantum
644 2115 1111 2185 incomprehensze
1151 2115 1272 2184 ejus
1301 2125 1514 2170 natura:
1545 2115 1788 2172 inﬁnitas
1820 2131 1918 2186 po-

340 2207 597 2262 stulabat.
626 2205 707 2260 Ad
749 2206 1000 2261 eumdem
1049 2205 1269 2259 modum
1300 2205 1543 2276 plerique
1575 2207 1641 2262 de
1671 2207 1928 2276 paradiso

340 2297 634 2366 allegorice
662 2294 969 2364 diSputant,
1012 2302 1176 2363 atque
1215 2295 1359 2349 inter
1402 2304 1633 2351 caeteros
1685 2297 1928 2352 furiosus

339 2385 604 2457 Origenes
633 2387 1012 2438 adumbratam
1041 2384 1228 2440 nescio
1255 2399 1418 2454 quam
1443 2386 1682 2454 speciem
1717 2402 1815 2454 pro
1841 2403 1930 2441 ve-

339 2477 504 2532 ritate
541 2476 597 2529 in
630 2475 892 2529 mundum
933 2475 1155 2530 invexit.
1197 2476 1289 2530 Sic
1322 2475 1466 2530 enim
1512 2476 1731 2531 disserit
1767 2497 1780 2532 :
1811 2478 1928 2532 Non

339 2576 430 2622 est
456 2565 743 2636 paradisus
778 2566 834 2619 in
863 2565 1052 2631 terris;
1103 2572 1158 2620 et
1198 2565 1301 2619 hoc
1338 2565 1583 2636 Apostoli
1619 2569 1931 2624 testimonio

341 2661 568 2716 nititur:
597 2658 716 2712 Vidi
743 2659 1002 2712 hominem
1033 2669 1154 2713 ante
1177 2674 1342 2712 annos
1378 2659 1776 2727 quatuordecim
1801 2661 1929 2729 (sive

341 2755 640 2822 incorpore
683 2752 875 2817 nescio,
917 2752 1022 2805 sive
1066 2761 1217 2805 extra
1259 2767 1485 2820 corpus,
1535 2753 1742 2814 nescio;
1784 2751 1926 2807 Deus

341 2845 474 2915 scit)
498 2853 708 2913 raptum
751 2842 1050 2912 hujusmodi
1093 2859 1255 2913 usque
1298 2843 1366 2897 ad
1411 2844 1624 2897 tertium
1658 2843 1922 2899 cmlum'.

2023 1679 2162 1729 ριον
2192 1660 2430 1714 σαϐαὼο
2464 1657 2661 1723 εἶδον,
2721 1659 2814 1712 καὶ
2841 1659 2940 1712 οὐκ
2973 1653 3125 1711 εἴπεν
3149 1698 3163 1721 ,
3215 1653 3368 1709 Εἶδον
3407 1660 3474 1727 τῇ
3504 1657 3616 1710 δια-

2032 1753 2172 1822 νοίᾳ,
2204 1751 2361 1818 ἀλλὰ,
2386 1751 2508 1816 τοῖς
2535 1749 2864 1820 ὀφθαλμοῖς
2877 1767 3018 1820 μου.
3061 1745 3212 1801 Εἶδον
3237 1748 3346 1817 (62)
3375 1744 3491 1811 οὖν,
3521 1750 3616 1801 καὶ

2031 1845 2131 1897 οὐκ
2165 1841 2302 1897 εἶδον
2331 1864 2341 1875 ·
2373 1844 2486 1898 ἀλλ’
2517 1843 2593 1906 ὡς
2616 1843 2868 1914 ἠδύνατο,
2905 1843 2961 1895 ὲν
2990 1841 3218 1913 ἀληθείᾳ
3247 1841 3302 1893 δὲ
3328 1837 3485 1903 εἶδον,
3515 1840 3618 1895 οὐκ

2032 1930 2167 1988 εἶδον
2200 1935 2256 1988 δὲ
2285 1935 2359 1999 ὡς
2387 1935 2498 2005 ἔχει
2527 1934 2585 1986 τὸ
2619 1935 2844 2005 ἄπειρον
2874 1933 2971 2003 τῆς
3005 1931 3400 2003 ἀκαταληψίας.
3430 1931 3617 1997 υῦτως

2030 2027 2077 2078 oi
2113 2026 2296 2078 πολλο)⁸
2335 2027 2428 2078 καὶ
2471 2027 2599 2095 περὶ
2657 2023 2985 2095 παραδείσου
3028 2021 3438 2094 ἁλληγοροῦσιν,
3482 2024 3557 2087 ὡς
3588 2025 3617 2077 ὁ

2032 2117 2290 2189 θεήλατος
2333 2117 2613 2187 Ὠριγένης
2653 2116 2888 2186 ἠθέλησε
2923 2115 3220 2184 φαντασίαν
3252 2115 3448 2187 μᾶλλον
3471 2116 3616 2187 ἥπερ

2031 2210 2290 2280 ἀλήθειαν
2341 2209 2418 2279 τῷ
2489 2207 2588 2278 βίῳ
2652 2206 3198 2274 συνεισενέγκασθαιο
3255 2206 3347 2260 καί
3405 2223 3612 2277 φησιν·

2033 2303 2147 2354 Οὐκ
2188 2301 2300 2353 ἐστι
2331 2300 2658 2371 παράδεισος
2690 2298 2800 2368 (65)
2851 2299 2943 2352 ἐπὶ
2989 2298 3090 2367 τῆς
3140 2299 3264 2368 γῆς,
3310 2297 3469 2368 δῆθεν
3500 2298 3608 2350 ἀπὸ

2029 2394 2124 2446 τοῦ
2155 2393 2318 2466 ῥητοῦ
2347 2393 2439 2446 τοῦ
2466 2391 2615 2463 παρὰ
2642 2390 2734 2444 τοῦ
2759 2390 2914 2458 ἁγίου
2955 2391 3277 2443 Ἀποστόλου
3299 2389 3614 2460 εἰρημένου,

2029 2485 2112 2537 ὅτι
2167 2482 2350 2538 Εἶδον
2408 2483 2722 2551 ἄνθρωπον
2765 2481 2878 2550 πρὸ
2943 2481 3095 2536 ἐτῶν
3154 2479 3616 2548 δεκατεσσάρων

2033 2575 2171 2644 (εἴτε
2196 2575 2264 2627 ἐν
2291 2572 2516 2642 σώματι
2541 2575 2654 2627 οὐκ
2685 2568 2838 2635 οἴδα,
2863 2573 2981 2626 εἴτε
3013 2571 3186 2638 ἐκτὸς
3214 2572 3317 2626 τοῦ
3343 2572 3615 2640 σώματος

2032 2670 2143 2722 οὐκ
2179 2662 2330 2729 οἶδα,
2370 2668 2401 2718 ὀ
2433 2664 2577 2730 Θεὸς
2611 2659 2797 2730 οἶδεν)
2833 2662 3178 2732 ἁρπαγέντα
3206 2662 3312 2715 τὸν
3342 2662 3615 2715 τοιοῦτον

2031 2759 2140 2826 ἕως
2167 2760 2365 2827 τρίτου
2395 2755 2675 2825 οὐρανοῦ.
2743 2754 2900 2807 Ἀλλὰ
2935 2754 3009 2825 μὴ
3050 2753 3436 2825 παραγίνωσκε
3458 2792 3472 2814 ,
3518 2753 3615 2805 καὶ

2031 2853 2156 2921 λέγε
2193 2853 2274 2903 ὅτι
2320 2850 2380 2902 τὸ
2423 2849 2640 2921 τρίτον⁵
2684 2847 2777 2901 τοῦ
2817 2847 2994 2918 ἀέρος.
3048 2845 3122 2898 Οὐ
3164 2845 3271 2918 γὰρ
3303 2843 3471 2896 είπὼν
3503 2843 3614 2908 ἕως

340 2937 421 2990 Ac
457 2951 523 2991 ne
562 2935 702 2991 forte
731 2949 1015 3006 perperam
1059 2935 1264 2990 sentias
1317 2948 1381 2989 ac
1413 2935 1588 3002 dicas,
1624 2951 1800 3005 usque
1849 2935 1915 2990 ad

2033 2945 2229 3013 τρίτου
2264 2941 2549 3010 οὐρανοῦ,
2592 2940 2720 3008 περὶ
2766 2939 2964 3010 μέρους
3021 2937 3203 3010 τρίτου
3254 2936 3421 3004 λέγει,
3476 2933 3613 2987 ἀλλά

341 3030 558 3085 tertiam
597 3029 720 3083 coeli
755 3040 959 3098 partem
994 3027 1236 3082 dixisse:
1269 3041 1394 3082 cum
1433 3027 1569 3080 dixit
1599 3029 1667 3081 ad
1710 3029 1921 3082 tertium

343 3137 505 3190 usque
545 3121 764 3182 caelum,
802 3120 1004 3174 nullam
1044 3120 1215 3174 tertia:
1251 3120 1422 3190 partis
1471 3121 1802 3174 mentionem
1855 3119 1924 3175 l'e-

344 3213 441 3270 cit.
471 3209 566 3265 sed
596 3211 699 3264 tria
727 3211 971 3279 quaedam
1005 3226 1230 3265 numero
1268 3211 1584 3280 complexus
1613 3218 1716 3266 est.
1755 3211 1919 3265 Addit

345 3319 474 3358 vero
507 3321 519 3356 :
551 3301 672 3358 Scio
713 3301 1012 3371 hujusmodi
1047 3302 1306 3357 hominem
1353 3313 1564 3371 raptum
1608 3304 1661 3356 in
1693 3301 1920 3371 paradi-

343 3412 461 3450 sum
490 3436 504 3461 ,
545 3406 594 3449 et
623 3395 833 3448 audisse
862 3393 1037 3456 verba,
1083 3410 1198 3464 quae
1237 3412 1338 3450 non
1379 3395 1498 3449 licet
1527 3396 1724 3449 homini
1753 3395 1913 3465 loqui.

343 3485 544 3541 Verum
566 3487 749 3556 gratiae
769 3486 1126 3556 omnipotenti
1155 3486 1262 3541 Deo
1285 3487 1443 3543 nobis
1475 3486 1736 3541 habenda:
1765 3493 1914 3552 sunt,

342 3580 434 3649 qui
466 3579 876 3634 accuratissime
905 3579 1088 3634 omnia
1132 3580 1296 3633 etiam
1332 3579 1539 3632 minuta
1569 3593 1798 3648 qumque
1831 3578 1920 3633 de-

342 3670 552 3724 clarare
593 3668 785 3736 voluit,
828 3676 886 3722 ut
925 3683 991 3722 ne
1036 3668 1278 3723 veritatis
1328 3667 1558 3722 studiosi
1609 3667 1920 3738 deciperen-

417 3827 430 3855 ¹
474 3825 629 3878 Joatt.
667 3841 702 3885 ι,
741 3825 823 3878 13.
925 3826 944 3853 ²
987 3823 1168 3885 lsa.vr,
1213 3825 1245 3876 5

409 3982 520 4053 (60)
539 3984 739 4053 “Ama
764 3982 849 4052 μὴ
878 3982 1065 4037 πάλιν
1093 3980 1570 4053 δραματουργῶν.
1605 3981 1660 4034 ltt
1690 3997 1750 4036 ea
1785 3995 1910 4035 sen-

338 4051 503 4110 tentia
531 4051 866 4122 Epiphanius
895 4069 1018 4108 esse
1051 4051 1284 4116 videtur,
1323 4061 1380 4104 ut
1414 4052 1688 4121 prephctm
1718 4066 1780 4122 ac
1816 4066 1911 4119 pa-

338 4121 588 4178 triarchae
637 4121 847 4177 veteres
884 4123 1052 4178 Deum
1101 4123 1274 4191 ipsum
1303 4123 1581 4191 corporeis
1615 4121 1791 4174 oculis
1825 4122 1906 4191 vi-

337 4193 534 4255 derint,
570 4193 671 4246 etsi
709 4193 930 4246 minime
972 4190 1500 4259 comprehenderint.
1537 4190 1669 4255 Qua:
1698 4190 1905 4257 Opinio,

2029 3034 2156 3103 περὶ
2183 3031 2347 3102 τριῶν
2374 3029 2644 3100 ἀριθμῶν,
2677 3027 2768 3080 καί
2800 3044 2964 3098 φησιν
2985 3043 2998 3057 ο
3031 3023 3173 3080 οῖδα
3201 3025 3307 3078 τὸν
3340 3023 3614 3079 τοιοῦτον

2026 3122 2341 3191 ἄνθρωπον
2394 3119 2734 3189 ἁρπαγέντα
2791 3119 2876 3182 εὶς
2920 3117 3028 3170 τὸν
3070 3115 3456 3184 παράδεισον,
3510 3113 3612 3168 καὶ

2025 3216 2373 3270 ἀκούσαντα
2391 3211 2650 3281 ῥήματα,
2680 3208 2718 3263 ἂ
2757 3211 2870 3263 οὐκ
2907 3207 3052 3272 ἐξὸν
3092 3206 3380 3276 ἀνθρώπῳ
3399 3205 3610 3260 εἰπεῖν.

2025 3307 2162 3373 Δόξα
2212 3305 2290 3376 τῷ
2337 3304 2740 3375 παντοκράτορι
2781 3301 2894 3369 (6i)
2941 3299 3079 3371 Θεῷ,
3127 3299 3205 3369 τῷ
3253 3297 3393 3352 κατὰ
3433 3298 3615 3351 πάντα

2026 3396 2226 3466 τρόπον
2267 3392 2640 3463 διατρανοῦντι
2685 3391 2778 3444 καὶ
2808 3387 3242 3455 λεπολογοῦντι,
3288 3388 3374 3439 ἴνα
3403 3388 3451 3438 οἱ
3479 3387 3614 3455 ἀλη-

2028 3485 2164 3538 θινοὶ
2209 3484 2282 3554 μὴ
2313 3483 2672 3552 σφάλλωνται.
2728 3481 2801 3534 Οὐ
2848 3479 2959 3551 γὰρ
3007 3481 3062 3532 ἐν
3093 3480 3195 3549 μιᾷ
3227 3477 3487 3548 συντομία
3519 3477 3612 3530 τὸν

2027 3575 2254 3646 οὐρανὸν
2271 3575 2362 3626 καὶ
2391 3574 2482 3627 τὸν
2512 3571 2842 3644 παράδεισον
2871 3569 3125 3642 συνῆψεν,
3156 3569 3310 3636 ἀλλὰ,
3340 3565 3482 3622 Οἶδα
3508 3567 3614 3622 ἆν-

2027 3669 2283 3735 θρωπον,
2329 3664 2512 3735 φησὶν,
2547 3663 2888 3734 ἁρπαγέντα
2927 3662 3037 3728 ἕως
3084 3662 3283 3730 τρίτου
3327 3659 3609 3729 οὐρανοῦ,

1345 3823 1364 3853 ³
1397 3822 1434 3875 li
1471 3824 1595 3877 Cor.
1635 3839 1732 3886 xu,
1761 3821 1812 3875 ‘2.
1894 3824 1914 3853 ⁸

2029 3839 2080 3893 g.
2111 3819 2270 3875 οἶδεν.
2345 3821 2366 3852 ⁸
2388 3817 2517 3875 Cor.
2548 3818 2608 3871 τὸ
2638 3820 2819 3891 τρίτον
2856 3817 3020 3888 μέρος
3057 3817 3202 3887 legit.

2082 3979 2191 4050 (65)
2227 3978 2350 4032 Οὐκ
2385 3977 2940 4050 ἐστιίᾳταράδεγισος,
2979 3986 3088 4050 etc.
3115 3977 3299 4050 Quam
3325 3971 3422 4050 _hic
3456 3971 3608 4050 refu-

2008 4041 2498 4123 taudamsuscipit
2522 4041 2857 4117 Epiphanius
2891 4041 3162 4123 _Origenis
3189 4043 3506 4123 opinionem
3537 4041 3608 4123 de

2007 4120 2255 4188 terrestri
2299 4114 2587 4188 paradiso,
2621 4114 2860 4188 'constat
2910 4114 3168 4188 reiecisse
3222 4114 3508 4188 deindenet
3549 4114 3603 4165 in

2008 4180 2440 4251 Panario,t'tum.
2481 4180 2581 4240 47'
2635 4187 2907 4243 haereseos
2947 4180 3048 4251 (il,
3103 4201 3224 4256 qua:
3283 4192 3367 4238 est
3415 4180 3608 4251 Orige-

338 4266 384 4319 si
417 4264 580 4316 Deum
624 4261 802 4336 ipsum
839 4261 1013 4314 oculis
1041 4267 1360 4336 usurpatum
1397 4261 1691 4336 existimet,
1731 4261 1908 4313 l'alsis-
1943 4283 1984 4336 ο
2014 4259 2322 4336 manorum.

338 4335 473 4388 sima
497 4339 601 4386 εει.
637 4328 956 4398 Quanquam
983 4329 1098 4382 scio
1119 4325 1421 4398 dubitatum
1445 4342 1473 4378 a
1497 4325 1900 4398 Patrtbus‘non-

339 4404 543 4463 nullis,
614 4395 926 4453 utrumnam
985 4398 1124 4452 beati
1179 4396 1457 4464 corporeis
1512 4397 1687 4449 oculis
1741 4395 1907 4449 Deum

337 4474 706 4527 intuerentur:
759 4477 817 4522 ut
861 4469 929 4522 ab
962 4468 1284 4537 Augustino.
1334 4465 1503 4530 Quem
1550 4467 1776 4521 consule
1813 4467 1905 4519 lib.

337 4558 448 4595 xxu
488 4540 563 4593 De
584 4540 726 4593 civit.
757 4539 870 4598 Dei,
899 4553 1020 4607 cap.
1053 4539 1197 4596 ‘29,et
1221 4537 1386 4607 epist.
1406 4550 1503 4607 itm
1533 4544 1585 4590 et
1607 4551 1740 4589 cxu.

406 4612 514 4681 (61)
544 4609 850 4681 Legendqu
882 4605 1046 4678 λέγῃς
1077 4605 1557 4681 εἱνε-λέγεᾌΕυιτ.

403 4675 513 4752 (62)
559 4675 820 4752 Yiilerttnt
861 4675 1338 4752 oculisprophche
1375 4675 1562 4752 Deum,
1599 4686 1652 4730 et
1683 4691 1787 4729 non

333 4749 550 4806 dei-unt.
582 4750 849 4806 Viderunt
878 4765 1009 4803 sane
1041 4751 1190 4802 illum
1222 4755 1484 4817 quantum
1515 4749 1593 4800 l'as
1620 4757 1703 4801 est
1729 4749 1906 4802 oculis

334 4825 582 4885 carneis,
636 4836 827 4889 nempe
860 4834 1178 4888 corpoream
1211 4827 1263 4889 et
1297 4817 1681 4889 aspectabilent
1718 4819 1907 4889 imagi-

333 4909 454 4946 nem
482 4908 553 4946 -ac
588 4887 999 4947 similitudinem
1037 4890 1127 4943 Dei
1160 4889 1211 4940 in
1243 4887 1464 4954 figuram
1494 4888 1730 4956 aliquam
1763 4887 1904 4940 divi-

333 4965 480 5016 nitus
515 4964 822 5021 formatam,
874 4967 926 5011 et
961 4974 1147 5010 eorum
1185 4960 1358 5011 oculis
1386 4957 1684 5022 objectat'n:
1716 4958 1906 5025 sicque

333 5026 457 5102 ipsi,
486 5034 854 5103 qualicunque
899 5030 1182 5103 oculorum
1233 5028 1423 5103 obtutu
1467 5028 1631 5078 videri
1671 5035 1900 5103 p)_t_erat,

332 5096 517 5172 reide
543 5103 709 5158 Deutu
747 5096 1018 5172 viderunt.
1069 5097 1184 5149 Non
1222 5099 1488 5172 viderunt
1523 5107 1698 5172 autem
1734 5096 1900 5172 Deum

331 5167 507 5240 ipsum
531 5180 798 5242 quatenus
817 5177 898 5242 est
924 5170 1137 5242 insese,
1159 5168 1232 5220 uti
1263 5168 1350 5220 hic
1368 5169 1660 5242 superiore
1678 5182 1789 5242 cap.
1820 5167 1905 5242 _55

331 5236 818 5296 dictum'est:Cum
845 5240 1125 5306 ubique,ut
1153 5245 1339 5292 noster
1368 5237 1542 5306 inquit
1570 5236 1903 5305 Epiphanius

329 5311 384 5383 in
422 5311 656 5364 Panurio
711 5315 891 5383 (quem
923 5311 1118 5363 librum
1147 5308 1360 5383 duobus
1392 5308 1560 5383 ferme
1594 5307 1751 5360 anuis
1782 5312 1904 5374 post

328 5382 652 5433 Ancoratum
688 5375 1132 5452 scripsit),sacrae
1165 5379 1376 5430 Littera:
1399 5377 1462 5429 de
1494 5375 1595 5452 Deo
1629 5385 1899 5452 testentur,

330 5466 492 5520 neque
518 5452 681 5503 oculis
709 5447 880 5520 ipsum
907 5447 1123 5520 percipi,
1153 5463 1313 5518 neque
1339 5447 1721 5520 comprehendi,
1743 5463 1904 5520 neque

330 5517 509 5574 animo
531 5517 746 5589 cogitari
765 5517 934 5589 posse,
960 5521 1047 5574 sed
1071 5519 1124 5572 id
1138 5535 1298 5570 unum
1315 5517 1377 5570 de
1402 5518 1495 5570 illo
1512 5532 1574 5569 ea:
1597 5519 1670 5571 rei
1690 5519 1903 5570 ueritate

326 5590 544 5661 percipi,
573 5590 709 5660 quod
736 5592 824 5655 sit,
866 5591 1103 5660 quodque
1140 5589 1412 5658 diligentes
1443 5604 1496 5640 se
1521 5598 1896 5640 remuneretur.

2085 4326 2197 4393 (lii)
2231 4325 2386 4388 Δόξα
2426 4324 2506 4389 τῷ
2535 4326 2988 4394 παντοκράτορι.
3028 4324 3087 4378 In
3119 4324 3212 4379 illo
3245 4322 3490 4392 Apostoli
3522 4333 3605 4380 te-

2012 4395 2292 4452 stimonio.
2326 4412 2433 4464 quo
2455 4410 2514 4448 se
2534 4396 2751 4449 tertium
2775 4399 2827 4449 in
2856 4398 3052 4450 cmlum
3081 4410 3252 4464 usque
3275 4397 3602 4450 translatum

2012 4467 2244 4527 asserit,
2287 4475 2414 4518 sunt
2457 4465 2549 4533 qui
2594 4466 2908 4532 paradisum
2958 4483 2986 4519 a
3024 4468 3162 4519 cmlo
3197 4465 3600 4529 discernentes,

2010 4535 2260 4589 eumdem
2310 4536 2458 4588 illttm
2511 4535 2687 4589 locum
2738 4551 2859 4590 esse
2893 4537 3154 4594 sentiant,
3182 4550 3212 4589 e
3242 4549 3351 4604 quo
3387 4537 3599 4604 primus

2011 4620 2210 4674 parens
2253 4605 2460 4674 ejeclus
2505 4614 2606 4669 εει,
2658 4614 2712 4659 et
2779 4607 2832 4659 iu
2878 4623 3036 4674 quem
3080 4606 3239 4666 latro,
3297 4620 3396 4672 pro
3443 4621 3508 4659 eo
3536 4620 3603 4659 ac

2009 4675 2262 4729 Christus
2281 4676 2629 4744 promiserat,
2651 4683 2903 4744 receptus
2926 4684 3029 4729 est.
3047 4674 3123 4728 Ita
3139 4675 3600 4744 'l‘heophylat-tus,

2008 4754 2063 4799 et
2098 4747 2187 4798 alii
2222 4744 2439 4814 quidam
2486 4745 2810 4814 interpretes
2845 4760 2906 4800 ac
2945 4745 3156 4809 Patres,
3220 4745 3422 4812 quibus
3461 4745 3604 4799 favet

2011 4814 2367 4886 Epiphanius.
2407 4814 2513 4869 Sed
2538 4816 2847 4886 communis
2885 4815 3422 4886 aliorumscntentia
3457 4816 3603 4870 veri—

2010 4883 2239 4940 sintilior
2272 4894 2354 4940 est
2381 4928 2394 4949 ,
2437 4884 2750 4954 paradisum
2789 4901 2886 4954 pro
2929 4885 3140 4939 cmlesti
3179 4883 3353 4953 gloria
3385 4894 3438 4936 et
3470 4902 3603 4940 sua-

2009 4957 2232 5008 vissima
2285 4957 2517 5024 quadatn
2567 4957 2841 5023 voluptate
2882 4962 3066 5008 sumi:
3137 4969 3313 5017 neque
3363 4963 3601 5008 veterem

2010 5027 2160 5078 illam
2186 5031 2501 5079 amomitate
2532 5040 2594 5078 ac
2630 5027 2841 5095 deliciis
2867 5026 3128 5080 refertum
3159 5025 3338 5078 locum
3364 5026 3604 5095 amplius

2010 5098 2063 5149 iu
2098 5113 2274 5149 rerum
2304 5111 2426 5149 esse
2468 5107 2681 5148 natura.
2719 5094 2924 5149 Penv.

2082 5165 2212 5220 Vide
2244 5166 2298 5218 S.
2343 5165 2698 5234 Epiphaniam
2737 5173 2983 5218 nostrum
3017 5165 3068 5217 in
3107 5180 3205 5218 sua
3247 5163 3488 5233 Epistola
3529 5164 3604 5216 ad

2004 5234 2264 5289 Joannem
2287 5237 2581 5303 episcopum
2608 5234 3172 5304 Ilierosolymitunum,
3202 5237 3292 5289 tthi
3327 5236 3599 5304 eamdetu,

2006 5322 2170 5375 quam
2200 5307 2252 5358 in
2281 5302 2534 5375 praesenti
2570 5302 3433 5375 exltibrttopinionemrenovat.
3461 5302 3603 5375 Vide

2006 5373 2057 5430 et
2083 5377 2385 5428 Calmetum
2421 5374 2487 5427 ad
2528 5389 2647 5444 cap.
2683 5391 2753 5428 λιι
2811 5373 2982 5443 Epist.
3014 5374 3052 5426 Il
3089 5374 3174 5444 _ad
3201 5373 3476 5434 Corintlt.,
3503 5373 3599 5428 ubi

2007 5446 2322 5498 iudicantur
2352 5447 2566 5516 Patres,
2599 5442 2704 5514 qua
2727 5442 2924 5500 Grazci.
2956 5459 3063 5512 qua
3088 5442 3292 5508 Latini,
3322 5446 3416 5516 qui
3449 5444 3502 5498 itt
3533 5461 3594 5502 re

2007 5517 2260 5586 praesenti
2297 5531 2420 5570 cum
2453 5513 2757 5586 Epiphanio
2797 5516 3066 5570 sentiunt.
