3992 6198
348 370 448 428 113

1770 355 2206 412 ANtZORATUS.

3498 363 3601 417 114

343 481 443 536 κ·ιὶ
466 478 653 539 πάλιν,
698 473 1040 544 ἁρπαγέντα
1084 475 1170 538 εἰς
1204 473 1309 526 τὸν
1337 473 1724 540 παράδεισον.
1782 473 1853 524 Τὸ
1878 472 1932 524 δὲ

2043 481 2146 528 tur.
2187 470 2302 525 Non
2356 487 2497 525 enim
2548 470 2696 525 brevi
2738 471 2920 541 aliquo
2974 473 3243 529 sermonis
3286 475 3602 544 compendio

351 569 496 643 μετά
523 567 614 621 τοῦ
640 567 859 638 ἄρθρου,
889 566 1076 636 ἐτέρου
1106 563 1394 635 προσώπου
1421 564 1535 615 ἐστὶ
1559 562 1927 632 διαληπτικδν,

351 661 449 714 καὶ
474 659 659 729 ἑτέρου
698 657 896 726 τρόπου
935 655 1312 726 μεταθετικόψ
1361 654 1436 717 ὡς
1469 656 1521 706 εἴ
1554 671 1636 716 τις
1669 653 1781 723 ἕχει
1808 654 1934 724 ὅρος

355 752 450 804 καὶ
483 749 723 809 πεδιάδα,
752 749 851 816 τὴν
881 747 938 800 δὲ
971 746 1193 800 πεδιάδα
1241 744 1674 814 ὲγκυκλεύουσαν
1699 744 1759 795 τὸ
1788 744 1928 815 ὅρος,

357 841 642 912 βουληθείη
689 840 746 893 δὲ
787 840 868 902 εἰς
911 838 972 890 τὸ
1009 837 1184 907 πέραν
1234 835 1326 888 τοῦ
1376 835 1535 906 ὅρους
1576 838 1632 888 ὲν
1663 839 1729 905 τῇ
1768 834 1931 887 αὑτοῦ

356 931 566 1000 πεδιάδι
601 927 1032 999 παραγενέσθαι,
1073 926 1170 979 καὶ
1217 927 1306 978 ὅτε
1349 926 1447 996 μὲν
1478 925 1694 994 θελήσει
1724 924 1812 977 διά
1835 927 1934 994 τῆς

353 1021 604 1083 πεδιάδος
651 1020 752 1088 τὴν
795 1017 1103 1087 ὁδοιπορίαν
1140 1015 1491 1086 ποιήσασθαι,
1535 1017 1614 1078 εἰς
1651 1015 1740 1067 τὸν
1773 1015 1934 1067 τόπον

344 1113 482 1166 ὅπου
526 1111 573 1164 δ’
617 1109 837 1182 ἀνέλθῃ
863 1106 956 1160 τοῦ
1000 1109 1161 1177 ὅρους
1209 1105 1469 1171 ἀνελθεῖν,
1517 1105 1740 1158 δυνατὸν
1783 1106 1933 1158 ἔσται

347 1201 500 1271 αὑτῷ
524 1199 684 1252 τοῦτο
706 1216 720 1229 ’
754 1200 803 1250 εἰ
828 1198 883 1250 δὲ
907 1197 1123 1267 θελήσει
1150 1195 1366 1266 πρῶτον
1391 1195 1492 1265 μὲν
1519 1195 1754 1266 ἐμϐῆναι
1779 1197 1857 1258 εἰς
1873 1196 1934 1249 τὸ

347 1292 495 1363 ὅρος,
547 1290 645 1343 καὶ
674 1289 784 1342 ἀπὸ
832 1287 925 1341 τοῦ
974 1287 1134 1357 ὅρους
1180 1286 1339 1340 πάλιν
1386 1288 1466 1349 εἰς
1508 1286 1599 1338 τὸν
1646 1287 1809 1338 τόπον
1836 1287 1934 1356 τῆς

350 1379 605 1442 πεδιάδος
652 1379 750 1447 τῆς
791 1375 1049 1429 ἐπέκεινα
1073 1373 1168 1428 τοῦ
1206 1375 1363 1445 ὅρους
1396 1373 1669 1442 γενέσθαι,
1716 1374 1810 1427 καὶ
1842 1373 1933 1426 οὖ-

348 1489 462 1535 τως
496 1469 646 1540 αὐτῷ
677 1469 901 1522 δυνατόν
924 1485 938 1498 ·
991 1466 1137 1520 οὕτω
1189 1483 1279 1537 μοι
1304 1466 1414 1518 νόει
1452 1467 1544 1518 καὶ
1572 1465 1632 1518 τὸ
1676 1467 1804 1537 περ).
1840 1467 1932 1519 τοῦ

365 1561 690 1614 Ἀποστόλου
722 1557 1010 1630 εἰρημένον
1029 1573 1044 1588 ο
1095 1556 1308 1628 πρῶτον
1344 1557 1441 1626 μὲν
1473 1557 1550 1618 εἰς
1590 1555 1682 1608 τὸν
1710 1555 1933 1626 οὐρανὸν

351 1651 777 1721 ἀναϐεϐηκέναι,
815 1650 958 1703 κατά
982 1648 1044 1701 τὺ
1075 1647 1362 1718 εἰρημένον
1381 1663 1394 1675 ·
1442 1646 1668 1714 Κατέὄη
1697 1651 1730 1700 ὁ
1758 1647 1932 1702 ἀδελ-

351 1743 565 1812 φιδοῦς
581 1759 703 1811 μου
748 1743 838 1806 είς
873 1739 981 1793 τὸν
1025 1736 1226 1805 κῆπον
1257 1736 1462 1792 αὑτοῦ.
1516 1738 1627 1790 Καὶ
1671 1739 1699 1790 ὁ
1745 1739 1934 1808 Σωτήρ

353 1849 483 1905 φησι
500 1849 516 1863 ο
546 1832 821 1901 Σήμερον
834 1829 963 1900 μετ’
981 1827 1127 1884 ἐμοῦ
1149 1827 1263 1896 ἔσῃ
1289 1827 1359 1880 ἐν
1388 1826 1468 1893 τῷ
1500 1826 1858 1895 παραδείσῳ.

429 2086 563 2141 NE’.
599 2088 662 2140 Εἰ
681 2087 738 2139 δὲ
766 2087 867 2140 οὐκ
895 2085 1044 2140 ἔστιν
1073 2087 1166 2139 ἐπὶ
1193 2085 1298 2156 γῆς
1326 2086 1674 2156 παράδεισος,
1711 2087 1804 2140 καὶ
1835 2087 1935 2138 οὐκ

365 2177 593 2249 ἀληθινὰ
620 2177 686 2231 τὰ
709 2179 765 2231 ἐν
796 2176 1013 2230 Γενέσει
1045 2178 1427 2249 γεγραμμένα,
1457 2177 1592 2229 ἀλλὰ
1618 2177 1934 2247 ἀλληγορεῖ-

363 2287 472 2334 ται,
499 2270 646 2322 οὐδὲν
675 2269 750 2323 ἔνι
795 2272 896 2341 τῆς
926 2269 1243 2333 ἀκολουθίας
1263 2308 1278 2332 ,
1334 2269 1469 2322 ἀλλὰ
1499 2269 1678 2322 πάντα
1710 2269 1937 2339 ἀλληγο-

359 2361 597 2434 ροῦνται.
636 2361 738 2415 Ἐν
764 2360 924 2431 ἀρχῇ
949 2360 1056 2431 γάρ
1081 2361 1370 2428 ἐποίησεν
1397 2363 1430 2414 ὀ
1460 2361 1602 2424 Θεὸς
1627 2361 1733 2414 τὸν
1760 2363 1938 2428 οὐρα-

352 2454 465 2506 νὸν
504 2453 606 2505 καὶ
637 2451 752 2520 τὴν
795 2451 942 2521 γῆν·
997 2453 1090 2506 καὶ
1127 2453 1228 2504 οὐκ
1273 2451 1420 2505 ἐστιν
1466 2452 1935 2524 ἀλληγορούμενα,

352 2542 465 2596 ἀλλ’
515 2543 719 2614 ὁρατά·
764 2543 860 2596 καὶ
909 2543 1231 2614 στερέωμα,
1282 2545 1450 2611 φησὶ,
1503 2543 1596 2597 κα).
1637 2544 1932 2609 θάλασσαν,

347 2633 716 2704 βλαστήματα
746 2651 806 2687 τε
837 2634 931 2686 κα)⁸
965 2633 1096 2698 ξύλα
1139 2635 1234 2688 καὶ
1281 2634 1528 2703 βοτάνας,
1559 2635 1772 2705 χόρτον,
1800 2635 1933 2700 ζῶα,

354 2719 569 2790 ἰχθύας,
606 2719 791 2790 ὄρνεα,
820 2721 999 2774 πάντα
1037 2722 1106 2775 τά
1133 2721 1390 2792 ὁρώμενα
1426 2725 1484 2777 ὲν
1516 2723 1747 2795 ἀληθείᾳ
1777 2741 1936 2794 γεγο-

350 2813 516 2878 νότα,
572 2812 862 2883 ἄνθρωπον
908 2815 966 2866 ὲν
1014 2813 1245 2885 ἀληθείᾳ
1293 2814 1352 2868 ὃν
1397 2815 1672 2886 ἐποίησεν.
1705 2815 1937 2885 Ἔθηκεί

344 2904 534 2959 τοίνυν
579 2904 770 2958 τοῦτον
817 2905 876 2957 ὃν
930 2905 1166 2959 ἔπλασεν
1204 2909 1262 2958 ὲν
1307 2905 1386 2976 τῷ
1427 2906 1772 2978 παραδείσῳ,
1820 2908 1940 2960 κατ’

348 2997 540 3050 εἰκόνα
596 2997 826 3068 ποιήσας
873 2997 964 3050 τὸν
1013 2998 1176 3051 αὑτὸν
1229 2997 1545 3069 ἄνθρωπον,
1594 3001 1716 3053 κατ’
1755 3000 1940 3053 εἰκόνα

347 3085 490 3139 Θεοῦ
520 3087 601 3139 δέ.
629 3087 722 3157 Μὴ
746 3103 902 3157 περιε
913 3087 1111 3157 ργάζου
1124 3086 1236 3157 (65)
1259 3087 1319 3140 δὲ
1346 3087 1440 3141 τοῦ
1463 3087 1597 3141 Θεοῦ
1618 3089 1938 3159 δωρήματα,

349 3177 420 3230 τά
444 3175 592 3232 κατά
623 3178 781 3248 χάριν
825 3176 903 3246 τῷ
939 3177 1212 3248 ἀνθρώπῳ
1255 3177 1535 3249 δεδομένα.
1587 3179 1701 3232 Οὐκ
1739 3179 1935 3250 ἀρνούο

356 3267 498 3335 μεθα
524 3265 639 3335 (66)
665 3266 873 3329 πάντας
897 3267 1217 3338 ἀνθρώπους
1240 3263 1382 3320 εἶναι
1405 3268 1525 3320 κατ’
1548 3266 1733 3320 εἰκόνα
1764 3266 1900 3320 Θεοῦ
1921 3284 1934 3297 ’

353 3357 418 3410 τὺ
442 3357 501 3409 δὲ
528 3357 648 3420 πῶς
680 3358 741 3410 οὐ
777 3359 1253 3429 περιεργαζόμεθα
1282 3359 1343 3411 τὸ
1373 3361 1501 3412 κατ’
1534 3359 1760 3412 εἰκόνα.
1801 3357 1937 3411 Οὔτε

357 3449 466 3518 γὰρ
494 3447 559 3500 τὸ
586 3449 812 3519 πλάσμα
838 3449 1065 3519 νοοῦμεν
1092 3451 1210 3503 κατ’
1235 3449 1440 3512 εἰκόνα,
1463 3448 1585 3502 οὔτε
1613 3449 1710 3520 τὴν
1739 3449 1936 3519 ψυχὴν,

356 3537 484 3592 οὔτε
509 3539 601 3593 τὸν
631 3539 779 3603 νοῦν,
812 3539 936 3593 οὔτε
979 3540 1077 3610 τὴν
1108 3542 1310 3611 ἀρετήν
1331 3557 1345 3572 ο
1400 3540 1570 3593 πολλά
1595 3539 1705 3611 γάρ
1725 3543 1845 3594 ἐστι
1871 3539 1942 3592 τὰ

360 3631 642 3685 κωλύοντά
669 3649 737 3702 με
770 3632 947 3700 λέγειν
971 3649 984 3662 ο
1021 3633 1137 3686 ἀλλ’
1169 3632 1294 3685 οὔτε
1321 3631 1551 3701 λέγομεν
1582 3631 1643 3684 τὸ
1670 3630 1830 3700 σῶμα
1867 3631 1940 3700 μὴ

362 3719 500 3777 εἶναι
530 3726 654 3778 κατ’
675 3725 878 3786 εἰκόνα,
900 3723 1022 3777 οὔτε
1050 3725 1149 3795 τὴν
1173 3723 1367 3793 ψυχήν.
1397 3722 1612 3775 Πιστῶν
1637 3721 1692 3774 δὲ
1723 3721 1783 3774 τὸ
1814 3725 1942 3791 ὁμο-

360 3812 542 3881 λογεῖν
558 3813 668 3883 ,τὴν
697 3814 938 3885 Γραφὴν,
961 3814 1055 3867 κα)⁸
1081 3812 1156 3884 μὴ
1189 3811 1469 3882 ἀρνεῖσθαι
1493 3830 1505 3843 ·
1527 3811 1772 3865 ἀπίστων
1799 3810 1854 3864 δὲ
1879 3811 1940 3864 τὸ

360 3901 574 3956 ἀθετεῖν
603 3901 701 3972 τὴν
730 3903 908 3972 χάριν.
939 3903 1124 3954 Ἔστιν
1144 3897 1236 3954 οὖν
1265 3903 1323 3953 ἐν
1345 3899 1424 3970 τῷ
1447 3900 1542 3952 ἀνθ
1553 3900 1715 3970 ρώπῳ
1736 3899 1796 3951 τὸ
1820 3900 1939 3952 κατ’

360 3993 566 4056 εἰκόνα,
598 3992 758 4056 αὐτὸς
787 3993 843 4046 δὲ
868 3991 1006 4046 οἶδεν
1026 3995 1055 4046 ὁ
1074 3993 1206 4055 Θεὸς
1235 3992 1294 4044 τὸ
1327 3991 1444 4053 πῶς
1477 3989 1642 4043 ἔστιν.
1680 3990 1805 4042 Ἐὰν
1831 3990 1940 4059 γάρ

359 4084 540 4156 εἴπῃς,
571 4083 683 4138 Τὸν
711 4084 1023 4152 ἄνθρωπον
1052 4083 1301 4150 ἐποίησε
1327 4083 1451 4136 κατ’
1481 4083 1701 4144 εἰκόνα,
1736 4081 1830 4132 καὶ
1855 4097 1941 4132 νο-

364 4174 528 4248 μίσῃς
542 4170 757 4228 εἶναιτὸ
780 4175 959 4246 σῶμα,
985 4176 1014 4228 ὁ
1034 4175 1090 4228 δὲ
1109 4175 1242 4238 Θεὸς
1259 4174 1509 4245 ἀόρατος,
1535 4172 1938 4241 ἀκατάληπτος,

359 4267 748 4337 ἀπερινόητος·
779 4267 895 4337 (ὡς)
922 4267 982 4322 τὸ
1001 4267 1195 4338 ὁρατὸν
1222 4267 1312 4319 καὶ
1338 4264 1682 4335 καυιληπτὸν
1715 4264 1808 4316 κα).
1837 4263 1941 4316 ὑπὸ

364 4358 507 4427 ἁφὴν
536 4358 833 4427 ἐμπίπτον,
863 4358 1028 4412 εἰκὼν
1057 4357 1208 4411 ἔσται
1239 4357 1332 4410 τοῦ
1357 4357 1587 4426 ἀοράτου
1621 4356 1714 4408 καὶ
1737 4355 1942 4407 ἀκατα-

2033 563 2228 618 ccclum
2263 577 2384 615 cum
2422 561 2675 630 paradiso
2715 563 3022 616 confundit.
3063 563 3224 628 Novi,
3265 566 3466 635 inquit,
3505 567 3602 620 ho-

2032 655 2220 706 minem
2266 665 2473 720 raptum
2505 655 2560 706 in
2595 654 2805 706 tertium
2839 670 2999 724 usque
3026 657 3248 718 cmlum;
3280 668 3333 710 et
3375 661 3602 722 iterum,

2033 756 2241 814 raptum
2267 747 2318 799 in
2341 746 2673 813 paradisum.
2702 745 2836 799 Nam
2860 748 2946 800 cui
2973 749 3238 801 articulus
3266 748 3603 822 adjnngitur,

2033 836 2084 890 id
2129 836 2440 890 distinctam
2477 837 2766 907 quamdam
2801 853 3088 905 personam
3129 840 3403 908 exprimit,
3443 851 3497 894 ct
3536 841 3603 894 ad

2035 927 2200 979 alium
2252 927 2471 980 modum
2527 927 2636 997 58
2688 929 2945 982 traducit.
3000 927 3229 983 Perinde
3277 944 3340 984 ac
3389 931 3433 984 si
3481 932 3606 1000 quis

2033 1024 2270 1071 montem
2306 1024 2358 1070 et
2390 1017 2664 1087 planitiem
2701 1019 2993 1087 possideat,
3027 1035 3146 1088 quae
3179 1020 3347 1074 monti
3379 1021 3609 1076 circum-

2036 1105 2156 1160 fusa
2187 1107 2288 1170 sit;
2316 1107 2384 1172 is,
2408 1108 2450 1163 si
2488 1108 2628 1161 ultra
2656 1116 2892 1162 montem
2924 1109 2990 1163 ad
3019 1125 3266 1179 campum
3297 1126 3456 1165 suum
3481 1127 3606 1181 per-

2034 1215 2159 1269 gere
2192 1201 2338 1263 velit,
2393 1207 2567 1268 potest
2598 1200 2835 1268 quidem,
2877 1199 2923 1253 si
2955 1199 3194 1265 libuerit,
3227 1201 3330 1254 iter
3358 1215 3452 1271 per
3489 1201 3610 1271 pla-

2035 1291 2220 1344 nitiem
2258 1291 2429 1359 ipsam
2472 1291 2743 1360 progredi,
2776 1301 2828 1344 et
2854 1291 2919 1345 ad
2956 1306 3338 1360 quamcunque
3379 1291 3611 1348 voluerit

2035 1380 2200 1434 menti
2230 1379 2527 1446 subjectum
2562 1380 2846 1449 pervenire
2878 1387 3083 1450 partem
3119 1398 3130 1433 :
3165 1380 3248 1434 sin
3273 1380 3425 1448 prius
3455 1394 3612 1434 mon-

2035 1480 2140 1525 tem
2175 1471 2543 1526 conscendere
2567 1480 2620 1526 et
2639 1486 2668 1524 e
2693 1477 2876 1525 monte
2906 1471 2958 1524 in
2991 1471 3290 1539 planitiem,
3317 1485 3438 1540 qua:
3469 1471 3608 1526 ultra

2037 1568 2275 1614 montem
2314 1567 2419 1623 est,
2454 1559 2790 1615 descendere
2838 1560 3092 1622 voluerit,
3131 1575 3242 1614 non
3287 1560 3467 1614 minus
3509 1560 3614 1613 hoc

2037 1661 2295 1722 praestare
2327 1653 2546 1722 poterit.
2581 1651 2663 1705 Ad
2713 1651 2860 1706 hunc
2893 1652 3077 1722 itaque
3116 1667 3337 1707 sensum
3370 1649 3514 1706 refer
3561 1649 3614 1704 id

2036 1743 2180 1813 quod
2213 1744 2279 1798 de
2305 1744 2566 1813 Apostolo
2588 1744 2793 1798 dictum
2823 1751 2926 1810 est,
2953 1752 3009 1796 ut
3028 1743 3119 1808 ille
3150 1743 3384 1814 primum
3418 1743 3471 1797 in
3499 1756 3615 1800 cm-

2040 1836 2149 1889 lum
2184 1835 2598 1889 conscenderit:
2631 1849 2729 1903 pro
2749 1850 2814 1890 eo
2840 1850 2904 1889 ac
2930 1836 3195 1904 scriptum
3227 1842 3310 1888 est
3337 1852 3351 1888 :
3386 1833 3614 1888 Ducu-

2037 1926 2116 1978 dit
2152 1925 2426 1994 fratruelis
2462 1941 2612 1978 meus
2639 1925 2696 1978 in
2735 1927 2947 1978 hortum
2977 1941 3131 1979 suum
3153 1926 3197 1978 ².
3226 1927 3292 1978 At
3321 1923 3611 1979 Salvator:

2045 2016 2233 2080 Hodie,
2271 2015 2468 2084 inquit,
2504 2031 2705 2068 mecum
2733 2016 2837 2067 eris
2870 2016 2924 2068 in
2960 2013 3212 2082 paradiso
3243 2013 3282 2065 ³.

2111 2104 2220 2158 LV.
2261 2105 2465 2170 Quodsi
2523 2118 2791 2172 nusquam
2821 2111 2904 2157 est
2931 2105 2983 2156 in
3013 2111 3155 2155 terra
3187 2101 3495 2170 paradisus,
3523 2115 3617 2156 uc-

2037 2209 2143 2263 que
2177 2208 2302 2248 vera
2335 2201 2483 2254 sunt,
2514 2208 2634 2262 qua:
2669 2193 2722 2245 in
2757 2190 2950 2245 Genesi
2982 2191 3352 2254 continentur,
3390 2191 3488 2245 sed
3532 2191 3615 2244 al-

2038 2280 2273 2351 legorice
2305 2279 2560 2334 dicuntur
2583 2299 2595 2334 :
2621 2279 2755 2332 nihil
2782 2277 3043 2348 deinceps
3066 2293 3407 2348 consequens
3422 2293 3487 2333 ac
3523 2294 3616 2335 ve-

2040 2372 2189 2425 ritati
2235 2380 2666 2426 consentaneum
2709 2369 2832 2434 erit,
2880 2368 2973 2423 sed
3020 2367 3086 2422 ad
3135 2368 3449 2437 allegoriam
3493 2367 3616 2422 uni-

2039 2475 2196 2516 versa
2227 2459 2653 2515 transferuntur.
2703 2458 2768 2512 In
2810 2458 3071 2527 principio
3126 2459 3270 2511 enim
3322 2457 3443 2524 fecit
3475 2456 3616 2512 Deus

2041 2552 2223 2606 cmlum
2259 2559 2308 2605 et
2345 2561 2542 2606 terram
2565 2553 2621 2617 ⁴’;
2655 2566 2775 2620 qua:
2804 2565 2913 2603 non
2945 2549 3234 2619 allegorice
3267 2547 3574 2617 slgnificata
3597 2587 3614 2613 ,

2040 2642 2136 2699 sed
2169 2643 2522 2712 aspectabilia
2568 2649 2717 2698 sunt.
2755 2640 2894 2695 Tum
2929 2639 3354 2705 firmamentum,
3400 2640 3617 2709 inquit,

2041 2743 2095 2788 et
2135 2749 2304 2798 mare,
2353 2734 2634 2802 germina,
2674 2733 2920 2798 arbores,
2965 2732 3184 2798 herbas,
3221 2748 3466 2802 gramen,
3501 2731 3621 2786 ani-

2042 2823 2236 2887 malia,
2287 2824 2497 2893 pisces,
2549 2838 2708 2886 aves,
2757 2831 2951 2877 caetera
3002 2823 3238 2891 denique
3275 2839 3396 2892 quae
3444 2823 3620 2878 oculis

2043 2921 2380 2982 usurpantur
2413 2929 2477 2968 ac
2503 2930 2563 2969 re
2586 2929 2713 2968 vera
2743 2913 3002 2982 producta
3033 2921 3190 2976 sunt,
3245 2922 3406 2982 atque
3438 2914 3620 2967 homio

2043 3019 2200 3067 nem,
2258 3019 2418 3074 quem
2469 3019 2657 3059 revera
2705 3003 2980 3074 produxit.
3035 3002 3193 3057 llunc
3238 3003 3404 3073 igitur
3453 3018 3619 3072 quem

2046 3091 2328 3155 formarat,
2366 3093 2417 3146 in
2448 3093 2703 3163 paradiso
2741 3093 3049 3155 collocavit,
3092 3107 3216 3146 cum
3252 3092 3400 3146 hunc
3437 3093 3616 3161 ipsum

2045 3182 2319 3237 hominem
2355 3197 2510 3236 suam
2556 3181 2621 3237 ad
2659 3183 2948 3251 imaginem
2997 3181 3235 3245 fecisset,
3287 3181 3575 3251 imaginem
3602 3220 3618 3244 ,

2043 3271 2287 3341 inquam,
2322 3271 2437 3327 Dei.
2472 3271 2552 3324 Tu
2584 3286 2712 3326 vero
2745 3270 2888 3324 dona
2924 3267 3016 3324 Dei
3047 3270 3322 3325 curiosius
3351 3284 3483 3324 cave
3506 3284 3623 3338 per-

2043 3363 2327 3426 scruteris,
2375 3377 2497 3431 quae
2544 3362 2746 3415 homini
2798 3361 2892 3415 Dei
2944 3361 3116 3431 gratia
3150 3376 3415 3416 concessa
3469 3367 3620 3416 sunt.

2043 3449 2157 3504 Non
2208 3466 2468 3520 negamus
2520 3450 2768 3505 homines
2816 3465 3009 3504 omnes
3055 3450 3124 3504 ad
3177 3450 3469 3518 imaginem
3527 3447 3626 3502 Dei

2041 3557 2162 3597 esse
2210 3541 2402 3596 factos.
2443 3541 2729 3607 Quomodo
2773 3557 2902 3596 vero
2945 3542 3122 3610 imago
3171 3541 3261 3594 illa
3307 3540 3626 3610 accipienda

2043 3633 2135 3696 sit,
2166 3648 2272 3686 non
2305 3631 2596 3687 admodum
2632 3633 2984 3702 inquirimus.
3021 3631 3207 3702 Neque
3235 3633 3381 3687 enim
3417 3631 3623 3683 forma-

2043 3733 2156 3778 tum
2188 3724 2368 3794 ipsum
2399 3739 2598 3792 corpus
2633 3723 2700 3777 ad
2740 3725 3032 3792 imaginem
3076 3737 3199 3776 esse
3229 3722 3496 3784 dicimus;
3526 3735 3622 3772 ne-

2043 3828 2148 3882 que
2175 3812 2316 3867 hanc
2344 3813 2398 3866 in
2430 3812 2611 3866 anima
2645 3853 2659 3877 ,
2683 3814 2770 3867 vel
2801 3821 3003 3874 mente,
3038 3814 3120 3866 vel
3152 3811 3350 3864 virtute
3379 3811 3618 3864 colloca-

2042 3919 2209 3958 mus:
2263 3903 2432 3956 multa
2474 3903 2673 3972 quippe
2712 3911 2842 3957 sunt
2889 3917 3008 3970 quae
3050 3901 3100 3952 id
3150 3914 3397 3955 asserere
3446 3899 3622 3968 prohi-

2044 3993 2222 4058 beant,
2255 3991 2352 4045 sed
2395 4008 2573 4059 neque
2605 4006 2805 4060 corpus
2828 4029 2840 4053 ,
2877 4005 3052 4058 neque
3086 3989 3320 4042 animam
3366 3988 3433 4042 ad
3480 3989 3619 4042 ima-

2042 4080 2220 4150 ginem
2251 4093 2373 4134 esse
2400 4094 2682 4148 negamus.
2716 4076 2978 4132 Fidelium
3010 4092 3172 4145 porro
3201 4085 3285 4131 est
3317 4077 3623 4146 Scriptura-

2045 4186 2164 4224 rum
2198 4170 2480 4224 veritatem
2512 4186 2617 4223 non
2647 4169 2898 4232 intlciari,
2952 4169 3046 4224 sed
3089 4169 3322 4240 ingenue
3355 4169 3618 4238 profiteri,

2043 4260 2503 4331 quemadmodum
2564 4260 2862 4314 infidelium
2903 4269 2988 4315 est
3037 4261 3328 4330 repudiare
3365 4260 3620 4330 gratiam.

2046 4352 2390 4423 Quapropter
2436 4353 2578 4408 inest
2620 4352 2836 4421 quidem
2878 4351 2932 4405 in
2981 4353 3198 4406 homine
3235 4351 3367 4405 illud
3405 4352 3620 4420 ipsum.

362 4449 569 4518 λήπτςιυ
618 4450 726 4503 Καὶ
748 4449 842 4504 saw
861 4450 1043 4520 εἴπῃς,
1067 4449 1184 4503 Οὐκ
1207 4449 1321 4502 ἔστι
1341 4448 1404 4500 τὸ
1425 4448 1584 4516 σῶμα
1600 4447 1718 4500 κατ’
1737 4445 1936 4498 εἰκόνα·

2047 4443 2191 4514 quod
2239 4443 2305 4497 ad
2348 4443 2636 4513 imaginem
2679 4458 2996 4511 expressum
3041 4442 3238 4496 dicitur
3267 4461 3278 4496 :
3310 4439 3624 4510 cuiusmodi

368 4543 603 4605 Ἔλαϐε,
637 4542 789 4614 φησὶ,
823 4542 974 4612 χοῦν
1001 4542 1110 4611 (67)
1130 4541 1248 4596 ἀπὸ
1273 4540 1382 4608 τῆς
1411 4539 1544 4608 γῆς,
1581 4539 1678 4592 καὶ
1705 4538 1940 4591 ἔπλασε

361 4632 471 4687 τὸν
497 4634 844 4702 ἄνθρωπον
893 4635 988 4686 καὶ
1024 4633 1308 4704 ἄνθρωπον
1340 4632 1494 4685 καλεῖ
1528 4631 1584 4683 τὸ
1614 4630 1814 4700 χοῖκὸν,
1849 4630 1941 4683 καὶ

437 4791 454 4822 ⁸
494 4808 582 4859 γρ.
617 4791 698 4842 ἔτι
729 4791 838 4843 καί.
917 4793 936 4822 ¹
966 4789 1124 4856 Cant.
1159 4807 1229 4853 νι,
1262 4791 1308 4841 Ι.

434 4944 545 5014 (65)
581 4945 678 5014 Μὴ
712 4945 1123 5015 περιεργάζου,
1156 4954 1262 5000 etc.
1312 4943 1590 5012 Superiori
1624 4956 1852 5015 nurnero
1880 4939 1946 5015 ιε

358 5009 504 5070 idem
530 5009 934 5070 documentum
971 5017 1256 5069 insinuans
1299 5009 1545 5074 dixerat,
1605 5011 1678 5081 μὴ
1704 5010 1854 5080 ζήτει
1878 5009 1947 5062 τὰ

361 5085 442 5166 μὴ
468 5083 954 5166 ζητούμςνατγῳυ
978 5102 1098 5154 quae
1123 5085 1316 5166 de_hac
1344 5083 1546 5166 ingenii
1573 5081 1945 5166 Inoderatione

359 5154 614 5210 in’rebus
663 5155 947 5224 theologire
978 5155 1260 5210 versandis
1305 5154 1595 5208 utilissima
1643 5166 1796 5214 sane,
1835 5165 1943 5203 non

359 5225 531 5281 semel
564 5225 618 5277 in
642 5226 1018 5291 superioribus
1048 5226 1377 5278 monuimus.

436 5295 547 5360 (06)
582 5286 1087 5363 Οὐκαρνούμεθα,
1115 5303 1222 5348 etc.
1252 5293 1530 5345 Hominem
1555 5289 1620 5343 ad
1654 5286 1942 5363 imaginem

365 5362 457 5417 Dei
490 5357 612 5417 esse
639 5357 843 5416 factum
877 5357 1132 5418 Ecclesia:
1163 5363 1454 5417 traditione
1483 5366 1822 5428 compertum
1846 5357 1943 5428 ha-

365 5433 579 5508 bemus,
599 5434 1058 5508 quemadmodum
1083 5431 1466 5508 animadvertit
1497 5427 1942 5508 n0sterhEpipha-

363 5502 492 5555 nius
532 5503 585 5554 in
619 5497 807 5555 hzeresi
845 5502 933 5564 7t),
976 5519 1096 5571 quae
1133 5513 1218 5556 est
1256 5501 1648 5564 Audiannrum,
1678 5497 1768 5571 Dei
1814 5499 1947 5571 ima:

364 5571 548 5638 ginem
576 5572 631 5641 in
661 5571 896 5641 hominis
920 5567 1146 5641 corpore
1169 5573 1601 5641 aguosccntium,
1627 5569 1770 5636 quod
1793 5567 1944 5641 gravi

365 5634 728 5709 {est‘pcriculo
756 5634 1069 5696 obnoxium.
1120 5634 1290 5698 Eovin
1332 5643 1452 5695 loco
1485 5639 1587 5695 sub
1616 5634 1859 5692 numeris
1887 5634 1941 5700 2,

365 5712 426 5775 5,
449 5705 563 5761 {et
586 5709 642 5774 5,
668 5709 912 5777 pluribus
942 5728 1104 5782 quam
1154 5714 1241 5770 hic
1280 5714 1335 5770 in
1361 5712 1628 5767 Ancorato
1663 5721 1777 5763 rem
1810 5721 1947 5774 prae-

2051 4550 2179 4590 vcro
2211 4535 2283 4590 sit
2308 4534 2458 4598 illud,
2495 4535 2595 4588 soli
2639 4534 2747 4588 Deo
2776 4535 3055 4604 cognitum
3086 4542 3190 4587 est.
3234 4533 3368 4586 Nam
3402 4532 3448 4588 si
3481 4531 3638 4586 dixe-

2051 4631 2129 4682 ris
2166 4626 2440 4681 hominem
2473 4626 2538 4679 ad
2574 4625 2861 4696 imaginem
2903 4641 3026 4681 esse
3073 4625 3161 4680 Dei
3202 4625 3428 4690 factum,
3478 4636 3628 4679 eam-

1389 4791 1408 4819 ³
1449 4787 1580 4841 Luc.
1613 4802 1768 4851 χχιιι,
1803 4786 1892 4839 45.
1968 4786 1989 4816 δ
2022 4783 2157 4839 Gen.
2191 4801 2228 4848 ι,
2263 4783 2284 4836 t
2323 4798 2445 4853 sqq.

2046 4947 2253 4995 sentem
2293 4943 2511 4990 tractat.
2564 4934 2687 4988 Vult
2716 4935 2981 4988 sollicitos
3016 4948 3116 4989 nos
3152 4949 3273 4989 esse
3309 4949 3416 4987 non
3461 4949 3626 5002 Opor-

2046 5017 2181 5070 tere,
2215 5014 2272 5060 ut
2311 5007 2700 5075 investigemus
2739 5005 2790 5058 in
2829 5020 2959 5073 quo,
2991 5013 3085 5075 a_ut
3123 5003 3396 5075 quomodo
3423 5003 3494 5057 sit
3520 5003 3624 5075 _Dei

2045 5079 2224 5148 imago
2272 5077 2325 5130 in
2373 5072 2590 5148 homine
2631 5072 2949 5148 constituta.
3009 5073 3075 5126 Et
3127 5073 3247 5127 ideo
3289 5087 3478 5148 omnes
3515 5072 3626 5127 fere

2039 5141 2312 5202 memorat
2341 5146 2629 5215 opiniones
2657 5161 2776 5214 qua:
2801 5160 2864 5199 ea
2889 5145 2955 5199 de
2985 5159 3040 5198 re
3067 5159 3164 5215 Sua
3200 5150 3356 5215 aetate
3382 5141 3624 5215 circum-

2043 5211 2394 5279 ferebantur;
2434 5211 2731 5284 omnesque
2762 5215 2988 5278 refellit;
3023 5213 3166 5282 quod
3198 5213 3322 5265 licet
3352 5211 3625 5280 pauciori-

2042 5285 2144 5341 bus
2175 5293 2229 5340 et
2269 5287 2355 5339 hic
2392 5293 2610 5354 praestat
2641 5289 2693 5338 in
2723 5285 3006 5354 Ancorato.

2119 5355 2231 5424 (67)
2267 5347 2508 5418 Ἔλαϐε,
2543 5354 2718 5424 φησι,
2746 5353 2917 5424 χοῦν,
2953 5361 3056 5403 etc.
3092 5349 3170 5402 Eo
3201 5349 3493 5424 utebamur
3517 5347 3623 5400 Ge-

2046 5417 2240 5481 neseos
2293 5417 2891 5480 testimonioAndiani,
2932 5429 2986 5472 ut
3015 5428 3318 5472 statuerent
3352 5417 3443 5470 Dei
3483 5417 3622 5468 ima-

2046 5496 2224 5563 ginem
2262 5509 2384 5548 csse
2411 5491 2569 5545 sitam
2598 5492 2650 5544 in
2679 5493 2912 5563 hominis
2941 5505 3190 5563 ωηιξη-ρ,
3212 5488 3359 5563 Δὶίίιιρ
3389 5485 3623 5553 Epipha—

2047 5557 2197 5618 nium
2225 5570 2521 5617 memorata
2561 5577 2731 5630 nuper
2758 5561 2810 5612 iu
2835 5559 3033 5630 haeresi
3067 5557 3151 5611 70.
3212 5559 3501 5630 Explorata
3536 5568 3624 5630 res

2045 5632 2346 5702 est,eodcm
2362 5621 2674 5685 testimonii)
2698 5629 2845 5683 abuti
2874 5630 3246 5696 consuevissc,
3272 5621 3367 5702 qui
3389 5621 3626 5680 errando

2045 5703 2298 5760 dicebant
2331 5701 2499 5758 Deum
2528 5716 2649 5757 esse
2680 5713 3021 5769 corporeum.
