3992 6198
402 430 505 484 115

1716 407 1720 409 “
1799 436 1856 493 s.
1899 437 2238 497 EPlPllANll

3542 452 3642 509 “6

394 563 501 616 quc
528 561 757 616 corpore
786 548 1094 614 deﬁnieris;
1132 566 1252 603 cum
1282 549 1423 606 Deus
1450 567 1625 622 neque
1651 553 1819 609 videri
1844 571 1968 610 oeu-

2085 559 2354 629 ἰνθρωπον
2387 561 2542 615 καλεῖ
2565 562 2626 614 τὸ
2659 561 2884 631 ψυχικόν
2904 579 2916 592 ·
2977 563 3346 633 Ἐνερύσησε
3377 565 3506 637 γὰρ,
3537 584 3642 640 φη»

396 638 490 698 lis,
520 655 694 709 neque
719 641 1124 711 comprehendi,
1169 658 1342 711 neque
1373 644 1724 714 intelligentia
1753 650 1967 717 concipi

394 733 569 802 possit
602 751 615 787 :
647 731 789 801 quod
818 733 986 800 aspici
1029 733 1523 803 comprehendique
1579 746 1755 806 potest
1806 747 1968 808 atque

393 829 540 877 tat-tu
593 823 830 892 percipi,
899 823 1019 891 ejus
1064 823 1209 891 quod
1257 825 1428 880 videri
1472 829 1968 900 comprehendique

395 914 602 982 nequit,
622 914 799 986 imago
816 916 1092 968 statuitur.
1114 917 1179 968 At
1197 917 1239 969 si
1260 915 1486 979 dixeris,
1509 933 1618 970 non
1638 934 1758 973 esse
1771 935 1968 989 corpus

395 1005 461 1058 ad
509 1004 795 1073 imaginem
845 1020 1187 1076 expressum,
1231 1009 1412 1060 statim
1456 1008 1587 1062 illud
1643 1010 1788 1078 quod
1831 1012 1968 1066 scri-

393 1104 544 1163 ptum
591 1104 675 1151 est
722 1105 1015 1151 occurret:
1048 1097 1291 1164 Accepit,
1343 1097 1557 1167 inquit,
1597 1100 1858 1167 pulverem
1905 1101 1968 1156 de

2077 651 2179 713 σἰν,
2215 654 2301 717 εἰς
2339 651 2404 705 τὸ
2435 653 2758 719 πρόσωπον
2788 654 2994 718 αὐτοῦ,
3033 655 3130 707 καὶ
3164 654 3398 724 ἐγένετο
3429 656 3647 724 civ-0pm.

2075 756 2187 808 πος
2233 746 2318 808 εἰς
2355 742 2571 811 ,ψυχὴν
2599 741 2812 803 ζῶσαν.
2862 742 3097 813 Κτιστὴν
3119 743 3175 796 δὲ
3207 743 3303 815 τὴν
3332 743 3507 816 ψυχὴν
3555 747 3646 798 καὶ

2075 837 2136 888 τὸ
2164 834 2320 904 σῶμα
2347 835 2594 904 νοοῦμεν.
2644 835 2768 897 Πῶς
2802 836 3060 905 κτιστήνς
3111 836 3486 904 Ἐνεφύσησε
3514 837 3643 908 γὰρ,

2075 924 2205 992 φησί
2225 939 2238 954 ·
2271 925 2363 976 καὶ
2388 923 2510 976 οὔτε
2546 924 2706 994 μέρος
2737 923 2873 976 Θεοῦ
2896 925 3128 995 λέγομεν
3151 921 3289 978 εἷναι
3317 924 3414 995 τὴν
3445 924 3642 994 ψυχὴν,

2073 1011 2193 1064 οὔτε
2221 1012 2495 1083 άλλότριον
2517 1014 2607 1066 τοῦ
2649 1014 3056 1084 ὲμφυσήματος.
3096 1015 3220 1077 Πῶς
3251 1014 3307 1072 δὲ
3355 1014 3414 1067 τὸ
3454 1013 3645 1067 λεπτὸν

2073 1101 2231 1155 τοῦτο
2260 1107 2483 1165 νοεῖται,
2518 1103 2635 1173 Θεῷ
2665 1105 2809 1175 μόνῳ
2835 1105 3115 1170 ἔγνωσται.

399 1201 560 1253 terra,
589 1199 638 1244 et
665 1190 914 1258 formarit
951 1189 1211 1242 hominem
1237 1191 1275 1243 ¹.
1306 1189 1485 1254 Quare
1513 1198 1622 1243 tam
1652 1191 1705 1244 id
1733 1192 1876 1261 quod
1907 1208 1971 1247 ex
2004 1192 2169 1247 humo
2207 1193 2520 1257 formatum,
2555 1212 2716 1264 quam
2757 1195 2901 1264 quod
2944 1196 3122 1248 anima
3187 1192 3468 1263 praeditum
3527 1203 3642 1257 est.

395 1287 628 1356 appellat
674 1286 968 1339 hominem.
1005 1283 1295 1352 Inspiravit
1335 1284 1502 1347 enim,
1546 1286 1750 1354 inquit,
1794 1286 1848 1338 in
1883 1287 2071 1353 faciem
2105 1289 2252 1356 ejus,
2286 1298 2332 1342 et
2359 1289 2531 1356 [actus
2563 1299 2638 1342 est
2691 1289 2842 1342 homo
2910 1289 2964 1341 in
3024 1290 3256 1340 animam
3320 1289 3565 1341 viventem
3599 1288 3642 1342 ’.

393 1377 566 1433 Porro
614 1390 850 1432 creatam
887 1379 1123 1432 animam
1180 1380 1349 1448 ipsam
1398 1379 1624 1448 perinde
1667 1395 1731 1433 ac
1777 1395 1977 1448 corpus
2018 1382 2389 1450 intelligimus.
2425 1382 2707 1447 Quomodo
2741 1383 3023 1438 creatam?
3056 1382 3380 1451 Inspiravit,
3443 1381 3638 1450 inquit.

390 1467 576 1538 Neque
605 1484 734 1523 vero
769 1478 972 1537 partem
1003 1485 1122 1523 esse
1153 1468 1246 1522 Dei
1284 1477 1537 1538 putamus
1567 1471 1822 1532 animam,
1854 1486 2028 1539 neque
2059 1472 2127 1524 ab
2185 1473 2304 1540 ejus
2325 1472 2476 1524 modi
2510 1473 2865 1542 inspiratione
2934 1483 3189 1543 tanquam
3255 1472 3485 1526 alienam
3554 1485 3644 1525 re-

391 1560 635 1628 jicimus.
661 1558 1126 1624 Quemadmodum
1152 1576 1280 1614 vero
1310 1561 1505 1615 subtile
1531 1561 1672 1616 istud
1703 1562 2076 1630 accipiendum
2112 1563 2204 1627 sit,
2235 1563 2336 1617 soli
2375 1572 2459 1618 est
2491 1562 2598 1616 Deo
2628 1570 2992 1633 perspectum.

465 1672 576 1742 59
596 1669 728 1724 LVI.
770 1669 879 1725 Nos
909 1679 1087 1725 autem
1126 1673 1242 1725 sine
1270 1672 1587 1726 curiositate
1619 1682 1780 1742 atque
1813 1673 1956 1736 fuco,

401 1767 506 1818 Deo
523 1764 614 1832 qui
639 1763 836 1830 ubique
855 1777 1018 1815 verus
1038 1770 1141 1822 est,
1166 1761 1486 1815 adhibemus
1509 1762 1688 1815 tidem.
1712 1762 1790 1815 Tn
1813 1778 1962 1824 vero,

2142 1675 2285 1740 Νςν.
2335 1674 2522 1742 Ἡμεῖς
2561 1675 2617 1727 δὲ
2663 1675 3010 1745 ἀπεριέργως
3031 1675 3141 1744 (68)
3175 1677 3269 1730 καί⁵
3305 1677 3645 1750 άκακουργή-

2073 1779 2180 1824 τως
2210 1762 2533 1832 πιστεύομεν
2549 1761 2626 1832 τῷ
2651 1763 2770 1833 Θεῷ
2795 1763 3114 1832 ἀληθεύοντι
3142 1767 3198 1818 ὲν
3223 1768 3376 1820 πᾶσι.
3425 1769 3531 1820 1ίαί¹
3550 1769 3644 1822 ὲάν

397 1854 442 1908 si
473 1855 707 1906 animam
731 1854 796 1906 ad
821 1853 1108 1921 imaginem
1133 1852 1221 1906 Dei
1251 1867 1372 1906 esse
1391 1853 1666 1915 statueris,
1685 1868 1808 1906 cum
1834 1855 1969 1923 Apo-

2085 1853 2228 1924 εἴπῃς
2241 1853 2321 1904 ὅτι
2342 1855 2374 1921 ἡ
2395 1852 2537 1922 ψυχή
2562 1855 2674 1904 ἐστι
2701 1854 2760 1904 τὸ
2781 1856 2898 1906 κατ’
2913 1854 3115 1918 εἰκόνα,
3129 1855 3376 1922 λέγοντος
3389 1856 3480 1909 τοῦ
3494 1858 3649 1910 Ἀπο-

397 1943 572 1998 stolus
613 1951 852 2005 asserat,
904 1939 1082 1993 Vivum
1109 1956 1219 1994 esse
1259 1941 1354 1993 Dei
1393 1958 1683 1994 sermonem
1725 1953 1774 1996 et
1810 1945 1971 2012 efﬁca-

397 2053 527 2098 cem,
561 2052 622 2087 ac
649 2033 1102 2102 penetrabiliorem
1129 2035 1270 2086 omni
1295 2035 1473 2103 gladio
1506 2036 1744 2104 ancipiti,
1772 2047 1822 2090 et
1850 2053 1971 2105 per-

401 2128 676 2196 tingentem
698 2142 859 2194 usque
874 2125 943 2178 ad
960 2126 1236 2179 divisiones
1256 2127 1448 2180 anima:
1463 2127 1482 2156 ³
1505 2146 1516 2180 :
1543 2129 1586 2180 si
1612 2128 1777 2196 igitur
1791 2130 1969 2180 anima

398 2217 695 2271 divisiones
727 2215 907 2279 habet,
954 2215 1094 2271 Deus
1120 2231 1249 2270 vero
1294 2215 1560 2272 indivisus
1585 2226 1706 2283 est;
1736 2218 1801 2271 ad
1836 2219 1972 2272 ima-

397 2310 576 2380 ginem
610 2309 791 2361 anima
821 2323 943 2362 esse
963 2307 1052 2376 qui
1080 2308 1292 2376 potest?
1319 2306 1435 2360 Non
1467 2309 1610 2361 enim
1639 2325 1758 2378 qua:
1791 2309 1970 2363 futura

399 2409 527 2456 sunt
563 2399 715 2452 novit
765 2400 976 2462 anima;
1028 2396 1168 2450 Deus
1212 2406 1390 2450 autem
1437 2399 1619 2451 omnia
1668 2402 1966 2468 cognoscit.

399 2491 532 2546 Item
561 2489 808 2558 corporis
837 2488 1108 2542 anteriora
1133 2489 1428 2550 cernimus,
1461 2491 1765 2556 posteriora
1795 2492 1972 2543 nesci-

399 2595 544 2634 mus.
574 2579 736 2647 Atqui
763 2579 806 2632 si
836 2577 1070 2630 animam
1099 2575 1164 2627 ad
1199 2576 1486 2644 imaginem
1518 2592 1642 2630 esse
1665 2579 1968 2647 negaveris,

399 2670 725 2740 repugnabit
754 2667 883 2721 illud
911 2667 1052 2736 quod
1087 2667 1322 2718 animam
1353 2667 1638 2735 appellarit
1674 2669 1968 2734 hominem,

400 2770 596 2818 actam
623 2763 800 2815 anima
820 2775 981 2830 quam
1009 2775 1204 2827 corpus
1231 2759 1391 2813 homo
1413 2763 1502 2815 sit.
1534 2760 1601 2813 At
1623 2763 1766 2816 enim
1796 2779 1969 2827 mens,

401 2854 644 2924 inquies,
687 2853 752 2906 ad
792 2851 1078 2921 imaginem
1113 2852 1214 2904 erit
1242 2858 1521 2919 expressa.
1569 2850 1770 2905 Verum
1821 2853 1970 2906 Scri-

401 2955 559 3018 ptura
598 2945 678 2998 sic
713 2943 992 3012 loquitur:
1031 2940 1188 2995 Video
1219 2941 1372 3009 legem
1409 2942 1568 2994 aliam
1601 2954 1969 3011 repugnantem

399 3039 453 3091 in
488 3036 732 3090 membris
765 3036 892 3088 meis
917 3073 930 3095 ,
967 3045 1015 3086 et
1064 3034 1114 3085 in
1163 3033 1512 3098 captivitatem
1553 3033 1863 3102 red'gentem
1897 3051 1975 3088 me

399 3134 454 3184 in
486 3139 648 3183 mente
677 3146 790 3180 mea
819 3127 914 3180 sub
950 3127 1150 3194 peccati
1191 3126 1349 3194 legem
1384 3142 1499 3193 qua:
1525 3137 1603 3179 est
1647 3127 1701 3178 in
1730 3128 1973 3181 membris

400 3220 528 3273 meis
553 3220 592 3273 ‘.
631 3217 784 3281 Quod
819 3217 982 3286 igitur
1022 3216 1073 3267 in
1122 3216 1490 3283 captivitatem
1533 3215 1817 3283 redigitur,
1864 3232 1973 3270 non

402 3311 468 3364 ad
511 3309 794 3377 imaginem
827 3307 933 3360 dici
961 3314 1154 3375 potest.
1189 3305 1268 3357 Ad
1293 3305 1406 3358 haec
1433 3323 1445 3358 :
1475 3304 1742 3369 Psallam,
1774 3307 1970 3375 inquit.

402 3410 589 3464 mente,
621 3401 848 3470 psallam
882 3400 1067 3467 spiritu
1101 3400 1143 3451 ⁸.
1182 3397 1299 3451 Jam
1337 3399 1381 3452 si
1416 3399 1468 3452 in
1511 3400 1707 3454 virtute
1743 3401 1971 3470 positam

402 3493 548 3548 illam
574 3492 858 3561 imaginem
882 3507 1004 3546 esse
1033 3490 1256 3551 dixeris,
1288 3505 1395 3543 non
1424 3498 1573 3544 recte
1599 3491 1822 3544 senties.
1851 3490 1970 3544 Tibi

377 3587 545 3637 "enim
579 3582 722 3636 istud
758 3582 1012 3648 objiciam
1043 3599 1056 3635 :
1083 3580 1177 3636 Die
1207 3582 1367 3635 sodes
1399 3582 1606 3649 ecquod
1642 3582 1859 3635 virtutis
1894 3581 1976 3634 of-

407 3675 585 3729 ficium
625 3673 934 3743 praestiterit
969 3672 1226 3737 Adamus,
1268 3682 1555 3742 antequam
1601 3687 1629 3724 a
1667 3671 1775 3726 Deo
1813 3672 1978 3742 linge-

404 3764 594 3819 retnr?
636 3779 811 3833 neque
851 3763 993 3816 enim
1037 3762 1306 3831 principio
1346 3761 1481 3822 fuit,
1529 3762 1622 3816 sed
1673 3768 1858 3830 postea
1910 3761 1974 3814 ad

405 3857 692 3927 imaginem
738 3856 1006 3910 formatus
1045 3862 1146 3910 est.
1189 3855 1388 3908 Contra
1434 3869 1566 3906 vero
1597 3855 1640 3907 si
1689 3855 1974 3923 imaginem

406 3951 462 4003 in
491 3953 684 4002 virtute
722 3949 951 4017 positam
977 3962 1096 4001 esse
1127 3946 1428 4015 negaveris,
1462 3962 1567 3999 non
1596 3953 1742 3999 recte
1767 3945 1980 4014 judica-

404 4042 526 4096 bis:
567 4040 653 4096 cui
685 4042 827 4094 enim
868 4041 1047 4109 potius
1085 4056 1246 4110 quam
1294 4042 1482 4094 virtuti
1515 4039 1788 4100 convenit,
1825 4043 1882 4089 ut
1911 4035 1977 4088 ad

405 4133 693 4201 imaginem
717 4148 837 4188 esse
863 4132 1111 4185 dicatur?
1141 4132 1300 4200 Atqui
1334 4139 1457 4185 ante
1480 4130 1736 4183 virtutem
1759 4141 1974 4181 omnem

407 4222 570 4275 homo
601 4219 666 4272 ad
704 4221 991 4287 imaginem
1026 4235 1319 4286 expressus
1349 4227 1431 4273 est
1461 4235 1473 4268 :
1499 4219 1701 4286 quippe
1733 4216 1971 4270 nondum

406 4327 474 4364 ex
511 4309 728 4362 virtutis
763 4307 1078 4375 prteseripto
1117 4309 1281 4358 vitam
1340 4307 1648 4359 instituerat
1702 4305 1971 4368 Adamus,

2076 1943 2378 2004 στόλου,ὃτι
2402 1941 2530 1994 Ζῶν
2560 1945 2592 1995 ὀ
2623 1944 2810 2010 Λόγος
2838 1943 2942 1996 τοῦ
2964 1945 3110 1998 Θεοῦ
3135 1947 3232 1998 καὶ
3255 1946 3520 2016 ἐνεργὴς,
3548 1948 3645 2001 καὶ

2071 2032 2392 2101 τομώτερός
2411 2034 2580 2085 ἐστιν
2607 2032 2758 2099 ὑπὲρ
2784 2031 2990 2086 πᾶσαν
3004 2033 3304 2102 μάχαιραν
3328 2035 3638 2104 δίστομον,

2071 2125 2167 2178 καὶ
2207 2123 2615 2192 διικνούμενος
2660 2123 2795 2192 ἄχρι
2838 2124 3142 2192 μερισμῶν
3163 2123 3271 2195 (69)
3303 2125 3542 2193 ψυχῆς·
3595 2127 3645 2179 εἰ

2070 2220 2246 2272 τοίνυν
2278 2219 2576 2288 μερισμοῦς
2608 2217 2719 2287 ἔχει
2743 2218 2775 2287 ἡ
2809 2216 2951 2286 ψυχὴ
2979 2217 3113 2288 (70),
3160 2221 3188 2271 ό
3213 2218 3342 2281 Θεὸς
3369 2219 3424 2271 δὲ
3449 2218 3643 2301 ἀμέρι-

2074 2311 2196 2372 στός
2226 2312 2361 2374 ἐστι,
2397 2309 2512 2371 πῶς
2533 2309 2754 2362 δύναται
2788 2311 2821 2379 ἡ
2855 2309 3001 2378 ψυχὴ
3036 2305 3174 2362 εἶναι
3202 2310 3262 2362 τὸ
3289 2310 3408 2362 κατ’
3433 2310 3644 2375 εἰκόνας

2072 2401 2131 2452 οὐ
2160 2401 2267 2469 γὰρ
2309 2397 2416 2452 οἶδε
2447 2399 2504 2451 τὸ
2538 2399 2726 2469 μέλλον
2770 2402 2802 2470 ἡ
2848 2400 3016 2472 ψυχὴ,
3045 2403 3073 2453 ό
3116 2401 3246 2464 Θεὸς
3273 2400 3330 2453 δὲ
3375 2401 3441 2455 τά
3469 2401 3646 2454 πάντα

2071 2486 2198 2552 οἵδε,
2218 2490 2310 2542 καὶ
2333 2491 2596 2560 βλέπομεν
2621 2490 2687 2543 τὰ
2707 2491 3011 2562 ἔμπροσθεν
3029 2491 3121 2543 τοῦ
3147 2490 3415 2562 σώματος,
3435 2491 3502 2544 τὰ
3525 2508 3648 2544 κατ·

2072 2582 2196 2634 όπιν
2238 2582 2576 2648 ἀγνοοῦντες.
2643 2584 2750 2634 Ka‘t
2794 2583 2888 2634 ἐὰν
2941 2583 3100 2654 εἴπῃς
3145 2584 3226 2634 ὅτι
3275 2583 3373 2635 οὐκ
3420 2582 3564 2634 ἐστιν
3609 2585 3642 2652 ἠ

2072 2672 2215 2741 ψυχὴ
2230 2672 2281 2740 (7
2298 2672 2367 2737 Ι),
2391 2672 2604 2735 πάντως
2626 2673 2718 2725 καὶ
2739 2673 2836 2742 τὴν
2857 2672 3031 2742 ψυχὴν
3048 2672 3336 2744 ἄνθρωπον
3352 2674 3644 2743 κέκληκεν,

2075 2761 2330 2832 καὶψυχὴ
2364 2763 2455 2814 καὶ
2489 2763 2647 2830 σῶμά
2669 2764 2817 2815 ἐστιν
2847 2763 3150 2833 ἄνθρωπος.
3192 2763 3331 2816 Ἀλλ’
3354 2767 3526 2828 εἴποις
3555 2767 3649 2819 τὸν

2075 2853 2200 2905 νοῦν
2229 2849 2367 2907 εἶναι
2395 2854 2506 2922 (72)
2535 2853 2595 2905 τὸ
2618 2855 2735 2905 κατ’
2766 2855 2948 2906 εἰκόνα
2970 2871 2982 2886 ·
3015 2854 3163 2922 λέγει
3195 2857 3227 2924 ἡ
3257 2855 3467 2926 Γραφὴ,
3513 2857 3649 2924 Ὀρῶ

2073 2946 2261 3011 νόμον
2288 2944 2493 3010 ἕτερον
2526 2944 3136 3013 ἀντιστρατευόμενον
3185 2945 3254 2996 ἐν
3295 2945 3408 3011 τοῖς
3431 2947 3652 3015 μέλεσι

2069 3052 2207 3104 μου,
2249 3035 2343 3086 καὶ
2393 3034 2895 3102 αῑχμαλωτὶζοντά
2944 3051 3020 3103 με
3076 3035 3146 3086 ἐν
3182 3034 3261 3099 τῷ
3298 3036 3401 3087 νοΐ
3420 3054 3538 3103 μου
3568 3035 3651 3100 τῷ

2076 3127 2235 3192 νόμῳ
2263 3124 2370 3191 τῆς
2401 3125 2688 3192 ἁμαρτίας
2721 3123 2800 3188 τῷ
2834 3125 2960 3177 ὄντι
2993 3124 3063 3177 ἐν
3103 3124 3226 3189 τοῖς
3256 3125 3472 3194 μέλεσι
3507 3143 3648 3193 μου.

2080 3216 2199 3278 Πῶς
2239 3211 2330 3267 οὖν
2355 3214 2882 3284 αίχμαλωτιέάμενος
2941 3214 3094 3266 ἔσται
3126 3218 3245 3268 κατ’
3279 3215 3494 3278 εἰκόνας
3530 3216 3653 3269 ὃτι⁶

2083 3301 2265 3356 Ψαλῶ
2294 3301 2373 3366 τῷ
2401 3303 2514 3365 νοῒ,
2550 3301 2728 3370 ψαλῶ
2752 3301 2830 3367 τῷ
2866 3305 3176 3370 πνεύματι.
3220 3305 3328 3356 Καὶ
3351 3305 3444 3356 ὲάν
3481 3305 3657 3367 εἴποις

2079 3393 2275 3464 ἀρετὴν
2304 3390 2440 3445 εἶναι
2473 3394 2533 3445 τὸ
2557 3395 2676 3445 κατ’
2708 3394 2910 3451 εἰκόνα,
2943 3393 3053 3464 ἐρῶ
3085 3411 3196 3446 σοι·
3237 3395 3372 3447 Εἰπέ
3407 3412 3494 3464 μοι
3524 3395 3656 3465 περὶ

2078 3483 2172 3536 τοῦ
2215 3483 2402 3552 Ἀδὰμ,
2441 3485 2598 3536 ποίαν
2635 3484 2832 3554 ἀρετὴν
2873 3483 3168 3554 εἰργάσατο
3217 3483 3321 3554 πρὸ
3363 3484 3454 3535 τοῦ
3492 3483 3656 3550 αὐτὸν

2083 3575 2410 3645 π).ασοῆναι;
2449 3576 2506 3628 οὐ
2527 3576 2634 3646 γὰρ
2668 3572 2733 3645 ἦν
2758 3579 2813 3627 ὲν
2844 3575 3004 3645 ἀρχῇ,
3036 3575 3287 3644 ἀπαρχῆς
3320 3575 3375 3626 δὲ
3402 3575 3652 3645 ἐπλάσθη

2082 3669 2199 3718 κατ’
2217 3667 2416 3718 εἰκόνα.
2444 3668 2551 3719 Καὶ
2571 3667 2661 3718 ἐὰν
2683 3667 2839 3734 εἴπῃς
2866 3667 2938 3735 μὴ
2957 3662 3090 3718 εἷναι
3115 3666 3212 3734 τὴν
3231 3664 3448 3735 ἀρετὴν,
3466 3666 3524 3717 ού
3548 3683 3652 3718 κα-

2081 3757 2186 3817 λῶς
2206 3758 2384 3825 λὲγεις
2403 3776 2412 3786 ”
2430 3759 2532 3810 τίνι
2549 3758 2654 3828 γὰρ
2672 3757 2864 3829 πρέπει
2884 3757 3000 3809 κατ’
3021 3756 3202 3809 εἰκόνα
3224 3751 3381 3817 εἶναι,
3402 3755 3558 3825 ἀλλ’ἢ
3580 3759 3650 3825 τῇ

2085 3849 2280 3918 ἀρετῇ;
2307 3849 2439 3913 Πρὶν
2472 3848 2526 3898 δὲ
2553 3849 2750 3917 ἀρετῆς
2774 3847 2889 3899 κατ’
2909 3847 3094 3899 εἰκόνα
3121 3845 3364 3912 ἐπλάσθη
3393 3849 3422 3898 ό
3443 3844 3660 3915 ἄνθρω-

2087 3929 2402 4002 ποςζΟὖπω
2435 3939 2543 4008 γὰρ
2563 3934 2629 4009 ἦν
2656 3941 2683 3990 ό
2717 3938 2884 4008 Ἀδὰμ
2907 3940 2961 3990 ὲν
2991 3938 3157 4008 ἀρετῇ
3183 3937 3656 4006 πολιτευσάμενος,

2085 4033 2205 4085 οὔτε
2223 4033 2557 4104 ἐκτισμένος.
2572 4031 2681 4086 Καὶ
2702 4032 2794 4084 ἐὰν
2816 4032 2974 4102 εἴπῃς
2994 4030 3054 4082 τὸ
3073 4029 3355 4099 βάπτισμα
3372 4023 3510 4080 εἶναι
3533 4042 3640 4080 κατ

2085 4123 2285 4180 εἰκόνα,
2306 4122 2414 4192 ἄρα
2440 4123 2487 4173 οἱ
2509 4119 2582 4191 μὴ
2603 4120 2858 4180 λαϐόντες
2882 4118 3160 4188 βάπτισμα
3178 4116 3377 4169 δίκαιοι
3399 4115 3498 4169 ούκ
3515 4109 3660 4184 ἦσαν

2084 4215 2203 4265 κατ’
2234 4213 2437 4265 εἰκόνα.
2465 4212 2594 4263 Ἀπὸ
2619 4210 2724 4281 γὰρ
2742 4209 3018 4271 Μωῦσέως
3044 4208 3136 4260 καὶ
3155 4205 3429 4265 θαλάσσης
3454 4203 3662 4276 ἤρξατο

2083 4305 2110 4354 ό
2144 4303 2330 4364 τύπος,
2367 4303 2473 4355 ἀπὸ
2513 4302 2755 4354 Ἰωάννου
2779 4299 2967 4370 ἠνοίγη
2997 4300 3025 4351 ὁ
3055 4297 3243 4360 τύπος,
3277 4297 3333 4347 ὲν
3359 4295 3414 4346 δὲ
3437 4292 3660 4362 Χριστῷ

407 4413 509 4452 nec
549 4400 772 4452 omnino
815 4405 1132 4466 procreatus
1168 4395 1362 4448 fuerat.
1411 4395 1672 4462 Superest
1712 4401 1768 4446 ut
1803 4395 1973 4462 bapti-

2085 4391 2366 4462 ἐτελειώθη
2396 4393 2456 4443 τὸ
2485 4391 2671 4462 δῶρον.

409 4492 841 4560 smoimaginem
867 4492 1010 4544 illam
1038 4490 1126 4544 Dei
1151 4490 1702 4545 circumscribendam
1725 4503 1969 4543 censeas.
2011 4487 2209 4542 Verum
2239 4504 2302 4542 ex
2339 4503 2402 4540 eo
2438 4489 2685 4556 sequitur
2751 4486 2931 4555 justos
2994 4484 3086 4553 qui
3133 4479 3404 4550 baptismo
3450 4477 3655 4531 initiati

408 4599 518 4640 non
549 4582 782 4646 fuerant,
815 4597 908 4637 eos
937 4583 1002 4634 ad
1033 4582 1318 4651 imaginem
1353 4581 1443 4634 Dei
1491 4581 1713 4634 minime
1740 4595 1862 4635 esse
1893 4579 2062 4633 factos
2090 4598 2104 4644 ;
2134 4595 2258 4632 nam
2293 4595 2320 4631 a
2361 4578 2542 4649 Moyse
2575 4587 2737 4646 atque
2781 4577 2917 4629 mari
2970 4570 3224 4643 baptismi
3304 4570 3476 4638 ﬁgura
3537 4582 3660 4621 cce-

411 4678 508 4745 pit,
557 4675 746 4730 eadem
791 4675 860 4729 ab
899 4673 1105 4730 Joanne
1149 4674 1437 4745 patefacta,
1482 4675 1535 4728 in
1577 4674 1796 4728 Christo
1849 4687 1976 4728 vero
2016 4689 2215 4726 munus
2253 4680 2337 4726 est
2369 4673 2543 4741 ipsum
2587 4671 2911 4741 perfectum.

481 4881 494 4909 ‘
542 4876 674 4930 Gen.
704 4894 761 4937 ll,
790 4878 838 4930 7.
917 4879 936 4907 ¹
976 4877 1106 4932 ibid.
1210 4877 1228 4907 ³
1258 4876 1419 4931 Hebr.
1452 4893 1523 4938 Iv,
1558 4876 1638 4931 12.

487 5055 597 5126 (68)
644 5054 830 5126 Ἡμεῖς
852 5053 918 5106 δὲ
951 5055 1324 5125 ἀπεριέργως.
1353 5054 1574 5126 ίιιιμίιιιο
1605 5056 1776 5122 posita
1805 5056 1891 5108 Dei
1925 5056 1976 5108 in

422 5124 643 5180 nomine
673 5125 742 5178 sit
767 5125 968 5191 imago,
1003 5141 1175 5192 neque
1200 5124 1389 5177 delinit
1423 5124 1775 5192 Epiphanius,
1811 5142 1982 5191 neque

417 5203 570 5248 certo
596 5193 723 5248 sciri
768 5209 931 5262 posse
992 5202 1163 5262 putat.
1221 5193 1292 5247 De
1340 5210 1446 5261 quo
1480 5195 1625 5247 varie
1665 5210 1693 5245 a
1736 5194 1986 5247 Pati-ibus

417 5265 826 5334 pronuntiatum
870 5273 970 5316 cst.
1023 5262 1156 5334 Vide
1222 5279 1345 5334 qua}
1371 5263 1648 5316 Perrerins
1687 5273 1870 5318 noster
1926 5280 1988 5318 ac

415 5331 597 5455 funeri
643 5333 963 5402 interpretes
1015 5333 1079 5385 ad
1120 5331 1268 5386 illum
1311 5331 1582 5387 Geneseos
1624 5335 1798 5388 locum
1848 5341 1988 5387 attu-

435 5410 612 5455 erunt.

435 5410 612 5459 erunt,

493 5471 602 5538 (ti9)
646 5472 809 5538 ’Ἄχρι
847 5470 1174 5539 μερισμῶν.
1219 5471 1460 5524 Graecum
1498 5470 1628 5525 Novi
1657 5471 1985 5526 Testamenti

421 5540 724 5612 exemplum
762 5542 921 5612 habet
950 5541 1375 5612 axpipspiopob
1407 5541 1584 5611 ψυχῆς
1621 5544 1799 5612 τεκαὶ
1831 5542 1990 5592 πνεύ-

427 5623 614 5731 ἓατος.
680 5606 908 5684 ΥιιΙςηιίι
975 5606 1121 5662 illud
1158 5606 1294 5663 idem
1352 5606 1616 5680 sequitur.
1683 5611 1758 5665 Eo
1813 5613 1988 5679 posito

475 5677 713 5731 Dchanii
748 5690 1122 5731 aramucntum
1163 5682 1387 5731 corruit.

473 5675 713 5747 piphanii
748 5675 1122 5745 argumentum
1150 5682 1387 5738 corruit.

494 5745 606 5814 (70)
633 5747 703 5816 Ei
728 5747 934 5816 τοίνυν
952 5749 1421 5816 μερισμοὺς“ἐχει
1447 5751 1483 5814 ὴ
1512 5748 1701 5815 ψυχή.
1738 5749 1989 5802 Petavius

424 5815 604 5877 vertit,
639 5815 685 5869 si
717 5815 830 5867 ulla
873 5826 947 5867 est
978 5815 1168 5870 animtc
1197 5815 1423 5871 dirisio.‘
1473 5835 1632 5888 qttam
1664 5820 1987 5890 interpret-a-

1718 4877 1738 4906 θ
1771 4877 1925 4929 Rom.
1958 4891 2052 4940 vn,
2080 4878 2169 4931 ‘25.

2246 4879 2264 4906 ⁵
2302 4877 2318 4929 l
2351 4876 2476 4929 Cor.
2520 4891 2628 4940 xw,
2667 4875 2751 4927 l5.
2833 4874 2853 4904 ⁸
2886 4873 2944 4926 F.
2979 4873 3079 4926 ἔτι.

2088 5057 2286 5126 tionem
2318 5057 2586 5126 improbat
2617 5055 2962 5108 Thomasius.

2164 5125 2273 5195 (71)
2328 5125 2443 5195 Neu
2489 5127 2658 5179 solam
2697 5126 2932 5195 animam
2975 5126 3265 5195 appellavit
3301 5125 3440 5182 Dens
3481 5129 3671 5181 homi-

2093 5194 2238 5255 nem,
2277 5194 2367 5248 sed
2412 5197 2643 5248 annnam
2677 5194 2835 5248 simul
2867 5201 2920 5246 et
2961 5209 3180 5262 corpus.
3225 5194 3376 5249 Unde
3410 5202 3549 5250 inter
3581 5199 3673 5251 rli-

2095 5279 2288 5336 versas
2309 5264 2590 5336 opiniones
2636 5268 2701 5317 de
2731 5263 3088 5336 imaginelh-i
3141 5265 3340 5318 homini
3373 5269 3670 5336 impressa,

2095 5349 2156 5386 ea
2185 5333 2526 5385 verisimilior
2553 5341 2792 5402 apparet,
2821 5348 2939 5402 quae
2971 5333 3140 5400 ipsam
3177 5337 3364 5386 statuit
3395 5333 3670 5389 ἱιίτιιιὶιιιει

2097 5403 2256 5456 simul
2289 5411 2338 5454 et
2368 5403 2416 5453 in
2446 5419 2690 5470 corpore.
2716 5403 2963 5456 Diversas
2995 5404 3111 5455 illas
3138 5406 3420 5468 opiniones
3449 5406 3589 5463 ride,
3619 5407 3669 5458 si

2091 5472 2299 5536 lubeat,
2321 5471 2456 5536 apud
2483 5471 2758 5525 Petavinm
2786 5472 2864 5524 De
2906 5473 3111 5539 opificio
3143 5489 3234 5526 se]:
3260 5475 3462 5526 dierum
3498 5491 3674 5528 auen-

2091 5550 2196 5593 tem
2228 5541 2363 5593 libro
2401 5555 2458 5600 ll,
2488 5543 2759 5610 capitibus
2783 5542 2838 5607 2,
2874 5543 2906 5594 5
2935 5551 2988 5595 et
3023 5542 3073 5596 4.
3129 5542 3228 5596 Ubi
3260 5544 3416 5599 docte
3443 5540 3670 5598 easdem

2091 5620 2144 5664 et
2176 5618 2417 5661 recenset.
2445 5617 2497 5662 et
2530 5612 2802 5678 expendit.

2164 5679 2274 5743 (72)
2316 5679 2422 5730 Τὸν
2447 5677 2795 5742 νοῦν-εἷναι,
2837 5689 2942 5735 etc.
2991 5683 3218 5737 Mentem
3253 5685 3320 5734 ab
3347 5683 3523 5734 anima
3551 5682 3669 5735 dis-

2092 5750 2320 5823 tinxisse
2373 5748 2660 5823 aliquando
2714 5747 2901 5807 Patres
2959 5753 3113 5823 juxta
3165 5753 3364 5807 veteris
3416 5752 3671 5821 philoso-

2091 5820 2229 5892 phia:
2254 5819 2448 5888 placita
2475 5825 2710 5873 constat.
