  <div class='ocr_page' id='page_1' title='image "/cluster/home/n/w/nwhite01/storage/ocr_20150623/43/hvd.32044054272794/065.png"; bbox 0 0 3992 6198; ppageno 0'>
   <div class='ocr_carea' id='block_1_1' title="bbox 383 252 485 310">
    <p class='ocr_par' dir='ltr' id='par_1_1' title="bbox 383 252 485 310">
     <span class='ocr_line' id='line_1_1' title="bbox 383 252 485 310; baseline -0.02 -1"><span class='ocrx_word' id='word_1_1' title='bbox 383 252 485 310; x_wconf 76' lang='grc'><strong>119</strong></span> 
     </span>
    </p>
   </div>
   <div class='ocr_carea' id='block_1_2' title="bbox 1790 251 2229 308">
    <p class='ocr_par' dir='ltr' id='par_1_2' title="bbox 1790 251 2229 308">
     <span class='ocr_line' id='line_1_2' title="bbox 1790 251 2229 308; baseline 0.005 -2"><span class='ocrx_word' id='word_1_2' title='bbox 1790 251 1846 307; x_wconf 86' lang='lat' dir='ltr'><strong>S.</strong></span> <span class='ocrx_word' id='word_1_3' title='bbox 1889 252 2229 308; x_wconf 80' lang='lat' dir='ltr'><strong>EPlPllANII</strong></span> 
     </span>
    </p>
   </div>
   <div class='ocr_carea' id='block_1_3' title="bbox 3515 260 3615 313">
    <p class='ocr_par' dir='ltr' id='par_1_3' title="bbox 3515 260 3615 313">
     <span class='ocr_line' id='line_1_3' title="bbox 3515 260 3615 313; baseline -0.03 0"><span class='ocrx_word' id='word_1_4' title='bbox 3515 260 3615 313; x_wconf 70' lang='grc' dir='ltr'><strong>1⁸Ξο</strong></span> 
     </span>
    </p>
   </div>
   <div class='ocr_carea' id='block_1_4' title="bbox 378 367 1954 445">
    <p class='ocr_par' dir='ltr' id='par_1_4' title="bbox 378 367 1952 438">
     <span class='ocr_line' id='line_1_4' title="bbox 378 367 1952 438; baseline -0.001 -14"><span class='ocrx_word' id='word_1_5' title='bbox 378 369 552 424; x_wconf 88' lang='lat' dir='ltr'><strong>oculis</strong></span> <span class='ocrx_word' id='word_1_6' title='bbox 590 367 688 438; x_wconf 81' lang='lat' dir='ltr'><strong>ipsi</strong></span> <span class='ocrx_word' id='word_1_7' title='bbox 726 368 1018 422; x_wconf 79' lang='lat' dir='ltr'><strong>intuemur.</strong></span> <span class='ocrx_word' id='word_1_8' title='bbox 1061 367 1257 422; x_wconf 78' lang='lat' dir='ltr'><strong>Phison</strong></span> <span class='ocrx_word' id='word_1_9' title='bbox 1312 367 1455 422; x_wconf 88' lang='lat' dir='ltr'><strong>enim</strong></span> <span class='ocrx_word' id='word_1_10' title='bbox 1513 369 1559 421; x_wconf 88' lang='lat' dir='ltr'><strong>is</strong></span> <span class='ocrx_word' id='word_1_11' title='bbox 1607 376 1711 430; x_wconf 87' lang='lat' dir='ltr'><strong>est,</strong></span> <span class='ocrx_word' id='word_1_12' title='bbox 1755 369 1846 437; x_wconf 88' lang='lat' dir='ltr'><strong>qui</strong></span> <span class='ocrx_word' id='word_1_13' title='bbox 1884 369 1952 423; x_wconf 88' lang='lat' dir='ltr'><strong>ab</strong></span> 
     </span>
    </p>
   </div>
   <div class='ocr_carea' id='block_1_5' title="bbox 2059 367 3611 445">
    <p class='ocr_par' dir='ltr' id='par_1_5' title="bbox 2059 370 3611 445">
     <span class='ocr_line' id='line_1_5' title="bbox 2059 370 3611 445; baseline 0.003 -24"><span class='ocrx_word' id='word_1_14' title='bbox 2059 372 2139 433; x_wconf 81' lang='grc' dir='ltr'><strong>εις</strong></span> <span class='ocrx_word' id='word_1_15' title='bbox 2171 370 2470 439; x_wconf 82' lang='grc' dir='ltr'>τέσσαρας</span> <span class='ocrx_word' id='word_1_16' title='bbox 2498 373 2717 442; x_wconf 82' lang='grc' dir='ltr'>ἀρχάς·</span> <span class='ocrx_word' id='word_1_17' title='bbox 2749 375 2936 445; x_wconf 79' lang='grc' dir='ltr'>ὄνομα</span> <span class='ocrx_word' id='word_1_18' title='bbox 2967 373 3048 439; x_wconf 82' lang='grc' dir='ltr'>τῷ</span> <span class='ocrx_word' id='word_1_19' title='bbox 3075 373 3164 427; x_wconf 77' lang='grc' dir='ltr'><strong>ἐνὶ</strong></span> <span class='ocrx_word' id='word_1_20' title='bbox 3211 372 3440 426; x_wconf 78' lang='grc' dir='ltr'><strong>Φεισὼν</strong></span> <span class='ocrx_word' id='word_1_21' title='bbox 3467 371 3611 442; x_wconf 77' lang='grc'>(77)·</span> 
     </span>
    </p>
   </div>
   <div class='ocr_carea' id='block_1_6' title="bbox 380 445 1954 529">
    <p class='ocr_par' dir='ltr' id='par_1_6' title="bbox 380 445 1954 529">
     <span class='ocr_line' id='line_1_6' title="bbox 380 445 1954 529; baseline -0.001 -16"><span class='ocrx_word' id='word_1_22' title='bbox 380 457 528 513; x_wconf 88' lang='lat' dir='ltr'><strong>Indis</strong></span> <span class='ocrx_word' id='word_1_23' title='bbox 567 469 619 513; x_wconf 91' lang='lat' dir='ltr'><strong>et</strong></span> <span class='ocrx_word' id='word_1_24' title='bbox 647 445 996 529; x_wconf 62' lang='lat' dir='ltr'><strong>ZEthiopibus</strong></span> <span class='ocrx_word' id='word_1_25' title='bbox 1044 458 1260 527; x_wconf 83' lang='lat' dir='ltr'><strong>Ganges</strong></span> <span class='ocrx_word' id='word_1_26' title='bbox 1303 461 1644 528; x_wconf 88' lang='lat' dir='ltr'><strong>appellatur:</strong></span> <span class='ocrx_word' id='word_1_27' title='bbox 1675 474 1831 528; x_wconf 90' lang='lat' dir='ltr'><strong>quem</strong></span> <span class='ocrx_word' id='word_1_28' title='bbox 1870 457 1954 512; x_wconf 92' lang='lat' dir='ltr'><strong>In-</strong></span> 
     </span>
    </p>
   </div>
   <div class='ocr_carea' id='block_1_7' title="bbox 379 551 1949 620">
    <p class='ocr_par' dir='ltr' id='par_1_7' title="bbox 379 551 1949 620">
     <span class='ocr_line' id='line_1_7' title="bbox 379 551 1949 620; baseline -0.001 -14"><span class='ocrx_word' id='word_1_29' title='bbox 379 552 506 606; x_wconf 87' lang='lat' dir='ltr'><strong>dum</strong></span> <span class='ocrx_word' id='word_1_30' title='bbox 530 551 700 605; x_wconf 68' lang='lat' dir='ltr'><strong>Greeci</strong></span> <span class='ocrx_word' id='word_1_31' title='bbox 746 552 1050 605; x_wconf 89' lang='lat' dir='ltr'><strong>nominant.</strong></span> <span class='ocrx_word' id='word_1_32' title='bbox 1100 551 1201 606; x_wconf 82' lang='lat' dir='ltr'><strong>llic</strong></span> <span class='ocrx_word' id='word_1_33' title='bbox 1241 552 1403 605; x_wconf 87' lang='lat' dir='ltr'><strong>ambit</strong></span> <span class='ocrx_word' id='word_1_34' title='bbox 1449 552 1707 620; x_wconf 79' lang='lat' dir='ltr'><strong>regionem</strong></span> <span class='ocrx_word' id='word_1_35' title='bbox 1754 552 1949 618; x_wconf 81' lang='lat' dir='ltr'><strong>Erilat,</strong></span> 
     </span>
    </p>
   </div>
   <div class='ocr_carea' id='block_1_8' title="bbox 381 642 1952 716">
    <p class='ocr_par' dir='ltr' id='par_1_8' title="bbox 381 642 1952 716">
     <span class='ocr_line' id='line_1_8' title="bbox 381 642 1952 716; baseline 0.003 -20"><span class='ocrx_word' id='word_1_36' title='bbox 381 642 640 710; x_wconf 89' lang='lat' dir='ltr'><strong>majorem</strong></span> <span class='ocrx_word' id='word_1_37' title='bbox 683 643 934 697; x_wconf 89' lang='lat' dir='ltr'><strong>videlicet</strong></span> <span class='ocrx_word' id='word_1_38' title='bbox 977 659 1040 697; x_wconf 88' lang='lat' dir='ltr'><strong>ac</strong></span> <span class='ocrx_word' id='word_1_39' title='bbox 1080 644 1377 706; x_wconf 81' lang='lat' dir='ltr'><strong>minorem,</strong></span> <span class='ocrx_word' id='word_1_40' title='bbox 1420 660 1541 713; x_wconf 76' lang='lat' dir='ltr'><strong>quae</strong></span> <span class='ocrx_word' id='word_1_41' title='bbox 1574 652 1656 698; x_wconf 89' lang='lat' dir='ltr'><strong>est</strong></span> <span class='ocrx_word' id='word_1_42' title='bbox 1686 643 1952 716; x_wconf 79' lang='lat' dir='ltr'><strong>Elymaeo-</strong></span> 
     </span>
    </p>
   </div>
   <div class='ocr_carea' id='block_1_9' title="bbox 381 735 1953 806">
    <p class='ocr_par' dir='ltr' id='par_1_9' title="bbox 381 735 1953 806">
     <span class='ocr_line' id='line_1_9' title="bbox 381 735 1953 806; baseline 0.003 -18"><span class='ocrx_word' id='word_1_43' title='bbox 381 751 498 788; x_wconf 92' lang='lat' dir='ltr'><strong>rum</strong></span> <span class='ocrx_word' id='word_1_44' title='bbox 550 735 851 803; x_wconf 82' lang='lat' dir='ltr'><strong>provincia,</strong></span> <span class='ocrx_word' id='word_1_45' title='bbox 889 749 952 789; x_wconf 90' lang='lat' dir='ltr'><strong>ac</strong></span> <span class='ocrx_word' id='word_1_46' title='bbox 988 751 1236 806; x_wconf 85' lang='lat' dir='ltr'><strong>magnam</strong></span> <span class='ocrx_word' id='word_1_47' title='bbox 1291 735 1626 805; x_wconf 65' lang='lat' dir='ltr'><strong>Ethiopiam</strong></span> <span class='ocrx_word' id='word_1_48' title='bbox 1661 745 1953 806; x_wconf 75' lang='lat' dir='ltr'><strong>penetrans</strong></span> 
     </span>
    </p>
   </div>
   <div class='ocr_carea' id='block_1_10' title="bbox 378 823 1952 894">
    <p class='ocr_par' dir='ltr' id='par_1_10' title="bbox 378 823 1952 894">
     <span class='ocr_line' id='line_1_10' title="bbox 378 823 1952 894; baseline 0.004 -20"><span class='ocrx_word' id='word_1_49' title='bbox 378 823 444 876; x_wconf 90' lang='lat' dir='ltr'><strong>ad</strong></span> <span class='ocrx_word' id='word_1_50' title='bbox 505 832 752 878; x_wconf 76' lang='lat' dir='ltr'><strong>austrum</strong></span> <span class='ocrx_word' id='word_1_51' title='bbox 803 825 1026 886; x_wconf 91' lang='lat' dir='ltr'><strong>labitur,</strong></span> <span class='ocrx_word' id='word_1_52' title='bbox 1074 833 1128 877; x_wconf 89' lang='lat' dir='ltr'><strong>et</strong></span> <span class='ocrx_word' id='word_1_53' title='bbox 1176 824 1316 876; x_wconf 90' lang='lat' dir='ltr'><strong>intra</strong></span> <span class='ocrx_word' id='word_1_54' title='bbox 1351 825 1531 879; x_wconf 82' lang='lat' dir='ltr'><strong>Gades</strong></span> <span class='ocrx_word' id='word_1_55' title='bbox 1577 825 1848 894; x_wconf 73' lang='lat' dir='ltr'><strong>ingentem</strong></span> <span class='ocrx_word' id='word_1_56' title='bbox 1895 827 1952 880; x_wconf 90' lang='lat' dir='ltr'><strong>in</strong></span> 
     </span>
    </p>
   </div>
   <div class='ocr_carea' id='block_1_11' title="bbox 378 911 1946 983">
    <p class='ocr_par' dir='ltr' id='par_1_11' title="bbox 378 911 1946 983">
     <span class='ocr_line' id='line_1_11' title="bbox 378 911 1946 983; baseline 0.001 -17"><span class='ocrx_word' id='word_1_57' title='bbox 378 914 656 967; x_wconf 77' lang='lat' dir='ltr'><strong>Oceanum</strong></span> <span class='ocrx_word' id='word_1_58' title='bbox 717 915 973 983; x_wconf 85' lang='lat' dir='ltr'><strong>erumpit.</strong></span> <span class='ocrx_word' id='word_1_59' title='bbox 1045 911 1333 966; x_wconf 87' lang='lat' dir='ltr'><strong>Secundus</strong></span> <span class='ocrx_word' id='word_1_60' title='bbox 1377 913 1576 968; x_wconf 88' lang='lat' dir='ltr'><strong>ﬂuvius</strong></span> <span class='ocrx_word' id='word_1_61' title='bbox 1623 923 1708 970; x_wconf 87' lang='lat' dir='ltr'><strong>est</strong></span> <span class='ocrx_word' id='word_1_62' title='bbox 1757 914 1946 969; x_wconf 88' lang='lat' dir='ltr'><strong>Geon:</strong></span> 
     </span>
    </p>
   </div>
   <div class='ocr_carea' id='block_1_12' title="bbox 377 1006 1950 1078">
    <p class='ocr_par' dir='ltr' id='par_1_12' title="bbox 377 1006 1950 1078">
     <span class='ocr_line' id='line_1_12' title="bbox 377 1006 1950 1078; baseline 0.003 -21"><span class='ocrx_word' id='word_1_63' title='bbox 377 1021 536 1073; x_wconf 90' lang='lat' dir='ltr'><strong>quem</strong></span> <span class='ocrx_word' id='word_1_64' title='bbox 580 1022 682 1061; x_wconf 92' lang='lat' dir='ltr'><strong>nos</strong></span> <span class='ocrx_word' id='word_1_65' title='bbox 710 1006 932 1076; x_wconf 88' lang='lat' dir='ltr'><strong>perinde</strong></span> <span class='ocrx_word' id='word_1_66' title='bbox 960 1006 1215 1060; x_wconf 88' lang='lat' dir='ltr'><strong>sensibus</strong></span> <span class='ocrx_word' id='word_1_67' title='bbox 1246 1008 1576 1076; x_wconf 75' lang='lat' dir='ltr'><strong>expositum,</strong></span> <span class='ocrx_word' id='word_1_68' title='bbox 1606 1023 1715 1062; x_wconf 92' lang='lat' dir='ltr'><strong>non</strong></span> <span class='ocrx_word' id='word_1_69' title='bbox 1747 1008 1950 1078; x_wconf 80' lang='lat' dir='ltr'><strong>allego-</strong></span> 
     </span>
    </p>
   </div>
   <div class='ocr_carea' id='block_1_13' title="bbox 377 1098 1950 1169">
    <p class='ocr_par' dir='ltr' id='par_1_13' title="bbox 377 1098 1950 1169">
     <span class='ocr_line' id='line_1_13' title="bbox 377 1098 1950 1169; baseline 0.004 -21"><span class='ocrx_word' id='word_1_70' title='bbox 377 1098 474 1154; x_wconf 91' lang='lat' dir='ltr'><strong>riis</strong></span> <span class='ocrx_word' id='word_1_71' title='bbox 503 1099 883 1153; x_wconf 90' lang='lat' dir='ltr'><strong>adumbratum</strong></span> <span class='ocrx_word' id='word_1_72' title='bbox 913 1099 1211 1152; x_wconf 82' lang='lat' dir='ltr'><strong>cernimus.</strong></span> <span class='ocrx_word' id='word_1_73' title='bbox 1245 1098 1340 1151; x_wconf 87' lang='lat' dir='ltr'><strong>Hic</strong></span> <span class='ocrx_word' id='word_1_74' title='bbox 1363 1107 1466 1163; x_wconf 89' lang='lat' dir='ltr'><strong>est,</strong></span> <span class='ocrx_word' id='word_1_75' title='bbox 1495 1100 1584 1169; x_wconf 89' lang='lat' dir='ltr'><strong>qui</strong></span> <span class='ocrx_word' id='word_1_76' title='bbox 1612 1116 1708 1169; x_wconf 87' lang='lat' dir='ltr'><strong>per</strong></span> <span class='ocrx_word' id='word_1_77' title='bbox 1731 1099 1950 1154; x_wconf 60' lang='lat' dir='ltr'><strong>[Ethio-</strong></span> 
     </span>
    </p>
   </div>
   <div class='ocr_carea' id='block_1_14' title="bbox 377 1189 1950 1259">
    <p class='ocr_par' dir='ltr' id='par_1_14' title="bbox 377 1189 1950 1259">
     <span class='ocr_line' id='line_1_14' title="bbox 377 1189 1950 1259; baseline 0.003 -17"><span class='ocrx_word' id='word_1_78' title='bbox 377 1189 519 1257; x_wconf 90' lang='lat' dir='ltr'><strong>piam</strong></span> <span class='ocrx_word' id='word_1_79' title='bbox 556 1191 784 1253; x_wconf 89' lang='lat' dir='ltr'><strong>labitur,</strong></span> <span class='ocrx_word' id='word_1_80' title='bbox 827 1198 880 1243; x_wconf 90' lang='lat' dir='ltr'><strong>et</strong></span> <span class='ocrx_word' id='word_1_81' title='bbox 908 1189 1172 1242; x_wconf 91' lang='lat' dir='ltr'><strong>minorem</strong></span> <span class='ocrx_word' id='word_1_82' title='bbox 1204 1189 1562 1259; x_wconf 66' lang='lat' dir='ltr'><strong>Althiopiam,</strong></span> <span class='ocrx_word' id='word_1_83' title='bbox 1598 1190 1950 1246; x_wconf 90' lang='lat' dir='ltr'><strong>Anubiticum</strong></span> 
     </span>
    </p>
   </div>
   <div class='ocr_carea' id='block_1_15' title="bbox 377 1281 1948 1351">
    <p class='ocr_par' dir='ltr' id='par_1_15' title="bbox 377 1281 1948 1351">
     <span class='ocr_line' id='line_1_15' title="bbox 377 1281 1948 1351; baseline 0.004 -20"><span class='ocrx_word' id='word_1_84' title='bbox 377 1288 648 1343; x_wconf 85' lang='lat' dir='ltr'><strong>tractum,</strong></span> <span class='ocrx_word' id='word_1_85' title='bbox 706 1281 953 1350; x_wconf 80' lang='lat' dir='ltr'><strong>Blemyas</strong></span> <span class='ocrx_word' id='word_1_86' title='bbox 1001 1289 1055 1333; x_wconf 88' lang='lat' dir='ltr'><strong>et</strong></span> <span class='ocrx_word' id='word_1_87' title='bbox 1105 1281 1468 1335; x_wconf 82' lang='lat' dir='ltr'><strong>Axumitidem</strong></span> <span class='ocrx_word' id='word_1_88' title='bbox 1517 1289 1948 1351; x_wconf 66' lang='lat' dir='ltr'><strong>praetervectus,</strong></span> 
     </span>
    </p>
   </div>
   <div class='ocr_carea' id='block_1_16' title="bbox 375 1369 1947 1440">
    <p class='ocr_par' dir='ltr' id='par_1_16' title="bbox 375 1369 1947 1440">
     <span class='ocr_line' id='line_1_16' title="bbox 375 1369 1947 1440; baseline 0.003 -18"><span class='ocrx_word' id='word_1_89' title='bbox 375 1371 704 1424; x_wconf 80' lang='lat' dir='ltr'><strong>Thebaidem</strong></span> <span class='ocrx_word' id='word_1_90' title='bbox 744 1371 846 1440; x_wconf 75' lang='lat'><strong>61</strong></span> <span class='ocrx_word' id='word_1_91' title='bbox 888 1379 940 1421; x_wconf 89' lang='lat' dir='ltr'><strong>et</strong></span> <span class='ocrx_word' id='word_1_92' title='bbox 980 1369 1274 1440; x_wconf 62' lang='lat' dir='ltr'><strong>IEgyptum</strong></span> <span class='ocrx_word' id='word_1_93' title='bbox 1314 1371 1524 1424; x_wconf 91' lang='lat' dir='ltr'><strong>alluens</strong></span> <span class='ocrx_word' id='word_1_94' title='bbox 1567 1372 1620 1425; x_wconf 94' lang='lat' dir='ltr'><strong>in</strong></span> <span class='ocrx_word' id='word_1_95' title='bbox 1667 1388 1816 1427; x_wconf 88' lang='lat' dir='ltr'><strong>mare</strong></span> <span class='ocrx_word' id='word_1_96' title='bbox 1848 1389 1947 1428; x_wconf 81' lang='lat' dir='ltr'><strong>no-</strong></span> 
     </span>
    </p>
   </div>
   <div class='ocr_carea' id='block_1_17' title="bbox 380 1460 1946 1530">
    <p class='ocr_par' dir='ltr' id='par_1_17' title="bbox 380 1460 1946 1530">
     <span class='ocr_line' id='line_1_17' title="bbox 380 1460 1946 1530; baseline 0.002 -17"><span class='ocrx_word' id='word_1_97' title='bbox 380 1468 555 1514; x_wconf 88' lang='lat' dir='ltr'><strong>strqu</strong></span> <span class='ocrx_word' id='word_1_98' title='bbox 585 1460 779 1514; x_wconf 90' lang='lat' dir='ltr'><strong>inﬂuit.</strong></span> <span class='ocrx_word' id='word_1_99' title='bbox 811 1460 1016 1526; x_wconf 86' lang='lat' dir='ltr'><strong>Quodsi</strong></span> <span class='ocrx_word' id='word_1_100' title='bbox 1057 1462 1181 1530; x_wconf 84' lang='lat' dir='ltr'><strong>quis</strong></span> <span class='ocrx_word' id='word_1_101' title='bbox 1214 1461 1366 1514; x_wconf 77' lang='lat' dir='ltr'><strong>fidem</strong></span> <span class='ocrx_word' id='word_1_102' title='bbox 1399 1462 1655 1516; x_wconf 89' lang='lat' dir='ltr'><strong>mibinon</strong></span> <span class='ocrx_word' id='word_1_103' title='bbox 1675 1463 1946 1526; x_wconf 83' lang='lat' dir='ltr'><strong>adhibeat,</strong></span> 
     </span>
    </p>
   </div>
   <div class='ocr_carea' id='block_1_18' title="bbox 375 1547 1952 1618">
    <p class='ocr_par' dir='ltr' id='par_1_18' title="bbox 375 1547 1952 1618">
     <span class='ocr_line' id='line_1_18' title="bbox 375 1547 1952 1618; baseline 0.006 -20"><span class='ocrx_word' id='word_1_104' title='bbox 375 1547 667 1602; x_wconf 85' lang='lat' dir='ltr'><strong>Jeremiam</strong></span> <span class='ocrx_word' id='word_1_105' title='bbox 718 1550 1022 1618; x_wconf 89' lang='lat' dir='ltr'><strong>loquentem</strong></span> <span class='ocrx_word' id='word_1_106' title='bbox 1073 1551 1301 1605; x_wconf 88' lang='lat' dir='ltr'><strong>audiat:</strong></span> <span class='ocrx_word' id='word_1_107' title='bbox 1335 1551 1473 1616; x_wconf 84' lang='lat' dir='ltr'><strong>Quid</strong></span> <span class='ocrx_word' id='word_1_108' title='bbox 1521 1552 1661 1606; x_wconf 80' lang='lat' dir='ltr'><strong>vobis</strong></span> <span class='ocrx_word' id='word_1_109' title='bbox 1701 1562 1748 1606; x_wconf 85' lang='lat' dir='ltr'><strong>et</strong></span> <span class='ocrx_word' id='word_1_110' title='bbox 1798 1563 1952 1607; x_wconf 64' lang='lat' dir='ltr'><strong>terra!</strong></span> 
     </span>
    </p>
   </div>
   <div class='ocr_carea' id='block_1_19' title="bbox 375 1637 1948 1710">
    <p class='ocr_par' dir='ltr' id='par_1_19' title="bbox 375 1637 1948 1710">
     <span class='ocr_line' id='line_1_19' title="bbox 375 1637 1948 1710; baseline 0.001 -16"><span class='ocrx_word' id='word_1_111' title='bbox 375 1637 616 1709; x_wconf 60' lang='lat' dir='ltr'><strong>JEgypti,</strong></span> <span class='ocrx_word' id='word_1_112' title='bbox 656 1648 712 1692; x_wconf 85' lang='lat' dir='ltr'><strong>ut</strong></span> <span class='ocrx_word' id='word_1_113' title='bbox 759 1640 950 1694; x_wconf 80' lang='lat' dir='ltr'><strong>bibatis</strong></span> <span class='ocrx_word' id='word_1_114' title='bbox 985 1657 1178 1710; x_wconf 84' lang='lat' dir='ltr'><strong>aquam</strong></span> <span class='ocrx_word' id='word_1_115' title='bbox 1210 1639 1400 1695; x_wconf 80' lang='lat' dir='ltr'><strong>Ceouis</strong></span> <span class='ocrx_word' id='word_1_116' title='bbox 1433 1641 1784 1696; x_wconf 71' lang='lat' dir='ltr'><strong>turbidattt-‘?</strong></span> <span class='ocrx_word' id='word_1_117' title='bbox 1814 1641 1948 1698; x_wconf 78' lang='lat' dir='ltr'><strong>Ter-</strong></span> 
     </span>
    </p>
   </div>
   <div class='ocr_carea' id='block_1_20' title="bbox 376 1725 1946 1800">
    <p class='ocr_par' dir='ltr' id='par_1_20' title="bbox 376 1725 1946 1800">
     <span class='ocr_line' id='line_1_20' title="bbox 376 1725 1946 1800; baseline 0.003 -21"><span class='ocrx_word' id='word_1_118' title='bbox 376 1727 485 1782; x_wconf 88' lang='lat' dir='ltr'><strong>tius</strong></span> <span class='ocrx_word' id='word_1_119' title='bbox 514 1725 712 1782; x_wconf 92' lang='lat' dir='ltr'><strong>ﬂuvius</strong></span> <span class='ocrx_word' id='word_1_120' title='bbox 752 1737 836 1783; x_wconf 91' lang='lat' dir='ltr'><strong>est</strong></span> <span class='ocrx_word' id='word_1_121' title='bbox 884 1729 1084 1800; x_wconf 83' lang='lat' dir='ltr'><strong>Tigris,</strong></span> <span class='ocrx_word' id='word_1_122' title='bbox 1126 1729 1217 1798; x_wconf 89' lang='lat' dir='ltr'><strong>qui</strong></span> <span class='ocrx_word' id='word_1_123' title='bbox 1257 1745 1288 1783; x_wconf 90' lang='lat' dir='ltr'><strong>e</strong></span> <span class='ocrx_word' id='word_1_124' title='bbox 1335 1730 1554 1798; x_wconf 88' lang='lat' dir='ltr'><strong>regione</strong></span> <span class='ocrx_word' id='word_1_125' title='bbox 1601 1729 1946 1800; x_wconf 81' lang='lat' dir='ltr'><strong>Assyriorum</strong></span> 
     </span>
    </p>
   </div>
   <div class='ocr_carea' id='block_1_21' title="bbox 375 1818 1946 1888">
    <p class='ocr_par' dir='ltr' id='par_1_21' title="bbox 375 1818 1946 1888">
     <span class='ocr_line' id='line_1_21' title="bbox 375 1818 1946 1888; baseline 0 -16"><span class='ocrx_word' id='word_1_126' title='bbox 375 1818 510 1872; x_wconf 88' lang='lat' dir='ltr'><strong>lluit.</strong></span> <span class='ocrx_word' id='word_1_127' title='bbox 553 1819 764 1888; x_wconf 88' lang='lat' dir='ltr'><strong>Quippe</strong></span> <span class='ocrx_word' id='word_1_128' title='bbox 803 1819 1042 1875; x_wconf 83' lang='lat' dir='ltr'><strong>Orientis</strong></span> <span class='ocrx_word' id='word_1_129' title='bbox 1076 1829 1282 1875; x_wconf 87' lang='lat' dir='ltr'><strong>tractus</strong></span> <span class='ocrx_word' id='word_1_130' title='bbox 1312 1820 1579 1879; x_wconf 81' lang='lat' dir='ltr'><strong>dividens.</strong></span> <span class='ocrx_word' id='word_1_131' title='bbox 1612 1821 1714 1876; x_wconf 87' lang='lat' dir='ltr'><strong>sub</strong></span> <span class='ocrx_word' id='word_1_132' title='bbox 1749 1830 1946 1874; x_wconf 90' lang='lat' dir='ltr'><strong>terram</strong></span> 
     </span>
    </p>
   </div>
   <div class='ocr_carea' id='block_1_22' title="bbox 373 1909 1947 1980">
    <p class='ocr_par' dir='ltr' id='par_1_22' title="bbox 373 1909 1947 1980">
     <span class='ocr_line' id='line_1_22' title="bbox 373 1909 1947 1980; baseline 0.003 -18"><span class='ocrx_word' id='word_1_133' title='bbox 373 1909 726 1980; x_wconf 90' lang='lat' dir='ltr'><strong>demergitur.</strong></span> <span class='ocrx_word' id='word_1_134' title='bbox 769 1910 872 1976; x_wconf 85' lang='lat' dir='ltr'><strong>Qui</strong></span> <span class='ocrx_word' id='word_1_135' title='bbox 923 1927 1047 1965; x_wconf 92' lang='lat' dir='ltr'><strong>cum</strong></span> <span class='ocrx_word' id='word_1_136' title='bbox 1083 1928 1146 1966; x_wconf 86' lang='lat' dir='ltr'><strong>ex</strong></span> <span class='ocrx_word' id='word_1_137' title='bbox 1186 1913 1444 1968; x_wconf 87' lang='lat' dir='ltr'><strong>Armenia</strong></span> <span class='ocrx_word' id='word_1_138' title='bbox 1492 1914 1632 1968; x_wconf 90' lang='lat' dir='ltr'><strong>inter</strong></span> <span class='ocrx_word' id='word_1_139' title='bbox 1673 1911 1947 1967; x_wconf 72' lang='lat' dir='ltr'><strong>Carditeos</strong></span> 
     </span>
    </p>
   </div>
   <div class='ocr_carea' id='block_1_23' title="bbox 373 2000 1951 2074">
    <p class='ocr_par' dir='ltr' id='par_1_23' title="bbox 373 2000 1951 2074">
     <span class='ocr_line' id='line_1_23' title="bbox 373 2000 1951 2074; baseline 0.003 -19"><span class='ocrx_word' id='word_1_140' title='bbox 373 2010 428 2055; x_wconf 90' lang='lat' dir='ltr'><strong>ct</strong></span> <span class='ocrx_word' id='word_1_141' title='bbox 458 2000 748 2058; x_wconf 80' lang='lat' dir='ltr'><strong>Armenios</strong></span> <span class='ocrx_word' id='word_1_142' title='bbox 778 2004 1008 2064; x_wconf 89' lang='lat' dir='ltr'><strong>oriatur,</strong></span> <span class='ocrx_word' id='word_1_143' title='bbox 1052 2004 1347 2073; x_wconf 89' lang='lat' dir='ltr'><strong>depressus</strong></span> <span class='ocrx_word' id='word_1_144' title='bbox 1388 2006 1580 2059; x_wconf 91' lang='lat' dir='ltr'><strong>iterum</strong></span> <span class='ocrx_word' id='word_1_145' title='bbox 1613 2005 1862 2074; x_wconf 80' lang='lat' dir='ltr'><strong>emergit,</strong></span> <span class='ocrx_word' id='word_1_146' title='bbox 1897 2015 1951 2059; x_wconf 89' lang='lat' dir='ltr'><strong>et</strong></span> 
     </span>
    </p>
   </div>
   <div class='ocr_carea' id='block_1_24' title="bbox 373 2092 1951 2165">
    <p class='ocr_par' dir='ltr' id='par_1_24' title="bbox 373 2092 1951 2165">
     <span class='ocr_line' id='line_1_24' title="bbox 373 2092 1951 2165; baseline 0.003 -21"><span class='ocrx_word' id='word_1_147' title='bbox 373 2092 722 2162; x_wconf 78' lang='lat' dir='ltr'><strong>Assyriorum</strong></span> <span class='ocrx_word' id='word_1_148' title='bbox 770 2107 932 2163; x_wconf 80' lang='lat' dir='ltr'><strong>agros</strong></span> <span class='ocrx_word' id='word_1_149' title='bbox 957 2094 1168 2148; x_wconf 79' lang='lat' dir='ltr'><strong>divisus</strong></span> <span class='ocrx_word' id='word_1_150' title='bbox 1202 2096 1413 2165; x_wconf 82' lang='lat' dir='ltr'><strong>irrigat.</strong></span> <span class='ocrx_word' id='word_1_151' title='bbox 1450 2095 1690 2162; x_wconf 89' lang='lat' dir='ltr'><strong>Quartus</strong></span> <span class='ocrx_word' id='word_1_152' title='bbox 1721 2105 1805 2150; x_wconf 88' lang='lat' dir='ltr'><strong>est</strong></span> <span class='ocrx_word' id='word_1_153' title='bbox 1846 2094 1951 2148; x_wconf 88' lang='lat' dir='ltr'><strong>Eu-</strong></span> 
     </span>
    </p>
   </div>
   <div class='ocr_carea' id='block_1_25' title="bbox 376 2183 1952 2254">
    <p class='ocr_par' dir='ltr' id='par_1_25' title="bbox 376 2183 1952 2254">
     <span class='ocr_line' id='line_1_25' title="bbox 376 2183 1952 2254; baseline 0.003 -18"><span class='ocrx_word' id='word_1_154' title='bbox 376 2183 599 2253; x_wconf 91' lang='lat' dir='ltr'><strong>phrates</strong></span> <span class='ocrx_word' id='word_1_155' title='bbox 631 2203 644 2238; x_wconf 86' lang='lat'><strong>:</strong></span> <span class='ocrx_word' id='word_1_156' title='bbox 675 2184 770 2254; x_wconf 89' lang='lat' dir='ltr'><strong>qui</strong></span> <span class='ocrx_word' id='word_1_157' title='bbox 797 2184 988 2240; x_wconf 89' lang='lat' dir='ltr'><strong>eodem</strong></span> <span class='ocrx_word' id='word_1_158' title='bbox 1017 2186 1178 2239; x_wconf 87' lang='lat' dir='ltr'><strong>modo</strong></span> <span class='ocrx_word' id='word_1_159' title='bbox 1209 2196 1351 2240; x_wconf 85' lang='lat' dir='ltr'><strong>terra</strong></span> <span class='ocrx_word' id='word_1_160' title='bbox 1381 2187 1636 2252; x_wconf 90' lang='lat' dir='ltr'><strong>haustus,</strong></span> <span class='ocrx_word' id='word_1_161' title='bbox 1667 2203 1731 2240; x_wconf 82' lang='lat' dir='ltr'><strong>ex</strong></span> <span class='ocrx_word' id='word_1_162' title='bbox 1763 2189 1952 2241; x_wconf 83' lang='lat' dir='ltr'><strong>Arme-</strong></span> 
     </span>
    </p>
   </div>
   <div class='ocr_carea' id='block_1_26' title="bbox 375 2273 1948 2353">
    <p class='ocr_par' dir='ltr' id='par_1_26' title="bbox 375 2273 1948 2353">
     <span class='ocr_line' id='line_1_26' title="bbox 375 2273 1948 2353; baseline 0.003 -28"><span class='ocrx_word' id='word_1_163' title='bbox 375 2273 466 2326; x_wconf 88' lang='lat' dir='ltr'><strong>nia</strong></span> <span class='ocrx_word' id='word_1_164' title='bbox 503 2273 701 2353; x_wconf 67' lang='lat' dir='ltr'><strong>oritpr,</strong></span> <span class='ocrx_word' id='word_1_165' title='bbox 750 2282 914 2343; x_wconf 88' lang='lat' dir='ltr'><strong>atque</strong></span> <span class='ocrx_word' id='word_1_166' title='bbox 957 2275 1031 2328; x_wconf 90' lang='lat' dir='ltr'><strong>ita</strong></span> <span class='ocrx_word' id='word_1_167' title='bbox 1062 2276 1336 2330; x_wconf 82' lang='lat' dir='ltr'><strong>Persidem</strong></span> <span class='ocrx_word' id='word_1_168' title='bbox 1379 2277 1552 2331; x_wconf 87' lang='lat' dir='ltr'><strong>alluit.</strong></span> <span class='ocrx_word' id='word_1_169' title='bbox 1587 2275 1948 2342; x_wconf 86' lang='lat' dir='ltr'><strong>Quamobrem</strong></span> 
     </span>
    </p>
   </div>
   <div class='ocr_carea' id='block_1_27' title="bbox 374 2363 1951 2436">
    <p class='ocr_par' dir='ltr' id='par_1_27' title="bbox 374 2363 1951 2436">
     <span class='ocr_line' id='line_1_27' title="bbox 374 2363 1951 2436; baseline 0.003 -20"><span class='ocrx_word' id='word_1_170' title='bbox 374 2363 420 2416; x_wconf 80' lang='lat' dir='ltr'><strong>si</strong></span> <span class='ocrx_word' id='word_1_171' title='bbox 457 2364 637 2419; x_wconf 89' lang='lat' dir='ltr'><strong>nullus</strong></span> <span class='ocrx_word' id='word_1_172' title='bbox 665 2372 750 2419; x_wconf 89' lang='lat' dir='ltr'><strong>est</strong></span> <span class='ocrx_word' id='word_1_173' title='bbox 781 2365 1126 2434; x_wconf 90' lang='lat' dir='ltr'><strong>aspectabilis</strong></span> <span class='ocrx_word' id='word_1_174' title='bbox 1160 2366 1466 2434; x_wconf 85' lang='lat' dir='ltr'><strong>paradisus,</strong></span> <span class='ocrx_word' id='word_1_175' title='bbox 1506 2383 1681 2436; x_wconf 89' lang='lat' dir='ltr'><strong>neque</strong></span> <span class='ocrx_word' id='word_1_176' title='bbox 1717 2367 1839 2421; x_wconf 84' lang='lat' dir='ltr'><strong>l&#39;ons</strong></span> <span class='ocrx_word' id='word_1_177' title='bbox 1868 2375 1951 2422; x_wconf 89' lang='lat' dir='ltr'><strong>est</strong></span> 
     </span>
    </p>
   </div>
   <div class='ocr_carea' id='block_1_28' title="bbox 377 2453 1951 2525">
    <p class='ocr_par' dir='ltr' id='par_1_28' title="bbox 377 2453 1951 2525">
     <span class='ocr_line' id='line_1_28' title="bbox 377 2453 1951 2525; baseline 0.005 -21"><span class='ocrx_word' id='word_1_178' title='bbox 377 2453 540 2508; x_wconf 85' lang='lat' dir='ltr'><strong>ullus.</strong></span> <span class='ocrx_word' id='word_1_179' title='bbox 587 2455 641 2506; x_wconf 88' lang='lat' dir='ltr'><strong>Si</strong></span> <span class='ocrx_word' id='word_1_180' title='bbox 674 2455 857 2508; x_wconf 89' lang='lat' dir='ltr'><strong>nullus</strong></span> <span class='ocrx_word' id='word_1_181' title='bbox 897 2454 1017 2508; x_wconf 79' lang='lat' dir='ltr'><strong>fons</strong></span> <span class='ocrx_word' id='word_1_182' title='bbox 1051 2463 1154 2519; x_wconf 88' lang='lat' dir='ltr'><strong>est,</strong></span> <span class='ocrx_word' id='word_1_183' title='bbox 1193 2471 1368 2525; x_wconf 90' lang='lat' dir='ltr'><strong>neque</strong></span> <span class='ocrx_word' id='word_1_184' title='bbox 1407 2456 1624 2512; x_wconf 90' lang='lat' dir='ltr'><strong>ﬂuvius.</strong></span> <span class='ocrx_word' id='word_1_185' title='bbox 1659 2456 1714 2511; x_wconf 91' lang='lat' dir='ltr'><strong>Si</strong></span> <span class='ocrx_word' id='word_1_186' title='bbox 1755 2458 1951 2513; x_wconf 87' lang='lat' dir='ltr'><strong>ﬂuvius</strong></span> 
     </span>
    </p>
   </div>
   <div class='ocr_carea' id='block_1_29' title="bbox 376 2544 1950 2612">
    <p class='ocr_par' dir='ltr' id='par_1_29' title="bbox 376 2544 1950 2612">
     <span class='ocr_line' id='line_1_29' title="bbox 376 2544 1950 2612; baseline 0.003 -16"><span class='ocrx_word' id='word_1_187' title='bbox 376 2559 484 2596; x_wconf 84' lang='lat' dir='ltr'><strong>non</strong></span> <span class='ocrx_word' id='word_1_188' title='bbox 513 2545 655 2601; x_wconf 77' lang='lat' dir='ltr'><strong>cst&#39;.</strong></span> <span class='ocrx_word' id='word_1_189' title='bbox 682 2559 748 2596; x_wconf 83' lang='lat' dir='ltr'><strong>ne</strong></span> <span class='ocrx_word' id='word_1_190' title='bbox 770 2553 1003 2612; x_wconf 83' lang='lat' dir='ltr'><strong>quatuor</strong></span> <span class='ocrx_word' id='word_1_191' title='bbox 1021 2544 1236 2612; x_wconf 90' lang='lat' dir='ltr'><strong>quidem</strong></span> <span class='ocrx_word' id='word_1_192' title='bbox 1270 2545 1356 2596; x_wconf 90' lang='lat' dir='ltr'><strong>illa</strong></span> <span class='ocrx_word' id='word_1_193' title='bbox 1382 2556 1508 2598; x_wconf 90' lang='lat' dir='ltr'><strong>sunt</strong></span> <span class='ocrx_word' id='word_1_194' title='bbox 1538 2545 1710 2599; x_wconf 90' lang='lat' dir='ltr'><strong>initia.</strong></span> <span class='ocrx_word' id='word_1_195' title='bbox 1733 2546 1787 2599; x_wconf 94' lang='lat' dir='ltr'><strong>Si</strong></span> <span class='ocrx_word' id='word_1_196' title='bbox 1816 2563 1950 2600; x_wconf 85' lang='lat' dir='ltr'><strong>nus-</strong></span> 
     </span>
    </p>
   </div>
   <div class='ocr_carea' id='block_1_30' title="bbox 375 2631 1952 2706">
    <p class='ocr_par' dir='ltr' id='par_1_30' title="bbox 375 2631 1952 2706">
     <span class='ocr_line' id='line_1_30' title="bbox 375 2631 1952 2706; baseline 0.005 -22"><span class='ocrx_word' id='word_1_197' title='bbox 375 2647 538 2700; x_wconf 88' lang='lat' dir='ltr'><strong>quam</strong></span> <span class='ocrx_word' id='word_1_198' title='bbox 567 2631 767 2687; x_wconf 90' lang='lat' dir='ltr'><strong>Phison</strong></span> <span class='ocrx_word' id='word_1_199' title='bbox 793 2643 898 2695; x_wconf 90' lang='lat' dir='ltr'><strong>est,</strong></span> <span class='ocrx_word' id='word_1_200' title='bbox 937 2649 1112 2703; x_wconf 86' lang='lat' dir='ltr'><strong>neque</strong></span> <span class='ocrx_word' id='word_1_201' title='bbox 1145 2632 1294 2688; x_wconf 91' lang='lat' dir='ltr'><strong>Geon</strong></span> <span class='ocrx_word' id='word_1_202' title='bbox 1325 2634 1448 2688; x_wconf 89' lang='lat' dir='ltr'><strong>erit.</strong></span> <span class='ocrx_word' id='word_1_203' title='bbox 1485 2634 1540 2688; x_wconf 89' lang='lat' dir='ltr'><strong>Si</strong></span> <span class='ocrx_word' id='word_1_204' title='bbox 1575 2651 1750 2703; x_wconf 88' lang='lat' dir='ltr'><strong>neque</strong></span> <span class='ocrx_word' id='word_1_205' title='bbox 1771 2635 1952 2706; x_wconf 83' lang='lat' dir='ltr'><strong>Tigris</strong></span> 
     </span>
    </p>
   </div>
   <div class='ocr_carea' id='block_1_31' title="bbox 374 2721 1954 2793">
    <p class='ocr_par' dir='ltr' id='par_1_31' title="bbox 374 2721 1954 2793">
     <span class='ocr_line' id='line_1_31' title="bbox 374 2721 1954 2793; baseline 0.003 -17"><span class='ocrx_word' id='word_1_206' title='bbox 374 2731 478 2787; x_wconf 87' lang='lat' dir='ltr'><strong>est,</strong></span> <span class='ocrx_word' id='word_1_207' title='bbox 506 2721 808 2792; x_wconf 86' lang='lat' dir='ltr'><strong>Euphrates</strong></span> <span class='ocrx_word' id='word_1_208' title='bbox 831 2741 861 2778; x_wconf 88' lang='lat' dir='ltr'><strong>e</strong></span> <span class='ocrx_word' id='word_1_209' title='bbox 886 2725 1063 2778; x_wconf 86' lang='lat' dir='ltr'><strong>medio</strong></span> <span class='ocrx_word' id='word_1_210' title='bbox 1094 2726 1323 2777; x_wconf 91' lang='lat' dir='ltr'><strong>tollitur.</strong></span> <span class='ocrx_word' id='word_1_211' title='bbox 1367 2724 1638 2793; x_wconf 84' lang='lat' dir='ltr'><strong>Euphrate</strong></span> <span class='ocrx_word' id='word_1_212' title='bbox 1669 2741 1795 2779; x_wconf 88' lang='lat' dir='ltr'><strong>vero</strong></span> <span class='ocrx_word' id='word_1_213' title='bbox 1825 2726 1954 2780; x_wconf 84' lang='lat' dir='ltr'><strong>sub-</strong></span> 
     </span>
    </p>
   </div>
   <div class='ocr_carea' id='block_1_32' title="bbox 377 2815 1948 2885">
    <p class='ocr_par' dir='ltr' id='par_1_32' title="bbox 377 2815 1948 2885">
     <span class='ocr_line' id='line_1_32' title="bbox 377 2815 1948 2885; baseline 0.003 -18"><span class='ocrx_word' id='word_1_214' title='bbox 377 2815 504 2879; x_wconf 89' lang='lat' dir='ltr'><strong>lato,</strong></span> <span class='ocrx_word' id='word_1_215' title='bbox 533 2816 645 2883; x_wconf 87' lang='lat' dir='ltr'><strong>jam</strong></span> <span class='ocrx_word' id='word_1_216' title='bbox 681 2831 854 2885; x_wconf 89' lang='lat' dir='ltr'><strong>neque</strong></span> <span class='ocrx_word' id='word_1_217' title='bbox 883 2816 1015 2869; x_wconf 88' lang='lat' dir='ltr'><strong>licus</strong></span> <span class='ocrx_word' id='word_1_218' title='bbox 1044 2824 1147 2876; x_wconf 89' lang='lat' dir='ltr'><strong>est,</strong></span> <span class='ocrx_word' id='word_1_219' title='bbox 1181 2832 1355 2885; x_wconf 89' lang='lat' dir='ltr'><strong>neque</strong></span> <span class='ocrx_word' id='word_1_220' title='bbox 1386 2817 1532 2879; x_wconf 74' lang='lat' dir='ltr'><strong>folia,</strong></span> <span class='ocrx_word' id='word_1_221' title='bbox 1565 2832 1665 2870; x_wconf 90' lang='lat' dir='ltr'><strong>nec</strong></span> <span class='ocrx_word' id='word_1_222' title='bbox 1690 2816 1948 2877; x_wconf 82' lang='lat' dir='ltr'><strong>Adamus.</strong></span> 
     </span>
    </p>
   </div>
   <div class='ocr_carea' id='block_1_33' title="bbox 376 2906 1952 2974">
    <p class='ocr_par' dir='ltr' id='par_1_33' title="bbox 376 2906 1952 2974">
     <span class='ocr_line' id='line_1_33' title="bbox 376 2906 1952 2974; baseline 0.001 -16"><span class='ocrx_word' id='word_1_223' title='bbox 376 2919 476 2958; x_wconf 91' lang='lat' dir='ltr'><strong>nec</strong></span> <span class='ocrx_word' id='word_1_224' title='bbox 513 2906 602 2958; x_wconf 91' lang='lat' dir='ltr'><strong>illa</strong></span> <span class='ocrx_word' id='word_1_225' title='bbox 637 2906 784 2959; x_wconf 84' lang='lat' dir='ltr'><strong>vetiti</strong></span> <span class='ocrx_word' id='word_1_226' title='bbox 818 2907 1029 2960; x_wconf 83' lang='lat' dir='ltr'><strong>fructus</strong></span> <span class='ocrx_word' id='word_1_227' title='bbox 1061 2907 1402 2974; x_wconf 81' lang='lat' dir='ltr'><strong>degustatio;</strong></span> <span class='ocrx_word' id='word_1_228' title='bbox 1438 2922 1535 2960; x_wconf 92' lang='lat' dir='ltr'><strong>nec</strong></span> <span class='ocrx_word' id='word_1_229' title='bbox 1572 2906 1702 2972; x_wconf 85' lang='lat' dir='ltr'><strong>Eva,</strong></span> <span class='ocrx_word' id='word_1_230' title='bbox 1738 2923 1837 2962; x_wconf 88' lang='lat' dir='ltr'><strong>nec</strong></span> <span class='ocrx_word' id='word_1_231' title='bbox 1863 2907 1952 2962; x_wconf 91' lang='lat' dir='ltr'><strong>illa</strong></span> 
     </span>
    </p>
   </div>
   <div class='ocr_carea' id='block_1_34' title="bbox 375 2996 2023 3097">
    <p class='ocr_par' dir='ltr' id='par_1_34' title="bbox 375 2996 2023 3097">
     <span class='ocr_line' id='line_1_34' title="bbox 375 2996 2023 3097; baseline 0.001 -47"><span class='ocrx_word' id='word_1_232' title='bbox 375 3011 441 3050; x_wconf 80' lang='lat' dir='ltr'><strong>ex</strong></span> <span class='ocrx_word' id='word_1_233' title='bbox 473 2996 665 3050; x_wconf 89' lang='lat' dir='ltr'><strong>arbore</strong></span> <span class='ocrx_word' id='word_1_234' title='bbox 699 2996 933 3049; x_wconf 86' lang='lat' dir='ltr'><strong>comedit</strong></span> <span class='ocrx_word' id='word_1_235' title='bbox 965 3011 1201 3064; x_wconf 85' lang='lat' dir='ltr'><strong>unquam</strong></span> <span class='ocrx_word' id='word_1_236' title='bbox 1231 3015 1243 3049; x_wconf 88' lang='lat'><strong>:</strong></span> <span class='ocrx_word' id='word_1_237' title='bbox 1273 3012 1540 3065; x_wconf 88' lang='lat' dir='ltr'><strong>nusquam</strong></span> <span class='ocrx_word' id='word_1_238' title='bbox 1571 3007 1654 3052; x_wconf 90' lang='lat' dir='ltr'><strong>est</strong></span> <span class='ocrx_word' id='word_1_239' title='bbox 1687 2999 1948 3054; x_wconf 88' lang='lat' dir='ltr'><strong>Adamus.</strong></span> <span class='ocrx_word' id='word_1_240' title='bbox 1980 3037 2023 3097; x_wconf 66' lang='grc' dir='ltr'>ο</span> 
     </span>
    </p>
   </div>
   <div class='ocr_carea' id='block_1_35' title="bbox 376 3085 1951 3154">
    <p class='ocr_par' dir='ltr' id='par_1_35' title="bbox 376 3085 1951 3154">
     <span class='ocr_line' id='line_1_35' title="bbox 376 3085 1951 3154; baseline 0.004 -15"><span class='ocrx_word' id='word_1_241' title='bbox 376 3085 642 3139; x_wconf 87' lang='lat' dir='ltr'><strong>Adamum</strong></span> <span class='ocrx_word' id='word_1_242' title='bbox 671 3101 802 3139; x_wconf 85' lang='lat' dir='ltr'><strong>vero</strong></span> <span class='ocrx_word' id='word_1_243' title='bbox 829 3086 874 3139; x_wconf 92' lang='lat' dir='ltr'><strong>si</strong></span> <span class='ocrx_word' id='word_1_244' title='bbox 903 3087 1213 3150; x_wconf 83' lang='lat' dir='ltr'><strong>sustuleris,</strong></span> <span class='ocrx_word' id='word_1_245' title='bbox 1242 3087 1375 3140; x_wconf 89' lang='lat' dir='ltr'><strong>nulli</strong></span> <span class='ocrx_word' id='word_1_246' title='bbox 1408 3097 1568 3141; x_wconf 91' lang='lat' dir='ltr'><strong>erunt</strong></span> <span class='ocrx_word' id='word_1_247' title='bbox 1598 3089 1866 3154; x_wconf 88' lang='lat' dir='ltr'><strong>homines,</strong></span> <span class='ocrx_word' id='word_1_248' title='bbox 1897 3100 1951 3145; x_wconf 91' lang='lat' dir='ltr'><strong>et</strong></span> 
     </span>
    </p>
   </div>
   <div class='ocr_carea' id='block_1_36' title="bbox 378 3175 1957 3250">
    <p class='ocr_par' dir='ltr' id='par_1_36' title="bbox 378 3175 1957 3250">
     <span class='ocr_line' id='line_1_36' title="bbox 378 3175 1957 3250; baseline 0.005 -22"><span class='ocrx_word' id='word_1_249' title='bbox 378 3176 434 3229; x_wconf 91' lang='lat' dir='ltr'><strong>in</strong></span> <span class='ocrx_word' id='word_1_250' title='bbox 468 3175 704 3230; x_wconf 83' lang='lat' dir='ltr'><strong>fabulam</strong></span> <span class='ocrx_word' id='word_1_251' title='bbox 735 3177 934 3230; x_wconf 89' lang='lat' dir='ltr'><strong>veritas</strong></span> <span class='ocrx_word' id='word_1_252' title='bbox 958 3177 1072 3246; x_wconf 90' lang='lat' dir='ltr'><strong>ipsa</strong></span> <span class='ocrx_word' id='word_1_253' title='bbox 1098 3177 1543 3243; x_wconf 88' lang='lat' dir='ltr'><strong>commutabitur,</strong></span> <span class='ocrx_word' id='word_1_254' title='bbox 1575 3179 1865 3250; x_wconf 90' lang='lat' dir='ltr'><strong>omniaque</strong></span> <span class='ocrx_word' id='word_1_255' title='bbox 1890 3181 1957 3236; x_wconf 87' lang='lat' dir='ltr'><strong>ad</strong></span> 
     </span>
    </p>
   </div>
   <div class='ocr_carea' id='block_1_37' title="bbox 378 3269 1959 3340">
    <p class='ocr_par' dir='ltr' id='par_1_37' title="bbox 378 3269 1959 3340">
     <span class='ocr_line' id='line_1_37' title="bbox 378 3269 1959 3340; baseline 0.003 -17"><span class='ocrx_word' id='word_1_256' title='bbox 378 3269 690 3340; x_wconf 79' lang='lat' dir='ltr'><strong>allegoriam</strong></span> <span class='ocrx_word' id='word_1_257' title='bbox 725 3269 1046 3324; x_wconf 77' lang='lat' dir='ltr'><strong>referentur.</strong></span> <span class='ocrx_word' id='word_1_258' title='bbox 1085 3271 1249 3340; x_wconf 82' lang='lat' dir='ltr'><strong>Atqui</strong></span> <span class='ocrx_word' id='word_1_259' title='bbox 1284 3286 1469 3325; x_wconf 85' lang='lat' dir='ltr'><strong>revera</strong></span> <span class='ocrx_word' id='word_1_260' title='bbox 1513 3271 1752 3326; x_wconf 90' lang='lat' dir='ltr'><strong>Adamus</strong></span> <span class='ocrx_word' id='word_1_261' title='bbox 1799 3275 1959 3329; x_wconf 80' lang='lat' dir='ltr'><strong>exsti-</strong></span> 
     </span>
    </p>
   </div>
   <div class='ocr_carea' id='block_1_38' title="bbox 378 3360 1953 3432">
    <p class='ocr_par' dir='ltr' id='par_1_38' title="bbox 378 3360 1953 3432">
     <span class='ocr_line' id='line_1_38' title="bbox 378 3360 1953 3432; baseline 0.003 -18"><span class='ocrx_word' id='word_1_262' title='bbox 378 3361 445 3414; x_wconf 89' lang='lat' dir='ltr'><strong>tit</strong></span> <span class='ocrx_word' id='word_1_263' title='bbox 473 3378 486 3414; x_wconf 90' lang='lat'><strong>:</strong></span> <span class='ocrx_word' id='word_1_264' title='bbox 513 3376 613 3415; x_wconf 91' lang='lat' dir='ltr'><strong>nos</strong></span> <span class='ocrx_word' id='word_1_265' title='bbox 645 3360 790 3415; x_wconf 89' lang='lat' dir='ltr'><strong>enim</strong></span> <span class='ocrx_word' id='word_1_266' title='bbox 821 3361 888 3415; x_wconf 88' lang='lat' dir='ltr'><strong>ab</strong></span> <span class='ocrx_word' id='word_1_267' title='bbox 921 3361 1011 3414; x_wconf 90' lang='lat' dir='ltr'><strong>illo</strong></span> <span class='ocrx_word' id='word_1_268' title='bbox 1040 3377 1229 3417; x_wconf 89' lang='lat' dir='ltr'><strong>smnus</strong></span> <span class='ocrx_word' id='word_1_269' title='bbox 1264 3377 1453 3416; x_wconf 90' lang='lat' dir='ltr'><strong>omnes</strong></span> <span class='ocrx_word' id='word_1_270' title='bbox 1482 3363 1697 3432; x_wconf 81' lang='lat' dir='ltr'><strong>generis</strong></span> <span class='ocrx_word' id='word_1_271' title='bbox 1731 3379 1953 3418; x_wconf 87' lang='lat' dir='ltr'><strong>succes-</strong></span> 
     </span>
    </p>
   </div>
   <div class='ocr_carea' id='block_1_39' title="bbox 379 3451 1955 3523">
    <p class='ocr_par' dir='ltr' id='par_1_39' title="bbox 379 3451 1955 3523">
     <span class='ocr_line' id='line_1_39' title="bbox 379 3451 1955 3523; baseline 0.003 -20"><span class='ocrx_word' id='word_1_272' title='bbox 379 3451 535 3506; x_wconf 88' lang='lat' dir='ltr'><strong>sione</strong></span> <span class='ocrx_word' id='word_1_273' title='bbox 565 3451 866 3522; x_wconf 88' lang='lat' dir='ltr'><strong>propagati,</strong></span> <span class='ocrx_word' id='word_1_274' title='bbox 900 3451 1263 3521; x_wconf 87' lang='lat' dir='ltr'><strong>eumdemque</strong></span> <span class='ocrx_word' id='word_1_275' title='bbox 1301 3467 1400 3506; x_wconf 93' lang='lat' dir='ltr'><strong>nos</strong></span> <span class='ocrx_word' id='word_1_276' title='bbox 1436 3453 1588 3506; x_wconf 93' lang='lat' dir='ltr'><strong>illum</strong></span> <span class='ocrx_word' id='word_1_277' title='bbox 1619 3455 1671 3507; x_wconf 93' lang='lat' dir='ltr'><strong>in</strong></span> <span class='ocrx_word' id='word_1_278' title='bbox 1711 3465 1955 3523; x_wconf 83' lang='lat' dir='ltr'><strong>postero-</strong></span> 
     </span>
    </p>
   </div>
   <div class='ocr_carea' id='block_1_40' title="bbox 379 3540 1638 3610">
    <p class='ocr_par' dir='ltr' id='par_1_40' title="bbox 379 3540 1638 3610">
     <span class='ocr_line' id='line_1_40' title="bbox 379 3540 1638 3610; baseline 0 -14"><span class='ocrx_word' id='word_1_279' title='bbox 379 3555 500 3596; x_wconf 80' lang='lat' dir='ltr'><strong>rum</strong></span> <span class='ocrx_word' id='word_1_280' title='bbox 530 3540 877 3596; x_wconf 86' lang='lat' dir='ltr'><strong>multitudine</strong></span> <span class='ocrx_word' id='word_1_281' title='bbox 902 3541 1302 3610; x_wconf 83' lang='lat' dir='ltr'><strong>quodammodo</strong></span> <span class='ocrx_word' id='word_1_282' title='bbox 1341 3543 1638 3598; x_wconf 88' lang='lat' dir='ltr'><strong>cernimus.</strong></span> 
     </span>
    </p>
   </div>
   <div class='ocr_carea' id='block_1_41' title="bbox 448 3781 1950 3874">
    <p class='ocr_par' dir='ltr' id='par_1_41' title="bbox 448 3781 1950 3874">
     <span class='ocr_line' id='line_1_41' title="bbox 448 3781 1950 3874; baseline 0.004 -22"><span class='ocrx_word' id='word_1_283' title='bbox 448 3797 582 3852; x_wconf 87' lang='lat' dir='ltr'><strong>LIX.</strong></span> <span class='ocrx_word' id='word_1_284' title='bbox 622 3797 756 3854; x_wconf 87' lang='lat' dir='ltr'><strong>Nam</strong></span> <span class='ocrx_word' id='word_1_285' title='bbox 795 3800 1039 3856; x_wconf 87' lang='lat' dir='ltr'><strong>Adamus</strong></span> <span class='ocrx_word' id='word_1_286' title='bbox 1066 3802 1134 3856; x_wconf 89' lang='lat' dir='ltr'><strong>ad</strong></span> <span class='ocrx_word' id='word_1_287' title='bbox 1178 3803 1466 3874; x_wconf 82' lang='lat' dir='ltr'><strong>imaginem</strong></span> <span class='ocrx_word' id='word_1_288' title='bbox 1509 3817 1663 3859; x_wconf 88' lang='lat' dir='ltr'><strong>suam</strong></span> <span class='ocrx_word' id='word_1_289' title='bbox 1696 3801 1824 3858; x_wconf 88' lang='lat' dir='ltr'><strong>Seth</strong></span> <span class='ocrx_word' id='word_1_290' title='bbox 1857 3781 1950 3874; x_wconf 85' lang='lat' dir='ltr'><strong>ge-</strong></span> 
     </span>
    </p>
   </div>
   <div class='ocr_carea' id='block_1_42' title="bbox 463 3953 1293 4022">
    <p class='ocr_par' dir='ltr' id='par_1_42' title="bbox 463 3953 1293 4022">
     <span class='ocr_line' id='line_1_42' title="bbox 463 3953 1293 4022; baseline 0.002 -13"><span class='ocrx_word' id='word_1_291' title='bbox 463 3957 480 3986; x_wconf 86' lang='grc'>¹</span> <span class='ocrx_word' id='word_1_292' title='bbox 513 3953 624 4009; x_wconf 78' lang='lat' dir='ltr'><strong>Jer.</strong></span> <span class='ocrx_word' id='word_1_293' title='bbox 663 3954 839 4022; x_wconf 67' lang='lat'><strong>11,16.</strong></span> <span class='ocrx_word' id='word_1_294' title='bbox 915 3959 936 3988; x_wconf 80' lang='grc'><strong><em>²</em></strong></span> <span class='ocrx_word' id='word_1_295' title='bbox 969 3954 1102 4012; x_wconf 87' lang='lat' dir='ltr'><strong>Gen.</strong></span> <span class='ocrx_word' id='word_1_296' title='bbox 1134 3971 1173 4021; x_wconf 83' lang='grc' dir='ltr'><strong>ι,</strong></span> <span class='ocrx_word' id='word_1_297' title='bbox 1203 3957 1293 4011; x_wconf 74' lang='grc'>27.</span> 
     </span>
    </p>
   </div>
   <div class='ocr_carea' id='block_1_43' title="bbox 449 4108 1956 4179">
    <p class='ocr_par' dir='ltr' id='par_1_43' title="bbox 449 4108 1956 4179">
     <span class='ocr_line' id='line_1_43' title="bbox 449 4108 1956 4179; baseline 0.001 -17"><span class='ocrx_word' id='word_1_298' title='bbox 449 4110 559 4179; x_wconf 87' lang='grc'>(77)</span> <span class='ocrx_word' id='word_1_299' title='bbox 604 4110 829 4179; x_wconf 80' lang='grc' dir='ltr'>Ὄνομα</span> <span class='ocrx_word' id='word_1_300' title='bbox 860 4109 938 4174; x_wconf 84' lang='grc' dir='ltr'>τῷ</span> <span class='ocrx_word' id='word_1_301' title='bbox 967 4110 1056 4164; x_wconf 77' lang='grc' dir='ltr'><strong>ἐνὶ</strong></span> <span class='ocrx_word' id='word_1_302' title='bbox 1088 4108 1339 4163; x_wconf 80' lang='grc' dir='ltr'><strong>Φεισὼν.</strong></span> <span class='ocrx_word' id='word_1_303' title='bbox 1393 4108 1620 4163; x_wconf 83' lang='lat' dir='ltr'><strong>Miriﬂca</strong></span> <span class='ocrx_word' id='word_1_304' title='bbox 1669 4109 1793 4179; x_wconf 83' lang='lat' dir='ltr'><strong>istic</strong></span> <span class='ocrx_word' id='word_1_305' title='bbox 1828 4124 1956 4179; x_wconf 88' lang='lat' dir='ltr'><strong>geo-</strong></span> 
     </span>
    </p>
   </div>
   <div class='ocr_carea' id='block_1_44' title="bbox 375 4178 1954 4250">
    <p class='ocr_par' dir='ltr' id='par_1_44' title="bbox 375 4178 1954 4250">
     <span class='ocr_line' id='line_1_44' title="bbox 375 4178 1954 4250; baseline -0.001 -17"><span class='ocrx_word' id='word_1_306' title='bbox 375 4178 602 4250; x_wconf 72' lang='lat' dir='ltr'><strong>graphia</strong></span> <span class='ocrx_word' id='word_1_307' title='bbox 649 4178 1007 4250; x_wconf 77' lang='lat' dir='ltr'><strong>est._l’nison</strong></span> <span class='ocrx_word' id='word_1_308' title='bbox 1039 4180 1206 4250; x_wconf 89' lang='lat' dir='ltr'><strong>idem,</strong></span> <span class='ocrx_word' id='word_1_309' title='bbox 1240 4180 1437 4250; x_wconf 87' lang='lat' dir='ltr'><strong>inquit,</strong></span> <span class='ocrx_word' id='word_1_310' title='bbox 1468 4188 1556 4250; x_wconf 85' lang='lat' dir='ltr'><strong>est</strong></span> <span class='ocrx_word' id='word_1_311' title='bbox 1589 4195 1713 4232; x_wconf 92' lang='lat' dir='ltr'><strong>cum</strong></span> <span class='ocrx_word' id='word_1_312' title='bbox 1749 4178 1954 4250; x_wconf 77' lang='lat' dir='ltr'><strong>Gange,</strong></span> 
     </span>
    </p>
   </div>
   <div class='ocr_carea' id='block_1_45' title="bbox 377 4247 1957 4329">
    <p class='ocr_par' dir='ltr' id='par_1_45' title="bbox 377 4247 1957 4329">
     <span class='ocr_line' id='line_1_45' title="bbox 377 4247 1957 4329; baseline -0.001 -27"><span class='ocrx_word' id='word_1_313' title='bbox 377 4247 489 4329; x_wconf 75' lang='lat' dir='ltr'><strong>qui</strong></span> <span class='ocrx_word' id='word_1_314' title='bbox 509 4249 673 4305; x_wconf 88' lang='lat' dir='ltr'><strong>ludus</strong></span> <span class='ocrx_word' id='word_1_315' title='bbox 702 4266 731 4300; x_wconf 90' lang='lat' dir='ltr'><strong>a</strong></span> <span class='ocrx_word' id='word_1_316' title='bbox 756 4247 962 4302; x_wconf 77' lang='lat' dir='ltr'><strong>Graecis</strong></span> <span class='ocrx_word' id='word_1_317' title='bbox 984 4249 1312 4329; x_wconf 79' lang='lat' dir='ltr'><strong>appellatur.</strong></span> <span class='ocrx_word' id='word_1_318' title='bbox 1347 4249 1419 4312; x_wconf 90' lang='lat' dir='ltr'><strong>ls,</strong></span> <span class='ocrx_word' id='word_1_319' title='bbox 1454 4249 1644 4315; x_wconf 79' lang='lat' dir='ltr'><strong>majon</strong></span> <span class='ocrx_word' id='word_1_320' title='bbox 1663 4263 1721 4326; x_wconf 74' lang='grc' dir='ltr'><strong>ιιι⁸</strong></span> <span class='ocrx_word' id='word_1_321' title='bbox 1747 4247 1957 4329; x_wconf 59' lang='grc' dir='ltr'><strong>Ᾱξμιίρ-</strong></span> 
     </span>
    </p>
   </div>
   <div class='ocr_carea' id='block_1_46' title="bbox 2057 459 3624 534">
    <p class='ocr_par' dir='ltr' id='par_1_46' title="bbox 2057 459 3624 534">
     <span class='ocr_line' id='line_1_46' title="bbox 2057 459 3624 534; baseline 0.002 -23"><span class='ocrx_word' id='word_1_322' title='bbox 2057 460 2150 512; x_wconf 73' lang='grc' dir='ltr'><strong>καὶ</strong></span> <span class='ocrx_word' id='word_1_323' title='bbox 2174 459 2390 530; x_wconf 83' lang='grc' dir='ltr'>ὁρῶμεν</span> <span class='ocrx_word' id='word_1_324' title='bbox 2419 463 2509 516; x_wconf 81' lang='grc' dir='ltr'>τὸν</span> <span class='ocrx_word' id='word_1_325' title='bbox 2537 463 2740 518; x_wconf 77' lang='grc' dir='ltr'>Φεισὼν</span> <span class='ocrx_word' id='word_1_326' title='bbox 2769 466 2853 517; x_wconf 77' lang='grc' dir='ltr'><strong>ἐπ’</strong></span> <span class='ocrx_word' id='word_1_327' title='bbox 2882 463 3067 534; x_wconf 66' lang='grc' dir='ltr'>ὄψεσιν</span> <span class='ocrx_word' id='word_1_328' title='bbox 3089 462 3371 532; x_wconf 75' lang='grc' dir='ltr'>ἡμῶν,καὶ</span> <span class='ocrx_word' id='word_1_329' title='bbox 3395 462 3624 518; x_wconf 82' lang='grc' dir='ltr'><strong>Φεισὼν</strong></span> 
     </span>
    </p>
   </div>
   <div class='ocr_carea' id='block_1_47' title="bbox 2057 549 3616 626">
    <p class='ocr_par' dir='ltr' id='par_1_47' title="bbox 2057 549 3616 626">
     <span class='ocr_line' id='line_1_47' title="bbox 2057 549 3616 626; baseline 0 -24"><span class='ocrx_word' id='word_1_330' title='bbox 2057 551 2156 620; x_wconf 74' lang='grc' dir='ltr'><strong>μὲν</strong></span> <span class='ocrx_word' id='word_1_331' title='bbox 2187 549 2335 603; x_wconf 79' lang='grc' dir='ltr'>ἔστιν</span> <span class='ocrx_word' id='word_1_332' title='bbox 2364 553 2392 603; x_wconf 99' lang='lat'><strong>6</strong></span> <span class='ocrx_word' id='word_1_333' title='bbox 2443 552 2662 624; x_wconf 81' lang='grc' dir='ltr'><strong>Γάγγης</strong></span> <span class='ocrx_word' id='word_1_334' title='bbox 2708 553 2857 626; x_wconf 78' lang='grc' dir='ltr'>παρὰ</span> <span class='ocrx_word' id='word_1_335' title='bbox 2908 557 3020 617; x_wconf 81' lang='grc' dir='ltr'>τοῖς</span> <span class='ocrx_word' id='word_1_336' title='bbox 3082 554 3256 617; x_wconf 81' lang='grc' dir='ltr'>Ἰνδοῖς</span> <span class='ocrx_word' id='word_1_337' title='bbox 3289 550 3616 620; x_wconf 83' lang='grc' dir='ltr'>καλούμενος</span> 
     </span>
    </p>
   </div>
   <div class='ocr_carea' id='block_1_48' title="bbox 2055 639 3618 719">
    <p class='ocr_par' dir='ltr' id='par_1_48' title="bbox 2055 639 3618 719">
     <span class='ocr_line' id='line_1_48' title="bbox 2055 639 3618 719; baseline 0.002 -27"><span class='ocrx_word' id='word_1_338' title='bbox 2055 640 2146 692; x_wconf 80' lang='grc' dir='ltr'>καὶ</span> <span class='ocrx_word' id='word_1_339' title='bbox 2193 639 2455 712; x_wconf 77' lang='grc' dir='ltr'>Αἰθίοψιν,</span> <span class='ocrx_word' id='word_1_340' title='bbox 2505 643 2763 713; x_wconf 83' lang='grc' dir='ltr'>’Έλληνες</span> <span class='ocrx_word' id='word_1_341' title='bbox 2812 644 3100 719; x_wconf 61' lang='grc' dir='ltr'>δὲ,τοῦτον</span> <span class='ocrx_word' id='word_1_342' title='bbox 3150 643 3404 696; x_wconf 79' lang='grc' dir='ltr'>καλοῦσιν</span> <span class='ocrx_word' id='word_1_343' title='bbox 3465 641 3618 695; x_wconf 80' lang='grc' dir='ltr'>Ἰνδὸν</span> 
     </span>
    </p>
   </div>
   <div class='ocr_carea' id='block_1_49' title="bbox 2054 729 3617 803">
    <p class='ocr_par' dir='ltr' id='par_1_49' title="bbox 2054 729 3617 803">
     <span class='ocr_line' id='line_1_49' title="bbox 2054 729 3617 803; baseline 0.003 -22"><span class='ocrx_word' id='word_1_344' title='bbox 2054 730 2296 800; x_wconf 85' lang='grc' dir='ltr'>ποταμόν</span> <span class='ocrx_word' id='word_1_345' title='bbox 2317 747 2330 760; x_wconf 73' lang='grc'><strong><em>⁸</em></strong></span> <span class='ocrx_word' id='word_1_346' title='bbox 2395 730 2598 787; x_wconf 82' lang='grc' dir='ltr'>πᾶσαν</span> <span class='ocrx_word' id='word_1_347' title='bbox 2618 733 2723 801; x_wconf 75' lang='grc' dir='ltr'>γὰρ</span> <span class='ocrx_word' id='word_1_348' title='bbox 2747 732 2860 800; x_wconf 72' lang='grc' dir='ltr'><strong>τὴν</strong></span> <span class='ocrx_word' id='word_1_349' title='bbox 2877 729 3097 786; x_wconf 64' lang='lat' dir='ltr'><strong>Hom:</strong></span> <span class='ocrx_word' id='word_1_350' title='bbox 3123 734 3491 803; x_wconf 73' lang='grc' dir='ltr'>περικυκλοῒ,</span> <span class='ocrx_word' id='word_1_351' title='bbox 3520 731 3617 801; x_wconf 73' lang='grc' dir='ltr'>τὴν</span> 
     </span>
    </p>
   </div>
   <div class='ocr_carea' id='block_1_50' title="bbox 2056 819 3614 891">
    <p class='ocr_par' dir='ltr' id='par_1_50' title="bbox 2056 819 3614 891">
     <span class='ocr_line' id='line_1_50' title="bbox 2056 819 3614 891; baseline 0 -18"><span class='ocrx_word' id='word_1_352' title='bbox 2056 820 2254 890; x_wconf 78' lang='grc' dir='ltr'>μικρὰν</span> <span class='ocrx_word' id='word_1_353' title='bbox 2295 819 2390 872; x_wconf 79' lang='grc' dir='ltr'>καὶ</span> <span class='ocrx_word' id='word_1_354' title='bbox 2433 819 2530 889; x_wconf 79' lang='grc' dir='ltr'>τὴν</span> <span class='ocrx_word' id='word_1_355' title='bbox 2565 820 2825 889; x_wconf 77' lang='grc' dir='ltr'>μεγάλην,</span> <span class='ocrx_word' id='word_1_356' title='bbox 2860 820 2930 871; x_wconf 86' lang='grc' dir='ltr'>τὰ</span> <span class='ocrx_word' id='word_1_357' title='bbox 2962 819 3102 889; x_wconf 84' lang='grc' dir='ltr'>μέρη</span> <span class='ocrx_word' id='word_1_358' title='bbox 3134 820 3242 873; x_wconf 85' lang='grc' dir='ltr'><strong>τῶν</strong></span> <span class='ocrx_word' id='word_1_359' title='bbox 3283 820 3614 891; x_wconf 76' lang='grc' dir='ltr'>Ἐλυμαίωνο</span> 
     </span>
    </p>
   </div>
   <div class='ocr_carea' id='block_1_51' title="bbox 2052 909 3618 982">
    <p class='ocr_par' dir='ltr' id='par_1_51' title="bbox 2052 909 3618 982">
     <span class='ocr_line' id='line_1_51' title="bbox 2052 909 3618 982; baseline 0.001 -18"><span class='ocrx_word' id='word_1_360' title='bbox 2052 912 2286 982; x_wconf 79' lang='grc' dir='ltr'><strong>διαπερᾷ</strong></span> <span class='ocrx_word' id='word_1_361' title='bbox 2322 910 2380 964; x_wconf 81' lang='grc' dir='ltr'>δὲ</span> <span class='ocrx_word' id='word_1_362' title='bbox 2421 911 2520 980; x_wconf 79' lang='grc' dir='ltr'>τὴν</span> <span class='ocrx_word' id='word_1_363' title='bbox 2557 911 2798 980; x_wconf 79' lang='grc' dir='ltr'>μεγάλην</span> <span class='ocrx_word' id='word_1_364' title='bbox 2831 910 3111 965; x_wconf 76' lang='grc' dir='ltr'><strong>Αἰθιοπίαν</strong></span> <span class='ocrx_word' id='word_1_365' title='bbox 3145 909 3280 980; x_wconf 88' lang='lat'><strong>(78),</strong></span> <span class='ocrx_word' id='word_1_366' title='bbox 3310 912 3402 964; x_wconf 74' lang='grc' dir='ltr'><strong>καὶ</strong></span> <span class='ocrx_word' id='word_1_367' title='bbox 3433 913 3618 966; x_wconf 84' lang='grc' dir='ltr'>πίπτει</span> 
     </span>
    </p>
   </div>
   <div class='ocr_carea' id='block_1_52' title="bbox 2051 1001 3618 1072">
    <p class='ocr_par' dir='ltr' id='par_1_52' title="bbox 2051 1001 3618 1072">
     <span class='ocr_line' id='line_1_52' title="bbox 2051 1001 3618 1072; baseline 0 -16"><span class='ocrx_word' id='word_1_368' title='bbox 2051 1006 2130 1066; x_wconf 84' lang='grc' dir='ltr'>εἰς</span> <span class='ocrx_word' id='word_1_369' title='bbox 2159 1003 2246 1056; x_wconf 80' lang='grc' dir='ltr'><strong>τὸν</strong></span> <span class='ocrx_word' id='word_1_370' title='bbox 2275 1003 2444 1063; x_wconf 82' lang='grc' dir='ltr'><strong>νότον,</strong></span> <span class='ocrx_word' id='word_1_371' title='bbox 2479 1005 2571 1055; x_wconf 75' lang='grc' dir='ltr'>καὶ</span> <span class='ocrx_word' id='word_1_372' title='bbox 2593 1003 2705 1055; x_wconf 82' lang='grc' dir='ltr'>δύει</span> <span class='ocrx_word' id='word_1_373' title='bbox 2739 1002 2938 1054; x_wconf 80' lang='grc' dir='ltr'>ἔσωθεν</span> <span class='ocrx_word' id='word_1_374' title='bbox 2972 1001 3264 1072; x_wconf 85' lang='grc' dir='ltr'>Γαδείρων,</span> <span class='ocrx_word' id='word_1_375' title='bbox 3297 1003 3376 1064; x_wconf 84' lang='grc' dir='ltr'><strong>είς</strong></span> <span class='ocrx_word' id='word_1_376' title='bbox 3401 1001 3489 1054; x_wconf 75' lang='grc' dir='ltr'><strong>τὸν</strong></span> <span class='ocrx_word' id='word_1_377' title='bbox 3523 1003 3618 1072; x_wconf 78' lang='grc' dir='ltr'><strong>μέ-</strong></span> 
     </span>
    </p>
   </div>
   <div class='ocr_carea' id='block_1_53' title="bbox 2052 1089 3618 1162">
    <p class='ocr_par' dir='ltr' id='par_1_53' title="bbox 2052 1089 3618 1162">
     <span class='ocr_line' id='line_1_53' title="bbox 2052 1089 3618 1162; baseline -0.001 -16"><span class='ocrx_word' id='word_1_378' title='bbox 2052 1111 2154 1161; x_wconf 89' lang='grc' dir='ltr'>γαν</span> <span class='ocrx_word' id='word_1_379' title='bbox 2205 1092 2476 1146; x_wconf 86' lang='grc' dir='ltr'>Ὠκεανόν.</span> <span class='ocrx_word' id='word_1_380' title='bbox 2529 1092 2786 1162; x_wconf 81' lang='grc' dir='ltr'><strong>Δεύτερος</strong></span> <span class='ocrx_word' id='word_1_381' title='bbox 2836 1091 3078 1162; x_wconf 77' lang='grc' dir='ltr'>ποταμὸς</span> <span class='ocrx_word' id='word_1_382' title='bbox 3131 1091 3275 1143; x_wconf 87' lang='grc' dir='ltr'>Γεών</span> <span class='ocrx_word' id='word_1_383' title='bbox 3323 1089 3454 1160; x_wconf 82' lang='grc'>(79).</span> <span class='ocrx_word' id='word_1_384' title='bbox 3508 1091 3618 1145; x_wconf 76' lang='grc' dir='ltr'><strong>Καὶ</strong></span> 
     </span>
    </p>
   </div>
   <div class='ocr_carea' id='block_1_54' title="bbox 2051 1181 3616 1254">
    <p class='ocr_par' dir='ltr' id='par_1_54' title="bbox 2051 1181 3616 1254">
     <span class='ocr_line' id='line_1_54' title="bbox 2051 1181 3616 1254; baseline -0.001 -18"><span class='ocrx_word' id='word_1_385' title='bbox 2051 1183 2307 1254; x_wconf 81' lang='grc' dir='ltr'>αἰσθητὸν</span> <span class='ocrx_word' id='word_1_386' title='bbox 2343 1183 2558 1253; x_wconf 84' lang='grc' dir='ltr'>ὁρῶμεν</span> <span class='ocrx_word' id='word_1_387' title='bbox 2588 1184 2677 1237; x_wconf 79' lang='grc' dir='ltr'>τὸν</span> <span class='ocrx_word' id='word_1_388' title='bbox 2713 1182 2979 1252; x_wconf 78' lang='grc' dir='ltr'>ποταμὸν,</span> <span class='ocrx_word' id='word_1_389' title='bbox 3022 1183 3116 1236; x_wconf 74' lang='grc' dir='ltr'>καὶ</span> <span class='ocrx_word' id='word_1_390' title='bbox 3147 1182 3247 1234; x_wconf 69' lang='lat' dir='ltr'><strong>obit</strong></span> <span class='ocrx_word' id='word_1_391' title='bbox 3284 1181 3616 1252; x_wconf 82' lang='grc' dir='ltr'>ἀλληγορού-</span> 
     </span>
    </p>
   </div>
   <div class='ocr_carea' id='block_1_55' title="bbox 2054 1266 3618 1345">
    <p class='ocr_par' dir='ltr' id='par_1_55' title="bbox 2054 1266 3618 1345">
     <span class='ocr_line' id='line_1_55' title="bbox 2054 1266 3618 1345; baseline -0.001 -18"><span class='ocrx_word' id='word_1_392' title='bbox 2054 1291 2230 1345; x_wconf 87' lang='grc' dir='ltr'>μενον.</span> <span class='ocrx_word' id='word_1_393' title='bbox 2261 1266 2428 1336; x_wconf 76' lang='grc' dir='ltr'>υῦτος</span> <span class='ocrx_word' id='word_1_394' title='bbox 2460 1275 2569 1344; x_wconf 72' lang='grc' dir='ltr'>γὰρ</span> <span class='ocrx_word' id='word_1_395' title='bbox 2595 1279 2622 1327; x_wconf 83' lang='lat'><strong>6</strong></span> <span class='ocrx_word' id='word_1_396' title='bbox 2657 1274 2797 1328; x_wconf 80' lang='grc' dir='ltr'>κατὰ</span> <span class='ocrx_word' id='word_1_397' title='bbox 2825 1274 2923 1342; x_wconf 80' lang='grc' dir='ltr'>τὴν</span> <span class='ocrx_word' id='word_1_398' title='bbox 2963 1271 3250 1324; x_wconf 79' lang='grc' dir='ltr'><strong>Αἰθιοπίαν</strong></span> <span class='ocrx_word' id='word_1_399' title='bbox 3283 1273 3618 1342; x_wconf 79' lang='grc' dir='ltr'>κατερχόμε-</span> 
     </span>
    </p>
   </div>
   <div class='ocr_carea' id='block_1_56' title="bbox 2050 1362 3616 1435">
    <p class='ocr_par' dir='ltr' id='par_1_56' title="bbox 2050 1362 3616 1435">
     <span class='ocr_line' id='line_1_56' title="bbox 2050 1362 3616 1435; baseline -0.003 -17"><span class='ocrx_word' id='word_1_400' title='bbox 2050 1383 2160 1428; x_wconf 77' lang='grc' dir='ltr'>νος,</span> <span class='ocrx_word' id='word_1_401' title='bbox 2192 1365 2283 1418; x_wconf 73' lang='grc' dir='ltr'>καὶ</span> <span class='ocrx_word' id='word_1_402' title='bbox 2317 1363 2593 1432; x_wconf 78' lang='grc' dir='ltr'><strong>διαπερῶν</strong></span> <span class='ocrx_word' id='word_1_403' title='bbox 2609 1366 2707 1435; x_wconf 80' lang='grc' dir='ltr'>τὴν</span> <span class='ocrx_word' id='word_1_404' title='bbox 2733 1363 2934 1434; x_wconf 79' lang='grc' dir='ltr'>μικρὰν</span> <span class='ocrx_word' id='word_1_405' title='bbox 2963 1362 3268 1426; x_wconf 77' lang='grc' dir='ltr'>Αίθιοπίαν,</span> <span class='ocrx_word' id='word_1_406' title='bbox 3309 1363 3616 1433; x_wconf 80' lang='grc' dir='ltr'>Ἀνουὸίτην</span> 
     </span>
    </p>
   </div>
   <div class='ocr_carea' id='block_1_57' title="bbox 2051 1453 3617 1525">
    <p class='ocr_par' dir='ltr' id='par_1_57' title="bbox 2051 1453 3617 1525">
     <span class='ocr_line' id='line_1_57' title="bbox 2051 1453 3617 1525; baseline -0.001 -17"><span class='ocrx_word' id='word_1_407' title='bbox 2051 1474 2110 1508; x_wconf 84' lang='grc' dir='ltr'>τε</span> <span class='ocrx_word' id='word_1_408' title='bbox 2152 1456 2244 1509; x_wconf 68' lang='grc' dir='ltr'>καὶ</span> <span class='ocrx_word' id='word_1_409' title='bbox 2278 1455 2576 1525; x_wconf 84' lang='grc' dir='ltr'>Βλεμενίαν</span> <span class='ocrx_word' id='word_1_410' title='bbox 2619 1455 2711 1508; x_wconf 72' lang='grc' dir='ltr'>καὶ</span> <span class='ocrx_word' id='word_1_411' title='bbox 2755 1455 3045 1524; x_wconf 82' lang='grc' dir='ltr'>Ἐξωμίτιν</span> <span class='ocrx_word' id='word_1_412' title='bbox 3093 1453 3136 1515; x_wconf 85' lang='grc'>⁸,</span> <span class='ocrx_word' id='word_1_413' title='bbox 3179 1453 3270 1506; x_wconf 73' lang='grc' dir='ltr'>καὶ</span> <span class='ocrx_word' id='word_1_414' title='bbox 3315 1453 3617 1518; x_wconf 78' lang='grc' dir='ltr'>ἐπικλύζων</span> 
     </span>
    </p>
   </div>
   <div class='ocr_carea' id='block_1_58' title="bbox 2049 1543 3615 1618">
    <p class='ocr_par' dir='ltr' id='par_1_58' title="bbox 2049 1543 3615 1618">
     <span class='ocr_line' id='line_1_58' title="bbox 2049 1543 3615 1618; baseline -0.003 -19"><span class='ocrx_word' id='word_1_415' title='bbox 2049 1547 2116 1600; x_wconf 80' lang='grc' dir='ltr'>τὰ</span> <span class='ocrx_word' id='word_1_416' title='bbox 2149 1548 2289 1618; x_wconf 82' lang='grc' dir='ltr'>μέρη</span> <span class='ocrx_word' id='word_1_417' title='bbox 2317 1545 2581 1618; x_wconf 75' lang='grc' dir='ltr'>Θηϐαΐδος</span> <span class='ocrx_word' id='word_1_418' title='bbox 2611 1546 2702 1599; x_wconf 74' lang='grc' dir='ltr'>καὶ</span> <span class='ocrx_word' id='word_1_419' title='bbox 2737 1544 3034 1612; x_wconf 75' lang='grc' dir='ltr'><strong>Αἰγύπτου,</strong></span> <span class='ocrx_word' id='word_1_420' title='bbox 3066 1543 3160 1596; x_wconf 82' lang='grc' dir='ltr'>καὶ</span> <span class='ocrx_word' id='word_1_421' title='bbox 3191 1545 3268 1606; x_wconf 84' lang='grc' dir='ltr'><strong>είς</strong></span> <span class='ocrx_word' id='word_1_422' title='bbox 3293 1543 3390 1614; x_wconf 83' lang='grc' dir='ltr'>τὴν</span> <span class='ocrx_word' id='word_1_423' title='bbox 3416 1543 3615 1596; x_wconf 86' lang='grc' dir='ltr'>θάλασ-</span> 
     </span>
    </p>
   </div>
   <div class='ocr_carea' id='block_1_59' title="bbox 2054 1634 3614 1708">
    <p class='ocr_par' dir='ltr' id='par_1_59' title="bbox 2054 1634 3614 1708">
     <span class='ocr_line' id='line_1_59' title="bbox 2054 1634 3614 1708; baseline -0.003 -18"><span class='ocrx_word' id='word_1_424' title='bbox 2054 1655 2150 1692; x_wconf 87' lang='grc' dir='ltr'><strong>σαν</strong></span> <span class='ocrx_word' id='word_1_425' title='bbox 2181 1638 2386 1708; x_wconf 88' lang='grc' dir='ltr'>ταύτην</span> <span class='ocrx_word' id='word_1_426' title='bbox 2424 1641 2725 1693; x_wconf 77' lang='grc' dir='ltr'>ἐκπίπτων.</span> <span class='ocrx_word' id='word_1_427' title='bbox 2766 1636 2830 1688; x_wconf 78' lang='lat' dir='ltr'><strong>Ei</strong></span> <span class='ocrx_word' id='word_1_428' title='bbox 2869 1635 2926 1688; x_wconf 80' lang='grc' dir='ltr'>δέ</span> <span class='ocrx_word' id='word_1_429' title='bbox 2963 1652 3046 1698; x_wconf 88' lang='grc' dir='ltr'><strong>τις</strong></span> <span class='ocrx_word' id='word_1_430' title='bbox 3081 1635 3319 1700; x_wconf 82' lang='grc' dir='ltr'>ἀπιστεῖ,</span> <span class='ocrx_word' id='word_1_431' title='bbox 3373 1634 3614 1687; x_wconf 85' lang='grc' dir='ltr'><strong>ἀκουέτω</strong></span> 
     </span>
    </p>
   </div>
   <div class='ocr_carea' id='block_1_60' title="bbox 2049 1724 3613 1800">
    <p class='ocr_par' dir='ltr' id='par_1_60' title="bbox 2049 1724 3613 1800">
     <span class='ocr_line' id='line_1_60' title="bbox 2049 1724 3613 1800; baseline -0.002 -18"><span class='ocrx_word' id='word_1_432' title='bbox 2049 1729 2142 1782; x_wconf 83' lang='grc' dir='ltr'><strong>τοῦ</strong></span> <span class='ocrx_word' id='word_1_433' title='bbox 2187 1729 2452 1800; x_wconf 80' lang='grc' dir='ltr'>Ἰερεμίου</span> <span class='ocrx_word' id='word_1_434' title='bbox 2494 1730 2742 1797; x_wconf 80' lang='grc' dir='ltr'>λέγοντος</span> <span class='ocrx_word' id='word_1_435' title='bbox 2768 1745 2781 1757; x_wconf 89' lang='grc'><strong>·</strong></span> <span class='ocrx_word' id='word_1_436' title='bbox 2827 1728 2961 1782; x_wconf 78' lang='grc' dir='ltr'><strong>Ἵνα</strong></span> <span class='ocrx_word' id='word_1_437' title='bbox 3013 1726 3070 1778; x_wconf 85' lang='grc' dir='ltr'><strong>τί</strong></span> <span class='ocrx_word' id='word_1_438' title='bbox 3110 1727 3252 1795; x_wconf 73' lang='grc' dir='ltr'><strong>ὑμῖν</strong></span> <span class='ocrx_word' id='word_1_439' title='bbox 3284 1726 3379 1780; x_wconf 78' lang='grc' dir='ltr'><strong>καί</strong></span> <span class='ocrx_word' id='word_1_440' title='bbox 3420 1725 3493 1793; x_wconf 71' lang='grc' dir='ltr'>τῇ</span> <span class='ocrx_word' id='word_1_441' title='bbox 3539 1724 3613 1794; x_wconf 69' lang='grc' dir='ltr'><strong><em>γῆ</em></strong></span> 
     </span>
    </p>
   </div>
   <div class='ocr_carea' id='block_1_61' title="bbox 2050 1815 3615 1891">
    <p class='ocr_par' dir='ltr' id='par_1_61' title="bbox 2050 1815 3615 1891">
     <span class='ocr_line' id='line_1_61' title="bbox 2050 1815 3615 1891; baseline -0.006 -15"><span class='ocrx_word' id='word_1_442' title='bbox 2050 1821 2374 1891; x_wconf 77' lang='grc' dir='ltr'><strong>Αἰγύπτου,</strong></span> <span class='ocrx_word' id='word_1_443' title='bbox 2421 1820 2525 1874; x_wconf 82' lang='grc' dir='ltr'>τοῦ</span> <span class='ocrx_word' id='word_1_444' title='bbox 2563 1818 2720 1872; x_wconf 77' lang='grc' dir='ltr'>πιεῖν</span> <span class='ocrx_word' id='word_1_445' title='bbox 2771 1817 2927 1886; x_wconf 79' lang='grc' dir='ltr'>ὕδωρ</span> <span class='ocrx_word' id='word_1_446' title='bbox 2979 1817 3144 1871; x_wconf 74' lang='grc' dir='ltr'><strong>Γεὼν</strong></span> <span class='ocrx_word' id='word_1_447' title='bbox 3189 1817 3255 1870; x_wconf 83' lang='grc' dir='ltr'>τὸ</span> <span class='ocrx_word' id='word_1_448' title='bbox 3296 1815 3615 1884; x_wconf 78' lang='grc' dir='ltr'>τεθολωμέ-</span> 
     </span>
    </p>
   </div>
   <div class='ocr_carea' id='block_1_62' title="bbox 2048 1905 3615 1980">
    <p class='ocr_par' dir='ltr' id='par_1_62' title="bbox 2048 1905 3615 1980">
     <span class='ocr_line' id='line_1_62' title="bbox 2048 1905 3615 1980; baseline -0.004 -16"><span class='ocrx_word' id='word_1_449' title='bbox 2048 1928 2199 1975; x_wconf 75' lang='grc' dir='ltr'><strong>νον;</strong></span> <span class='ocrx_word' id='word_1_450' title='bbox 2234 1909 2449 1980; x_wconf 79' lang='grc' dir='ltr'>Τρίτος,</span> <span class='ocrx_word' id='word_1_451' title='bbox 2493 1909 2649 1979; x_wconf 67' lang='grc' dir='ltr'>φησι,</span> <span class='ocrx_word' id='word_1_452' title='bbox 2699 1909 2940 1980; x_wconf 81' lang='grc' dir='ltr'>ποταμὸς</span> <span class='ocrx_word' id='word_1_453' title='bbox 2978 1907 3087 1977; x_wconf 88' lang='grc'>(80)</span> <span class='ocrx_word' id='word_1_454' title='bbox 3115 1907 3340 1978; x_wconf 81' lang='grc' dir='ltr'>Τίγρης,</span> <span class='ocrx_word' id='word_1_455' title='bbox 3391 1905 3615 1976; x_wconf 81' lang='grc' dir='ltr'>πορευό-</span> 
     </span>
    </p>
   </div>
   <div class='ocr_carea' id='block_1_63' title="bbox 2054 1995 3620 2071">
    <p class='ocr_par' dir='ltr' id='par_1_63' title="bbox 2054 1995 3620 2071">
     <span class='ocr_line' id='line_1_63' title="bbox 2054 1995 3620 2071; baseline -0.003 -18"><span class='ocrx_word' id='word_1_456' title='bbox 2054 2018 2231 2071; x_wconf 86' lang='grc' dir='ltr'>μενος,</span> <span class='ocrx_word' id='word_1_457' title='bbox 2274 2001 2302 2053; x_wconf 91' lang='lat'><strong>6</strong></span> <span class='ocrx_word' id='word_1_458' title='bbox 2340 1999 2624 2053; x_wconf 78' lang='grc' dir='ltr'>κατέναντι</span> <span class='ocrx_word' id='word_1_459' title='bbox 2654 2000 2763 2052; x_wconf 85' lang='grc' dir='ltr'>τῶν</span> <span class='ocrx_word' id='word_1_460' title='bbox 2821 1998 3137 2068; x_wconf 69' lang='grc' dir='ltr'>Ἀσσυρίων.</span> <span class='ocrx_word' id='word_1_461' title='bbox 3189 1999 3473 2066; x_wconf 76' lang='grc' dir='ltr'>Διατεμνει</span> <span class='ocrx_word' id='word_1_462' title='bbox 3511 1995 3620 2064; x_wconf 83' lang='grc' dir='ltr'>γὰρ</span> 
     </span>
    </p>
   </div>
   <div class='ocr_carea' id='block_1_64' title="bbox 2049 2085 3620 2163">
    <p class='ocr_par' dir='ltr' id='par_1_64' title="bbox 2049 2085 3620 2163">
     <span class='ocr_line' id='line_1_64' title="bbox 2049 2085 3620 2163; baseline -0.004 -19"><span class='ocrx_word' id='word_1_463' title='bbox 2049 2093 2118 2144; x_wconf 80' lang='grc' dir='ltr'>τὰ</span> <span class='ocrx_word' id='word_1_464' title='bbox 2150 2092 2286 2163; x_wconf 84' lang='grc' dir='ltr'>μέρη</span> <span class='ocrx_word' id='word_1_465' title='bbox 2321 2091 2420 2159; x_wconf 74' lang='grc' dir='ltr'>τῆς</span> <span class='ocrx_word' id='word_1_466' title='bbox 2457 2091 2765 2161; x_wconf 77' lang='grc' dir='ltr'>Ἀνατολῆς,</span> <span class='ocrx_word' id='word_1_467' title='bbox 2817 2091 2911 2144; x_wconf 74' lang='grc' dir='ltr'>καὶ</span> <span class='ocrx_word' id='word_1_468' title='bbox 2938 2089 3083 2142; x_wconf 86' lang='grc' dir='ltr'>δύνει</span> <span class='ocrx_word' id='word_1_469' title='bbox 3118 2087 3222 2141; x_wconf 74' lang='grc' dir='ltr'><strong>ὑπὸ</strong></span> <span class='ocrx_word' id='word_1_470' title='bbox 3244 2087 3342 2156; x_wconf 80' lang='grc' dir='ltr'>τὴν</span> <span class='ocrx_word' id='word_1_471' title='bbox 3370 2089 3490 2157; x_wconf 76' lang='grc' dir='ltr'>γῆν,</span> <span class='ocrx_word' id='word_1_472' title='bbox 3526 2085 3620 2138; x_wconf 75' lang='grc' dir='ltr'>καὶ</span> 
     </span>
    </p>
   </div>
   <div class='ocr_carea' id='block_1_65' title="bbox 2051 2178 3618 2252">
    <p class='ocr_par' dir='ltr' id='par_1_65' title="bbox 2051 2178 3618 2252">
     <span class='ocr_line' id='line_1_65' title="bbox 2051 2178 3618 2252; baseline -0.005 -16"><span class='ocrx_word' id='word_1_473' title='bbox 2051 2182 2258 2252; x_wconf 82' lang='grc' dir='ltr'>ἀνίσχει</span> <span class='ocrx_word' id='word_1_474' title='bbox 2315 2181 2423 2235; x_wconf 82' lang='grc' dir='ltr'><strong>ἀπὸ</strong></span> <span class='ocrx_word' id='word_1_475' title='bbox 2469 2182 2566 2251; x_wconf 82' lang='grc' dir='ltr'>τῆς</span> <span class='ocrx_word' id='word_1_476' title='bbox 2637 2181 2924 2252; x_wconf 79' lang='grc' dir='ltr'>Ἀρμενίας</span> <span class='ocrx_word' id='word_1_477' title='bbox 2968 2180 3276 2250; x_wconf 84' lang='grc' dir='ltr'>καταμέσον</span> <span class='ocrx_word' id='word_1_478' title='bbox 3339 2178 3618 2249; x_wconf 82' lang='grc' dir='ltr'>Καρδιέων</span> 
     </span>
    </p>
   </div>
   <div class='ocr_carea' id='block_1_66' title="bbox 2051 2267 3619 2344">
    <p class='ocr_par' dir='ltr' id='par_1_66' title="bbox 2051 2267 3619 2344">
     <span class='ocr_line' id='line_1_66' title="bbox 2051 2267 3619 2344; baseline -0.004 -18"><span class='ocrx_word' id='word_1_479' title='bbox 2051 2275 2144 2326; x_wconf 71' lang='grc' dir='ltr'>καὶ</span> <span class='ocrx_word' id='word_1_480' title='bbox 2200 2273 2519 2344; x_wconf 69' lang='grc' dir='ltr'>Ἀρμενίων,</span> <span class='ocrx_word' id='word_1_481' title='bbox 2554 2275 2647 2326; x_wconf 74' lang='grc' dir='ltr'>καὶ</span> <span class='ocrx_word' id='word_1_482' title='bbox 2681 2270 3020 2342; x_wconf 78' lang='grc' dir='ltr'>ἁναπηγάζει</span> <span class='ocrx_word' id='word_1_483' title='bbox 3067 2270 3246 2331; x_wconf 58' lang='grc' dir='ltr'>πάλιν,</span> <span class='ocrx_word' id='word_1_484' title='bbox 3287 2275 3383 2322; x_wconf 76' lang='grc' dir='ltr'>καὶ</span> <span class='ocrx_word' id='word_1_485' title='bbox 3430 2267 3619 2322; x_wconf 81' lang='grc' dir='ltr'>ἀνατέ-</span> 
     </span>
    </p>
   </div>
   <div class='ocr_carea' id='block_1_67' title="bbox 2055 2359 3620 2435">
    <p class='ocr_par' dir='ltr' id='par_1_67' title="bbox 2055 2359 3620 2435">
     <span class='ocr_line' id='line_1_67' title="bbox 2055 2359 3620 2435; baseline -0.004 -17"><span class='ocrx_word' id='word_1_486' title='bbox 2055 2383 2243 2435; x_wconf 83' lang='grc' dir='ltr'>μνεται</span> <span class='ocrx_word' id='word_1_487' title='bbox 2281 2366 2360 2428; x_wconf 85' lang='grc' dir='ltr'><strong>είς</strong></span> <span class='ocrx_word' id='word_1_488' title='bbox 2408 2364 2504 2435; x_wconf 83' lang='grc' dir='ltr'>τὴν</span> <span class='ocrx_word' id='word_1_489' title='bbox 2542 2365 2650 2416; x_wconf 83' lang='grc' dir='ltr'>τῶν</span> <span class='ocrx_word' id='word_1_490' title='bbox 2709 2362 3009 2432; x_wconf 80' lang='grc' dir='ltr'>’Δσσυρίων</span> <span class='ocrx_word' id='word_1_491' title='bbox 3057 2361 3180 2432; x_wconf 80' lang='grc' dir='ltr'>γῆν.</span> <span class='ocrx_word' id='word_1_492' title='bbox 3241 2360 3397 2414; x_wconf 78' lang='grc' dir='ltr'>Ἀλλὰ</span> <span class='ocrx_word' id='word_1_493' title='bbox 3451 2360 3544 2412; x_wconf 82' lang='grc' dir='ltr'>καὶ</span> <span class='ocrx_word' id='word_1_494' title='bbox 3591 2359 3620 2412; x_wconf 87' lang='lat'><strong>6</strong></span> 
     </span>
    </p>
   </div>
   <div class='ocr_carea' id='block_1_68' title="bbox 2053 2447 3623 2525">
    <p class='ocr_par' dir='ltr' id='par_1_68' title="bbox 2053 2447 3623 2525">
     <span class='ocr_line' id='line_1_68' title="bbox 2053 2447 3623 2525; baseline -0.004 -18"><span class='ocrx_word' id='word_1_495' title='bbox 2053 2455 2293 2525; x_wconf 77' lang='grc' dir='ltr'>ποταμὸς</span> <span class='ocrx_word' id='word_1_496' title='bbox 2319 2456 2347 2509; x_wconf 91' lang='lat'><strong>6</strong></span> <span class='ocrx_word' id='word_1_497' title='bbox 2380 2455 2638 2524; x_wconf 79' lang='grc' dir='ltr'>τέταρτος</span> <span class='ocrx_word' id='word_1_498' title='bbox 2668 2452 2980 2522; x_wconf 76' lang='grc' dir='ltr'>Εὐφράτης,</span> <span class='ocrx_word' id='word_1_499' title='bbox 3017 2450 3277 2513; x_wconf 84' lang='grc' dir='ltr'><strong>ὡσαύτως</strong></span> <span class='ocrx_word' id='word_1_500' title='bbox 3313 2449 3512 2519; x_wconf 84' lang='grc' dir='ltr'>ὁμοίως</span> <span class='ocrx_word' id='word_1_501' title='bbox 3543 2447 3623 2518; x_wconf 80' lang='grc' dir='ltr'><strong>τῷ</strong></span> 
     </span>
    </p>
   </div>
   <div class='ocr_carea' id='block_1_69' title="bbox 2051 2539 3621 2616">
    <p class='ocr_par' dir='ltr' id='par_1_69' title="bbox 2051 2539 3621 2616">
     <span class='ocr_line' id='line_1_69' title="bbox 2051 2539 3621 2616; baseline -0.005 -18"><span class='ocrx_word' id='word_1_502' title='bbox 2051 2545 2199 2615; x_wconf 79' lang='grc' dir='ltr'>αὐτῷ</span> <span class='ocrx_word' id='word_1_503' title='bbox 2229 2546 2414 2616; x_wconf 78' lang='grc' dir='ltr'>τρόπῳ</span> <span class='ocrx_word' id='word_1_504' title='bbox 2435 2544 2605 2596; x_wconf 86' lang='grc' dir='ltr'>δύνων</span> <span class='ocrx_word' id='word_1_505' title='bbox 2641 2545 2745 2596; x_wconf 83' lang='grc' dir='ltr'><strong>ὑπὸ</strong></span> <span class='ocrx_word' id='word_1_506' title='bbox 2767 2542 2865 2613; x_wconf 83' lang='grc' dir='ltr'>τὴν</span> <span class='ocrx_word' id='word_1_507' title='bbox 2907 2541 3034 2610; x_wconf 81' lang='grc' dir='ltr'>γῆν,</span> <span class='ocrx_word' id='word_1_508' title='bbox 3069 2539 3353 2609; x_wconf 76' lang='grc' dir='ltr'>ἀνέρχεται</span> <span class='ocrx_word' id='word_1_509' title='bbox 3381 2539 3488 2592; x_wconf 78' lang='grc' dir='ltr'>ἀπὸ</span> <span class='ocrx_word' id='word_1_510' title='bbox 3522 2539 3621 2607; x_wconf 82' lang='grc' dir='ltr'>τῆς</span> 
     </span>
    </p>
   </div>
   <div class='ocr_carea' id='block_1_70' title="bbox 2064 2629 3620 2706">
    <p class='ocr_par' dir='ltr' id='par_1_70' title="bbox 2064 2629 3620 2706">
     <span class='ocr_line' id='line_1_70' title="bbox 2064 2629 3620 2706; baseline -0.004 -18"><span class='ocrx_word' id='word_1_511' title='bbox 2064 2636 2376 2706; x_wconf 80' lang='grc' dir='ltr'>Ἀρμενίας.</span> <span class='ocrx_word' id='word_1_512' title='bbox 2416 2635 2508 2687; x_wconf 63' lang='grc' dir='ltr'><strong>κα.)⁵</strong></span> <span class='ocrx_word' id='word_1_513' title='bbox 2559 2634 2731 2695; x_wconf 70' lang='grc' dir='ltr'>οὕτως</span> <span class='ocrx_word' id='word_1_514' title='bbox 2774 2629 3053 2694; x_wconf 76' lang='grc' dir='ltr'><strong>ἐπικλύζει</strong></span> <span class='ocrx_word' id='word_1_515' title='bbox 3100 2629 3198 2700; x_wconf 75' lang='grc' dir='ltr'>τὴν</span> <span class='ocrx_word' id='word_1_516' title='bbox 3249 2629 3500 2700; x_wconf 87' lang='grc' dir='ltr'>Περσίδα.</span> <span class='ocrx_word' id='word_1_517' title='bbox 3557 2630 3620 2682; x_wconf 83' lang='lat' dir='ltr'><strong>Ei</strong></span> 
     </span>
    </p>
   </div>
   <div class='ocr_carea' id='block_1_71' title="bbox 2051 2721 3618 2792">
    <p class='ocr_par' dir='ltr' id='par_1_71' title="bbox 2051 2721 3618 2792">
     <span class='ocr_line' id='line_1_71' title="bbox 2051 2721 3618 2792; baseline 0.008 -14"><span class='ocrx_word' id='word_1_518' title='bbox 2051 2726 2228 2778; x_wconf 80' lang='grc' dir='ltr'>τοίνυν</span> <span class='ocrx_word' id='word_1_519' title='bbox 2258 2725 2357 2778; x_wconf 79' lang='grc' dir='ltr'>οὐκ</span> <span class='ocrx_word' id='word_1_520' title='bbox 2388 2725 2464 2777; x_wconf 83' lang='grc' dir='ltr'>ἔνι</span> <span class='ocrx_word' id='word_1_521' title='bbox 2508 2723 2833 2792; x_wconf 75' lang='grc' dir='ltr'>παράδεισος</span> <span class='ocrx_word' id='word_1_522' title='bbox 2863 2721 3139 2792; x_wconf 71' lang='grc' dir='ltr'>αἰσθητὸς,</span> <span class='ocrx_word' id='word_1_523' title='bbox 3171 2721 3271 2773; x_wconf 66' lang='grc' dir='ltr'>οὐκ</span> <span class='ocrx_word' id='word_1_524' title='bbox 3318 2721 3395 2773; x_wconf 69' lang='grc' dir='ltr'>ενι</span> <span class='ocrx_word' id='word_1_525' title='bbox 3429 2721 3577 2790; x_wconf 83' lang='grc' dir='ltr'>πηγή</span> <span class='ocrx_word' id='word_1_526' title='bbox 3604 2737 3618 2750; x_wconf 84' lang='grc'>⁶</span> 
     </span>
    </p>
   </div>
   <div class='ocr_carea' id='block_1_72' title="bbox 2053 2811 3622 2884">
    <p class='ocr_par' dir='ltr' id='par_1_72' title="bbox 2053 2811 3622 2884">
     <span class='ocr_line' id='line_1_72' title="bbox 2053 2811 3622 2884; baseline 0 -18"><span class='ocrx_word' id='word_1_527' title='bbox 2053 2817 2100 2866; x_wconf 85' lang='grc' dir='ltr'><strong>εί</strong></span> <span class='ocrx_word' id='word_1_528' title='bbox 2128 2815 2227 2867; x_wconf 75' lang='grc' dir='ltr'>οὐκ</span> <span class='ocrx_word' id='word_1_529' title='bbox 2274 2813 2351 2866; x_wconf 84' lang='lat' dir='ltr'><strong>Evt</strong></span> <span class='ocrx_word' id='word_1_530' title='bbox 2385 2815 2552 2884; x_wconf 77' lang='grc' dir='ltr'>πηγὴ,</span> <span class='ocrx_word' id='word_1_531' title='bbox 2587 2813 2689 2867; x_wconf 78' lang='grc' dir='ltr'>οὐκ</span> <span class='ocrx_word' id='word_1_532' title='bbox 2721 2813 2800 2865; x_wconf 86' lang='lat' dir='ltr'><strong>Evt</strong></span> <span class='ocrx_word' id='word_1_533' title='bbox 2828 2812 3101 2880; x_wconf 84' lang='grc' dir='ltr'>ποταμός·</span> <span class='ocrx_word' id='word_1_534' title='bbox 3133 2813 3181 2864; x_wconf 84' lang='grc' dir='ltr'>εί</span> <span class='ocrx_word' id='word_1_535' title='bbox 3209 2812 3307 2864; x_wconf 81' lang='grc' dir='ltr'>οὐκ</span> <span class='ocrx_word' id='word_1_536' title='bbox 3340 2811 3417 2864; x_wconf 82' lang='lat' dir='ltr'><strong>Evt</strong></span> <span class='ocrx_word' id='word_1_537' title='bbox 3460 2828 3622 2866; x_wconf 83' lang='grc' dir='ltr'>ποτα·</span> 
     </span>
    </p>
   </div>
   <div class='ocr_carea' id='block_1_73' title="bbox 2058 2901 3618 2976">
    <p class='ocr_par' dir='ltr' id='par_1_73' title="bbox 2058 2901 3618 2976">
     <span class='ocr_line' id='line_1_73' title="bbox 2058 2901 3618 2976; baseline -0.003 -18"><span class='ocrx_word' id='word_1_538' title='bbox 2058 2907 2173 2976; x_wconf 73' lang='grc' dir='ltr'>μὺς,</span> <span class='ocrx_word' id='word_1_539' title='bbox 2216 2906 2314 2958; x_wconf 84' lang='grc' dir='ltr'>οὑκ</span> <span class='ocrx_word' id='word_1_540' title='bbox 2362 2906 2468 2958; x_wconf 73' lang='grc' dir='ltr'>εἰσὶ</span> <span class='ocrx_word' id='word_1_541' title='bbox 2500 2905 2764 2976; x_wconf 79' lang='grc' dir='ltr'>τέσσαρες</span> <span class='ocrx_word' id='word_1_542' title='bbox 2795 2902 2981 2974; x_wconf 83' lang='grc' dir='ltr'>ἀρχαί.</span> <span class='ocrx_word' id='word_1_543' title='bbox 3033 2902 3096 2954; x_wconf 76' lang='lat' dir='ltr'><strong>Et</strong></span> <span class='ocrx_word' id='word_1_544' title='bbox 3124 2901 3224 2955; x_wconf 83' lang='grc' dir='ltr'>οὐκ</span> <span class='ocrx_word' id='word_1_545' title='bbox 3271 2901 3350 2955; x_wconf 82' lang='lat' dir='ltr'><strong>Evt</strong></span> <span class='ocrx_word' id='word_1_546' title='bbox 3392 2901 3618 2968; x_wconf 77' lang='grc' dir='ltr'>Φεισὼν,</span> 
     </span>
    </p>
   </div>
   <div class='ocr_carea' id='block_1_74' title="bbox 2053 2992 3623 3072">
    <p class='ocr_par' dir='ltr' id='par_1_74' title="bbox 2053 2992 3623 3072">
     <span class='ocr_line' id='line_1_74' title="bbox 2053 2992 3623 3072; baseline -0.001 -25"><span class='ocrx_word' id='word_1_547' title='bbox 2053 2997 2152 3047; x_wconf 73' lang='grc' dir='ltr'>οὐκ</span> <span class='ocrx_word' id='word_1_548' title='bbox 2191 2995 2269 3048; x_wconf 78' lang='grc' dir='ltr'>ἔνι</span> <span class='ocrx_word' id='word_1_549' title='bbox 2312 2995 2473 3048; x_wconf 82' lang='grc' dir='ltr'>Γεών.</span> <span class='ocrx_word' id='word_1_550' title='bbox 2513 2996 2574 3049; x_wconf 81' lang='lat' dir='ltr'><strong>Ei</strong></span> <span class='ocrx_word' id='word_1_551' title='bbox 2607 2996 2707 3049; x_wconf 81' lang='grc' dir='ltr'>οὐκ</span> <span class='ocrx_word' id='word_1_552' title='bbox 2739 2993 2819 3048; x_wconf 74' lang='grc' dir='ltr'>ἔνι</span> <span class='ocrx_word' id='word_1_553' title='bbox 2871 2994 3097 3066; x_wconf 81' lang='grc' dir='ltr'>Τίγρης,</span> <span class='ocrx_word' id='word_1_554' title='bbox 3141 2994 3240 3045; x_wconf 75' lang='grc' dir='ltr'>οὐκ</span> <span class='ocrx_word' id='word_1_555' title='bbox 3267 2992 3368 3072; x_wconf 46' lang='lat' dir='ltr'><strong>.Evt</strong></span> <span class='ocrx_word' id='word_1_556' title='bbox 3406 2992 3623 3062; x_wconf 80' lang='grc' dir='ltr'><strong>Εὐφρὰ-</strong></span> 
     </span>
    </p>
   </div>
   <div class='ocr_carea' id='block_1_75' title="bbox 2056 3081 3622 3157">
    <p class='ocr_par' dir='ltr' id='par_1_75' title="bbox 2056 3081 3622 3157">
     <span class='ocr_line' id='line_1_75' title="bbox 2056 3081 3622 3157; baseline -0.004 -19"><span class='ocrx_word' id='word_1_557' title='bbox 2056 3103 2185 3156; x_wconf 75' lang='grc' dir='ltr'>της·</span> <span class='ocrx_word' id='word_1_558' title='bbox 2223 3086 2270 3139; x_wconf 87' lang='grc' dir='ltr'>εί</span> <span class='ocrx_word' id='word_1_559' title='bbox 2316 3087 2414 3141; x_wconf 72' lang='grc' dir='ltr'>οὐκ</span> <span class='ocrx_word' id='word_1_560' title='bbox 2463 3086 2540 3140; x_wconf 76' lang='grc' dir='ltr'>ἔνι</span> <span class='ocrx_word' id='word_1_561' title='bbox 2575 3085 2888 3157; x_wconf 76' lang='grc' dir='ltr'>Εὐφράτης,</span> <span class='ocrx_word' id='word_1_562' title='bbox 2936 3085 3035 3137; x_wconf 80' lang='grc' dir='ltr'>οὐκ</span> <span class='ocrx_word' id='word_1_563' title='bbox 3080 3083 3159 3135; x_wconf 83' lang='grc' dir='ltr'>ἔνι</span> <span class='ocrx_word' id='word_1_564' title='bbox 3207 3083 3366 3153; x_wconf 83' lang='grc' dir='ltr'>συκῆ,</span> <span class='ocrx_word' id='word_1_565' title='bbox 3415 3083 3516 3135; x_wconf 82' lang='grc' dir='ltr'>οὐκ</span> <span class='ocrx_word' id='word_1_566' title='bbox 3545 3081 3622 3135; x_wconf 79' lang='grc' dir='ltr'>ἔνι</span> 
     </span>
    </p>
   </div>
   <div class='ocr_carea' id='block_1_76' title="bbox 2056 3171 3621 3246">
    <p class='ocr_par' dir='ltr' id='par_1_76' title="bbox 2056 3171 3621 3246">
     <span class='ocr_line' id='line_1_76' title="bbox 2056 3171 3621 3246; baseline -0.002 -17"><span class='ocrx_word' id='word_1_567' title='bbox 2056 3177 2250 3244; x_wconf 77' lang='grc' dir='ltr'>φύλλα,</span> <span class='ocrx_word' id='word_1_568' title='bbox 2288 3177 2388 3230; x_wconf 80' lang='grc' dir='ltr'>οὐκ</span> <span class='ocrx_word' id='word_1_569' title='bbox 2427 3176 2504 3230; x_wconf 86' lang='lat' dir='ltr'><strong>Evt</strong></span> <span class='ocrx_word' id='word_1_570' title='bbox 2544 3176 2737 3246; x_wconf 81' lang='grc' dir='ltr'>Ἀδὰμ,</span> <span class='ocrx_word' id='word_1_571' title='bbox 2771 3175 2870 3228; x_wconf 82' lang='grc' dir='ltr'>οὑκ</span> <span class='ocrx_word' id='word_1_572' title='bbox 2899 3174 2978 3227; x_wconf 74' lang='grc' dir='ltr'>ἔνι</span> <span class='ocrx_word' id='word_1_573' title='bbox 3012 3176 3224 3242; x_wconf 77' lang='grc' dir='ltr'>φαγεῖν,</span> <span class='ocrx_word' id='word_1_574' title='bbox 3259 3174 3357 3226; x_wconf 82' lang='grc' dir='ltr'>οὐκ</span> <span class='ocrx_word' id='word_1_575' title='bbox 3387 3172 3464 3226; x_wconf 85' lang='lat' dir='ltr'><strong>Evt</strong></span> <span class='ocrx_word' id='word_1_576' title='bbox 3489 3171 3621 3234; x_wconf 69' lang='grc' dir='ltr'>Εὕα,</span> 
     </span>
    </p>
   </div>
   <div class='ocr_carea' id='block_1_77' title="bbox 2054 3259 3625 3334">
    <p class='ocr_par' dir='ltr' id='par_1_77' title="bbox 2054 3259 3625 3334">
     <span class='ocr_line' id='line_1_77' title="bbox 2054 3259 3625 3334; baseline -0.003 -17"><span class='ocrx_word' id='word_1_577' title='bbox 2054 3267 2152 3318; x_wconf 81' lang='grc' dir='ltr'>οὐκ</span> <span class='ocrx_word' id='word_1_578' title='bbox 2194 3265 2396 3334; x_wconf 77' lang='grc' dir='ltr'>ἔφαγεν</span> <span class='ocrx_word' id='word_1_579' title='bbox 2425 3265 2533 3317; x_wconf 83' lang='grc' dir='ltr'><strong>ἀπὸ</strong></span> <span class='ocrx_word' id='word_1_580' title='bbox 2563 3265 2658 3317; x_wconf 79' lang='grc' dir='ltr'>τοῦ</span> <span class='ocrx_word' id='word_1_581' title='bbox 2703 3263 2882 3328; x_wconf 82' lang='grc' dir='ltr'>ξύλου,</span> <span class='ocrx_word' id='word_1_582' title='bbox 2929 3262 3029 3314; x_wconf 85' lang='grc' dir='ltr'>οὑκ</span> <span class='ocrx_word' id='word_1_583' title='bbox 3079 3260 3161 3314; x_wconf 76' lang='grc' dir='ltr'>ἔνι</span> <span class='ocrx_word' id='word_1_584' title='bbox 3198 3260 3384 3330; x_wconf 82' lang='grc' dir='ltr'>Ἀδάμ..</span> <span class='ocrx_word' id='word_1_585' title='bbox 3433 3261 3494 3312; x_wconf 83' lang='lat' dir='ltr'><strong>Ei</strong></span> <span class='ocrx_word' id='word_1_586' title='bbox 3525 3259 3625 3312; x_wconf 84' lang='grc' dir='ltr'>οὐκ</span> 
     </span>
    </p>
   </div>
   <div class='ocr_carea' id='block_1_78' title="bbox 2053 3349 3626 3425">
    <p class='ocr_par' dir='ltr' id='par_1_78' title="bbox 2053 3349 3626 3425">
     <span class='ocr_line' id='line_1_78' title="bbox 2053 3349 3626 3425; baseline -0.006 -17"><span class='ocrx_word' id='word_1_587' title='bbox 2053 3355 2133 3408; x_wconf 88' lang='lat' dir='ltr'><strong>Evt</strong></span> <span class='ocrx_word' id='word_1_588' title='bbox 2187 3355 2376 3425; x_wconf 73' lang='grc' dir='ltr'>Ἀδὰμ,</span> <span class='ocrx_word' id='word_1_589' title='bbox 2405 3355 2504 3407; x_wconf 79' lang='grc' dir='ltr'>οὐκ</span> <span class='ocrx_word' id='word_1_590' title='bbox 2540 3355 2680 3406; x_wconf 81' lang='grc' dir='ltr'>εἰσὶν</span> <span class='ocrx_word' id='word_1_591' title='bbox 2711 3351 3011 3423; x_wconf 71' lang='grc' dir='ltr'>ἄνθρωποι,</span> <span class='ocrx_word' id='word_1_592' title='bbox 3047 3350 3182 3404; x_wconf 80' lang='grc' dir='ltr'>ἀλλὰ</span> <span class='ocrx_word' id='word_1_593' title='bbox 3228 3349 3395 3419; x_wconf 84' lang='grc' dir='ltr'>μῦθος</span> <span class='ocrx_word' id='word_1_594' title='bbox 3441 3349 3626 3401; x_wconf 79' lang='grc' dir='ltr'>λοιπὸν</span> 
     </span>
    </p>
   </div>
   <div class='ocr_carea' id='block_1_79' title="bbox 2051 3437 3624 3514">
    <p class='ocr_par' dir='ltr' id='par_1_79' title="bbox 2051 3437 3624 3514">
     <span class='ocr_line' id='line_1_79' title="bbox 2051 3437 3624 3514; baseline -0.006 -16"><span class='ocrx_word' id='word_1_595' title='bbox 2051 3449 2083 3514; x_wconf 81' lang='grc' dir='ltr'>ἡ</span> <span class='ocrx_word' id='word_1_596' title='bbox 2121 3444 2368 3513; x_wconf 82' lang='grc' dir='ltr'>ἀλήθεια,</span> <span class='ocrx_word' id='word_1_597' title='bbox 2399 3443 2494 3496; x_wconf 77' lang='grc' dir='ltr'><strong>καὶ</strong></span> <span class='ocrx_word' id='word_1_598' title='bbox 2523 3442 2902 3512; x_wconf 84' lang='grc' dir='ltr'>ἀλληγορεῖται</span> <span class='ocrx_word' id='word_1_599' title='bbox 2933 3439 3002 3492; x_wconf 83' lang='grc' dir='ltr'>τὰ</span> <span class='ocrx_word' id='word_1_600' title='bbox 3031 3439 3226 3492; x_wconf 81' lang='grc' dir='ltr'>πάντα.</span> <span class='ocrx_word' id='word_1_601' title='bbox 3263 3437 3419 3492; x_wconf 86' lang='grc' dir='ltr'>Ἔστι</span> <span class='ocrx_word' id='word_1_602' title='bbox 3448 3438 3624 3489; x_wconf 78' lang='grc' dir='ltr'>τοίνυν</span> 
     </span>
    </p>
   </div>
   <div class='ocr_carea' id='block_1_80' title="bbox 2065 3525 3624 3604">
    <p class='ocr_par' dir='ltr' id='par_1_80' title="bbox 2065 3525 3624 3604">
     <span class='ocr_line' id='line_1_80' title="bbox 2065 3525 3624 3604; baseline -0.005 -18"><span class='ocrx_word' id='word_1_603' title='bbox 2065 3535 2267 3604; x_wconf 84' lang='grc' dir='ltr'><strong>Ἀδάμ·</strong></span> <span class='ocrx_word' id='word_1_604' title='bbox 2320 3534 2484 3603; x_wconf 77' lang='grc' dir='ltr'>ἐσμὲν</span> <span class='ocrx_word' id='word_1_605' title='bbox 2525 3531 2634 3602; x_wconf 83' lang='grc' dir='ltr'><strong>γὰρ</strong></span> <span class='ocrx_word' id='word_1_606' title='bbox 2679 3531 2737 3597; x_wconf 72' lang='lat' dir='ltr'><strong>EE</strong></span> <span class='ocrx_word' id='word_1_607' title='bbox 2771 3529 2934 3583; x_wconf 76' lang='grc' dir='ltr'>αὑτοῦ</span> <span class='ocrx_word' id='word_1_608' title='bbox 2969 3530 3030 3582; x_wconf 84' lang='grc' dir='ltr'>τὸ</span> <span class='ocrx_word' id='word_1_609' title='bbox 3064 3529 3218 3598; x_wconf 83' lang='grc' dir='ltr'>γένος</span> <span class='ocrx_word' id='word_1_610' title='bbox 3262 3527 3426 3580; x_wconf 77' lang='grc' dir='ltr'>αὑτοῦ</span> <span class='ocrx_word' id='word_1_611' title='bbox 3471 3525 3624 3590; x_wconf 71' lang='grc' dir='ltr'>ὄντες</span> 
     </span>
    </p>
   </div>
   <div class='ocr_carea' id='block_1_81' title="bbox 2052 3615 3622 3692">
    <p class='ocr_par' dir='ltr' id='par_1_81' title="bbox 2052 3615 3622 3692">
     <span class='ocr_line' id='line_1_81' title="bbox 2052 3615 3622 3692; baseline -0.003 -16"><span class='ocrx_word' id='word_1_612' title='bbox 2052 3624 2250 3686; x_wconf 80' lang='grc' dir='ltr'>πάντες</span> <span class='ocrx_word' id='word_1_613' title='bbox 2298 3622 2440 3676; x_wconf 77' lang='grc' dir='ltr'>κατὰ</span> <span class='ocrx_word' id='word_1_614' title='bbox 2490 3621 2762 3690; x_wconf 79' lang='grc' dir='ltr'>διαδοχὴν,</span> <span class='ocrx_word' id='word_1_615' title='bbox 2797 3622 2891 3674; x_wconf 77' lang='grc' dir='ltr'>καὶ</span> <span class='ocrx_word' id='word_1_616' title='bbox 2932 3620 3147 3692; x_wconf 84' lang='grc' dir='ltr'>ὁρῶμεν</span> <span class='ocrx_word' id='word_1_617' title='bbox 3189 3617 3350 3672; x_wconf 80' lang='grc' dir='ltr'>αὑτὸν</span> <span class='ocrx_word' id='word_1_618' title='bbox 3386 3615 3476 3675; x_wconf 76' lang='grc' dir='ltr'>διὰ</span> <span class='ocrx_word' id='word_1_619' title='bbox 3527 3616 3622 3671; x_wconf 84' lang='grc' dir='ltr'>τοῦ</span> 
     </span>
    </p>
   </div>
   <div class='ocr_carea' id='block_1_82' title="bbox 2050 3711 2735 3783">
    <p class='ocr_par' dir='ltr' id='par_1_82' title="bbox 2050 3711 2735 3783">
     <span class='ocr_line' id='line_1_82' title="bbox 2050 3711 2735 3783; baseline -0.003 -18"><span class='ocrx_word' id='word_1_620' title='bbox 2050 3713 2286 3783; x_wconf 83' lang='grc' dir='ltr'>πλήθους</span> <span class='ocrx_word' id='word_1_621' title='bbox 2315 3713 2374 3764; x_wconf 82' lang='grc' dir='ltr'>ὲν</span> <span class='ocrx_word' id='word_1_622' title='bbox 2398 3714 2464 3782; x_wconf 82' lang='grc' dir='ltr'><strong>τῇ</strong></span> <span class='ocrx_word' id='word_1_623' title='bbox 2499 3711 2735 3780; x_wconf 82' lang='grc' dir='ltr'>διαδοχῇ.</span> 
     </span>
    </p>
   </div>
   <div class='ocr_carea' id='block_1_83' title="bbox 2119 3794 3627 3872">
    <p class='ocr_par' dir='ltr' id='par_1_83' title="bbox 2119 3794 3627 3872">
     <span class='ocr_line' id='line_1_83' title="bbox 2119 3794 3627 3872; baseline -0.006 -16"><span class='ocrx_word' id='word_1_624' title='bbox 2119 3803 2245 3858; x_wconf 69' lang='grc' dir='ltr'><strong>ΝΘν.</strong></span> <span class='ocrx_word' id='word_1_625' title='bbox 2301 3802 2472 3872; x_wconf 79' lang='grc' dir='ltr'>Ἀδὰμ</span> <span class='ocrx_word' id='word_1_626' title='bbox 2499 3801 2607 3872; x_wconf 77' lang='grc' dir='ltr'>γὰρ</span> <span class='ocrx_word' id='word_1_627' title='bbox 2645 3802 2810 3870; x_wconf 81' lang='grc' dir='ltr'>γεννᾷ</span> <span class='ocrx_word' id='word_1_628' title='bbox 2853 3799 2994 3853; x_wconf 76' lang='grc' dir='ltr'>κατὰ</span> <span class='ocrx_word' id='word_1_629' title='bbox 3021 3799 3118 3870; x_wconf 85' lang='grc' dir='ltr'>τὴν</span> <span class='ocrx_word' id='word_1_630' title='bbox 3163 3798 3308 3852; x_wconf 74' lang='grc' dir='ltr'>Ιδέαν</span> <span class='ocrx_word' id='word_1_631' title='bbox 3346 3796 3506 3852; x_wconf 76' lang='grc' dir='ltr'><strong>αὖτοῦ</strong></span> <span class='ocrx_word' id='word_1_632' title='bbox 3537 3794 3627 3848; x_wconf 80' lang='grc' dir='ltr'>τὸν</span> 
     </span>
    </p>
   </div>
   <div class='ocr_carea' id='block_1_84' title="bbox 1397 3955 2764 4028">
    <p class='ocr_par' dir='ltr' id='par_1_84' title="bbox 1397 3955 2764 4028">
     <span class='ocr_line' id='line_1_84' title="bbox 1397 3955 2764 4028; baseline 0.002 -18"><span class='ocrx_word' id='word_1_633' title='bbox 1397 3957 1418 3988; x_wconf 84' lang='grc'><strong><em>³</em></strong></span> <span class='ocrx_word' id='word_1_634' title='bbox 1449 3955 1520 4011; x_wconf 82' lang='lat' dir='ltr'><strong>Ea</strong></span> <span class='ocrx_word' id='word_1_635' title='bbox 1551 3965 1635 4012; x_wconf 88' lang='lat' dir='ltr'><strong>est</strong></span> <span class='ocrx_word' id='word_1_636' title='bbox 1663 3972 1785 4028; x_wconf 66' lang='lat' dir='ltr'><strong>qua:</strong></span> <span class='ocrx_word' id='word_1_637' title='bbox 1807 3956 1874 4012; x_wconf 88' lang='lat' dir='ltr'><strong>ab</strong></span> <span class='ocrx_word' id='word_1_638' title='bbox 1896 3956 1988 4012; x_wconf 92' lang='lat' dir='ltr'><strong>illo</strong></span> <span class='ocrx_word' id='word_1_639' title='bbox 2022 3971 2164 4026; x_wconf 81' lang='lat' dir='ltr'><strong>saepe</strong></span> <span class='ocrx_word' id='word_1_640' title='bbox 2209 3955 2513 4026; x_wconf 82' lang='grc' dir='ltr'>’Δξουμῖτις</span> <span class='ocrx_word' id='word_1_641' title='bbox 2544 3955 2764 4013; x_wconf 88' lang='lat' dir='ltr'><strong>dicitur.</strong></span> 
     </span>
    </p>
   </div>
   <div class='ocr_carea' id='block_1_85' title="bbox 2061 4103 3627 4177">
    <p class='ocr_par' dir='ltr' id='par_1_85' title="bbox 2061 4103 3627 4177">
     <span class='ocr_line' id='line_1_85' title="bbox 2061 4103 3627 4177; baseline -0.003 -14"><span class='ocrx_word' id='word_1_642' title='bbox 2061 4109 2232 4162; x_wconf 80' lang='lat' dir='ltr'><strong>Aliter</strong></span> <span class='ocrx_word' id='word_1_643' title='bbox 2265 4103 2600 4177; x_wconf 58' lang='lat' dir='ltr'><strong>Ethio‘piam</strong></span> <span class='ocrx_word' id='word_1_644' title='bbox 2663 4109 2718 4163; x_wconf 95' lang='lat' dir='ltr'><strong>in</strong></span> <span class='ocrx_word' id='word_1_645' title='bbox 2774 4109 3094 4164; x_wconf 89' lang='lat' dir='ltr'><strong>orientalem</strong></span> <span class='ocrx_word' id='word_1_646' title='bbox 3144 4119 3196 4162; x_wconf 85' lang='lat' dir='ltr'><strong>et</strong></span> <span class='ocrx_word' id='word_1_647' title='bbox 3235 4107 3627 4164; x_wconf 83' lang='lat' dir='ltr'><strong>occidentalem</strong></span> 
     </span>
    </p>
   </div>
   <div class='ocr_carea' id='block_1_86' title="bbox 2061 4178 3630 4242">
    <p class='ocr_par' dir='ltr' id='par_1_86' title="bbox 2061 4178 3630 4242">
     <span class='ocr_line' id='line_1_86' title="bbox 2061 4178 3630 4242; baseline -0.001 -11"><span class='ocrx_word' id='word_1_648' title='bbox 2061 4178 2309 4231; x_wconf 89' lang='lat' dir='ltr'><strong>dividunt</strong></span> <span class='ocrx_word' id='word_1_649' title='bbox 2361 4179 2580 4240; x_wconf 85' lang='lat' dir='ltr'><strong>Strabo,</strong></span> <span class='ocrx_word' id='word_1_650' title='bbox 2629 4180 2958 4234; x_wconf 76' lang='lat' dir='ltr'><strong>Ptolemaeus</strong></span> <span class='ocrx_word' id='word_1_651' title='bbox 2997 4188 3049 4233; x_wconf 90' lang='lat' dir='ltr'><strong>et</strong></span> <span class='ocrx_word' id='word_1_652' title='bbox 3097 4179 3213 4242; x_wconf 92' lang='lat' dir='ltr'><strong>alii,</strong></span> <span class='ocrx_word' id='word_1_653' title='bbox 3287 4178 3630 4236; x_wconf 85' lang='lat' dir='ltr'><strong>interﬂuente</strong></span> 
     </span>
    </p>
   </div>
   <div class='ocr_carea' id='block_1_87' title="bbox 2059 4247 3626 4319">
    <p class='ocr_par' dir='ltr' id='par_1_87' title="bbox 2059 4247 3626 4319">
     <span class='ocr_line' id='line_1_87' title="bbox 2059 4247 3626 4319; baseline -0.002 -20"><span class='ocrx_word' id='word_1_654' title='bbox 2059 4247 2203 4319; x_wconf 52' lang='grc' dir='ltr'>δυο.</span> <span class='ocrx_word' id='word_1_655' title='bbox 2237 4247 2345 4302; x_wconf 87' lang='lat' dir='ltr'><strong>Sed</strong></span> <span class='ocrx_word' id='word_1_656' title='bbox 2372 4263 2435 4319; x_wconf 78' lang='lat' dir='ltr'><strong>ea</strong></span> <span class='ocrx_word' id='word_1_657' title='bbox 2464 4249 2660 4319; x_wconf 87' lang='lat' dir='ltr'><strong>divisio</strong></span> <span class='ocrx_word' id='word_1_658' title='bbox 2692 4249 2828 4302; x_wconf 91' lang='lat' dir='ltr'><strong>nihil</strong></span> <span class='ocrx_word' id='word_1_659' title='bbox 2861 4250 2927 4302; x_wconf 91' lang='lat' dir='ltr'><strong>ad</strong></span> <span class='ocrx_word' id='word_1_660' title='bbox 2963 4250 3105 4319; x_wconf 79' lang='lat' dir='ltr'><strong>hunc</strong></span> <span class='ocrx_word' id='word_1_661' title='bbox 3147 4249 3321 4301; x_wconf 91' lang='lat' dir='ltr'><strong>locum</strong></span> <span class='ocrx_word' id='word_1_662' title='bbox 3373 4248 3626 4319; x_wconf 86' lang='lat' dir='ltr'><strong>pertinet.</strong></span> 
     </span>
    </p>
   </div>
   <div class='ocr_carea' id='block_1_88' title="bbox 379 4316 3263 4386">
    <p class='ocr_par' dir='ltr' id='par_1_88' title="bbox 379 4316 3263 4386">
     <span class='ocr_line' id='line_1_88' title="bbox 379 4316 3263 4386; baseline 0 -17"><span class='ocrx_word' id='word_1_663' title='bbox 379 4316 527 4385; x_wconf 85' lang='lat' dir='ltr'><strong>piam</strong></span> <span class='ocrx_word' id='word_1_664' title='bbox 561 4332 848 4386; x_wconf 79' lang='lat' dir='ltr'><strong>permeans</strong></span> <span class='ocrx_word' id='word_1_665' title='bbox 879 4327 931 4370; x_wconf 89' lang='lat' dir='ltr'><strong>et</strong></span> <span class='ocrx_word' id='word_1_666' title='bbox 962 4317 1028 4369; x_wconf 89' lang='lat' dir='ltr'><strong>ad</strong></span> <span class='ocrx_word' id='word_1_667' title='bbox 1073 4326 1320 4371; x_wconf 88' lang='lat' dir='ltr'><strong>austrum</strong></span> <span class='ocrx_word' id='word_1_668' title='bbox 1355 4331 1674 4386; x_wconf 79' lang='lat' dir='ltr'><strong>conversus,</strong></span> <span class='ocrx_word' id='word_1_669' title='bbox 1711 4316 1762 4386; x_wconf 72' lang='lat' dir='ltr'><strong>in</strong></span> <span class='ocrx_word' id='word_1_670' title='bbox 1794 4316 1957 4370; x_wconf 86' lang='lat' dir='ltr'><strong>Gadi-</strong></span> <span class='ocrx_word' id='word_1_671' title='bbox 1991 4325 2031 4378; x_wconf 82' lang='grc' dir='ltr'>ι)</span> <span class='ocrx_word' id='word_1_672' title='bbox 2061 4316 2184 4372; x_wconf 71' lang='lat' dir='ltr'><strong>Haec</strong></span> <span class='ocrx_word' id='word_1_673' title='bbox 2211 4333 2342 4371; x_wconf 90' lang='lat' dir='ltr'><strong>sane</strong></span> <span class='ocrx_word' id='word_1_674' title='bbox 2369 4317 2436 4369; x_wconf 92' lang='lat' dir='ltr'><strong>ad</strong></span> <span class='ocrx_word' id='word_1_675' title='bbox 2474 4317 2649 4371; x_wconf 91' lang='lat' dir='ltr'><strong>locum</strong></span> <span class='ocrx_word' id='word_1_676' title='bbox 2687 4330 3026 4386; x_wconf 69' lang='lat' dir='ltr'><strong>praesentem.</strong></span> <span class='ocrx_word' id='word_1_677' title='bbox 3061 4316 3263 4371; x_wconf 67' lang='grc' dir='ltr'>Ρετλν.</span> 
     </span>
    </p>
   </div>
   <div class='ocr_carea' id='block_1_89' title="bbox 379 4383 1956 4454">
    <p class='ocr_par' dir='ltr' id='par_1_89' title="bbox 379 4383 1956 4454">
     <span class='ocr_line' id='line_1_89' title="bbox 379 4383 1956 4454; baseline 0.001 -16"><span class='ocrx_word' id='word_1_678' title='bbox 379 4383 573 4438; x_wconf 82' lang='lat' dir='ltr'><strong>ianum</strong></span> <span class='ocrx_word' id='word_1_679' title='bbox 591 4401 854 4438; x_wconf 87' lang='lat' dir='ltr'><strong>oceanum</strong></span> <span class='ocrx_word' id='word_1_680' title='bbox 896 4386 1154 4454; x_wconf 89' lang='lat' dir='ltr'><strong>erumpit.</strong></span> <span class='ocrx_word' id='word_1_681' title='bbox 1187 4386 1340 4451; x_wconf 88' lang='lat' dir='ltr'><strong>Quod</strong></span> <span class='ocrx_word' id='word_1_682' title='bbox 1371 4385 1574 4440; x_wconf 87' lang='lat' dir='ltr'><strong>Phison</strong></span> <span class='ocrx_word' id='word_1_683' title='bbox 1616 4387 1687 4438; x_wconf 90' lang='lat' dir='ltr'><strong>sit</strong></span> <span class='ocrx_word' id='word_1_684' title='bbox 1717 4383 1956 4454; x_wconf 86' lang='lat' dir='ltr'><strong>Ganges.</strong></span> 
     </span>
    </p>
   </div>
   <div class='ocr_carea' id='block_1_90' title="bbox 379 4454 1960 4526">
    <p class='ocr_par' dir='ltr' id='par_1_90' title="bbox 379 4454 1960 4526">
     <span class='ocr_line' id='line_1_90' title="bbox 379 4454 1960 4526; baseline 0.001 -20"><span class='ocrx_word' id='word_1_685' title='bbox 379 4456 626 4508; x_wconf 81' lang='lat' dir='ltr'><strong>omnium</strong></span> <span class='ocrx_word' id='word_1_686' title='bbox 677 4470 844 4526; x_wconf 85' lang='lat' dir='ltr'><strong>prope</strong></span> <span class='ocrx_word' id='word_1_687' title='bbox 879 4464 1123 4526; x_wconf 87' lang='lat' dir='ltr'><strong>veterum</strong></span> <span class='ocrx_word' id='word_1_688' title='bbox 1175 4457 1361 4526; x_wconf 88' lang='lat' dir='ltr'><strong>opinio</strong></span> <span class='ocrx_word' id='word_1_689' title='bbox 1395 4454 1530 4526; x_wconf 63' lang='lat' dir='ltr'><strong>(uit;</strong></span> <span class='ocrx_word' id='word_1_690' title='bbox 1563 4471 1683 4524; x_wconf 77' lang='lat' dir='ltr'><strong>quae</strong></span> <span class='ocrx_word' id='word_1_691' title='bbox 1717 4465 1802 4511; x_wconf 89' lang='lat' dir='ltr'><strong>est</strong></span> <span class='ocrx_word' id='word_1_692' title='bbox 1845 4457 1960 4524; x_wconf 87' lang='lat' dir='ltr'><strong>ipsa</strong></span> 
     </span>
    </p>
   </div>
   <div class='ocr_carea' id='block_1_91' title="bbox 369 4523 1962 4593">
    <p class='ocr_par' dir='ltr' id='par_1_91' title="bbox 369 4523 1962 4593">
     <span class='ocr_line' id='line_1_91' title="bbox 369 4523 1962 4593; baseline 0 -15"><span class='ocrx_word' id='word_1_693' title='bbox 369 4535 560 4578; x_wconf 74' lang='lat' dir='ltr'><strong>tamen</strong></span> <span class='ocrx_word' id='word_1_694' title='bbox 594 4524 820 4577; x_wconf 89' lang='lat' dir='ltr'><strong>minime</strong></span> <span class='ocrx_word' id='word_1_695' title='bbox 852 4525 1174 4593; x_wconf 88' lang='lat' dir='ltr'><strong>probabilis.</strong></span> <span class='ocrx_word' id='word_1_696' title='bbox 1213 4523 1354 4579; x_wconf 74' lang='lat' dir='ltr'><strong>Nam</strong></span> <span class='ocrx_word' id='word_1_697' title='bbox 1400 4523 1603 4579; x_wconf 84' lang='lat' dir='ltr'><strong>Phison</strong></span> <span class='ocrx_word' id='word_1_698' title='bbox 1636 4535 1719 4580; x_wconf 88' lang='lat' dir='ltr'><strong>est</strong></span> <span class='ocrx_word' id='word_1_699' title='bbox 1761 4523 1962 4579; x_wconf 87' lang='lat' dir='ltr'><strong>Pasiti-</strong></span> 
     </span>
    </p>
   </div>
   <div class='ocr_carea' id='block_1_92' title="bbox 377 4593 1961 4666">
    <p class='ocr_par' dir='ltr' id='par_1_92' title="bbox 377 4593 1961 4666">
     <span class='ocr_line' id='line_1_92' title="bbox 377 4593 1961 4666; baseline 0.002 -21"><span class='ocrx_word' id='word_1_700' title='bbox 377 4595 512 4666; x_wconf 77' lang='lat' dir='ltr'><strong>gris.</strong></span> <span class='ocrx_word' id='word_1_701' title='bbox 542 4602 595 4648; x_wconf 92' lang='lat' dir='ltr'><strong>ct</strong></span> <span class='ocrx_word' id='word_1_702' title='bbox 629 4593 811 4664; x_wconf 86' lang='lat' dir='ltr'><strong>Tigris</strong></span> <span class='ocrx_word' id='word_1_703' title='bbox 841 4596 1050 4666; x_wconf 80' lang='lat' dir='ltr'><strong>alveus.</strong></span> <span class='ocrx_word' id='word_1_704' title='bbox 1081 4595 1275 4666; x_wconf 84' lang='lat' dir='ltr'><strong>ludum</strong></span> <span class='ocrx_word' id='word_1_705' title='bbox 1303 4611 1431 4666; x_wconf 86' lang='lat' dir='ltr'><strong>vero</strong></span> <span class='ocrx_word' id='word_1_706' title='bbox 1457 4612 1579 4650; x_wconf 90' lang='lat' dir='ltr'><strong>cum</strong></span> <span class='ocrx_word' id='word_1_707' title='bbox 1619 4594 1802 4666; x_wconf 81' lang='lat' dir='ltr'><strong>Gange</strong></span> <span class='ocrx_word' id='word_1_708' title='bbox 1838 4612 1961 4665; x_wconf 90' lang='lat' dir='ltr'><strong>per-</strong></span> 
     </span>
    </p>
   </div>
   <div class='ocr_carea' id='block_1_93' title="bbox 382 4663 1962 4724">
    <p class='ocr_par' dir='ltr' id='par_1_93' title="bbox 382 4663 1962 4724">
     <span class='ocr_line' id='line_1_93' title="bbox 382 4663 1962 4724; baseline 0.001 -8"><span class='ocrx_word' id='word_1_709' title='bbox 382 4663 636 4724; x_wconf 83' lang='lat' dir='ltr'><strong>miscere,</strong></span> <span class='ocrx_word' id='word_1_710' title='bbox 679 4663 730 4716; x_wconf 89' lang='lat' dir='ltr'><strong>et</strong></span> <span class='ocrx_word' id='word_1_711' title='bbox 781 4663 1032 4717; x_wconf 88' lang='lat' dir='ltr'><strong>eumdem</strong></span> <span class='ocrx_word' id='word_1_712' title='bbox 1079 4665 1133 4719; x_wconf 91' lang='lat' dir='ltr'><strong>in</strong></span> <span class='ocrx_word' id='word_1_713' title='bbox 1179 4665 1509 4720; x_wconf 88' lang='lat' dir='ltr'><strong>Gaditanmn</strong></span> <span class='ocrx_word' id='word_1_714' title='bbox 1563 4663 1962 4724; x_wconf 45' lang='lat' dir='ltr'><strong>oceanum—per</strong></span> 
     </span>
    </p>
   </div>
   <div class='ocr_carea' id='block_1_94' title="bbox 381 4733 1960 4804">
    <p class='ocr_par' dir='ltr' id='par_1_94' title="bbox 381 4733 1960 4804">
     <span class='ocr_line' id='line_1_94' title="bbox 381 4733 1960 4804; baseline 0.001 -17"><span class='ocrx_word' id='word_1_715' title='bbox 381 4733 718 4804; x_wconf 59' lang='lat' dir='ltr'><strong>{Ethiopian}</strong></span> <span class='ocrx_word' id='word_1_716' title='bbox 744 4734 1159 4790; x_wconf 87' lang='lat' dir='ltr'><strong>circumducere</strong></span> <span class='ocrx_word' id='word_1_717' title='bbox 1186 4736 1351 4789; x_wconf 87' lang='lat' dir='ltr'><strong>nimis</strong></span> <span class='ocrx_word' id='word_1_718' title='bbox 1380 4744 1464 4791; x_wconf 87' lang='lat' dir='ltr'><strong>est</strong></span> <span class='ocrx_word' id='word_1_719' title='bbox 1495 4736 1815 4791; x_wconf 86' lang='lat' dir='ltr'><strong>absurdum.</strong></span> <span class='ocrx_word' id='word_1_720' title='bbox 1855 4733 1960 4788; x_wconf 77' lang='lat' dir='ltr'><strong>PE-</strong></span> 
     </span>
    </p>
   </div>
   <div class='ocr_carea' id='block_1_95' title="bbox 385 4821 516 4858">
    <p class='ocr_par' dir='ltr' id='par_1_95' title="bbox 385 4821 516 4858">
     <span class='ocr_line' id='line_1_95' title="bbox 385 4821 516 4858; baseline -0.015 0"><span class='ocrx_word' id='word_1_721' title='bbox 385 4821 516 4858; x_wconf 57' lang='grc' dir='ltr'>τιν.</span> 
     </span>
    </p>
   </div>
   <div class='ocr_carea' id='block_1_96' title="bbox 455 4872 1962 4942">
    <p class='ocr_par' dir='ltr' id='par_1_96' title="bbox 455 4872 1962 4942">
     <span class='ocr_line' id='line_1_96' title="bbox 455 4872 1962 4942; baseline 0 -14"><span class='ocrx_word' id='word_1_722' title='bbox 455 4874 569 4941; x_wconf 88' lang='grc'>(78)</span> <span class='ocrx_word' id='word_1_723' title='bbox 611 4873 869 4940; x_wconf 76' lang='grc' dir='ltr'>Διαπερᾷ</span> <span class='ocrx_word' id='word_1_724' title='bbox 903 4872 971 4924; x_wconf 78' lang='grc' dir='ltr'>δὲ</span> <span class='ocrx_word' id='word_1_725' title='bbox 1000 4873 1112 4939; x_wconf 73' lang='grc' dir='ltr'>τὴν</span> <span class='ocrx_word' id='word_1_726' title='bbox 1137 4873 1412 4942; x_wconf 73' lang='grc' dir='ltr'><strong>μεγάλην</strong></span> <span class='ocrx_word' id='word_1_727' title='bbox 1448 4877 1776 4930; x_wconf 74' lang='grc' dir='ltr'>Αἰθιοπίαν.</span> <span class='ocrx_word' id='word_1_728' title='bbox 1826 4875 1962 4928; x_wconf 84' lang='lat' dir='ltr'><strong>Mul-</strong></span> 
     </span>
    </p>
   </div>
   <div class='ocr_carea' id='block_1_97' title="bbox 381 4941 1959 5013">
    <p class='ocr_par' dir='ltr' id='par_1_97' title="bbox 381 4941 1959 5013">
     <span class='ocr_line' id='line_1_97' title="bbox 381 4941 1959 5013; baseline 0.003 -18"><span class='ocrx_word' id='word_1_729' title='bbox 381 4944 546 5012; x_wconf 76' lang='lat' dir='ltr'><strong>tiplex</strong></span> <span class='ocrx_word' id='word_1_730' title='bbox 579 4941 724 5012; x_wconf 88' lang='lat' dir='ltr'><strong>apud</strong></span> <span class='ocrx_word' id='word_1_731' title='bbox 759 4947 1013 5011; x_wconf 88' lang='lat' dir='ltr'><strong>antiquos</strong></span> <span class='ocrx_word' id='word_1_732' title='bbox 1051 4941 1168 4997; x_wconf 87' lang='lat' dir='ltr'><strong>erat</strong></span> <span class='ocrx_word' id='word_1_733' title='bbox 1189 4943 1491 5013; x_wconf 64' lang='lat' dir='ltr'><strong>Ethiopia.</strong></span> <span class='ocrx_word' id='word_1_734' title='bbox 1526 4945 1707 4998; x_wconf 83' lang='lat' dir='ltr'><strong>Altera</strong></span> <span class='ocrx_word' id='word_1_735' title='bbox 1739 4947 1790 4998; x_wconf 92' lang='lat' dir='ltr'><strong>iu</strong></span> <span class='ocrx_word' id='word_1_736' title='bbox 1833 4947 1959 5000; x_wconf 88' lang='lat' dir='ltr'><strong>Asia</strong></span> 
     </span>
    </p>
   </div>
   <div class='ocr_carea' id='block_1_98' title="bbox 381 5013 1957 5081">
    <p class='ocr_par' dir='ltr' id='par_1_98' title="bbox 381 5013 1957 5081">
     <span class='ocr_line' id='line_1_98' title="bbox 381 5013 1957 5081; baseline 0.003 -17"><span class='ocrx_word' id='word_1_737' title='bbox 381 5016 449 5066; x_wconf 85' lang='lat' dir='ltr'><strong>ad</strong></span> <span class='ocrx_word' id='word_1_738' title='bbox 493 5015 705 5076; x_wconf 83' lang='lat' dir='ltr'><strong>ludum,</strong></span> <span class='ocrx_word' id='word_1_739' title='bbox 744 5016 878 5074; x_wconf 88' lang='lat' dir='ltr'><strong>sive,</strong></span> <span class='ocrx_word' id='word_1_740' title='bbox 919 5020 976 5065; x_wconf 91' lang='lat' dir='ltr'><strong>ut</strong></span> <span class='ocrx_word' id='word_1_741' title='bbox 1025 5013 1114 5065; x_wconf 82' lang='lat' dir='ltr'><strong>alii</strong></span> <span class='ocrx_word' id='word_1_742' title='bbox 1168 5016 1375 5074; x_wconf 87' lang='lat' dir='ltr'><strong>volunt,</strong></span> <span class='ocrx_word' id='word_1_743' title='bbox 1417 5015 1654 5081; x_wconf 78' lang='lat' dir='ltr'><strong>Gangen</strong></span> <span class='ocrx_word' id='word_1_744' title='bbox 1702 5015 1957 5081; x_wconf 87' lang='lat' dir='ltr'><strong>ﬂuvium;</strong></span> 
     </span>
    </p>
   </div>
   <div class='ocr_carea' id='block_1_99' title="bbox 381 5082 1958 5152">
    <p class='ocr_par' dir='ltr' id='par_1_99' title="bbox 381 5082 1958 5152">
     <span class='ocr_line' id='line_1_99' title="bbox 381 5082 1958 5152; baseline 0.001 -16"><span class='ocrx_word' id='word_1_745' title='bbox 381 5084 555 5138; x_wconf 86' lang='lat' dir='ltr'><strong>altera</strong></span> <span class='ocrx_word' id='word_1_746' title='bbox 589 5085 640 5152; x_wconf 82' lang='lat' dir='ltr'><strong>in</strong></span> <span class='ocrx_word' id='word_1_747' title='bbox 674 5082 886 5152; x_wconf 61' lang='lat' dir='ltr'><strong>Africa,</strong></span> <span class='ocrx_word' id='word_1_748' title='bbox 916 5082 1218 5151; x_wconf 89' lang='lat' dir='ltr'><strong>eademque</strong></span> <span class='ocrx_word' id='word_1_749' title='bbox 1253 5083 1543 5138; x_wconf 71' lang='lat' dir='ltr'><strong>Ptolemaeo</strong></span> <span class='ocrx_word' id='word_1_750' title='bbox 1583 5082 1816 5152; x_wconf 78' lang='lat' dir='ltr'><strong>duplex;</strong></span> <span class='ocrx_word' id='word_1_751' title='bbox 1856 5101 1958 5138; x_wconf 87' lang='lat' dir='ltr'><strong>una</strong></span> 
     </span>
    </p>
   </div>
   <div class='ocr_carea' id='block_1_100' title="bbox 381 5146 1960 5220">
    <p class='ocr_par' dir='ltr' id='par_1_100' title="bbox 381 5146 1960 5220">
     <span class='ocr_line' id='line_1_100' title="bbox 381 5146 1960 5220; baseline 0.006 -22"><span class='ocrx_word' id='word_1_752' title='bbox 381 5153 471 5206; x_wconf 74' lang='lat' dir='ltr'><strong>cui</strong></span> <span class='ocrx_word' id='word_1_753' title='bbox 535 5150 630 5204; x_wconf 75' lang='lat' dir='ltr'><strong>sub</strong></span> <span class='ocrx_word' id='word_1_754' title='bbox 659 5146 893 5218; x_wconf 60' lang='lat' dir='ltr'><strong>Aﬂgypto</strong></span> <span class='ocrx_word' id='word_1_755' title='bbox 954 5146 1254 5220; x_wconf 81' lang='lat' dir='ltr'><strong>cognomen</strong></span> <span class='ocrx_word' id='word_1_756' title='bbox 1291 5153 1576 5217; x_wconf 86' lang='lat' dir='ltr'><strong>attribuit;</strong></span> <span class='ocrx_word' id='word_1_757' title='bbox 1614 5146 1782 5207; x_wconf 81' lang='lat' dir='ltr'><strong>altera</strong></span> <span class='ocrx_word' id='word_1_758' title='bbox 1817 5156 1960 5208; x_wconf 90' lang='lat' dir='ltr'><strong>inte-</strong></span> 
     </span>
    </p>
   </div>
   <div class='ocr_carea' id='block_1_101' title="bbox 381 5221 1956 5292">
    <p class='ocr_par' dir='ltr' id='par_1_101' title="bbox 381 5221 1956 5292">
     <span class='ocr_line' id='line_1_101' title="bbox 381 5221 1956 5292; baseline 0.001 -18"><span class='ocrx_word' id='word_1_759' title='bbox 381 5222 517 5276; x_wconf 79' lang='lat' dir='ltr'><strong>rior.</strong></span> <span class='ocrx_word' id='word_1_760' title='bbox 550 5224 674 5277; x_wconf 79' lang='lat' dir='ltr'><strong>Haec</strong></span> <span class='ocrx_word' id='word_1_761' title='bbox 699 5235 907 5292; x_wconf 81' lang='lat' dir='ltr'><strong>autem,</strong></span> <span class='ocrx_word' id='word_1_762' title='bbox 933 5238 1053 5291; x_wconf 80' lang='lat' dir='ltr'><strong>quae</strong></span> <span class='ocrx_word' id='word_1_763' title='bbox 1078 5222 1148 5274; x_wconf 88' lang='lat' dir='ltr'><strong>ab</strong></span> <span class='ocrx_word' id='word_1_764' title='bbox 1180 5221 1480 5290; x_wconf 86' lang='lat' dir='ltr'><strong>Epiphanio</strong></span> <span class='ocrx_word' id='word_1_765' title='bbox 1516 5239 1708 5292; x_wconf 82' lang='lat' dir='ltr'><strong>magna</strong></span> <span class='ocrx_word' id='word_1_766' title='bbox 1738 5225 1956 5286; x_wconf 87' lang='lat' dir='ltr'><strong>dieitur,</strong></span> 
     </span>
    </p>
   </div>
   <div class='ocr_carea' id='block_1_102' title="bbox 384 5291 1958 5361">
    <p class='ocr_par' dir='ltr' id='par_1_102' title="bbox 384 5291 1958 5361">
     <span class='ocr_line' id='line_1_102' title="bbox 384 5291 1958 5361; baseline 0.004 -19"><span class='ocrx_word' id='word_1_767' title='bbox 384 5307 658 5361; x_wconf 83' lang='lat' dir='ltr'><strong>quamque</strong></span> <span class='ocrx_word' id='word_1_768' title='bbox 697 5291 899 5345; x_wconf 83' lang='lat' dir='ltr'><strong>Phison</strong></span> <span class='ocrx_word' id='word_1_769' title='bbox 933 5293 1253 5360; x_wconf 90' lang='lat' dir='ltr'><strong>perlabitur,</strong></span> <span class='ocrx_word' id='word_1_770' title='bbox 1291 5294 1686 5348; x_wconf 80' lang='lat' dir='ltr'><strong>inextricabilis</strong></span> <span class='ocrx_word' id='word_1_771' title='bbox 1715 5303 1817 5346; x_wconf 92' lang='lat' dir='ltr'><strong>est.</strong></span> <span class='ocrx_word' id='word_1_772' title='bbox 1853 5295 1958 5348; x_wconf 75' lang='lat' dir='ltr'><strong>Sed</strong></span> 
     </span>
    </p>
   </div>
   <div class='ocr_carea' id='block_1_103' title="bbox 385 5361 1961 5434">
    <p class='ocr_par' dir='ltr' id='par_1_103' title="bbox 385 5361 1961 5434">
     <span class='ocr_line' id='line_1_103' title="bbox 385 5361 1961 5434; baseline 0.002 -21"><span class='ocrx_word' id='word_1_773' title='bbox 385 5361 642 5434; x_wconf 71' lang='lat' dir='ltr'><strong>Asianum</strong></span> <span class='ocrx_word' id='word_1_774' title='bbox 688 5362 1020 5434; x_wconf 77' lang='lat' dir='ltr'><strong>intellexisse</strong></span> <span class='ocrx_word' id='word_1_775' title='bbox 1054 5363 1293 5434; x_wconf 83' lang='lat' dir='ltr'><strong>videtur;</strong></span> <span class='ocrx_word' id='word_1_776' title='bbox 1331 5380 1452 5416; x_wconf 87' lang='lat' dir='ltr'><strong>nam</strong></span> <span class='ocrx_word' id='word_1_777' title='bbox 1497 5362 1732 5434; x_wconf 67' lang='lat' dir='ltr'><strong>Aigypto</strong></span> <span class='ocrx_word' id='word_1_778' title='bbox 1779 5365 1961 5432; x_wconf 88' lang='lat' dir='ltr'><strong>subje-</strong></span> 
     </span>
    </p>
   </div>
   <div class='ocr_carea' id='block_1_104' title="bbox 383 5431 1960 5503">
    <p class='ocr_par' dir='ltr' id='par_1_104' title="bbox 383 5431 1960 5503">
     <span class='ocr_line' id='line_1_104' title="bbox 383 5431 1960 5503; baseline 0.006 -24"><span class='ocrx_word' id='word_1_779' title='bbox 383 5438 531 5503; x_wconf 73' lang='lat' dir='ltr'><strong>etam</strong></span> <span class='ocrx_word' id='word_1_780' title='bbox 579 5431 800 5503; x_wconf 76' lang='lat' dir='ltr'><strong>alteram</strong></span> <span class='ocrx_word' id='word_1_781' title='bbox 858 5431 1059 5503; x_wconf 52' lang='grc' dir='ltr'>μικρὰν</span> <span class='ocrx_word' id='word_1_782' title='bbox 1096 5433 1348 5503; x_wconf 80' lang='lat' dir='ltr'><strong>appellat.</strong></span> <span class='ocrx_word' id='word_1_783' title='bbox 1405 5435 1546 5486; x_wconf 81' lang='lat' dir='ltr'><strong>Sane</strong></span> <span class='ocrx_word' id='word_1_784' title='bbox 1578 5431 1801 5486; x_wconf 71' lang='lat' dir='ltr'><strong>Arabiae</strong></span> <span class='ocrx_word' id='word_1_785' title='bbox 1838 5449 1960 5503; x_wconf 85' lang='lat' dir='ltr'><strong>pars</strong></span> 
     </span>
    </p>
   </div>
   <div class='ocr_carea' id='block_1_105' title="bbox 385 5449 1960 5572">
    <p class='ocr_par' dir='ltr' id='par_1_105' title="bbox 385 5449 1960 5572">
     <span class='ocr_line' id='line_1_105' title="bbox 385 5449 1960 5503; baseline 0.004 -21"><span class='ocrx_word' id='word_1_786' title='bbox 385 5449 531 5482; x_wconf 83' lang='lat' dir='ltr'><strong>ctam</strong></span> <span class='ocrx_word' id='word_1_787' title='bbox 579 5449 800 5483; x_wconf 78' lang='lat' dir='ltr'><strong>atteram</strong></span> <span class='ocrx_word' id='word_1_788' title='bbox 903 5449 1059 5502; x_wconf 81' lang='grc' dir='ltr'>ικραν</span> <span class='ocrx_word' id='word_1_789' title='bbox 1096 5449 1348 5502; x_wconf 80' lang='lat' dir='ltr'><strong>appellat.</strong></span> <span class='ocrx_word' id='word_1_790' title='bbox 1405 5449 1546 5486; x_wconf 66' lang='lat' dir='ltr'><strong>Sane</strong></span> <span class='ocrx_word' id='word_1_791' title='bbox 1588 5449 1801 5486; x_wconf 74' lang='lat' dir='ltr'><strong>mania:</strong></span> <span class='ocrx_word' id='word_1_792' title='bbox 1838 5449 1960 5503; x_wconf 85' lang='lat' dir='ltr'><strong>pars</strong></span> 
     </span>
     <span class='ocr_line' id='line_1_106' title="bbox 385 5449 1960 5572; baseline 0.004 -21"><span class='ocrx_word' id='word_1_793' title='bbox 385 5497 550 5557; x_wconf 82' lang='lat' dir='ltr'><strong>Cltus,</strong></span> <span class='ocrx_word' id='word_1_794' title='bbox 589 5499 689 5572; x_wconf 84' lang='lat' dir='ltr'><strong>hoc</strong></span> <span class='ocrx_word' id='word_1_795' title='bbox 721 5507 805 5572; x_wconf 82' lang='lat' dir='ltr'><strong>est</strong></span> <span class='ocrx_word' id='word_1_796' title='bbox 837 5449 1130 5572; x_wconf 46' lang='lat' dir='ltr'><strong>Ethiopian:</strong></span> <span class='ocrx_word' id='word_1_797' title='bbox 1184 5502 1400 5556; x_wconf 87' lang='lat' dir='ltr'><strong>nomine</strong></span> <span class='ocrx_word' id='word_1_798' title='bbox 1437 5503 1490 5555; x_wconf 92' lang='lat' dir='ltr'><strong>in</strong></span> <span class='ocrx_word' id='word_1_799' title='bbox 1521 5505 1693 5557; x_wconf 86' lang='lat' dir='ltr'><strong>sacris</strong></span> <span class='ocrx_word' id='word_1_800' title='bbox 1745 5503 1960 5557; x_wconf 69' lang='lat' dir='ltr'><strong>Litteris</strong></span> 
     </span>
    </p>
   </div>
   <div class='ocr_carea' id='block_1_106' title="bbox 386 5568 1960 5641">
    <p class='ocr_par' dir='ltr' id='par_1_106' title="bbox 386 5568 1960 5641">
     <span class='ocr_line' id='line_1_107' title="bbox 386 5568 1960 5641; baseline 0.003 -21"><span class='ocrx_word' id='word_1_801' title='bbox 386 5568 887 5641; x_wconf 79' lang='lat' dir='ltr'><strong>comprehenditur.</strong></span> <span class='ocrx_word' id='word_1_802' title='bbox 937 5568 1162 5641; x_wconf 54' lang='lat' dir='ltr'><strong>De&#39;qua</strong></span> <span class='ocrx_word' id='word_1_803' title='bbox 1203 5574 1412 5625; x_wconf 73' lang='lat' dir='ltr'><strong>l&#39;ontcan</strong></span> <span class='ocrx_word' id='word_1_804' title='bbox 1459 5573 1808 5641; x_wconf 79' lang='lat' dir='ltr'><strong>aceipiendus</strong></span> <span class='ocrx_word' id='word_1_805' title='bbox 1840 5573 1960 5639; x_wconf 68' lang='lat' dir='ltr'><strong>l&#39;lpi-</strong></span> 
     </span>
    </p>
   </div>
   <div class='ocr_carea' id='block_1_107' title="bbox 391 5637 1954 5711">
    <p class='ocr_par' dir='ltr' id='par_1_107' title="bbox 391 5637 1954 5711">
     <span class='ocr_line' id='line_1_108' title="bbox 391 5637 1954 5711; baseline 0.001 -21"><span class='ocrx_word' id='word_1_806' title='bbox 391 5637 645 5708; x_wconf 79' lang='lat' dir='ltr'><strong>phanius.</strong></span> <span class='ocrx_word' id='word_1_807' title='bbox 676 5639 776 5691; x_wconf 80' lang='lat' dir='ltr'><strong>Sed</strong></span> <span class='ocrx_word' id='word_1_808' title='bbox 804 5640 1047 5709; x_wconf 66' lang='grc' dir='ltr'>μεγάλην</span> <span class='ocrx_word' id='word_1_809' title='bbox 1076 5637 1260 5711; x_wconf 79' lang='lat' dir='ltr'><strong>utique</strong></span> <span class='ocrx_word' id='word_1_810' title='bbox 1294 5637 1713 5695; x_wconf 47' lang='lat' dir='ltr'><strong>lltlltlillill‘C—IIOII</strong></span> <span class='ocrx_word' id='word_1_811' title='bbox 1749 5637 1954 5696; x_wconf 81' lang='lat' dir='ltr'><strong>debuit.</strong></span> 
     </span>
    </p>
   </div>
   <div class='ocr_carea' id='block_1_108' title="bbox 2137 4385 3631 4456">
    <p class='ocr_par' dir='ltr' id='par_1_108' title="bbox 2137 4385 3631 4456">
     <span class='ocr_line' id='line_1_109' title="bbox 2137 4385 3631 4456; baseline 0 -18"><span class='ocrx_word' id='word_1_812' title='bbox 2137 4387 2246 4456; x_wconf 85' lang='lat'><strong>(79)</strong></span> <span class='ocrx_word' id='word_1_813' title='bbox 2299 4387 2488 4456; x_wconf 78' lang='grc' dir='ltr'>Γεῴν,</span> <span class='ocrx_word' id='word_1_814' title='bbox 2543 4389 2659 4440; x_wconf 90' lang='lat' dir='ltr'><strong>sive</strong></span> <span class='ocrx_word' id='word_1_815' title='bbox 2688 4385 2894 4450; x_wconf 34' lang='lat' dir='ltr'><strong>’Gihon,</strong></span> <span class='ocrx_word' id='word_1_816' title='bbox 2939 4387 3158 4441; x_wconf 90' lang='lat' dir='ltr'><strong>ﬂuvium</strong></span> <span class='ocrx_word' id='word_1_817' title='bbox 3210 4385 3459 4440; x_wconf 88' lang='lat' dir='ltr'><strong>eumdem</strong></span> <span class='ocrx_word' id='word_1_818' title='bbox 3491 4397 3631 4456; x_wconf 66' lang='lat' dir='ltr'><strong>esse</strong></span> 
     </span>
    </p>
   </div>
   <div class='ocr_carea' id='block_1_109' title="bbox 2066 4453 3631 4526">
    <p class='ocr_par' dir='ltr' id='par_1_109' title="bbox 2066 4453 3631 4526">
     <span class='ocr_line' id='line_1_110' title="bbox 2066 4453 3631 4526; baseline -0.002 -17"><span class='ocrx_word' id='word_1_819' title='bbox 2066 4453 2188 4509; x_wconf 90' lang='lat' dir='ltr'><strong>cum</strong></span> <span class='ocrx_word' id='word_1_820' title='bbox 2212 4455 2357 4517; x_wconf 83' lang='lat' dir='ltr'><strong>Nilo,</strong></span> <span class='ocrx_word' id='word_1_821' title='bbox 2393 4455 2613 4510; x_wconf 80' lang='lat' dir='ltr'><strong>Patrum</strong></span> <span class='ocrx_word' id='word_1_822' title='bbox 2649 4458 2940 4526; x_wconf 85' lang='lat' dir='ltr'><strong>plerosque</strong></span> <span class='ocrx_word' id='word_1_823' title='bbox 2965 4456 3284 4518; x_wconf 88' lang='lat' dir='ltr'><strong>credidisse,</strong></span> <span class='ocrx_word' id='word_1_824' title='bbox 3325 4469 3462 4524; x_wconf 90' lang='lat' dir='ltr'><strong>quos</strong></span> <span class='ocrx_word' id='word_1_825' title='bbox 3491 4453 3631 4506; x_wconf 87' lang='lat' dir='ltr'><strong>inter</strong></span> 
     </span>
    </p>
   </div>
   <div class='ocr_carea' id='block_1_110' title="bbox 2065 4526 3629 4596">
    <p class='ocr_par' dir='ltr' id='par_1_110' title="bbox 2065 4526 3629 4596">
     <span class='ocr_line' id='line_1_111' title="bbox 2065 4526 3629 4596; baseline -0.001 -19"><span class='ocrx_word' id='word_1_826' title='bbox 2065 4527 2406 4596; x_wconf 80' lang='lat' dir='ltr'><strong>Epiphanius</strong></span> <span class='ocrx_word' id='word_1_827' title='bbox 2437 4533 2627 4596; x_wconf 86' lang='lat' dir='ltr'><strong>noster</strong></span> <span class='ocrx_word' id='word_1_828' title='bbox 2673 4527 2740 4579; x_wconf 89' lang='lat' dir='ltr'><strong>ad</strong></span> <span class='ocrx_word' id='word_1_829' title='bbox 2780 4535 3100 4595; x_wconf 69' lang='lat' dir='ltr'><strong>praesentem</strong></span> <span class='ocrx_word' id='word_1_830' title='bbox 3144 4526 3342 4588; x_wconf 90' lang='lat' dir='ltr'><strong>locum,</strong></span> <span class='ocrx_word' id='word_1_831' title='bbox 3376 4540 3476 4577; x_wconf 92' lang='lat' dir='ltr'><strong>nos</strong></span> <span class='ocrx_word' id='word_1_832' title='bbox 3511 4537 3629 4575; x_wconf 91' lang='lat' dir='ltr'><strong>mo-</strong></span> 
     </span>
    </p>
   </div>
   <div class='ocr_carea' id='block_1_111' title="bbox 2065 4595 3634 4665">
    <p class='ocr_par' dir='ltr' id='par_1_111' title="bbox 2065 4595 3634 4665">
     <span class='ocr_line' id='line_1_112' title="bbox 2065 4595 3634 4665; baseline -0.004 -15"><span class='ocrx_word' id='word_1_833' title='bbox 2065 4595 2154 4650; x_wconf 84' lang='lat' dir='ltr'><strong>uet</strong></span> <span class='ocrx_word' id='word_1_834' title='bbox 2200 4595 2490 4660; x_wconf 83' lang='lat' dir='ltr'><strong>Petavius;</strong></span> <span class='ocrx_word' id='word_1_835' title='bbox 2546 4595 2632 4648; x_wconf 87' lang='lat' dir='ltr'><strong>cui</strong></span> <span class='ocrx_word' id='word_1_836' title='bbox 2672 4606 2853 4649; x_wconf 83' lang='lat' dir='ltr'><strong>tamen</strong></span> <span class='ocrx_word' id='word_1_837' title='bbox 2892 4598 3077 4665; x_wconf 88' lang='lat' dir='ltr'><strong>opinio</strong></span> <span class='ocrx_word' id='word_1_838' title='bbox 3122 4596 3212 4648; x_wconf 91' lang='lat' dir='ltr'><strong>illa</strong></span> <span class='ocrx_word' id='word_1_839' title='bbox 3259 4596 3479 4665; x_wconf 81' lang='lat' dir='ltr'><strong>minime</strong></span> <span class='ocrx_word' id='word_1_840' title='bbox 3510 4607 3634 4661; x_wconf 85' lang='lat' dir='ltr'><strong>pro-</strong></span> 
     </span>
    </p>
   </div>
   <div class='ocr_carea' id='block_1_112' title="bbox 2063 4663 3635 4720">
    <p class='ocr_par' dir='ltr' id='par_1_112' title="bbox 2063 4663 3635 4720">
     <span class='ocr_line' id='line_1_113' title="bbox 2063 4663 3635 4720; baseline -0.004 0"><span class='ocrx_word' id='word_1_841' title='bbox 2063 4667 2240 4720; x_wconf 85' lang='lat' dir='ltr'><strong>batur.</strong></span> <span class='ocrx_word' id='word_1_842' title='bbox 2276 4665 2368 4718; x_wconf 83' lang='lat' dir='ltr'><strong>Sic</strong></span> <span class='ocrx_word' id='word_1_843' title='bbox 2398 4665 2544 4718; x_wconf 88' lang='lat' dir='ltr'><strong>enim</strong></span> <span class='ocrx_word' id='word_1_844' title='bbox 2583 4681 2640 4716; x_wconf 88' lang='lat' dir='ltr'><strong>se</strong></span> <span class='ocrx_word' id='word_1_845' title='bbox 2671 4665 2832 4717; x_wconf 84' lang='lat' dir='ltr'><strong>habet</strong></span> <span class='ocrx_word' id='word_1_846' title='bbox 2865 4663 2943 4718; x_wconf 83' lang='lat' dir='ltr'><strong>ad</strong></span> <span class='ocrx_word' id='word_1_847' title='bbox 2979 4668 3122 4718; x_wconf 91' lang='lat' dir='ltr'><strong>hunc</strong></span> <span class='ocrx_word' id='word_1_848' title='bbox 3169 4665 3345 4718; x_wconf 82' lang='lat' dir='ltr'><strong>locum</strong></span> <span class='ocrx_word' id='word_1_849' title='bbox 3379 4682 3391 4716; x_wconf 91' lang='lat'>:</span> <span class='ocrx_word' id='word_1_850' title='bbox 3424 4663 3635 4716; x_wconf 82' lang='lat' dir='ltr'><strong>Secun-</strong></span> 
     </span>
    </p>
   </div>
   <div class='ocr_carea' id='block_1_113' title="bbox 2063 4731 3634 4816">
    <p class='ocr_par' dir='ltr' id='par_1_113' title="bbox 2063 4731 3634 4816">
     <span class='ocr_line' id='line_1_114' title="bbox 2063 4731 3634 4816; baseline -0.004 -27"><span class='ocrx_word' id='word_1_851' title='bbox 2063 4737 2167 4816; x_wconf 61' lang='lat' dir='ltr'><strong>dus</strong></span> <span class='ocrx_word' id='word_1_852' title='bbox 2213 4735 2410 4789; x_wconf 87' lang='lat' dir='ltr'><strong>ﬂuvius</strong></span> <span class='ocrx_word' id='word_1_853' title='bbox 2447 4733 2978 4816; x_wconf 46' lang='lat' dir='ltr'><strong>e_st_31t&#39;t’:ﬁGi/wu;</strong></span> <span class='ocrx_word' id='word_1_854' title='bbox 3021 4732 3200 4816; x_wconf 44' lang='lat' dir='ltr'><strong>.LXX,</strong></span> <span class='ocrx_word' id='word_1_855' title='bbox 3242 4733 3405 4816; x_wconf 55' lang='lat' dir='ltr'><strong>Fetbv:</strong></span> <span class='ocrx_word' id='word_1_856' title='bbox 3445 4731 3634 4816; x_wconf 39' lang='lat' dir='ltr'><strong>‘Quem</strong></span> 
     </span>
    </p>
   </div>
   <div class='ocr_carea' id='block_1_114' title="bbox 2062 4802 3636 4872">
    <p class='ocr_par' dir='ltr' id='par_1_114' title="bbox 2062 4802 3636 4872">
     <span class='ocr_line' id='line_1_115' title="bbox 2062 4802 3636 4872; baseline -0.004 -14"><span class='ocrx_word' id='word_1_857' title='bbox 2062 4805 2242 4858; x_wconf 83' lang='lat' dir='ltr'><strong>Nilum</strong></span> <span class='ocrx_word' id='word_1_858' title='bbox 2281 4820 2406 4858; x_wconf 87' lang='lat' dir='ltr'><strong>esse</strong></span> <span class='ocrx_word' id='word_1_859' title='bbox 2441 4802 2686 4872; x_wconf 74' lang='lat' dir='ltr'><strong>plerique</strong></span> <span class='ocrx_word' id='word_1_860' title='bbox 2721 4802 2910 4859; x_wconf 86' lang='lat' dir='ltr'><strong>Patres</strong></span> <span class='ocrx_word' id='word_1_861' title='bbox 2949 4805 3351 4864; x_wconf 82' lang='lat' dir='ltr'><strong>existimarunt,</strong></span> <span class='ocrx_word' id='word_1_862' title='bbox 3384 4802 3636 4872; x_wconf 80' lang='lat' dir='ltr'><strong>interque</strong></span> 
     </span>
    </p>
   </div>
   <div class='ocr_carea' id='block_1_115' title="bbox 2062 4869 3635 4943">
    <p class='ocr_par' dir='ltr' id='par_1_115' title="bbox 2062 4869 3635 4943">
     <span class='ocr_line' id='line_1_116' title="bbox 2062 4869 3635 4943; baseline -0.006 -14"><span class='ocrx_word' id='word_1_863' title='bbox 2062 4884 2290 4930; x_wconf 68' lang='lat' dir='ltr'><strong>caeteros</strong></span> <span class='ocrx_word' id='word_1_864' title='bbox 2323 4869 2657 4943; x_wconf 78' lang='lat' dir='ltr'><strong>Epiphanius</strong></span> <span class='ocrx_word' id='word_1_865' title='bbox 2685 4888 2809 4926; x_wconf 90' lang='lat' dir='ltr'><strong>cum</strong></span> <span class='ocrx_word' id='word_1_866' title='bbox 2834 4875 2938 4936; x_wconf 84' lang='lat' dir='ltr'><strong>hic,</strong></span> <span class='ocrx_word' id='word_1_867' title='bbox 2971 4881 3082 4927; x_wconf 91' lang='lat' dir='ltr'><strong>tum</strong></span> <span class='ocrx_word' id='word_1_868' title='bbox 3119 4872 3358 4940; x_wconf 82' lang='lat' dir='ltr'><strong>Epistola</strong></span> <span class='ocrx_word' id='word_1_869' title='bbox 3381 4869 3635 4943; x_wconf 26' lang='lat' dir='ltr'><strong>ad‘Joan-</strong></span> 
     </span>
    </p>
   </div>
   <div class='ocr_carea' id='block_1_116' title="bbox 2063 4939 3634 5013">
    <p class='ocr_par' dir='ltr' id='par_1_116' title="bbox 2063 4939 3634 5013">
     <span class='ocr_line' id='line_1_117' title="bbox 2063 4939 3634 5013; baseline -0.005 -15"><span class='ocrx_word' id='word_1_870' title='bbox 2063 4963 2178 4999; x_wconf 71' lang='lat' dir='ltr'><strong>nem</strong></span> <span class='ocrx_word' id='word_1_871' title='bbox 2225 4939 2787 5013; x_wconf 75' lang='lat' dir='ltr'><strong>Hierosolymilanum.</strong></span> <span class='ocrx_word' id='word_1_872' title='bbox 2842 4943 2946 4998; x_wconf 89' lang='lat' dir='ltr'><strong>Sed</strong></span> <span class='ocrx_word' id='word_1_873' title='bbox 2995 4939 3284 5004; x_wconf 79' lang='lat' dir='ltr'><strong>immerito,</strong></span> <span class='ocrx_word' id='word_1_874' title='bbox 3315 4943 3390 4994; x_wconf 91' lang='lat' dir='ltr'><strong>uti</strong></span> <span class='ocrx_word' id='word_1_875' title='bbox 3439 4939 3634 4992; x_wconf 83' lang='lat' dir='ltr'><strong>Perre-</strong></span> 
     </span>
    </p>
   </div>
   <div class='ocr_carea' id='block_1_117' title="bbox 2063 5013 3638 5081">
    <p class='ocr_par' dir='ltr' id='par_1_117' title="bbox 2063 5013 3638 5081">
     <span class='ocr_line' id='line_1_118' title="bbox 2063 5013 3638 5081; baseline -0.006 -13"><span class='ocrx_word' id='word_1_876' title='bbox 2063 5017 2179 5069; x_wconf 90' lang='lat' dir='ltr'><strong>rius</strong></span> <span class='ocrx_word' id='word_1_877' title='bbox 2211 5022 2396 5067; x_wconf 89' lang='lat' dir='ltr'><strong>noster</strong></span> <span class='ocrx_word' id='word_1_878' title='bbox 2435 5013 2636 5081; x_wconf 89' lang='lat' dir='ltr'><strong>aliique</strong></span> <span class='ocrx_word' id='word_1_879' title='bbox 2669 5013 3045 5067; x_wconf 89' lang='lat' dir='ltr'><strong>demonstrant</strong></span> <span class='ocrx_word' id='word_1_880' title='bbox 3078 5030 3089 5066; x_wconf 89' lang='lat'><strong>:</strong></span> <span class='ocrx_word' id='word_1_881' title='bbox 3149 5027 3381 5081; x_wconf 89' lang='lat' dir='ltr'><strong>quorum</strong></span> <span class='ocrx_word' id='word_1_882' title='bbox 3403 5023 3638 5081; x_wconf 77' lang='lat' dir='ltr'><strong>accura-</strong></span> 
     </span>
    </p>
   </div>
   <div class='ocr_carea' id='block_1_118' title="bbox 2064 5080 3640 5139">
    <p class='ocr_par' dir='ltr' id='par_1_118' title="bbox 2064 5080 3640 5139">
     <span class='ocr_line' id='line_1_119' title="bbox 2064 5080 3640 5139; baseline -0.006 -1"><span class='ocrx_word' id='word_1_883' title='bbox 2064 5084 2260 5139; x_wconf 89' lang='lat' dir='ltr'><strong>tissimi</strong></span> <span class='ocrx_word' id='word_1_884' title='bbox 2311 5091 2440 5137; x_wconf 88' lang='lat' dir='ltr'><strong>sunt</strong></span> <span class='ocrx_word' id='word_1_885' title='bbox 2487 5080 2558 5136; x_wconf 86' lang='lat' dir='ltr'><strong>ea</strong></span> <span class='ocrx_word' id='word_1_886' title='bbox 2602 5083 2670 5136; x_wconf 85' lang='lat' dir='ltr'><strong>de</strong></span> <span class='ocrx_word' id='word_1_887' title='bbox 2715 5098 2776 5137; x_wconf 87' lang='lat' dir='ltr'><strong>re</strong></span> <span class='ocrx_word' id='word_1_888' title='bbox 2819 5085 3216 5135; x_wconf 89' lang='lat' dir='ltr'><strong>commentarii.</strong></span> <span class='ocrx_word' id='word_1_889' title='bbox 3271 5080 3326 5135; x_wconf 91' lang='lat' dir='ltr'><strong>lu</strong></span> <span class='ocrx_word' id='word_1_890' title='bbox 3379 5080 3471 5132; x_wconf 92' lang='lat' dir='ltr'><strong>illo</strong></span> <span class='ocrx_word' id='word_1_891' title='bbox 3506 5093 3640 5130; x_wconf 84' lang='lat' dir='ltr'><strong>vero</strong></span> 
     </span>
    </p>
   </div>
   <div class='ocr_carea' id='block_1_119' title="bbox 2063 5147 3635 5218">
    <p class='ocr_par' dir='ltr' id='par_1_119' title="bbox 2063 5147 3635 5218">
     <span class='ocr_line' id='line_1_120' title="bbox 2063 5147 3635 5218; baseline -0.006 -11"><span class='ocrx_word' id='word_1_892' title='bbox 2063 5153 2346 5208; x_wconf 78' lang='lat' dir='ltr'><strong>Hieremiae</strong></span> <span class='ocrx_word' id='word_1_893' title='bbox 2376 5153 2495 5205; x_wconf 89' lang='lat' dir='ltr'><strong>loco</strong></span> <span class='ocrx_word' id='word_1_894' title='bbox 2542 5151 2798 5206; x_wconf 86' lang='lat' dir='ltr'><strong>llebraice</strong></span> <span class='ocrx_word' id='word_1_895' title='bbox 2828 5163 2909 5206; x_wconf 89' lang='lat' dir='ltr'><strong>est</strong></span> <span class='ocrx_word' id='word_1_896' title='bbox 2939 5161 3114 5210; x_wconf 60' lang='lat' dir='ltr'><strong>&#39;11n’tv</strong></span> <span class='ocrx_word' id='word_1_897' title='bbox 3170 5159 3243 5210; x_wconf 60' lang='grc' dir='ltr'><strong>τις</strong></span> <span class='ocrx_word' id='word_1_898' title='bbox 3289 5167 3423 5218; x_wconf 85' lang='lat' dir='ltr'><strong>aqua</strong></span> <span class='ocrx_word' id='word_1_899' title='bbox 3457 5147 3635 5201; x_wconf 83' lang='lat' dir='ltr'><strong>Silwr.</strong></span> 
     </span>
    </p>
   </div>
   <div class='ocr_carea' id='block_1_120' title="bbox 2064 5219 3640 5292">
    <p class='ocr_par' dir='ltr' id='par_1_120' title="bbox 2064 5219 3640 5292">
     <span class='ocr_line' id='line_1_121' title="bbox 2064 5219 3640 5292; baseline -0.006 -16"><span class='ocrx_word' id='word_1_900' title='bbox 2064 5223 2420 5292; x_wconf 82' lang='lat' dir='ltr'><strong>Hieronymus</strong></span> <span class='ocrx_word' id='word_1_901' title='bbox 2449 5238 2640 5292; x_wconf 82' lang='lat' dir='ltr'><strong>aquam</strong></span> <span class='ocrx_word' id='word_1_902' title='bbox 2676 5221 2938 5292; x_wconf 71' lang='lat' dir='ltr'><strong>turbidum</strong></span> <span class='ocrx_word' id='word_1_903' title='bbox 2985 5221 3159 5292; x_wconf 72' lang='lat' dir='ltr'><strong>vertit.</strong></span> <span class='ocrx_word' id='word_1_904' title='bbox 3206 5219 3520 5292; x_wconf 49' lang='grc' dir='ltr'><strong>ΝὲηιςἻῖἹζῐῙΔ</strong></span> <span class='ocrx_word' id='word_1_905' title='bbox 3555 5223 3640 5270; x_wconf 78' lang='lat' dir='ltr'><strong>est.</strong></span> 
     </span>
    </p>
   </div>
   <div class='ocr_carea' id='block_1_121' title="bbox 2063 5286 3638 5361">
    <p class='ocr_par' dir='ltr' id='par_1_121' title="bbox 2063 5286 3638 5361">
     <span class='ocr_line' id='line_1_122' title="bbox 2063 5286 3638 5361; baseline -0.006 -15"><span class='ocrx_word' id='word_1_906' title='bbox 2063 5286 2370 5360; x_wconf 61' lang='lat' dir='ltr'><strong>nigrescere,</strong></span> <span class='ocrx_word' id='word_1_907' title='bbox 2409 5286 2675 5343; x_wconf 83' lang='lat' dir='ltr'><strong>turbidum</strong></span> <span class='ocrx_word' id='word_1_908' title='bbox 2703 5307 2834 5346; x_wconf 81' lang='lat' dir='ltr'><strong>esse.</strong></span> <span class='ocrx_word' id='word_1_909' title='bbox 2870 5291 3039 5361; x_wconf 66' lang='lat' dir='ltr'><strong>Grtecj</strong></span> <span class='ocrx_word' id='word_1_910' title='bbox 3075 5289 3219 5361; x_wconf 78' lang='grc' dir='ltr'>ὕδωρ</span> <span class='ocrx_word' id='word_1_911' title='bbox 3253 5289 3428 5357; x_wconf 82' lang='grc' dir='ltr'>Γηῶν.</span> <span class='ocrx_word' id='word_1_912' title='bbox 3459 5286 3638 5361; x_wconf 68' lang='lat' dir='ltr'><strong>Theo-</strong></span> 
     </span>
    </p>
   </div>
   <div class='ocr_carea' id='block_1_122' title="bbox 2064 5354 3640 5432">
    <p class='ocr_par' dir='ltr' id='par_1_122' title="bbox 2064 5354 3640 5432">
     <span class='ocr_line' id='line_1_123' title="bbox 2064 5354 3640 5432; baseline -0.003 -20"><span class='ocrx_word' id='word_1_913' title='bbox 2064 5354 2244 5432; x_wconf 81' lang='lat' dir='ltr'><strong>philus</strong></span> <span class='ocrx_word' id='word_1_914' title='bbox 2282 5363 2371 5414; x_wconf 86' lang='lat' dir='ltr'><strong>lih.</strong></span> <span class='ocrx_word' id='word_1_915' title='bbox 2415 5377 2452 5414; x_wconf 87' lang='lat' dir='ltr'><strong>ll</strong></span> <span class='ocrx_word' id='word_1_916' title='bbox 2493 5367 2560 5414; x_wconf 81' lang='lat' dir='ltr'><strong>ad</strong></span> <span class='ocrx_word' id='word_1_917' title='bbox 2595 5361 2910 5430; x_wconf 80' lang='lat' dir='ltr'><strong>Autolycum</strong></span> <span class='ocrx_word' id='word_1_918' title='bbox 2942 5376 2971 5414; x_wconf 91' lang='lat' dir='ltr'><strong>a</strong></span> <span class='ocrx_word' id='word_1_919' title='bbox 3004 5354 3199 5414; x_wconf 62' lang='lat' dir='ltr'><strong>Geone&#39;</strong></span> <span class='ocrx_word' id='word_1_920' title='bbox 3215 5354 3500 5428; x_wconf 78' lang='lat' dir='ltr'><strong>propagari</strong></span> <span class='ocrx_word' id='word_1_921' title='bbox 3545 5354 3640 5408; x_wconf 81' lang='lat' dir='ltr'><strong>Ni-</strong></span> 
     </span>
    </p>
   </div>
   <div class='ocr_carea' id='block_1_123' title="bbox 2065 5432 2426 5486">
    <p class='ocr_par' dir='ltr' id='par_1_123' title="bbox 2065 5432 2426 5486">
     <span class='ocr_line' id='line_1_124' title="bbox 2065 5432 2426 5486; baseline -0.014 0"><span class='ocrx_word' id='word_1_922' title='bbox 2065 5436 2173 5486; x_wconf 90' lang='lat' dir='ltr'><strong>lum</strong></span> <span class='ocrx_word' id='word_1_923' title='bbox 2211 5432 2426 5483; x_wconf 71' lang='lat' dir='ltr'><strong>asserit.</strong></span> 
     </span>
    </p>
   </div>
   <div class='ocr_carea' id='block_1_124' title="bbox 2134 5489 3643 5569">
    <p class='ocr_par' dir='ltr' id='par_1_124' title="bbox 2134 5489 3643 5569">
     <span class='ocr_line' id='line_1_125' title="bbox 2134 5489 3643 5569; baseline -0.007 -16"><span class='ocrx_word' id='word_1_924' title='bbox 2134 5501 2243 5569; x_wconf 80' lang='grc'>(80)</span> <span class='ocrx_word' id='word_1_925' title='bbox 2291 5501 2505 5565; x_wconf 55' lang='grc' dir='ltr'>Ίᾷιίτος,</span> <span class='ocrx_word' id='word_1_926' title='bbox 2547 5500 2719 5566; x_wconf 66' lang='grc' dir='ltr'>φησί.</span> <span class='ocrx_word' id='word_1_927' title='bbox 2759 5500 3038 5566; x_wconf 76' lang='grc' dir='ltr'>ποταμός.</span> <span class='ocrx_word' id='word_1_928' title='bbox 3081 5505 3198 5569; x_wconf 74' lang='lat' dir='ltr'><strong>_ctc.</strong></span> <span class='ocrx_word' id='word_1_929' title='bbox 3250 5495 3327 5569; x_wconf 76' lang='lat' dir='ltr'><strong>Ad</strong></span> <span class='ocrx_word' id='word_1_930' title='bbox 3373 5493 3538 5569; x_wconf 52' lang='lat' dir='ltr'><strong>Plinii</strong></span> <span class='ocrx_word' id='word_1_931' title='bbox 3576 5489 3643 5543; x_wconf 76' lang='lat' dir='ltr'><strong>li—</strong></span> 
     </span>
    </p>
   </div>
   <div class='ocr_carea' id='block_1_125' title="bbox 2063 5561 3642 5636">
    <p class='ocr_par' dir='ltr' id='par_1_125' title="bbox 2063 5561 3642 5636">
     <span class='ocr_line' id='line_1_126' title="bbox 2063 5561 3642 5636; baseline -0.008 -12"><span class='ocrx_word' id='word_1_932' title='bbox 2063 5561 2236 5625; x_wconf 30' lang='lat' dir='ltr'><strong>brum,</strong></span> <span class='ocrx_word' id='word_1_933' title='bbox 2271 5561 2340 5631; x_wconf 67' lang='lat' dir='ltr'><strong>Vt,</strong></span> <span class='ocrx_word' id='word_1_934' title='bbox 2385 5561 2504 5636; x_wconf 82' lang='lat' dir='ltr'><strong>cap.</strong></span> <span class='ocrx_word' id='word_1_935' title='bbox 2547 5561 2652 5633; x_wconf 44' lang='lat'><strong>‘27,</strong></span> <span class='ocrx_word' id='word_1_936' title='bbox 2698 5584 2796 5623; x_wconf 86' lang='lat' dir='ltr'><strong>nos</strong></span> <span class='ocrx_word' id='word_1_937' title='bbox 2836 5561 3051 5623; x_wconf 81' lang='lat' dir='ltr'><strong>remittit</strong></span> <span class='ocrx_word' id='word_1_938' title='bbox 3081 5565 3352 5620; x_wconf 78' lang='lat' dir='ltr'><strong>Petavius.</strong></span> <span class='ocrx_word' id='word_1_939' title='bbox 3401 5561 3642 5618; x_wconf 80' lang='lat' dir='ltr'><strong>Plinium</strong></span> 
     </span>
    </p>
   </div>
   <div class='ocr_carea' id='block_1_126' title="bbox 2066 5640 2403 5710">
    <p class='ocr_par' dir='ltr' id='par_1_126' title="bbox 2066 5640 2403 5710">
     <span class='ocr_line' id='line_1_127' title="bbox 2066 5640 2403 5710; baseline -0.012 -16"><span class='ocrx_word' id='word_1_940' title='bbox 2066 5643 2228 5710; x_wconf 81' lang='lat' dir='ltr'><strong>igitur</strong></span> <span class='ocrx_word' id='word_1_941' title='bbox 2267 5640 2403 5693; x_wconf 86' lang='lat' dir='ltr'><strong>vide.</strong></span> 
     </span>
    </p>
   </div>
  </div>
