3992 6198
304 235 403 292 lii

1717 233 2158 292 ANCORATUS.

3458 247 3561 303 122

302 346 450 418 Σήθ·
502 346 591 400 ἴνα
643 348 719 418 μή
774 363 859 410 τις
912 345 1109 419 νομίσῃ
1160 345 1245 398 τὸν
1294 347 1673 416 πεπλασμένον
1712 349 1887 411 ἄλλον,

2012 352 2132 405 iuit.
2165 351 2242 406 Ac
2281 368 2348 408 ne
2377 354 2500 424 quis
2531 355 2803 413 diversum
2840 365 2994 428 putet
3025 373 3148 414 eum
3177 373 3299 416 esse
3327 361 3417 432 qui
3451 362 3564 418 for

302 436 402 490 καὶ
456 437 583 500 τοὺς
640 437 1079 508 γεγεννημένους
1133 435 1359 500 ἄλλους,
1419 437 1575 491 τοῦτὸ
1633 457 1796 510 φησιν
1854 444 1887 512 ἡ

308 529 525 600 Γραφὴ,
556 528 704 583 κατὰ
744 527 863 596 τὴν
908 525 1077 580 ἰδέαν
1112 527 1320 580 αὑτοῦ.
1357 528 1466 598 Σὴθ
1499 529 1555 581 δὲ
1587 533 1753 601 γεννᾷ
1794 532 1888 583 τὸν

325 621 515 683 Ἑνὼς,
573 619 736 683 Ἐνὼς
781 618 875 671 τὸν
921 616 1146 678 Καϊνὰν,
1186 616 1396 670 Καϊνὰν
1448 619 1538 669 τὸν
1592 619 1888 690 Μαλελιὴλ,

314 709 589 780 Μαλελιήλ
615 709 702 762 τὸν
747 708 920 778 Ἰαρὲτ
955 707 1050 760 καὶ
1081 707 1172 759 τὸν
1217 707 1408 777 Ἑνὼχ,
1455 709 1623 779 Ἑνὼχ
1649 711 1738 762 τὸν
1767 712 1888 764 Μα-

317 802 570 860 θουσὰλα.
611 798 943 853 Μαθουσάλα
987 799 1078 850 τὸν
1115 799 1325 869 Λαμὲχ,
1379 800 1568 869 Λαμὲχ
1620 803 1706 852 τὸν
1744 803 1888 865 Νῶε,

317 893 412 944 καὶ
462 893 647 960 γέγονε
693 888 1074 959 κατακλυσμὸς
1122 890 1222 942 οὐκ
1275 890 1571 962 ἀλληγορία
1611 892 1719 944 ἀλλ’
1761 893 1894 962 ἀλη-

314 984 457 1052 θείᾳ.
488 983 581 1035 καὶ
623 981 870 1034 ἀπώλετο
903 983 1051 1034 πᾶσα
1076 980 1244 1052 ψυχὴ,
1287 981 1508 1051 ἔμειναν
1545 983 1600 1034 δὲ
1626 985 1770 1036 ὀκτὼ
1793 985 1894 1052 ψυ-

317 1074 410 1144 χαὶ
447 1073 771 1144 ἀνθρώπιον.
806 1073 997 1142 Ψυχὰς
1039 1073 1096 1124 δὲ
1133 1072 1198 1124 ἂν
1243 1072 1502 1143 ἀκούσῃς,
1547 1075 1620 1144 μὴ
1667 1076 1892 1147 νομίσῃς

319 1164 647 1233 πλάσματα·
711 1163 818 1217 ἀπὸ
861 1165 970 1234 γὰρ
1016 1163 1112 1217 τοῦ
1163 1165 1282 1226 ἐνὸς
1325 1164 1498 1228 εἴδους
1549 1169 1576 1219 ὁ
1611 1167 1892 1237 ἄνθρωπος

315 1254 438 1314 ὅλος
470 1255 736 1307 καλεῖται.
771 1254 991 1326 Κατέϐη
1023 1255 1129 1326 γὰρ
1172 1254 1364 1309 Ἰακὼϐ
1408 1257 1490 1320 εἰς
1533 1259 1806 1326 Αἴγυπτον
1835 1260 1893 1312 ἐν

315 1345 519 1415 ψυχαῖς
555 1345 1105 1415 ἑϐδομηκονταπέντε,
1136 1347 1233 1415 οὐχ
1263 1348 1346 1400 ὅτι
1379 1349 1434 1399 αί
1471 1347 1658 1417 ψυχαὶ,
1680 1350 1894 1402 εἵποντο

317 1436 452 1489 ἄνευ
501 1437 782 1504 σωμάτων,
831 1435 966 1489 ἀλλὰ
1007 1437 1104 1490 σὺν
1158 1436 1406 1506 σώμασιο
1470 1439 1580 1490 Καὶ
1623 1435 1778 1506 ἦμεν·
1824 1440 1896 1492 ἐν

317 1523 403 1589 τῷ
429 1527 619 1588 πλοίῳ
649 1525 732 1590 ὡς
758 1525 1126 1594 ὀγδοήκοντα
1169 1529 1382 1595 ψυχαὶ,
1413 1529 1575 1597 φησὶν
1621 1531 1649 1580 ὀ
1683 1531 1894 1592 Λουκᾶς

1991 450 2171 497 matus
2197 452 2302 506 est,
2338 444 2408 497 ab
2441 445 2509 500 iis
2550 447 2643 514 qui
2693 448 3042 518 generatione
3090 449 3356 518 producti,
3391 453 3462 508 ob
3511 454 3566 510 id

1993 530 2274 601 Scriptura
2305 533 2438 590 dixit
2462 535 2529 588 ad
2561 538 2839 607 imaginem
2872 557 3023 592 suam
3045 543 3084 593 ¹.
3113 541 3280 598 Porro
3311 541 3440 598 Seth
3473 561 3563 614 ge-

1990 623 2108 676 nuit
2134 625 2296 686 Enos.
2333 627 2475 681 Enos
2505 627 2734 692 Cainan,
2777 629 2982 682 Cainan
3033 630 3292 693 Malaleel.
3320 633 3565 688 Malalecl

1988 710 2146 766 Jared
2195 722 2248 767 et
2292 716 2498 778 Enoch,
2549 713 2732 770 Enoch
2793 715 3190 785 Mathusalam,
3255 720 3562 774 Mathusala

1991 803 2224 858 Lamech
2250 843 2265 868 ,
2307 803 2540 860 Lamech
2576 805 2720 872 Noe;
2766 807 2867 861 sub
2911 823 3019 876 quo
3041 808 3304 862 diluvium
3350 826 3561 877 revera,

1991 908 2100 947 non
2137 894 2427 962 allegorice
2455 896 2712 965 contigit;
2763 897 3052 966 omniaque
3092 899 3345 952 animalia
3386 901 3564 969 perie-

1989 992 2140 1047 runt,
2169 985 2304 1039 adeo
2329 995 2388 1038 ut
2410 994 2536 1039 octo
2558 985 2821 1039 duntaxat
2852 987 3128 1040 hominum
3156 989 3350 1043 anima:
3383 1005 3566 1060 snper-

1990 1081 2194 1127 essent.
2243 1074 2467 1128 Animas
2520 1090 2684 1144 porro
2722 1090 2846 1128 cum
2895 1076 3075 1140 audis,
3125 1092 3255 1132 cave
3307 1077 3562 1148 ﬁgmenta

1990 1181 2112 1220 esse
2143 1174 2318 1234 putes.
2349 1166 2482 1220 Nam
2516 1168 2584 1221 ab
2607 1181 2714 1220 una
2742 1174 2893 1236 parte
2926 1182 2988 1220 ac
3021 1169 3200 1236 specie
3228 1177 3374 1224 totus
3402 1169 3564 1225 homo

1993 1267 2370 1325 nuncupatur:
2390 1257 2589 1326 quippe
2615 1257 2784 1312 Jacob
2807 1258 2859 1310 in
2882 1255 3173 1326 Aﬂgyptum
3202 1257 3564 1323 descendens,

1992 1347 2205 1401 animas
2256 1363 2441 1402 secum
2483 1363 2623 1402 Lxxv
2665 1349 2848 1412 duxit,
2892 1363 2991 1401 nec
3035 1347 3154 1401 illas
3191 1347 3405 1417 quidem
3440 1364 3566 1402 cor-

1992 1436 2218 1504 poribus
2263 1439 2489 1502 solutas,
2531 1438 2624 1492 sed
2667 1454 2788 1493 cum
2838 1439 2966 1507 ipsis
3009 1440 3351 1507 conjunctas.
3398 1439 3564 1504 Item,

1994 1526 2244 1594 Eramus,
2283 1529 2459 1598 inquit
2505 1529 2680 1583 Lucas
2726 1529 2815 1598 qui
2864 1531 3234 1598 apostolorum
3279 1530 3412 1583 Acta
3444 1545 3571 1584 con-

316 1613 347 1664 ὀ
378 1613 834 1683 συγγραψάμενος
863 1614 962 1676 τὰς
999 1615 1231 1685 Πράξεις
1262 1615 1370 1668 τῶν
1400 1617 1729 1671 ἀποστόλων.
1782 1621 1893 1671 Καὶ

2012 1618 2275 1687 scripsit“,
2309 1621 2361 1672 in
2385 1620 2592 1690 navigio
2619 1620 2808 1674 anima:
2836 1621 3044 1673 circiter
3078 1621 3346 1690 octoginta
3367 1621 3408 1674 ³.
3428 1619 3568 1686 Quin

318 1703 356 1772 ἡ
414 1702 671 1772 συνήθεια
735 1702 858 1765 τοὺς
905 1702 1120 1766 δούλους
1173 1702 1400 1774 σώματα
1461 1705 1616 1758 εἴωθε
1687 1708 1893 1762 καλεῖν.

2012 1711 2162 1766 etiam
2200 1710 2409 1780 vulgari
2443 1711 2696 1780 loquendi
2733 1711 3131 1766 consuetudine
3160 1725 3352 1766 servos
3394 1711 3572 1781 appel-
3683 1750 3688 1754 τ

319 1794 618 1864 Δεσπότης,
673 1795 859 1865 φησὶν,
921 1794 1111 1848 ἑκατὸν
1161 1796 1450 1865 σωμάτων,
1490 1797 1625 1851 ἀλλὰ
1667 1799 1760 1851 καὶ
1797 1798 1899 1867 ψυ-

324 1884 427 1955 χὰς
473 1885 737 1954 ἐχόντων’
791 1885 979 1956 ἐπειδὴ
1025 1886 1080 1938 δὲ
1135 1888 1168 1956 ἡ
1211 1887 1498 1940 δεσποτεία
1544 1887 1652 1940 τῶν
1689 1889 1900 1959 ἀνθρώ-

335 1991 450 2028 mw
485 1975 748 2043 σωμάτων
793 1975 1060 2045 κυριεύει,
1091 1976 1205 2030 ἀλλ’
1251 1979 1312 2031 οὐ
1358 1978 1564 2048 ψυχῶν,
1612 1979 1701 2032 διὰ
1745 1980 1902 2034 τοῦτο

335 2064 463 2127 τοὺς
499 2064 708 2128 δούλους
751 2066 989 2133 εὐλόγως
1035 2065 1260 2138 σώματα
1310 2069 1573 2123 ἐκάλεσαν
1609 2070 1704 2122 σὺν
1731 2071 1898 2141 ψυχῇ,

335 2156 426 2208 ἵνα
468 2155 609 2226 δείξῃ
642 2155 736 2227 τὴν
778 2158 974 2228 χρῆσιν
1022 2158 1131 2212 τῶν
1179 2161 1466 2230 σωμάτων.
1528 2161 1747 2232 Ἐξῆλθε
1797 2164 1899 2235 γὰρ

335 2247 458 2299 Νῶε
505 2248 568 2299 ἐκ
617 2248 711 2317 τῆς
754 2247 988 2302 κιϐωτοῦ
1030 2252 1294 2319 γεννήσας
1321 2251 1410 2303 τὸν
1457 2251 1597 2321 Σὴμ,
1630 2253 1719 2304 τὸν
1752 2253 1900 2323 Χὰμ,

329 2338 419 2392 τδν
457 2339 653 2408 Ἰάφεθ.
690 2341 808 2410 Σὴμ
847 2341 905 2394 δὲ
953 2343 1116 2412 γεννᾷ
1152 2343 1244 2394 τὸν
1296 2343 1584 2413 Ἀρφαξὰδ,
1632 2344 1904 2413 ’Λρφαξὰδ

329 2433 492 2500 γεννᾷ
521 2432 611 2484 τὸν
639 2432 865 2495 Καϊνὰν,
894 2433 1099 2486 Καϊνὰν
1116 2433 1205 2486 τὸν
1239 2434 1402 2496 Σαλα,
1431 2435 1574 2488 Σὰλα
1600 2435 1692 2488 τὸν
1713 2436 1902 2506 Ἔϐερ,

331 2518 501 2588 Ἔϐερ
527 2518 620 2571 τὸν
660 2520 858 2585 Φαλὲκ,
908 2522 1087 2575 Φαλὲκ
1139 2522 1229 2575 τὸν
1269 2523 1504 2594 Ῥαγὰμ,
1559 2525 1774 2596 Ῥαγὰμ
1817 2526 1905 2579 τὸν

331 2609 573 2679 Σεροὺχ,
623 2612 826 2681 Σεροῦχ
871 2611 962 2664 τὸν
1008 2613 1247 2685 Ναχὼρ,
1301 2614 1504 2684 Ναχὼρ
1551 2615 1642 2668 τὸν
1693 2617 1903 2687 essent,

331 2701 522 2771 Θάρῤα
550 2701 640 2754 τὸν
694 2701 962 2772 Ἀϐραὰμ,
1008 2704 1256 2774 Ἀϐραὰμ
1310 2705 1398 2758 τὸν
1455 2705 1660 2768 Ἰσαὰκ,
1725 2707 1908 2759 Ἰσαὰκ

329 2791 423 2842 τδν
463 2791 678 2854 Ἰακὼϐ,
736 2791 930 2845 Ἰακὼϐ
953 2794 1046 2847 τὸν
1087 2795 1314 2861 Ἰούδαν,
1357 2796 1555 2860 Ἰούδας
1591 2799 1682 2851 τὸν
1713 2799 1905 2869 Φαρὲς,

330 2883 509 2952 Φαρὲς
554 2885 646 2936 τὸν
703 2884 948 2957 Ἐσρὼμ,
992 2885 1210 2956 Ἐσρὼμ
1237 2886 1328 2938 τὸν
1368 2887 1564 2958 Ἀρὰμ,
1612 2889 1788 2959 Ἀρὰμ
1820 2889 1909 2942 τὸν

346 2975 672 3044 Ἀμιναδὰμ,
728 2976 1031 3045 Ἀμιναδὰμ
1075 2977 1166 3029 τὸν
1213 2977 1479 3047 Νααοὼμ,
1535 2978 1782 3048 Ναασὼμ
1818 2979 1908 3032 τὸν

332 3063 584 3134 Σαλμὼν,
617 3065 845 3134 Σαλμὼν
869 3068 959 3119 τὸν
1003 3066 1156 3131 Βοὸζ,
1190 3067 1321 3132 Βοὸζ
1353 3069 1443 3121 τὸν
1493 3069 1678 3138 Ἰωϐὴδ
1706 3071 1769 3122 ὲκ
1812 3071 1910 3140 τῆς

346 3151 526 3218 Ῥούθ,
567 3155 758 3224 Ἰωϐὴδ
805 3157 1025 3218 Ἰεσσαὶ,
1084 3157 1281 3209 Ἰεσσαὶ
1327 3157 1417 3209 τὸν
1445 3158 1608 3210 Δαϐἱδ
1645 3158 1734 3210 τὸν
1761 3157 1913 3226 βασι-

335 3244 456 3307 λέα,
487 3244 649 3297 Δαϐὶδ
692 3247 782 3298 τὸν
811 3246 1126 3316 Σολομῶντα
1155 3249 1220 3300 ὲκ
1257 3248 1355 3316 τῆς
1385 3247 1478 3300 τοῦ
1509 3249 1728 3318 Οὐρίου,
1759 3250 1916 3301 Σολο-

340 3335 461 3404 μῶν
502 3336 595 3388 τὸν
660 3336 914 3406 Ῥοϐοάμ,
956 3337 1192 3407 Ῥοϐοὰμ
1241 3337 1332 3390 τὸν
1394 3338 1569 3397 Ἀϐιὰ.
1617 3339 1768 3392 Ἀϐία
1818 3339 1913 3392 τὸν

351 3427 548 3494 Ἅπας),
587 3427 760 3495 ’Δσὰφ
802 3427 893 3480 τὸν
941 3428 1228 3497 Ἰωσαφὰτ,
1271 3429 1538 3497 Ἰωσαφὰτ
1562 3430 1652 3482 τὸν
1690 3431 1912 3500 Ἰωρὰμ,

351 3517 560 3588 Ἰωρὰμ
587 3519 676 3571 τὸν
720 3519 986 3589 Ὀχοζίαν,
1026 3519 1271 3589 Ὀχοζίας
1303 3519 1393 3573 τὸν
1429 3520 1597 3582 Ἰωὰς,
1643 3519 1797 3582 Ἰωὰς
1823 3521 1911 3572 τὸν

355 3609 633 3679 Ἐμεσίαν,
671 3610 923 3680 Ἐμεσίας
972 3611 1064 3663 τὸν
1102 3609 1281 3674 Ὀζίαν
1321 3610 1412 3662 τὸν
1444 3610 1707 3680 κληθέντα
1758 3611 1914 3674 Ἀζα-

342 3701 494 3774 ρίαν,
559 3700 736 3764 Ὀζίας
792 3703 883 3754 τὸν
947 3701 1218 3772 Ἰωάθαμ,
1287 3699 1523 3768 Ἰωάθαμ
1572 3701 1661 3752 τὸν
1717 3700 1912 3770 Ἀχαζ,

345 3794 524 3863 Ἀχαζ
567 3793 659 3848 τὸν
712 3789 976 3858 Ἐζεκίαν,
1019 3792 1266 3856 Ἐζεκίας
1313 3791 1401 3844 τὸν
1444 3792 1695 3862 Μανασῆ,
1731 3793 1914 3844 Μανα-

343 3885 447 3953 σῆς
488 3884 577 3937 τὸν
623 3883 824 3954 ’Δμὼς,
865 3883 1046 3954 ’Ᾱμὼς
1077 3884 1166 3937 τὸν
1218 3883 1448 3947 Ἰωσίαν,
1492 3883 1703 3946 Ἰωσίας
1759 3885 1919 3952 Ἰεχο⁴

343 3979 484 4038 νίαν,
531 3977 783 4047 Ἰεχονίας
830 3977 994 4030 πάλιν
1032 3977 1123 4029 τὸν
1173 3974 1460 4046 Σαλαθιὴλ,
1511 3973 1780 4042 Σαλαθιὴλ
1826 3975 1918 4026 τὸν

342 4068 679 4140 Ζοροϐάϐελ,
734 4066 1038 4140 Ζοροϐάϐελ
1096 4067 1187 4122 τὸν
1248 4067 1490 4131 Ἀἲιοὺδ,

1570 4065 1781 4118 Ἀϐιούδ
1829 4066 1918 4118 τὸν
1969 4067 2264 4138 Ἐλιακείμ,
2307 4069 2588 4138 Ἐλιακεὶμ
2634 4068 2722 4120 τὸν
2785 4067 2981 4138 Ἀσὼρ.

1999 1801 2174 1856 lamus
2202 1815 2432 1870 corpora
2462 1820 2475 1856 :
2501 1801 2668 1856 veluti
2718 1801 2973 1857 dominus
3010 1811 3224 1856 centum
3257 1817 3570 1873 corporum,

2001 1894 2366 1947 animatorum
2417 1894 2625 1964 utique.
2670 1893 2778 1963 62
2819 1892 2922 1948 Sed
2978 1894 3236 1963 quoniam
3287 1893 3569 1947 hominum

2000 1983 2314 2038 dominatus
2346 1985 2412 2037 ad
2443 1999 2672 2052 corpora
2717 1984 3077 2046 solummodo,
3100 1999 3207 2037 non
3248 1983 3314 2037 ad
3362 1973 3573 2036 animas

2003 2073 2257 2142 pertinet,
2292 2074 2483 2126 merito
2514 2087 2698 2126 servos
2729 2087 2982 2141 corpora,
3008 2071 3102 2125 sed
3136 2073 3316 2125 anima
3349 2072 3570 2141 przedita

2003 2163 2374 2226 nominarunt,
2404 2171 2462 2216 ut
2486 2178 2774 2232 corporum
2804 2178 2960 2216 usum
2983 2163 3349 2217 ostenderent.
3379 2163 3573 2230 Egres-

2003 2269 2098 2308 sus
2133 2264 2218 2308 est
2251 2261 2430 2308 autem
2461 2252 2573 2306 Noe
2606 2269 2671 2307 ex
2705 2266 2832 2306 arca
2864 2262 3149 2322 postquam
3195 2253 3379 2323 genuit
3409 2251 3532 2306 Sem
3553 2290 3570 2316 ,

2003 2341 2173 2399 Cham
2209 2353 2262 2398 et
2297 2342 2549 2413 Japheth.
2585 2344 2708 2397 Sem
2749 2359 2876 2397 vero
2905 2345 3092 2409 senuit
3134 2343 3445 2414 Arphaxad,
3481 2345 3576 2396 Ar-

2006 2438 2218 2507 phaxad
2251 2437 2478 2500 Cainan,
2530 2437 2734 2490 Cainan
2779 2436 2982 2500 Salam,
3016 2437 3142 2490 Sala
3171 2434 3365 2498 Heber,
3401 2435 3578 2490 Ileber

2008 2529 2224 2591 Phalec,
2267 2527 2462 2581 Phalec
2507 2528 2772 2598 Rhagam,
2825 2527 3065 2600 lihagam
3113 2526 3342 2590 Seruch,
3372 2527 3575 2581 Seruch

2012 2620 2242 2682 Nachor,
2277 2607 2763 2682 Nachor'Tharra,
2796 2618 3004 2671 Tharra
3045 2617 3302 2678 Abraam,
3341 2619 3576 2670 Aln'aam

2008 2712 2180 2775 Isaac,
2224 2713 2374 2765 Isaac
2416 2709 2615 2772 Jacob,
2648 2710 2814 2765 Iacob
2862 2709 3080 2773 ludam,
3125 2709 3295 2764 Judas
3333 2708 3577 2772 Phares,

2009 2799 2212 2855 Phares
2238 2799 2450 2861 Esrom,
2481 2799 2672 2853 Esrom
2691 2801 2876 2858 Aram,
2899 2799 3062 2852 Aram
3086 2798 3411 2860 Aminadab,
3442 2797 3581 2852 Ami-

2009 2891 2187 2944 nadab
2215 2889 2450 2952 Naason,
2482 2890 2697 2945 Naason
2727 2889 2967 2952 Salmon,
2995 2889 3215 2942 Salmon
3242 2889 3406 2951 Booz,
3438 2890 3583 2944 Booz

2011 2984 2157 3037 Ohe-l
2205 3000 2268 3036 ex
2315 2983 2481 3045 linth,
2531 2983 2679 3037 Ohed
2724 2981 2897 3045 Jcsse,
2943 2980 3098 3035 Jessc
3148 2980 3312 3033 David
3367 2995 3576 3048 regem,

2011 3075 2179 3129 David
2211 3075 2553 3129 Salotnonem
2593 3091 2658 3130 ex
2697 3074 2839 3129 Urite
2872 3074 3141 3142 conjuge:
3174 3070 3429 3124 Salomon
3471 3069 3581 3123 llo-

2012 3167 2194 3232 boam,
2221 3167 2459 3222 lloboam
2483 3167 2640 3228 Abia,
2663 3166 2798 3219 Abia
2821 3165 3020 3236 Asaph,
3048 3164 3229 3234 Asaph
3261 3162 3582 3232 Josaphath,

2011 3256 2308 3326 Josaphath
2333 3256 2540 3320 Joram,
2569 3256 2752 3311 Joram
2779 3256 3095 3317 Ochoziam,
3119 3253 3388 3309 Ochozias
3407 3251 3584 3316 Joam,

2013 3347 2142 3403 Joas
2189 3349 2484 3410 Amasiam,
2518 3347 2770 3403 Amasias
2801 3347 2986 3402 Oziam
3028 3347 3118 3415 qui
3150 3352 3202 3399 et
3234 3344 3460 3398 Azarias
3499 3343 3587 3396 di-

2015 3445 2137 3491 ctns
2188 3447 2290 3501 est,
2337 3436 2499 3492 Ozias
2537 3435 2808 3500 Joatham,
2855 3435 3102 3490 Joatham
3156 3434 3358 3497 Achaz,
3412 3433 3588 3486 Arhaz

2019 3527 2339 3590 Ezerhiam,
2395 3528 2655 3582 Ezechias
2706 3525 3048 3590 Manassem,
3093 3524 3342 3579 Manasse
3390 3525 3588 3584 Amos,

2021 3617 2184 3672 Amos
2226 3617 2450 3682 Josiam,
2494 3618 2672 3672 Josias
2714 3616 3066 3679 Jerhoniam,
3103 3615 3394 3669 Jechonias
3438 3615 3591 3666 Sala-

2022 3707 2175 3771 thicl,
2203 3707 2465 3764 Salathiel
2499 3709 2822 3771 Zorobabel,
2857 3706 3159 3761 Zorobabcl
3191 3704 3390 3764 Abiud,
3416 3700 3591 3755 Abiud

2026 3798 2268 3864 Eliacim,
2303 3799 2523 3853 Eliacim
2555 3803 2712 3863 Asor,
2737 3801 2874 3854 Asor
2909 3799 3105 3860 Sadoc,
3143 3795 3322 3848 Sadoc
3355 3792 3548 3846 Achim
3575 3833 3590 3857 ,

2024 3889 2213 3941 Achim
2264 3889 2441 3953 Eliud,
2489 3889 2644 3944 Eliud
2691 3889 2945 3948 Eleazar.
2997 3887 3222 3941 Eleazar
3271 3884 3547 3938 Matthiam
3579 3923 3593 3948 ,

2026 3976 2281 4031 Matthias
2313 3978 2501 4040 Jacob,
2535 3977 2702 4032 Jarob
2734 3977 2960 4046 Joscph.
3441 4001 3453 4015 ο

3026 4066 3204 4139 Ἀσὼρ
3238 4067 3330 4120 τὸν
3385 4061 3594 4124 Σαδὼκν

342 4161 536 4215 Σαδὼκ
578 4162 669 4217 τὸν
711 4162 920 4231 Ἀχεὶμ,
964 4160 1152 4230 Ἀχεὶμ
1201 4160 1287 4212 τὸν
1329 4160 1553 4225 Ἐλιοὺδ,
1627 4159 1832 4212 Ἐλιοὺδ
1859 4159 1951 4214 τὸν
2002 4161 2283 4233 Ἐλεάζαρ,
2325 4162 2587 4234 Ἐλεάζαρ
2625 4164 2716 4215 τδν
2760 4161 3031 4226 Ματθίαν,
3061 4160 3308 4222 Ματθίας
3371 4155 3463 4209 τδν
3499 4154 3596 4215 Ἰα,

343 4253 486 4316 κὼϐ,
530 4251 722 4305 Ἰακὼϐ
748 4251 838 4304 τὸν
877 4251 1073 4320 Ἰωσήφ
1101 4250 1231 4318 (81).

420 4345 492 4397 Ζ”.
549 4344 744 4414 Ἰωσὴφ
785 4342 961 4412 γέρων
984 4340 1059 4395 ὢν
1085 4342 1250 4413 χῆρος
1282 4341 1418 4411 μετὰ
1449 4340 1508 4393 τὸ
1545 4339 1732 4394 λαϐεῖν
1763 4340 1914 4410 πρώ-

343 4452 448 4504 την
495 4433 875 4502 γυναῖκα(82).
907 4433 997 4486 καλ⁵
1039 4431 1260 4501 ποιῆσαι
1309 4431 1366 4496 ἐξ
1404 4431 1570 4500 αὐτῆς
1611 4431 1800 4494 παῖδας
1829 4430 1920 4502 ἄῤ-

344 4526 514 4594 ρενας
547 4525 642 4592 μὲν
667 4523 958 4593 τέσσαρας,
999 4521 1195 4575 Ἰακὼϐ
1222 4520 1311 4573 τὸν
1338 4521 1562 4589 ἀδελφὺν
1595 4521 1688 4572 τοῦ
1714 4520 1918 4591 Κυρίου

2094 4335 2205 4391 LX.
2265 4334 2464 4406 Joseph
2536 4343 2695 4390 aetate
2761 4334 2871 4405 jam
2924 4342 3212 4403 provectus
3267 4344 3320 4388 et
3371 4334 3602 4390 orbatus

2026 4441 2196 4481 uxore
2236 4433 2357 4497 post
2389 4426 2509 4494 ejus
2547 4425 2774 4486 obitum,
2807 4440 2836 4479 e
2867 4440 2970 4492 qua
3002 4433 3239 4493 quatuor
3269 4439 3446 4478 mares
3477 4439 3601 4479 sus-

2027 4525 2264 4588 ceperat,
2319 4515 2580 4570 Jacobum
2643 4514 2868 4569 fratrem
2902 4513 3115 4569 Domini
3161 4514 3280 4569 idco
3321 4514 3601 4584 cognomi-

458 4679 476 4708 ί
516 4677 650 4732 Gen.
686 4690 830 4740 xui,
867 4674 957 4729 27.
1038 4676 1058 4705 ³
1085 4677 1203 4728 Act.
1241 4690 1407 4740 xxvn,
1439 4673 1527 4728 5'7.
1605 4673 1625 4704 ³
1658 4671 1856 4726 Ibidem
1889 4685 2150 4726 numerus
2189 4677 2274 4724 est
2305 4665 2437 4729 276,

426 4829 537 4899 (8l)
585 4827 773 4899 Jacobi
826 4827 1094 4881 naturalis
1146 4824 1406 4899 liAlius__S_.
1465 4822 1842 4899 Jose‘phaqui
1894 4839 1923 4876 a
1958 4825 2000 4880 D
2032 4821 2236 4899 cupati,
2266 4819 2452 4899 opinio
2493 4816 2606 4899 fuit.
2626 4817 3014 4899 nonnullorum
3062 4816 3306 4899 Patrum,
3352 4833 3490 4887 quos
3523 4819 3600 4898 in-

343 4893 602 4954 Sflnica
638 4900 690 4952 in
723 4898 1014 4966 Evangelia
1049 4913 1129 4958 ιιι,
1162 4897 1254 4960 25,
1291 4894 1405 4950 lleli
1451 4895 1636 4966 fratris
1679 4893 1926 4966 ejusdem

337 4970 544 5025 Jacobi
587 4969 792 5023 dicitur
830 4962 972 5021 (ilius
1023 4981 1130 5018 non
1185 4974 1404 5030 natura,
1440 4963 1534 5018 sed
1587 4965 1733 5032 lege;
1784 4962 1929 5032 quod

335 5039 527 5094 Jacob
552 5039 767 5091 viduam
802 5052 1025 5090 uxorem
1062 5034 1177 5089 Heli
1212 5037 1416 5102 absque
1445 5033 1632 5088 liberis
1661 5034 1927 5094 relictam,

338 5125 418 5164 ex
465 5107 600 5176 legis
648 5108 905 5160 mandato
930 5107 1031 5176 sibi
1083 5101 1432 5176 matrimonio
1477 5101 1931 5176 jungeneratgjs

338 5169 680 5233 excitaverit
733 5193 942 5236 semen.
999 5173 1199 5242 Ioseph
1253 5174 1417 5227 lilium
1477 5169 1800 5242 susceperit.
1858 5169 1932 5224 De

339 5246 796 5313 exploratissimo
841 5246 944 5298 hac
997 5259 1056 5313 rc
1108 5241 1375 5299 videndus
1420 5241 1932 5313 .IulittspAl'ricanns

343 5311 518 5386 apud
543 5313 832 5386 Eusebium
863 5313 936 5369 Η.
977 5312 1040 5386 Ε1
1082 5330 1219 5386 capL
1242 5314 1270 5366 7
1302 5315 1422 5386 libri
1459 5311 1640 5386 primi.

432 5383 548 5452 (89)
587 5381 832 5452 Προδτηῖ
868 5381 1162 5452 γυναῖκα(
1189 5384 1245 5438 S.
1294 5381 1590 5452 Josephum
1643 5387 1930 5446 antequam

346 5450 740 5509 beatissimam
789 5450 1063 5520 Virginem
1124 5453 1344 5508 llariam
1395 5450 1498 5508 sibi
1555 5450 1933 5520 desponsarct,

349 5536 596 5576 uxorem
630 5521 791 5575 aliam
829 5517 1105 5584 habuisse.
1151 5532 1204 5578 et
1249 5540 1313 5580 ex
1345 5540 1406 5578 ca
1440 5519 1751 5588 suscepisse
1796 5517 1930 5570 lihe-

357 5604 485 5652 τα,
515 5590 607 5663 qui
635 5590 830 5646 fratres
862 5591 1068 5646 Domini
1098 5593 1216 5650 ideo
1251 5596 1357 5652 sint
1389 5595 1441 5649 in
1473 5589 1764 5659 Evangelio
1793 5603 1933 5642 unn-

2033 4887 2122 4945 ter
2163 4889 2220 4944 S.
2277 4887 2850 4958 n'osterih'piphanius
2904 4887 3120 4958 tumin
3171 4887 3601 4958 locoprzesenti,

2032 4970 2146 5013 tum
2174 4961 2226 5013 in
2258 4959 2449 5013 lueresi
2477 4955 2572 5020 51,
2597 4955 2748 5011 num.
2779 4956 2924 5020 10,ct
2955 4959 3007 5010 in
3037 4956 3228 5012 haeresi
3255 4955 3340 5020 '18,
3369 4974 3515 5010 ιιιιιιι.
3547 4957 3598 5011 7.

2035 5030 2164 5082 Eam
2193 5029 2526 5097 opinionem,
2557 5035 2742 5095 utpote
2772 5042 2893 5095 qna:
2923 5043 3025 5080 non
3063 5038 3168 5081 tam
3195 5027 3302 5094 pia,
3331 5043 3487 5097 quam
3515 5044 3602 5078 au-

2033 5100 2154 5151 daci
2183 5095 2474 5151 temeritate
2503 5097 2664 5150 fuerit
2694 5099 2950 5159 conlicta,
2979 5097 3125 5150 circa
3164 5111 3363 5148 annum
3400 5095 3602 5148 Christi

2035 5168 2140 5222 ’582
2177 5168 2364 5236 rejccit
2397 5168 2454 5221 S.
2490 5166 2848 5236 Hieronymus
2874 5165 2932 5236 in
2974 5165 3115 5218 libro
3151 5165 3398 5217 adversus
3433 5163 3602 5236 Helui-

2039 5239 2208 5296 dium,
2235 5234 2582 5291 runtendens
2614 5235 2670 5288 S.
2697 5234 2997 5304 ’Josephnm
3031 5241 3339 5303 perpetuam
3367 5234 3610 5304 coluisse

2039 5307 2427 5376 virginitatem.
2471 5304 2780 5376 l-lieronymi
2805 5303 3099 5376 sententia
3135 5303 3443 5376 colntnnnis
3480 5318 3605 5354 ειιιε

2040 5372 2299 5429 εἰιξνίἀυ
2333 5373 2567 5442 (ιιιδεᾼάθ
2599 5372 2688 5426 illa
2729 5373 2983 5442 opinione
3029 5372 3097 5425 ab
3148 5372 3476 5442 llieronyrno
3521 5385 3606 5442 re-

2037 5437 2838 5513 jectaiscrip'sitTilletnontiits
2872 5440 3071 5496 Adnot.
3105 5457 3164 5496 ιιι
3197 5441 3263 5498 ad
3298 5437 3606 5506 SIJoseph.

2049 5512 2116 5566 Il.
2155 5511 2215 5566 Ε.
2248 5510 2394 5566 tonio
2422 5510 2460 5575 l,
2496 5524 2613 5580 pag.
2645 5510 2768 5565 480.
