3992 6198
330 302 435 357 123

1717 310 1775 367 S.
1816 310 2152 368 EPIPHANII

3469 320 3565 376 124

329 428 516 506 natum
545 421 688 491 quod
725 437 847 478 cum
899 439 967 480 eo
997 433 1143 482 esset
1195 427 1486 493 educatus,
1519 436 1571 484 et
1622 427 1891 485 Simonem

2014 432 2332 504 καλούμενον
2377 435 2463 488 διὰ
2503 435 2564 488 τὸ
2616 437 3091 506 συνανατραφῆναι
3139 434 3307 505 αὐτῷ,
3358 436 3450 488 καὶ
3480 435 3567 487 Σί-

328 520 395 562 ac
422 505 617 564 Judam
650 520 702 565 et
731 511 1019 580 Joannem,
1050 515 1186 572 duas
1211 518 1398 573 itidem
1438 520 1574 573 tilias
1604 520 1816 574 Annam
1845 528 1898 574 et

338 598 593 654 Salomon
623 621 635 655 :
667 601 893 674 Joscph,
928 606 1172 676 inquam,
1203 609 1311 678 jam
1346 626 1509 663 senex
1543 627 1711 665 uxore
1752 627 1897 665 mor-

336 696 467 754 tua,
516 707 641 745 cum
693 710 757 748 ex
807 697 955 749 omni
1006 698 1149 752 tribu
1200 699 1487 753 viduorum
1534 716 1598 754 ac
1647 702 1895 756 caelibum

327 781 544 835 sortitio
600 784 666 837 ad
718 801 811 841 eas
857 789 1091 857 virgines
1132 788 1285 842 ﬁeret
1339 806 1460 859 qua:
1506 792 1573 845 ad
1638 794 1895 860 templum

326 869 732 939 educabantur,
772 893 835 930 eo
864 877 1009 946 quod
1060 880 1405 948 primogeniti
1438 882 1640 950 quique
1685 884 1894 936 utrius-

326 977 432 1030 que
483 980 646 1019 StPXIIS
691 967 741 1019 ill
795 970 995 1037 templo
1048 971 1363 1023 consecrari
1418 972 1687 1033 solebant,
1731 973 1895 1028 sortis

325 1058 649 1111 necessitate
701 1070 922 1112 coactus
984 1071 1387 1115 sacrosanctam
1450 1064 1713 1132 virginem
1781 1064 1891 1117 Ma-

324 1144 461 1196 riam
514 1146 566 1199 io
634 1148 1035 1200 malrimonium
1094 1150 1304 1218 accepit
1356 1168 1367 1202 :
1414 1167 1443 1204 e
1478 1166 1582 1219 qua
1637 1150 1895 1207 Dominus

324 1246 514 1291 noster
543 1235 701 1290 .‘esus
729 1238 981 1294 Christus
1009 1240 1313 1293 secundum
1343 1256 1562 1296 carnem
1591 1242 1657 1296 de
1690 1241 1893 1311 Spiritu

325 1339 517 1381 sancto
547 1328 662 1381 sine
696 1329 804 1380 ullo
838 1330 977 1382 virili
1032 1338 1157 1383 satu
1206 1332 1289 1385 vel
1330 1347 1624 1402 corporum
1660 1334 1893 1402 conjun-

323 1418 506 1471 ctione
536 1426 696 1471 natus
729 1426 830 1472 est.
862 1420 969 1489 63
1004 1420 1175 1475 Natus
1208 1432 1289 1476 est
1340 1423 1524 1492 itaque
1558 1422 1822 1478 Dominus
1864 1440 1894 1479 e

322 1508 467 1561 tribu
499 1506 657 1566 Juda,
685 1524 750 1561 ex
777 1510 985 1564 semine
1014 1511 1180 1566 David
1210 1522 1264 1567 et
1285 1512 1555 1567 Abraham
1585 1516 1891 1569 secundum

320 1613 580 1661 carnem,
658 1599 800 1655 Deus
859 1604 1163 1668 exsistens,
1223 1604 1455 1675 Augusti
1551 1605 1894 1677 imperatoris

322 1702 464 1741 anno
498 1703 585 1741 XL.

391 1779 677 1848 Imperavit
707 1782 981 1853 Augustus
1012 1800 1184 1841 annos
1214 1803 1336 1841 ιινι
1364 1796 1418 1842 et
1448 1803 1662 1842 menses
1695 1804 1766 1842 τι.

389 1954 524 2011 Huic
564 1957 815 2015 Tiberius
851 1960 971 2031 ejus
1005 1962 1146 2019 (ilius
1173 1965 1414 2020 succedit
1448 1981 1502 2019 a.
1539 1979 1695 2020 χχιιι.

387 2133 517 2190 Post
575 2135 851 2191 Tiberium
890 2136 1055 2192 Caius
1117 2152 1291 2195 annos
1350 2154 1453 2205 ιιι,
1523 2153 1739 2194 menses
1790 2153 1889 2203 ιι,

460 2228 576 2283 dies
608 2245 741 2283 xxu.

388 2317 520 2374 Post
545 2320 732 2374 Caium
763 2321 1023 2375 Claudius
1052 2335 1226 2374 annos
1256 2335 1374 2373 xm.

392 2409 523 2467 Post
547 2413 829 2469 Claudium
862 2413 1002 2467 Nero
1035 2426 1206 2465 annos
1239 2426 1358 2466 xm.

387 2498 519 2556 Post
546 2500 813 2557 Neronem
849 2501 1214 2571 Vespasianus
1241 2514 1414 2555 annos
1441 2516 1513 2554 ιι.

391 2591 522 2648 Post
557 2592 946 2663 Vespasianum
979 2592 1135 2649 Titus
1175 2592 1317 2646 ﬁlius
1348 2593 1519 2661 ipsius
1556 2606 1728 2646 annos
1759 2607 1815 2646 ιι.

386 2680 517 2737 Post
561 2682 739 2737 Titum
798 2682 1139 2737 Domitianus
1190 2680 1361 2736 frater
1405 2682 1579 2751 ipsius
1632 2697 1804 2738 annos
1834 2697 1887 2747 v,

458 2785 672 2825 menses
701 2788 754 2824 ι’.

388 2861 518 2917 Post
561 2861 925 2916 Domitianum
956 2861 1130 2917 Nerva
1161 2878 1337 2918 annos
1366 2879 1439 2916 tv.

390 2950 520 3006 Post
554 2950 783 3005 Nervam
812 2949 1082 3020 Trajanus
1114 2968 1286 3007 annos
1325 2968 1433 3005 xix.

389 3042 520 3097 Post
548 3042 839 3111 Trajanum
874 3043 1147 3097 Adriantts
1178 3057 1350 3096 annos
1385 3058 1513 3096 uti.
1618 3112 1623 3117 ε

386 3135 517 3188 Post
541 3135 838 3187 Adi-ianum
872 3134 1179 3188 Antoninus
1208 3133 1335 3187 Pius
1369 3147 1541 3187 annos
1572 3148 1705 3189 χχιι.

385 3224 518 3279 Post
554 3225 885 3278 Antoninum
917 3223 1132 3278 Marcus
1165 3224 1419 3278 Aurelius
1448 3224 1762 3280 Antoninus
1791 3226 1885 3295 qui

456 3325 512 3370 et
540 3313 712 3370 Verus
749 3330 919 3369 annos
951 3332 1060 3369 XIX.

389 3404 723 3459 Commodus
754 3418 927 3458 annos
963 3419 1069 3458 xw.

388 3496 641 3551 Pertinax
675 3511 848 3551 annos
873 3511 939 3551 vt.

394 3586 630 3642 Severus
662 3602 833 3641 annos
864 3601 1012 3641 xvut.

390 3680 700 3734 Antoninus
734 3679 853 3748 ejus
889 3678 1029 3733 [ilius
1058 3692 1233 3733 annos
1265 3694 1355 3731 vn.

392 3769 669 3826 Macrinus
708 3786 908 3825 annum
941 3786 977 3823 I.

393 3862 701 3916 Antoninus
731 3862 866 3918 alius
905 3877 1078 3917 annos
1109 3877 1167 3916 ιι.

407 3979 423 4010 ¹
456 3976 583 4034 Cor.
622 3976 912 4037 Μακρῖνος.

392 4087 501 4159 (85)
536 4086 776 4159 Είςᾉτὰς
816 4086 1131 4159 ἀπὸ-νοσῇ
1178 4086 1530 4159 παρθένους.
1584 4083 1882 4159 liabes‘hic

323 4154 567 4214 sanctam
616 4156 895 4223 Virginem
940 4155 1032 4209 Dei
1084 4154 1308 4211 Matrem
1361 4157 1415 4209 in
1473 4156 1671 4223 templo
1714 4154 1885 4209 fuisse

320 4227 628 4282 educatam.
683 4223 922 4292 ldemet
987 4225 1205 4292 quidem
1251 4226 1492 4292 apertius
1535 4223 1699 4276 tradit
1747 4224 1888 4276 inter

323 4298 460 4350 alios
487 4296 544 4347 S.
580 4293 817 4348 Joannes
846 4291 1213 4348 Dama’scenus
1261 4291 1353 4345 lib.
1390 4307 1441 4345 tv
1474 4292 1547 4344 De
1576 4292 1679 4360 ﬁde
1711 4292 1890 4345 ortho-

321 4368 481 4428 doxa,
511 4378 631 4431 cap.
679 4362 762 4415 t4.
797 4360 931 4415 Vide
952 4363 1029 4431 ide
1062 4363 1161 4415 hac
1192 4378 1250 4416 re
1282 4361 1685 4417 Tillemontiutn
1730 4362 1892 4415 adno-

2003 542 2156 593 μωνα
2203 525 2296 577 καὶ
2355 526 2552 578 Ἰούδαν
2584 528 2678 579 καὶ
2719 528 2991 596 Ἰωάννην,
3032 527 3125 580 δύο
3154 526 3216 579 δὲ
3244 526 3567 596 Θυγατέρας,

2003 616 2200 667 Ἀνναν
2227 616 2319 669 καὶ
2350 616 2615 688 Σαλώμην
2636 635 2647 647 '
2686 613 2840 682 οὗτος
2866 622 2894 671 6
2940 621 3137 686 Ἰωσὴφ
3167 621 3343 689 γέρων
3376 618 3450 672 ὢν
3476 620 3565 671 καὶ

1996 706 2181 775 χῆρος,
2234 707 2373 759 κατὰ
2420 709 2664 778 ἀνάγκην
2707 710 2814 763 τῶν
2848 710 3064 780 κλήρων
3104 709 3443 779 βαλλομένων
3478 707 3568 761 ἐπὶ

1996 796 2193 865 χὴρους
2243 797 2336 850 καὶ
2396 799 2641 868 ἀγάμους
2688 800 2808 852 καθ’
2857 799 3091 869 ἑκάστην
3139 800 3307 869 φυλὴν
3351 801 3428 862 εἰς
3470 799 3566 860 τὰς

1998 886 2105 938 ἀπὸ
2133 886 2259 938 ναοῦ
2287 884 2588 957 παρθένους
2621 890 2755 957 (83),
2789 890 2876 942 διὰ
2903 890 2963 942 τὸ
2998 891 3363 959 ἀφιερωοῖψαι
3395 892 3451 943 ὲν
3491 888 3566 958 τῷ

1996 976 2109 1046 ναῷ
2155 979 2279 1041 τοὺς
2331 980 2706 1048 πρωτοτόκους
2756 981 2951 1043 παῖδας
2992 982 3225 1051 ἄρρενάς
3253 997 3311 1032 τε
3346 980 3439 1032 καὶ
3470 979 3565 1048 Θη-

1995 1066 2163 1131 λείας,
2199 1068 2356 1121 ἔλαϐε
2391 1070 2531 1121 κατὰ
2576 1070 2773 1139 κλῆρον
2814 1070 2910 1140 τὴν
2952 1073 3112 1139 ἁγίαν
3147 1070 3411 1140 παρθένον
3447 1070 3567 1123 Μα-

1998 1160 2137 1229 ρίαν,
2190 1160 2247 1226 ἐξ
2288 1156 2355 1232 ἦς
2405 1160 2544 1213 κατὰ
2584 1163 2763 1231 σάρκα
2798 1162 3058 1231 ἐγεννήθη
3103 1163 3130 1213 ὁ
3177 1161 3377 1231 Κύριος
3408 1161 3564 1231 ἡμῶν

2008 1250 2213 1321 Ἰησοῦς
2237 1252 2469 1322 Χριστὸς
2494 1252 2579 1305 διὰ
2608 1253 2919 1323 Πνεύματος
2947 1254 3124 1321 ἁγίου,
3154 1254 3253 1305 οὐκ
3279 1253 3387 1306 ὰπὸ
3407 1255 3564 1323 σπέρ-

1999 1358 2162 1411 ματος
2217 1342 2433 1413 ἀνδρὸς,
2491 1342 2614 1396 οὔτε
2662 1344 2920 1413 συναφείᾳ
2983 1343 3260 1413 σώματος·
3313 1346 3562 1411 γεννᾶται

1994 1430 2171 1482 τοίνυν
2198 1432 2227 1482 6
2256 1430 2459 1499 Κύριος
2490 1432 2553 1483 ἐκ
2586 1432 2755 1501 φυλῆς
2801 1431 2988 1493 Ἰούδα,
3027 1435 3090 1483 ἐκ
3121 1432 3429 1503 σπέρματος
3463 1436 3563 1483 Δα-

1993 1519 2079 1571 ϐὶδ
2112 1520 2203 1572 καὶ
2247 1519 2494 1589 Ἀϐραὰμ
2535 1519 2676 1571 κατὰ
2702 1520 2901 1590 σάρκα,
2936 1520 3065 1582 Θεὸς
3108 1519 3202 1579 ὢν,
3240 1522 3296 1573 ὲν
3326 1521 3401 1590 τῷ
3440 1537 3564 1572 τεσ-

1994 1608 2311 1680 σαρακοστῷ
2346 1609 2457 1661 ἔτει
2484 1608 2596 1679 (84)
2624 1609 2719 1677 τῆς
2754 1608 3030 1678 βασιλείας
3057 1608 3382 1676 Αὐγούστου.

1916 1798 1958 1853 Β
2055 1780 2364 1851 Αὔγουστος
2406 1782 2461 1835 δὲ
2514 1784 2857 1836 ἐϐασίλευσεν
2907 1784 3169 1853 ἑξήκοντα
3203 1783 3313 1853 (85)
3362 1780 3421 1845 ἓξ
3464 1780 3561 1850 ἔτη

1994 1873 2088 1926 καὶ
2122 1874 2295 1943 μῆνας
2322 1873 2402 1938 ἕξ.

2062 1964 2195 2016 Μετ’
2224 1964 2384 2015 αὐτὸν
2410 1964 2466 2017 δὲ
2497 1966 2623 2028 παῖς
2660 1964 2823 2017 αὐτοῦ
2853 1964 3098 2034 Τιϐέριος
3128 1961 3429 2031 διαδέχεται
3461 1959 3567 2031 τὴν

1992 2054 2165 2125 ἀρχὴν
2193 2054 2285 2123 ἐτη
2326 2061 2433 2122 κγ’.

2061 2145 2214 2199 Μετὰ
2240 2146 2489 2218 Τιϐέριον
2528 2147 2683 2212 Γάϊος
2711 2148 2802 2219 ἔτη
2833 2148 2959 2219 τρία
2990 2147 3083 2200 κα)⁵
3127 2146 3297 2217 μῆνας
3329 2145 3393 2208 0',
3422 2143 3562 2214 ἡμέ-

1995 2254 2093 2308 ρας
2131 2236 2212 2306 κβ¹
2247 2237 2380 2305 (86).

2060 2329 2215 2381 Μετὰ
2244 2329 2400 2382 Γάϊον
2430 2328 2690 2391 Κλαύδιος
2720 2329 2811 2399 ἔτη
2848 2336 2929 2395 ιγ’.

2062 2420 2214 2471 Μετὰ
2248 2419 2511 2472 Κλαύδιον
2544 2420 2731 2491 Νέρων
2768 2419 2861 2487 ἔτη
2894 2426 2981 2486 ιγ’.

2061 2508 2211 2562 Μετὰ
2242 2511 2469 2581 Νέρωνα
2493 2510 2896 2573 Οὐεσπασιανὸς
2927 2509 3021 2578 ἔτη
3055 2510 3118 2563 θ’.

2059 2599 2212 2652 Μετὰ
2244 2598 2655 2652 Οὐεσπασιανὸν
2689 2600 2843 2661 Τῖτος
2896 2600 2923 2650 6
2966 2597 3079 2659 υίὸς
3131 2594 3295 2648 αὑτοῦ
3350 2595 3445 2665 ἔτη
3490 2593 3558 2664 β’.

2058 2687 2213 2741 Μετὰ
2242 2689 2399 2741 Τῖτον
2429 2688 2751 2759 Δομετιανὸς
2779 2689 2807 2740 6
2832 2686 3055 2755 ἀδελφὸς
3075 2685 3238 2738 αὑτοῦ
3265 2686 3358 2754 ἔτη
3383 2686 3420 2737 ε’
3445 2684 3563 2755 (87)

1992 2779 2083 2833 καὶ
2121 2780 2292 2849 μῆνας
2333 2786 2394 2831 ε’.

2059 2869 2214 2923 Μετὰ
2243 2871 2567 2940 Δομετιανὸν
2599 2869 2843 2940 Νερούας
2870 2868 2962 2937 ἔτη
2996 2869 3037 2921 δ’
3071 2870 3202 2939 (88).

2060 2958 2207 3012 Μετὰ
2234 2961 2479 3031 Νερούαν
2515 2961 2779 3031 Τραϊανὸς
2817 2960 2909 3029 ἔτη
2949 2959 3031 3013 ιϐ’.

2058 3050 2213 3103 Μετὰ
2243 3051 2506 3121 Τραϊανὸν
2553 3051 2829 3122 Ἀδριανὸς
2855 3053 2946 3121 ἔτη
2981 3051 3083 3122 κβ’.

2056 3139 2207 3192 Μετὰ
2258 3135 2529 3210 Ἀδριανδν
2572 3143 2881 3205 Ἀντωνῖνος
2903 3143 3143 3212 Εὐσεϐὴς
3178 3142 3268 3212 ἐτη
3300 3142 3399 3211 κβ’.

2059 3227 2213 3280 Μετὰ
2253 3228 2562 3281 Ἀντωνῖνον
2602 3230 2826 3300 Μάρκος
2861 3231 3193 3300 Αύρηλιανὸς
3252 3230 3561 3291 Ἀντωνῖνος

1987 3319 2016 3368 6
2045 3320 2138 3371 καὶ
2172 3320 2381 3390 Ούῆρος
2417 3320 2510 3389 ἔτη
2549 3320 2633 3373 ιϐ’.

2059 3410 2343 3479 Κόμμοδος
2375 3411 2468 3481 ἐτη
2493 3412 2550 3464 ιδ’
2582 3412 2712 3479 (89).

2061 3501 2327 3569 Περτίναξ
2359 3503 2454 3573 ἔτη
2488 3510 2538 3568 ς’
2572 3503 2703 3573 (90).

2063 3590 2200 3659 Σευῆ
2208 3606 2299 3659 ρος
2331 3590 2424 3661 ἔτη
2461 3598 2549 3661 ιη’.

2076 3677 2387 3747 Ἀντωνῖνος
2416 3682 2443 3735 ὁ
2479 3684 2590 3747 υἱὸς
2622 3684 2787 3738 αὐτοῦ
2826 3684 2919 3756 ἔτη
2960 3683 3022 3747 ζ’.

2064 3772 2341 3842 Μαρκῖνος
2380 3775 2396 3805 ⁸
2428 3774 2543 3839 ἔτος
2571 3775 2646 3828 ἓν.

2082 3862 2391 3928 Ἀντωνῖνος
2422 3864 2577 3929 ἄλλος
2607 3866 2700 3937 ἔτη
2733 3865 2777 3935 β’
2804 3865 2939 3936 (91).

1989 4090 2099 4137 tem
2136 4082 2521 4151 imperatorum
2557 4083 2754 4137 seriem
2798 4090 3021 4152 possent
3054 4083 3431 4137 animadverti.
3464 4083 3566 4139 No-

1994 4162 2167 4209 strum
2196 4161 2374 4205 tamen
2405 4168 2511 4204 non
2546 4162 2651 4213 est,
2679 4169 2852 4221 neque
2888 4155 3124 4207 instituti
3149 4154 3320 4208 nostri
3358 4156 3561 4220 operis,

1995 4222 2399 4292 operosissimis
2435 4222 2801 4290 chronologia:
2838 4222 3300 4292 disputationibus
3329 4239 3428 4276 nos
3471 4225 3563 4275 im-

1998 4292 2221 4359 plicare.
2259 4289 2439 4343 Vidcri
2478 4289 2851 4359 possunt’quze
2904 4289 3125 4361 scripsit
3155 4291 3409 4346 Petavius
3449 4300 3561 4345 tum

1999 4361 2063 4412 ad
2096 4361 2429 4425 hmresimﬁl
2480 4368 2594 4413 tntn
2636 4362 2702 4414 ad
2732 4362 2926 4415 librum
2964 4362 3038 4415 De
3072 4362 3327 4416 mensuris
3356 4371 3404 4414 et
3432 4378 3559 4428 pou—

326 4408 423 4493 tai,
454 4408 486 4485 ti
520 4408 608 4485 adr
633 4432 915 4500 historiam
950 4430 1188 4500 Virginis
1228 4431 1406 4485 Maria:
1438 4439 1582 4485 tomo
1616 4445 1741 4483 mox
1781 4431 1892 4483 lau-
1925 4408 1966 4460 D
1994 4408 2360 4500 deribustubi'
2399 4430 2594 4483 similis
2640 4439 2693 4483 et
2722 4434 3029 4484 accuratior
3070 4408 3455 4500 imperatorum
3488 4446 3568 4483 se-

323 4504 609 4570 dato,pag.
660 4501 785 4571 46;.
817 4498 953 4556 Vide
985 4498 1202 4571 etquae
1251 4501 1446 4571 habeat
1487 4500 1551 4555 ad
1607 4500 1887 4571 laudatum

323 4568 695 4625 modo'sancti
724 4568 949 4626 Joannis
997 4568 1319 4627 Damasceni
1350 4572 1527 4625 locum
1554 4570 1639 4624 vir
1692 4569 1890 4624 doctus

324 4641 549 4695 Michael
579 4640 835 4710 Lequien.

394 4712 503 4781 (84)
554 4708 772 4775 Ἔνθ’τῷ
823 4708 1286 4779 τεσσαρακοστῷ
1353 4710 1490 4764 ἔτει.
1543 4708 1745 4781 Multus
1806 4720 1889 4765 est

325 4781 383 4835 S.
416 4780 750 4851 Epiphanius
780 4780 832 4834 in
869 4780 1059 4834 haeresi
1090 4782 1402 4851 Alogorum,
1439 4794 1559 4849 qua:
1583 4786 1669 4833 est
1711 4780 1803 4842 5|,
1830 4788 1889 4832 ut

324 4850 551 4907 suadeat
579 4850 782 4905 Christi
807 4851 1018 4903 Domini
1046 4853 1276 4904 natalem
1306 4850 1447 4903 diem
1476 4865 1596 4904 esse
1627 4864 1891 4917 reponen-

322 4922 451 4975 dum
497 4921 551 4974 in
604 4935 747 4974 anno
793 4920 1278 4989 imperiiAugusti
1324 4918 1415 4973 42.
1477 4918 1612 4989 illud
1661 4920 1891 4989 allirtnat

324 4990 593 5045 haereseos
639 4991 784 5043 illius
836 4986 986 5043 num.
1016 4986 1176 5055 29;ét
1218 5003 1445 5041 numero
1483 4988 1553 5043 29
1602 4986 1892 5041 mendosos

322 5075 444 5115 esse
472 5059 751 5114 contendit
786 5058 952 5112 libros
980 5066 1431 5125 reprmsentantes
1464 5058 1603 5111 diem
1640 5057 1787 5109 illum
1823 5056 1890 5109 ad

324 5144 527 5182 annum
577 5129 804 5198 Augusti
856 5143 941 5198 xu.
1001 5127 1130 5180 Illud
1186 5126 1325 5198 idem
1382 5128 1661 5198 conceptis
1712 5127 1891 5181 verbis

324 5200 522 5251 astruit
561 5208 611 5252 et
638 5196 690 5251 in
727 5199 865 5252 libro
890 5197 968 5249 De
996 5197 1249 5249 mensuris
1278 5205 1326 5250 et
1359 5196 1694 5265 ponderibus.
1729 5210 1888 5263 quem

325 5277 537 5322 constat
586 5268 942 5337 Epiphanium
995 5264 1369 5335 composuisse
1425 5267 1591 5337 annis
1638 5264 1891 5319 duodevi-

325 5337 481 5407 ginti
514 5334 795 5407 postquam
849 5334 1174 5391 Ancorntum
1232 5337 1496 5393 ediderat.
1558 5334 1738 5407 Quare
1785 5342 1891 5407 aut

326 5404 620 5461 mendosus
653 5404 919 5462 dicendus
951 5418 1038 5461 est
1070 5409 1225 5459 locus
1271 5407 1393 5467 iste,
1443 5407 1499 5458 in
1543 5420 1652 5474 quo
1696 5404 1893 5474 legitur

326 5489 471 5545 anno
500 5490 566 5545 st.
606 5478 828 5545 Augusti
872 5485 1059 5531 natum
1089 5491 1209 5531 esse
1242 5474 1517 5530 Christum
1545 5473 1730 5545 Iesum
1754 5473 1770 5537 ,
1798 5482 1892 5527 aut

244 5561 253 5570 ·
326 5543 794 5615 dicendum,hane
808 5562 960 5599 suam
983 5547 1290 5615 opinionem
1316 5546 1592 5607 secundis,
1609 5544 1893 5615 tertiisque

328 5614 477 5684 euris
523 5628 644 5667 cum
687 5612 1033 5684 expendisset
1078 5615 1436 5684 Epiphanius,
1490 5612 1887 5684 emendavisse.

328 5679 494 5735 Multa
526 5691 639 5737 tum
669 5682 732 5735 ad
758 5679 1088 5751 praesentem
1117 5679 1314 5750 iocum,
1346 5692 1462 5736 tum
1493 5682 1559 5736 ad
1592 5683 1888 5752 insequen-

1993 4501 2101 4580 ries
2132 4500 2200 4551 ah
2233 4499 2536 4569 Epiphanio
2567 4500 2876 4555 exhibetur.
2927 4500 3037 4556 Nos
3090 4499 3282 4571 paucis
3322 4501 3569 4556 contenti

1991 4584 2215 4624 erlllllls.

2062 4638 2173 4708 (85)
2214 4637 2324 4692 Nos
2349 4646 2528 4692 monet
2555 4636 2827 4699 Petavius.
2860 4647 2917 4692 et
2939 4640 3154 4709 quidem
3182 4648 3347 4703 recte,
3373 4656 3468 4709 pro
3491 4641 3568 4707 ἐξ·

1991 4710 2191 4779 ἠκοντα
2217 4709 2338 4779 ejus
2367 4708 2468 4762 loci
2488 4724 2616 4779 esse
2648 4709 2931 4778 legendum
2958 4708 3327 4779 ίπεντήκοντα.

2064 4777 2191 4849 (86)
2217 4776 2271 4830 In
2303 4779 2441 4831 libro
2477 4777 2552 4831 De
2582 4776 2841 4849 mensuris
2871 4789 2919 4831 et
2951 4776 3267 4847 ponderibus
3296 4794 3395 4849 pro
3430 4778 3565 4849 ὴμέ-

1996 4865 2107 4919 ρας
2126 4847 2232 4919 ξδ’,
2266 4848 2458 4918 legitur
2484 4848 2697 4918 ἡμέρας
2721 4848 2823 4912 κο’,
2865 4850 2974 4901 dies
3005 4866 3154 4903 ιιιιι.

2063 4918 2175 4987 (87)
2217 4916 2355 4985 Lege
2383 4919 2473 4987 ἐτη
2503 4916 2581 4977 ιε’.
2601 4916 2780 4971 annos
2818 4934 2903 4971 xv.

2064 4987 2174 5055 (88)
2219 4990 2360 5053 Ἔτη
2391 4986 2470 5042 δ’(
2515 4986 2739 5058 Corrigc
2785 4988 2901 5051 ἔτος
2933 4988 3009 5053 ἒν,
3050 4988 3222 5059 μῆνας
3260 4988 3320 5052 δ’,
3364 5001 3565 5040 annum

1991 5071 2183 5117 unum,
2220 5073 2434 5109 menses
2474 5072 2543 5108 tv.

2064 5125 2174 5194 (89)
2218 5125 2522 5194 Κόμμοδος
2572 5126 2678 5191 ἔτη
2718 5126 2807 5181 ιδ’.
2836 5126 2996 5181 Solus
3022 5128 3279 5182 tredecim
3334 5126 3444 5179 fere
3475 5140 3571 5177 an-

1991 5211 2092 5266 nos
2122 5210 2319 5266 :_cum
2366 5196 2525 5249 Patre
2573 5211 2747 5251 annos
2792 5204 2904 5252 tres
2953 5214 3077 5251 cum
3125 5198 3327 5266 aliquot
3375 5195 3569 5250 mensi-

1990 5264 2112 5318 bus.
2150 5263 2350 5317 Pcuv.

2065 5334 2175 5404 (90)
2221 5334 2510 5401 Περτίναξ
2536 5333 2651 5405 ,ἔτη
2683 5334 2791 5397 (7':
2833 5334 2910 5391 Ne
2945 5352 3160 5392 menses
3189 5335 3404 5405 quidem
3432 5334 3567 5405 toti-

1990 5402 2113 5475 dem
2160 5402 2467 5475 imperavit.
2506 5402 2642 5475 Sed
2677 5406 2852 5475 μῆνας
2906 5414 3086 5459 tamen
3131 5402 3569 5459 rescribendum.

1992 5473 2067 5525 Ita
2096 5474 2240 5544 enim
2280 5474 2330 5525 in
2363 5477 2454 5527 lib.
2495 5473 2566 5527 De
2601 5473 2768 5528 nte—nsi.
2804 5486 2850 5529 et
2882 5476 3039 5544 pond.
3070 5476 3270 5528 PETAV.

1992 5610 2031 5664 Ρ
2063 5543 2173 5611 (Sil)
2230 5544 2582 5609 Ἀντωνῖνος
2631 5546 2825 5612 ἄλλος
2861 5548 2966 5614 ἔτη
3016 5546 3093 5609 β’.
3126 5545 3237 5599 lmo
3282 5543 3394 5599 fere
3437 5550 3577 5598 tres.

2036 5629 2193 5664 nrav.

2036 5629 2193 5666 I'ZTAV.
