3992 6198
315 301 432 356 ΙΞ5

408 409 760 480 Ἀλέξανδρος
784 408 884 479 οὐχ
913 408 941 461 ὁ
971 403 1232 461 Μακεδὼν
1261 403 1354 476 ἔτη
1390 407 1437 472 γ’
1472 400 1602 473 (92).

395 501 707 571 Μαξιμῖνος
738 499 835 568 ἐτη
867 497 938 566 γ’.

402 591 697 664 Γορδιανδς
739 589 832 659 ἔτη
868 595 941 652 ς’.

403 685 665 746 Φίλιππος
698 681 792 751 ἐτη
831 687 905 744 ς’.

404 777 591 838 Δέκιος
618 774 736 835 ἔτος
771 778 840 825 α’.

400 862 691 932 Γαλσοφὼν
728 863 824 915 καὶ
852 857 1224 931 Οὐαλησιανὸς
1253 858 1267 887 ¹
1303 855 1397 925 ἔτη
1438 859 1510 922 γ’.

400 955 638 1023 Γαληνὸς
675 953 768 1022 ἐτη
805 957 865 1004 ιε’
881 989 895 1003 .

396 1044 668 1106 Κλαύδιος
700 1042 858 1103 ἄλλος
885 1039 1004 1101 ἔτος
1029 1037 1109 1090 ἐν.

395 1134 683 1204 aegrum;
714 1135 810 1200 ἐτη
849 1131 908 1182 ιδ’
933 1129 1067 1201 (95).

395 1227 630 1284 Τάκιτος
664 1222 838 1293 μῆνας
868 1227 940 1284 ς’.

397 1314 612 1384 Πρόϐος
638 1313 732 1381 ἐτη
757 1317 830 1374 ς’.

399 1408 464 1460 Οἱ
494 1405 624 1476 περὶ
645 1406 822 1472 Κᾶρον
844 1402 937 1455 καὶ
961 1400 1198 1470 Καρῖνον
1211 1399 1304 1450 καὶ
1331 1394 1698 1467 Νουμεριανον
1723 1394 1815 1465 ἐτη
1839 1394 1905 1464 β’.

397 1493 774 1565 Διοκλητιανδς
806 1492 900 1562 ἐτη
929 1490 997 1562 η’.

393 1587 551 1644 Μετά
584 1585 962 1658 Διοκλητιανον
1001 1581 1341 1653 Μαξιμιανός
1369 1580 1509 1652 (94).

393 1678 653 1740 Λικίνιος.

399 1769 686 1831 Κῶνστας.

394 1861 824 1921 Κωνσταντίνος.

407 1951 705 2012 Ἰουλιανός.

415 2041 683 2103 Ὶοὸιανος.

403 2131 857 2194 οὑαλεντινιανὸς.

403 2223 631 2291 Οὐάλης.

394 2312 704 2383 Γρατιανός.

393 2404 539 2465 Ἕως
570 2402 661 2454 τοῦ
694 2400 943 2453 ἐνιαυτοῦ
975 2401 1112 2470 μετὰ
1147 2401 1205 2453 τὸ
1237 2400 1555 2470 τελευτῆσαι
1597 2399 1708 2470 (95)
1754 2401 1899 2471 Γρα-

317 2488 520 2544 τιανὸν.
552 2488 645 2556 ἐτη
674 2487 736 2542 ο’.
775 2487 847 2540 Τὸ
878 2487 997 2549 ἔτος
1035 2488 1142 2557 γὰρ
1180 2487 1338 2541 τοῦτό
1383 2490 1498 2542 ἐστι
1550 2488 1900 2558 ἐνενηκοστὸν

316 2578 721 2648 Διοκλητιανοῦ,
756 2579 1199 2632 Οὐαλεντινιινοῦ
1232 2579 1324 2631 καὶ
1353 2580 1652 2642 Οὐάλεντος
1679 2586 1731 2640 ι’,
1758 2580 1900 2650 Γρα-

315 2668 502 2721 τιανοῦ
535 2667 592 2721 δέ
620 2669 737 2730 ἐτος
764 2676 837 2732 ς’,
881 2669 1115 2740 ὑπατείᾳ
1147 2669 1447 2740 Γρατιανοῦ
1490 2671 1804 2739 Αὐγούστου
1839 2670 1898 2723 τὸ

329 2759 531 2829 τρίτον,
568 2759 846 2813 Ἐσκυτίου
876 2761 896 2790 ³
922 2759 1325 2830 λαμπροτάτου,
1353 2761 1582 2824 ίνδικτος
1615 2761 1680 2831 β’.

382 2850 504 2902 ΞΣ.
554 2850 744 2914 Ἡμεῖς
782 2851 960 2904 τοίνυν
1003 2851 1111 2904 ἀπὸ
1156 2850 1249 2904 τοῦ
1283 2853 1682 2922 προειρημένου
1727 2853 1897 2925 Ἀδὰμ

314 2943 458 2995 κατὰ
482 2942 822 3006 ἀκολουθίαν,
858 2943 951 2996 καὶ
983 2944 1085 2996 οὐκ
1115 2943 1364 2996 ἀπώλετο
1394 2944 1426 3013 ἡ
1465 2943 1636 3008 τάξις,
1679 2946 1799 2998 οὐδὲ
1827 2947 1895 3000 τά

1753 289 2196 350 ANCORATUS.

1939 401 1986 457 Δ

3486 289 3588 346 19.6

2086 397 2388 452 Alexander
2421 412 2448 449 a
2480 396 2772 454 Macedone
2797 397 3048 454 diversus
3079 411 3253 452 annos
3279 410 3368 453 ιιι.

2090 506 2415 560 Maximinus
2451 520 2624 560 annos
2658 521 2742 559 ιιι.

2086 593 2396 648 Gordianus
2430 609 2603 649 annos
2633 611 2708 648 Vl.

2085 684 2367 754 Philippus
2399 701 2571 738 annos
2600 699 2675 738 vt.

2087 775 2282 830 Decius
2311 791 2510 827 annmu
2540 791 2575 828 ι.

2086 863 2272 917 Gallus
2305 876 2363 916 et
2385 861 2714 917 Volusianus
2758 877 2929 917 annos
2952 879 3038 918 ut.

2085 952 2342 1007 Galienus
2381 967 2551 1004 annos
2586 967 2674 1004 xv.

2084 1042 2342 1096 Claudius
2369 1042 2502 1094 alter
2531 1057 2731 1094 annum
2773 1058 2809 1096 ι.

2082 1132 2408 1186 Aurelianus
2439 1147 2611 1185 annos
2638 1147 2748 1185 xw.

2085 1221 2308 1277 Tacitus
2337 1237 2549 1276 menses
2578 1238 2650 1274 Vl.

2083 1312 2294 1366 Probus
2329 1327 2503 1366 annos
2529 1329 2604 1365 νι.

2081 1403 2255 1458 Carus
2285 1414 2336 1458 et
2364 1403 2601 1456 Carinus
2633 1412 2685 1456 et
2717 1401 3086 1458 Numerianus
3113 1417 3287 1458 annos
3311 1416 3372 1458 ιι.

2084 1493 2447 1548 Diocletianus
2482 1509 2654 1548 annos
2680 1508 2796 1546 vm.

2082 1583 2209 1636 Post
2250 1582 2645 1637 Diocletianum
2681 1582 3064 1637 Maximianus.

2081 1672 2342 1728 Licinius.

2079 1765 2370 1820 Constans.

2078 1856 2491 1913 Constantinus.

2077 1946 2188 2017 64
2214 1945 2481 2001 Julianus.

2074 2037 2356 2092 Iovianus.

2019 2167 2023 2170 .
2075 2126 2490 2183 Valentinianus

2075 2217 2296 2275 Valens.

2072 2305 2388 2363 Gratianus.

2076 2398 2262 2468 Usque
2321 2400 2374 2452 in
2426 2398 2574 2452 hunc
2621 2411 2824 2452 annum
2870 2403 3156 2466 postquam
3208 2405 3455 2454 mortuus
3494 2403 3579 2455 est

2000 2492 2315 2555 Gratianus,
2355 2500 2484 2546 sunt
2534 2491 2662 2546 anni
2697 2506 2824 2547 Lxx.
2867 2487 3000 2542 Nam
3031 2490 3120 2545 hic
3144 2506 3322 2545 annus
3354 2499 3436 2544 est
3477 2505 3578 2544 no~

2000 2581 2313 2652 nagesitnus
2336 2578 2694 2639 Diocletiani,
2715 2577 3088 2633 Valentiniani
3115 2588 3161 2632 et
3208 2576 3452 2633 Valentis
3481 2578 3578 2632 de-

1999 2671 2195 2732 cimus,
2246 2668 2495 2723 Gratiani
2545 2674 2753 2730 sextus,
2808 2668 3128 2722 consulatus
3176 2667 3421 2722 Gratiani
3466 2667 3578 2720 Au-

1997 2760 2140 2830 gusti
2197 2759 2419 2814 tertium
2476 2766 2530 2812 et
2580 2757 2783 2826 Equitii
2836 2759 3218 2823 illustrissimi,
3273 2758 3460 2812 indicl.
3513 2774 3573 2813 ιι.

2071 2850 2206 2906 LXI.
2253 2849 2364 2904 Nos
2396 2850 2464 2903 ab
2488 2849 2698 2902 Adamo
2733 2849 2827 2902 illo
2857 2848 3118 2917 deinceps
3153 2849 3346 2902 ordine
3385 2866 3576 2919 propa-

1997 2945 2103 3016 gati
2155 2959 2346 2999 sumus
2400 2958 2578 3011 neque
2611 2941 2782 2996 series
2815 2941 3123 3006 intercidit;
3174 2956 3349 3008 neque
3383 2941 3577 3008 allego-

317 3034 421 3086 ὑπδ
438 3032 572 3086 Θεοῦ
587 3034 844 3103 γινόμενα
859 3032 1301 3102 ἀλληγοροῦνται.
1321 3033 1478 3087 Ἔστι
1494 3035 1672 3088 τοίνυν
1702 3036 1888 3107 Ἀδὰμ,

1997 3037 2110 3090 rice
2137 3051 2259 3106 qua:
2289 3051 2319 3088 a
2376 3033 2483 3088 Deo
2520 3032 2661 3087 facta
2697 3039 2846 3095 sunt,
2883 3032 3216 3100 interpretati
3239 3033 3287 3085 la
3323 3032 3570 3086 veniunt.

317 3125 415 3178 καὶ
443 3124 554 3176 ἐστι
587 3123 760 3191 φύλλα
795 3126 984 3194 συκῆς,
1020 3125 1114 3177 καὶ
1142 3126 1299 3195 συκῆ.
1323 3127 1416 3180 καὶ
1444 3127 1599 3192 ξύλον
1624 3126 1716 3180 τοῦ
1756 3128 1896 3181 εἰδέ-

314 3232 404 3266 ναι
436 3215 675 3282 γνωστὸν
708 3214 875 3267 καλοῦ
910 3215 1004 3267 καὶ
1036 3215 1296 3286 πονηροῦ,
1340 3217 1436 3270 καὶ
1470 3216 1625 3281 ξύλον
1661 3219 1808 3289 ζωῆς
1835 3220 1893 3271 ἐν

320 3305 470 3374 μέσῳ
510 3305 603 3359 τοῦ
651 3305 999 3376 παραδείσου,
1046 3307 1140 3359 καὶ
1170 3306 1314 3375 ὄφις,
1359 3309 1453 3360 καὶ
1491 3309 1762 3380 παρακοὴ,
1805 3312 1896 3364 καὶ

317 3395 551 3464 ὑπακοὴ,
587 3397 683 3446 καὶ
717 3396 825 3448 εἰσὶ
859 3396 1129 3465 ’ποτλμοῂ
1185 3397 1278 3448 καὶ
1327 3397 1474 3450 ἐστιν
1519 3397 1652 3463 Εὕα,
1699 3400 1793 3452 καὶ
1836 3400 1896 3454 τὸ

317 3486 561 3554 πλάσμα.
606 3486 788 3539 Πάντα
813 3485 922 3556 γάρ
957 3487 1159 3539 δυνατά
1192 3487 1269 3558 τῷ
1294 3487 1432 3557 Θεῷ,
1459 3489 1553 3541 καὶ
1581 3490 1647 3545 τὰ
1681 3491 1894 3562 φθαρτά

319 3576 673 3644 μεταϐάλλειν
695 3580 775 3640 εἰς
805 3579 1142 3649 ἀφθαρσίαν,
1179 3579 1273 3632 καὶ
1305 3581 1373 3634 τά
1413 3581 1506 3633 ἐπὶ
1541 3581 1644 3651 γῆς
1671 3583 1893 3652 ποιῆσαι

319 3670 376 3720 ἐν
399 3667 673 3738 ἀφθαρσίᾳ
695 3668 974 3722 διατελεῖν.
1005 3671 1117 3721 Καὶ
1143 3671 1216 3740 μὴ
1241 3669 1566 3740 θαυμαζέτω
1595 3689 1694 3734 τις.
1725 3673 1894 3726 Τοῦτο

315 3761 426 3828 γὰρ
445 3756 600 3830 ἦλθε,
631 3762 723 3812 καὶ
751 3760 941 3840 ἔδειξε,
975 3761 1153 3814 λαῦὼν
1184 3764 1359 3834 σάρκα
1385 3763 1648 3834 φθαρτὴν,
1679 3766 1772 3818 καὶ
1805 3769 1890 3818 ἐν-

319 3848 618 3917 δυσάμενος
664 3853 719 3906 ὲν
761 3852 828 3919 τῇ
873 3850 1105 3918 θεότητι,
1143 3852 1237 3903 καὶ
1279 3852 1558 3919 ἀποδείξας
1595 3855 1886 3926 ἄφθαρτον.

319 3939 418 4005 Ίίς
445 3939 552 4008 γὰρ
584 3939 865 4006 ἐγκαλέσει
897 3940 1049 4009 Θεῷ;
1090 3942 1315 4011 Ἰδωμεν
1349 3943 1404 3995 δέ
1435 3944 1528 3996 καὶ
1558 3944 1722 4015 ἄλλην
1753 3945 1889 3999 θεω-

319 4032 462 4097 ρίαν.
512 4029 789 4094 Ἐξὲὃαλεν
837 4031 1033 4093 αὐτοὺς
1078 4031 1182 4095 ἔξω
1237 4031 1328 4083 τοῦ
1380 4033 1737 4103 παραδείσου,
1796 4035 1889 4087 καὶ

318 4117 473 4168 ἒὶιετο
498 4116 564 4169 τὰ
598 4117 864 4187 χερουσιμ
889 4120 981 4171 καὶ
1003 4120 1099 4188 τὴν
1126 4119 1380 4190 φλογίνην
1405 4122 1676 4192 ῥομφαίαν
1703 4128 1888 4194 τηρεῖν

312 4204 412 4271 τὴν
445 4203 645 4256 εἴσοδον
685 4205 778 4258 τοῦ
813 4205 968 4271 ξύλου
1009 4208 1108 4276 τῆς
1151 4207 1314 4278 ζωῆς.
1370 4210 1480 4264 Καὶ
1512 4211 1814 4277 ἐξελθόντες
1841 4217 1886 4268 οἱ

313 4295 445 4364 περὶ
476 4294 566 4347 τὸν
614 4297 801 4366 Ἀδάμ,
839 4295 1059 4368 ᾤκησαν
1106 4299 1364 4356 ἀπέναντι
1404 4303 1496 4356 τοῦ
1538 4305 1882 4374 παραδείσου.

386 4469 401 4498 ¹
429 4468 555 4523 Cor.
590 4469 785 4534 Γάλλος
813 4472 906 4524 καὶ
937 4473 1342 4538 Οὔολουσιανός.

1433 4481 1452 4510 ¹
1487 4477 1546 4535 F.
1586 4481 1904 4538 Ἐκουῖτίου.

1999 3127 2362 3194 Quamobrem
2423 3140 2548 3178 vere
2581 3123 2824 3177 Adamus
2867 3124 3120 3188 exsistit;
3170 3138 3298 3178 vere
3342 3125 3467 3177 item
3507 3124 3570 3176 li-

1996 3219 2189 3273 culuea
2223 3216 2348 3271 folia
2378 3222 2432 3268 et
2467 3214 2622 3277 ficus,
2657 3215 2820 3267 arbor
2863 3229 3082 3282 quoque
3110 3228 3230 3281 qua:
3260 3211 3385 3266 boni
3418 3212 3573 3266 mali-

1996 3325 2102 3380 que
2134 3308 2417 3364 scientiam
2459 3304 2798 3365 couferebat,
2841 3314 2894 3358 et
2940 3304 3104 3357 arbor
3135 3306 3254 3357 vita:
3297 3304 3351 3358 in
3395 3304 3572 3357 medio

1997 3400 2252 3470 paradiso
2285 3401 2518 3461 consita,
2551 3411 2652 3452 nec
2683 3411 2792 3450 non
2822 3404 2876 3450 et
2907 3411 3154 3466 serpens,
3195 3403 3249 3449 et
3286 3404 3572 3450 contuma-

1995 3493 2100 3556 cia,
2137 3502 2189 3548 et
2217 3489 2550 3554 obedientia,
2583 3487 2649 3542 ad
2694 3488 2808 3542 hare
2838 3487 3008 3551 ﬂuvii,
3049 3493 3102 3540 et
3131 3487 3259 3552 Eva,
3290 3494 3343 3542 et
3378 3487 3572 3540 forma-

1998 3596 2110 3637 tum
2147 3599 2334 3639 revera
2365 3582 2640 3652 opiﬁcium
2671 3581 2902 3636 exstitit.
2952 3579 3094 3632 Nihil
3138 3579 3280 3633 enim
3321 3594 3430 3632 non
3459 3577 3571 3633 Deo

1995 3677 2254 3746 possibile
2297 3684 2400 3740 est,
2439 3684 2499 3728 ut
2527 3689 2650 3744 quae
2685 3673 3063 3742 corruptibilia
3099 3679 3246 3735 sunt,
3281 3671 3347 3724 ad
3394 3671 3570 3723 incor-

1994 3777 2214 3838 ruptum
2248 3776 2450 3822 statum
2478 3763 2780 3819 transferre
2817 3765 3010 3834 possit,
3056 3771 3109 3818 et
3143 3763 3390 3817 eamdem
3419 3762 3566 3814 illam

1993 3856 2422 3925 ineorruptionis
2459 3855 2828 3908 conditionem
2871 3855 2923 3906 in
2969 3859 3112 3906 terra
3152 3850 3376 3902 tribuat.
3409 3848 3566 3914 Quod

1993 3961 2059 4000 ne
2090 3946 2177 3998 cui
2216 3944 2450 3999 fortasse
2505 3944 2703 3996 mirum
2755 3941 3023 4002 videatur,
3065 3938 3210 3993 istud
3248 3938 3426 4007 ipsum
3466 3937 3564 3992 ad-

1993 4043 2154 4090 ventu
2207 4050 2307 4088 suo
2351 4036 2441 4089 ille
2481 4033 2876 4101 comprobavit.
2927 4031 3097 4096 Quam
3146 4031 3289 4084 enim
3341 4045 3562 4084 carnem

1990 4125 2325 4194 corruptioni
2381 4124 2670 4178 obnoxiam
2713 4123 2956 4190 accepit,
3008 4129 3061 4174 et
3125 4120 3390 4174 divinitati
3449 4133 3562 4172 suae

1990 4216 2257 4286 adjunxit,
2306 4214 2675 4284 incorruptam
2717 4210 2969 4264 reddidit.
3017 4209 3150 4275 Quis
3187 4208 3330 4262 enim
3376 4208 3563 4262 redar-

1989 4323 2154 4380 guere
2182 4305 2350 4362 Deum
2386 4304 2604 4376 potest?
2638 4301 2744 4359 Sed
2786 4302 2934 4358 aliud
2972 4301 3228 4372 deinceps
3256 4300 3559 4357 videamus.

383 4628 495 4702 (92)
539 4630 683 4694 Ἔτη
715 4627 786 4696 γ’.
839 4627 1075 4682 Emenda
1118 4627 1211 4702 ἔτη
1246 4635 1520 4700 ιγ’,ειιιιοε
1564 4649 1680 4690 xui.
1732 4634 1804 4687 Ita
1839 4635 1890 4689 in

2002 4633 2192 4687 indict.
2224 4647 2284 4695 ιι,
2317 4629 2577 4702 Gratiano
2615 4645 2672 4684 ιιι
2709 4639 2762 4684 et
2795 4629 3012 4700 Equitio
3055 4647 3198 4686 coss.
3230 4631 3324 4686 llic
3347 4643 3430 4688 est
3463 4651 3560 4689 an-

306 4700 406 4753 lib.
458 4700 529 4750 De
569 4715 731 4750 mens.
762 4708 812 4750 et
839 4702 993 4761 pomi.

384 4769 495 4832 (95)
537 4769 860 4833 Αίνρίλλιος
889 4769 993 4833 ἔτη
1027 4769 1118 4823 ιδ’.
1163 4769 1370 4824 Nomen
1407 4771 1505 4833 illi,
1537 4771 1594 4824 L.
1628 4771 1894 4827 Domitius

304 4839 565 4892 Aurelius
599 4837 847 4890 Valerius
883 4839 1230 4894 Aurelianus.
1281 4838 1386 4895 Sed
1427 4856 1627 4895 annum
1677 4851 1890 4896 sextum

304 4909 395 4961 vix
436 4909 604 4974 attigit
619 4947 631 4959 .
665 4905 868 4960 PE'I'AV.

377 4976 492 5045 (94)
518 4979 703 5049 ΛΜετά
728 4978 1177 5049 -ᾼιοκλητιιικὸν
1221 4979 1608 5049 Μαξιμιανός.
1668 4978 1887 5049 Collega

306 5044 674 5100 Ilaximianus
728 5044 1035 5100 Herculius.
1088 5044 1388 5104 Successor
1417 5049 1668 5103 Galerius
1712 5044 1885 5102 Maxi-

303 5119 525 5170 mianus
577 5117 976 5170 Armentarius.
1016 5117 1154 5187 iSed
1224 5119 1695 5187 perturbatissima
1761 5128 1889 5172 sunt

301 5202 428 5254 qua:
457 5193 790 5252 sequuntur;
842 5201 968 5254 nam
1013 5186 1274 5240 Licinium
1315 5189 1601 5242 Constanti
1649 5197 1703 5242 et
1751 5189 1889 5242 Con-

304 5253 552 5309 stantino
610 5257 893 5326 ιιι-ιςρυιιὶι.
933 5253 1063 5310 Vide
1107 5273 1227 5326 quae
1272 5259 1338 5312 ad
1378 5259 1470 5312 lib.
1523 5257 1594 5312 De
1626 5260 1886 5313 mensuris

304 5329 655 5378 aclxmtanlns.
690 5323 894 5376 ΡΕΊΑιν.

380 5395 492 5457 (95ι
536 5395 688 5463 "Eme
736 5394 842 5445 τοῦ
889 5394 1166 5448 ἐνιαυτοῦ
1202 5396 1351 5463 μετὰ
1393 5395 1457 5448 τό
1504 5394 1881 5463 τελευτῆσαι.

305 5463 496 5514 Ca-sus
518 5473 600 5514 est
634 5461 927 5516 Gratianus
953 5461 1274 5517 Merobaude
1305 5473 1356 5518 et
1389 5468 1686 5518 Saturnino
1710 5461 1880 5526 coss,

307 5535 384 5584 ait
427 5532 682 5586 Socrates
717 5533 806 5584 lib.
847 5549 896 5595 ν,
926 5550 1047 5600 cap.
1082 5535 1167 5597 11,
1215 5549 1358 5586 anno
1397 5535 1598 5588 Christi
1639 5535 1761 5587 ὅθι.
1801 5535 1880 5588 Ad

305 5618 472 5672 ηενρ-ιιι
497 5618 708 5672 annum
739 5604 976 5656 nondum
1005 5613 1322 5672 pervenerat
1355 5603 1720 5672 Epiphanius;
1751 5620 1876 5657 nam

308 5671 458 5726 hunc
495 5671 692 5738 ipsum,
726 5687 835 5740 quo
863 5671 1157 5738 scribebat,
1183 5674 1259 5725 ait
1282 5671 1408 5728 esse
1435 5689 1500 5728 xc
1532 5673 1871 5736 Diocletiani,

2000 4719 2103 4758 nus
2129 4702 2332 4760 Christi
2362 4699 2487 4752 574.
2522 4701 2702 4764 Quare
2725 4699 2989 4754 emblema
3019 4702 3160 4753 istud
3181 4703 3340 4755 otiosi
3373 4704 3561 4771 cujus«

1993 4775 2116 4853 dam
2148 4771 2564 4853 uugatoriscsse
2589 4771 3106 4853 videturz‘Atqueita
3127 4771 3508 4853 rprri‘gendum
3539 4790 3554 4824 :

1993 4843 2137 4904 Ἕως
2156 4837 2344 4894 τούτου
2370 4837 2462 4890 τοῦ
2485 4837 2752 4889 ἐνιαυτοῦ.
2779 4837 2936 4907 Ἔτος
2958 4837 3066 4907 γάρ
3087 4837 3240 4890 τοῦτό
3261 4840 3427 4902 ἐστιν,
3446 4848 3551 4894 etc.

1994 4912 2048 4963 Si
2084 4912 2148 4963 de
2183 4911 2339 4962 anuis
2365 4907 2471 4961 574
2503 4907 2806 4960 detraxeris
2838 4906 2927 4968 70,
2971 4907 3255 4961 restahunt
3293 4907 3416 4960 504.
3457 4907 3556 4962 Se-

1993 4981 2174 5048 quenti
2205 4977 2561 5033 Constantius
2595 4977 2826 5048 Chlorus
2860 4976 3014 5048 obiit,
3049 4977 3094 5048 si
3134 4975 3342 5030 Socrati
3371 4978 3555 5048 credi-

1990 5045 2130 5104 mus.
2166 5049 2208 5101 Α
2249 5056 2421 5102 morte
2467 5046 2773 5101 Constantii
2805 5047 2883 5116 ad
2917 5045 3232 5100 Gratianum
3295 5055 3348 5116 et
3386 5047 3554 5116 Equi—

1987 5120 2118 5172 tium
2163 5134 2312 5172 coss.
2355 5117 2481 5170 anni
2507 5125 2634 5170 sunt
2665 5117 2752 5170 70.
2779 5115 2988 5181 Quare,
3021 5116 3126 5169 nisi
3151 5115 3553 5171 mendosusest

1990 5204 2274 5249 numerus,
2323 5201 2498 5255 neque
2548 5185 2708 5255 verba
2746 5187 2837 5238 illa
2875 5185 3166 5255 rejicienda
3198 5185 3329 5243 sint,
3356 5186 3551 5255 viden-

1982 5259 2114 5311 dum
2151 5274 2221 5311 an
2255 5273 2283 5308 a
2313 5253 2618 5310 Constantii
2655 5253 2840 5308 Chlori
2884 5256 3056 5317 obitu,
3084 5253 3187 5320 vel,
3223 5253 3366 5323 quod
3406 5255 3547 5310 idem

1982 5335 2089 5387 est,
2125 5329 2193 5379 ab
2221 5326 2424 5392 epocha
2453 5325 2760 5393 Constantii
2792 5324 2857 5378 70
2889 5325 3008 5377 illos
3047 5337 3220 5376 annos
3250 5332 3545 5393 computet.

1983 5395 2058 5464 ita
2088 5411 2184 5464 pro
2215 5392 2528 5464 Γρατιανὸν,
2554 5395 2957 5464 Κωνσταντῖνον
2982 5392 3385 5464 rescribenduat
3417 5394 3543 5448 erit.

1981 5461 2167 5518 Potest
2207 5461 2396 5516 etnon
2432 5462 2608 5516 solum
2651 5464 2702 5514 in
2744 5477 2875 5515 vece
2914 5461 3228 5530 Γρατιανόν,
3263 5463 3352 5518 sed
3384 5463 3542 5516 etiam

1981 5535 2034 5586 in
2071 5548 2356 5600 numerum
2406 5531 2581 5600 ipsum
2630 5546 2783 5600 error
2833 5531 3142 5600 irrepsisse,
3171 5543 3230 5588 ut
3266 5550 3294 5587 a
3336 5532 3542 5589 Christi

1977 5602 2176 5667 Natali,
2210 5602 2294 5656 vel
2329 5597 2590 5657 Pas—sione
2620 5599 2927 5656 deduxerit.
2946 5597 3165 5657 ’Psnv.
