3992 6198
269 270 364 326 I99

1686 259 2132 315 ANCORATUS.

3435 259 3540 315 {50

264 385 458 439 Τοίνυν
497 379 566 433 τὰ
597 379 792 450 ἱμάτια
823 375 906 439 τίς
936 373 1082 444 αὐτῷ
1117 372 1286 442 ὕφανε
1315 373 1380 425 τὰ
1422 371 1561 442 μετὰ
1590 373 1688 443 τὴν
1722 372 1853 424 ἀνά-

1972 373 2244 441 liscipulis
2280 387 2400 426 cum
2434 387 2664 443 corpore
2704 374 2995 442 animaque
3038 371 3324 428 visendum
3351 388 3546 430 senon

264 487 487 535 οτασινς
529 468 674 521 Ἀλλ’
698 467 846 537 ἐρεῖς
872 480 961 534 μοι
995 463 1235 524 πάντως,
1280 461 1585 531 Ἔνδύματα
1611 479 1857 530 πνευμα-

261 561 389 615 τικὰ
408 563 436 613 ὁ
459 558 622 619 αὒτδς
657 557 916 625 ποιήσας.
950 555 1061 606 Καὶ
1095 555 1143 606 εἰ
1175 552 1402 606 τοιαῦτα
1428 552 1702 623 ἐνδύματα
1729 552 1858 621 ἡδύ·-

264 663 392 699 νατο
414 644 593 714 ἐαυτῷ
629 645 830 704 ποιεῖν,
873 640 1117 704 ἐκείνους
1156 643 1284 703 τοὺς
1316 641 1676 711 δερματίνους
1698 640 1861 710 χιτῶ-

266 752 364 798 νας
394 735 494 788 οὐκ
521 732 751 802 ἠδύνατο
787 732 1012 801 ποιῆσαι
1039 733 1152 793 τοῖς
1181 731 1309 801 περὶ
1340 730 1430 782 τὸν
1475 730 1646 799 Ἀδὰμ
1673 730 1859 801 οίκείῳ

271 825 567 894 θελήματις
595 824 805 885 Ὄντως
831 822 845 851 ¹
867 820 1126 872 ἐκπίπτει
1157 818 1251 870 τοῦ
1299 819 1607 889 Ὠριγένους
1633 822 1664 889 ἠ
1697 819 1861 888 ἀλλη-

271 917 449 983 γορία.
485 916 546 967 Εἰ
574 913 683 983 γὰρ
715 911 854 981 μετὰ
881 911 942 963 τὸ
967 909 1302 980 βεϐρωκέναι
1332 909 1425 962 τοῦ
1455 909 1613 973 ξύλου
1638 910 1860 980 ἐκτίσθη

267 1007 344 1075 τῷ
377 1005 546 1074 Ἀδὰμ
574 1006 607 1072 ἡ
635 1001 792 1070 σὰρξ,
820 1001 986 1053 πόθεν
1016 1002 1123 1070 ἄρα
1144 999 1336 1053 ἐλαϐεν
1364 1003 1392 1052 ὁ
1421 1000 1554 1063 Θεὸς
1578 1001 1675 1066 τὴν
1700 1002 1864 1053 πλευ-

270 1099 396 1169 ράν;
425 1098 484 1160 ὃς
511 1094 818 1165 διεγερθεὶς
837 1093 946 1145 ἀπὸ
966 1094 1064 1163 τῆς
1085 1093 1417 1153 ἐκστάσεως,
1438 1092 1590 1162 φησί’
1611 1092 1863 1146 Ὀστοῦν

264 1189 329 1240 ἐκ
357 1187 476 1240 τῶν
505 1185 708 1238 ὀστῶν
731 1201 873 1252 μου,
921 1183 1019 1235 καί
1058 1180 1216 1249 σὰρξ
1249 1181 1318 1235 ἐκ
1352 1179 1462 1250 τῆς
1485 1181 1713 1249 σαρκός
1740 1199 1860 1249 μου

265 1296 445 1334 τουτο
457 1317 474 1333 ο

1965 464 2228 532 praebuit;
2266 471 2357 515 aut
2392 479 2516 516 cum
2570 480 2696 517 ossa
2738 480 2834 516 sua
2870 463 3093 518 Thema!
3141 480 3446 533 carnesque
3489 473 3544 520 et

1963 556 2133 608 latera
2181 558 2565 620 monstravit',
2601 557 2802 622 nudus,
2837 557 3054 626 opinor,
3090 573 3198 610 non
3241 558 3363 611 fuit.
3407 557 3543 623 Quis

1964 645 2129 716 igitur
2162 647 2275 700 haec
2306 648 2378 700 illi
2413 655 2534 716 post
2571 648 3030 701 resurrectionem
3060 652 3380 704 vestimenta
3409 665 3545 704 con-

1962 737 2108 792 suit?
2148 737 2304 790 Dices
2347 738 2622 806 spiritales
2668 738 2929 808 quasdam
2978 749 3158 793 vestes
3206 739 3306 793 sibi
3365 742 3541 808 ipsum

1964 829 2283 884 adornasse.
2335 831 2503 900 lgilur
2551 831 2641 899 qui
2707 830 2974 898 ejusmodi
3027 831 3131 885 sibi
3189 838 3370 884 vestes
3431 832 3543 883 ela-

1966 919 2161 972 borare
2205 921 2403 988 potuit,
2440 921 2696 989 pelliccas
2731 921 2853 974 illas
2890 920 3105 973 tunicas
3138 921 3330 990 primis
3377 919 3543 973 homio

1965 1009 2126 1062 nibus
2160 1019 2352 1077 suapte
2380 1010 2659 1062 voluntate
2680 1010 2949 1062 coniicere
2977 1025 3081 1061 non
3114 1010 3330 1078 potuit?
3362 1009 3544 1062 Enim-

1963 1114 2094 1153 vero
2142 1108 2252 1153 tota
2309 1101 2399 1153 illa
2461 1101 2770 1170 exploditur
2819 1099 3070 1168 Origenis
3121 1102 3401 1170 allegoria.
3435 1101 3546 1170 66

1964 1183 2096 1238 Nam
2154 1187 2197 1240 si
2263 1195 2382 1254 post
2440 1188 2786 1256 degustatum
2839 1188 3074 1242 fructum
3126 1205 3344 1242 carnem
3404 1189 3544 1243 Dens

1963 1274 2173 1330 Adamo
2223 1277 2530 1344 fabricavit,
2579 1280 2854 1333 undenam
2910 1290 3118 1333 costam
3167 1281 3312 1333 illam
3361 1281 3544 1334 lateris
3604 1301 3610 1322 ι

270 1371 606 1441 acceperat?
658 1383 783 1424 nam
840 1382 965 1422 eum
1020 1366 1263 1421 Adamus
1318 1381 1384 1421 ex
1436 1367 1706 1421 altissimo
1769 1367 1862 1424 illo
1897 1384 2094 1440 sopore
2123 1380 2268 1426 esset
2308 1373 2577 1427 excitatus
2606 1391 2618 1425 :
2651 1373 2747 1437 0s,
2793 1373 2989 1443 inquit,
3030 1387 3096 1425 ex
3140 1373 3348 1425 ossibus
3399 1372 3542 1426 istud

261 1474 366 1526 est,
402 1472 454 1517 et
490 1477 618 1515 caro
651 1461 711 1514 de
734 1476 895 1513 carne
927 1475 1043 1512 mea
1067 1460 1107 1511 ³.

333 1554 458 1609 ΞΡ.
508 1553 614 1605 Τοῦ
651 1552 838 1604 λοιποῦ
872 1551 1053 1603 τοίνυν
1090 1549 1279 1618 μηδεὶς
1313 1550 1447 1618 ἡμῖν
1482 1549 1686 1612 κόπους
1718 1565 1862 1620 παρ-

2045 1545 2225 1599 LXlll.
2269 1546 2438 1602 Nemo
2493 1548 2674 1617 itaque
2713 1548 2971 1618 deinceps
3029 1550 3188 1606 nobis
3239 1552 3546 1608 molestiam

267 1645 457 1716 εχέτω.
487 1643 646 1697 Οὕτω
669 1645 778 1712 γὰρ
802 1640 1016 1708 δοξάζει
1048 1642 1081 1711 ή
1115 1641 1248 1708 ἁγία
1272 1639 1364 1691 τοῦ
1396 1639 1530 1693 Θεοῦ
1572 1639 1863 1711 Ἐκκλησία

1974 1639 2229 1708 praebeat.
2267 1638 2339 1692 Ita
2368 1640 2569 1710 quippe
2604 1642 2672 1693 ab
2708 1641 2865 1694 initio
2901 1642 2966 1694 ad
3014 1642 3154 1696 hanc
3195 1658 3372 1712 usque
3403 1645 3547 1699 diem

266 1737 373 1790 ἀπὸ
405 1735 516 1788 τῶν
550 1727 944 1788 ἁνέκαθεν.Ὀύ
974 1734 1389 1804 παραστήσεται
1423 1730 1531 1802 γὰρ
1552 1733 1683 1802 ἡμῖν
1719 1732 1864 1802 Ὠρι-

262 1829 429 1898 γένης
465 1829 523 1879 ἐν
552 1825 742 1896 ἡμέρᾳ
772 1823 1030 1893 κρίσεως.
1065 1821 1347 1890 Θαυμὰζω
1381 1820 1490 1892 γὰρ
1520 1821 1596 1882 ὡς
1625 1819 1862 1889 ἀληθῶς,

268 1919 385 1980 πῶς
416 1934 562 1979 τινες
596 1915 883 1984 ἀνέχονται
913 1913 1008 1966 τοῦ
1043 1912 1535 1982 βλασφημήσαντος
1557 1911 1647 1964 τὸν
1673 1910 1867 1964 ἑαυτοῦ

269 2009 568 2079 Δεσπότην.
608 2005 1039 2073 Ἀναγνώτωσαν
1071 2004 1383 2074 Ὠριγένυυς
1405 2003 1474 2056 τὰ
1502 2003 1639 2071 Περὶ
1663 2001 1868 2072 ἀρχῶν

264 2104 317 2153 οἱ
335 2098 595 2164 τοιοῦτοι,
617 2099 709 2150 καὶ
732 2096 1056 2168 μαθέτωσαν
1081 2098 1130 2148 οἱ
1153 2095 1438 2160 δοκοῦντες
1468 2091 1609 2150 εἶναι
1640 2096 1746 2147 υἱοὶ
1765 2095 1867 2164 τῆς

283 2190 623 2260 Ἐκκλησίας
654 2189 752 2258 τῆς
784 2188 1104 2258 καθολικῆς,
1134 2190 1228 2242 καὶ
1263 2188 1336 2259 μὴ
1361 2187 1452 2242 τὸν
1483 2187 1608 2241 Υἱδν
1634 2187 1741 2240 ἀπὸ
1767 2186 1866 2256 τῆς

269 2281 368 2334 τοῦ
405 2280 620 2351 Πατρὸς
648 2279 899 2350 θεότητος
923 2280 1182 2349 χωρίζειν
1206 2279 1587 2350 τολμάτωσαν,
1627 2279 1744 2342 πῶς
1766 2278 1867 2332 ούκ

272 2373 584 2442 ἀπηξίωσεν
602 2371 711 2442 (98)
752 2372 1036 2440 Ὦριγένης
1073 2371 1249 2422 εἰπεῖν
1277 2371 1359 2422 ὅτι
1382 2371 1480 2440 οὐχ
1507 2371 1608 2440 ὁρᾷ
1638 2369 1728 2421 τὸν
1754 2370 1865 2420 Πα-

281 2449 460 2533 τέραο
487 2463 637 2524 Υἱός.
687 2460 851 2514 Ἀλλὰ
885 2477 1040 2530 φησι·
1080 2478 1098 2510 ι
1141 2461 1227 2522 Ὡς
1263 2460 1324 2512 οὐ
1355 2459 1577 2513 δύναται
1604 2460 1736 2530 ὁρᾷν
1773 2458 1864 2510 τὸν

274 2555 490 2623 Πατέρα
513 2553 543 2603 ὁ
564 2551 717 2614 Υἱὸς,
747 2552 842 2604 καὶ
870 2550 929 2602 τὸ
959 2549 1116 2618 ἅγιον
1147 2549 1373 2619 Πνεῦμα
1401 2549 1461 2601 ού
1491 2548 1712 2602 δύναται
1739 2549 1864 2601 ἰδεῖν

271 2645 366 2697 τὸν
398 2645 546 2697 Υἱόν.
563 2662 582 2693 ι
613 2642 723 2694 Καὶ
740 2642 916 2694 πάλιν⁸
948 2660 966 2693 ι
986 2642 1048 2694 Oi
1066 2640 1288 2709 ἄγγελοι
1305 2641 1363 2693 ού
1381 2639 1635 2693 δύνανται
1657 2639 1784 2692 ἰδεῖν
1804 2638 1863 2692 τὸ

273 2736 428 2802 ἅγιον
463 2733 713 2803 Πνεῦμα,
768 2731 864 2784 καὶ
908 2732 959 2783 οί
996 2731 1275 2802 ἄνθρωποι
1321 2732 1382 2782 οῦ
1427 2729 1681 2782 δύνανται
1734 2730 1862 2782 [δεῖν

272 2823 396 2884 τοὺς
420 2820 710 2888 ἀγγέλους.
726 2838 744 2869 ι
771 2820 880 2872 Καὶ
908 2820 1300 2886 ἐφαντασίασεν
1318 2818 1530 2879 ἐαυτὸν,
1552 2817 1750 2886 μᾶλλον
1769 2818 1862 2870 καὶ

272 2913 366 2974 οῦς
405 2912 714 2982 ἠπάτησεν,
763 2911 879 2963 ἀλλ’
908 2911 969 2963 ού
1005 2910 1095 2962 τὸν
1141 2911 1360 2962 συνετὸν
1401 2910 1494 2962 καὶ¹
1542 2908 1731 2961 πιστὸν
1769 2910 1862 2962 καὶ

1970 1739 2320 1786 sacrosancta
2349 1732 2517 1784 sensit
2555 1730 2820 1785 Ecclesia.
2847 1731 3035 1801 Neque
3067 1748 3197 1787 vero
3238 1734 3291 1786 in
3330 1735 3424 1788 illo
3452 1736 3547 1803 ju—

1968 1825 2094 1879 dicii
2129 1823 2217 1878 die
2259 1825 2415 1878 nobis
2453 1824 2718 1893 Origenes
2758 1825 2952 1878 aderit.
2989 1825 3103 1879 lloc
3144 1828 3288 1880 enim
3332 1843 3548 1898 magno-

1968 1931 2097 1986 pere
2139 1915 2408 1978 demiror,
2457 1916 2602 1984 quod
2647 1918 2894 1970 nonnulli
2934 1919 3206 1970 hominem
3252 1919 3416 1972 istum
3453 1921 3545 1988 qui

1967 2006 2022 2058 in
2071 2005 2358 2059 Dominum
2420 2019 2582 2058 suum
2626 2006 3061 2059 contumeliosus
3114 2014 3219 2069 est,
3268 2008 3546 2062 sustinere

1967 2097 2203 2166 possint.
2241 2095 2471 2166 Legant,
2521 2096 2566 2150 si
2597 2097 2768 2159 lubet,
2810 2095 3062 2165 Origcnis
3100 2097 3295 2149 librum
3336 2100 3430 2165 qui
3468 2097 3544 2150 De

1965 2187 2238 2255 principiis
2300 2187 2599 2256 inscriptus
2655 2195 2762 2250 est,
2820 2193 2984 2255 atque
3034 2187 3158 2240 inde
3220 2202 3413 2256 sapere
3460 2188 3544 2241 di-

1966 2286 2147 2340 scant,
2191 2277 2284 2347 qui
2320 2277 2576 2332 Ecclesia:
2610 2276 2894 2330 catholica:
2937 2276 3030 2329 lilii
3081 2292 3206 2330 esse
3245 2276 3538 2338 videntur;

1965 2382 2067 2421 nec
2096 2367 2356 2436 deinceps
2398 2365 2591 2420 Filium
2650 2378 2681 2418 a
2733 2364 2912 2418 Patris
2957 2366 3244 2419 divinitate
3289 2381 3544 2434 separare

1967 2459 2221 2513 audeant.
2271 2458 2517 2521 Discant,
2553 2458 2795 2528 inquam,
2839 2457 3300 2526 quemadmodum
3349 2457 3544 2529 Orige~

1966 2567 2062 2605 nes
2106 2566 2213 2604 non
2257 2551 2526 2606 dubitarit
2554 2565 2804 2604 asserere
2837 2550 3033 2604 Filium
3067 2553 3291 2606 minime
3323 2551 3543 2606 Patrem

1963 2640 2184 2695 intueri.
2227 2641 2317 2694 Sic
2361 2643 2503 2695 enim
2537 2642 2780 2710 loquitur
2813 2661 2825 2696 :
2867 2642 3092 2696 Perinde
3132 2660 3194 2696 ac
3229 2642 3402 2696 Filius
3437 2643 3545 2697 Pa-

1966 2742 2094 2785 trem
2131 2731 2299 2785 ridere
2339 2749 2440 2784 non
2473 2743 2662 2796 potest,
2695 2733 2769 2784 ita
2813 2731 3042 2798 Spiritus
3095 2742 3305 2786 sumtus
3341 2733 3544 2787 Filium

1965 2821 2136 2874 videre
2165 2822 2358 2890 nequit.
2391 2823 2470 2873 Ac
2503 2835 2699 2875 rursus
2735 2839 2746 2874 :
2773 2821 2960 2889 Ληρειὶ
3002 2819 3262 2879 Spiritum
3302 2835 3546 2876 sanctum

1966 2911 2137 2964 videre
2179 2921 2454 2980 nequeunt,
2509 2921 2564 2963 ut
2605 2921 2653 2964 et
2697 2911 2928 2964 homines
2978 2912 3188 2980 angelos
3225 2911 3395 2966 videre
3440 2931 3546 2967 non

276 2981 604 3054 πιστεύοντα
637 3004 704 3071 τῇ
742 3000 968 3071 ἀληθείᾳ
993 3001 1088 3052 καὶ⁵
1123 3002 1189 3070 τῇ
1225 3001 1568 3069 πνευματικῇ
1609 2997 1862 3051 διδασκα-

1972 3007 2204 3063 possunt.
2265 2997 2342 3050 ita
2373 2997 2477 3051 sibi
2517 2998 2618 3066 ipsi
2647 2997 2864 3066 quidem
2893 2981 3031 3052 etiis
3049 3013 3188 3066 quos
3221 2999 3271 3050 in
3301 3013 3543 3052 errorem

271 3093 384 3164 λίᾳ.
429 3092 642 3144 Παῦσαι
665 3091 867 3156 τοίνυν,
917 3090 1210 3161 Ὠρίγενες,
1240 3091 1334 3143 καὶ
1373 3089 1735 3153 παύσασθε,οί
1767 3088 1862 3142 τοῦ

286 3186 601 3254 Ὠριγένους
640 3183 901 3255 μαθηταί.
944 3182 1296 3253 Ἀληθεύουσι
1338 3180 1448 3253 γὰρ
1480 3182 1530 3234 οἱ
1579 3180 1864 3234 ἀπόστολοι

270 3278 377 3331 καὶ
397 3280 445 3329 οἱ
474 3276 774 3347 προφῆται,
805 3275 952 3347 ἥπερ
979 3276 1136 3345 ὑμεῖς
1159 3275 1254 3327 καὶ
1280 3274 1309 3325 ὁ
1341 3273 1494 3344 ὑμῶν
1523 3272 1860 3336 διδάσκαλος.

273 3367 692 3422 Παυσᾶσθωσαν
719 3368 771 3418 οἱ
798 3367 1118 3430 Γνωστικοὶ,
1160 3365 1598 3434 καταγνωστικοὶ
1635 3363 1691 3417 δὲ
1711 3366 1866 3428 ὄντες

272 3459 375 3511 τὸν
407 3458 626 3529 τρόπον.
680 3457 790 3511 Καὶ
843 3456 1246 3511 παυσάσθωσαν
1293 3455 1726 3509 Οὑαλεντινιανοὶ
1773 3456 1865 3508 καὶ⁵

274 3550 577 3618 Μανιχαῖοι
607 3548 701 3600 καὶ
727 3548 1164 3618 Μαρκιωνισταὶ,
1197 3549 1244 3600 οί
1285 3546 1427 3600 κατὰ
1451 3547 1630 3599 πάντα
1660 3546 1867 3599 πεπλα-

274 3639 525 3711 νημένοι.
567 3639 679 3692 Καὶ
718 3638 1120 3692 παυσάσθωσαν
1170 3639 1438 3708 Ἀρειανοὶ
1467 3637 1559 3690 καὶ
1601 3638 1866 3709 Ἀνόμοιοι

274 3731 381 3784 καὶ
409 3727 710 3793 Σαόἐλλιοι,
748 3730 841 3783 καὶ
866 3730 1236 3799 Πνευματῖται
1263 3730 1313 3781 οἱ
1347 3730 1442 3782 καὶ
1476 3729 1868 3800 Πνευματομὰ-

274 3839 390 3891 χοι.
430 3821 521 3874 καὶ
549 3823 856 3891 Διμοιρῖται
894 3822 942 3873 οί
985 3821 1228 3889 ἀνοήτως
1264 3819 1356 3872 τὸν
1389 3819 1514 3873 νοῦν
1553 3819 1868 3891 παρεκϐἀλ-

271 3915 487 3975 λσντες.
520 3913 706 3966 Πάντα
728 3913 840 3983 γὰρ
865 3911 1170 3982 ἀληθεύειὴ
1198 3910 1321 3965 θεία
1349 3911 1563 3982 Γραφή·
1599 3912 1869 3974 συνέσεως

271 4003 334 4056 δὲ
360 4002 524 4073 χρεία
548 4004 666 4055 ἐστὶ
685 4002 778 4056 τοῦ
806 4003 1004 4056 εἰδέναι
1024 4003 1116 4056 τὸν
1137 4002 1580 4066 Θεδν,πιστεύειν
1603 4001 1749 4072 αὐτῷ
1775 4003 1870 4055 καὶ

273 4093 394 4153 τοῖς
422 4091 588 4144 αὐτοῦ
624 4091 822 4160 λόγοις,
851 4094 948 4145 καὶ
973 4092 1040 4145 τὰ
1065 4091 1171 4144 ὑπὸ
1202 4091 1294 4144 τοῦ
1329 4091 1463 4144 Θεοῦ
1499 4090 1870 4163 κεχαρισμένα

275 4180 377 4232 καὶ
400 4179 662 4250 δεδομένα
695 4183 787 4235 καὶ
811 4183 1066 4251 ἐσόμενα,
1095 4183 1190 4235 καὶ
1219 4183 1418 4236 εἰδέναι
1444 4183 1589 4236 κατὰ
1615 4184 1715 4251 τὴν
1740 4181 1871 4234 ὑπό-

278 4285 468 4337 σχεσιν
496 4271 594 4341 τὴν
625 4272 734 4324 τῶν
758 4271 966 4343 νεκρῶν
991 4272 1287 4325 ἀνάστασιν
1317 4274 1428 4342 (99)
1459 4276 1517 4326 ἐν
1543 4272 1863 4342 τελειότητι.

277 4329 441 4414 Unica
479 4329 589 4432 γὰρ
630 4329 1177 4433 αἵρεσιξψεύδεται,
1232 4329 1589 4434 μὴὶλαιϐοῦσα
1637 4329 1866 4435 Πνεῦμα
1899 4329 1940 4382 D

275 4450 458 4516 ἅγιον,
489 4453 567 4524 (1)
593 4453 738 4506 κατὰ
771 4453 872 4524 τὴν
918 4454 1217 4523 παράδοσιν
1249 4455 1358 4507 τῶν
1397 4455 1659 4527 Πατέρων
1702 4457 1760 4509 ἐν
1798 4460 1864 4528 τῇ

275 4541 414 4610 ἁγία
446 4541 539 4594 τοῦ
569 4540 704 4594 Θεοῦ
741 4541 1006 4612 καθολικῇ
1051 4542 1368 4613 Ἐκκλησία.

1967 3090 2204 3160 impulit,
2243 3089 2469 3142 illudere
2503 3089 2710 3158 potuit;
2755 3088 2986 3156 sapienti
3015 3103 3144 3141 vero
3175 3103 3236 3141 ac
3265 3087 3408 3142 lideli
3450 3089 3531 3142 ei-

1965 3196 2072 3252 que
2107 3181 2198 3250 qui
2243 3181 2455 3235 veritati
2499 3196 2563 3234 ac
2615 3181 2847 3250 spiritali
2887 3179 3150 3234 doctrina!
3195 3180 3396 3238 credit,
3436 3195 3544 3235 non

1966 3274 2160 3343 potuit.
2201 3271 2398 3327 Desine
2430 3273 2614 3343 igitur,
2659 3271 2920 3342 Origenes
2952 3281 3004 3326 et
3033 3288 3130 3326 vos
3178 3272 3430 3342 Origenis
3465 3273 3548 3327 di-

1966 3362 2164 3431 scipuli
2196 3380 2208 3414 :
2246 3363 2490 3416 veriores
2537 3362 2736 3431 quippe
2787 3362 2942 3415 vobis
2993 3363 3250 3416 omnibus
3292 3377 3356 3415 ac
3409 3379 3548 3432 pra:-

1965 3462 2187 3524 ceptore
2222 3461 2405 3508 vestro
2444 3455 2676 3523 apostoli
2709 3462 2840 3508 sunt
2873 3463 2926 3507 et
2957 3455 3254 3523 praphetae.
3288 3453 3550 3509 Desinant

1965 3559 2127 3615 porro
2156 3545 2425 3609 Gnostici,
2459 3546 2550 3614 qui
2587 3547 2831 3599 moribus
2859 3561 2917 3600 se
2959 3549 3076 3602 suis
3113 3551 3544 3618 calagnosticos,

1969 3635 2071 3688 hoc
2094 3642 2177 3689 est
2207 3634 2631 3688 condemnandos
2669 3636 2931 3703 praebent.
2965 3635 3263 3692 Facessant
3300 3635 3549 3691 Valenti-

1967 3727 2141 3790 niani,
2208 3725 2512 3794 Manichrei,
2570 3725 2957 3792 Marcionistze,
3025 3730 3118 3799 qui
3174 3729 3227 3781 in
3288 3730 3547 3783 omnibus

1967 3817 2178 3886 decepti
2237 3828 2386 3871 sunt.
2435 3817 2697 3872 Desinant
2761 3819 2971 3882 Ariani,
3032 3819 3303 3880 Auommi,
3358 3817 3548 3871 Sabel-
3606 3830 3619 3841 '

1968 3907 2120 3971 liani,
2165 3907 2522 3963 Pneumalitie
2564 3911 2679 3964 sive
2704 3908 3211 3973 Pneumatomachi,
3249 3909 3548 3964 Dimmritze

1967 3999 2058 4067 qui
2090 3999 2287 4052 stolide
2317 4008 2553 4053 mentem
2595 4000 2867 4068 rejiciunt.
2911 3991 3044 4052 Nam
3092 3999 3378 4069 Scriptura
3421 4001 3546 4055 ubi-

1969 4103 2073 4159 que
2120 4105 2248 4144 vera
2294 4102 2378 4145 est
2429 4107 2492 4145 ac
2541 4099 2711 4145 certa.
2765 4089 3042 4160 Sapientia
3095 4107 3225 4146 vero
3279 4092 3548 4161 inprimis

1969 4191 2107 4246 Opus
2136 4185 2219 4232 est
2269 4186 2409 4233 utet
2461 4177 2630 4233 Deum
2689 4182 3024 4241 noverimus,
3077 4189 3130 4235 ct
3177 4183 3279 4251 ipsi
3317 4183 3548 4251 ejusque

1969 4270 2312 4325 sermonibus
2355 4278 2516 4339 atque
2550 4270 2618 4326 iis
2667 4272 2944 4335 omnibus,
2994 4289 3116 4342 qure
3166 4274 3312 4329 illius
3355 4273 3407 4326 in
3447 4289 3549 4328 nos

1971 4360 2326 4414 benelicentia
2377 4363 2609 4416 contulit
2659 4363 2744 4416 vel
2797 4362 3093 4432 aliquando
3149 4363 3331 4417 futura
3385 4373 3547 4430 sunt,

1972 4451 2132 4506 ﬁdem
2169 4453 2500 4519 habeamus;
2532 4461 2584 4507 et
2621 4463 2679 4507 ut
2709 4455 3005 4524 perfectam
3036 4472 3098 4508 ex
3136 4456 3284 4509 illius
3310 4456 3549 4526 promis-

1975 4544 2127 4598 sione
2157 4553 2500 4599 mortuorurn
2537 4548 2996 4600 resurrectionem
3036 4547 3390 4617 intelligentia
3424 4562 3550 4617 per-

277 4631 572 4697 cipiamus.
602 4630 796 4685 Omnis
831 4633 977 4686 enim
1031 4633 1259 4688 haeresis
1289 4632 1522 4689 mendax
1589 4641 1695 4694 est.
1749 4642 1939 4704 utpote
1977 4653 2097 4706 qua:
2147 4635 2411 4707 Spiritum
2461 4646 2712 4692 sanctum
2758 4654 2823 4692 ex
2880 4639 3105 4692 Patrum
3155 4639 3452 4692 traditione
3494 4638 3550 4691 in

275 4731 474 4776 sancta
512 4723 602 4777 Dei
627 4733 682 4778 et
716 4725 988 4781 catholica
1029 4726 1276 4783 Ecclesia
1316 4743 1425 4781 non
1457 4728 1751 4796 acceperit.

347 4815 470 4870 EA’.
501 4815 613 4869 Καὶ
640 4818 770 4888 περί
799 4819 1002 4873 ταῦτων
1031 4821 1212 4874 αὐτῶν
1248 4819 1407 4884 αὖθις
1439 4821 1602 4875 πάλιν
1630 4820 1863 4891 ἐροῦμεν

393 4974 408 5002 ⁸
451 4969 509 5024 F.
541 4972 735 5038 οὕτως.
815 4975 834 5004 ¹
865 4971 1024 5029 Joan.
1045 4991 1137 5038 xx,
1167 4975 1259 5029 27.

1337 4975 1358 5006 ³
1377 4974 1516 5033 Gen.
1551 4991 1608 5041 ιι,
1635 4974 1726 5028 25.

352 5082 466 5157 (98)
498 5083 628 5150 Πῶς
661 5085 1177 5157 οὐκγάπηξίωσεν.
1209 5087 1499 5157 Origenezn
1532 5086 1626 5141 Dei
1665 5085 1859 5157 Filium

278 5152 431 5205 Patri
481 5169 590 5206 non
625 5156 912 5223 aequalem,
956 5171 1062 5208 non
1097 5152 1341 5223 eiusdem
1378 5157 1718 5217 substantiae,
1763 5156 1857 5212 sed

281 5225 551 5296 minorem
593 5235 650 5278 et
689 5222 1036 5296 inferiorem;
1087 5241 1189 5280 nec
1234 5227 1473 5296 genitum
1517 5242 1725 5296 revera,
1761 5225 1858 5280 sed

282 5293 580 5350 factum.et
625 5294 927 5348 credidisse
969 5305 1021 5347 et
1068 5293 1325 5352 docuisse
1375 5295 1595 5348 tradunt
1643 5295 1857 5360 Patres,

279 5363 378 5482 qui
415 5362 588 5431 ipsius
627 5361 912 5416 audaciam
945 5365 1286 5418 retundenda
1312 5384 1342 5418 u
1379 5380 1690 5434 suscepere.
1725 5365 1862 5419 Tra-

321 5440 422 5482 unl.
453 5431 622 5482 etiam
655 5446 766 5482 non
799 5441 946 5482 recte
977 5435 1278 5482 credidisse
1314 5435 1381 5482 de.
1407 5434 1614 5482 Sniritu
1645 5449 1854 5482 sancto.

321 5440 422 5483 unt
453 5431 766 5504 etiamnon
799 5441 946 5504 recte
977 5435 1278 5504 credidisse
1314 5435 1381 5490 de
1407 5431 1614 5504 Spiritu
1645 5449 1857 5503 sancto,

282 5508 473 5574 utpote
507 5501 599 5568 qui
639 5501 822 5574 ipsum
870 5503 922 5555 in
977 5503 1191 5569 ordine,
1241 5501 1532 5574 pote‘sta'te,
1573 5501 1862 5574 dignitate,

283 5569 571 5648 obiectate
626 5569 1265 5648 tertium_con_stituerit'.
1317 5569 1526 5648 Evolye
1577 5569 1870 5645 Epiphanii

283 5633 464 5694 nostri
507 5633 832 5700 Panarium.
867 5638 1078 5709 inspice
1116 5655 1430 5704 memoratae
1461 5633 1732 5703 haereseos
1761 5659 1869 5700 nu-

2041 4819 2227 4875 LXIV.
2276 4819 2384 4876 Sed
2427 4836 2526 4877 nos
2561 4821 2629 4876 de
2679 4820 2768 4877 bis
2803 4821 3002 4877 iterum
3046 4822 3278 4878 subinde
3304 4839 3404 4895 pro
3447 4838 3550 4878 no-

1967 5088 2185 5160 mersS.
2215 5087 2494 5160 Ervolve_ct
2540 5087 2980 5160 0rige_nianorum
3017 5099 3213 5160 quaest.
3241 5093 3276 5146 2
3299 5093 3423 5146 libri
3451 5111 3510 5152 ιι.

2037 5157 2150 5224 (99)
2204 5159 2324 5225 Τὴν
2369 5157 2490 5213 τῶν
2523 5157 2760 5226 νεκρῶν
2796 5157 3158 5216 ἀνάστασιν.
3197 5165 3424 5218 Constat
3454 5174 3550 5219 aut

1967 5229 2239 5283 erravisse
2280 5227 2569 5295 Origenem
2610 5229 2755 5282 circa
2799 5240 3136 5285 mortuorum
3184 5235 3548 5288 resurrectio-

1966 5313 2091 5372 nem
2116 5339 2128 5355 .
2155 5307 2248 5372 aut
2277 5299 2442 5372 dubia
2469 5299 2663 5372 saltem
2689 5307 2742 5350 et
2773 5299 2980 5372 incerta
3009 5302 3074 5355 de
3103 5303 3194 5356 illa
3227 5305 3544 5372 protulisse.

1967 5367 2231 5421 Adcunda
2253 5377 2305 5420 et
2332 5370 2418 5420 hic.
2440 5370 2626 5420 eadem
2654 5369 2877 5424 haeresis
2906 5371 2994 5430 64,
3024 5387 3177 5424 num.
3208 5367 3292 5427 ιύ.
3324 5375 3550 5429 Adeun-

1971 5439 2040 5492 da
2071 5447 2126 5491 et
2161 5435 2480 5504 Origeniana
2513 5438 2607 5489 lib.
2641 5451 2701 5499 ll,
2737 5449 2932 5504 quzcst.
2968 5440 3020 5492 9.

2050 5507 2123 5578 (Ι)
2145 5505 2635 5591 ‘Addiscantjilline
2661 5521 2725 5559 ex
2751 5505 3054 5591 Epiphanio
3075 5512 3172 5591 _qu_i
3200 5511 3419 5591 Christo
3450 5525 3550 5567 no-

1977 5573 2346 5657 men'dedere,
2386 5573 2550 5638 unde,
2585 5590 2650 5657 ert
2677 5573 2980 5657 quoio—nte,
3009 5573 3295 5652 religionis
3320 5583 3551 5657 dogma-

1978 5652 2036 5700 ta
2064 5652 2314 5712 accipere
2343 5659 2445 5701 nos
2480 5652 2747 5712 oporteat.
