3992 6198
507 259 598 317 131
1953 247 2008 305 S.
2052 250 2073 304 ῐ

2177 245 2387 306 ἮᾹΝΗ
3657 249 3751 307 (3‘2

504 393 616 436 stra
652 378 916 435 tenuitate
939 377 1364 449 disputabimus,
1397 387 1461 425 ac
1487 387 1610 425 cum
1648 371 1805 425 nobis
1840 373 1972 426 illud
2006 373 2073 426 sit

2183 373 2325 427 κατὰ
2359 373 2419 426 τὸ
2449 372 2715 443 ἡμέτερον
2755 369 2996 434 ἀσθενές.
3047 370 3185 423 Ἀλλ’
3221 371 3283 423 ὲκ
3315 364 3448 421 Θεοῦ
3490 364 3750 430 καταξιω·

504 485 534 522 a
568 469 676 522 Deo
702 470 992 531 tributttm,
1025 476 1081 520 ut
1113 468 1165 520 in
1203 473 1408 519 sanctae
1436 471 1488 515 et
1522 464 1804 516 catholicm
1848 463 1938 516 Dei
1972 463 2073 516 Ec-

505 558 688 612 clesiae
724 557 918 626 ahjecti
956 559 1081 610 licet
1122 564 1285 623 atque
1317 554 1552 607 humiles
1593 553 1847 608 ﬁrmitate
1890 554 2077 607 consi-

505 655 800 707 stercmus,
830 645 937 715 67
973 644 1288 713 singillatim
1341 644 1406 696 iis
1460 644 1642 696 omnia
1687 657 2070 712 proponemus,

508 738 600 805 qui
635 737 828 788 salutis
857 751 969 788 sua:
998 749 1186 786 curam
1225 749 1513 802 capessere
1543 733 1832 786 voluerint.
1869 733 1932 784 Et
1955 733 2076 801 qui-

507 828 625 878 dem
661 826 906 880 suﬁicere
948 825 1034 876 illa
1079 834 1348 894 poterant,
1389 838 1509 892 qua:
1543 823 1608 876 de
1637 821 1820 879 Patre.
1857 821 1994 875 Filio
2023 833 2076 876 et

507 913 709 983 Spiritu
769 923 961 968 saneto
1010 914 1292 981 hucusque
1341 913 1720 966 disseruimus.
1759 909 1861 962 Sed
1900 919 1954 962 ut
1983 925 2074 963 ea-

505 1003 625 1055 dem
668 1002 757 1053 illa
789 1002 853 1054 ad
889 1003 1193 1055 uberiorem
1242 1001 1476 1052 ﬁdelium
1516 1001 1820 1051 cautionem
1850 1005 1902 1051 ct
1928 999 2074 1050 salu-

506 1103 612 1148 tem
649 1093 1156 1161 institutionemque
1185 1092 1490 1161 .declarare
1533 1091 1872 1150 Studeamus,
1906 1089 2074 1140 colle-

508 1186 616 1240 ctis
662 1185 902 1254 undique
938 1183 1239 1252 Scriptura:
1270 1181 1620 1246 testimoniis,
1654 1196 1762 1248 quo
1801 1179 2068 1241 ﬁdelibus,

504 1279 580 1332 uti
633 1277 778 1340 dixi,
838 1275 1132 1328 lectoribus
1191 1274 1515 1327 instructius
1576 1273 1740 1326 veluti
1796 1271 2071 1340 quoddam

504 1369 813 1424 convivium
849 1366 1286 1434 hilaritatemque
1316 1365 1676 1433 praebeamus,
1731 1363 1926 1415 iterum
1972 1361 2074 1415 hoc

502 1461 624 1517 loco
683 1459 878 1513 docere
937 1473 1040 1511 non
1080 1457 1449 1526 gravabimur,
1515 1470 1678 1524 quam
1737 1454 1954 1508 stabilis
2010 1467 2075 1506 ac

502 1561 653 1606 certa
693 1566 815 1619 spes
857 1558 1043 1603 nostra
1093 1550 1164 1602 sit
1210 1563 1371 1617 quam
1406 1548 1459 1600 in
1514 1546 1620 1599 Deo
1664 1546 2071 1600 constituimus.

502 1641 771 1696 Nimirum
800 1641 933 1694 nihil
970 1641 1023 1693 in
1056 1638 1237 1704 Patre,
1272 1637 1408 1691 Filio
1441 1653 1504 1691 ac
1536 1638 1740 1707 Spiritu
1772 1644 1966 1693 sancto
1991 1635 2074 1688 di-

2181 465 2364 528 θέντες
2385 464 2484 534 τῆς
2513 464 2677 531 ἁγίας
2703 463 2796 515 τοῦ
2821 462 2956 516 Θεοῦ
2991 462 3284 530 καθολικῆς
3327 458 3674 526 Ἐκκλησίας,
3701 463 3752 514 οι

2177 555 2445 622 ἐλάχιστοι
2474 555 2567 606 καὶ
2590 554 2836 607 ταπεινοὶ
2859 552 3001 621 ἔχειν
3021 551 3117 604 καὶ
3143 550 3344 620 ταύτης
3367 548 3428 600 τὺ
3448 548 3749 617 ἑδραίωμα,

2176 647 2317 697 κατὰ
2333 645 2391 697 τὸ
2405 645 2628 697 δυνατὸν
2648 644 2747 712 τῆς
2767 643 2925 712 ήμῶν
2953 642 2982 711 β
2989 642 3313 713 ραχύτητος,
3343 637 3752 708 παρατιθέμεθα

2175 733 2284 786 ἀπὸ
2325 734 2525 804 μέρους
2558 734 2687 802 περὶ
2717 734 2932 785 πάντων
2964 735 3076 795 τοῖς
3109 730 3450 801 βουλομένοις
3487 729 3584 798 τῆς
3626 728 3753 780 ἑαυ-

2175 823 2282 876 τῶν
2308 815 2459 892 ’ζωῆς
2503 822 2906 892 ἐπιμελεῖσθαι.
2959 824 3068 874 Καὶ
3099 823 3255 892 ἤρκει
3303 822 3400 890 μὲν
3453 819 3650 882 ἱκανῶς
3683 819 3754 871 τὶ

2177 919 2303 986 περὶ
2351 917 2561 987 Πατρὸς
2601 917 2694 968 καὶ
2730 913 2859 967 Υἱοῦ
2891 915 2984 966 καλ⁵
3007 915 3162 981 ἁγίου
3194 913 3504 982 Πνεύματος
3529 911 3756 982 εἰρημέ-

2177 1025 2259 1058 να·
2291 1008 2376 1059 ἵνα
2391 1007 2447 1058 δὲ
2469 1006 2853 1076 περισσότερον
2876 1006 2956 1068 εἰς
2985 1004 3282 1074 εὐφραξίαν
3305 1005 3324 1034 ⁸
3346 1004 3437 1055 καὶ
3463 1001 3752 1072 περιποίη-

2178 1116 2260 1151 σιν
2304 1098 2398 1150 καὶ
2445 1098 2815 1167 πληροφορίαν
2858 1098 2964 1149 τῶν
3011 1097 3216 1150 πιστῶν
3257 1095 3546 1164 σαφηνίσαι
3586 1107 3754 1146 σπου-

2175 1188 2442 1258 δάσωμεν,
2498 1186 2833 1255 πανταχόθεν
2865 1186 3185 1253 συνάγοντες
3216 1186 3314 1255 τῆς
3353 1184 3500 1246 θείας
3529 1186 3754 1254 Γραφῆς

2175 1279 2273 1341 τὰς
2311 1278 2611 1349 μαρτυρίας
2661 1281 2740 1341 είς
2783 1279 2982 1342 πλάτος
3028 1277 3260 1346 εὐωχίας
3303 1278 3395 1328 καὶ
3435 1277 3754 1344 ἁγαλλίασιν

2176 1372 2286 1430 τοῖς
2334 1369 2717 1436 ἐντυγχάνουσι
2763 1371 2992 1430 πιστοῖς,
3056 1366 3214 1418 πάλιν
3261 1367 3360 1418 οὐκ
3417 1366 3757 1434 ὀκνήσαιμεν

2177 1459 2470 1524 ὑποδεῖξαι,
2505 1459 2579 1518 ὡς
2611 1457 2828 1527 ἀσφαλῆ
2868 1460 2960 1510 καὶ
2997 1456 3216 1527 βεϐαίαν
3258 1457 3314 1507 ὲν
3352 1454 3469 1524 Θεῷ
3490 1454 3588 1524 τὴν
3611 1456 3754 1524 ἡμε-

2177 1549 2337 1620 τέραν
2385 1548 2594 1611 ἐλπίδα,
2641 1551 2722 1602 ὅτι
2765 1549 2915 1600 οὐδὲν
2951 1547 3328 1617 παρήλλακται
3364 1547 3419 1598 ὲν
3453 1549 3626 1615 [lar-:91
3659 1545 3757 1597 καὶ

2177 1639 2291 1709 Tit?)
2322 1641 2412 1692 καὶ
2447 1639 2585 1708 ἁγίῳ
2623 1639 2920 1709 Πνεύματι,
2953 1638 3067 1690 ἀλλ’
3100 1638 3415 1706 ὁμόστοιχος
3443 1637 3534 1688 καὶ
3559 1634 3757 1704 epeos-

501 1747 718 1788 versum
747 1746 810 1785 ac
845 1731 1168 1799 discrepans
1200 1745 1344 1792 esse,
1383 1726 1474 1782 sed
1503 1727 1753 1781 eumdem
1784 1741 1905 1780 esse
1943 1739 2070 1777 san-

2177 1731 2285 1793 σιός
2331 1731 2476 1782 ἐστιν
2519 1732 2549 1799 ὴ
2605 1730 2735 1797 ἁγία
2782 1730 2971 1800 Τριάς.
3015 1729 3126 1780 Οὐκ
3158 1726 3449 1796 ἀλλαχόθεν
3477 1725 3534 1778 δέ
3566 1725 3754 1786 ποθεν,

511 1832 614 1877 vtae
642 1822 926 1876 Trinitatis
949 1822 1194 1874 ordinem
1227 1835 1289 1872 ac
1321 1818 1708 1872 substantiam.
1735 1811 1918 1885 Neque
1945 1830 2073 1870 vero

2177 1822 2292 1874 οὐδὲ
2322 1823 2428 1874 ἀπὸ
2465 1821 2608 1873 ἰδίων
2639 1821 3014 1890 διανοημάτων
3045 1818 3347 1887 ποιούμεθα
3371 1818 3467 1887 τὴν
3497 1816 3759 1868 διδασκα-

499 1911 722 1966 aliunde
767 1919 858 1964 aut
891 1926 956 1965 ex
996 1911 1207 1980 privato
1258 1923 1425 1962 sensu
1459 1907 1655 1961 docere
1690 1905 1836 1960 istud
1885 1919 2075 1974 aggre-

501 2001 704 2064 dimur,
742 2001 836 2055 sed
886 2016 948 2054 ex
991 1999 1100 2052 vita
1148 2005 1362 2059 nostra,
1397 1996 1783 2066 prophetarum
1827 1993 2078 2048 videlicet

500 2093 762 2155 oraculis,
791 2099 953 2160 atque
993 2103 1057 2143 ex
1096 2089 1266 2142 nostri
1309 2085 1610 2140 Salvatoris
1641 2085 1876 2139 adventu
1913 2084 2076 2138 simul

501 2191 666 2252 atque
697 2181 956 2235 bonitate.
1002 2177 1160 2231 Venit
1189 2179 1387 2247 quippe
1410 2178 1516 2230 vita
1549 2187 1758 2238 nostra,
1803 2175 1970 2236 venit,
2007 2189 2072 2228 ac

500 2275 662 2328 nobis
710 2274 904 2326 iterum
938 2282 1076 2339 quos
1113 2275 1363 2323 errantes
1404 2278 1702 2337 repererat,
1736 2268 1932 2320 illuxit.
1971 2263 2068 2317 Et-

499 2367 640 2420 enim
671 2378 860 2417 omnes
897 2363 948 2414 in
987 2360 1260 2428 superbia,
1293 2374 1359 2412 ac
1393 2358 1770 2426 blasphemiis,
1805 2369 1857 2410 et
1891 2357 2070 2409 idolo-

501 2470 619 2508 rum
666 2452 1000 2512 simulacris,
1045 2465 1106 2502 ac
1140 2450 1449 2502 daemonum
1486 2446 1779 2500 contrariis
1811 2440 1918 2498 Deo
1959 2443 2075 2497 cul-

501 2546 668 2604 tibus,
708 2543 921 2604 ritibus,
967 2555 1028 2592 ac
1063 2538 1328 2592 malorum
1363 2538 1596 2606 denique
1631 2535 1872 2587 omnium
1904 2535 2074 2588 servi-

499 2643 614 2690 tute
644 2632 867 2686 volutati
899 2629 1242 2697 demersique
1277 2628 1616 2696 jacebamus.
1655 2625 1864 2690 Quibus
1898 2625 2076 2676 omni-

500 2728 602 2782 bus
643 2739 765 2778 cum
820 2729 1012 2793 praeter
1067 2721 1399 2772 voluntatem
1458 2717 1701 2786 impliciti
1759 2726 2068 2769 Icneremur

500 2820 636 2884 (non
676 2814 821 2867 enim
865 2815 1008 2882 quod
1041 2811 1251 2874 vellem,
1289 2807 1588 2872 faciebam;
1621 2806 1713 2860 sed
1750 2806 1894 2872 quod
1944 2802 2074 2858 ode-

498 2921 614 2961 ram
657 2904 722 2958 ad
757 2900 1064 2957 iaciendum
1121 2899 1354 2968 Urgebar
1379 2899 1418 2961 ί,
1447 2910 1569 2951 cum
1604 2896 1691 2948 hic
1731 2894 1861 2948 mihi
1899 2901 2076 2947 status

2173 1911 2292 1965 λίαν
2319 1952 2332 1973 ,
2378 1911 2490 1964 ἀλλ’
2536 1911 2643 1963 ἀπὸ
2689 1911 2787 1981 τῆς
2837 1910 3110 1981 ἡμετέρας
3150 1908 3326 1978 ζωῆς,
3375 1908 3646 1959 τουτέστιν
3683 1910 3758 1960 ἐκ
3837 1952 3843 1957 .

2176 2000 2490 2072 προφητῶν,
2518 2001 2730 2070 καὶτῆς
2757 1999 2850 2053 τοῦ
2878 2001 3126 2068 Σωτῆρος
3150 1999 3304 2067 ἡμῶν
3339 1997 3633 2066 παρουσίας
3655 1997 3760 2048 καὶ

2175 2091 2277 2161 τῆς
2320 2089 2481 2144 αὑτοῦ
2525 2090 2950 2160 φιλανθρωπίας.
2994 2083 3162 2140 Ἦλθε
3204 2087 3332 2157 γὰρ,
3377 2082 3536 2156 ἦλθεν
3567 2088 3598 2155 ἠ
3633 2085 3759 2156 ζωὴ

2184 2181 2364 2253 ήμῶν,
2394 2182 2487 2234 καὶ
2515 2181 2575 2232 τὸ
2601 2180 2716 2250 φῶς
2755 2175 2908 2242 αὖθις
2936 2181 3064 2248 ἡμῖν
3103 2176 3375 2240 ἐπέδειξεν
3403 2174 3576 2246 εὑρὼν
3607 2177 3763 2245 ἡμᾶς

2177 2272 2649 2341 πεπλανημένους.
2674 2267 2852 2340 Ἦμεν
2882 2269 3010 2340 γὰρ,
3034 2265 3175 2339 ἦμεν
3204 2269 3262 2320 ὲν
3291 2266 3637 2337 ὑπερηφανίᾳ
3658 2269 3766 2320 καὶ

2186 2362 2578 2431 βλασφημίαις,
2604 2360 2832 2412 εἰδώλων
2852 2356 3164 2429 ὁμοιώσεσι,
3182 2358 3503 2427 πνευμάτων
3524 2356 3764 2420 ἁθεῖαις,

2174 2449 2359 2504 κακῶν
2410 2449 2627 2502 πάντων
2681 2451 2967 2516 ἐπιταγαῖς
3032 2447 3476 2516 βεϐαπτισμένοι.
3536 2443 3767 2498 Τούτων

2175 2541 2353 2594 τοίνυν
2397 2541 2703 2613 προσόντων
2743 2541 2872 2610 ἡμῖν
2899 2539 3162 2601 ἀκουσίως
3226 2540 3321 2606 (οὑ
3357 2537 3465 2607 γὰρ
3495 2537 3522 2588 ὃ
3555 2536 3762 2607 ἤθελον

2172 2630 2457 2701 ἔπραττον,
2483 2630 2597 2684 ἀλλ’
2626 2629 2655 2682 ὃ
2679 2628 2900 2699 ἐμίσουν
2924 2628 3232 2700 ἠπειγόμην
3250 2631 3444 2691 ποιεῖν,
3473 2627 3766 2697 ἁμαρτῖας

2174 2718 2528 2789 διακονούσης
2560 2736 2648 2789 μοι
2671 2717 2888 2784 οὕτως),
2916 2717 2945 2768 ὁ
2981 2717 3132 2785 ἅγιος
3166 2718 3356 2788 Πατὴρ
3383 2717 3476 2770 τὸν
3510 2717 3632 2769 Υἰδν
3657 2717 3770 2768 αὺ-

2174 2804 2269 2859 τοῦ
2300 2806 2391 2858 τὸν
2414 2805 2568 2875 ἅγιον
2598 2805 2904 2870 ἀπέστειλε,
2935 2806 3027 2858 καὶ
3053 2807 3108 2858 ἐν
3135 2806 3212 2875 τῷ
3232 2806 3394 2859 αὑτοῦ
3419 2807 3556 2859 ὲλέει
3579 2806 3770 2860 ἔσωσέ

2183 2914 2271 2965 με,
2304 2897 2398 2949 καὶ
2428 2900 2494 2951 ἐκ
2525 2899 2710 2955 πασῶν
2744 2897 2851 2950 τῶν
2879 2896 3185 2968 διαφθορῶν
3222 2915 3324 2968 μου
3360 2898 3624 2970 ἐρρύσατο
3660 2914 3768 2967 με.

499 3010 528 3048 a
562 3002 782 3064 peccato
813 2987 1360 3053 subministraretnr),
1389 2992 1614 3037 sanctus
1663 2980 1823 3034 Pater
1880 2985 2128 3035 sanctum
2163 2977 2359 3038 Filium
2393 3001 2553 3040 suum
2596 2987 2857 3056 allegatis,
2889 2985 3049 3056 hujus
3085 3001 3170 3040 me
3232 2988 3603 3043 misericordia
3637 3003 3772 3042 sero

497 3082 666 3143 vavit,
697 3090 860 3148 atque
893 3093 960 3131 ex
991 3077 1138 3129 omni
1170 3073 1480 3141 corruptela
1523 3077 1640 3124 mea
1677 3081 1762 3124 me
1795 3069 2073 3125 liberavit.

571 3191 727 3248 LXV.
749 3188 1006 3259 Apparuit
1021 3185 1165 3240 enim
1180 3185 1354 3254 gratia
1373 3183 1584 3235 Domini
1600 3183 1766 3235 nostri
1779 3179 1908 3234 Iesu
1925 3179 2076 3236 Chri-
2099 3188 2142 3245 ε

498 3287 591 3347 sti,
614 3281 854 3337 erudiens
872 3296 964 3333 nos
982 3288 1037 3330 ut
1056 3277 1366 3345 abnegantes
1383 3273 1700 3342 impietatem
1717 3283 1766 3327 et
1786 3273 2072 3327 sazcularia

2242 3180 2360 3235 EE'.
2393 3182 2692 3251 Ἐπεφάνη
2724 3182 2797 3254 (‘3)
2824 3183 2932 3253 γὰρ
2957 3185 2993 3251 η
3024 3183 3197 3254 χάρις
3219 3186 3324 3239 τοῦ
3346 3189 3565 3256 Κυρίου
3589 3190 3774 3261 ἡμῶν·

2180 3272 2277 3325 καὶ
2303 3273 2597 3342 Σωτῆρος,
2630 3272 3006 3328 διδάσκουσα
3026 3276 3184 3344 ἡμᾶς
3221 3278 3323 3331 ἵνα
3353 3279 3771 3351 ἀρνησάμενοι

2179 3362 2293 3431 τὴν
2318 3364 2598 3417 ἀσέϐειαν
2617 3364 2838 3431 καὶτὰς
2862 3368 3154 3435 κοσμικὰς
3169 3369 3500 3440 ἐπιθυμίας,
3525 3377 3772 3441 σωφρόε

2175 3470 2294 3519 νως
2345 3456 2444 3508 καὶ
2495 3455 2755 3522 εὐσεϐῶς
2807 3456 3076 3526 ζήσωμεν
3128 3461 3197 3513 ἑν
3247 3462 3326 3526 τῷ
3374 3463 3491 3517 νῦν
3539 3465 3711 3519 αιῶνι
3754 3501 3772 3533 ,

2178 3545 2646 3615 προσδεχόμενοι
2682 3547 2797 3614 τὴν
2815 3551 3118 3618 μακαρίαν
3153 3552 3370 3606 ἐλπίδα
3407 3554 3502 3608 καί
3539 3556 3774 3625 ἐπιφά-

2175 3653 2345 3690 νειαν
2382 3636 2486 3702 τῆς
2523 3638 2707 3704 δόξης
2735 3637 2838 3690 τοῦ
2861 3638 3130 3708 μεγάλου
3167 3641 3312 3695 Θεοῦ
3347 3644 3447 3696 καί
3481 3643 3780 3714 Σωτῆρος

2174 3726 2339 3796 ’ἡμῶν
2403 3727 2610 3793 Ἰησοῦ
2657 3728 2934 3795 Χριστοῦ
2982 3729 3050 3795 ὃς
3093 3729 3316 3784 ἔδωκεν
3354 3731 3572 3786 ἑαυτὸν
3602 3737 3779 3806 ὑπὲρ

2176 3817 2365 3887 ἡμῶν,
2398 3819 2498 3871 ἵνα
2520 3819 2896 3886 λυτρώσηται
2930 3821 3085 3889 ἡμᾶς
3109 3822 3224 3874 ἀπὸ
3255 3821 3455 3889 πάσης
3478 3824 3776 3894 ἀνομίας,

2175 3908 2272 3961 καὶ
2307 3909 2600 3975 καθαρίσῃ
2655 3906 2846 3972 ἑαυτῷ
2901 3908 3055 3963 λαὸν
3099 3910 3444 3976 περιούσιον
3483 3911 3778 3982 ζηλωτὴν

2176 4000 2378 4055 καλῶν
2411 4001 2617 4070 ἔργων,
2652 4000 2980 4069 ἐξαλείψας
3008 4001 3074 4054 τὸ
3102 4003 3230 4055 καθ’
3257 4001 3426 4071 ἡμῶν
3450 4006 3774 4075 χειρόπριμ

2175 4109 2294 4162 ερον
2320 4091 2443 4158 τοῖς
2472 4091 2785 4160 δόγμασιν,
2825 4091 2855 4144 ὂ
2884 4088 2961 4162 ἦν
2995 4093 3357 4145 ὑπεναντίον
3389 4093 3574 4162 ἡμῶν,
3602 4093 3776 4162 ἄρος

2173 4181 2243 4235 ἐκ
2271 4181 2490 4250 μέσου.
2529 4183 2624 4234 καὶ
2659 4181 3099 4250 προσηλώσαςτ
3158 4182 3237 4248 τῷ
3275 4184 3531 4252 σταυρῷ,
3571 4185 3776 4239 tineae-

2173 4271 2516 4340 δυσάμενος
2562 4274 2665 4338 τὰς
2710 4273 2896 4340 ἀρχὰς
2943 4273 3040 4325 καὶ
3087 4273 3196 4338 τὰς
3225 4274 3545 4340 ἐξουσίας,
3604 4291 3776 4346 παρ-

2172 4362 2581 4430 εδειγμάτισεν
2603 4363 2672 4415 ἐν
2704 4363 3030 4432 παρρησίᾳ,
3055 4365 3450 4434 θριαμϐεύσας
3471 4366 3656 4431 αὑτὰς
3688 4369 3778 4420 ἐν

2173 4453 2354 4517 αὐτῷ,
2377 4455 2576 4519 πύλας
2605 4455 2837 4521 χαλκᾶς
2864 4456 3223 4523 συντρίψας,
3251 4456 3348 4508 καί
3369 4456 3636 4524 μοχλοὺς
3658 4470 3778 4510 0':—

495 4543 576 4596 las
621 4540 936 4601 ostendens,
990 4553 1052 4591 ac
1105 4535 1420 4606 paradisum
1471 4536 1709 4606 denique
1758 4551 1951 4592 rursus
2000 4537 2066 4591 ad

2177 4542 2390 4609 δηροῦς
2441 4543 2818 4610 συνθλάσας,
2875 4545 2931 4598 τὸ
2981 4545 3094 4613 φῶς
3151 4541 3305 4608 αὖθις
3349 4545 3593 4610 ὑπέδειξε
3646 4547 3773 4617 τῆς

495 4631 853 4686 habitandum
877 4629 898 4660 ⁸
932 4628 1183 4682 offerens.
1222 4626 1321 4681 llic
1353 4627 1533 4698 igitur
1571 4626 1840 4681 habitavit
1879 4627 1933 4680 in
1970 4643 2067 4681 no-

2179 4633 2344 4704 ζωῆς,
2382 4636 2572 4704 χεῖρας
2629 4635 2856 4705 ὀρέγων,
2894 4634 3148 4689 ὁδοποιῶν
3195 4635 3539 4706 ὑποϐάθρας,
3581 4636 3781 4705 οὐρα-

495 4723 576 4777 bis
597 4722 640 4785 ',
677 4735 740 4775 ac
776 4719 909 4791 legis
946 4719 1184 4790 Spiritus
1215 4719 1390 4773 sancti
1415 4718 1866 4788 justiticationetn
1900 4718 2061 4773 nobis

2177 4723 2297 4777 νὸνθ
2325 4724 2664 4789 ὑποδεικνὺς,
2698 4727 3023 4796 παράδεισον
3049 4721 3201 4789 αὖθις
3218 4728 3385 4778 οἰκεῖν
3417 4725 3771 4791 ἀξιῶν.’ῐ“οί‹-

492 4823 576 4868 est
613 4813 860 4881 largitus,
905 4819 963 4864 ut
1000 4820 1108 4864 tam
1139 4811 1314 4879 ipsum
1353 4825 1514 4880 quam
1550 4801 1672 4878 quae
1727 4820 1855 4864 sunt
1894 4811 2066 4878 ipsius

2177 4832 2266 4866 νυν
2297 4815 2615 4884 κατῴκησεν
2644 4818 2700 4868 ἐν
2732 4818 2884 4886 ἡμῖν.
2927 4817 3022 4870 καὶ
3057 4817 3116 4869 τὸ
3149 4816 3423 4885 δικαίωμα
3448 4816 3540 4868 τοῦ
3571 4816 3767 4885 νόμου

492 4903 711 4975 propria
754 4917 1196 4972 cognoscamus:
1229 4901 1373 4970 quod
1417 4902 1536 4953 vitae
1573 4900 1785 4954 initium
1840 4915 1902 4953 ac
1943 4898 2066 4955 ﬁnis

2177 4905 2294 4968 δοὺς
2332 4907 2461 4976 ἡμῖν
2490 4906 2582 4959 τοῦ
2629 4907 2966 4976 Πνεύματος,
3012 4910 3093 4970 είς
3131 4907 3191 4959 τὸ
3233 4907 3433 4975 γνῶναι
3481 4907 3639 4961 αὑτὸν
3672 4909 3770 4966 τὰ

492 5003 597 5051 est.
629 4993 768 5064 Ergo
797 4993 1024 5063 justitia:
1058 4992 1215 5046 nobis
1259 5005 1523 5045 concessa
1563 4991 1647 5044 lex
1673 5001 1785 5057 est;
1824 4991 1929 5054 lex,
1977 4993 2064 5046 in-

2177 4998 2301 5066 περὶ
2327 4997 2513 5051 αὑτοῦ·
2548 4999 2576 5052 ὅ
2601 5001 2748 5052 ἐστιν
2778 4998 2920 5070 ἀρχὴ
2955 4999 3050 5052 καὶ
3090 4999 3240 5064 τέλος
3285 5001 3444 5072 ζωῆς·
3479 5001 3640 5072 νόμος
3665 4999 3778 5054 δι.-

497 3373 776 3435 desideria,
811 3368 1000 3430 sobrie,
1033 3368 1113 3435 pie
1141 3376 1189 3418 et
1212 3365 1360 3434 juste
1387 3363 1614 3438 vieamus
1637 3363 1690 3415 in
1725 3363 1820 3415 hoc
1850 3363 2066 3426 swculo,

497 3471 850 3532 exspectantes
876 3459 1084 3513 beatam
1124 3473 1266 3526 spem
1297 3465 1346 3510 et
1377 3453 1654 3509 adventum
1686 3455 1870 3524 gloria:
1894 3455 2070 3523 magni

499 3553 600 3610 Ilei
645 3565 692 3606 et
729 3551 1022 3606 Saluatoris
1073 3549 1239 3602 nostri
1287 3541 1415 3600 Jesu
1457 3545 1675 3607 Christi,
1729 3547 1818 3615 qui
1849 3546 2071 3598 tradidit

499 3646 728 3711 seipsum
757 3656 850 3709 pro
881 3640 1050 3701 nobis,
1092 3649 1147 3690 ιιι
1180 3637 1450 3692 redimeret
1482 3654 1574 3690 nos
1609 3636 1675 3688 ab
1701 3636 1844 3689 omni
1877 3637 2072 3706 iniqui-

499 3744 626 3792 tate,
663 3743 710 3785 et
747 3739 993 3801 purgaret
1034 3729 1134 3782 sibi
1175 3729 1275 3796 ipsi
1318 3728 1568 3797 populum
1607 3728 1946 3797 peculiarem,
1989 3743 2072 3781 se-

429 3891 438 3902 .
495 3831 746 3876 «βίαιοι-ειη
779 3822 1031 3872 bonorum
1081 3834 1296 3884 operum
1320 3818 1360 3880 ',
1391 3816 1558 3869 deleto
1602 3832 1694 3884 per
1721 3815 1930 3869 decreta
1972 3832 2072 3870 sua

495 3912 841 3983 chirographo
868 3910 1004 3981 quod
1035 3919 1219 3963 contra
1255 3925 1347 3962 nos
1384 3917 1520 3971 erat,
1551 3925 1614 3961 ac
1644 3909 1791 3962 nobis
1825 3908 2072 3962 adversa-

497 4007 654 4058 batur
679 4019 696 4057 :
721 4003 858 4073 quod
885 4018 911 4055 e
938 4000 1104 4054 nudio
1135 3999 1404 4054 sublatum
1428 3999 1590 4067 afﬁxit
1629 3999 1795 4066 cruci,
1825 4015 1887 4052 ac
1916 3999 2069 4067 prin-

493 4102 698 4167 cipatus
751 4105 800 4150 et
852 4103 1132 4163 potestates
1184 4091 1419 4162 spolians
1479 4090 1719 4144 traduxit
1773 4091 2066 4155 audacter,

495 4187 826 4254 triumphans
860 4184 980 4238 illos
1010 4185 1061 4236 in
1096 4183 1369 4251 semetipso
1390 4181 1431 4244 ³,
1476 4193 1525 4235 ει
1570 4197 1689 4234 cum
1723 4197 1894 4236 teneas
1929 4181 2068 4249 fores

492 4276 842 4334 contrivisset,
880 4289 940 4324 ac
972 4281 1136 4324 vectes
1166 4271 1362 4337 ferreos
1405 4270 1768 4338 confregisset,
1801 4270 1913 4339 68
1947 4269 2069 4324 vitae

494 4364 844 4438 postmodum
879 4362 1062 4414 lumen
1113 4358 1376 4423 ostendit,
1431 4372 1628 4411 manus
1659 4359 1963 4427 porrigens.
2004 4372 2069 4412 ac

496 4460 635 4514 viam
678 4455 949 4514 muniens,
1000 4459 1053 4505 et
1084 4449 1148 4503 ad
1183 4450 1381 4503 cozlum
1421 4447 1898 4502 conscendendum
1946 4464 2070 4503 sca-

536 5221 586 5306 ’ί
616 5217 1056 5316 Ιῖιιιιε.ινιιι,έὲἒς
1086 5215 1374 5316 ἐιἸξξὲᾒιιι
1399 5215 1612 5316 ἐξήιι
1698 5217 1874 5316 "Col.
1910 5236 1968 5281 ιι,
2004 5219 2068 5274 lt

2177 5221 2222 5316 3;
2253 5223 2361 5316 PA:
2377 5219 2794 5316 Ρειιιὶργιηιρί
2832 5297 2844 5314 ο
2903 5225 3107 5316 ⁵32911.
3149 5242 3186 5290 ι,
3208 5226 3292 5313 μ.
3349 5296 3373 5306 _
3406 5227 3426 5257 ⁸
3450 5224 3512 5281 F.
3542 5227 3785 5297 εὑφρσι-

494 5291 635 5344 σίαν.
728 5290 748 5316 '
776 5289 837 5344 In
869 5287 1058 5342 haresi
1086 5286 1156 5341 64
1182 5287 1374 5357 legitur
1399 5281 1570 5357 ἦρκεν
1591 5287 1654 5339 ὲκ
1686 5288 1872 5358 μέσου,
1898 5307 2072 5360 προση

2201 5291 2222 5322 ε
2252 5291 2380 5346 Cor.
2412 5309 2480 5350 ex
2510 5281 2704 5351 haeresi
2734 5297 2800 5350 et
2824 5296 3136 5368 ὑποϐάθραν
3168 5281 3433 5368 οὐρανῶν.

566 5465 807 5536 (ξ’.)ῖιιωο
837 5475 890 5521 et
927 5466 1212 5536 sequentia
1245 5481 1419 5536 usque
1448 5466 1516 5520 ad
1545 5476 1836 5523 exeuntem
1865 5485 2060 5525 nume-

495 5547 616 5608 rum
647 5535 746 5608 73,
749 5537 914 5608 habes
941 5544 994 5591 et
1011 5535 1098 5608 ’in_
1106 5535 1341 5590 Panario
1365 5544 1798 5608 postinumerum
1823 5539 2059 5608 primum

493 5600 691 5657 han-es.
719 5604 806 5669 7t,
833 5621 953 5675 quae
968 5615 1052 5662 est
1066 5600 1716 5673 Pneumato'machorum,
1737 5600 1850 5664 sivé
1864 5609 2059 5681 dogma

2168 5471 2548 5559 impotentium
2587 5477 2668 5559 de
2695 5476 2905 5559 Spiritu
2943 5486 3178 5559 sancto._
3207 5477 3283 5533 De
3311 5477 3414 5532 hac
3444 5477 3640 5559 haeresi
3666 5479 3793 5535 vi-

2167 5541 2378 5627 dendus
2419 5541 2789 5627 praa'caeteris
2820 5547 3079 5627 Socrates
3123 5551 3219 5605 lib.
3259 5564 3323 5616 ll,
3362 5549 3543 5619 capite
3572 5546 3662 5612 55,
3709 5557 3793 5608 et

2169 5611 2508 5672 Sozometius
2537 5615 2631 5673 lib.
2665 5633 2738 5685 tv,
2776 5631 2896 5688 cap.
2929 5619 3018 5675 t9.
