3992 6198
479 287 583 342 Fuﬁ

1843 286 1898 340 S.
1969 285 2300 341 EPli‘llAN-ll
3606 275 3694 334 13’“.

477 398 646 452 menti
681 397 764 452 sui
799 397 924 464 fide,
955 399 1098 468 quod
1140 413 1168 451 a
1202 399 1317 468 lege
1359 406 1412 451 et
1448 397 1730 466 prophetis
1761 409 2042 453 ostensum

3721 367 3728 386 ι

2152 398 2675 470 προεπηγγελμένης
2725 396 2827 449 ὑπὸ
2869 397 2961 449 τοῦ
2991 397 3152 466 νόμου
3203 395 3294 447 καὶ
3344 393 3451 445 τῶν
3501 409 3696 463 προφηο

473 496 634 542 antea
684 486 900 542 fuerat:
936 488 1050 551 Dei,
1089 489 1311 556 inquam
1334 525 1348 549 ,
1384 482 1552 540 Filius
1588 488 1932 557 praedicatus.
1982 504 2045 542 ac

475 576 698 633 Davidis
726 580 1024 648 appellatus
1063 577 1222 638 lilius,
1253 577 1522 647 siquidem
1561 586 1853 649 utrumque
1905 580 2046 635 Deus

471 679 527 722 ct
572 668 754 733 homo,
800 667 898 720 Dei
947 677 996 720 et
1036 667 1304 719 hominum
1349 668 1608 720 mediator
1648 669 1786 736 fuit‘
1813 687 1828 733 ;
1860 685 2046 723 verum

473 758 568 813 Dei
601 757 959 819 domicilium,
995 759 1364 812 sacerdotium
1414 769 1687 818 sanctum.
1724 762 1898 815 sancti
1934 760 2049 831 Spi-

473 851 615 903 ritus
645 849 1023 917 regenerantis
1087 864 1150 903 ac
1183 849 1291 905 Deo
1335 852 1692 906 instaurantis
1735 853 1916 906 omnia
1949 855 2050 906 Iar-

473 940 651 1009 gitor;
683 955 806 992 nam
863 940 1084 992 Verbum
1111 957 1235 993 caro
1265 942 1464 1008 factum
1489 953 1587 1003 est,
1615 953 1663 996 et
1703 941 1956 994 habitavit
1993 944 2045 994 in

473 1030 656 1092 nobis;
703 1041 752 1084 et
803 1031 1025 1083 vidimus
1080 1032 1305 1101 gloriam
1353 1033 1466 1102 ejus
1526 1044 1778 1103 tanquam
1821 1035 2049 1103 gloriam

478 1120 741 1190 Unigeniti
770 1140 800 1174 α
828 1122 988 1174 Patre
1014 1124 1054 1175 ¹.
1090 1121 1156 1174 Ut
1191 1126 1333 1189 qnim
1371 1125 1554 1192 pluvia
1589 1140 1711 1178 cum
1755 1126 2047 1180 arboribus

469 1214 792 1266 coalesaens
838 1228 902 1266 ac
959 1214 1245 1283 stirpibus,
1296 1230 1498 1283 corpus
1546 1215 1730 1280 eliicit,
1774 1225 1827 1268 et
1863 1231 2050 1268 unum—

470 1319 744 1373 quemque
773 1304 1048 1356 fructuum
1094 1305 1159 1356 ad
1193 1305 1312 1372 ejus
1342 1304 1486 1359 unde
1535 1315 1690 1360 ortus
1724 1316 1828 1370 est,
1862 1305 2052 1358 simili-

473 1393 719 1448 tudinem
756 1393 1042 1462 producit;
1079 1403 1132 1448 et
1165 1396 1216 1447 in
1258 1396 1399 1448 oliva
1429 1395 1648 1464 quidem
1697 1412 1760 1450 ex
1801 1397 1921 1466 ejus
1949 1413 2050 1450 na-

469 1490 593 1538 tura
621 1492 675 1537 et
704 1485 1009 1537 substantia
1046 1496 1388 1555 ﬂSStlmplllm
1457 1485 1655 1557 pingue
1709 1487 1887 1541 oleum
1934 1488 2045 1542 elli—

471 1575 641 1637 citur;
683 1574 736 1626 in
773 1575 882 1629 vite
914 1577 965 1628 in
1015 1577 1334 1630 suavissimi
1390 1577 1498 1630 vini
1534 1579 1853 1647 qualitatem
1903 1579 2050 1632 colu-

470 1677 696 1730 remque
747 1664 977 1725 transit;
1028 1664 1082 1716 in
1135 1664 1268 1718 licus
1309 1665 1504 1719 arbore
1538 1666 1859 1720 dulcissimo
1913 1666 2047 1720 licus

2149 491 2290 554 τῶν,
2327 489 2452 552 Υἱὸς
2490 488 2625 541 Θεοῦ
2663 489 3072 559 κηρυσσόμενος
3099 527 3113 549 ,
3148 486 3260 548 υίὸς
3304 483 3466 536 Δαδὶδ
3491 483 3697 552 λεγόμε-

2149 595 2237 640 νος
2257 617 2270 640 ,
2300 577 2466 647 ἄμφω
2502 577 2610 646 γὰρ
2642 575 2772 636 Θεὸς
2807 575 2900 627 καὶ
2933 573 3245 642 ἄνθρωπος,
3286 570 3537 639 μεσίτης
3567 565 3698 622 Θεοῦ

2150 669 2250 722 καὶ
2284 665 2619 736 ’ἀνθρώπων
2646 706 2660 728 ,
2714 665 2963 737 ἀληθινὸς
3017 662 3162 726 οἶκος
3216 662 3350 715 Θεοῦ
3376 701 3390 724 ,
3420 661 3700 730 ἱεράτευμα

2151 739 2325 828 ἅγιον,
2358 758 2511 826 ἁγίου
2542 757 2854 827 Πνεύματος
2882 756 3042 826 δοτὴρ
3075 753 3170 806 τοῦ
3198 751 3589 820 ἀναγεννῶντος
3616 749 3702 802 καὶ

2149 849 2586 914 ἀνακαινίζοντος
2622 844 2777 910 αὖθις
2806 847 2870 899 τά
2902 846 3077 898 πάντα
3102 844 3178 914 τῷ
3209 843 3326 913 Θεῷ
3349 860 3362 874 ·
3399 843 3480 895 ὅτι
3521 841 3582 892 '0
3605 841 3703 894 Ad-

2149 959 2252 1010 γος
2285 941 2327 970 ¹²
2355 939 2511 1006 σὰρξ
2539 937 2795 1007 ἐγένετο,
2821 935 2915 989 καὶ
2931 933 3281 999 ἐσκήνωσεν
3301 933 3368 985 ἐν
3393 930 3552 1000 ἡμῖν’
3572 928 3706 983 είδο-

2143 1049 2259 1101 μεν
2293 1033 2335 1063 ¹³
2388 1031 2502 1098 τὴν
2551 1029 2738 1093 δόξαν
2787 1027 2970 1080 αὐτοῦ
3018 1026 3098 1090 ὼς
3134 1023 3509 1092 Μονογενοῦς
3560 1022 3706 1088 παρὰ

2149 1125 2399 1191 Πατρός.
2455 1123 2513 1174 Ὀ
2552 1123 2709 1184 ὑετὸς
2746 1120 2984 1189 δένδρεσι
3019 1117 3112 1169 καὶ
3163 1117 3345 1184 φυτοῖς
3380 1111 3705 1183 συμφυσιοὺ-

2154 1231 2312 1284 μενος
2336 1253 2350 1276 ,
2410 1213 2567 1280 σῶμα
2603 1209 3001 1281 ἀπεργάζεται,
3042 1207 3133 1260 καὶ
3167 1205 3272 1259 τῶν
3318 1205 3544 1274 καρπῶν
3593 1202 3707 1260 καθ’

2149 1305 2440 1376 ὁμοιότητα
2470 1305 2696 1356 ἕκαστον
2718 1320 2730 1333 ·
2773 1301 2866 1354 καὶ
2901 1303 2955 1353 ἐν
3000 1299 3096 1370 μὲν
3121 1301 3185 1368 τῇ
3212 1299 3362 1368 ἐλαίᾳ
3398 1296 3568 1348 ἔλαιον
3596 1297 3706 1346 πῖον

2149 1399 2356 1466 γίνεται
2382 1395 2815 1466 προσλαϐόμενον
2851 1394 2925 1463 (5)
2957 1392 3014 1457 ἐξ
3042 1392 3210 1462 αὑτῆς
3250 1391 3310 1442 τὸ
3343 1389 3621 1450 οὐσιῶδεςο
3654 1388 3707 1439 ὲν

2149 1489 2207 1542 δὲ
2239 1487 2466 1558 ἀμπέλῳ
2511 1482 2650 1548 οἶνος
2691 1483 2820 1554 ἡδὺς
2865 1483 3132 1551 χοῖζεται·
3171 1482 3228 1533 ὲν
3261 1479 3316 1532 δὲ
3368 1480 3505 1547 συκῇ
3555 1476 3707 1529 σῦκον

2149 1576 2534 1645 γλυκαίνεται·
2570 1574 2660 1626 καὶ
2693 1574 2904 1642 ἑκάστῳ
2935 1570 3261 1642 σπερμάτων
3295 1567 3432 1639 πρὸς
3475 1565 3534 1616 τὸ
3584 1561 3707 1626 εἶδος

2149 1666 2368 1732 αὒξεται
2397 1664 2559 1717 αὑτοῦ
2587 1705 2600 1725 ,
2639 1665 2732 1716 καὶ
2767 1663 2890 1732 φύει
2925 1662 2986 1716 ”.
3018 1652 3412 1727 Οὑτως,οἷμαι,
3457 1658 3488 1709 ό
3535 1654 3708 1722 Λόγος

471 1767 667 1820 sapore
721 1760 1094 1823 temperatur,
1150 1763 1201 1809 et
1265 1757 1317 1809 iu
1381 1757 1623 1826 quolibet
1684 1759 1892 1812 semine
1949 1774 2046 1828 pro

2152 1757 2243 1810 τοῦ
2273 1756 2406 1810 Θεοῦ
2437 1758 2494 1809 ὲν
2524 1753 2710 1826 Μαρίᾳ
2737 1753 2893 1821 σὰρξ
2923 1752 3157 1822 ἐγένετο
3177 1790 3191 1812 ,
3221 1750 3315 1802 καὶ
3357 1750 3414 1800 ὲν
3451 1747 3708 1815 σπέρματι

472 1843 910 1913 uniuscujusque
950 1844 1122 1898 forma
1159 1846 1555 1901 incrementum
1594 1848 1740 1917 capit
1769 1863 1832 1901 ac
1865 1849 2046 1918 pullu-

471 1933 584 1988 lat:
621 1934 696 1986 ita
741 1934 963 1988 Verbum
1003 1935 1117 2001 Dei,
1156 1939 1372 2006 opinor,
1403 1940 1454 1992 in
1490 1939 1658 1992 Maria
1693 1955 1819 1993 caro
1849 1939 2049 2008 factum

469 2026 591 2079 esta
643 2045 655 2080 :
698 2034 752 2080 et.
794 2028 846 2080 in
886 2027 1181 2081 Abrahami
1233 2030 1403 2098 stirpe
1449 2029 1614 2082 homo
1669 2045 1736 2083 ex
1786 2031 2049 2098 promissi

472 2108 576 2168 [ide
606 2128 858 2185 repertus
880 2126 982 2171 est.
1017 2115 1319 2170 Invenimus
1355 2119 1513 2180 enim,
1539 2120 1741 2186 inquit,
1770 2119 2047 2189 Messium,

467 2222 620 2276 quem
658 2208 872 2276 scripsit
907 2206 1138 2277 Moyses.
1172 2207 1316 2261 Idem
1365 2224 1496 2263 vero
1533 2208 1746 2281 Moyses
1775 2228 1788 2264 :
1824 2211 2050 2265 Descen—

469 2299 583 2358 dat,
621 2296 817 2365 inquit,
857 2305 912 2348 ut
950 2297 1128 2363 pluvia
1157 2297 1418 2367 eloquium
1468 2315 1660 2365 meum,
1713 2311 1764 2354 et
1798 2309 2048 2371 tanquam

469 2397 633 2458 gutta:
674 2387 940 2442 stillantes
990 2390 1044 2441 in
1105 2397 1298 2442 terram
1326 2390 1368 2444 ‘.
1404 2389 1531 2444 Item
1573 2391 1742 2446 David
1778 2393 2047 2448 :Descen-

469 2481 563 2532 dat
595 2480 732 2533 sicut
759 2495 846 2533 ros
885 2481 938 2530 in
979 2477 1143 2533 vellus
1167 2481 1210 2535 ⁵.
1251 2482 1393 2533 Lana
1423 2482 1606 2551 itaque
1667 2497 1849 2538 rorem
1891 2483 2040 2537 exci-

474 2569 629 2638 piens
671 2567 837 2622 fetum
886 2577 1048 2638 auget
1098 2571 1337 2625 velleris.
1389 2569 1558 2626 Terra
1608 2573 1847 2643 pluviam
1897 2575 2048 2628 exci-

474 2659 650 2730 piens,
679 2659 916 2712 fructum
943 2660 1006 2712 ad
1034 2661 1401 2716 maturita'em
1432 2663 1700 2730 perducit,
1733 2679 1904 2734 eaque
1929 2681 2050 2734 per-

475 2751 596 2804 fusa
630 2765 696 2804 ex
727 2750 954 2818 imperio
999 2749 1208 2804 Domini
1258 2755 1538 2808 naturales
1586 2754 1770 2825 fruges
1800 2765 2049 2827 prompte

473 2857 539 2898 ac
567 2843 798 2896 libenter
829 2842 1048 2908 emittit,
1090 2853 1143 2897 et
1177 2843 1244 2898 ab
1282 2844 1472 2898 eodem
1507 2860 1700 2900 rursus
1745 2848 2046 2916 accipiendi

473 2934 664 3004 majori
701 2933 972 2989 desiderio
1017 2942 1252 2989 tenetur.
1297 2935 1387 2989 Sic
1437 2945 1490 2990 et
1531 2937 1696 2991 Maria
1730 2940 1884 3009 virgo
1923 2955 2046 2992 cum

473 3025 546 3078 ita
601 3027 979 3095 reSpondisset
1011 3045 1023 3079 :
1058 3023 1226 3088 Unde,
1293 3024 1489 3093 inquit,
1541 3044 1855 3097 cognoscam
1922 3030 2049 3082 nsi/ii

471 3119 613 3171 istud
644 3119 977 3186 affuturum?
1003 3117 1215 3171 audiit:
1250 3116 1482 3185 Spiritus
1526 3118 1736 3174 Domini
1783 3121 1836 3173 in
1873 3131 1921 3175 te
1955 3122 2048 3175 de-

473 3208 703 3272 scendet,
737 3218 786 3263 et
835 3211 1004 3262 virtus
1044 3207 1307 3262 Altissimi
1333 3208 1665 3262 obumbrabit
1715 3219 1762 3263 te
1791 3227 1808 3264 :
1837 3211 2051 3290 ideoque

473 3303 683 3372 etquod
714 3315 957 3356 nascetur
983 3319 1048 3357 ex
1076 3311 1140 3366 te,
1176 3312 1417 3356 sanctum
1457 3305 1636 3368 erit,et
1675 3302 1849 3360 Filius
1881 3307 2050 3363 Altis-

473 3385 596 3446 sifni
619 3395 894 3448 vocabitur
919 3397 959 3446 ⁵.
993 3395 1249 3450 Christus
1275 3399 1328 3449 in
1364 3399 1558 3467 angelo
1599 3397 1839 3468 loquitur
1867 3417 1880 3452 :
1909 3409 1961 3453 ct
1995 3401 2051 3453 in

475 3484 561 3537 sui
591 3484 764 3553 ipsius
788 3483 1115 3540 formatione
1143 3487 1493 3556 semetipsum
1531 3486 1796 3544 Dominus
1826 3488 2050 3559 efﬁngit,

473 3576 610 3628 servi
660 3575 889 3644 formam
938 3577 1160 3632 induens
1182 3578 1224 3631 ".
1275 3578 1543 3632 Caeterum
1599 3579 1764 3633 Maria
1813 3579 2051 3636 Verbum

475 3665 570 3721 Dei
607 3666 674 3721 ad
716 3668 1147 3736 generationem,
1181 3669 1330 3723 velut
1385 3677 1529 3724 terra
1567 3670 1827 3740 pluviam,
1871 3672 2054 3725 haurit

473 3765 531 3814 et
575 3760 834 3826 attrahit;
883 3759 1025 3814 Deus
1071 3776 1203 3815 vero
1252 3769 1502 3815 sanctum
1552 3777 1674 3817 sese
1715 3762 1949 3816 fructum
1997 3763 2051 3817 in

476 3849 694 3903 mortali
728 3849 836 3919 7o
869 3857 1063 3904 natura
1118 3852 1452 3920 capessenda
1501 3852 1862 3908 demonstrat.
1913 3851 2054 3923 Ergo

478 3939 570 3995 hic
604 3957 670 3996 ex
700 3941 792 3995 illa
824 3950 983 3995 terra:
1011 3943 1186 3997 instar
1211 3957 1272 3997 ac
1302 3943 1520 3999 velleris
1549 3945 1853 3999 attrahente
1883 3944 2056 4014 profe-

477 4035 602 4083 ctus
628 4038 735 4090 est,
777 4045 923 4084 verte
957 4032 1256 4102 solidaeque
1287 4033 1398 4102 spei
1436 4033 1670 4094 fructus.
1702 4041 1756 4087 et
1785 4049 1814 4086 a
1845 4034 2055 4089 sanctis

477 4129 851 4190 exspectatus.
882 4122 1352 4188 Quemadmodum
1402 4123 1718 4179 Elisabetba
1746 4125 1883 4180 dixit
1912 4145 1925 4180 :
1965 4126 2058 4180 Be-

479 4212 687 4266 nedicta
725 4224 778 4265 tu
821 4214 955 4266 inter
980 4215 1245 4278 mulieres,
1279 4224 1328 4268 et
1374 4215 1670 4268 benedictus
1694 4216 1898 4284 fructus
1934 4234 2056 4271 vett-

481 4303 578 4355 tris
616 4303 692 4353 tui
712 4302 755 4356 ⁸.
790 4301 906 4356 l-loc
947 4311 1126 4357 autem
1174 4319 1334 4357 omne
1375 4320 1440 4358 ex
1475 4304 1713 4358 humana
1745 4308 2057 4362 conditione

2162 1846 2411 1918 Ἀϐραάμ
2439 1846 2722 1916 ἄνθρωπος
2761 1843 3051 1916 ηὑρίσκετο
3080 1839 3221 1894 κατὰ
3242 1839 3338 1908 τὴν
3369 1837 3705 1906 ἐπαγγελίαν·

2150 1938 2504 2006 Εὑρήκαμεν
2533 1933 2640 2005 γὰρ
2660 1935 2970 1999 Μεσσίαν,
3009 1932 3080 1986 ὃν
3106 1932 3330 2000 ἔγραψε
3362 1928 3618 1993 Μωϋσῆς
3647 1927 3706 1981 ⁸⁸.

2153 2029 2331 2098 Ἔφη·
2380 2024 2698 2090 Καταϐἠτω
2749 2025 2828 2089 ὡς
2862 2021 3035 2088 ὑετὸς
3079 2022 3145 2075 τὸ
3192 2017 3539 2088 ἀπόφθεγμά
3574 2034 3708 2086 μου,

2149 2118 2245 2171 καὶ
2275 2118 2354 2181 ὠς
2392 2117 2429 2184 ἠ
2465 2113 2704 2183 σταγὼν
2745 2115 2782 2181 ἡ
2825 2110 3127 2172 στάζουσα
3162 2109 3260 2162 ἐπὶ
3300 2107 3409 2176 τὴν
3447 2105 3580 2176 γῆν.
3609 2104 3712 2156 Καὶ

2149 2205 2400 2262 δ’Δαϐίδο
2434 2203 2754 2270 Καταϐήτω
2801 2203 2881 2267 ὡς
2920 2201 3092 2266 ὑετὸς
3133 2198 3229 2252 ἐπὶ
3278 2198 3489 2250 πόκον.
3534 2195 3711 2264 Ἔριον

2149 2301 2325 2353 τοίνυν
2349 2297 2634 2368 δεχόμενον
2668 2296 2766 2365 τὴν
2798 2294 3008 2366 δρόσον,
3043 2292 3194 2358 αὑξει
3229 2291 3395 2343 πόκου
3423 2289 3582 2357 γονήν
3603 2302 3616 2316 ο
3644 2285 3713 2358 γῆ

2147 2389 2204 2442 δὲ
2222 2388 2484 2458 δεχομένη
2512 2387 2602 2440 τὸν
2631 2386 2783 2438 ὑετὸν
2812 2386 2876 2445 ’⁸,
2911 2382 3064 2448 αὔξει
3101 2383 3310 2454 καρπὸν
3340 2379 3714 2451 προστάγματι

2148 2479 2418 2533 Δεσπότου
2444 2519 2459 2544 ,
2519 2476 2879 2548 προσδιδοῦσα
2926 2476 3025 2546 τὴν
3064 2475 3222 2543 φύσιν
3256 2469 3712 2542 προθυμοτέρως’

2147 2572 2210 2625 τὸ
2259 2571 2315 2624 δὲ
2367 2569 2664 2641 λαμϐάνειν
2705 2571 2833 2640 παρ’
2877 2567 3039 2620 αὑτοῦ
3092 2566 3250 2618 πλέον
3297 2565 3408 2634 ἔχει
3461 2562 3714 2632 σπουδήν.

2150 2666 2305 2721 Οὑτω
2336 2665 2398 2736 δὴ
2433 2665 2526 2718 καὶ
2555 2666 2590 2735 ἡ
2627 2660 2891 2734 παρθένος
2924 2660 3144 2730 Μαρία,
3191 2657 3352 2711 Κατὰ
3393 2657 3449 2710 τί
3493 2655 3718 2724 γνώσο-

2144 2777 2251 2829 μαι
2290 2757 2497 2821 τοῦτο,
2537 2757 2722 2828 φησιν,
2753 2755 2841 2808 ὅτι
2873 2755 3042 2807 ἔσται
3087 2769 3189 2822 μοι
3235 2749 3409 2803 τοῦτο
3431 2764 3449 2810 ;
3475 2748 3671 2825 ᾖκουσε
3700 2762 3715 2776 ο

2149 2851 2392 2920 Πνεῦμα
2441 2850 2661 2917 Κυρίου
2713 2849 2810 2901 ἐπὶ
2861 2846 2962 2912 σὲ,
2993 2847 3089 2900 καὶ
3137 2845 3387 2911 δύναμις
3435 2839 3720 2908 Ὑψίστου

2149 2940 2488 2995 ἐπισκιάσει
2537 2956 2636 2993 σοι
2663 2957 2676 2970 ·
2728 2938 2819 2991 διὸ
2851 2939 2948 2994 καὶ
2979 2936 3044 2990 τὸ
3085 2933 3458 3004 γεννώμενον
3485 2932 3552 2984 ἐκ
3579 2929 3720 2992 σοῦ,

2151 3032 2321 3103 ἅγιον
2373 3032 2544 3085 ἔσται
2570 3069 2585 3094 ,
2636 3028 2735 3082 καὶ
2805 3027 2935 3091 Υἱὸς
2988 3011 3274 3093 Ὑψίστου
3334 3020 3720 3088 κληθήσεται.

2152 3122 2387 3195 Χριστὸς
2417 3124 2473 3176 ὲν
2503 3119 2719 3191 ἀγγέλῳ
2758 3119 2935 3182 λαλεῖ,
2983 3116 3311 3170 ἀναπλάττει
3360 3115 3415 3167 δὲ
3449 3113 3637 3168 ἑαυτὸν
3666 3115 3727 3165 ὲν

2150 3219 2217 3287 τῇ
2253 3214 2446 3268 ἑαυτοῦ
2479 3210 2670 3264 πλάσει
2684 3212 2994 3280 ὁΔεσπότης
3002 3207 3243 3279 μορφὴν
3263 3205 3722 3261 δούλουλαϐὡν.

2151 3307 2262 3360 Καὶ
2294 3306 2480 3377 Μαρία
2535 3303 2632 3375 μὲν
2681 3302 2942 3372 ἀνιμᾶται
2971 3298 3062 3352 τὸν
3108 3298 3280 3365 Λόγον
3313 3298 3393 3358 είς
3447 3294 3726 3363 σύλληψιν.

2153 3398 2228 3461 ὡς
2250 3396 2402 3451 ὑετὸν
2433 3398 2465 3466 ἠ
2501 3396 2574 3466 γῆ
2591 3411 2604 3425 ·
2637 3394 2830 3448 ἑαυτὸν
2850 3393 2906 3446 δὲ
2931 3389 3141 3461 καρπὸν
3168 3389 3322 3458 ἅγιον
3353 3386 3730 3440 ὑποδείκνυσιν

2153 3493 2181 3543 ὁ
2225 3489 2318 3543 τοῦ
2381 3487 2514 3542 Θεοῦ
2585 3487 2751 3556 Λόγος
2809 3483 3244 3555 προσλαϐόμενος
3297 3478 3488 3548 θνητοῦ
3540 3477 3728 3546 φύσιν.

2154 3578 2341 3642 Οὕτως
2371 3580 2410 3610 ¹⁷
2443 3576 2534 3632 οὑν
2567 3577 2624 3644 ἐξ
2647 3577 2818 3646 αὑτῆς
2839 3574 3139 3646 ἀνιμώσης,
3175 3573 3250 3636 ὡς
3277 3571 3350 3642 γῆ
3379 3570 3470 3623 καὶ
3504 3569 3672 3630 πόκος
3703 3567 3735 3620 6

2153 3671 2252 3740 τῆς
2295 3667 2526 3739 ἀληθοῦς
2573 3667 2783 3730 ἐλπίδος
2813 3665 3022 3736 καρπὸς
3047 3704 3060 3728 ,
3092 3663 3126 3734 ἡ
3164 3661 3274 3715 τῶν
3305 3661 3471 3728 ἁγίων
3501 3658 3737 3729 προσδοο

2155 3762 2277 3824 uia,
2312 3759 2492 3823 καθὼς
2537 3759 2814 3812 Ἐλισάσετ
2859 3756 3041 3824 ἔλεγεν
3064 3772 3078 3786 ο
3114 3753 3504 3822 Εὐλογημένη
3537 3750 3622 3804 σὺ
3664 3751 3738 3803 ὲν

2153 3852 2411 3922 γυναιξὶ,
2444 3850 2540 3905 καὶ
2576 3848 2978 3919 εὐλογημένος
3005 3851 3036 3901 ὀ
3083 3845 3311 3914 καρπὸς
3342 3843 3451 3912 τῆς
3497 3843 3740 3905 κοιλίας

2155 3960 2272 4000 σου
2309 3960 2324 3975 ·
2391 3944 2449 3996 ἓν
2516 3942 2884 4014 προσελάϐετο
2931 3939 2990 4005 ἐξ
3051 3939 3466 4008 ἁνθρωπότητος
3516 3932 3738 3994 παθὼν,

2155 4035 2370 4104 ἀπαθὴς
2407 4033 2482 4087 ὢν
2529 4034 2558 4086 ὁ
2603 4034 2790 4102 Λόγος.
2835 4027 3025 4095 Οὗτος
3052 4030 3227 4098 ἄρτος
3254 4032 3286 4082 ὀ
3319 4027 3460 4088 ζῶν,
3492 4028 3523 4079 ό
3553 4041 3741 4078 κατα-

2158 4125 2264 4190 ϐὰς
2285 4126 2353 4190 ἐξ
2380 4124 2640 4192 οὐρανοῦ
2661 4165 2674 4189 ,
2703 4125 2795 4177 καὶ
2819 4123 2962 4192 ζωὴν
2993 4120 3193 4183 διδούς·
3229 4113 3383 4181 οὗτος
3409 4121 3436 4172 ὁ
3472 4118 3573 4186 τῆς
3602 4117 3742 4184 άλη-

2159 4216 2284 4280 Θοῦς
2307 4216 2490 4280 ἐλαίας
2517 4215 2727 4286 καρπὸς
2745 4255 2759 4279 ,
2789 4214 2850 4270 τὸ
2885 4214 3062 4267 ἔλαιον
3087 4213 3187 4283 τῆς
3213 4211 3445 4282 κρίσεως
3489 4208 3586 4261 καὶ
3635 4210 3743 4276 τῆς

2163 4309 2479 4372 συνθέσεως,
2499 4308 2527 4360 ὂ
2548 4306 2900 4380 προετὺπωσε
2929 4306 3188 4375 Μωῦσῆς.
3215 4298 3381 4365 Οὗτος
3405 4302 3442 4368 ἡ
3469 4297 3742 4367 ἀληθινὴ

483 4404 548 4443 ac
590 4397 784 4444 natura
830 4389 884 4443 in
921 4405 1043 4446 sesc
1097 4388 1380 4444 transtulit
1421 4389 1656 4444 Verbum
1709 4393 1864 4455 illud,
1911 4395 2050 4463 quod

2159 4399 2446 4468 ἄμπελος,
2477 4401 2544 4470 ἣν
2569 4402 2804 4471 γεωργεῖ
2832 4399 2990 4469 μόνος
3023 4401 3051 4450 ὁ
3082 4396 3269 4468 Πατὴρ
3293 4436 3307 4456 ,
3339 4396 3529 4466 βότρυν
3557 4395 3746 4463 χαρᾶς

481 4496 684 4550 expers
734 4482 937 4551 alioqui
991 4482 1266 4552 passionis
1329 4483 1535 4552 perpeti
1578 4484 1770 4539 voluit.
1820 4484 1922 4541 Hic
1976 4496 2054 4540 est

483 4573 637 4642 panis
682 4572 773 4626 ille
805 4573 947 4626 vivus
998 4575 1086 4644 qui
1129 4573 1193 4626 de
1240 4575 1365 4627 cazlo
1406 4573 1736 4642 descendit’,
1791 4591 1854 4632 ac
1890 4577 2053 4632 vitam

486 4664 768 4736 impertiit.
800 4663 898 4720 llic
931 4676 1014 4720 est
1048 4681 1188 4720 verae
1233 4665 1442 4722 fructus
1487 4668 1654 4732 olem;
1693 4669 1970 4724 unctionis
2003 4680 2057 4725 et

485 4754 900 4826 compositionis
967 4757 1145 4809 oleum
1200 4756 1366 4820 illud,
1418 4758 1560 4826 quod
1606 4757 1820 4829 Moyses
1877 4761 2058 4829 specie

485 4847 720 4923 quadam
767 4848 1193 4903 adumbravit”.
1237 4848 1377 4904 Idem
1415 4867 1532 4903 vera
1557 4851 1676 4905 vitis
1709 4853 1869 4917 est“,
1896 4869 2056 4923 quam

491 4919 644 4994 solus
668 4938 832 4993 Pater
859 4941 1008 5003 colit,
1037 4941 1131 5010 qui
1160 4941 1361 4996 laetitia:
1387 4941 1545 4996 nobis
1565 4958 1724 4996 uvam
1750 4919 2056 5014 progenuit.

491 5031 588 5086 llic
619 5038 705 5086 est
733 5047 869 5101 aqua
897 5031 993 5084 illa
1024 5032 1158 5094 viva,
1191 5049 1349 5102 quam
1382 5033 1564 5087 sitiens
1592 5033 1745 5088 homo
1771 5051 1888 5088 cum
1919 5035 2059 5091 bibe-

563 5209 578 5239 ¹
609 5206 650 5260 ll
679 5207 796 5260 Tim
855 5221 914 5269 ιι,
942 5206 994 5261 5.
1067 5208 1088 5238 ²
1114 5206 1273 5264 Joan.
1306 5225 1346 5271 ι,
1379 5208 1465 5262 14.

1563 5210 1584 5241 ³
1617 5208 1774 5263 Joau.
1810 5226 1846 5273 ι,
1874 5210 1964 5264 4⁵3.

490 5278 511 5309 τ
550 5275 780 5346 Philipp.
818 5291 878 5336 ιι,
907 5277 956 5328 7.
1053 5277 1074 5308 ε
1112 5278 1244 5334 Luc.
1278 5295 1316 5343 ι,
1351 5279 1441 5333 te.

1531 5281 1552 5312 ’
1587 5279 1740 5336 Joan.
1774 5296 1850 5340 Vt.
1886 5281 1975 5335 5|.

2068 5211 2090 5242 ⁸
2121 5209 2274 5264 Deut.
2312 5227 2483 5273 xxxii,
2516 5212 2568 5264 ὲ.
2653 5212 2674 5242 ⁸
2700 5209 2841 5262 Psal.
2879 5226 3029 5271 uxr,
3059 5209 3110 5263 6.

2075 5280 2119 5312 ¹⁰
2150 5280 2318 5334 Exod.
2359 5298 2483 5344 xxx,
2511 5281 2598 5334 24.
2680 5281 2720 5311 ²¹
2751 5278 2908 5334 Joan.
2949 5297 3037 5341 xv,
3067 5281 3116 5333 1.

2159 4492 2425 4560 γεννήσας
2471 4494 2620 4562 ἡμῖν.
2660 4485 2829 4555 Οὗτος
2878 4492 2943 4544 τὸ
2975 4491 3131 4558 ὕδωρ
3165 4490 3232 4543 τὸ
3273 4487 3384 4549 ζῶν
3408 4527 3422 4552 ,
3470 4486 3501 4540 ὃ
3535 4484 3750 4554 διψῶν

2160 4583 2468 4651 ἅνθρωπος
2498 4586 2715 4648 λαϐὼν,
2756 4586 2827 4639 οὐ
2863 4583 3110 4652 διψήσει
3140 4583 3324 4635 πάλιν
3349 4620 3363 4643 ,
3397 4581 3533 4635 ἀλλ’
3563 4580 3752 4632 ἐστιν

2160 4675 2231 4728 ἐν
2259 4674 2334 4743 τῇ
2363 4676 2557 4742 κοιλίᾳ
2586 4677 2772 4730 αὐτοῦ
2798 4678 3137 4744 ἀνελόμενον
3166 4675 3252 4738 είς
3290 4671 3442 4738 ζωὴν
3467 4670 3750 4723 αἰώνιον.

2174 4768 2268 4820 Ἐκ
2302 4767 2489 4820 τούτου
2523 4766 2774 4830 λαϐόντες
2801 4766 3106 4837 μετέδωκαν
3137 4767 3183 4817 οἱ
3221 4763 3328 4818 νέοι
3374 4761 3609 4832 γεωργοὶ
3663 4760 3757 4822 είς

2162 4855 2253 4909 τὸν
2309 4857 2544 4926 κόσμον·
2597 4857 2814 4910 παλαιοὶ⁴
2865 4855 2922 4908 δὲ
2976 4855 3210 4926 γεωργοὶ
3265 4853 3527 4922 ὲξὴραναν
3558 4851 3600 4882 ³⁸
3648 4850 3760 4902 καὶ

2160 4945 2415 5018 ἔφθειραν
2439 4945 2529 4998 διά
2554 4944 3043 5015 ἀπιστίαν.Αἴματι
3072 4945 3169 5014 μὲν
3199 4941 3360 4995 αὑτοῦ
3390 4939 3758 5007 άγιάζεταιη

2161 5037 2228 5090 τά
2255 5038 2412 5107 ἔθνη·
2453 5036 2728 5107 Πνεὺματι
2776 5037 2831 5088 δὲ
2871 5035 3038 5088 αὑτοῦ
3088 5035 3199 5104 ἰδίῳ
3233 5033 3421 5100 ἀνάγει
3451 5033 3576 5094 τοὺς
3607 5029 3765 5098 κλη-

3201 5208 3223 5240 ⁸
3254 5206 3386 5260 Luc.
3426 5222 3466 5264 ι.
3499 5207 3571 5260 54
3613 5222 3766 5277 sqq.

3223 5281 3266 5313 ¹¹
3294 5294 3382 5346 γρ.
3416 5279 3510 5331 καὶ
3539 5277 3766 5345 Λόγος.

496 5347 540 5377 ⁸⁸
565 5364 655 5414 γρ.
697 5349 788 5420 καὶ
815 5347 1045 5420 εἴδομεν.
1121 5349 1166 5379 ⁸⁸
1192 5367 1279 5418 γρ.
1316 5348 1481 5420 αὑτοῦ
1516 5347 1668 5413 αὔξει
1699 5350 1859 5420 φυήν.
1939 5351 1982 5382 ¹⁵
2007 5349 2047 5401 D

2152 5359 2165 5402 ι
2195 5351 2421 5415 aliquid.
2501 5353 2542 5382 “
2573 5351 2864 5420 Perperam
2890 5353 3002 5405 haec
3024 5350 3221 5404 lnercsi
3253 5350 3320 5403 74
3344 5347 3415 5403 ita
3433 5349 3711 5420 leguntur
3745 5365 3772 5408 ε

487 5413 676 5486 δεχομ.
711 5417 800 5469 τὸν
837 5413 1047 5480 ἐλπίδος
1066 5413 1312 5490 γεωργὸν
1337 5419 1512 5472 ὑετόν.
1592 5421 1632 5452 ¹⁷
1781 5413 1954 5482 οὗτος.
2029 5419 2073 5451 ⁸⁸
2100 5437 2190 5488 πρ.
2226 5413 2445 5491 ἐξῆραν.
2526 5422 2566 5453 ¹⁹
2595 5413 2694 5490 trp:
2715 5421 2910 5476 ἑαυτοῦ
2938 5420 3174 5490 ἁγιάζει.

566 5566 642 5634 (5)
673 5573 1187 5644 Προσλαϐόμενον.
1230 5571 1485 5644 Ρειιινίιιε
1527 5572 1690 5627 vertit
1719 5571 2048 5644 adiunctum.
2077 5569 2406 5628 Thomasius
2444 5581 2630 5631 noster
2666 5582 2839 5630 totum
2887 5574 3032 5630 hunc
3091 5573 3472 5631 similitudinis
3542 5575 3786 5644 pluvia:

497 5633 675 5692 locum
717 5633 1019 5698 Petavianz'e
1049 5641 1512 5710 interpretationis
1547 5633 1873 5696 emendauit.

2095 5789 2108 5792 V_
2146 5776 2212 5788 ~
