3992 6198
458 293 556 346 139

1834 288 1889 342 S.
1942 282 2281 343 El’lPHANll

3611 289 3633 346 ί
3646 289 3711 344 to

449 410 671 471 sancta;
703 401 807 458 tria
848 400 1023 457 forma
1063 401 1311 472 praedita,
1361 399 1466 455 tria
1491 401 1737 458 eamdem
1793 402 2022 458 formam

2130 422 2248 476 τητι
2277 403 2496 475 χάριτος
2525 403 2735 475 [ἰατρὸς
2768 405 2862 460 καὶ
2886 401 3018 460 Υῐοῦ
3064 405 3158 457 καὶ
3188 401 3342 471 άγιου
3374 401 3711 474 Πνεὺματος.

451 494 732 562 habentia;
774 497 879 549 tria
914 495 1177 559 ellicacia,
1221 495 1326 548 tria
1366 495 1528 549 simul
1564 495 1886 562 ellicientia;
1914 498 2022 550 tria

447 589 835 651 subsistentia,
883 588 987 641 tria
1038 585 1200 640 simul
1270 586 1634 642 subsistentia
1690 596 1744 641 et
1789 588 2024 642 invicem

449 680 762 749 conjuncta.
808 680 984 747 Atque
1036 692 1100 732 ea
1157 675 1376 731 domum
1425 687 1615 733 sancta
1643 677 1886 734 Trinitas
1924 694 2024 749 ap-

449 772 698 840 pellatur,
726 770 780 822 in
807 783 912 838 qua
947 768 1051 821 tria
1073 774 1223 833 sunt,
1257 768 1353 823 sed
1383 783 1491 823 una
1517 770 1678 824 trium
1708 770 2025 833 consensio,

449 876 554 914 una
580 859 839 913 divinitas
868 857 1116 926 ejusdem
1135 857 1357 914 virtutis
1383 859 1741 930 ejusdemque
1767 861 2027 914 substan-

447 949 552 1011 tiae,
595 945 790 1001 similis
816 961 845 1000 e
877 946 1078 1012 simili;
1113 962 1234 1016 quae
1265 949 1528 1016 aequalem
1572 950 1803 1019 gratiam
1838 966 1903 1004 ex
1936 963 2027 1003 ea-

449 1039 568 1093 dem
598 1037 760 1092 ellicit
791 1037 964 1107 gratia
1001 1037 1180 1092 l’atris
1214 1045 1269 1093 et
1307 1037 1430 1093 Filii
1461 1055 1526 1094 ac
1556 1039 1795 1112 Spiritus
1827 1040 2024 1096 sancti.

446 1134 693 1198 Quonam
735 1144 865 1184 vero
898 1129 1060 1183 modo
1083 1129 1258 1200 possit
1283 1130 1432 1186 istud
1463 1147 1608 1197 esse,
1639 1133 1887 1204 ipsismet
1919 1133 2027 1188 illis

446 1227 752 1282 docendum
773 1225 1100 1295 relinquitur
1127 1243 1141 1280 :
1173 1221 1364 1288 Nemo,
1391 1223 1592 1293 inquit,
1619 1222 1760 1276 norit
1783 1221 2025 1288 Patrem,

448 1321 551 1373 nisi
581 1318 790 1381 Filius;
828 1335 990 1387 neque
1020 1315 1247 1380 Filium,
1283 1317 1388 1370 nisi
1429 1315 1616 1379 Pater,
1643 1324 1692 1369 et
1727 1316 1813 1368 cui
1848 1313 2027 1367 Filius

446 1412 692 1467 revelarit
725 1413 775 1464 ':
814 1410 903 1463 cui
939 1418 1120 1463 autem
1154 1424 1248 1476 per
1284 1407 1550 1478 Spiritum
1587 1414 1838 1462 sanctum
1869 1419 2026 1460 reve-

446 1507 540 1566 lat,
578 1506 627 1559 ci
671 1513 723 1558 et
755 1502 917 1557 Pater
952 1502 1176 1557 revelat.
1212 1500 1338 1555 Tria
1381 1502 1548 1571 igitur
1591 1501 1695 1555 ista
1736 1509 1885 1567 sunt,
1932 1507 2027 1554 aut

2129 499 2202 552 T6
2254 499 2312 552 δὲ
2363 497 2518 563 πῶς,
2548 499 2732 562 αὑτοῖς
2764 497 3120 551 ἀπολείπεται
3160 496 3468 549 διδάσκεινο
3507 494 3713 563 Οὐδεὶς
3787 545 3803 550 -

2127 591 2236 661 γὰρ
2285 585 2408 643 οἶδε
2439 590 2547 644 τὸν
2584 589 2812 657 Πατέρα
2849 591 2902 642 εἰ
2943 587 3030 657 μὴ
3079 591 3111 642 ό
3155 587 3322 652 Υἱὸς,
3356 586 3557 653 οὐδεὶς
3607 588 3714 640 τὸν

2129 681 2264 734 Πὸν
2287 683 2337 735 εὶ
2367 681 2452 750 μὴ
2500 684 2532 735 d
2576 680 2814 750 Πατὴρ,
2846 679 2943 734 καὶ
2968 671 3015 745 ᾧ
3041 680 3150 733 ἐὰν
3176 682 3208 734 ὀ
3251 679 3386 745 Υἱὸς
3410 679 3715 734 ἀποκαλύ-

2129 776 2242 842 ψῃ.
2281 774 2321 805 ¹¹
2341 771 2740 826 Ἀποκαλύπτει
2771 772 2828 825 δὲ
2859 772 2945 825 διὰ
2980 769 3297 841 Πνεύματος
3322 769 3475 837 ἁγίου
3497 809 3512 834 ,
3541 767 3715 839 τούτῳ

2131 867 2224 919 καὶ
2253 868 2279 919 6
2303 866 2494 936 Πατὴρ
2527 864 2924 918 ἀποκαλύπτει.
2961 861 3171 917 Οὐκοῦν
3207 860 3377 915 ταῦτα
3407 861 3534 932 τρία
3561 860 3712 923 ὄντα,

2129 959 2161 1030 ἢ
2197 956 2255 1022 ἐξ
2299 957 2463 1012 αὑτοῦ
2490 998 2504 1023 ,
2537 957 2569 1028 ἢ
2617 958 2748 1027 παρ’
2779 955 2978 1020 αὑτοῦ,
3027 955 3059 1026 ἢ
3097 953 3232 1026 πρὸς
3289 953 3451 1005 αὑτὸν
3500 953 3716 1024 ἑκάστῳ

2128 1049 2293 1114 ἀξίως
2321 1048 2586 1119 νοούμενα
2613 1088 2626 1113 ,
2678 1046 2862 1111 καθὼς
2911 1045 3078 1100 ἑαυτὰ
3109 1043 3486 1098 ἀποκαλύπτει
3512 1084 3526 1107 ,
3575 1044 3711 1113 φῶς,

2129 1138 2242 1211 πῦρ
2260 1182 2275 1204 ,
2303 1139 2519 1211 πνεῦμα
2544 1181 2558 1204 ,
2585 1139 2678 1193 καὶ
2703 1139 2911 1204 ἄλλαις,
2935 1133 3110 1208 οἶμαι,
3131 1136 3371 1207 ὁράσεων
3401 1134 3712 1205 ὁμοιώσεσι,

2128 1231 2310 1294 καθὼς
2358 1231 2509 1298 ἄξιος
2543 1232 2572 1284 6
2602 1230 3016 1302 διακονούμενος
3065 1228 3371 1299 ἄνθρωπος.
3401 1227 3574 1292 Αὑτὸς
3603 1228 3713 1281 τοι·

2127 1340 2223 1375 νυν
2248 1324 2276 1376 6
2309 1322 2441 1386 Θεὸς
2464 1323 2491 1374 6
2514 1323 2569 1375 ἐν
2608 1323 2749 1392 ἀρχῇ
2782 1321 2950 1374 εἰπών
2970 1337 2982 1351 '
3017 1316 3374 1387 Γεννηθήτω
3405 1317 3564 1388 φῶς,
3614 1319 3714 1374 καὶ

2127 1414 2363 1486 ἐγένετο
2393 1415 2604 1484 φῶς-η,
2639 1414 2800 1476 αὑτὸς
2831 1415 2859 1467 6
2889 1412 3131 1483 φωτίσας
3163 1414 3310 1484 ἡμᾶς
3348 1411 3409 1464 τὸ
3439 1411 3555 1481 φῶς
3587 1413 3714 1465 ἰδεῖν

2125 1507 2188 1560 16
2215 1506 2465 1577 ἀληθινὸν
2513 1506 2575 1558 τὸ
2616 1503 2867 1574 φωτίζον
2906 1503 3104 1558 πάντα
3133 1503 3448 1572 ἄνθρωπον
3473 1503 3714 1572 ἐρχόμε-

445 1615 510 1653 ex
542 1597 682 1667 ipso,
722 1605 814 1650 aut
851 1596 920 1649 ab
961 1595 1100 1664 ipso,
1143 1601 1237 1646 aut
1267 1593 1334 1646 ad
1375 1593 1596 1664 ipsum;
1631 1607 1753 1662 quae
1799 1593 1854 1646 in
1888 1607 2027 1647 uno-

2130 1614 2237 1652 νον
2269 1599 2357 1663 εις
2387 1595 2495 1650 τὸν
2525 1596 2779 1666 κόσμον.
2829 1593 3302 1659 Ἔξαπόστειλον
3333 1592 3400 1647 τὸ
3442 1593 3567 1662 φῶς
3595 1608 3712 1648 σου

446 1704 696 1759 quoque,
756 1695 816 1741 ut
857 1702 955 1756 par
1001 1694 1116 1753 est,
1167 1685 1564 1756 intelliguntur,
1614 1693 1774 1754 prout
1816 1683 2025 1753 seipsas

2131 1689 2228 1742 καὶ
2253 1688 2366 1757 τὴν
2394 1687 2684 1754 ἀλήθειάν
2707 1702 2824 1741 σου
2847 1727 2862 1748 ,
2893 1686 3059 1757 φησιν
3087 1688 3115 1739 6
3149 1685 3332 1738 Aa6l6.
3365 1685 3536 1749 Αὐτός
3565 1687 3712 1740 ἐστιν

447 1798 695 1852 persona:
722 1781 824 1836 illa:
854 1779 1170 1843 declarant;
1207 1779 1320 1841 lux,
1357 1777 1517 1847 ignis,
1544 1776 1798 1846 spiritus,
1829 1783 1884 1830 et
1915 1791 2012 1830 cae-

2130 1781 2154 1833 6
2199 1779 2404 1850 Κύριος
2452 1781 2481 1833 6
2532 1777 2702 1832 εἰπών
2734 1793 2751 1812 ⁸
2816 1777 2920 1832 Ἔν
2975 1776 3105 1842 ταῖς
3137 1775 3427 1846 ἐσχάταις
3467 1776 3711 1846 ἡμέραις

446 1885 683 1929 terarum
719 1887 900 1928 rerum
941 1869 1357 1940 aspectabilium
1398 1867 1713 1922 nominibus
1749 1867 2027 1937 appellan-

2130 1869 2318 1939 ἐκχεῶ
2345 1870 2464 1925 ἀπὸ
2496 1869 2603 1924 τοῦ
2632 1869 2980 1938 Πνεύματός
3030 1885 3150 1938 μου
3174 1911 3190 1935 ,
3233 1866 3332 1922 καὶ
3380 1867 3713 1937 προφητεύ-

446 1973 553 2025 tur,
590 1979 688 2033 pro
713 1978 777 2017 eo
801 1977 862 2015 ac
890 1961 1114 2031 quilibet
1134 1960 1414 2013 hominum
1445 1958 1644 2029 dignus
1671 1966 1777 2021 est,
1807 1957 1895 2012 cui
1923 1957 2026 2011 hoc

2130 1975 2355 2014 σουσιν
2403 1962 2456 2013 ol
2499 1960 2614 2014 υἱοὶ
2664 1958 2896 2021 αὐτῶν,
2928 1958 3026 2011 καὶ
3054 1959 3114 2011 αι
3147 1957 3462 2028 θυγατέρες
3490 1955 3710 2022 αὐτῶν,

447 2055 609 2109 olllcii
642 2070 813 2124 genus
847 2051 1201 2123 impenditur.
1231 2050 1376 2106 Deus
1414 2048 1580 2120 igitur
1612 2049 1702 2104 ille
1740 2049 1833 2119 qui
1867 2048 2027 2104 initio

2131 2051 2228 2105 καὶ
2274 2053 2327 2104 οὶ
2376 2051 2690 2104 νεανίσκοι
2737 2049 2938 2104 αὐτῶν
2967 2048 3207 2117 ὁράσεις
3246 2051 3532 2119 ὄψονταιο
3586 2051 3714 2122 τρία

446 2148 621 2201 dixit:
655 2145 779 2199 Fiat
812 2146 926 2210 lux,
957 2153 1006 2197 et
1036 2143 1181 2213 facta
1208 2153 1284 2198 est
1319 2142 1671 2213 aspectabilis
1695 2142 1786 2196 illa
1817 2142 1910 2195 lux
1964 2144 1985 2173 ²
2008 2181 2024 2207 ,

2131 2144 2399 2215 πρόσωπα
2420 2142 2582 2211 ἁγίας
2609 2141 2950 2214 λειτουργίας
2975 2141 3190 2208 δεικνὺς
3223 2143 3353 2214 ἡμῖν
3384 2142 3443 2211 ἐξ
3475 2143 3712 2198 ὑίιιοστά⁹

447 2240 561 2308 ipse
598 2246 703 2302 est,
736 2237 828 2306 qui
869 2237 937 2290 ad
972 2251 1161 2291 verum
1195 2235 1378 2290 lumen
1410 2233 1731 2289 intuendum
1763 2233 1925 2288 nobis
1958 2233 2015 2287 il-

2135 2251 2272 2297 σεως
2302 2234 2348 2265 ⁸⁸
2380 2232 2547 2302 οὑσης
2576 2233 2784 2306 τρίτης.

446 2334 603 2396 luxit,
640 2332 778 2404 quod
808 2333 1076 2385 illuminat
1111 2347 1315 2384 omnem
1371 2331 1636 2384 hominem
1677 2330 1962 2383 venientem
2018 2330 2074 2382 in
2113 2329 2366 2382 mundum
2387 2329 2427 2380 ³.
2462 2327 2659 2381 Emitte
2700 2327 2865 2381 lucem
2905 2337 3074 2391 tuam,
3133 2329 3208 2382 ait
3267 2326 3436 2382 David
3464 2326 3504 2394 ⁸,
3550 2337 3600 2382 et
3629 2343 3713 2381 ve-

446 2425 656 2476 ritatem
693 2432 857 2475 tuam.
890 2422 983 2476 Ille
1028 2421 1144 2491 ipse
1177 2420 1437 2474 Dominus
1468 2428 1574 2482 est,
1614 2419 1707 2489 qui
1761 2419 1899 2472 dixit
1926 2437 1939 2473 :
1977 2417 2043 2473 In
2072 2419 2368 2473 novissimis
2401 2417 2583 2472 diebus
2616 2417 2884 2486 effundam
2913 2418 2977 2472 de
3004 2418 3206 2487 Spiritu
3235 2435 3346 2472 meo
3405 2422 3458 2470 in
3509 2433 3711 2472 omnem

446 2534 686 2580 carnem,
728 2525 776 2570 et
807 2514 1187 2585 prophetabunt
1220 2515 1322 2583 ﬁlii
1351 2530 1556 2579 eorum,
1586 2522 1637 2567 et
1678 2514 1808 2582 ﬁlia:
1851 2514 2086 2580 illorum,
2127 2523 2177 2567 et
2213 2513 2569 2567 adolescentes
2599 2513 2834 2582 ipsorum
2883 2515 3105 2568 visiones
3156 2512 3394 2568 videbunt
3421 2511 3463 2566 '.
3502 2512 3578 2566 Ac
3603 2520 3715 2568 tres

451 2613 746 2668 ftmctionis
790 2626 961 2666 sacrae
989 2625 1256 2681 personas
1283 2609 1441 2665 nobis
1463 2609 1722 2675 ostendit,
1752 2624 1876 2664 cum
1906 2611 2068 2665 tertia
2093 2625 2158 2665 ex
2187 2610 2467 2682 hypostasi
2499 2609 2756 2681 procedat
2779 2609 3112 2680 hypostasis.

518 2725 752 2782 LXVIII.
802 2727 932 2780 Dico
977 2728 1142 2798 igitur
1191 2727 1463 2782 Christum
1520 2729 1823 2783 ministrum
1863 2728 2030 2798 fuisse

447 2818 868 2872 circumcisionis
903 2834 997 2888 pro
1031 2821 1251 2874 ueritate
1281 2819 1399 2885 Dei,
1436 2829 1492 2873 ut
1519 2822 1782 2892 promissa
1805 2820 2031 2890 comple-

447 2910 584 2965 ret‘.
641 2909 814 2965 Porro
866 2909 1131 2982 Spiritum
1177 2921 1428 2967 sanctum
1475 2929 1585 2968 una
1635 2913 1951 2970 ministrare
1998 2929 2030 2970 e

447 3018 730 3056 sacrorum
807 3002 1096 3057 Librorum
1171 3009 1500 3060 auctoritate
1563 3006 1636 3060 ita
1711 3005 2025 3060 didicimus.

2204 2726 2329 2779 Eﬂ'.
2367 2724 2530 2797 Λέγω
2565 2721 2680 2782 οὖν
2725 2726 2986 2795 Χριστὸν
3031 2724 3315 2780 διάκονον
3356 2723 3717 2794 γεγενῆσθαι

2137 2818 2463 2888 περιτομῆς
2495 2818 2649 2887 ὑπὲρ
2681 2819 2968 2886 ἀληθείας
3009 2817 3158 2871 Θεοῦ
3185 2819 3275 2884 εὶς
3301 2815 3369 2870 τὸ
3401 2815 3720 2883 πληρῶσαι

2135 2911 2243 2976 τὰς
2288 2911 2685 2980 ἐπαγγελίας,
2744 2910 3106 2963 συνδιακονεῖν
3152 2908 3211 2963 δὲ
3267 2908 3329 2962 16
3377 2907 3602 2979 Πνεῦμα
3657 2908 3721 2962 16

2136 3003 2289 3072 ἆγιον
2336 3003 2866 3074 συμπαρειλήφαμεν
2913 3005 2976 3056 ἐκ
3029 3003 3189 3055 θείων
3238 3001 3470 3074 Γραφῶν
3521 2999 3713 3064 οὕτως.

443 3093 700 3149 Christus
731 3109 758 3146 a
793 3093 956 3149 Patre
988 3095 1245 3161 mittitur,
1276 3097 1511 3151 mittitur
1540 3107 1595 3152 et
1626 3095 1864 3167 Spiritus
1902 3112 2028 3151 san-

2144 3095 2556 3148 ’Δποστέλλεται
2589 3095 2618 3146 6
2667 3093 2903 3165 Χριστὸς
2949 3094 3056 3148 ἀπὸ
3101 3093 3315 3164 Πατρδς
3339 3132 3355 3157 ,
3394 3091 3719 3147 ἀποστέλλε-

446 3194 567 3239 ctus
597 3203 608 3238 :
647 3184 901 3239 Christus
932 3185 987 3238 in
1021 3189 1228 3241 sanctis
1258 3187 1515 3257 loquitur.
1550 3187 1792 3257 loquitur
1819 3195 1873 3242 et
1904 3186 2028 3257 Spi—

445 3275 586 3330 ritus
633 3283 899 3330 sanctus:
951 3285 1112 3332 sanat
1153 3277 1427 3343 Christus,
1479 3287 1635 3334 sanat
1695 3289 1750 3335 et
1793 3277 2030 3350 Spiritus

445 3371 674 3421 sanctus
703 3383 717 3419 :
763 3365 1072 3421 sanctiﬁcat
1112 3366 1387 3434 Christus,
1422 3368 1733 3423 sanctiﬁcat
1770 3376 1825 3424 et
1855 3367 2031 3439 Spiri-

447 3464 537 3511 tus
587 3463 866 3511 sanctus:
925 3457 1168 3526 baptizat
1224 3457 1281 3512 in
1334 3472 1435 3512 suo
1488 3459 1709 3514 nomine
1754 3459 2027 3526 Christus,

448 3551 689 3621 liaptizat
722 3558 776 3605 et
805 3548 1045 3619 Spiritus
1079 3557 1324 3606 sanctus.
1357 3549 1438 3604 Ad
1469 3565 1594 3605 eum
1627 3551 1848 3606 modum
1882 3550 2032 3606 Scri-

448 3650 609 3712 plura
653 3642 936 3713 loquitur'
973 3661 985 3698 :
1022 3642 1127 3712 72
1181 3641 1408 3696 Emittes
1459 3643 1722 3712 Spiritum
1760 3653 1929 3710 tuum,
1980 3653 2031 3699 et

446 3734 721 3788 renovabis
787 3735 978 3803 faciem
1035 3723 1190 3789 terra:
1225 3749 1244 3788 :
1295 3735 1442 3805 quod
1505 3735 1648 3790 idem
1716 3743 1803 3791 est
1871 3743 2034 3806 atque

448 3829 639 3884 istud:
686 3827 935 3882 Emittes‘
966 3825 1186 3882 Verbum
1239 3836 1410 3889 tuum,
1453 3835 1503 3880 et
1553 3826 1856 3896 liquefacies
1903 3843 1964 3880 ea
1987 3827 2028 3882 ⁸.

450 3921 578 3974 Item
611 3937 624 3974 :
654 3918 1087 3974 Ministrantibus
1149 3918 1258 3973 illis
1302 3917 1530 3972 Domino
1572 3935 1633 3971 ac
1661 3917 2031 3987 jejunantibus

447 4012 586 4065 dixit
631 4010 864 4080 Spiritus
911 4020 1171 4066 sanctus:
1224 4010 1508 4080 Segregate
1551 4009 1681 4063 mihi
1723 4008 2033 4064 Barnabam

445 4115 492 4158 et
526 4103 750 4158 Saulnm
789 4103 858 4156 ad
888 4118 1016 4172 opus
1043 4101 1113 4156 ad
1141 4101 1279 4174 quod
1322 4119 1408 4156 eos
1455 4103 1704 4156 vocavi’.
1748 4101 1894 4158 ldem
1927 4101 2033 4158 hoc

439 4203 530 4250 cst
559 4211 683 4249 cum
719 4196 824 4249 isto
850 4214 862 4248 :
912 4194 1168 4247 Dominus
1201 4203 1380 4246 autem
1407 4195 1546 4246 dixit
1576 4209 1594 4246 :
1633 4191 1915 4262 Ingredere
1941 4208 2033 4244 ur-

442 4285 583 4348 bem,
626 4295 675 4338 et
709 4286 779 4336 ibi
837 4284 1042 4336 dicetur
1091 4283 1340 4352 tibiquid
1385 4292 1436 4336 te
1478 4291 1716 4350 oporteat
1765 4283 2027 4350 facere".

451 4378 622 4430 Item:
672 4373 766 4427 Illi
815 4374 978 4443 igitur
1031 4374 1181 4428 missi
1227 4391 1259 4426 a
1303 4373 1508 4442 Spiritu
1556 4383 1741 4428 sancto
1787 4373 2028 4428 abierunt

521 4552 540 4584 ³
571 4549 760 4606 Matth.
790 4565 868 4614 xl,
901 4550 991 4603 27.
1069 4550 1089 4580 ²
1123 4547 1260 4604 Gen.
1292 4565 1330 4612 I,
1367 4549 1422 4604 3.
1497 4549 1518 4581 ³
1553 4547 1712 4603 Joan.
1747 4564 1785 4616 ι,
1814 4549 1868 4603 9.

1958 4548 1980 4579 ⁴
2014 4547 2139 4604 Psal
2163 4565 2294 4615 xui,
2319 4549 2373 4603 3.

2128 3203 2218 3240 ται
2265 3185 2325 3238 16
2366 3186 2594 3256 Πνεῦμα
2638 3199 2700 3239 το
2743 3186 2932 3255 ἆγιον·
2969 3185 3211 3240 λαλεῖται
3261 3186 3303 3216 ⁸⁸
3359 3188 3418 3239 ὲν
3476 3183 3652 3252 ἁγίοις
3687 3185 3718 3236 6

2129 3276 2401 3348 Χριστὸς,
2452 3275 2694 3331 λαλεῖται
2753 3277 2814 3331 16
2859 3277 3086 3347 Πνεῦμα
3131 3277 3192 3330 16
3248 3277 3404 3345 ἅγιον
3431 3293 3447 3308 ο
3499 3277 3640 3328 ἰᾶται
3685 3275 3715 3326 6

2128 3367 2399 3438 Χριστὸς,
2445 3368 2591 3422 ἰᾶται
2624 3367 2684 3422 τὺ
2728 3367 2952 3439 Πνεῦμα
2995 3366 3059 3421 16
3107 3367 3292 3436 άγιον·
3327 3366 3541 3437 ἁγιάζει
3585 3368 3717 3438 Χρι-

2131 3461 2285 3528 στὸς,
2315 3461 2532 3529 ἁγιάζει
2557 3460 2618 3514 16
2644 3458 2867 3531 Πνεῦμα
2896 3459 2958 3512 16
2984 3458 3139 3526 ἅγιον
3160 3474 3173 3488 ·
3206 3457 3454 3527 βαπτίζει
3483 3457 3717 3528 Χριστὸς

2130 3553 2188 3606 ὲν
2211 3551 2289 3622 τῷ
2313 3551 2536 3622 ὀνόματι
2568 3549 2731 3604 αὑτοῦ
2757 3592 2772 3617 ,
2801 3549 3052 3621 βαπτίζει
3077 3549 3139 3602 τὸ
3181 3548 3406 3618 Πνεῦμα
3453 3547 3513 3601 16
3539 3547 3716 3616 ᾰγιον.

2131 3641 2288 3697 Οὕτω
2315 3642 2565 3713 λέγουσιν
2595 3645 2652 3697 αἱ
2673 3641 2886 3716 Γραφαι
2912 3659 2927 3673 ·
2967 3640 3350 3705 Ἀποστελεῒς
3378 3641 3446 3695 τὸ
3473 3641 3720 3710 Πνεῦμὰ

2131 3747 2248 3789 σου
2273 3773 2289 3800 ,
2349 3733 2448 3788 καὶ
2493 3734 2864 3801 ἀνακαινιεῐς
2917 3733 2985 3788 τὸ
3045 3735 3373 3802 πρόσωπον
3418 3731 3528 3800 τῆς
3566 3731 3676 3801 γῆς
3702 3748 3716 3760 ·

2131 3825 2315 3894 ὅμοιον
2343 3824 2421 3896 τῷ
2447 3824 2626 3894 λέγειν
2643 3865 2658 3888 ,
2709 3824 3174 3891 Ἐξαποστελεῒς
3214 3822 3321 3878 τὸν
3348 3823 3546 3893 Λόγον
3573 3838 3717 3888 σου,

2133 3918 2231 3971 καὶ
2283 3916 2485 3986 τήξεις
2528 3916 2702 3971 αὑτά.
2754 3945 2827 3956 --
2866 3916 3386 3985 Λειτουργούντων
3437 3913 3505 3966 δὲ
3557 3911 3721 3978 αὐτῷ

2132 4010 2214 4077 τῷ
2237 4011 2433 4079 Κυρίῳ
2461 4010 2558 4064 καὶ
2587 4011 3014 4078 νηστευόντων
3037 4047 3053 4072 ,
3087 4003 3218 4062 εἷπε
3261 4006 3329 4061 τὸ
3375 4005 3621 4075 Πνεῦμα
3650 4005 3719 4059 τὸ

2133 4101 2323 4170 ἅγιον,
2371 4100 2714 4169 Ἀφορίσατέ
2742 4116 2843 4169 μοι
2873 4096 3191 4166 Βαρνάϐαν
3223 4093 3322 4150 καὶ
3358 4094 3598 4148 Σαῦλον
3631 4093 3721 4158 εις

2133 4192 2200 4246 τὸ
2250 4193 2468 4262 ἔργον,
2516 4191 2549 4245 6
2603 4188 3058 4259 προσκέκλημαι
3109 4187 3371 4252 αὐτούς·
3407 4185 3594 4255 ὅμοιον
3641 4181 3721 4253 τῷ

2132 4286 2328 4350 εἰπεῖν,
2379 4285 2433 4336 '0
2464 4283 2533 4337 δὲ
2567 4286 2783 4353 Κύριος
2809 4279 2982 4336 εἷπεν
3001 4297 3016 4311 ·
3064 4281 3324 4336 Εισελθε
3355 4281 3444 4344 εις
3474 4277 3588 4346 τὴν
3613 4276 3721 4328 πό-

2131 4378 2253 4441 λιν,
2299 4373 2477 4430 κάκεῖ
2497 4374 2915 4443 λαληθήσεται
2952 4386 3052 4427 σοι
3083 4372 3143 4426 τι
3173 4386 3248 4426 σε
3283 4369 3380 4424 δεῖ
3408 4369 3622 4423 ποιεῖν.
3650 4395 3723 4409 ~—

2476 4550 2498 4582 ⁸
2535 4548 2652 4605 Joel
2690 4565 2753 4612 II,
2783 4549 2873 4604 28.
2949 4551 2971 4582 ⁸
3006 4549 3161 4604 Rom.
3191 4562 3280 4612 xv,
3359 4545 3379 4576 "
3409 4543 3556 4600 Psal.
3597 4557 3720 4609 cm,

451 4623 538 4678 10.
612 4611 1048 4696 '_Psal._t:xt.vtt,
1083 4619 1170 4674 l8.
1206 4611 1421 4696 __'_Act.
1454 4635 1576 4696 sui,
1605 4620 1746 4696 2._8.
1774 4611 1869 4696 'k“
1896 4618 2020 4696 Act.

2167 4619 2216 4673 7.
2281 4611 2334 4652 ἰι
2369 4621 2578 4678 Desunt
2613 4611 2943 4677 baechacresi
2976 4620 3060 4673 74.
3141 4620 3183 4649 ⁸⁸
3223 4611 3388 4696 Deest
3419 4615 3479 4668 16
3509 4612 3725 4684 ὁρώμε-

449 4709 538 4746 νον
545 4733 560 4746 ο

637 4691 679 4723 ⁸³
708 4709 794 4762 γρ.
827 4691 1179 4754 ὑποστάσεως
1203 4689 1263 4755 ἐξ
1283 4691 1379 4745 ὑπ.
1459 4689 1504 4722 ⁸⁸
1531 4707 1621 4760 π).
1661 4690 1813 4744 λαλεί
1838 4689 2146 4762 utrobique.

451 4869 560 4925 cilii
604 4866 950 4941 Alexandria;
976 4867 1251 4941 _celebra_ti
1307 4881 1452 4922 anno
1472 4863 1651 4941 _562;
1709 4865 1765 4941 in
1810 4879 1920 4934 quo
1971 4863 2028 4919 S.
2064 4847 2111 4905 θ
2137 4883 2259 4923 esse
2285 4876 2400 4923 tres
2433 4868 2486 4922 in
2527 4869 2728 4926 divinis
2775 4885 3041 4941 personas
3084 4869 3262 4925 lateri.
3295 4867 3563 4941 Cancrum
3590 4879 3724 4941 _me-

453 4940 786 4993 Athanasius
818 4938 1151 4994 dissidentes
1206 4938 1348 4994 inter
1385 4953 1444 4992 se
1472 4935 1663 4991 Patres
1695 4933 1762 4988 ad
1793 4933 2025 4989 concor-

451 5012 596 5063 diam
628 5009 853 5078 miritice
887 5011 1201 5074 revocavit,
1235 5009 1370 5078 ipsis
1414 5006 1716 5078 detegendo
1745 5004 2023 5078 diversum

451 5083 601 5134 vocis
627 5077 975 5141 ὑποστάσεως
1017 5093 1207 5145 usum;
1249 5076 1358 5147 quo
1392 5084 1445 5132 et
1499 5077 1747 5147 nolentes
1778 5076 2026 5147 implica-g

451 5150 668 5203 bantur.
724 5148 797 5204 De
836 5165 938 5204 usu
981 5147 1224 5217 ejusdem
1259 5146 1437 5217 fvocis
1489 5146 1838 5217 ὑποστάσεως
1878 5146 2023 5216 apud

450 5218 814 5288 Epiphanium
851 5216 1097 5274 nostrum
1114 5216 1500 5290 inspiciendus
1531 5216 2026 5290 locus_illius_pr;e—

452 5285 606 5344 sens:
642 5290 984 5361 inspicienda
1016 5297 1070 5344 et
1111 5285 1232 5361 loca
1265 5289 1330 5361 in
1372 5285 1617 5361 Panario
1656 5285 1922 5361 plurimi,
1965 5296 2024 5361 et

491 5355 752 5414 nesertini
809 5374 1070 5415 numerus
1112 5358 1175 5412 l6
1217 5358 1274 5412 in
1319 5357 1510 5412 haeresi
1556 5355 1928 5413 75.7Prolecto
1961 5357 2018 5411 S.

495 5432 682 5485 asilius
709 5430 935 5496 lllagnus
977 5432 1031 5485 in
1070 5427 1313 5498 Epistola
1355 5428 1422 5482 ad
1463 5429 1638 5498 ipsum
1671 5426 2027 5498 Epiphaniam

449 5500 596 5570 data,
647 5518 768 5570 quae
793 5501 947 5568 juxta
975 5497 1342 5556 recensionem
1373 5497 1568 5553 novam
1617 5507 1698 5553 est
1747 5501 1801 5552 in
1830 5497 2024 5570 ordine

449 5568 737 5642 358._toin.
771 5573 836 5626 Ill
869 5572 1120 5641 Garner.,
1165 5587 1287 5642 pag.
1339 5570 1478 5632 592,
1515 5569 1671 5642 laatus
1715 5568 1915 5642 gaudet
1969 5576 2022 5622 et

451 5637 753 5710 Epiphanio
779 5637 1271 5710 gratulatur,'quod
1308 5639 1559 5710 statuerit
1588 5639 1648 5691 16
1673 5637 1819 5708 τρεῖς
1849 5637 2021 5710 ἀναγ-

454 5704 605 5762 καῖον
633 5704 896 5775 statim;
925 5704 1254 5774 ὑποστάσεις
1299 5709 1602 5779 ὁμολογεῖν,
1643 5704 2019 5764 necessarium

2125 4948 2354 4994 morata:
2389 4935 3120 5010 usurpationis—varietatem
3154 4955 3267 5010 pra}
3313 4937 3488 4992 oculis
3519 4935 3725 5010 habt-at

2122 5025 2347 5066 necesse
2379 5019 2462 5082 est
2497 5005 2784 5082 theologia:
2811 5012 3114 5074 studiosus,
3155 5005 3206 5066 si
3238 5009 3459 5082 Patrum
3511 5005 3722 5082 doctri-

2122 5095 2221 5134 nas
2269 5088 2322 5135 et
2376 5080 2512 5136 falsa
2548 5075 2934 5137 haereticorum
2991 5097 3151 5136 sensa
3197 5078 3415 5148 assequi
3443 5077 3606 5148 velit.
3652 5075 3726 5130 tt

2121 5151 2368 5220 exemplo
2395 5166 2483 5207 res
2518 5152 2730 5221 planior
2763 5153 2875 5218 liat,
2912 5150 3215 5206 Sabelliani
3252 5146 3354 5204 Dei
3374 5146 3572 5221 Filium
3604 5163 3725 5216 μο-

2122 5216 2361 5302 νοοὺσξον
2396 5216 2776 5302 appellabant,
2822 5216 2969 5292 quod
3015 5233 3164 5302 recto
3225 5235 3394 5275 sensu
3419 5216 3725 5301 theologus

2122 5291 2399 5358 accipiens
2433 5287 2542 5345 non
2577 5287 2867 5362 rcjiceret';
2905 5307 3032 5362 vere
3058 5287 3555 5362 enimpovoodatoc
3605 5288 3723 5340 δίε·

2129 5367 2187 5432 ιιι
2236 5368 2289 5414 et
2336 5360 2756 5432 ὁμοούσιοςόει
2804 5362 2900 5416 Dei
2959 5361 3158 5416 Filius.
3206 5360 3367 5432 Absit
3418 5366 3602 5432 tamen
3658 5364 3727 5409 ut

2123 5426 2394 5502 haereticis
2427 5433 2534 5488 illis
2561 5434 2940 5488 adhaereamus
2967 5473 2982 5498 ,
3029 5432 3231 5502 quippe
3261 5431 3354 5500 qui
3377 5426 3578 5502 οὑσίας
3613 5441 3726 5479 ηυ-

2122 5499 2265 5556 mine
2295 5517 2586 5569 personam
2617 5503 2954 5560 denotabant
2979 5499 3233 5558 et'una'm
3281 5499 3498 5569 tantum
3527 5511 3727 5569 pergo:

2121 5585 2246 5643 nam
2295 5564 2668 5643 agnoscebant
2711 5575 2766 5630 in
2801 5573 3046 5641 divinis,
3104 5572 3234 5628 dum
3279 5564 3592 5642 μονοοὺσιον
3623 5564 3722 5620 Ι)ρὶ

2120 5640 2317 5697 Filium
2334 5640 2622 5701 dicebant.
