  <div class='ocr_page' id='page_1' title='image "/cluster/home/n/w/nwhite01/storage/ocr_20150623/43/hvd.32044054272794/076.png"; bbox 0 0 3992 6198; ppageno 0'>
   <div class='ocr_carea' id='block_1_1' title="bbox 322 295 417 352">
    <p class='ocr_par' dir='ltr' id='par_1_1' title="bbox 322 295 417 352">
     <span class='ocr_line' id='line_1_1' title="bbox 322 295 417 352; baseline -0.021 0"><span class='ocrx_word' id='word_1_1' title='bbox 322 295 417 352; x_wconf 74' lang='lat' dir='ltr'><strong><em>Hi</em></strong></span> 
     </span>
    </p>
   </div>
   <div class='ocr_carea' id='block_1_2' title="bbox 1749 266 2189 346">
    <p class='ocr_par' dir='ltr' id='par_1_2' title="bbox 1749 266 2189 346">
     <span class='ocr_line' id='line_1_2' title="bbox 1749 266 2189 346; baseline -0.009 -2"><span class='ocrx_word' id='word_1_2' title='bbox 1749 266 2189 346; x_wconf 70' lang='lat' dir='ltr'><strong><em>mouimus.</em></strong></span> 
     </span>
    </p>
   </div>
   <div class='ocr_carea' id='block_1_3' title="bbox 3494 286 3596 340">
    <p class='ocr_par' dir='ltr' id='par_1_3' title="bbox 3494 286 3596 340">
     <span class='ocr_line' id='line_1_3' title="bbox 3494 286 3596 340; baseline -0.01 0"><span class='ocrx_word' id='word_1_3' title='bbox 3494 286 3596 340; x_wconf 69' lang='grc' dir='ltr'><em>ιη</em></span> 
     </span>
    </p>
   </div>
   <div class='ocr_carea' id='block_1_4' title="bbox 316 396 1921 480">
    <p class='ocr_par' dir='ltr' id='par_1_4' title="bbox 316 401 1911 480">
     <span class='ocr_line' id='line_1_4' title="bbox 316 401 1911 480; baseline -0.008 -13"><span class='ocrx_word' id='word_1_4' title='bbox 316 407 499 473; x_wconf 68' lang='grc' dir='ltr'><em>Οὗτοι</em></span> <span class='ocrx_word' id='word_1_5' title='bbox 547 410 668 480; x_wconf 80' lang='grc' dir='ltr'><em>μὲν</em></span> <span class='ocrx_word' id='word_1_6' title='bbox 723 402 842 464; x_wconf 81' lang='grc' dir='ltr'><em>οὖν</em></span> <span class='ocrx_word' id='word_1_7' title='bbox 899 403 1344 476; x_wconf 70' lang='grc' dir='ltr'><strong><em>ἐκπεμφθέντες</em></strong></span> <span class='ocrx_word' id='word_1_8' title='bbox 1405 401 1523 457; x_wconf 82' lang='grc' dir='ltr'><strong><em>ὑπὸ</em></strong></span> <span class='ocrx_word' id='word_1_9' title='bbox 1576 402 1683 457; x_wconf 85' lang='grc' dir='ltr'><strong><em>τοῦ</em></strong></span> <span class='ocrx_word' id='word_1_10' title='bbox 1738 403 1911 473; x_wconf 77' lang='grc' dir='ltr'><em>αγιου</em></span> 
     </span>
    </p>
   </div>
   <div class='ocr_carea' id='block_1_5' title="bbox 2025 396 3589 480">
    <p class='ocr_par' dir='ltr' id='par_1_5' title="bbox 2025 396 3589 471">
     <span class='ocr_line' id='line_1_5' title="bbox 2025 396 3589 471; baseline -0.001 -15"><span class='ocrx_word' id='word_1_11' title='bbox 2025 399 2314 456; x_wconf 76' lang='lat' dir='ltr'><strong><em>Seleuciam</em></strong></span> <span class='ocrx_word' id='word_1_12' title='bbox 2334 399 2389 467; x_wconf 82' lang='lat'><strong><em>‘;</em></strong></span> <span class='ocrx_word' id='word_1_13' title='bbox 2423 396 2882 471; x_wconf 82' lang='lat' dir='ltr'><strong><em>quemadmodum</em></strong></span> <span class='ocrx_word' id='word_1_14' title='bbox 2912 397 3169 455; x_wconf 77' lang='lat' dir='ltr'><strong><em>Christus</em></strong></span> <span class='ocrx_word' id='word_1_15' title='bbox 3192 398 3315 471; x_wconf 83' lang='lat' dir='ltr'><strong><em>ipse</em></strong></span> <span class='ocrx_word' id='word_1_16' title='bbox 3342 396 3589 455; x_wconf 82' lang='lat' dir='ltr'><strong><em>diceret.</em></strong></span> 
     </span>
    </p>
   </div>
   <div class='ocr_carea' id='block_1_6' title="bbox 316 492 1912 570">
    <p class='ocr_par' dir='ltr' id='par_1_6' title="bbox 316 492 1912 570">
     <span class='ocr_line' id='line_1_6' title="bbox 316 492 1912 570; baseline -0.006 -14"><span class='ocrx_word' id='word_1_17' title='bbox 316 502 671 570; x_wconf 72' lang='grc' dir='ltr'><em>Ιινεύματος</em></span> <span class='ocrx_word' id='word_1_18' title='bbox 694 537 715 564; x_wconf 83' lang='grc'><em>,</em></span> <span class='ocrx_word' id='word_1_19' title='bbox 756 496 1066 566; x_wconf 73' lang='grc' dir='ltr'><em>κατῆλθον</em></span> <span class='ocrx_word' id='word_1_20' title='bbox 1120 498 1207 562; x_wconf 84' lang='grc' dir='ltr'><strong><em>είς</em></strong></span> <span class='ocrx_word' id='word_1_21' title='bbox 1251 494 1612 549; x_wconf 75' lang='grc' dir='ltr'><em>Σελεύκειαν</em></span> <span class='ocrx_word' id='word_1_22' title='bbox 1638 509 1652 524; x_wconf 73' lang='grc' dir='ltr'><strong><em>ο</em></strong></span> <span class='ocrx_word' id='word_1_23' title='bbox 1716 493 1792 557; x_wconf 85' lang='grc' dir='ltr'>ὡς</span> <span class='ocrx_word' id='word_1_24' title='bbox 1845 492 1912 547; x_wconf 85' lang='grc' dir='ltr'><em>ἂν</em></span> 
     </span>
    </p>
   </div>
   <div class='ocr_carea' id='block_1_7' title="bbox 319 582 1914 662">
    <p class='ocr_par' dir='ltr' id='par_1_7' title="bbox 319 582 1914 662">
     <span class='ocr_line' id='line_1_7' title="bbox 319 582 1914 662; baseline -0.007 -17"><span class='ocrx_word' id='word_1_25' title='bbox 319 592 474 645; x_wconf 72' lang='lat' dir='ltr'><strong><em>sinat</em></strong></span> <span class='ocrx_word' id='word_1_26' title='bbox 520 589 787 662; x_wconf 76' lang='grc' dir='ltr'><strong><em>Χριστὸς,</em></strong></span> <span class='ocrx_word' id='word_1_27' title='bbox 848 587 1000 642; x_wconf 80' lang='grc' dir='ltr'><em>Ἰδοὺ</em></span> <span class='ocrx_word' id='word_1_28' title='bbox 1033 584 1394 641; x_wconf 70' lang='grc' dir='ltr'><em>ἀποστέλλω</em></span> <span class='ocrx_word' id='word_1_29' title='bbox 1440 582 1598 654; x_wconf 84' lang='grc' dir='ltr'><em>ὑμᾶς</em></span> <span class='ocrx_word' id='word_1_30' title='bbox 1650 583 1734 649; x_wconf 86' lang='grc' dir='ltr'><em>ὡς</em></span> <span class='ocrx_word' id='word_1_31' title='bbox 1770 582 1914 651; x_wconf 79' lang='grc' dir='ltr'><em>πρό-</em></span> 
     </span>
    </p>
   </div>
   <div class='ocr_carea' id='block_1_8' title="bbox 321 672 1916 752">
    <p class='ocr_par' dir='ltr' id='par_1_8' title="bbox 321 672 1916 752">
     <span class='ocr_line' id='line_1_8' title="bbox 321 672 1916 752; baseline -0.009 -11"><span class='ocrx_word' id='word_1_32' title='bbox 321 686 480 741; x_wconf 82' lang='grc' dir='ltr'><em>ϐατα</em></span> <span class='ocrx_word' id='word_1_33' title='bbox 513 683 584 737; x_wconf 79' lang='grc' dir='ltr'><em>ἐν</em></span> <span class='ocrx_word' id='word_1_34' title='bbox 620 682 787 752; x_wconf 67' lang='grc' dir='ltr'><em>μέσῳ</em></span> <span class='ocrx_word' id='word_1_35' title='bbox 826 681 1053 734; x_wconf 67' lang='grc' dir='ltr'><em>λύκων.</em></span> <span class='ocrx_word' id='word_1_36' title='bbox 1093 706 1166 718; x_wconf 90' lang='lat'><strong><em>-—</em></strong></span> <span class='ocrx_word' id='word_1_37' title='bbox 1200 676 1420 740; x_wconf 81' lang='grc' dir='ltr'><strong><em>Ἔδοξε</em></strong></span> <span class='ocrx_word' id='word_1_38' title='bbox 1452 673 1564 746; x_wconf 79' lang='grc' dir='ltr'><strong><em>γὰρ</em></strong></span> <span class='ocrx_word' id='word_1_39' title='bbox 1606 672 1687 741; x_wconf 88' lang='grc' dir='ltr'><em>τῷ</em></span> <span class='ocrx_word' id='word_1_40' title='bbox 1726 672 1916 727; x_wconf 85' lang='grc' dir='ltr'><em>Πνεύ-</em></span> 
     </span>
    </p>
   </div>
   <div class='ocr_carea' id='block_1_9' title="bbox 318 762 1915 848">
    <p class='ocr_par' dir='ltr' id='par_1_9' title="bbox 318 762 1915 848">
     <span class='ocr_line' id='line_1_9' title="bbox 318 762 1915 848; baseline -0.011 -17"><span class='ocrx_word' id='word_1_41' title='bbox 318 794 468 848; x_wconf 83' lang='grc' dir='ltr'><em>ματι</em></span> <span class='ocrx_word' id='word_1_42' title='bbox 528 772 608 839; x_wconf 84' lang='grc' dir='ltr'><em>τῷ</em></span> <span class='ocrx_word' id='word_1_43' title='bbox 668 771 818 842; x_wconf 87' lang='grc' dir='ltr'><em>ἀγίῳ</em></span> <span class='ocrx_word' id='word_1_44' title='bbox 861 769 1059 839; x_wconf 80' lang='grc' dir='ltr'><em>μηδὲν</em></span> <span class='ocrx_word' id='word_1_45' title='bbox 1112 769 1272 822; x_wconf 73' lang='grc' dir='ltr'><em>ἄλλο</em></span> <span class='ocrx_word' id='word_1_46' title='bbox 1320 766 1687 820; x_wconf 74' lang='grc' dir='ltr'><strong><em>ἐπιτίθεσθαι</em></strong></span> <span class='ocrx_word' id='word_1_47' title='bbox 1722 762 1915 831; x_wconf 79' lang='grc' dir='ltr'><em>,ϐάρος</em></span> 
     </span>
    </p>
   </div>
   <div class='ocr_carea' id='block_1_10' title="bbox 324 855 1914 935">
    <p class='ocr_par' dir='ltr' id='par_1_10' title="bbox 324 855 1914 935">
     <span class='ocr_line' id='line_1_10' title="bbox 324 855 1914 935; baseline -0.009 -13"><span class='ocrx_word' id='word_1_48' title='bbox 324 869 497 935; x_wconf 69' lang='grc' dir='ltr'><em>πλὴν</em></span> <span class='ocrx_word' id='word_1_49' title='bbox 544 865 662 919; x_wconf 82' lang='grc' dir='ltr'><em>τῶν</em></span> <span class='ocrx_word' id='word_1_50' title='bbox 693 862 1064 932; x_wconf 74' lang='grc' dir='ltr'><em>ἐπάναγκες·</em></span> <span class='ocrx_word' id='word_1_51' title='bbox 1104 860 1181 924; x_wconf 84' lang='grc' dir='ltr'><em>ὡς</em></span> <span class='ocrx_word' id='word_1_52' title='bbox 1220 859 1286 914; x_wconf 73' lang='grc' dir='ltr'><strong><em>ἂν</em></strong></span> <span class='ocrx_word' id='word_1_53' title='bbox 1334 858 1485 914; x_wconf 81' lang='grc' dir='ltr'>εἴποι</span> <span class='ocrx_word' id='word_1_54' title='bbox 1532 860 1572 922; x_wconf 76' lang='grc' dir='ltr'><strong><em>ί,</em></strong></span> <span class='ocrx_word' id='word_1_55' title='bbox 1637 856 1801 927; x_wconf 69' lang='grc' dir='ltr'><strong><em>Λέγω</em></strong></span> <span class='ocrx_word' id='word_1_56' title='bbox 1846 855 1914 909; x_wconf 83' lang='grc' dir='ltr'><em>δὲ</em></span> 
     </span>
    </p>
   </div>
   <div class='ocr_carea' id='block_1_11' title="bbox 321 947 1913 1025">
    <p class='ocr_par' dir='ltr' id='par_1_11' title="bbox 321 947 1913 1025">
     <span class='ocr_line' id='line_1_11' title="bbox 321 947 1913 1025; baseline -0.008 -12"><span class='ocrx_word' id='word_1_57' title='bbox 321 962 437 1014; x_wconf 79' lang='grc' dir='ltr'><strong><em>οὐκ</em></strong></span> <span class='ocrx_word' id='word_1_58' title='bbox 464 956 599 1025; x_wconf 82' lang='grc' dir='ltr'><strong><em>ἐγὼ,</em></strong></span> <span class='ocrx_word' id='word_1_59' title='bbox 630 955 772 1009; x_wconf 71' lang='grc' dir='ltr'><em>ἀλλ’</em></span> <span class='ocrx_word' id='word_1_60' title='bbox 803 956 837 1009; x_wconf 85' lang='grc' dir='ltr'><strong><em>ό</em></strong></span> <span class='ocrx_word' id='word_1_61' title='bbox 870 955 1087 1021; x_wconf 67' lang='grc' dir='ltr'><em>Κιῖριος</em></span> <span class='ocrx_word' id='word_1_62' title='bbox 1119 950 1217 1021; x_wconf 84' lang='grc'><strong><em>(9),</em></strong></span> <span class='ocrx_word' id='word_1_63' title='bbox 1254 950 1512 1021; x_wconf 81' lang='grc' dir='ltr'><em>γυναῖκα</em></span> <span class='ocrx_word' id='word_1_64' title='bbox 1543 948 1663 1004; x_wconf 81' lang='grc' dir='ltr'><strong><em>ἀπὸ</em></strong></span> <span class='ocrx_word' id='word_1_65' title='bbox 1693 947 1913 1016; x_wconf 80' lang='grc' dir='ltr'><em>ἀνδρὸς</em></span> 
     </span>
    </p>
   </div>
   <div class='ocr_carea' id='block_1_12' title="bbox 314 1041 1913 1121">
    <p class='ocr_par' dir='ltr' id='par_1_12' title="bbox 314 1041 1913 1121">
     <span class='ocr_line' id='line_1_12' title="bbox 314 1041 1913 1121; baseline -0.007 -16"><span class='ocrx_word' id='word_1_66' title='bbox 314 1051 403 1121; x_wconf 85' lang='grc' dir='ltr'><em>μὴ</em></span> <span class='ocrx_word' id='word_1_67' title='bbox 436 1047 828 1120; x_wconf 82' lang='grc' dir='ltr'><em>χωρισθῆναι.</em></span> <span class='ocrx_word' id='word_1_68' title='bbox 854 1078 925 1089; x_wconf 89' lang='lat'><strong><em>--</em></strong></span> <span class='ocrx_word' id='word_1_69' title='bbox 956 1044 1216 1114; x_wconf 82' lang='grc' dir='ltr'><em>Διῆλθον</em></span> <span class='ocrx_word' id='word_1_70' title='bbox 1260 1042 1330 1097; x_wconf 82' lang='grc' dir='ltr'><em>δὲ</em></span> <span class='ocrx_word' id='word_1_71' title='bbox 1366 1042 1482 1112; x_wconf 79' lang='grc' dir='ltr'><em>τὴν</em></span> <span class='ocrx_word' id='word_1_72' title='bbox 1520 1042 1783 1112; x_wconf 76' lang='grc' dir='ltr'><strong><em>Φρυγίαν</em></strong></span> <span class='ocrx_word' id='word_1_73' title='bbox 1815 1041 1913 1095; x_wconf 82' lang='grc' dir='ltr'><em>καὶ</em></span> 
     </span>
    </p>
   </div>
   <div class='ocr_carea' id='block_1_13' title="bbox 321 1132 1912 1211">
    <p class='ocr_par' dir='ltr' id='par_1_13' title="bbox 321 1132 1912 1211">
     <span class='ocr_line' id='line_1_13' title="bbox 321 1132 1912 1211; baseline -0.006 -14"><span class='ocrx_word' id='word_1_74' title='bbox 321 1144 438 1211; x_wconf 73' lang='grc' dir='ltr'><em>τὴν</em></span> <span class='ocrx_word' id='word_1_75' title='bbox 488 1138 846 1207; x_wconf 74' lang='grc' dir='ltr'><em>Γαλατικὴν</em></span> <span class='ocrx_word' id='word_1_76' title='bbox 901 1137 1136 1207; x_wconf 82' lang='grc' dir='ltr'><em>χώραν,</em></span> <span class='ocrx_word' id='word_1_77' title='bbox 1207 1134 1579 1201; x_wconf 68' lang='grc' dir='ltr'><strong><em>κωλυθέντες</em></strong></span> <span class='ocrx_word' id='word_1_78' title='bbox 1634 1133 1751 1188; x_wconf 83' lang='grc' dir='ltr'><em>ἀπὸ</em></span> <span class='ocrx_word' id='word_1_79' title='bbox 1806 1132 1912 1188; x_wconf 90' lang='grc' dir='ltr'><strong><em>τοῦ</em></strong></span> 
     </span>
    </p>
   </div>
   <div class='ocr_carea' id='block_1_14' title="bbox 323 1220 1912 1297">
    <p class='ocr_par' dir='ltr' id='par_1_14' title="bbox 323 1220 1912 1297">
     <span class='ocr_line' id='line_1_14' title="bbox 323 1220 1912 1297; baseline -0.004 -16"><span class='ocrx_word' id='word_1_80' title='bbox 323 1229 675 1297; x_wconf 75' lang='grc' dir='ltr'><em>Πνεύματος</em></span> <span class='ocrx_word' id='word_1_81' title='bbox 719 1224 826 1280; x_wconf 87' lang='grc' dir='ltr'><strong><em>τοῦ</em></strong></span> <span class='ocrx_word' id='word_1_82' title='bbox 854 1224 1029 1295; x_wconf 85' lang='grc' dir='ltr'><em>ἀγίου</em></span> <span class='ocrx_word' id='word_1_83' title='bbox 1068 1222 1342 1292; x_wconf 74' lang='grc' dir='ltr'><em>λαλῆσαι</em></span> <span class='ocrx_word' id='word_1_84' title='bbox 1389 1223 1497 1277; x_wconf 79' lang='grc' dir='ltr'><em>τὸν</em></span> <span class='ocrx_word' id='word_1_85' title='bbox 1520 1223 1707 1292; x_wconf 75' lang='grc' dir='ltr'><em>λόγον</em></span> <span class='ocrx_word' id='word_1_86' title='bbox 1733 1222 1804 1276; x_wconf 83' lang='grc' dir='ltr'><em>ἐν</em></span> <span class='ocrx_word' id='word_1_87' title='bbox 1838 1220 1912 1291; x_wconf 76' lang='grc' dir='ltr'><em>τῇ</em></span> 
     </span>
    </p>
   </div>
   <div class='ocr_carea' id='block_1_15' title="bbox 332 1312 1916 1387">
    <p class='ocr_par' dir='ltr' id='par_1_15' title="bbox 332 1312 1916 1387">
     <span class='ocr_line' id='line_1_15' title="bbox 332 1312 1916 1387; baseline -0.005 -12"><span class='ocrx_word' id='word_1_88' title='bbox 332 1322 503 1387; x_wconf 75' lang='grc' dir='ltr'><em>Ἀσίᾳ</em></span> <span class='ocrx_word' id='word_1_89' title='bbox 528 1337 543 1351; x_wconf 76' lang='grc' dir='ltr'><strong><em>ο</em></strong></span> <span class='ocrx_word' id='word_1_90' title='bbox 582 1319 869 1384; x_wconf 71' lang='grc' dir='ltr'><em>ἐλθόντες</em></span> <span class='ocrx_word' id='word_1_91' title='bbox 907 1317 979 1371; x_wconf 83' lang='grc' dir='ltr'><em>δὲ</em></span> <span class='ocrx_word' id='word_1_92' title='bbox 1009 1319 1098 1383; x_wconf 82' lang='grc' dir='ltr'><strong><em>είς</em></strong></span> <span class='ocrx_word' id='word_1_93' title='bbox 1144 1315 1263 1384; x_wconf 84' lang='grc' dir='ltr'><em>τὴν</em></span> <span class='ocrx_word' id='word_1_94' title='bbox 1293 1315 1539 1370; x_wconf 82' lang='grc' dir='ltr'><em>Μυσίαν</em></span> <span class='ocrx_word' id='word_1_95' title='bbox 1558 1356 1573 1378; x_wconf 85' lang='grc'><em>,</em></span> <span class='ocrx_word' id='word_1_96' title='bbox 1606 1312 1916 1383; x_wconf 72' lang='grc' dir='ltr'><em>ἐπείραζον</em></span> 
     </span>
    </p>
   </div>
   <div class='ocr_carea' id='block_1_16' title="bbox 319 1406 1916 1480">
    <p class='ocr_par' dir='ltr' id='par_1_16' title="bbox 319 1406 1916 1480">
     <span class='ocr_line' id='line_1_16' title="bbox 319 1406 1916 1480; baseline -0.006 -12"><span class='ocrx_word' id='word_1_97' title='bbox 319 1417 414 1479; x_wconf 85' lang='grc' dir='ltr'><strong><em>εις</em></strong></span> <span class='ocrx_word' id='word_1_98' title='bbox 451 1412 570 1480; x_wconf 79' lang='grc' dir='ltr'><em>τὴν</em></span> <span class='ocrx_word' id='word_1_99' title='bbox 624 1411 909 1465; x_wconf 88' lang='grc' dir='ltr'><em>Βιθυνίαν</em></span> <span class='ocrx_word' id='word_1_100' title='bbox 961 1409 1352 1479; x_wconf 83' lang='grc' dir='ltr'><em>πορεύεσθαι,</em></span> <span class='ocrx_word' id='word_1_101' title='bbox 1390 1407 1491 1462; x_wconf 77' lang='grc' dir='ltr'><em>καὶ</em></span> <span class='ocrx_word' id='word_1_102' title='bbox 1542 1409 1655 1462; x_wconf 79' lang='grc' dir='ltr'><strong><em>οὐκ</em></strong></span> <span class='ocrx_word' id='word_1_103' title='bbox 1704 1406 1916 1460; x_wconf 79' lang='grc' dir='ltr'><em>εἴασεν</em></span> 
     </span>
    </p>
   </div>
   <div class='ocr_carea' id='block_1_17' title="bbox 318 1500 1913 1573">
    <p class='ocr_par' dir='ltr' id='par_1_17' title="bbox 318 1500 1913 1573">
     <span class='ocr_line' id='line_1_17' title="bbox 318 1500 1913 1573; baseline -0.004 -14"><span class='ocrx_word' id='word_1_104' title='bbox 318 1504 554 1570; x_wconf 84' lang='grc' dir='ltr'><em>αὐτοὺς</em></span> <span class='ocrx_word' id='word_1_105' title='bbox 580 1502 646 1557; x_wconf 86' lang='grc' dir='ltr'><em>τὸ</em></span> <span class='ocrx_word' id='word_1_106' title='bbox 676 1502 919 1572; x_wconf 86' lang='grc' dir='ltr'><em>Πνεῦμα</em></span> <span class='ocrx_word' id='word_1_107' title='bbox 951 1520 965 1533; x_wconf 87' lang='grc'><strong>·</strong></span> <span class='ocrx_word' id='word_1_108' title='bbox 1000 1502 1077 1566; x_wconf 84' lang='grc' dir='ltr'><strong><em>ὼς</em></strong></span> <span class='ocrx_word' id='word_1_109' title='bbox 1105 1500 1173 1555; x_wconf 80' lang='grc' dir='ltr'>ἂν</span> <span class='ocrx_word' id='word_1_110' title='bbox 1210 1503 1355 1555; x_wconf 82' lang='grc' dir='ltr'><em>ετποι</em></span> <span class='ocrx_word' id='word_1_111' title='bbox 1388 1500 1657 1573; x_wconf 79' lang='grc' dir='ltr'><em>Χριστὸς,</em></span> <span class='ocrx_word' id='word_1_112' title='bbox 1688 1503 1913 1568; x_wconf 90' lang='grc' dir='ltr'><em>Πορευ-</em></span> 
     </span>
    </p>
   </div>
   <div class='ocr_carea' id='block_1_18' title="bbox 320 1590 1913 1663">
    <p class='ocr_par' dir='ltr' id='par_1_18' title="bbox 320 1590 1913 1663">
     <span class='ocr_line' id='line_1_18' title="bbox 320 1590 1913 1663; baseline -0.005 -10"><span class='ocrx_word' id='word_1_113' title='bbox 320 1599 536 1662; x_wconf 73' lang='grc' dir='ltr'><em>θέντες</em></span> <span class='ocrx_word' id='word_1_114' title='bbox 572 1597 918 1661; x_wconf 71' lang='grc' dir='ltr'><em>,βαπτίσατε</em></span> <span class='ocrx_word' id='word_1_115' title='bbox 972 1593 1172 1648; x_wconf 78' lang='grc' dir='ltr'><em>πάντα</em></span> <span class='ocrx_word' id='word_1_116' title='bbox 1210 1594 1284 1649; x_wconf 85' lang='grc' dir='ltr'><em>τὰ</em></span> <span class='ocrx_word' id='word_1_117' title='bbox 1322 1594 1489 1663; x_wconf 74' lang='grc' dir='ltr'><em>ἔθνη.</em></span> <span class='ocrx_word' id='word_1_118' title='bbox 1548 1591 1646 1661; x_wconf 68' lang='grc' dir='ltr'><strong><em>Μὴ</em></strong></span> <span class='ocrx_word' id='word_1_119' title='bbox 1674 1590 1913 1657; x_wconf 81' lang='grc' dir='ltr'><em>,βαστά-</em></span> 
     </span>
    </p>
   </div>
   <div class='ocr_carea' id='block_1_19' title="bbox 320 1683 1915 1756">
    <p class='ocr_par' dir='ltr' id='par_1_19' title="bbox 320 1683 1915 1756">
     <span class='ocr_line' id='line_1_19' title="bbox 320 1683 1915 1756; baseline -0.003 -15"><span class='ocrx_word' id='word_1_120' title='bbox 320 1688 458 1756; x_wconf 67' lang='lat' dir='ltr'><strong><em>[nte</em></strong></span> <span class='ocrx_word' id='word_1_121' title='bbox 498 1686 723 1755; x_wconf 77' lang='grc' dir='ltr'><em>πήραν,</em></span> <span class='ocrx_word' id='word_1_122' title='bbox 753 1684 841 1756; x_wconf 82' lang='grc' dir='ltr'><em>μὴ</em></span> <span class='ocrx_word' id='word_1_123' title='bbox 866 1683 1097 1753; x_wconf 73' lang='grc' dir='ltr'><em>ῥάϐδον</em></span> <span class='ocrx_word' id='word_1_124' title='bbox 1117 1683 1276 1755; x_wconf 79' lang='grc' dir='ltr'><em>μηδὲ</em></span> <span class='ocrx_word' id='word_1_125' title='bbox 1307 1683 1685 1753; x_wconf 76' lang='grc' dir='ltr'><em>ὑποδήματα.</em></span> <span class='ocrx_word' id='word_1_126' title='bbox 1718 1714 1786 1725; x_wconf 88' lang='grc'><strong>-</strong></span> <span class='ocrx_word' id='word_1_127' title='bbox 1819 1683 1915 1736; x_wconf 81' lang='grc' dir='ltr'><strong><em>Οἴ-</em></strong></span> 
     </span>
    </p>
   </div>
   <div class='ocr_carea' id='block_1_20' title="bbox 324 1768 1912 1846">
    <p class='ocr_par' dir='ltr' id='par_1_20' title="bbox 324 1768 1912 1846">
     <span class='ocr_line' id='line_1_20' title="bbox 324 1768 1912 1846; baseline -0.001 -17"><span class='ocrx_word' id='word_1_128' title='bbox 324 1793 517 1843; x_wconf 84' lang='grc' dir='ltr'><em>τινες,</em></span> <span class='ocrx_word' id='word_1_129' title='bbox 548 1775 740 1846; x_wconf 61' lang='grc' dir='ltr'><strong><em>φησιν,</em></strong></span> <span class='ocrx_word' id='word_1_130' title='bbox 767 1775 984 1843; x_wconf 71' lang='grc' dir='ltr'><em>ἔλεγον</em></span> <span class='ocrx_word' id='word_1_131' title='bbox 1009 1772 1091 1839; x_wconf 86' lang='grc' dir='ltr'><em>τῷ</em></span> <span class='ocrx_word' id='word_1_132' title='bbox 1119 1768 1340 1837; x_wconf 77' lang='grc' dir='ltr'><em>Παύλῳ</em></span> <span class='ocrx_word' id='word_1_133' title='bbox 1375 1773 1475 1827; x_wconf 84' lang='grc' dir='ltr'><em>διὰ</em></span> <span class='ocrx_word' id='word_1_134' title='bbox 1504 1773 1609 1828; x_wconf 87' lang='grc' dir='ltr'><strong><em>τοῦ</em></strong></span> <span class='ocrx_word' id='word_1_135' title='bbox 1638 1774 1912 1843; x_wconf 79' lang='grc' dir='ltr'><em>Πνεῦμα-</em></span> 
     </span>
    </p>
   </div>
   <div class='ocr_carea' id='block_1_21' title="bbox 324 1863 1916 1937">
    <p class='ocr_par' dir='ltr' id='par_1_21' title="bbox 324 1863 1916 1937">
     <span class='ocr_line' id='line_1_21' title="bbox 324 1863 1916 1937; baseline -0.003 -16"><span class='ocrx_word' id='word_1_136' title='bbox 324 1885 462 1934; x_wconf 83' lang='grc' dir='ltr'><em>τος,</em></span> <span class='ocrx_word' id='word_1_137' title='bbox 513 1866 599 1937; x_wconf 76' lang='grc' dir='ltr'><em>μὴ</em></span> <span class='ocrx_word' id='word_1_138' title='bbox 646 1866 996 1921; x_wconf 86' lang='grc' dir='ltr'><em>ἀναϐαίνειν</em></span> <span class='ocrx_word' id='word_1_139' title='bbox 1037 1865 1126 1930; x_wconf 87' lang='grc' dir='ltr'><strong><em>εις</em></strong></span> <span class='ocrx_word' id='word_1_140' title='bbox 1199 1863 1621 1933; x_wconf 72' lang='grc' dir='ltr'><em>Ἰερουσαλήμ·</em></span> <span class='ocrx_word' id='word_1_141' title='bbox 1681 1864 1916 1933; x_wconf 78' lang='grc' dir='ltr'><em>’Δγαϐός</em></span> 
     </span>
    </p>
   </div>
   <div class='ocr_carea' id='block_1_22' title="bbox 324 1951 1915 2028">
    <p class='ocr_par' dir='ltr' id='par_1_22' title="bbox 324 1951 1915 2028">
     <span class='ocr_line' id='line_1_22' title="bbox 324 1951 1915 2028; baseline -0.003 -20"><span class='ocrx_word' id='word_1_142' title='bbox 324 1973 495 2028; x_wconf 71' lang='grc' dir='ltr'><strong><em>φησι·</em></strong></span> <span class='ocrx_word' id='word_1_143' title='bbox 535 1954 679 2010; x_wconf 76' lang='grc' dir='ltr'><em>Τάδε</em></span> <span class='ocrx_word' id='word_1_144' title='bbox 720 1951 885 2023; x_wconf 68' lang='grc' dir='ltr'><em>,λέγει</em></span> <span class='ocrx_word' id='word_1_145' title='bbox 930 1952 998 2007; x_wconf 88' lang='grc' dir='ltr'><em>τὸ</em></span> <span class='ocrx_word' id='word_1_146' title='bbox 1027 1953 1273 2022; x_wconf 84' lang='grc' dir='ltr'><strong><em>Πνεῦμα</em></strong></span> <span class='ocrx_word' id='word_1_147' title='bbox 1310 1951 1375 2007; x_wconf 87' lang='grc' dir='ltr'><em>τὸ</em></span> <span class='ocrx_word' id='word_1_148' title='bbox 1406 1952 1577 2022; x_wconf 85' lang='grc' dir='ltr'><em>ἅγιον</em></span> <span class='ocrx_word' id='word_1_149' title='bbox 1601 1992 1618 2017; x_wconf 85' lang='grc'><em>,</em></span> <span class='ocrx_word' id='word_1_150' title='bbox 1660 1954 1772 2007; x_wconf 83' lang='grc' dir='ltr'><strong><em>Τὸν</em></strong></span> <span class='ocrx_word' id='word_1_151' title='bbox 1808 1951 1915 2005; x_wconf 83' lang='grc' dir='ltr'><strong><em>ἇν-</em></strong></span> 
     </span>
    </p>
   </div>
   <div class='ocr_carea' id='block_1_23' title="bbox 323 2040 1916 2114">
    <p class='ocr_par' dir='ltr' id='par_1_23' title="bbox 323 2040 1916 2114">
     <span class='ocr_line' id='line_1_23' title="bbox 323 2040 1916 2114; baseline -0.003 -14"><span class='ocrx_word' id='word_1_152' title='bbox 323 2046 448 2114; x_wconf 78' lang='grc' dir='ltr'><strong><em>δρα</em></strong></span> <span class='ocrx_word' id='word_1_153' title='bbox 492 2040 563 2101; x_wconf 84' lang='grc' dir='ltr'><em>οὗ</em></span> <span class='ocrx_word' id='word_1_154' title='bbox 611 2044 780 2099; x_wconf 82' lang='grc' dir='ltr'><em>ἐστιν</em></span> <span class='ocrx_word' id='word_1_155' title='bbox 826 2044 866 2113; x_wconf 76' lang='grc' dir='ltr'><em>ἠ</em></span> <span class='ocrx_word' id='word_1_156' title='bbox 913 2041 1061 2111; x_wconf 60' lang='lat' dir='ltr'><strong><em>{tum</em></strong></span> <span class='ocrx_word' id='word_1_157' title='bbox 1099 2043 1252 2112; x_wconf 86' lang='grc' dir='ltr'><em>αὕτη</em></span> <span class='ocrx_word' id='word_1_158' title='bbox 1281 2061 1296 2075; x_wconf 80' lang='grc' dir='ltr'><strong><em>ο</em></strong></span> <span class='ocrx_word' id='word_1_159' title='bbox 1351 2042 1553 2114; x_wconf 78' lang='grc' dir='ltr'><em>ὁμοίως</em></span> <span class='ocrx_word' id='word_1_160' title='bbox 1600 2043 1734 2096; x_wconf 70' lang='grc' dir='ltr'><strong><em>ὡσεὶ</em></strong></span> <span class='ocrx_word' id='word_1_161' title='bbox 1763 2043 1916 2112; x_wconf 71' lang='grc' dir='ltr'><em>ἔλεγε</em></span> 
     </span>
    </p>
   </div>
   <div class='ocr_carea' id='block_1_24' title="bbox 326 2128 1915 2203">
    <p class='ocr_par' dir='ltr' id='par_1_24' title="bbox 326 2128 1915 2203">
     <span class='ocr_line' id='line_1_24' title="bbox 326 2128 1915 2203; baseline 0 -17"><span class='ocrx_word' id='word_1_162' title='bbox 326 2132 583 2196; x_wconf 80' lang='grc' dir='ltr'><strong><em>Παῦλος,</em></strong></span> <span class='ocrx_word' id='word_1_163' title='bbox 614 2134 681 2186; x_wconf 85' lang='lat' dir='ltr'><strong><em>El</em></strong></span> <span class='ocrx_word' id='word_1_164' title='bbox 727 2130 982 2200; x_wconf 78' lang='grc' dir='ltr'><em>δοκιμὴν</em></span> <span class='ocrx_word' id='word_1_165' title='bbox 1011 2128 1329 2199; x_wconf 76' lang='grc' dir='ltr'><em>ζητοῦντες</em></span> <span class='ocrx_word' id='word_1_166' title='bbox 1362 2131 1470 2185; x_wconf 88' lang='grc' dir='ltr'><strong><em>τοῦ</em></strong></span> <span class='ocrx_word' id='word_1_167' title='bbox 1516 2131 1589 2184; x_wconf 83' lang='grc' dir='ltr'><em>ἐν</em></span> <span class='ocrx_word' id='word_1_168' title='bbox 1639 2130 1771 2196; x_wconf 79' lang='grc' dir='ltr'><em>ἐμοὶ</em></span> <span class='ocrx_word' id='word_1_169' title='bbox 1803 2130 1915 2203; x_wconf 81' lang='grc'><em>(10)</em></span> 
     </span>
    </p>
   </div>
   <div class='ocr_carea' id='block_1_25' title="bbox 323 2206 1919 2294">
    <p class='ocr_par' dir='ltr' id='par_1_25' title="bbox 323 2206 1919 2294">
     <span class='ocr_line' id='line_1_25' title="bbox 323 2206 1919 2294; baseline -0.003 -14"><span class='ocrx_word' id='word_1_170' title='bbox 323 2224 673 2290; x_wconf 69' lang='grc' dir='ltr'><em>λαλοῦντος</em></span> <span class='ocrx_word' id='word_1_171' title='bbox 725 2224 917 2288; x_wconf 85' lang='grc' dir='ltr'><em>Θεοῦ;</em></span> <span class='ocrx_word' id='word_1_172' title='bbox 967 2222 1024 2294; x_wconf 75' lang='grc' dir='ltr'><strong><em>ἢ,</em></strong></span> <span class='ocrx_word' id='word_1_173' title='bbox 1078 2206 1496 2293; x_wconf 65' lang='grc' dir='ltr'><em>Πνημονεύετε</em></span> <span class='ocrx_word' id='word_1_174' title='bbox 1550 2222 1670 2276; x_wconf 87' lang='grc' dir='ltr'><strong><em>τῶν</em></strong></span> <span class='ocrx_word' id='word_1_175' title='bbox 1720 2223 1919 2293; x_wconf 75' lang='grc' dir='ltr'><em>λόγων</em></span> 
     </span>
    </p>
   </div>
   <div class='ocr_carea' id='block_1_26' title="bbox 324 2312 1920 2385">
    <p class='ocr_par' dir='ltr' id='par_1_26' title="bbox 324 2312 1920 2385">
     <span class='ocr_line' id='line_1_26' title="bbox 324 2312 1920 2385; baseline -0.003 -14"><span class='ocrx_word' id='word_1_176' title='bbox 324 2316 578 2385; x_wconf 78' lang='grc' dir='ltr'><em>Κυρίου,</em></span> <span class='ocrx_word' id='word_1_177' title='bbox 604 2315 691 2369; x_wconf 82' lang='grc' dir='ltr'><em>ὅτι</em></span> <span class='ocrx_word' id='word_1_178' title='bbox 710 2314 897 2381; x_wconf 83' lang='grc' dir='ltr'><em>αὐτὸς</em></span> <span class='ocrx_word' id='word_1_179' title='bbox 922 2315 1114 2378; x_wconf 74' lang='grc' dir='ltr'><em>εἶπεν,</em></span> <span class='ocrx_word' id='word_1_180' title='bbox 1143 2314 1401 2385; x_wconf 79' lang='grc' dir='ltr'><em>Ἀγαθὸν</em></span> <span class='ocrx_word' id='word_1_181' title='bbox 1426 2314 1657 2368; x_wconf 78' lang='grc' dir='ltr'><strong><em>διδόναι</em></strong></span> <span class='ocrx_word' id='word_1_182' title='bbox 1676 2312 1920 2384; x_wconf 72' lang='grc' dir='ltr'><em>μᾶλλον</em></span> 
     </span>
    </p>
   </div>
   <div class='ocr_carea' id='block_1_27' title="bbox 325 2404 1920 2477">
    <p class='ocr_par' dir='ltr' id='par_1_27' title="bbox 325 2404 1920 2477">
     <span class='ocr_line' id='line_1_27' title="bbox 325 2404 1920 2477; baseline -0.001 -17"><span class='ocrx_word' id='word_1_183' title='bbox 325 2407 367 2477; x_wconf 78' lang='grc' dir='ltr'><em>ἢ</em></span> <span class='ocrx_word' id='word_1_184' title='bbox 408 2406 756 2475; x_wconf 75' lang='grc' dir='ltr'><em>λαμϐάνειν.</em></span> <span class='ocrx_word' id='word_1_185' title='bbox 786 2437 858 2447; x_wconf 88' lang='lat'><strong>—</strong></span> <span class='ocrx_word' id='word_1_186' title='bbox 879 2405 991 2459; x_wconf 82' lang='lat' dir='ltr'><strong><em>Kal</em></strong></span> <span class='ocrx_word' id='word_1_187' title='bbox 1026 2404 1145 2459; x_wconf 89' lang='grc' dir='ltr'><strong><em>νῦν</em></strong></span> <span class='ocrx_word' id='word_1_188' title='bbox 1190 2405 1319 2459; x_wconf 73' lang='grc' dir='ltr'><em>ἰδοὺ</em></span> <span class='ocrx_word' id='word_1_189' title='bbox 1353 2406 1467 2475; x_wconf 81' lang='grc' dir='ltr'><strong><em>ἐγὼ</em></strong></span> <span class='ocrx_word' id='word_1_190' title='bbox 1499 2404 1817 2475; x_wconf 78' lang='grc' dir='ltr'><em>δεδεμένος</em></span> <span class='ocrx_word' id='word_1_191' title='bbox 1840 2404 1920 2472; x_wconf 81' lang='grc' dir='ltr'><em>τῷ</em></span> 
     </span>
    </p>
   </div>
   <div class='ocr_carea' id='block_1_28' title="bbox 324 2494 1920 2566">
    <p class='ocr_par' dir='ltr' id='par_1_28' title="bbox 324 2494 1920 2566">
     <span class='ocr_line' id='line_1_28' title="bbox 324 2494 1920 2566; baseline 0 -16"><span class='ocrx_word' id='word_1_192' title='bbox 324 2497 631 2566; x_wconf 76' lang='grc' dir='ltr'><em>Πνεῦματι</em></span> <span class='ocrx_word' id='word_1_193' title='bbox 667 2497 997 2565; x_wconf 71' lang='grc' dir='ltr'><em>πορεύομαι</em></span> <span class='ocrx_word' id='word_1_194' title='bbox 1022 2512 1037 2527; x_wconf 65' lang='grc' dir='ltr'>θ</span> <span class='ocrx_word' id='word_1_195' title='bbox 1070 2495 1147 2560; x_wconf 82' lang='grc' dir='ltr'><em>ὡς</em></span> <span class='ocrx_word' id='word_1_196' title='bbox 1181 2496 1325 2549; x_wconf 77' lang='grc' dir='ltr'><em>εἴποι</em></span> <span class='ocrx_word' id='word_1_197' title='bbox 1345 2536 1359 2560; x_wconf 94' lang='grc'><em>,</em></span> <span class='ocrx_word' id='word_1_198' title='bbox 1396 2496 1642 2563; x_wconf 74' lang='grc' dir='ltr'><em>Παῦλος</em></span> <span class='ocrx_word' id='word_1_199' title='bbox 1674 2494 1920 2565; x_wconf 84' lang='grc' dir='ltr'><em>δέσμιος</em></span> 
     </span>
    </p>
   </div>
   <div class='ocr_carea' id='block_1_29' title="bbox 336 2583 1920 2656">
    <p class='ocr_par' dir='ltr' id='par_1_29' title="bbox 336 2583 1920 2656">
     <span class='ocr_line' id='line_1_29' title="bbox 336 2583 1920 2656; baseline -0.001 -16"><span class='ocrx_word' id='word_1_200' title='bbox 336 2586 540 2654; x_wconf 81' lang='grc' dir='ltr'><em>Ἰησοῦ</em></span> <span class='ocrx_word' id='word_1_201' title='bbox 568 2584 850 2655; x_wconf 81' lang='grc' dir='ltr'><em>Χριστοῦ.</em></span> <span class='ocrx_word' id='word_1_202' title='bbox 882 2616 950 2627; x_wconf 92' lang='lat'><strong><em>—-</em></strong></span> <span class='ocrx_word' id='word_1_203' title='bbox 976 2583 1151 2653; x_wconf 70' lang='grc' dir='ltr'><em>Πλὴν</em></span> <span class='ocrx_word' id='word_1_204' title='bbox 1176 2584 1242 2639; x_wconf 79' lang='grc' dir='ltr'><em>τὸ</em></span> <span class='ocrx_word' id='word_1_205' title='bbox 1277 2585 1520 2656; x_wconf 86' lang='grc' dir='ltr'><em>Πνεῦμὰ</em></span> <span class='ocrx_word' id='word_1_206' title='bbox 1542 2602 1645 2655; x_wconf 81' lang='grc' dir='ltr'><strong><em>μοι</em></strong></span> <span class='ocrx_word' id='word_1_207' title='bbox 1676 2585 1920 2655; x_wconf 86' lang='grc' dir='ltr'><em>διαμαρ-</em></span> 
     </span>
    </p>
   </div>
   <div class='ocr_carea' id='block_1_30' title="bbox 326 2675 1921 2750">
    <p class='ocr_par' dir='ltr' id='par_1_30' title="bbox 326 2675 1921 2750">
     <span class='ocr_line' id='line_1_30' title="bbox 326 2675 1921 2750; baseline 0.001 -19"><span class='ocrx_word' id='word_1_208' title='bbox 326 2678 568 2747; x_wconf 74' lang='grc' dir='ltr'><em>τύρεται</em></span> <span class='ocrx_word' id='word_1_209' title='bbox 595 2678 749 2731; x_wconf 82' lang='grc' dir='ltr'><em>κατὰ</em></span> <span class='ocrx_word' id='word_1_210' title='bbox 772 2679 956 2731; x_wconf 73' lang='grc' dir='ltr'><em>πόλιν</em></span> <span class='ocrx_word' id='word_1_211' title='bbox 972 2675 1186 2746; x_wconf 66' lang='grc' dir='ltr'><em>λέγον*</em></span> <span class='ocrx_word' id='word_1_212' title='bbox 1226 2678 1412 2749; x_wconf 83' lang='grc' dir='ltr'><em>ὅμοιον</em></span> <span class='ocrx_word' id='word_1_213' title='bbox 1447 2677 1525 2750; x_wconf 81' lang='grc' dir='ltr'><em>τῷ</em></span> <span class='ocrx_word' id='word_1_214' title='bbox 1565 2681 1767 2745; x_wconf 73' lang='grc' dir='ltr'><em>εἰπεῖν,</em></span> <span class='ocrx_word' id='word_1_215' title='bbox 1806 2678 1921 2733; x_wconf 78' lang='grc' dir='ltr'><strong><em>Κύ-</em></strong></span> 
     </span>
    </p>
   </div>
   <div class='ocr_carea' id='block_1_31' title="bbox 318 2752 1922 2837">
    <p class='ocr_par' dir='ltr' id='par_1_31' title="bbox 318 2752 1922 2837">
     <span class='ocr_line' id='line_1_31' title="bbox 318 2752 1922 2837; baseline 0 -16"><span class='ocrx_word' id='word_1_216' title='bbox 318 2785 459 2835; x_wconf 83' lang='grc' dir='ltr'><em>ριος</em></span> <span class='ocrx_word' id='word_1_217' title='bbox 473 2766 766 2837; x_wconf 60' lang='grc' dir='ltr'><em>μαρτυρεῖ</em></span> <span class='ocrx_word' id='word_1_218' title='bbox 788 2765 864 2835; x_wconf 70' lang='grc' dir='ltr'><em>τῇ</em></span> <span class='ocrx_word' id='word_1_219' title='bbox 891 2765 1005 2836; x_wconf 74' lang='grc' dir='ltr'><strong><em>ἐμῇ</em></strong></span> <span class='ocrx_word' id='word_1_220' title='bbox 1033 2766 1208 2837; x_wconf 67' lang='grc' dir='ltr'><em>ψυχῇ</em></span> <span class='ocrx_word' id='word_1_221' title='bbox 1234 2767 1323 2821; x_wconf 87' lang='grc' dir='ltr'><em>ὅτι</em></span> <span class='ocrx_word' id='word_1_222' title='bbox 1355 2752 1426 2822; x_wconf 72' lang='grc' dir='ltr'><em>οὗ</em></span> <span class='ocrx_word' id='word_1_223' title='bbox 1457 2767 1779 2837; x_wconf 71' lang='grc' dir='ltr'><em>ψεύδομαι.</em></span> <span class='ocrx_word' id='word_1_224' title='bbox 1818 2770 1922 2822; x_wconf 84' lang='grc' dir='ltr'><strong><em>Ἔν</em></strong></span> 
     </span>
    </p>
   </div>
   <div class='ocr_carea' id='block_1_32' title="bbox 321 2857 1921 2931">
    <p class='ocr_par' dir='ltr' id='par_1_32' title="bbox 321 2857 1921 2931">
     <span class='ocr_line' id='line_1_32' title="bbox 321 2857 1921 2931; baseline -0.001 -18"><span class='ocrx_word' id='word_1_225' title='bbox 321 2858 583 2931; x_wconf 76' lang='grc' dir='ltr'><em>δυνάμει</em></span> <span class='ocrx_word' id='word_1_226' title='bbox 627 2858 781 2913; x_wconf 84' lang='grc' dir='ltr'><em>κατὰ</em></span> <span class='ocrx_word' id='word_1_227' title='bbox 809 2859 1055 2929; x_wconf 83' lang='grc' dir='ltr'><em>Πνεῦμα</em></span> <span class='ocrx_word' id='word_1_228' title='bbox 1085 2857 1451 2927; x_wconf 48' lang='grc' dir='ltr'><em>ἁγιωσύνης</em></span> <span class='ocrx_word' id='word_1_229' title='bbox 1487 2859 1671 2929; x_wconf 80' lang='grc' dir='ltr'><em>ὅμοιον</em></span> <span class='ocrx_word' id='word_1_230' title='bbox 1712 2861 1791 2929; x_wconf 89' lang='grc' dir='ltr'><em>τῷ</em></span> <span class='ocrx_word' id='word_1_231' title='bbox 1839 2860 1921 2912; x_wconf 81' lang='grc' dir='ltr'><em>ει-</em></span> 
     </span>
    </p>
   </div>
   <div class='ocr_carea' id='block_1_33' title="bbox 326 2947 1920 3020">
    <p class='ocr_par' dir='ltr' id='par_1_33' title="bbox 326 2947 1920 3020">
     <span class='ocr_line' id='line_1_33' title="bbox 326 2947 1920 3020; baseline -0.001 -18"><span class='ocrx_word' id='word_1_232' title='bbox 326 2951 457 3003; x_wconf 81' lang='grc' dir='ltr'><em>πεῖν</em></span> <span class='ocrx_word' id='word_1_233' title='bbox 475 2990 491 3013; x_wconf 84' lang='grc'><em>,</em></span> <span class='ocrx_word' id='word_1_234' title='bbox 526 2949 732 3019; x_wconf 71' lang='grc' dir='ltr'><em>Ἄγιος</em></span> <span class='ocrx_word' id='word_1_235' title='bbox 761 2951 797 3003; x_wconf 80' lang='grc' dir='ltr'><strong><em>ό</em></strong></span> <span class='ocrx_word' id='word_1_236' title='bbox 820 2948 894 3002; x_wconf 79' lang='grc' dir='ltr'><em>ἐν</em></span> <span class='ocrx_word' id='word_1_237' title='bbox 929 2947 1120 3018; x_wconf 75' lang='grc' dir='ltr'><em>ἁγίοις</em></span> <span class='ocrx_word' id='word_1_238' title='bbox 1146 2947 1607 3018; x_wconf 71' lang='grc' dir='ltr'><em>ἀναπαυόμενος</em></span> <span class='ocrx_word' id='word_1_239' title='bbox 1634 2949 1771 3020; x_wconf 85' lang='grc'><em>(11),</em></span> <span class='ocrx_word' id='word_1_240' title='bbox 1803 2949 1920 3013; x_wconf 69' lang='grc' dir='ltr'><strong><em>καὶ,</em></strong></span> 
     </span>
    </p>
   </div>
   <div class='ocr_carea' id='block_1_34' title="bbox 2015 490 3592 559">
    <p class='ocr_par' dir='ltr' id='par_1_34' title="bbox 2015 490 3592 559">
     <span class='ocr_line' id='line_1_34' title="bbox 2015 490 3592 559; baseline 0.002 -13"><span class='ocrx_word' id='word_1_241' title='bbox 2015 490 2150 546; x_wconf 82' lang='lat' dir='ltr'><strong><em>Ecce</em></strong></span> <span class='ocrx_word' id='word_1_242' title='bbox 2172 491 2324 544; x_wconf 87' lang='lat' dir='ltr'><strong><em>mitto</em></strong></span> <span class='ocrx_word' id='word_1_243' title='bbox 2349 506 2438 545; x_wconf 76' lang='lat' dir='ltr'><strong><em>vos</em></strong></span> <span class='ocrx_word' id='word_1_244' title='bbox 2460 490 2596 545; x_wconf 89' lang='lat' dir='ltr'><strong><em>sicut</em></strong></span> <span class='ocrx_word' id='word_1_245' title='bbox 2624 506 2741 544; x_wconf 76' lang='lat' dir='ltr'><strong><em>ores</em></strong></span> <span class='ocrx_word' id='word_1_246' title='bbox 2773 490 2829 543; x_wconf 90' lang='lat' dir='ltr'><strong><em>in</em></strong></span> <span class='ocrx_word' id='word_1_247' title='bbox 2849 490 3023 545; x_wconf 85' lang='lat' dir='ltr'><strong><em>medio</em></strong></span> <span class='ocrx_word' id='word_1_248' title='bbox 3072 490 3315 559; x_wconf 69' lang='lat' dir='ltr'><strong><em>luporum</em></strong></span> <span class='ocrx_word' id='word_1_249' title='bbox 3346 490 3387 547; x_wconf 83' lang='grc'><em>³.</em></span> <span class='ocrx_word' id='word_1_250' title='bbox 3421 491 3551 546; x_wconf 82' lang='lat' dir='ltr'><strong><em>Item</em></strong></span> <span class='ocrx_word' id='word_1_251' title='bbox 3576 508 3592 549; x_wconf 79' lang='grc' dir='ltr'><strong><em>ι</em></strong></span> 
     </span>
    </p>
   </div>
   <div class='ocr_carea' id='block_1_35' title="bbox 2026 579 3594 651">
    <p class='ocr_par' dir='ltr' id='par_1_35' title="bbox 2026 579 3594 651">
     <span class='ocr_line' id='line_1_35' title="bbox 2026 579 3594 651; baseline 0.001 -15"><span class='ocrx_word' id='word_1_252' title='bbox 2026 581 2207 637; x_wconf 84' lang='lat' dir='ltr'><strong><em>Visum</em></strong></span> <span class='ocrx_word' id='word_1_253' title='bbox 2238 592 2317 637; x_wconf 86' lang='lat' dir='ltr'><strong><em>est</em></strong></span> <span class='ocrx_word' id='word_1_254' title='bbox 2349 581 2575 651; x_wconf 75' lang='lat' dir='ltr'><strong><em>Spiritui</em></strong></span> <span class='ocrx_word' id='word_1_255' title='bbox 2606 590 2792 635; x_wconf 89' lang='lat' dir='ltr'><strong><em>sancto</em></strong></span> <span class='ocrx_word' id='word_1_256' title='bbox 2820 580 2951 634; x_wconf 87' lang='lat' dir='ltr'><strong><em>nihil</em></strong></span> <span class='ocrx_word' id='word_1_257' title='bbox 2988 581 3138 635; x_wconf 71' lang='lat' dir='ltr'><strong><em>aliud</em></strong></span> <span class='ocrx_word' id='word_1_258' title='bbox 3165 583 3428 651; x_wconf 67' lang='lat' dir='ltr'><strong><em>imponere</em></strong></span> <span class='ocrx_word' id='word_1_259' title='bbox 3450 579 3594 637; x_wconf 73' lang='lat' dir='ltr'><strong><em>vobis</em></strong></span> 
     </span>
    </p>
   </div>
   <div class='ocr_carea' id='block_1_36' title="bbox 2014 670 3594 743">
    <p class='ocr_par' dir='ltr' id='par_1_36' title="bbox 2014 670 3594 743">
     <span class='ocr_line' id='line_1_36' title="bbox 2014 670 3594 743; baseline -0.002 -15"><span class='ocrx_word' id='word_1_260' title='bbox 2014 674 2187 735; x_wconf 86' lang='lat' dir='ltr'><strong><em>oneris</em></strong></span> <span class='ocrx_word' id='word_1_261' title='bbox 2232 684 2423 743; x_wconf 68' lang='lat' dir='ltr'><strong><em>praeter</em></strong></span> <span class='ocrx_word' id='word_1_262' title='bbox 2467 672 2578 727; x_wconf 65' lang='lat' dir='ltr'><strong><em>hac</em></strong></span> <span class='ocrx_word' id='word_1_263' title='bbox 2629 672 2926 727; x_wconf 84' lang='lat' dir='ltr'><strong><em>necessaria</em></strong></span> <span class='ocrx_word' id='word_1_264' title='bbox 2976 670 3019 725; x_wconf 77' lang='grc'><em>⁸.</em></span> <span class='ocrx_word' id='word_1_265' title='bbox 3069 670 3206 726; x_wconf 85' lang='lat' dir='ltr'><strong><em>Cum</em></strong></span> <span class='ocrx_word' id='word_1_266' title='bbox 3246 687 3356 742; x_wconf 92' lang='lat' dir='ltr'><strong><em>quo</em></strong></span> <span class='ocrx_word' id='word_1_267' title='bbox 3403 672 3594 728; x_wconf 88' lang='lat' dir='ltr'><strong><em>eodem</em></strong></span> 
     </span>
    </p>
   </div>
   <div class='ocr_carea' id='block_1_37' title="bbox 2016 762 3592 833">
    <p class='ocr_par' dir='ltr' id='par_1_37' title="bbox 2016 762 3592 833">
     <span class='ocr_line' id='line_1_37' title="bbox 2016 762 3592 833; baseline 0.001 -18"><span class='ocrx_word' id='word_1_268' title='bbox 2016 762 2161 817; x_wconf 87' lang='lat' dir='ltr'><strong><em>istud</em></strong></span> <span class='ocrx_word' id='word_1_269' title='bbox 2196 763 2391 817; x_wconf 85' lang='lat' dir='ltr'><strong><em>recidit</em></strong></span> <span class='ocrx_word' id='word_1_270' title='bbox 2423 781 2436 817; x_wconf 90' lang='lat'>:</span> <span class='ocrx_word' id='word_1_271' title='bbox 2490 762 2623 817; x_wconf 88' lang='lat' dir='ltr'><strong><em>Dico</em></strong></span> <span class='ocrx_word' id='word_1_272' title='bbox 2689 772 2865 816; x_wconf 85' lang='lat' dir='ltr'><strong><em>autem</em></strong></span> <span class='ocrx_word' id='word_1_273' title='bbox 2897 779 3000 816; x_wconf 90' lang='lat' dir='ltr'><strong><em>non</em></strong></span> <span class='ocrx_word' id='word_1_274' title='bbox 3035 778 3152 833; x_wconf 75' lang='lat' dir='ltr'><strong><em>ego,</em></strong></span> <span class='ocrx_word' id='word_1_275' title='bbox 3194 762 3284 816; x_wconf 76' lang='lat' dir='ltr'><strong><em>sed</em></strong></span> <span class='ocrx_word' id='word_1_276' title='bbox 3317 763 3592 824; x_wconf 77' lang='lat' dir='ltr'><strong><em>Dominus.</em></strong></span> 
     </span>
    </p>
   </div>
   <div class='ocr_carea' id='block_1_38' title="bbox 2013 853 3597 925">
    <p class='ocr_par' dir='ltr' id='par_1_38' title="bbox 2013 853 3597 925">
     <span class='ocr_line' id='line_1_38' title="bbox 2013 853 3597 925; baseline -0.002 -14"><span class='ocrx_word' id='word_1_277' title='bbox 2013 874 2232 911; x_wconf 73' lang='lat' dir='ltr'><strong><em>uxorem</em></strong></span> <span class='ocrx_word' id='word_1_278' title='bbox 2267 857 2331 910; x_wconf 93' lang='lat' dir='ltr'><strong><em>ab</em></strong></span> <span class='ocrx_word' id='word_1_279' title='bbox 2372 856 2578 911; x_wconf 88' lang='lat' dir='ltr'><strong><em>homine</em></strong></span> <span class='ocrx_word' id='word_1_280' title='bbox 2604 872 2711 909; x_wconf 87' lang='lat' dir='ltr'><strong><em>non</em></strong></span> <span class='ocrx_word' id='word_1_281' title='bbox 2759 856 3066 923; x_wconf 71' lang='lat' dir='ltr'><strong><em>separari’.</em></strong></span> <span class='ocrx_word' id='word_1_282' title='bbox 3121 854 3292 910; x_wconf 82' lang='lat' dir='ltr'><strong><em>Item:</em></strong></span> <span class='ocrx_word' id='word_1_283' title='bbox 3332 853 3597 925; x_wconf 78' lang='lat' dir='ltr'><strong><em>Peragru~</em></strong></span> 
     </span>
    </p>
   </div>
   <div class='ocr_carea' id='block_1_39' title="bbox 2016 945 3597 1018">
    <p class='ocr_par' dir='ltr' id='par_1_39' title="bbox 2016 945 3597 1018">
     <span class='ocr_line' id='line_1_39' title="bbox 2016 945 3597 1018; baseline -0.001 -15"><span class='ocrx_word' id='word_1_284' title='bbox 2016 959 2138 1003; x_wconf 88' lang='lat' dir='ltr'><strong><em>runt</em></strong></span> <span class='ocrx_word' id='word_1_285' title='bbox 2169 965 2288 1003; x_wconf 86' lang='lat' dir='ltr'><strong><em>vero</em></strong></span> <span class='ocrx_word' id='word_1_286' title='bbox 2320 947 2609 1018; x_wconf 74' lang='lat' dir='ltr'><strong><em>Phrygiam</em></strong></span> <span class='ocrx_word' id='word_1_287' title='bbox 2643 957 2693 1000; x_wconf 89' lang='lat' dir='ltr'><strong><em>et</em></strong></span> <span class='ocrx_word' id='word_1_288' title='bbox 2732 945 2962 1000; x_wconf 77' lang='lat' dir='ltr'><strong><em>Galatia:</em></strong></span> <span class='ocrx_word' id='word_1_289' title='bbox 2990 955 3239 1012; x_wconf 74' lang='lat' dir='ltr'><strong><em>tractum,</em></strong></span> <span class='ocrx_word' id='word_1_290' title='bbox 3269 946 3522 1014; x_wconf 70' lang='lat' dir='ltr'><strong><em>prohibiti</em></strong></span> <span class='ocrx_word' id='word_1_291' title='bbox 3558 964 3597 1002; x_wconf 68' lang='grc' dir='ltr'>ι</span> 
     </span>
    </p>
   </div>
   <div class='ocr_carea' id='block_1_40' title="bbox 2016 1036 3591 1109">
    <p class='ocr_par' dir='ltr' id='par_1_40' title="bbox 2016 1036 3591 1109">
     <span class='ocr_line' id='line_1_40' title="bbox 2016 1036 3591 1109; baseline -0.001 -15"><span class='ocrx_word' id='word_1_292' title='bbox 2016 1040 2224 1109; x_wconf 88' lang='lat' dir='ltr'><strong><em>Spiritu</em></strong></span> <span class='ocrx_word' id='word_1_293' title='bbox 2261 1049 2447 1093; x_wconf 86' lang='lat' dir='ltr'><strong><em>sancto</em></strong></span> <span class='ocrx_word' id='word_1_294' title='bbox 2488 1038 2781 1107; x_wconf 80' lang='lat' dir='ltr'><strong><em>prtvdicare</em></strong></span> <span class='ocrx_word' id='word_1_295' title='bbox 2813 1036 3023 1092; x_wconf 77' lang='lat' dir='ltr'><strong><em>verbum</em></strong></span> <span class='ocrx_word' id='word_1_296' title='bbox 3064 1039 3116 1091; x_wconf 91' lang='lat' dir='ltr'><strong><em>in</em></strong></span> <span class='ocrx_word' id='word_1_297' title='bbox 3146 1038 3298 1091; x_wconf 80' lang='lat' dir='ltr'><strong><em>Asia.</em></strong></span> <span class='ocrx_word' id='word_1_298' title='bbox 3329 1036 3465 1093; x_wconf 86' lang='lat' dir='ltr'><strong><em>Cum</em></strong></span> <span class='ocrx_word' id='word_1_299' title='bbox 3493 1052 3591 1092; x_wconf 57' lang='lat' dir='ltr'><strong><em>auo</em></strong></span> 
     </span>
    </p>
   </div>
   <div class='ocr_carea' id='block_1_41' title="bbox 2018 1127 3596 1201">
    <p class='ocr_par' dir='ltr' id='par_1_41' title="bbox 2018 1127 3596 1201">
     <span class='ocr_line' id='line_1_41' title="bbox 2018 1127 3596 1201; baseline -0.003 -16"><span class='ocrx_word' id='word_1_300' title='bbox 2018 1142 2118 1186; x_wconf 86' lang='lat' dir='ltr'><strong><em>tem</em></strong></span> <span class='ocrx_word' id='word_1_301' title='bbox 2160 1131 2516 1201; x_wconf 75' lang='lat' dir='ltr'><strong><em>pervenissent</em></strong></span> <span class='ocrx_word' id='word_1_302' title='bbox 2563 1130 2619 1182; x_wconf 89' lang='lat' dir='ltr'><strong><em>in</em></strong></span> <span class='ocrx_word' id='word_1_303' title='bbox 2657 1127 2911 1198; x_wconf 76' lang='lat' dir='ltr'><strong><em>Mysiam,</em></strong></span> <span class='ocrx_word' id='word_1_304' title='bbox 2962 1128 3300 1184; x_wconf 86' lang='lat' dir='ltr'><strong><em>conabantur.</em></strong></span> <span class='ocrx_word' id='word_1_305' title='bbox 3320 1130 3375 1181; x_wconf 86' lang='lat' dir='ltr'><strong><em>in</em></strong></span> <span class='ocrx_word' id='word_1_306' title='bbox 3412 1127 3596 1199; x_wconf 74' lang='lat' dir='ltr'><strong><em>Bithy-</em></strong></span> 
     </span>
    </p>
   </div>
   <div class='ocr_carea' id='block_1_42' title="bbox 2016 1218 3591 1291">
    <p class='ocr_par' dir='ltr' id='par_1_42' title="bbox 2016 1218 3591 1291">
     <span class='ocr_line' id='line_1_42' title="bbox 2016 1218 3591 1291; baseline -0.002 -13"><span class='ocrx_word' id='word_1_307' title='bbox 2016 1225 2163 1279; x_wconf 88' lang='lat' dir='ltr'><strong><em>niam</em></strong></span> <span class='ocrx_word' id='word_1_308' title='bbox 2190 1222 2456 1291; x_wconf 83' lang='lat' dir='ltr'><strong><em>proﬁcisci</em></strong></span> <span class='ocrx_word' id='word_1_309' title='bbox 2480 1237 2498 1276; x_wconf 85' lang='lat'><strong><em>.&#39;</em></strong></span> <span class='ocrx_word' id='word_1_310' title='bbox 2527 1236 2689 1291; x_wconf 87' lang='lat' dir='ltr'><strong><em>neque</em></strong></span> <span class='ocrx_word' id='word_1_311' title='bbox 2716 1220 2836 1274; x_wconf 79' lang='lat' dir='ltr'><strong><em>sivit</em></strong></span> <span class='ocrx_word' id='word_1_312' title='bbox 2888 1236 2975 1273; x_wconf 85' lang='lat' dir='ltr'><strong><em>eos</em></strong></span> <span class='ocrx_word' id='word_1_313' title='bbox 3024 1218 3258 1288; x_wconf 86' lang='lat' dir='ltr'><strong><em>Spiritus</em></strong></span> <span class='ocrx_word' id='word_1_314' title='bbox 3289 1230 3506 1275; x_wconf 86' lang='lat' dir='ltr'><strong><em>sanctus</em></strong></span> <span class='ocrx_word' id='word_1_315' title='bbox 3531 1222 3591 1286; x_wconf 82' lang='lat'><strong><em>‘;</em></strong></span> 
     </span>
    </p>
   </div>
   <div class='ocr_carea' id='block_1_43' title="bbox 2018 1310 3595 1387">
    <p class='ocr_par' dir='ltr' id='par_1_43' title="bbox 2018 1310 3595 1387">
     <span class='ocr_line' id='line_1_43' title="bbox 2018 1310 3595 1387; baseline -0.002 -19"><span class='ocrx_word' id='word_1_316' title='bbox 2018 1315 2242 1387; x_wconf 83' lang='lat' dir='ltr'><strong><em>perinde</em></strong></span> <span class='ocrx_word' id='word_1_317' title='bbox 2284 1330 2349 1370; x_wconf 82' lang='lat' dir='ltr'><strong><em>ac</em></strong></span> <span class='ocrx_word' id='word_1_318' title='bbox 2374 1313 2628 1367; x_wconf 76' lang='lat' dir='ltr'><strong><em>Christus</em></strong></span> <span class='ocrx_word' id='word_1_319' title='bbox 2660 1312 2797 1367; x_wconf 76' lang='lat' dir='ltr'><strong><em>dixit</em></strong></span> <span class='ocrx_word' id='word_1_320' title='bbox 2827 1331 2840 1365; x_wconf 89' lang='lat'><strong>:</strong></span> <span class='ocrx_word' id='word_1_321' title='bbox 2876 1310 3074 1366; x_wconf 79' lang='lat' dir='ltr'><strong><em>Euntes</em></strong></span> <span class='ocrx_word' id='word_1_322' title='bbox 3115 1311 3382 1381; x_wconf 73' lang='lat' dir='ltr'><strong><em>baptizata</em></strong></span> <span class='ocrx_word' id='word_1_323' title='bbox 3415 1328 3595 1367; x_wconf 81' lang='lat' dir='ltr'><strong><em>omnes</em></strong></span> 
     </span>
    </p>
   </div>
   <div class='ocr_carea' id='block_1_44' title="bbox 2011 1402 3598 1476">
    <p class='ocr_par' dir='ltr' id='par_1_44' title="bbox 2011 1402 3598 1476">
     <span class='ocr_line' id='line_1_44' title="bbox 2011 1402 3598 1476; baseline -0.003 -17"><span class='ocrx_word' id='word_1_324' title='bbox 2011 1415 2187 1476; x_wconf 80' lang='lat' dir='ltr'><strong><em>gentes</em></strong></span> <span class='ocrx_word' id='word_1_325' title='bbox 2213 1405 2254 1459; x_wconf 83' lang='lat'><strong><em>&#39;.</em></strong></span> <span class='ocrx_word' id='word_1_326' title='bbox 2297 1404 2478 1459; x_wconf 90' lang='lat' dir='ltr'><strong><em>Nolite</em></strong></span> <span class='ocrx_word' id='word_1_327' title='bbox 2532 1414 2745 1473; x_wconf 84' lang='lat' dir='ltr'><strong><em>portare</em></strong></span> <span class='ocrx_word' id='word_1_328' title='bbox 2789 1418 2969 1472; x_wconf 87' lang='lat' dir='ltr'><strong><em>peram</em></strong></span> <span class='ocrx_word' id='word_1_329' title='bbox 3008 1417 3170 1471; x_wconf 80' lang='lat' dir='ltr'><strong><em>neque</em></strong></span> <span class='ocrx_word' id='word_1_330' title='bbox 3209 1402 3409 1471; x_wconf 82' lang='lat' dir='ltr'><strong><em>virgam</em></strong></span> <span class='ocrx_word' id='word_1_331' title='bbox 3438 1418 3598 1471; x_wconf 80' lang='lat' dir='ltr'><strong><em>neque</em></strong></span> 
     </span>
    </p>
   </div>
   <div class='ocr_carea' id='block_1_45' title="bbox 2014 1492 3599 1564">
    <p class='ocr_par' dir='ltr' id='par_1_45' title="bbox 2014 1492 3599 1564">
     <span class='ocr_line' id='line_1_45' title="bbox 2014 1492 3599 1564; baseline -0.003 -14"><span class='ocrx_word' id='word_1_332' title='bbox 2014 1496 2381 1551; x_wconf 86' lang='lat' dir='ltr'><strong><em>calceamenta</em></strong></span> <span class='ocrx_word' id='word_1_333' title='bbox 2420 1496 2463 1550; x_wconf 83' lang='grc'><em>⁸.</em></span> <span class='ocrx_word' id='word_1_334' title='bbox 2508 1496 2638 1552; x_wconf 81' lang='lat' dir='ltr'><strong><em>Item</em></strong></span> <span class='ocrx_word' id='word_1_335' title='bbox 2684 1514 2697 1550; x_wconf 91' lang='lat'><strong>:</strong></span> <span class='ocrx_word' id='word_1_336' title='bbox 2738 1494 2845 1562; x_wconf 89' lang='lat' dir='ltr'><strong><em>Qui</em></strong></span> <span class='ocrx_word' id='word_1_337' title='bbox 2889 1494 3098 1564; x_wconf 84' lang='lat' dir='ltr'><strong><em>quidem</em></strong></span> <span class='ocrx_word' id='word_1_338' title='bbox 3139 1492 3314 1547; x_wconf 81' lang='lat' dir='ltr'><strong><em>Paulo</em></strong></span> <span class='ocrx_word' id='word_1_339' title='bbox 3355 1492 3599 1549; x_wconf 69' lang='lat' dir='ltr'><strong><em>dicebant</em></strong></span> 
     </span>
    </p>
   </div>
   <div class='ocr_carea' id='block_1_46' title="bbox 2014 1586 3597 1659">
    <p class='ocr_par' dir='ltr' id='par_1_46' title="bbox 2014 1586 3597 1659">
     <span class='ocr_line' id='line_1_46' title="bbox 2014 1586 3597 1659; baseline -0.001 -17"><span class='ocrx_word' id='word_1_340' title='bbox 2014 1605 2106 1659; x_wconf 91' lang='lat' dir='ltr'><strong><em>per</em></strong></span> <span class='ocrx_word' id='word_1_341' title='bbox 2127 1587 2407 1659; x_wconf 82' lang='lat' dir='ltr'><strong><em>Spiritum,</em></strong></span> <span class='ocrx_word' id='word_1_342' title='bbox 2441 1605 2503 1642; x_wconf 88' lang='lat' dir='ltr'><strong><em>ne</em></strong></span> <span class='ocrx_word' id='word_1_343' title='bbox 2534 1586 2838 1642; x_wconf 82' lang='lat' dir='ltr'><strong><em>ascenderet</em></strong></span> <span class='ocrx_word' id='word_1_344' title='bbox 2872 1586 3247 1657; x_wconf 82' lang='lat' dir='ltr'><strong><em>Hierosolyma</em></strong></span> <span class='ocrx_word' id='word_1_345' title='bbox 3266 1588 3288 1619; x_wconf 82' lang='lat'><strong>’</strong></span> <span class='ocrx_word' id='word_1_346' title='bbox 3314 1606 3329 1642; x_wconf 88' lang='lat'><strong>:</strong></span> <span class='ocrx_word' id='word_1_347' title='bbox 3358 1594 3413 1643; x_wconf 82' lang='lat' dir='ltr'><strong><em>et</em></strong></span> <span class='ocrx_word' id='word_1_348' title='bbox 3456 1587 3597 1659; x_wconf 73' lang='lat' dir='ltr'><strong><em>Aga-</em></strong></span> 
     </span>
    </p>
   </div>
   <div class='ocr_carea' id='block_1_47' title="bbox 2015 1677 3601 1747">
    <p class='ocr_par' dir='ltr' id='par_1_47' title="bbox 2015 1677 3601 1747">
     <span class='ocr_line' id='line_1_47' title="bbox 2015 1677 3601 1747; baseline -0.001 -12"><span class='ocrx_word' id='word_1_349' title='bbox 2015 1681 2159 1736; x_wconf 82' lang='lat' dir='ltr'><strong><em>bus:</em></strong></span> <span class='ocrx_word' id='word_1_350' title='bbox 2214 1679 2342 1734; x_wconf 73' lang='lat' dir='ltr'><strong><em>lla&#39;c</em></strong></span> <span class='ocrx_word' id='word_1_351' title='bbox 2394 1678 2526 1733; x_wconf 82' lang='lat' dir='ltr'><strong><em>dicit</em></strong></span> <span class='ocrx_word' id='word_1_352' title='bbox 2578 1677 2866 1747; x_wconf 85' lang='lat' dir='ltr'><strong><em>Spiritus:</em></strong></span> <span class='ocrx_word' id='word_1_353' title='bbox 2922 1677 3109 1732; x_wconf 83' lang='lat' dir='ltr'><strong><em>Virum</em></strong></span> <span class='ocrx_word' id='word_1_354' title='bbox 3153 1677 3309 1747; x_wconf 87' lang='lat' dir='ltr'><strong><em>cujus</em></strong></span> <span class='ocrx_word' id='word_1_355' title='bbox 3352 1686 3436 1735; x_wconf 87' lang='lat' dir='ltr'><strong><em>est</em></strong></span> <span class='ocrx_word' id='word_1_356' title='bbox 3486 1678 3601 1734; x_wconf 69' lang='lat' dir='ltr'><strong><em>hcc</em></strong></span> 
     </span>
    </p>
   </div>
   <div class='ocr_carea' id='block_1_48' title="bbox 2019 1768 3600 1839">
    <p class='ocr_par' dir='ltr' id='par_1_48' title="bbox 2019 1768 3600 1839">
     <span class='ocr_line' id='line_1_48' title="bbox 2019 1768 3600 1839; baseline -0.002 -13"><span class='ocrx_word' id='word_1_357' title='bbox 2019 1789 2154 1826; x_wconf 78' lang='lat' dir='ltr'><strong><em>zona</em></strong></span> <span class='ocrx_word' id='word_1_358' title='bbox 2189 1772 2254 1826; x_wconf 79' lang='lat'><strong><em>&quot;.</em></strong></span> <span class='ocrx_word' id='word_1_359' title='bbox 2295 1770 2395 1827; x_wconf 89' lang='lat' dir='ltr'><strong><em>Cui</em></strong></span> <span class='ocrx_word' id='word_1_360' title='bbox 2436 1770 2616 1827; x_wconf 78' lang='lat' dir='ltr'><strong><em>simile</em></strong></span> <span class='ocrx_word' id='word_1_361' title='bbox 2642 1780 2728 1825; x_wconf 92' lang='lat' dir='ltr'><strong><em>est</em></strong></span> <span class='ocrx_word' id='word_1_362' title='bbox 2763 1769 2895 1825; x_wconf 89' lang='lat' dir='ltr'><strong><em>illud</em></strong></span> <span class='ocrx_word' id='word_1_363' title='bbox 2938 1768 3185 1839; x_wconf 85' lang='lat' dir='ltr'><strong><em>Apostoli</em></strong></span> <span class='ocrx_word' id='word_1_364' title='bbox 3218 1787 3233 1823; x_wconf 89' lang='lat'><strong>:</strong></span> <span class='ocrx_word' id='word_1_365' title='bbox 3269 1769 3353 1823; x_wconf 81' lang='lat' dir='ltr'><strong><em>An</em></strong></span> <span class='ocrx_word' id='word_1_366' title='bbox 3393 1771 3600 1838; x_wconf 69' lang='lat' dir='ltr'><strong><em>experi-</em></strong></span> 
     </span>
    </p>
   </div>
   <div class='ocr_carea' id='block_1_49' title="bbox 2018 1858 3595 1933">
    <p class='ocr_par' dir='ltr' id='par_1_49' title="bbox 2018 1858 3595 1933">
     <span class='ocr_line' id='line_1_49' title="bbox 2018 1858 3595 1933; baseline -0.003 -16"><span class='ocrx_word' id='word_1_367' title='bbox 2018 1871 2250 1918; x_wconf 85' lang='lat' dir='ltr'><strong><em>mentum</em></strong></span> <span class='ocrx_word' id='word_1_368' title='bbox 2294 1862 2533 1933; x_wconf 76' lang='lat' dir='ltr'><strong><em>quceritis</em></strong></span> <span class='ocrx_word' id='word_1_369' title='bbox 2596 1861 2856 1932; x_wconf 72' lang='lat' dir='ltr'><strong><em>loquentis</em></strong></span> <span class='ocrx_word' id='word_1_370' title='bbox 2905 1861 2961 1915; x_wconf 88' lang='lat' dir='ltr'><strong><em>in</em></strong></span> <span class='ocrx_word' id='word_1_371' title='bbox 2987 1878 3065 1916; x_wconf 85' lang='lat' dir='ltr'><strong><em>me</em></strong></span> <span class='ocrx_word' id='word_1_372' title='bbox 3115 1858 3425 1916; x_wconf 74' lang='lat' dir='ltr'><strong><em>Christi“?</em></strong></span> <span class='ocrx_word' id='word_1_373' title='bbox 3461 1861 3595 1917; x_wconf 81' lang='lat' dir='ltr'><strong><em>vel:</em></strong></span> 
     </span>
    </p>
   </div>
   <div class='ocr_carea' id='block_1_50' title="bbox 2019 1952 3599 2024">
    <p class='ocr_par' dir='ltr' id='par_1_50' title="bbox 2019 1952 3599 2024">
     <span class='ocr_line' id='line_1_50' title="bbox 2019 1952 3599 2024; baseline 0.001 -16"><span class='ocrx_word' id='word_1_374' title='bbox 2019 1954 2334 2010; x_wconf 68' lang='lat' dir='ltr'><strong><em>Mementote</em></strong></span> <span class='ocrx_word' id='word_1_375' title='bbox 2382 1955 2657 2010; x_wconf 73' lang='lat' dir='ltr'><strong><em>uerborum</em></strong></span> <span class='ocrx_word' id='word_1_376' title='bbox 2704 1953 2940 2019; x_wconf 87' lang='lat' dir='ltr'><strong><em>Domini,</em></strong></span> <span class='ocrx_word' id='word_1_377' title='bbox 2970 1953 3223 2024; x_wconf 66' lang='lat' dir='ltr'><strong><em>quoniam</em></strong></span> <span class='ocrx_word' id='word_1_378' title='bbox 3265 1954 3376 2022; x_wconf 84' lang='lat' dir='ltr'><strong><em>ipse</em></strong></span> <span class='ocrx_word' id='word_1_379' title='bbox 3420 1952 3599 2009; x_wconf 70' lang='lat' dir='ltr'><strong><em>dixit:</em></strong></span> 
     </span>
    </p>
   </div>
   <div class='ocr_carea' id='block_1_51' title="bbox 2020 2040 3601 2111">
    <p class='ocr_par' dir='ltr' id='par_1_51' title="bbox 2020 2040 3601 2111">
     <span class='ocr_line' id='line_1_51' title="bbox 2020 2040 3601 2111; baseline 0.001 -16"><span class='ocrx_word' id='word_1_380' title='bbox 2020 2041 2215 2095; x_wconf 75' lang='lat' dir='ltr'><strong><em>Helius</em></strong></span> <span class='ocrx_word' id='word_1_381' title='bbox 2262 2051 2342 2096; x_wconf 89' lang='lat' dir='ltr'><strong><em>est</em></strong></span> <span class='ocrx_word' id='word_1_382' title='bbox 2382 2040 2532 2106; x_wconf 84' lang='lat' dir='ltr'><strong><em>dare,</em></strong></span> <span class='ocrx_word' id='word_1_383' title='bbox 2576 2058 2737 2111; x_wconf 90' lang='lat' dir='ltr'><strong><em>quam</em></strong></span> <span class='ocrx_word' id='word_1_384' title='bbox 2776 2042 3011 2111; x_wconf 87' lang='lat' dir='ltr'><strong><em>accipere</em></strong></span> <span class='ocrx_word' id='word_1_385' title='bbox 3034 2042 3098 2095; x_wconf 83' lang='grc'><strong><em>¹¹.</em></strong></span> <span class='ocrx_word' id='word_1_386' title='bbox 3136 2042 3311 2098; x_wconf 73' lang='lat' dir='ltr'><strong><em>Item:</em></strong></span> <span class='ocrx_word' id='word_1_387' title='bbox 3353 2042 3422 2097; x_wconf 88' lang='lat' dir='ltr'><strong><em>Et</em></strong></span> <span class='ocrx_word' id='word_1_388' title='bbox 3463 2059 3601 2098; x_wconf 77' lang='lat' dir='ltr'><strong><em>nunc</em></strong></span> 
     </span>
    </p>
   </div>
   <div class='ocr_carea' id='block_1_52' title="bbox 2018 2130 3599 2202">
    <p class='ocr_par' dir='ltr' id='par_1_52' title="bbox 2018 2130 3599 2202">
     <span class='ocr_line' id='line_1_52' title="bbox 2018 2130 3599 2202; baseline 0.003 -17"><span class='ocrx_word' id='word_1_389' title='bbox 2018 2148 2110 2202; x_wconf 87' lang='lat' dir='ltr'><strong><em>ego</em></strong></span> <span class='ocrx_word' id='word_1_390' title='bbox 2152 2130 2356 2202; x_wconf 87' lang='lat' dir='ltr'><strong><em>Spiritu</em></strong></span> <span class='ocrx_word' id='word_1_391' title='bbox 2398 2130 2654 2201; x_wconf 84' lang='lat' dir='ltr'><strong><em>alligatus</em></strong></span> <span class='ocrx_word' id='word_1_392' title='bbox 2686 2131 2814 2186; x_wconf 88' lang='lat' dir='ltr'><strong><em>abeo</em></strong></span> <span class='ocrx_word' id='word_1_393' title='bbox 2839 2130 2903 2185; x_wconf 79' lang='lat'><strong><em>“.</em></strong></span> <span class='ocrx_word' id='word_1_394' title='bbox 2943 2130 3112 2197; x_wconf 83' lang='lat' dir='ltr'><strong><em>Quasi</em></strong></span> <span class='ocrx_word' id='word_1_395' title='bbox 3153 2130 3338 2186; x_wconf 84' lang='lat' dir='ltr'><strong><em>dicat:</em></strong></span> <span class='ocrx_word' id='word_1_396' title='bbox 3397 2131 3599 2189; x_wconf 81' lang='lat' dir='ltr'><strong><em>Paulus</em></strong></span> 
     </span>
    </p>
   </div>
   <div class='ocr_carea' id='block_1_53' title="bbox 2019 2220 3600 2295">
    <p class='ocr_par' dir='ltr' id='par_1_53' title="bbox 2019 2220 3600 2295">
     <span class='ocr_line' id='line_1_53' title="bbox 2019 2220 3600 2295; baseline 0.003 -18"><span class='ocrx_word' id='word_1_397' title='bbox 2019 2226 2220 2278; x_wconf 81' lang='lat' dir='ltr'><strong><em>vinctus</em></strong></span> <span class='ocrx_word' id='word_1_398' title='bbox 2246 2222 2378 2278; x_wconf 70' lang='lat' dir='ltr'><strong><em>Iesu</em></strong></span> <span class='ocrx_word' id='word_1_399' title='bbox 2403 2222 2608 2279; x_wconf 77' lang='lat' dir='ltr'><strong><em>Christi</em></strong></span> <span class='ocrx_word' id='word_1_400' title='bbox 2639 2223 2703 2278; x_wconf 81' lang='lat'><strong><em>“.</em></strong></span> <span class='ocrx_word' id='word_1_401' title='bbox 2741 2222 2876 2279; x_wconf 87' lang='lat' dir='ltr'><strong><em>ltem</em></strong></span> <span class='ocrx_word' id='word_1_402' title='bbox 2902 2241 2916 2278; x_wconf 90' lang='lat'>:</span> <span class='ocrx_word' id='word_1_403' title='bbox 2963 2220 3336 2279; x_wconf 77' lang='lat' dir='ltr'><strong><em>Verumtamen</em></strong></span> <span class='ocrx_word' id='word_1_404' title='bbox 3366 2223 3600 2295; x_wconf 78' lang='lat' dir='ltr'><strong><em>Spiritus</em></strong></span> 
     </span>
    </p>
   </div>
   <div class='ocr_carea' id='block_1_54' title="bbox 2018 2310 3605 2383">
    <p class='ocr_par' dir='ltr' id='par_1_54' title="bbox 2018 2310 3605 2383">
     <span class='ocr_line' id='line_1_54' title="bbox 2018 2310 3605 2383; baseline 0 -15"><span class='ocrx_word' id='word_1_405' title='bbox 2018 2323 2348 2369; x_wconf 82' lang='lat' dir='ltr'><strong><em>contestatur</em></strong></span> <span class='ocrx_word' id='word_1_406' title='bbox 2376 2314 2504 2368; x_wconf 86' lang='lat' dir='ltr'><strong><em>mihi</em></strong></span> <span class='ocrx_word' id='word_1_407' title='bbox 2540 2328 2633 2383; x_wconf 86' lang='lat' dir='ltr'><strong><em>per</em></strong></span> <span class='ocrx_word' id='word_1_408' title='bbox 2663 2313 2817 2366; x_wconf 81' lang='lat' dir='ltr'><strong><em>urbes</em></strong></span> <span class='ocrx_word' id='word_1_409' title='bbox 2850 2310 3030 2367; x_wconf 82' lang='lat' dir='ltr'><strong><em>dicens</em></strong></span> <span class='ocrx_word' id='word_1_410' title='bbox 3058 2312 3124 2365; x_wconf 77' lang='lat'><strong><em>&quot;.</em></strong></span> <span class='ocrx_word' id='word_1_411' title='bbox 3152 2311 3479 2383; x_wconf 72' lang='lat' dir='ltr'><strong><em>Cuiusmodi</em></strong></span> <span class='ocrx_word' id='word_1_412' title='bbox 3518 2324 3605 2370; x_wconf 88' lang='lat' dir='ltr'><strong><em>est</em></strong></span> 
     </span>
    </p>
   </div>
   <div class='ocr_carea' id='block_1_55' title="bbox 2020 2403 3604 2475">
    <p class='ocr_par' dir='ltr' id='par_1_55' title="bbox 2020 2403 3604 2475">
     <span class='ocr_line' id='line_1_55' title="bbox 2020 2403 3604 2475; baseline -0.001 -12"><span class='ocrx_word' id='word_1_413' title='bbox 2020 2406 2154 2463; x_wconf 88' lang='lat' dir='ltr'><strong><em>illud</em></strong></span> <span class='ocrx_word' id='word_1_414' title='bbox 2181 2426 2195 2461; x_wconf 88' lang='lat'><strong>:</strong></span> <span class='ocrx_word' id='word_1_415' title='bbox 2225 2406 2484 2462; x_wconf 76' lang='lat' dir='ltr'><strong><em>Dominus</em></strong></span> <span class='ocrx_word' id='word_1_416' title='bbox 2516 2406 2665 2460; x_wconf 89' lang='lat' dir='ltr'><strong><em>testis</em></strong></span> <span class='ocrx_word' id='word_1_417' title='bbox 2692 2412 2771 2460; x_wconf 84' lang='lat' dir='ltr'><strong><em>est</em></strong></span> <span class='ocrx_word' id='word_1_418' title='bbox 2797 2405 2998 2459; x_wconf 76' lang='lat' dir='ltr'><strong><em>animle</em></strong></span> <span class='ocrx_word' id='word_1_419' title='bbox 3020 2419 3148 2459; x_wconf 82' lang='lat' dir='ltr'><strong><em>mete</em></strong></span> <span class='ocrx_word' id='word_1_420' title='bbox 3167 2403 3306 2475; x_wconf 82' lang='lat' dir='ltr'><strong><em>quod</em></strong></span> <span class='ocrx_word' id='word_1_421' title='bbox 3334 2421 3440 2460; x_wconf 87' lang='lat' dir='ltr'><strong><em>non</em></strong></span> <span class='ocrx_word' id='word_1_422' title='bbox 3458 2422 3604 2461; x_wconf 80' lang='lat' dir='ltr'><strong><em>men-</em></strong></span> 
     </span>
    </p>
   </div>
   <div class='ocr_carea' id='block_1_56' title="bbox 2021 2495 3603 2569">
    <p class='ocr_par' dir='ltr' id='par_1_56' title="bbox 2021 2495 3603 2569">
     <span class='ocr_line' id='line_1_56' title="bbox 2021 2495 3603 2569; baseline 0 -16"><span class='ocrx_word' id='word_1_423' title='bbox 2021 2501 2127 2554; x_wconf 87' lang='lat' dir='ltr'><strong><em>tior</em></strong></span> <span class='ocrx_word' id='word_1_424' title='bbox 2151 2500 2219 2553; x_wconf 84' lang='grc'><strong><em>¹⁶.</em></strong></span> <span class='ocrx_word' id='word_1_425' title='bbox 2260 2497 2327 2554; x_wconf 83' lang='grc' dir='ltr'><em>1η</em></span> <span class='ocrx_word' id='word_1_426' title='bbox 2372 2500 2562 2554; x_wconf 78' lang='lat' dir='ltr'><strong><em>uirtute</em></strong></span> <span class='ocrx_word' id='word_1_427' title='bbox 2600 2495 2888 2552; x_wconf 73' lang='lat' dir='ltr'><strong><em>secundum</em></strong></span> <span class='ocrx_word' id='word_1_428' title='bbox 2923 2495 3186 2567; x_wconf 87' lang='lat' dir='ltr'><strong><em>Spiritum</em></strong></span> <span class='ocrx_word' id='word_1_429' title='bbox 3211 2498 3603 2569; x_wconf 63' lang='lat' dir='ltr'><strong><em>sanctificatio-</em></strong></span> 
     </span>
    </p>
   </div>
   <div class='ocr_carea' id='block_1_57' title="bbox 2022 2587 3698 2660">
    <p class='ocr_par' dir='ltr' id='par_1_57' title="bbox 2022 2587 3698 2660">
     <span class='ocr_line' id='line_1_57' title="bbox 2022 2587 3698 2660; baseline 0 -15"><span class='ocrx_word' id='word_1_430' title='bbox 2022 2592 2106 2646; x_wconf 87' lang='lat' dir='ltr'><strong><em>nis</em></strong></span> <span class='ocrx_word' id='word_1_431' title='bbox 2134 2592 2176 2623; x_wconf 83' lang='lat'><strong>&quot;</strong></span> <span class='ocrx_word' id='word_1_432' title='bbox 2208 2609 2223 2646; x_wconf 89' lang='lat'><strong>:</strong></span> <span class='ocrx_word' id='word_1_433' title='bbox 2261 2590 2439 2647; x_wconf 83' lang='lat' dir='ltr'><strong><em>simile</em></strong></span> <span class='ocrx_word' id='word_1_434' title='bbox 2464 2598 2550 2646; x_wconf 89' lang='lat' dir='ltr'><strong><em>est</em></strong></span> <span class='ocrx_word' id='word_1_435' title='bbox 2586 2590 2714 2645; x_wconf 85' lang='lat' dir='ltr'><strong><em>huic</em></strong></span> <span class='ocrx_word' id='word_1_436' title='bbox 2744 2608 2759 2645; x_wconf 89' lang='lat'><strong>:</strong></span> <span class='ocrx_word' id='word_1_437' title='bbox 2794 2587 3027 2645; x_wconf 87' lang='lat' dir='ltr'><strong><em>Sanctus</em></strong></span> <span class='ocrx_word' id='word_1_438' title='bbox 3064 2590 3123 2644; x_wconf 91' lang='lat' dir='ltr'><strong><em>in</em></strong></span> <span class='ocrx_word' id='word_1_439' title='bbox 3158 2591 3361 2645; x_wconf 85' lang='lat' dir='ltr'><strong><em>sanctis</em></strong></span> <span class='ocrx_word' id='word_1_440' title='bbox 3399 2590 3605 2660; x_wconf 82' lang='lat' dir='ltr'><strong><em>requie-</em></strong></span> <span class='ocrx_word' id='word_1_441' title='bbox 3678 2612 3698 2631; x_wconf 79' lang='grc' dir='ltr'><strong><em>ο</em></strong></span> 
     </span>
    </p>
   </div>
   <div class='ocr_carea' id='block_1_58' title="bbox 2023 2679 3601 2752">
    <p class='ocr_par' dir='ltr' id='par_1_58' title="bbox 2023 2679 3601 2752">
     <span class='ocr_line' id='line_1_58' title="bbox 2023 2679 3601 2752; baseline -0.001 -14"><span class='ocrx_word' id='word_1_442' title='bbox 2023 2699 2170 2739; x_wconf 88' lang='lat' dir='ltr'><strong><em>scens</em></strong></span> <span class='ocrx_word' id='word_1_443' title='bbox 2196 2682 2263 2738; x_wconf 81' lang='lat'><strong><em>“.</em></strong></span> <span class='ocrx_word' id='word_1_444' title='bbox 2286 2682 2421 2738; x_wconf 90' lang='lat' dir='ltr'><strong><em>ltem</em></strong></span> <span class='ocrx_word' id='word_1_445' title='bbox 2448 2699 2462 2736; x_wconf 89' lang='lat'><strong>:</strong></span> <span class='ocrx_word' id='word_1_446' title='bbox 2500 2679 2852 2737; x_wconf 85' lang='lat' dir='ltr'><strong><em>Circumcisio</em></strong></span> <span class='ocrx_word' id='word_1_447' title='bbox 2877 2680 3059 2737; x_wconf 80' lang='lat' dir='ltr'><strong><em>cordis</em></strong></span> <span class='ocrx_word' id='word_1_448' title='bbox 3086 2682 3143 2737; x_wconf 87' lang='lat' dir='ltr'><strong><em>in</em></strong></span> <span class='ocrx_word' id='word_1_449' title='bbox 3168 2681 3375 2752; x_wconf 83' lang='lat' dir='ltr'><strong><em>Spiritu</em></strong></span> <span class='ocrx_word' id='word_1_450' title='bbox 3398 2684 3468 2741; x_wconf 83' lang='lat'><strong><em>&quot;.</em></strong></span> <span class='ocrx_word' id='word_1_451' title='bbox 3498 2682 3601 2740; x_wconf 88' lang='lat' dir='ltr'><strong><em>Cui</em></strong></span> 
     </span>
    </p>
   </div>
   <div class='ocr_carea' id='block_1_59' title="bbox 2023 2771 3605 2845">
    <p class='ocr_par' dir='ltr' id='par_1_59' title="bbox 2023 2771 3605 2845">
     <span class='ocr_line' id='line_1_59' title="bbox 2023 2771 3605 2845; baseline -0.001 -15"><span class='ocrx_word' id='word_1_452' title='bbox 2023 2772 2319 2845; x_wconf 81' lang='lat' dir='ltr'><strong><em>respondet</em></strong></span> <span class='ocrx_word' id='word_1_453' title='bbox 2351 2772 2524 2828; x_wconf 87' lang='lat' dir='ltr'><strong><em>illud:</em></strong></span> <span class='ocrx_word' id='word_1_454' title='bbox 2560 2771 2633 2826; x_wconf 85' lang='lat' dir='ltr'><strong><em>Et</em></strong></span> <span class='ocrx_word' id='word_1_455' title='bbox 2669 2772 3013 2827; x_wconf 85' lang='lat' dir='ltr'><strong><em>circumcisus</em></strong></span> <span class='ocrx_word' id='word_1_456' title='bbox 3052 2773 3457 2829; x_wconf 75' lang='lat' dir='ltr'><strong><em>circumcisione</em></strong></span> <span class='ocrx_word' id='word_1_457' title='bbox 3499 2790 3605 2829; x_wconf 84' lang='lat' dir='ltr'><strong><em>non</em></strong></span> 
     </span>
    </p>
   </div>
   <div class='ocr_carea' id='block_1_60' title="bbox 2025 2863 3609 2935">
    <p class='ocr_par' dir='ltr' id='par_1_60' title="bbox 2025 2863 3609 2935">
     <span class='ocr_line' id='line_1_60' title="bbox 2025 2863 3609 2935; baseline 0 -16"><span class='ocrx_word' id='word_1_458' title='bbox 2025 2882 2187 2920; x_wconf 88' lang='lat' dir='ltr'><strong><em>manu</em></strong></span> <span class='ocrx_word' id='word_1_459' title='bbox 2214 2865 2385 2935; x_wconf 77' lang='lat' dir='ltr'><strong><em>facta,</em></strong></span> <span class='ocrx_word' id='word_1_460' title='bbox 2416 2865 2471 2919; x_wconf 85' lang='lat' dir='ltr'><strong><em>in</em></strong></span> <span class='ocrx_word' id='word_1_461' title='bbox 2507 2863 2894 2931; x_wconf 69' lang='lat' dir='ltr'><strong><em>exspoliatione</em></strong></span> <span class='ocrx_word' id='word_1_462' title='bbox 2914 2865 3153 2932; x_wconf 85' lang='lat' dir='ltr'><strong><em>corporis</em></strong></span> <span class='ocrx_word' id='word_1_463' title='bbox 3173 2874 3529 2932; x_wconf 83' lang='lat' dir='ltr'><strong><em>peccatorum,</em></strong></span> <span class='ocrx_word' id='word_1_464' title='bbox 3548 2866 3609 2919; x_wconf 70' lang='lat' dir='ltr'><strong><em>in</em></strong></span> 
     </span>
    </p>
   </div>
   <div class='ocr_carea' id='block_1_61' title="bbox 2025 2953 3609 3025">
    <p class='ocr_par' dir='ltr' id='par_1_61' title="bbox 2025 2953 3609 3025">
     <span class='ocr_line' id='line_1_61' title="bbox 2025 2953 3609 3025; baseline -0.003 -13"><span class='ocrx_word' id='word_1_465' title='bbox 2025 2957 2425 3012; x_wconf 83' lang='lat' dir='ltr'><strong><em>circumcisione</em></strong></span> <span class='ocrx_word' id='word_1_466' title='bbox 2455 2954 2660 3011; x_wconf 85' lang='lat' dir='ltr'><strong><em>Christi</em></strong></span> <span class='ocrx_word' id='word_1_467' title='bbox 2684 2957 2752 3011; x_wconf 80' lang='lat'><strong><em>“.</em></strong></span> <span class='ocrx_word' id='word_1_468' title='bbox 2777 2953 2914 3009; x_wconf 84' lang='lat' dir='ltr'><strong><em>Illud</em></strong></span> <span class='ocrx_word' id='word_1_469' title='bbox 2943 2971 3073 3010; x_wconf 79' lang='lat' dir='ltr'><strong><em>vero</em></strong></span> <span class='ocrx_word' id='word_1_470' title='bbox 3100 2973 3113 3010; x_wconf 92' lang='lat'><strong>:</strong></span> <span class='ocrx_word' id='word_1_471' title='bbox 3155 2954 3215 3010; x_wconf 91' lang='lat' dir='ltr'><strong><em>Si</em></strong></span> <span class='ocrx_word' id='word_1_472' title='bbox 3240 2954 3471 3025; x_wconf 86' lang='lat' dir='ltr'><strong><em>Spiritus</em></strong></span> <span class='ocrx_word' id='word_1_473' title='bbox 3510 2954 3609 3010; x_wconf 84' lang='lat' dir='ltr'><strong><em>Dei</em></strong></span> 
     </span>
    </p>
   </div>
   <div class='ocr_carea' id='block_1_62' title="bbox 324 3039 1921 3127">
    <p class='ocr_par' dir='ltr' id='par_1_62' title="bbox 324 3039 1921 3110">
     <span class='ocr_line' id='line_1_62' title="bbox 324 3039 1921 3110; baseline 0.001 -16"><span class='ocrx_word' id='word_1_474' title='bbox 324 3040 770 3110; x_wconf 83' lang='grc' dir='ltr'><em>Περιετμήθητε</em></span> <span class='ocrx_word' id='word_1_475' title='bbox 794 3039 1081 3110; x_wconf 80' lang='grc' dir='ltr'><em>περιτομῇ</em></span> <span class='ocrx_word' id='word_1_476' title='bbox 1103 3040 1533 3110; x_wconf 78' lang='grc' dir='ltr'><em>ἀχεφοποιήτῳ</em></span> <span class='ocrx_word' id='word_1_477' title='bbox 1565 3040 1636 3094; x_wconf 85' lang='grc' dir='ltr'><em>ἐν</em></span> <span class='ocrx_word' id='word_1_478' title='bbox 1663 3041 1921 3095; x_wconf 74' lang='grc' dir='ltr'><em>ἀπεκδύ-</em></span> 
     </span>
    </p>
   </div>
   <div class='ocr_carea' id='block_1_63' title="bbox 2025 3039 3610 3127">
    <p class='ocr_par' dir='ltr' id='par_1_63' title="bbox 2025 3045 3610 3115">
     <span class='ocr_line' id='line_1_63' title="bbox 2025 3045 3610 3115; baseline -0.001 -12"><span class='ocrx_word' id='word_1_479' title='bbox 2025 3049 2231 3104; x_wconf 87' lang='lat' dir='ltr'><strong><em>habitat</em></strong></span> <span class='ocrx_word' id='word_1_480' title='bbox 2273 3049 2328 3103; x_wconf 85' lang='lat' dir='ltr'><strong><em>in</em></strong></span> <span class='ocrx_word' id='word_1_481' title='bbox 2356 3046 2501 3103; x_wconf 74' lang='lat' dir='ltr'><strong><em>vobis</em></strong></span> <span class='ocrx_word' id='word_1_482' title='bbox 2523 3048 2592 3113; x_wconf 82' lang='lat'><strong><em>“,</em></strong></span> <span class='ocrx_word' id='word_1_483' title='bbox 2624 3045 2753 3103; x_wconf 84' lang='lat' dir='ltr'><strong><em>huic</em></strong></span> <span class='ocrx_word' id='word_1_484' title='bbox 2791 3056 2874 3103; x_wconf 85' lang='lat' dir='ltr'><strong><em>est</em></strong></span> <span class='ocrx_word' id='word_1_485' title='bbox 2922 3045 3117 3102; x_wconf 80' lang='lat' dir='ltr'><strong><em>aliine:</em></strong></span> <span class='ocrx_word' id='word_1_486' title='bbox 3152 3046 3610 3115; x_wconf 72' lang='lat' dir='ltr'><strong><em>Quemadmodum</em></strong></span> 
     </span>
    </p>
   </div>
   <div class='ocr_carea' id='block_1_64' title="bbox 320 3130 1915 3202">
    <p class='ocr_par' dir='ltr' id='par_1_64' title="bbox 320 3130 1915 3202">
     <span class='ocr_line' id='line_1_64' title="bbox 320 3130 1915 3202; baseline 0.001 -17"><span class='ocrx_word' id='word_1_487' title='bbox 320 3147 431 3185; x_wconf 88' lang='grc' dir='ltr'><strong><em>σει</em></strong></span> <span class='ocrx_word' id='word_1_488' title='bbox 479 3131 591 3186; x_wconf 88' lang='grc' dir='ltr'><strong><em>τοῦ</em></strong></span> <span class='ocrx_word' id='word_1_489' title='bbox 640 3132 916 3201; x_wconf 82' lang='grc' dir='ltr'><em>σώματος</em></span> <span class='ocrx_word' id='word_1_490' title='bbox 970 3130 1092 3185; x_wconf 84' lang='grc' dir='ltr'><em>τῶν</em></span> <span class='ocrx_word' id='word_1_491' title='bbox 1139 3130 1474 3202; x_wconf 80' lang='grc' dir='ltr'><em>ἁμαρτιῶν,</em></span> <span class='ocrx_word' id='word_1_492' title='bbox 1526 3131 1595 3185; x_wconf 82' lang='grc' dir='ltr'><em>ἐν</em></span> <span class='ocrx_word' id='word_1_493' title='bbox 1626 3130 1915 3202; x_wconf 77' lang='grc' dir='ltr'><em>περιτομῇ</em></span> 
     </span>
    </p>
   </div>
   <div class='ocr_carea' id='block_1_65' title="bbox 324 3221 1919 3292">
    <p class='ocr_par' dir='ltr' id='par_1_65' title="bbox 324 3221 1919 3292">
     <span class='ocr_line' id='line_1_65' title="bbox 324 3221 1919 3292; baseline 0.001 -17"><span class='ocrx_word' id='word_1_494' title='bbox 324 3222 445 3276; x_wconf 77' lang='grc' dir='ltr'><strong><em>τοῦ</em></strong></span> <span class='ocrx_word' id='word_1_495' title='bbox 487 3222 767 3291; x_wconf 84' lang='grc' dir='ltr'><em>Χριστοῦ.</em></span> <span class='ocrx_word' id='word_1_496' title='bbox 810 3252 885 3263; x_wconf 91' lang='grc'><strong><em>-</em></strong></span> <span class='ocrx_word' id='word_1_497' title='bbox 936 3222 1121 3291; x_wconf 75' lang='grc' dir='ltr'><em>Εἵπερ</em></span> <span class='ocrx_word' id='word_1_498' title='bbox 1159 3221 1404 3292; x_wconf 88' lang='grc' dir='ltr'><em>Πνεῦμα</em></span> <span class='ocrx_word' id='word_1_499' title='bbox 1456 3222 1605 3277; x_wconf 86' lang='grc' dir='ltr'><em>Θεοῦ</em></span> <span class='ocrx_word' id='word_1_500' title='bbox 1649 3222 1801 3277; x_wconf 74' lang='grc' dir='ltr'><em>οἰκεῖ</em></span> <span class='ocrx_word' id='word_1_501' title='bbox 1848 3223 1919 3276; x_wconf 78' lang='grc' dir='ltr'><em>ἐν</em></span> 
     </span>
    </p>
   </div>
   <div class='ocr_carea' id='block_1_66' title="bbox 326 3309 1917 3383">
    <p class='ocr_par' dir='ltr' id='par_1_66' title="bbox 326 3309 1917 3383">
     <span class='ocr_line' id='line_1_66' title="bbox 326 3309 1917 3383; baseline -0.001 -17"><span class='ocrx_word' id='word_1_502' title='bbox 326 3311 509 3381; x_wconf 77' lang='grc' dir='ltr'><em>ὑμῖν·</em></span> <span class='ocrx_word' id='word_1_503' title='bbox 552 3313 739 3383; x_wconf 76' lang='grc' dir='ltr'><em>ὅμοιον</em></span> <span class='ocrx_word' id='word_1_504' title='bbox 765 3311 844 3382; x_wconf 79' lang='grc' dir='ltr'><em>τῷ</em></span> <span class='ocrx_word' id='word_1_505' title='bbox 864 3312 1040 3365; x_wconf 74' lang='grc' dir='ltr'><em>εἰπεῖν</em></span> <span class='ocrx_word' id='word_1_506' title='bbox 1059 3349 1075 3375; x_wconf 90' lang='grc'><em>,</em></span> <span class='ocrx_word' id='word_1_507' title='bbox 1115 3309 1320 3377; x_wconf 80' lang='grc' dir='ltr'><em>Καθὼς</em></span> <span class='ocrx_word' id='word_1_508' title='bbox 1361 3310 1606 3365; x_wconf 72' lang='grc' dir='ltr'><em>ἐλάϐετε</em></span> <span class='ocrx_word' id='word_1_509' title='bbox 1636 3310 1917 3380; x_wconf 83' lang='grc' dir='ltr'><em>Χριστὸν,</em></span> 
     </span>
    </p>
   </div>
   <div class='ocr_carea' id='block_1_67' title="bbox 328 3400 1921 3472">
    <p class='ocr_par' dir='ltr' id='par_1_67' title="bbox 328 3400 1921 3472">
     <span class='ocr_line' id='line_1_67' title="bbox 328 3400 1921 3472; baseline 0 -15"><span class='ocrx_word' id='word_1_510' title='bbox 328 3405 410 3457; x_wconf 83' lang='grc' dir='ltr'><em>ἐν</em></span> <span class='ocrx_word' id='word_1_511' title='bbox 451 3401 611 3467; x_wconf 82' lang='grc' dir='ltr'><em>αὑτῷ</em></span> <span class='ocrx_word' id='word_1_512' title='bbox 646 3401 1040 3471; x_wconf 69' lang='grc' dir='ltr'><em>περιπατεῖτε.</em></span> <span class='ocrx_word' id='word_1_513' title='bbox 1074 3404 1184 3457; x_wconf 72' lang='grc' dir='ltr'><strong><em>Καὶ</em></strong></span> <span class='ocrx_word' id='word_1_514' title='bbox 1210 3441 1223 3466; x_wconf 85' lang='grc'><strong><em>,</em></strong></span> <span class='ocrx_word' id='word_1_515' title='bbox 1257 3401 1502 3472; x_wconf 86' lang='grc' dir='ltr'><em>Πνεῦμα</em></span> <span class='ocrx_word' id='word_1_516' title='bbox 1528 3402 1750 3470; x_wconf 85' lang='grc' dir='ltr'><em>Κυρίου</em></span> <span class='ocrx_word' id='word_1_517' title='bbox 1784 3400 1921 3457; x_wconf 71' lang='grc' dir='ltr'><strong><em>ἐλάα</em></strong></span> 
     </span>
    </p>
   </div>
   <div class='ocr_carea' id='block_1_68' title="bbox 328 3491 1923 3563">
    <p class='ocr_par' dir='ltr' id='par_1_68' title="bbox 328 3491 1923 3563">
     <span class='ocr_line' id='line_1_68' title="bbox 328 3491 1923 3563; baseline 0 -16"><span class='ocrx_word' id='word_1_518' title='bbox 328 3497 534 3561; x_wconf 69' lang='grc' dir='ltr'><em>λησεν</em></span> <span class='ocrx_word' id='word_1_519' title='bbox 559 3493 631 3545; x_wconf 83' lang='grc' dir='ltr'><em>ἐν</em></span> <span class='ocrx_word' id='word_1_520' title='bbox 656 3491 791 3561; x_wconf 81' lang='grc' dir='ltr'><em>ἐμοί</em></span> <span class='ocrx_word' id='word_1_521' title='bbox 814 3511 825 3521; x_wconf 68' lang='grc' dir='ltr'><em>υ</em></span> <span class='ocrx_word' id='word_1_522' title='bbox 881 3492 998 3559; x_wconf 71' lang='grc' dir='ltr'><strong><em>καὶ,</em></strong></span> <span class='ocrx_word' id='word_1_523' title='bbox 1046 3493 1240 3563; x_wconf 81' lang='grc' dir='ltr'><em>Λόγος</em></span> <span class='ocrx_word' id='word_1_524' title='bbox 1260 3492 1446 3547; x_wconf 85' lang='grc' dir='ltr'><em>αὑτοῦ</em></span> <span class='ocrx_word' id='word_1_525' title='bbox 1469 3493 1538 3547; x_wconf 81' lang='grc' dir='ltr'><em>ὲν</em></span> <span class='ocrx_word' id='word_1_526' title='bbox 1564 3491 1644 3558; x_wconf 85' lang='grc' dir='ltr'><em>τῷ</em></span> <span class='ocrx_word' id='word_1_527' title='bbox 1669 3492 1923 3554; x_wconf 83' lang='grc' dir='ltr'><em>στόματί</em></span> 
     </span>
    </p>
   </div>
   <div class='ocr_carea' id='block_1_69' title="bbox 326 3583 1919 3654">
    <p class='ocr_par' dir='ltr' id='par_1_69' title="bbox 326 3583 1919 3654">
     <span class='ocr_line' id='line_1_69' title="bbox 326 3583 1919 3654; baseline 0 -16"><span class='ocrx_word' id='word_1_528' title='bbox 326 3602 475 3654; x_wconf 80' lang='grc' dir='ltr'><em>μου.</em></span> <span class='ocrx_word' id='word_1_529' title='bbox 508 3584 638 3650; x_wconf 72' lang='grc' dir='ltr'><strong><em>Καὶ,</em></strong></span> <span class='ocrx_word' id='word_1_530' title='bbox 684 3583 803 3652; x_wconf 78' lang='grc' dir='ltr'><em>Τὴν</em></span> <span class='ocrx_word' id='word_1_531' title='bbox 816 3584 1101 3654; x_wconf 72' lang='grc' dir='ltr'><em>ἀπαρχὴν</em></span> <span class='ocrx_word' id='word_1_532' title='bbox 1138 3583 1243 3639; x_wconf 84' lang='grc' dir='ltr'><strong><em>τοῦ</em></strong></span> <span class='ocrx_word' id='word_1_533' title='bbox 1275 3584 1622 3653; x_wconf 84' lang='grc' dir='ltr'><em>Πνεύματος</em></span> <span class='ocrx_word' id='word_1_534' title='bbox 1651 3583 1919 3652; x_wconf 75' lang='grc' dir='ltr'><em>ἔχοντεςο</em></span> 
     </span>
    </p>
   </div>
   <div class='ocr_carea' id='block_1_70' title="bbox 333 3674 1925 3747">
    <p class='ocr_par' dir='ltr' id='par_1_70' title="bbox 333 3674 1925 3747">
     <span class='ocr_line' id='line_1_70' title="bbox 333 3674 1925 3747; baseline 0 -18"><span class='ocrx_word' id='word_1_535' title='bbox 333 3676 529 3747; x_wconf 75' lang='grc' dir='ltr'><em>ὅμοιον</em></span> <span class='ocrx_word' id='word_1_536' title='bbox 673 3676 867 3740; x_wconf 75' lang='grc' dir='ltr'><em>εὶπείν,</em></span> <span class='ocrx_word' id='word_1_537' title='bbox 929 3675 1189 3746; x_wconf 73' lang='grc' dir='ltr'><em>Ἀπαρχὴ</em></span> <span class='ocrx_word' id='word_1_538' title='bbox 1226 3677 1502 3745; x_wconf 82' lang='grc' dir='ltr'><em>Χριστός.</em></span> <span class='ocrx_word' id='word_1_539' title='bbox 1559 3675 1725 3730; x_wconf 69' lang='grc' dir='ltr'><strong><em>Ἀλλ’</em></strong></span> <span class='ocrx_word' id='word_1_540' title='bbox 1775 3674 1925 3731; x_wconf 79' lang='grc' dir='ltr'><em>αὐτὸ</em></span> 
     </span>
    </p>
   </div>
   <div class='ocr_carea' id='block_1_71' title="bbox 335 3766 1926 3839">
    <p class='ocr_par' dir='ltr' id='par_1_71' title="bbox 335 3766 1926 3839">
     <span class='ocr_line' id='line_1_71' title="bbox 335 3766 1926 3839; baseline 0 -18"><span class='ocrx_word' id='word_1_541' title='bbox 335 3768 410 3821; x_wconf 79' lang='grc' dir='ltr'><em>τὸ</em></span> <span class='ocrx_word' id='word_1_542' title='bbox 441 3767 687 3837; x_wconf 84' lang='grc' dir='ltr'><em>Πνεῦμα</em></span> <span class='ocrx_word' id='word_1_543' title='bbox 724 3766 1232 3836; x_wconf 69' lang='grc' dir='ltr'><em>ὑπερεντυγχάνει</em></span> <span class='ocrx_word' id='word_1_544' title='bbox 1283 3766 1437 3836; x_wconf 77' lang='grc' dir='ltr'><strong><em>ὑπὲρ</em></strong></span> <span class='ocrx_word' id='word_1_545' title='bbox 1491 3766 1659 3837; x_wconf 78' lang='grc' dir='ltr'><em>ἡμῶν</em></span> <span class='ocrx_word' id='word_1_546' title='bbox 1680 3784 1695 3798; x_wconf 77' lang='grc' dir='ltr'><strong><em>ο</em></strong></span> <span class='ocrx_word' id='word_1_547' title='bbox 1739 3767 1926 3839; x_wconf 81' lang='grc' dir='ltr'><em>ὅμοιον</em></span> 
     </span>
    </p>
   </div>
   <div class='ocr_carea' id='block_1_72' title="bbox 333 3856 1928 3928">
    <p class='ocr_par' dir='ltr' id='par_1_72' title="bbox 333 3856 1928 3928">
     <span class='ocr_line' id='line_1_72' title="bbox 333 3856 1928 3928; baseline 0.002 -18"><span class='ocrx_word' id='word_1_548' title='bbox 333 3856 423 3928; x_wconf 74' lang='grc' dir='ltr'><em>τῷ</em></span> <span class='ocrx_word' id='word_1_549' title='bbox 457 3859 663 3923; x_wconf 76' lang='grc' dir='ltr'><em>εἰπεῖν,</em></span> <span class='ocrx_word' id='word_1_550' title='bbox 699 3859 800 3924; x_wconf 86' lang='grc' dir='ltr'><em>’ος</em></span> <span class='ocrx_word' id='word_1_551' title='bbox 830 3861 1004 3913; x_wconf 72' lang='grc' dir='ltr'><em>ἐστιν</em></span> <span class='ocrx_word' id='word_1_552' title='bbox 1042 3859 1114 3913; x_wconf 81' lang='grc' dir='ltr'><em>ἐν</em></span> <span class='ocrx_word' id='word_1_553' title='bbox 1143 3858 1315 3925; x_wconf 82' lang='grc' dir='ltr'><em>δεξιᾷ</em></span> <span class='ocrx_word' id='word_1_554' title='bbox 1364 3859 1470 3914; x_wconf 90' lang='grc' dir='ltr'><strong><em>τοῦ</em></strong></span> <span class='ocrx_word' id='word_1_555' title='bbox 1506 3858 1657 3915; x_wconf 82' lang='grc' dir='ltr'><em>Θεοῦ</em></span> <span class='ocrx_word' id='word_1_556' title='bbox 1677 3897 1696 3924; x_wconf 88' lang='lat'><strong><em>,</em></strong></span> <span class='ocrx_word' id='word_1_557' title='bbox 1728 3858 1799 3927; x_wconf 77' lang='grc' dir='ltr'><em>ὃς</em></span> <span class='ocrx_word' id='word_1_558' title='bbox 1829 3858 1928 3913; x_wconf 75' lang='grc' dir='ltr'><em>καὶ</em></span> 
     </span>
    </p>
   </div>
   <div class='ocr_carea' id='block_1_73' title="bbox 337 3951 1924 4024">
    <p class='ocr_par' dir='ltr' id='par_1_73' title="bbox 337 3951 1924 4024">
     <span class='ocr_line' id='line_1_73' title="bbox 337 3951 1924 4024; baseline 0.002 -20"><span class='ocrx_word' id='word_1_559' title='bbox 337 3951 700 4020; x_wconf 78' lang='grc' dir='ltr'><em>ἐντυγχάνει</em></span> <span class='ocrx_word' id='word_1_560' title='bbox 734 3952 887 4022; x_wconf 70' lang='grc' dir='ltr'><strong><em>ὑπὲρ</em></strong></span> <span class='ocrx_word' id='word_1_561' title='bbox 918 3953 1106 4024; x_wconf 74' lang='grc' dir='ltr'><em>ἡμῶν.</em></span> <span class='ocrx_word' id='word_1_562' title='bbox 1141 3982 1211 3995; x_wconf 88' lang='grc'><strong><em>-</em></strong></span> <span class='ocrx_word' id='word_1_563' title='bbox 1227 3953 1354 4008; x_wconf 84' lang='grc' dir='ltr'><strong><em>Ἵνα</em></strong></span> <span class='ocrx_word' id='word_1_564' title='bbox 1396 3952 1641 4023; x_wconf 81' lang='grc' dir='ltr'><em>γένηται</em></span> <span class='ocrx_word' id='word_1_565' title='bbox 1667 3953 1706 4021; x_wconf 82' lang='grc' dir='ltr'><strong><em>ἠ</em></strong></span> <span class='ocrx_word' id='word_1_566' title='bbox 1730 3968 1924 4023; x_wconf 74' lang='grc' dir='ltr'><em>προσ-</em></span> 
     </span>
    </p>
   </div>
   <div class='ocr_carea' id='block_1_74' title="bbox 338 4041 1929 4115">
    <p class='ocr_par' dir='ltr' id='par_1_74' title="bbox 338 4041 1929 4115">
     <span class='ocr_line' id='line_1_74' title="bbox 338 4041 1929 4115; baseline 0.002 -20"><span class='ocrx_word' id='word_1_567' title='bbox 338 4041 652 4112; x_wconf 61' lang='grc' dir='ltr'><em>φορὰτῶν</em></span> <span class='ocrx_word' id='word_1_568' title='bbox 690 4043 881 4100; x_wconf 76' lang='grc' dir='ltr'><em>ἐθνῶν</em></span> <span class='ocrx_word' id='word_1_569' title='bbox 935 4044 1420 4113; x_wconf 66' lang='grc' dir='ltr'><em>εὐπρόσδεκτος.</em></span> <span class='ocrx_word' id='word_1_570' title='bbox 1467 4042 1827 4115; x_wconf 82' lang='grc' dir='ltr'><em>ἁγιασθεῖσα</em></span> <span class='ocrx_word' id='word_1_571' title='bbox 1856 4043 1929 4098; x_wconf 75' lang='grc' dir='ltr'><em>ἐν</em></span> 
     </span>
    </p>
   </div>
   <div class='ocr_carea' id='block_1_75' title="bbox 339 4133 1932 4207">
    <p class='ocr_par' dir='ltr' id='par_1_75' title="bbox 339 4133 1932 4207">
     <span class='ocr_line' id='line_1_75' title="bbox 339 4133 1932 4207; baseline -0.001 -19"><span class='ocrx_word' id='word_1_572' title='bbox 339 4134 644 4203; x_wconf 78' lang='grc' dir='ltr'><em>Πνεῦματι</em></span> <span class='ocrx_word' id='word_1_573' title='bbox 686 4134 864 4205; x_wconf 78' lang='grc' dir='ltr'><em>ἀγίῳ’</em></span> <span class='ocrx_word' id='word_1_574' title='bbox 912 4136 1099 4207; x_wconf 80' lang='grc' dir='ltr'><em>ὅμοιον</em></span> <span class='ocrx_word' id='word_1_575' title='bbox 1137 4134 1215 4207; x_wconf 80' lang='grc' dir='ltr'><em>τῷ</em></span> <span class='ocrx_word' id='word_1_576' title='bbox 1254 4137 1449 4203; x_wconf 71' lang='grc' dir='ltr'><em>εἰπεῖν,</em></span> <span class='ocrx_word' id='word_1_577' title='bbox 1508 4134 1561 4187; x_wconf 91' lang='lat'><strong><em>&#39;0</em></strong></span> <span class='ocrx_word' id='word_1_578' title='bbox 1609 4133 1679 4187; x_wconf 82' lang='grc' dir='ltr'><em>δὲ</em></span> <span class='ocrx_word' id='word_1_579' title='bbox 1714 4134 1932 4203; x_wconf 82' lang='grc' dir='ltr'><em>Κύριος</em></span> 
     </span>
    </p>
   </div>
   <div class='ocr_carea' id='block_1_76' title="bbox 341 4225 1935 4300">
    <p class='ocr_par' dir='ltr' id='par_1_76' title="bbox 341 4225 1935 4300">
     <span class='ocr_line' id='line_1_76' title="bbox 341 4225 1935 4300; baseline 0.001 -20"><span class='ocrx_word' id='word_1_580' title='bbox 341 4226 563 4297; x_wconf 77' lang='grc' dir='ltr'><em>ἁγιάζει</em></span> <span class='ocrx_word' id='word_1_581' title='bbox 584 4227 742 4297; x_wconf 81' lang='grc' dir='ltr'><em>ὑμᾶς</em></span> <span class='ocrx_word' id='word_1_582' title='bbox 762 4268 777 4293; x_wconf 93' lang='grc'><strong>,</strong></span> <span class='ocrx_word' id='word_1_583' title='bbox 808 4229 910 4283; x_wconf 82' lang='grc' dir='ltr'><em>ἵνα</em></span> <span class='ocrx_word' id='word_1_584' title='bbox 931 4225 1039 4300; x_wconf 82' lang='grc' dir='ltr'><em>ἦτε</em></span> <span class='ocrx_word' id='word_1_585' title='bbox 1061 4228 1408 4298; x_wconf 72' lang='grc' dir='ltr'><em>εἰλικρινεῖς</em></span> <span class='ocrx_word' id='word_1_586' title='bbox 1429 4229 1526 4283; x_wconf 75' lang='grc' dir='ltr'><em>καὶ</em></span> <span class='ocrx_word' id='word_1_587' title='bbox 1552 4228 1935 4297; x_wconf 70' lang='grc' dir='ltr'><em>ἀπρόσκοποι</em></span> 
     </span>
    </p>
   </div>
   <div class='ocr_carea' id='block_1_77' title="bbox 341 4319 1936 4393">
    <p class='ocr_par' dir='ltr' id='par_1_77' title="bbox 341 4319 1936 4393">
     <span class='ocr_line' id='line_1_77' title="bbox 341 4319 1936 4393; baseline -0.006 -10"><span class='ocrx_word' id='word_1_588' title='bbox 341 4321 433 4383; x_wconf 79' lang='grc' dir='ltr'><em>εὶς</em></span> <span class='ocrx_word' id='word_1_589' title='bbox 475 4319 710 4389; x_wconf 70' lang='grc' dir='ltr'><em>ἡμέραν</em></span> <span class='ocrx_word' id='word_1_590' title='bbox 740 4322 1020 4389; x_wconf 65' lang='grc' dir='ltr'><em>Χριστοῦ.</em></span> <span class='ocrx_word' id='word_1_591' title='bbox 1053 4352 1121 4363; x_wconf 91' lang='grc'><strong><em>--</em></strong></span> <span class='ocrx_word' id='word_1_592' title='bbox 1163 4321 1329 4392; x_wconf 81' lang='grc' dir='ltr'><em>Ἡμῖν</em></span> <span class='ocrx_word' id='word_1_593' title='bbox 1371 4321 1442 4375; x_wconf 85' lang='grc' dir='ltr'><em>δὲ</em></span> <span class='ocrx_word' id='word_1_594' title='bbox 1485 4319 1936 4393; x_wconf 69' lang='grc' dir='ltr'><em>(1Ξ)ἀπεκὰ.ὶυ-</em></span> 
     </span>
    </p>
   </div>
   <div class='ocr_carea' id='block_1_78' title="bbox 2020 3137 3605 3209">
    <p class='ocr_par' dir='ltr' id='par_1_78' title="bbox 2020 3137 3605 3209">
     <span class='ocr_line' id='line_1_78' title="bbox 2020 3137 3605 3209; baseline -0.003 -13"><span class='ocrx_word' id='word_1_595' title='bbox 2020 3139 2292 3209; x_wconf 83' lang='lat' dir='ltr'><strong><em>accepistis</em></strong></span> <span class='ocrx_word' id='word_1_596' title='bbox 2315 3137 2610 3201; x_wconf 87' lang='lat' dir='ltr'><strong><em>Christum,</em></strong></span> <span class='ocrx_word' id='word_1_597' title='bbox 2634 3138 2686 3192; x_wconf 89' lang='lat' dir='ltr'><strong><em>in</em></strong></span> <span class='ocrx_word' id='word_1_598' title='bbox 2718 3139 2834 3209; x_wconf 88' lang='lat' dir='ltr'><strong><em>ipso</em></strong></span> <span class='ocrx_word' id='word_1_599' title='bbox 2862 3137 3132 3193; x_wconf 85' lang='lat' dir='ltr'><strong><em>ambulate</em></strong></span> <span class='ocrx_word' id='word_1_600' title='bbox 3150 3140 3218 3195; x_wconf 68' lang='grc' dir='ltr'><em>η.</em></span> <span class='ocrx_word' id='word_1_601' title='bbox 3250 3138 3339 3201; x_wconf 85' lang='grc' dir='ltr'><strong><em>Ει,</em></strong></span> <span class='ocrx_word' id='word_1_602' title='bbox 3374 3137 3605 3208; x_wconf 85' lang='lat' dir='ltr'><strong><em>Spiritus</em></strong></span> 
     </span>
    </p>
   </div>
   <div class='ocr_carea' id='block_1_79' title="bbox 2020 3228 3610 3299">
    <p class='ocr_par' dir='ltr' id='par_1_79' title="bbox 2020 3228 3610 3299">
     <span class='ocr_line' id='line_1_79' title="bbox 2020 3228 3610 3299; baseline -0.001 -13"><span class='ocrx_word' id='word_1_603' title='bbox 2020 3230 2236 3286; x_wconf 87' lang='lat' dir='ltr'><strong><em>Domini</em></strong></span> <span class='ocrx_word' id='word_1_604' title='bbox 2264 3228 2472 3285; x_wconf 89' lang='lat' dir='ltr'><strong><em>locutus</em></strong></span> <span class='ocrx_word' id='word_1_605' title='bbox 2496 3241 2576 3285; x_wconf 89' lang='lat' dir='ltr'><strong><em>est</em></strong></span> <span class='ocrx_word' id='word_1_606' title='bbox 2605 3229 2657 3283; x_wconf 91' lang='lat' dir='ltr'><strong><em>in</em></strong></span> <span class='ocrx_word' id='word_1_607' title='bbox 2688 3228 2867 3295; x_wconf 78' lang='lat' dir='ltr'><strong><em>me&quot;;</em></strong></span> <span class='ocrx_word' id='word_1_608' title='bbox 2913 3236 2991 3292; x_wconf 88' lang='lat' dir='ltr'><strong><em>et,</em></strong></span> <span class='ocrx_word' id='word_1_609' title='bbox 3028 3228 3251 3284; x_wconf 80' lang='lat' dir='ltr'><strong><em>Verbum</em></strong></span> <span class='ocrx_word' id='word_1_610' title='bbox 3285 3228 3402 3299; x_wconf 87' lang='lat' dir='ltr'><strong><em>ejus</em></strong></span> <span class='ocrx_word' id='word_1_611' title='bbox 3434 3230 3492 3285; x_wconf 88' lang='lat' dir='ltr'><strong><em>in</em></strong></span> <span class='ocrx_word' id='word_1_612' title='bbox 3519 3247 3610 3286; x_wconf 85' lang='lat' dir='ltr'><strong><em>ore</em></strong></span> 
     </span>
    </p>
   </div>
   <div class='ocr_carea' id='block_1_80' title="bbox 2020 3316 3611 3387">
    <p class='ocr_par' dir='ltr' id='par_1_80' title="bbox 2020 3316 3611 3387">
     <span class='ocr_line' id='line_1_80' title="bbox 2020 3316 3611 3387; baseline -0.001 -12"><span class='ocrx_word' id='word_1_613' title='bbox 2020 3337 2135 3375; x_wconf 88' lang='lat' dir='ltr'><strong><em>meo</em></strong></span> <span class='ocrx_word' id='word_1_614' title='bbox 2165 3319 2247 3387; x_wconf 58' lang='grc' dir='ltr'><strong><em>ἰς</em></strong></span> <span class='ocrx_word' id='word_1_615' title='bbox 2281 3320 2407 3374; x_wconf 88' lang='lat' dir='ltr'><strong><em>item</em></strong></span> <span class='ocrx_word' id='word_1_616' title='bbox 2434 3337 2450 3374; x_wconf 89' lang='lat'><strong>:</strong></span> <span class='ocrx_word' id='word_1_617' title='bbox 2477 3317 2759 3373; x_wconf 85' lang='lat' dir='ltr'><strong><em>Primitias</em></strong></span> <span class='ocrx_word' id='word_1_618' title='bbox 2783 3317 3018 3387; x_wconf 79' lang='lat' dir='ltr'><strong><em>Spiritus</em></strong></span> <span class='ocrx_word' id='word_1_619' title='bbox 3034 3316 3284 3373; x_wconf 78' lang='lat' dir='ltr'><strong><em>habentes</em></strong></span> <span class='ocrx_word' id='word_1_620' title='bbox 3297 3319 3366 3382; x_wconf 83' lang='grc'><strong><em>³⁸,</em></strong></span> <span class='ocrx_word' id='word_1_621' title='bbox 3384 3318 3450 3372; x_wconf 80' lang='lat' dir='ltr'><strong><em>ad</em></strong></span> <span class='ocrx_word' id='word_1_622' title='bbox 3477 3318 3611 3374; x_wconf 87' lang='lat' dir='ltr'><strong><em>illud</em></strong></span> 
     </span>
    </p>
   </div>
   <div class='ocr_carea' id='block_1_81' title="bbox 2022 3407 3612 3480">
    <p class='ocr_par' dir='ltr' id='par_1_81' title="bbox 2022 3407 3612 3480">
     <span class='ocr_line' id='line_1_81' title="bbox 2022 3407 3612 3480; baseline 0 -15"><span class='ocrx_word' id='word_1_623' title='bbox 2022 3410 2236 3467; x_wconf 82' lang='lat' dir='ltr'><strong><em>accedit</em></strong></span> <span class='ocrx_word' id='word_1_624' title='bbox 2276 3427 2289 3463; x_wconf 92' lang='lat'><strong>:</strong></span> <span class='ocrx_word' id='word_1_625' title='bbox 2346 3408 2612 3464; x_wconf 81' lang='lat' dir='ltr'><strong><em>Primitia:</em></strong></span> <span class='ocrx_word' id='word_1_626' title='bbox 2657 3408 2903 3464; x_wconf 85' lang='lat' dir='ltr'><strong><em>Christus</em></strong></span> <span class='ocrx_word' id='word_1_627' title='bbox 2934 3408 3002 3463; x_wconf 80' lang='grc'><strong><em>⁸⁸.</em></strong></span> <span class='ocrx_word' id='word_1_628' title='bbox 3056 3407 3162 3465; x_wconf 77' lang='lat' dir='ltr'><strong><em>Sed</em></strong></span> <span class='ocrx_word' id='word_1_629' title='bbox 3210 3409 3323 3479; x_wconf 88' lang='lat' dir='ltr'><strong><em>ipse</em></strong></span> <span class='ocrx_word' id='word_1_630' title='bbox 3373 3408 3612 3480; x_wconf 85' lang='lat' dir='ltr'><strong><em>Spiritus</em></strong></span> 
     </span>
    </p>
   </div>
   <div class='ocr_carea' id='block_1_82' title="bbox 2021 3502 3612 3575">
    <p class='ocr_par' dir='ltr' id='par_1_82' title="bbox 2021 3502 3612 3575">
     <span class='ocr_line' id='line_1_82' title="bbox 2021 3502 3612 3575; baseline -0.004 -15"><span class='ocrx_word' id='word_1_631' title='bbox 2021 3504 2257 3575; x_wconf 82' lang='lat' dir='ltr'><strong><em>postulat</em></strong></span> <span class='ocrx_word' id='word_1_632' title='bbox 2286 3518 2382 3572; x_wconf 89' lang='lat' dir='ltr'><strong><em>pro</em></strong></span> <span class='ocrx_word' id='word_1_633' title='bbox 2409 3502 2556 3557; x_wconf 88' lang='lat' dir='ltr'><strong><em>nobis</em></strong></span> <span class='ocrx_word' id='word_1_634' title='bbox 2576 3504 2648 3567; x_wconf 70' lang='grc'><strong><em>’⁷,</em></strong></span> <span class='ocrx_word' id='word_1_635' title='bbox 2697 3502 2838 3557; x_wconf 88' lang='lat' dir='ltr'><strong><em>idem</em></strong></span> <span class='ocrx_word' id='word_1_636' title='bbox 2868 3508 2954 3558; x_wconf 87' lang='lat' dir='ltr'><strong><em>est</em></strong></span> <span class='ocrx_word' id='word_1_637' title='bbox 2985 3516 3112 3557; x_wconf 90' lang='lat' dir='ltr'><strong><em>cum</em></strong></span> <span class='ocrx_word' id='word_1_638' title='bbox 3140 3503 3232 3557; x_wconf 91' lang='lat' dir='ltr'><strong><em>illo</em></strong></span> <span class='ocrx_word' id='word_1_639' title='bbox 3257 3520 3270 3556; x_wconf 91' lang='lat'>:</span> <span class='ocrx_word' id='word_1_640' title='bbox 3307 3502 3415 3569; x_wconf 92' lang='lat' dir='ltr'><strong><em>Qui</em></strong></span> <span class='ocrx_word' id='word_1_641' title='bbox 3434 3512 3513 3557; x_wconf 89' lang='lat' dir='ltr'><strong><em>est</em></strong></span> <span class='ocrx_word' id='word_1_642' title='bbox 3542 3503 3612 3556; x_wconf 76' lang='lat' dir='ltr'><strong><em>ad</em></strong></span> 
     </span>
    </p>
   </div>
   <div class='ocr_carea' id='block_1_83' title="bbox 2028 3592 3613 3666">
    <p class='ocr_par' dir='ltr' id='par_1_83' title="bbox 2028 3592 3613 3666">
     <span class='ocr_line' id='line_1_83' title="bbox 2028 3592 3613 3666; baseline -0.003 -15"><span class='ocrx_word' id='word_1_643' title='bbox 2028 3597 2297 3653; x_wconf 77' lang='lat' dir='ltr'><strong><em>dexteram</em></strong></span> <span class='ocrx_word' id='word_1_644' title='bbox 2322 3596 2440 3665; x_wconf 89' lang='lat' dir='ltr'><strong><em>Dei,</em></strong></span> <span class='ocrx_word' id='word_1_645' title='bbox 2462 3597 2552 3666; x_wconf 86' lang='lat' dir='ltr'><strong><em>qui</em></strong></span> <span class='ocrx_word' id='word_1_646' title='bbox 2576 3595 2872 3664; x_wconf 87' lang='lat' dir='ltr'><strong><em>interpellat</em></strong></span> <span class='ocrx_word' id='word_1_647' title='bbox 2890 3610 2986 3664; x_wconf 89' lang='lat' dir='ltr'><strong><em>pro</em></strong></span> <span class='ocrx_word' id='word_1_648' title='bbox 3011 3594 3159 3649; x_wconf 82' lang='lat' dir='ltr'><strong><em>nobis</em></strong></span> <span class='ocrx_word' id='word_1_649' title='bbox 3183 3594 3249 3649; x_wconf 75' lang='grc'><strong><em>’⁸.</em></strong></span> <span class='ocrx_word' id='word_1_650' title='bbox 3274 3592 3347 3648; x_wconf 79' lang='lat' dir='ltr'><strong><em>Ut</em></strong></span> <span class='ocrx_word' id='word_1_651' title='bbox 3374 3595 3445 3649; x_wconf 90' lang='lat' dir='ltr'><strong><em>sit</em></strong></span> <span class='ocrx_word' id='word_1_652' title='bbox 3463 3593 3613 3649; x_wconf 79' lang='lat' dir='ltr'><strong><em>obla-</em></strong></span> 
     </span>
    </p>
   </div>
   <div class='ocr_carea' id='block_1_84' title="bbox 2029 3685 3609 3763">
    <p class='ocr_par' dir='ltr' id='par_1_84' title="bbox 2029 3685 3609 3763">
     <span class='ocr_line' id='line_1_84' title="bbox 2029 3685 3609 3763; baseline -0.005 -17"><span class='ocrx_word' id='word_1_653' title='bbox 2029 3694 2102 3746; x_wconf 89' lang='lat' dir='ltr'><strong><em>tio</em></strong></span> <span class='ocrx_word' id='word_1_654' title='bbox 2121 3691 2353 3763; x_wconf 87' lang='lat' dir='ltr'><strong><em>gentium</em></strong></span> <span class='ocrx_word' id='word_1_655' title='bbox 2378 3699 2612 3760; x_wconf 84' lang='lat' dir='ltr'><strong><em>accepta,</em></strong></span> <span class='ocrx_word' id='word_1_656' title='bbox 2652 3688 2990 3757; x_wconf 77' lang='lat' dir='ltr'><strong><em>sanctiﬁcata</em></strong></span> <span class='ocrx_word' id='word_1_657' title='bbox 3015 3689 3069 3742; x_wconf 91' lang='lat' dir='ltr'><strong><em>in</em></strong></span> <span class='ocrx_word' id='word_1_658' title='bbox 3089 3687 3293 3756; x_wconf 90' lang='lat' dir='ltr'><strong><em>Spiritu</em></strong></span> <span class='ocrx_word' id='word_1_659' title='bbox 3316 3695 3500 3740; x_wconf 81' lang='lat' dir='ltr'><strong><em>sancto</em></strong></span> <span class='ocrx_word' id='word_1_660' title='bbox 3515 3685 3563 3717; x_wconf 83' lang='lat'><strong>&quot;</strong></span> <span class='ocrx_word' id='word_1_661' title='bbox 3594 3702 3609 3738; x_wconf 91' lang='lat'><strong>:</strong></span> 
     </span>
    </p>
   </div>
   <div class='ocr_carea' id='block_1_85' title="bbox 2027 3777 3609 3846">
    <p class='ocr_par' dir='ltr' id='par_1_85' title="bbox 2027 3777 3609 3846">
     <span class='ocr_line' id='line_1_85' title="bbox 2027 3777 3609 3846; baseline -0.005 -8"><span class='ocrx_word' id='word_1_662' title='bbox 2027 3784 2117 3839; x_wconf 89' lang='lat' dir='ltr'><strong><em>cui</em></strong></span> <span class='ocrx_word' id='word_1_663' title='bbox 2153 3783 2257 3838; x_wconf 86' lang='lat' dir='ltr'><strong><em>hoc</em></strong></span> <span class='ocrx_word' id='word_1_664' title='bbox 2285 3781 2465 3838; x_wconf 87' lang='lat' dir='ltr'><strong><em>simile</em></strong></span> <span class='ocrx_word' id='word_1_665' title='bbox 2486 3788 2573 3836; x_wconf 88' lang='lat' dir='ltr'><strong><em>est</em></strong></span> <span class='ocrx_word' id='word_1_666' title='bbox 2602 3797 2618 3835; x_wconf 90' lang='lat'><strong>:</strong></span> <span class='ocrx_word' id='word_1_667' title='bbox 2654 3778 2915 3833; x_wconf 87' lang='lat' dir='ltr'><strong><em>Dominus</em></strong></span> <span class='ocrx_word' id='word_1_668' title='bbox 2954 3788 3129 3832; x_wconf 89' lang='lat' dir='ltr'><strong><em>autem</em></strong></span> <span class='ocrx_word' id='word_1_669' title='bbox 3163 3777 3463 3846; x_wconf 85' lang='lat' dir='ltr'><strong><em>sancti/icet</em></strong></span> <span class='ocrx_word' id='word_1_670' title='bbox 3494 3791 3609 3840; x_wconf 76' lang='lat' dir='ltr'><strong><em>vos.</em></strong></span> 
     </span>
    </p>
   </div>
   <div class='ocr_carea' id='block_1_86' title="bbox 2029 3865 3614 3941">
    <p class='ocr_par' dir='ltr' id='par_1_86' title="bbox 2029 3865 3614 3941">
     <span class='ocr_line' id='line_1_86' title="bbox 2029 3865 3614 3941; baseline -0.004 -13"><span class='ocrx_word' id='word_1_671' title='bbox 2029 3883 2089 3928; x_wconf 90' lang='lat' dir='ltr'><strong><em>ut</em></strong></span> <span class='ocrx_word' id='word_1_672' title='bbox 2111 3874 2230 3928; x_wconf 88' lang='lat' dir='ltr'><strong><em>sitis</em></strong></span> <span class='ocrx_word' id='word_1_673' title='bbox 2270 3872 2463 3928; x_wconf 83' lang='lat' dir='ltr'><strong><em>sinceri</em></strong></span> <span class='ocrx_word' id='word_1_674' title='bbox 2506 3879 2558 3926; x_wconf 91' lang='lat' dir='ltr'><strong><em>et</em></strong></span> <span class='ocrx_word' id='word_1_675' title='bbox 2597 3870 2701 3941; x_wconf 75' lang='lat'><strong>73</strong></span> <span class='ocrx_word' id='word_1_676' title='bbox 2742 3871 2857 3924; x_wconf 86' lang='lat' dir='ltr'><strong><em>sine</em></strong></span> <span class='ocrx_word' id='word_1_677' title='bbox 2901 3869 3188 3938; x_wconf 73' lang='lat' dir='ltr'><strong><em>oﬂ&#39;ensione</em></strong></span> <span class='ocrx_word' id='word_1_678' title='bbox 3225 3868 3281 3921; x_wconf 87' lang='lat' dir='ltr'><strong><em>in</em></strong></span> <span class='ocrx_word' id='word_1_679' title='bbox 3321 3867 3460 3921; x_wconf 80' lang='lat' dir='ltr'><strong><em>diem</em></strong></span> <span class='ocrx_word' id='word_1_680' title='bbox 3496 3865 3614 3921; x_wconf 86' lang='lat' dir='ltr'><strong><em>Do-</em></strong></span> 
     </span>
    </p>
   </div>
   <div class='ocr_carea' id='block_1_87' title="bbox 2031 3958 3613 4028">
    <p class='ocr_par' dir='ltr' id='par_1_87' title="bbox 2031 3958 3613 4028">
     <span class='ocr_line' id='line_1_87' title="bbox 2031 3958 3613 4028; baseline -0.004 -9"><span class='ocrx_word' id='word_1_681' title='bbox 2031 3965 2164 4019; x_wconf 83' lang='lat' dir='ltr'><strong><em>mini</em></strong></span> <span class='ocrx_word' id='word_1_682' title='bbox 2198 3964 2265 4018; x_wconf 77' lang='lat'><strong><em>”.</em></strong></span> <span class='ocrx_word' id='word_1_683' title='bbox 2323 3961 2495 4017; x_wconf 86' lang='lat' dir='ltr'><strong><em>Nobis</em></strong></span> <span class='ocrx_word' id='word_1_684' title='bbox 2538 3978 2656 4015; x_wconf 79' lang='lat' dir='ltr'><strong><em>vero</em></strong></span> <span class='ocrx_word' id='word_1_685' title='bbox 2703 3960 2950 4014; x_wconf 65' lang='lat' dir='ltr'><strong><em>reuelauit</em></strong></span> <span class='ocrx_word' id='word_1_686' title='bbox 2996 3958 3258 4014; x_wconf 85' lang='lat' dir='ltr'><strong><em>Dominus</em></strong></span> <span class='ocrx_word' id='word_1_687' title='bbox 3300 3974 3393 4028; x_wconf 88' lang='lat' dir='ltr'><strong><em>per</em></strong></span> <span class='ocrx_word' id='word_1_688' title='bbox 3446 3959 3613 4028; x_wconf 84' lang='lat' dir='ltr'><strong><em>ipsius</em></strong></span> 
     </span>
    </p>
   </div>
   <div class='ocr_carea' id='block_1_88' title="bbox 2032 4046 3615 4123">
    <p class='ocr_par' dir='ltr' id='par_1_88' title="bbox 2032 4046 3615 4123">
     <span class='ocr_line' id='line_1_88' title="bbox 2032 4046 3615 4123; baseline -0.004 -17"><span class='ocrx_word' id='word_1_689' title='bbox 2032 4051 2296 4123; x_wconf 78' lang='lat' dir='ltr'><strong><em>Spiritum</em></strong></span> <span class='ocrx_word' id='word_1_690' title='bbox 2318 4052 2388 4115; x_wconf 77' lang='lat'><strong><em>“,</em></strong></span> <span class='ocrx_word' id='word_1_691' title='bbox 2421 4050 2564 4109; x_wconf 87' lang='lat' dir='ltr'><strong><em>idem</em></strong></span> <span class='ocrx_word' id='word_1_692' title='bbox 2594 4064 2719 4104; x_wconf 91' lang='lat' dir='ltr'><strong><em>cum</em></strong></span> <span class='ocrx_word' id='word_1_693' title='bbox 2751 4047 2857 4103; x_wconf 89' lang='lat' dir='ltr'><strong><em>isto</em></strong></span> <span class='ocrx_word' id='word_1_694' title='bbox 2898 4048 3018 4102; x_wconf 89' lang='lat' dir='ltr'><strong><em>loco</em></strong></span> <span class='ocrx_word' id='word_1_695' title='bbox 3050 4047 3359 4118; x_wconf 72' lang='lat' dir='ltr'><strong><em>signiﬁcat:</em></strong></span> <span class='ocrx_word' id='word_1_696' title='bbox 3386 4046 3615 4113; x_wconf 82' lang='lat' dir='ltr'><strong><em>Quando</em></strong></span> 
     </span>
    </p>
   </div>
   <div class='ocr_carea' id='block_1_89' title="bbox 2032 4138 3612 4214">
    <p class='ocr_par' dir='ltr' id='par_1_89' title="bbox 2032 4138 3612 4214">
     <span class='ocr_line' id='line_1_89' title="bbox 2032 4138 3612 4214; baseline -0.004 -16"><span class='ocrx_word' id='word_1_697' title='bbox 2032 4143 2233 4214; x_wconf 85' lang='lat' dir='ltr'><strong><em>placuit</em></strong></span> <span class='ocrx_word' id='word_1_698' title='bbox 2258 4143 2330 4206; x_wconf 88' lang='lat' dir='ltr'><strong><em>ei,</em></strong></span> <span class='ocrx_word' id='word_1_699' title='bbox 2373 4142 2464 4213; x_wconf 87' lang='lat' dir='ltr'><strong><em>qui</em></strong></span> <span class='ocrx_word' id='word_1_700' title='bbox 2497 4157 2578 4197; x_wconf 82' lang='lat' dir='ltr'><strong><em>nte</em></strong></span> <span class='ocrx_word' id='word_1_701' title='bbox 2610 4141 2899 4211; x_wconf 81' lang='lat' dir='ltr'><strong><em>segregavit</em></strong></span> <span class='ocrx_word' id='word_1_702' title='bbox 2945 4140 3011 4195; x_wconf 74' lang='lat' dir='ltr'><strong><em>ab</em></strong></span> <span class='ocrx_word' id='word_1_703' title='bbox 3050 4150 3200 4195; x_wconf 88' lang='lat' dir='ltr'><strong><em>utero</em></strong></span> <span class='ocrx_word' id='word_1_704' title='bbox 3240 4138 3429 4193; x_wconf 91' lang='lat' dir='ltr'><strong><em>matris</em></strong></span> <span class='ocrx_word' id='word_1_705' title='bbox 3463 4153 3612 4202; x_wconf 70' lang='lat' dir='ltr'><strong><em>meat,</em></strong></span> 
     </span>
    </p>
   </div>
   <div class='ocr_carea' id='block_1_90' title="bbox 2032 4228 3612 4305">
    <p class='ocr_par' dir='ltr' id='par_1_90' title="bbox 2032 4228 3612 4305">
     <span class='ocr_line' id='line_1_90' title="bbox 2032 4228 3612 4305; baseline -0.001 -18"><span class='ocrx_word' id='word_1_706' title='bbox 2032 4251 2126 4305; x_wconf 86' lang='lat' dir='ltr'><strong><em>per</em></strong></span> <span class='ocrx_word' id='word_1_707' title='bbox 2162 4235 2394 4304; x_wconf 85' lang='lat' dir='ltr'><strong><em>gratiam</em></strong></span> <span class='ocrx_word' id='word_1_708' title='bbox 2426 4233 2615 4302; x_wconf 87' lang='lat' dir='ltr'><strong><em>ipsius,</em></strong></span> <span class='ocrx_word' id='word_1_709' title='bbox 2660 4230 2892 4286; x_wconf 81' lang='lat' dir='ltr'><strong><em>revelare</em></strong></span> <span class='ocrx_word' id='word_1_710' title='bbox 2918 4233 2977 4286; x_wconf 83' lang='lat' dir='ltr'><strong><em>iu</em></strong></span> <span class='ocrx_word' id='word_1_711' title='bbox 3013 4248 3096 4286; x_wconf 82' lang='lat' dir='ltr'><strong><em>me</em></strong></span> <span class='ocrx_word' id='word_1_712' title='bbox 3130 4229 3333 4285; x_wconf 87' lang='lat' dir='ltr'><strong><em>Filium</em></strong></span> <span class='ocrx_word' id='word_1_713' title='bbox 3367 4245 3524 4285; x_wconf 88' lang='lat' dir='ltr'><strong><em>suum</em></strong></span> <span class='ocrx_word' id='word_1_714' title='bbox 3542 4228 3612 4285; x_wconf 80' lang='grc'><strong><em>³⁸.</em></strong></span> 
     </span>
    </p>
   </div>
   <div class='ocr_carea' id='block_1_91' title="bbox 2038 4320 3617 4393">
    <p class='ocr_par' dir='ltr' id='par_1_91' title="bbox 2038 4320 3617 4393">
     <span class='ocr_line' id='line_1_91' title="bbox 2038 4320 3617 4393; baseline -0.001 -15"><span class='ocrx_word' id='word_1_715' title='bbox 2038 4323 2152 4380; x_wconf 84' lang='lat' dir='ltr'><strong><em>Nos</em></strong></span> <span class='ocrx_word' id='word_1_716' title='bbox 2173 4335 2352 4380; x_wconf 86' lang='lat' dir='ltr'><strong><em>autem</em></strong></span> <span class='ocrx_word' id='word_1_717' title='bbox 2377 4341 2483 4379; x_wconf 84' lang='lat' dir='ltr'><strong><em>non</em></strong></span> <span class='ocrx_word' id='word_1_718' title='bbox 2516 4324 2697 4378; x_wconf 82' lang='lat' dir='ltr'><strong><em>mundi</em></strong></span> <span class='ocrx_word' id='word_1_719' title='bbox 2734 4324 2980 4393; x_wconf 87' lang='lat' dir='ltr'><strong><em>spiritum</em></strong></span> <span class='ocrx_word' id='word_1_720' title='bbox 3013 4324 3333 4392; x_wconf 87' lang='lat' dir='ltr'><strong><em>accepimus,</em></strong></span> <span class='ocrx_word' id='word_1_721' title='bbox 3367 4322 3456 4378; x_wconf 84' lang='lat' dir='ltr'><strong><em>sed</em></strong></span> <span class='ocrx_word' id='word_1_722' title='bbox 3488 4320 3617 4392; x_wconf 82' lang='lat' dir='ltr'><strong><em>Spi-</em></strong></span> 
     </span>
    </p>
   </div>
   <div class='ocr_carea' id='block_1_92' title="bbox 343 4411 1921 4485">
    <p class='ocr_par' dir='ltr' id='par_1_92' title="bbox 343 4411 1921 4485">
     <span class='ocr_line' id='line_1_92' title="bbox 343 4411 1921 4485; baseline 0.001 -20"><span class='ocrx_word' id='word_1_723' title='bbox 343 4415 467 4480; x_wconf 61' lang='grc' dir='ltr'><strong><em>ψεν</em></strong></span> <span class='ocrx_word' id='word_1_724' title='bbox 494 4416 527 4467; x_wconf 87' lang='grc' dir='ltr'><strong><em>ό</em></strong></span> <span class='ocrx_word' id='word_1_725' title='bbox 550 4414 808 4482; x_wconf 78' lang='grc' dir='ltr'><em>Χριστὸς</em></span> <span class='ocrx_word' id='word_1_726' title='bbox 834 4414 931 4469; x_wconf 84' lang='grc' dir='ltr'><strong><em>διὰ</em></strong></span> <span class='ocrx_word' id='word_1_727' title='bbox 984 4415 1333 4484; x_wconf 82' lang='grc' dir='ltr'><em>Πνεὺματος</em></span> <span class='ocrx_word' id='word_1_728' title='bbox 1361 4414 1550 4472; x_wconf 83' lang='grc' dir='ltr'><em>αὐτοῦ</em></span> <span class='ocrx_word' id='word_1_729' title='bbox 1578 4431 1590 4444; x_wconf 88' lang='grc'><strong>·</strong></span> <span class='ocrx_word' id='word_1_730' title='bbox 1625 4415 1811 4485; x_wconf 81' lang='grc' dir='ltr'><em>ὅμοιον</em></span> <span class='ocrx_word' id='word_1_731' title='bbox 1852 4411 1921 4483; x_wconf 68' lang='grc' dir='ltr'><em>τῷ</em></span> 
     </span>
    </p>
   </div>
   <div class='ocr_carea' id='block_1_93' title="bbox 2025 4411 3618 4485">
    <p class='ocr_par' dir='ltr' id='par_1_93' title="bbox 2039 4412 3618 4483">
     <span class='ocr_line' id='line_1_93' title="bbox 2039 4412 3618 4483; baseline 0 -13"><span class='ocrx_word' id='word_1_732' title='bbox 2039 4417 2201 4470; x_wconf 86' lang='lat' dir='ltr'><strong><em>ritum</em></strong></span> <span class='ocrx_word' id='word_1_733' title='bbox 2238 4416 2334 4471; x_wconf 91' lang='lat' dir='ltr'><strong><em>Dei</em></strong></span> <span class='ocrx_word' id='word_1_734' title='bbox 2355 4416 2425 4483; x_wconf 84' lang='grc'><em>³³,</em></span> <span class='ocrx_word' id='word_1_735' title='bbox 2450 4430 2662 4471; x_wconf 88' lang='lat' dir='ltr'><strong><em>cumeo</em></strong></span> <span class='ocrx_word' id='word_1_736' title='bbox 2699 4416 3091 4470; x_wconf 80' lang='lat' dir='ltr'><strong><em>conferendum</em></strong></span> <span class='ocrx_word' id='word_1_737' title='bbox 3131 4415 3281 4470; x_wconf 86' lang='lat' dir='ltr'><strong><em>istud</em></strong></span> <span class='ocrx_word' id='word_1_738' title='bbox 3315 4423 3440 4471; x_wconf 85' lang='lat' dir='ltr'><strong><em>est:</em></strong></span> <span class='ocrx_word' id='word_1_739' title='bbox 3486 4412 3618 4470; x_wconf 81' lang='lat' dir='ltr'><strong><em>Vos-</em></strong></span> 
     </span>
    </p>
   </div>
   <div class='ocr_carea' id='block_1_94' title="bbox 343 4505 1932 4575">
    <p class='ocr_par' dir='ltr' id='par_1_94' title="bbox 343 4505 1932 4575">
     <span class='ocr_line' id='line_1_94' title="bbox 343 4505 1932 4575; baseline 0.001 -18"><span class='ocrx_word' id='word_1_740' title='bbox 343 4505 542 4569; x_wconf 70' lang='grc' dir='ltr'><strong><em>εἰπεῖν,</em></strong></span> <span class='ocrx_word' id='word_1_741' title='bbox 574 4506 715 4560; x_wconf 85' lang='grc' dir='ltr'><em>Ὅτε</em></span> <span class='ocrx_word' id='word_1_742' title='bbox 734 4505 1077 4574; x_wconf 78' lang='grc' dir='ltr'><em>εὐδόκησεν</em></span> <span class='ocrx_word' id='word_1_743' title='bbox 1105 4509 1138 4561; x_wconf 90' lang='grc' dir='ltr'><strong><em>ό</em></strong></span> <span class='ocrx_word' id='word_1_744' title='bbox 1165 4505 1310 4572; x_wconf 86' lang='grc' dir='ltr'><em>Θεὸς</em></span> <span class='ocrx_word' id='word_1_745' title='bbox 1330 4510 1363 4560; x_wconf 88' lang='grc' dir='ltr'><strong><em>ό</em></strong></span> <span class='ocrx_word' id='word_1_746' title='bbox 1391 4506 1690 4575; x_wconf 65' lang='grc' dir='ltr'><em>ἀφορίσας</em></span> <span class='ocrx_word' id='word_1_747' title='bbox 1719 4506 1789 4560; x_wconf 79' lang='grc' dir='ltr'><strong><em>ἐκ</em></strong></span> <span class='ocrx_word' id='word_1_748' title='bbox 1816 4522 1932 4559; x_wconf 82' lang='grc' dir='ltr'><em>κοι-</em></span> 
     </span>
    </p>
   </div>
   <div class='ocr_carea' id='block_1_95' title="bbox 342 4595 1931 4668">
    <p class='ocr_par' dir='ltr' id='par_1_95' title="bbox 342 4595 1931 4668">
     <span class='ocr_line' id='line_1_95' title="bbox 342 4595 1931 4668; baseline -0.009 -4"><span class='ocrx_word' id='word_1_749' title='bbox 342 4595 486 4663; x_wconf 63' lang='grc' dir='ltr'><em>λίας</em></span> <span class='ocrx_word' id='word_1_750' title='bbox 506 4597 733 4666; x_wconf 82' lang='grc' dir='ltr'><em>μητρός</em></span> <span class='ocrx_word' id='word_1_751' title='bbox 752 4615 891 4667; x_wconf 82' lang='grc' dir='ltr'><em>μου,</em></span> <span class='ocrx_word' id='word_1_752' title='bbox 918 4597 1017 4653; x_wconf 85' lang='grc' dir='ltr'><strong><em>διὰ</em></strong></span> <span class='ocrx_word' id='word_1_753' title='bbox 1049 4598 1160 4667; x_wconf 81' lang='grc' dir='ltr'><em>τῆς</em></span> <span class='ocrx_word' id='word_1_754' title='bbox 1192 4597 1436 4668; x_wconf 77' lang='grc' dir='ltr'><em>χάριτος</em></span> <span class='ocrx_word' id='word_1_755' title='bbox 1453 4600 1641 4655; x_wconf 86' lang='grc' dir='ltr'><em>αὑτοῦ</em></span> <span class='ocrx_word' id='word_1_756' title='bbox 1658 4642 1673 4667; x_wconf 88' lang='grc'>,</span> <span class='ocrx_word' id='word_1_757' title='bbox 1703 4600 1931 4654; x_wconf 61' lang='lat' dir='ltr'><strong><em>duorm-</em></strong></span> 
     </span>
    </p>
   </div>
   <div class='ocr_carea' id='block_1_96' title="bbox 419 4772 1565 4844">
    <p class='ocr_par' dir='ltr' id='par_1_96' title="bbox 419 4772 1565 4844">
     <span class='ocr_line' id='line_1_96' title="bbox 419 4772 1565 4844; baseline 0.004 -17"><span class='ocrx_word' id='word_1_758' title='bbox 419 4775 435 4804; x_wconf 78' lang='lat'>&#39;</span> <span class='ocrx_word' id='word_1_759' title='bbox 474 4791 566 4841; x_wconf 85' lang='grc' dir='ltr'><strong><em>γρ.</em></strong></span> <span class='ocrx_word' id='word_1_760' title='bbox 605 4772 838 4844; x_wconf 73' lang='grc' dir='ltr'><em>Χριστὸς</em></span> <span class='ocrx_word' id='word_1_761' title='bbox 884 4775 1047 4829; x_wconf 76' lang='grc' dir='ltr'><em>εἴποι.</em></span> <span class='ocrx_word' id='word_1_762' title='bbox 1128 4774 1291 4829; x_wconf 79' lang='lat' dir='ltr'><strong><em>&#39;Act.</em></strong></span> <span class='ocrx_word' id='word_1_763' title='bbox 1352 4791 1472 4837; x_wconf 75' lang='lat' dir='ltr'><strong><em>stu,</em></strong></span> <span class='ocrx_word' id='word_1_764' title='bbox 1509 4776 1565 4832; x_wconf 78' lang='grc' dir='ltr'><strong><em>ι.</em></strong></span> 
     </span>
    </p>
   </div>
   <div class='ocr_carea' id='block_1_97' title="bbox 1678 4775 2143 4839">
    <p class='ocr_par' dir='ltr' id='par_1_97' title="bbox 1678 4775 2143 4839">
     <span class='ocr_line' id='line_1_97' title="bbox 1678 4775 2143 4839; baseline 0.006 -10"><span class='ocrx_word' id='word_1_765' title='bbox 1678 4777 1698 4809; x_wconf 86' lang='grc'>³</span> <span class='ocrx_word' id='word_1_766' title='bbox 1730 4775 1918 4830; x_wconf 74' lang='lat' dir='ltr'><strong><em>Matth.</em></strong></span> <span class='ocrx_word' id='word_1_767' title='bbox 1958 4793 2011 4839; x_wconf 74' lang='grc' dir='ltr'><em>ι.</em></span> <span class='ocrx_word' id='word_1_768' title='bbox 2057 4777 2143 4832; x_wconf 85' lang='grc'><em>16.</em></span> 
     </span>
    </p>
   </div>
   <div class='ocr_carea' id='block_1_98' title="bbox 2038 4504 3618 4577">
    <p class='ocr_par' dir='ltr' id='par_1_98' title="bbox 2038 4504 3618 4577">
     <span class='ocr_line' id='line_1_98' title="bbox 2038 4504 3618 4577; baseline -0.001 -15"><span class='ocrx_word' id='word_1_769' title='bbox 2038 4511 2284 4577; x_wconf 87' lang='lat' dir='ltr'><strong><em>metipsos</em></strong></span> <span class='ocrx_word' id='word_1_770' title='bbox 2318 4510 2537 4577; x_wconf 85' lang='lat' dir='ltr'><strong><em>probate</em></strong></span> <span class='ocrx_word' id='word_1_771' title='bbox 2577 4524 2703 4560; x_wconf 87' lang='lat' dir='ltr'><strong><em>num</em></strong></span> <span class='ocrx_word' id='word_1_772' title='bbox 2735 4507 2976 4562; x_wconf 86' lang='lat' dir='ltr'><strong><em>Christus</em></strong></span> <span class='ocrx_word' id='word_1_773' title='bbox 3009 4508 3078 4561; x_wconf 90' lang='lat' dir='ltr'><strong><em>sit</em></strong></span> <span class='ocrx_word' id='word_1_774' title='bbox 3106 4507 3159 4560; x_wconf 83' lang='lat' dir='ltr'><strong><em>in</em></strong></span> <span class='ocrx_word' id='word_1_775' title='bbox 3196 4506 3337 4561; x_wconf 70' lang='lat' dir='ltr'><strong><em>vobis</em></strong></span> <span class='ocrx_word' id='word_1_776' title='bbox 3358 4506 3426 4560; x_wconf 76' lang='lat'><strong><em>“.</em></strong></span> <span class='ocrx_word' id='word_1_777' title='bbox 3463 4504 3618 4562; x_wconf 81' lang='lat' dir='ltr'><strong><em>Tem-</em></strong></span> 
     </span>
    </p>
   </div>
   <div class='ocr_carea' id='block_1_99' title="bbox 2039 4596 3617 4669">
    <p class='ocr_par' dir='ltr' id='par_1_99' title="bbox 2039 4596 3617 4669">
     <span class='ocr_line' id='line_1_99' title="bbox 2039 4596 3617 4669; baseline 0 -17"><span class='ocrx_word' id='word_1_778' title='bbox 2039 4600 2186 4669; x_wconf 89' lang='lat' dir='ltr'><strong><em>plum</em></strong></span> <span class='ocrx_word' id='word_1_779' title='bbox 2223 4600 2320 4654; x_wconf 88' lang='lat' dir='ltr'><strong><em>Dei</em></strong></span> <span class='ocrx_word' id='word_1_780' title='bbox 2353 4598 2504 4663; x_wconf 90' lang='lat' dir='ltr'><strong><em>estis,</em></strong></span> <span class='ocrx_word' id='word_1_781' title='bbox 2546 4606 2597 4652; x_wconf 91' lang='lat' dir='ltr'><strong><em>et</em></strong></span> <span class='ocrx_word' id='word_1_782' title='bbox 2640 4597 2871 4667; x_wconf 82' lang='lat' dir='ltr'><strong><em>Spiritus</em></strong></span> <span class='ocrx_word' id='word_1_783' title='bbox 2902 4597 2999 4651; x_wconf 90' lang='lat' dir='ltr'><strong><em>Dei</em></strong></span> <span class='ocrx_word' id='word_1_784' title='bbox 3041 4596 3246 4651; x_wconf 83' lang='lat' dir='ltr'><strong><em>habitat</em></strong></span> <span class='ocrx_word' id='word_1_785' title='bbox 3296 4598 3349 4650; x_wconf 86' lang='lat' dir='ltr'><strong><em>in</em></strong></span> <span class='ocrx_word' id='word_1_786' title='bbox 3384 4597 3526 4651; x_wconf 80' lang='lat' dir='ltr'><strong><em>vobis</em></strong></span> <span class='ocrx_word' id='word_1_787' title='bbox 3549 4596 3617 4661; x_wconf 82' lang='grc'><strong><em>³⁵,</em></strong></span> 
     </span>
    </p>
   </div>
   <div class='ocr_carea' id='block_1_100' title="bbox 2256 4775 2718 4843">
    <p class='ocr_par' dir='ltr' id='par_1_100' title="bbox 2256 4775 2718 4843">
     <span class='ocr_line' id='line_1_100' title="bbox 2256 4775 2718 4843; baseline -0.004 -12"><span class='ocrx_word' id='word_1_788' title='bbox 2256 4778 2427 4831; x_wconf 67' lang='lat' dir='ltr'><strong><em>‘Act.</em></strong></span> <span class='ocrx_word' id='word_1_789' title='bbox 2479 4793 2566 4843; x_wconf 77' lang='lat' dir='ltr'><strong><em>xv,</em></strong></span> <span class='ocrx_word' id='word_1_790' title='bbox 2626 4775 2718 4830; x_wconf 91' lang='lat'><strong><em>28.</em></strong></span> 
     </span>
    </p>
   </div>
   <div class='ocr_carea' id='block_1_101' title="bbox 2821 4766 3616 4837">
    <p class='ocr_par' dir='ltr' id='par_1_101' title="bbox 2821 4766 3616 4837">
     <span class='ocr_line' id='line_1_101' title="bbox 2821 4766 3616 4837; baseline 0.004 -10"><span class='ocrx_word' id='word_1_791' title='bbox 2821 4776 2843 4807; x_wconf 87' lang='grc'><strong><em>⁸</em></strong></span> <span class='ocrx_word' id='word_1_792' title='bbox 2884 4766 3059 4829; x_wconf 72' lang='grc'><em>1001³.</em></span> <span class='ocrx_word' id='word_1_793' title='bbox 3104 4788 3204 4837; x_wconf 82' lang='lat' dir='ltr'><strong><em>vn,</em></strong></span> <span class='ocrx_word' id='word_1_794' title='bbox 3242 4773 3331 4829; x_wconf 86' lang='grc'><strong><em>10.</em></strong></span> <span class='ocrx_word' id='word_1_795' title='bbox 3434 4774 3455 4804; x_wconf 82' lang='grc'><strong>⁸</strong></span> <span class='ocrx_word' id='word_1_796' title='bbox 3492 4774 3616 4830; x_wconf 80' lang='lat' dir='ltr'><strong><em>Act.</em></strong></span> 
     </span>
    </p>
   </div>
   <div class='ocr_carea' id='block_1_102' title="bbox 343 4843 1921 4911">
    <p class='ocr_par' dir='ltr' id='par_1_102' title="bbox 343 4843 1921 4911">
     <span class='ocr_line' id='line_1_102' title="bbox 343 4843 1921 4911; baseline 0 -13"><span class='ocrx_word' id='word_1_797' title='bbox 343 4859 461 4903; x_wconf 72' lang='lat' dir='ltr'><strong><em>1w,</em></strong></span> <span class='ocrx_word' id='word_1_798' title='bbox 499 4843 553 4895; x_wconf 83' lang='lat'><strong><em>6.</em></strong></span> <span class='ocrx_word' id='word_1_799' title='bbox 628 4843 871 4900; x_wconf 55' lang='lat' dir='ltr'><strong><em>&quot;Matth.</em></strong></span> <span class='ocrx_word' id='word_1_800' title='bbox 909 4861 1098 4909; x_wconf 74' lang='lat' dir='ltr'><strong><em>xxvnr,</em></strong></span> <span class='ocrx_word' id='word_1_801' title='bbox 1142 4844 1230 4900; x_wconf 90' lang='grc'><em>19.</em></span> <span class='ocrx_word' id='word_1_802' title='bbox 1305 4845 1327 4876; x_wconf 79' lang='grc'>⁸</span> <span class='ocrx_word' id='word_1_803' title='bbox 1359 4845 1551 4900; x_wconf 79' lang='lat' dir='ltr'><strong><em>Matth.</em></strong></span> <span class='ocrx_word' id='word_1_804' title='bbox 1596 4862 1651 4905; x_wconf 75' lang='grc' dir='ltr'><em>χ.</em></span> <span class='ocrx_word' id='word_1_805' title='bbox 1692 4846 1780 4911; x_wconf 81' lang='grc' dir='ltr'><em>1ος</em></span> <span class='ocrx_word' id='word_1_806' title='bbox 1817 4848 1921 4900; x_wconf 80' lang='lat' dir='ltr'><strong><em>Mal</em></strong></span> 
     </span>
    </p>
   </div>
   <div class='ocr_carea' id='block_1_103' title="bbox 2025 4843 3618 4911">
    <p class='ocr_par' dir='ltr' id='par_1_103' title="bbox 2027 4843 3618 4910">
     <span class='ocr_line' id='line_1_103' title="bbox 2027 4843 3618 4910; baseline 0 -9"><span class='ocrx_word' id='word_1_807' title='bbox 2027 4863 2065 4910; x_wconf 87' lang='grc' dir='ltr'><em>ι,</em></span> <span class='ocrx_word' id='word_1_808' title='bbox 2092 4849 2145 4902; x_wconf 92' lang='grc'><em>8.</em></span> <span class='ocrx_word' id='word_1_809' title='bbox 2222 4847 2244 4879; x_wconf 81' lang='lat'>&#39;</span> <span class='ocrx_word' id='word_1_810' title='bbox 2274 4848 2394 4901; x_wconf 83' lang='lat' dir='ltr'><strong><em>Act.</em></strong></span> <span class='ocrx_word' id='word_1_811' title='bbox 2428 4863 2542 4908; x_wconf 74' lang='lat' dir='ltr'><strong><em>xxi,</em></strong></span> <span class='ocrx_word' id='word_1_812' title='bbox 2583 4847 2637 4900; x_wconf 77' lang='grc'><em>4.</em></span> <span class='ocrx_word' id='word_1_813' title='bbox 2719 4846 2761 4877; x_wconf 81' lang='grc'><strong>⁸⁸</strong></span> <span class='ocrx_word' id='word_1_814' title='bbox 2798 4845 2929 4899; x_wconf 85' lang='lat' dir='ltr'><strong><em>ibid.</em></strong></span> <span class='ocrx_word' id='word_1_815' title='bbox 2971 4846 3056 4900; x_wconf 86' lang='grc'><strong><em>11.</em></strong></span> <span class='ocrx_word' id='word_1_816' title='bbox 3135 4845 3175 4877; x_wconf 76' lang='grc'><strong><em>³⁸</em></strong></span> <span class='ocrx_word' id='word_1_817' title='bbox 3209 4843 3252 4901; x_wconf 91' lang='lat' dir='ltr'><strong><em>ll</em></strong></span> <span class='ocrx_word' id='word_1_818' title='bbox 3280 4844 3409 4900; x_wconf 85' lang='lat' dir='ltr'><strong><em>Cor.</em></strong></span> <span class='ocrx_word' id='word_1_819' title='bbox 3436 4845 3618 4906; x_wconf 75' lang='lat' dir='ltr'><strong><em>xm,3.</em></strong></span> 
     </span>
    </p>
   </div>
   <div class='ocr_carea' id='block_1_104' title="bbox 342 4914 1670 4977">
    <p class='ocr_par' dir='ltr' id='par_1_104' title="bbox 342 4914 1670 4977">
     <span class='ocr_line' id='line_1_104' title="bbox 342 4914 1670 4977; baseline 0.004 -11"><span class='ocrx_word' id='word_1_820' title='bbox 342 4916 390 4946; x_wconf 85' lang='grc'>¹¹</span> <span class='ocrx_word' id='word_1_821' title='bbox 424 4915 551 4967; x_wconf 76' lang='lat' dir='ltr'><strong><em>Act.</em></strong></span> <span class='ocrx_word' id='word_1_822' title='bbox 594 4929 683 4977; x_wconf 79' lang='lat' dir='ltr'><strong><em>xx,</em></strong></span> <span class='ocrx_word' id='word_1_823' title='bbox 721 4915 811 4969; x_wconf 79' lang='lat'><strong><em>35.</em></strong></span> <span class='ocrx_word' id='word_1_824' title='bbox 868 4915 911 4947; x_wconf 80' lang='grc'><strong><em>³⁸</em></strong></span> <span class='ocrx_word' id='word_1_825' title='bbox 941 4914 1073 4968; x_wconf 75' lang='lat' dir='ltr'><strong><em>ibid.</em></strong></span> <span class='ocrx_word' id='word_1_826' title='bbox 1101 4914 1192 4969; x_wconf 81' lang='lat'><strong><em>22.</em></strong></span> <span class='ocrx_word' id='word_1_827' title='bbox 1272 4914 1316 4945; x_wconf 72' lang='grc'><strong><em>⁸⁵</em></strong></span> <span class='ocrx_word' id='word_1_828' title='bbox 1348 4914 1580 4971; x_wconf 83' lang='lat' dir='ltr'><strong><em>Philem.</em></strong></span> <span class='ocrx_word' id='word_1_829' title='bbox 1620 4916 1670 4971; x_wconf 88' lang='lat'><strong><em>7.</em></strong></span> 
     </span>
    </p>
   </div>
   <div class='ocr_carea' id='block_1_105' title="bbox 340 4983 1010 5045">
    <p class='ocr_par' dir='ltr' id='par_1_105' title="bbox 340 4983 1010 5045">
     <span class='ocr_line' id='line_1_105' title="bbox 340 4983 1010 5045; baseline -0.001 -9"><span class='ocrx_word' id='word_1_830' title='bbox 340 4984 434 5039; x_wconf 82' lang='grc'><em>15.</em></span> <span class='ocrx_word' id='word_1_831' title='bbox 532 4984 576 5015; x_wconf 84' lang='lat'>&quot;</span> <span class='ocrx_word' id='word_1_832' title='bbox 606 4983 766 5037; x_wconf 76' lang='lat' dir='ltr'><strong><em>Rom.</em></strong></span> <span class='ocrx_word' id='word_1_833' title='bbox 802 4999 863 5045; x_wconf 88' lang='grc' dir='ltr'><strong><em>ιι.</em></strong></span> <span class='ocrx_word' id='word_1_834' title='bbox 920 4985 1010 5038; x_wconf 83' lang='lat'><strong><em>29.</em></strong></span> 
     </span>
    </p>
   </div>
   <div class='ocr_carea' id='block_1_106' title="bbox 1110 4916 1921 5053">
    <p class='ocr_par' dir='ltr' id='par_1_106' title="bbox 1110 4916 1921 5049">
     <span class='ocr_line' id='line_1_106' title="bbox 1110 4916 1921 4971; baseline 0 -3"><span class='ocrx_word' id='word_1_835' title='bbox 1110 4916 1192 4969; x_wconf 76' lang='lat'><strong><em>22.</em></strong></span> <span class='ocrx_word' id='word_1_836' title='bbox 1272 4916 1316 4945; x_wconf 75' lang='lat'><em>“</em></span> <span class='ocrx_word' id='word_1_837' title='bbox 1348 4916 1580 4971; x_wconf 86' lang='lat' dir='ltr'><strong><em>Philem.</em></strong></span> <span class='ocrx_word' id='word_1_838' title='bbox 1620 4916 1670 4971; x_wconf 88' lang='lat'><strong><em>7.</em></strong></span> <span class='ocrx_word' id='word_1_839' title='bbox 1780 4916 1823 4946; x_wconf 86' lang='lat'><strong>&quot;</strong></span> <span class='ocrx_word' id='word_1_840' title='bbox 1852 4917 1921 4969; x_wconf 77' lang='lat' dir='ltr'><strong><em>Ar.</em></strong></span> 
     </span>
     <span class='ocr_line' id='line_1_107' title="bbox 1110 4984 1914 5049; baseline 0 -10"><span class='ocrx_word' id='word_1_841' title='bbox 1110 4989 1156 5017; x_wconf 77' lang='lat'><strong><em>&#39;°</em></strong></span> <span class='ocrx_word' id='word_1_842' title='bbox 1189 4984 1403 5041; x_wconf 81' lang='lat' dir='ltr'><strong><em>Coloss.</em></strong></span> <span class='ocrx_word' id='word_1_843' title='bbox 1448 5002 1508 5049; x_wconf 82' lang='lat' dir='ltr'><strong><em>It,</em></strong></span> <span class='ocrx_word' id='word_1_844' title='bbox 1551 4986 1637 5039; x_wconf 86' lang='grc'><strong><em>11.</em></strong></span> <span class='ocrx_word' id='word_1_845' title='bbox 1715 4986 1759 5018; x_wconf 85' lang='grc'>²¹</span> <span class='ocrx_word' id='word_1_846' title='bbox 1791 4984 1809 5037; x_wconf 89' lang='grc' dir='ltr'><strong><em>ι</em></strong></span> <span class='ocrx_word' id='word_1_847' title='bbox 1838 4986 1914 5041; x_wconf 89' lang='lat' dir='ltr'><strong><em>Co</em></strong></span> 
     </span>
    </p>
   </div>
   <div class='ocr_carea' id='block_1_107' title="bbox 2025 4916 3278 5053">
    <p class='ocr_par' dir='ltr' id='par_1_107' title="bbox 2025 4916 3278 5053">
     <span class='ocr_line' id='line_1_108' title="bbox 2025 4916 3278 4982; baseline 0 -12"><span class='ocrx_word' id='word_1_848' title='bbox 2025 4933 2086 4980; x_wconf 82' lang='grc' dir='ltr'><em>ιι,</em></span> <span class='ocrx_word' id='word_1_849' title='bbox 2128 4918 2210 4972; x_wconf 86' lang='lat' dir='ltr'><strong><em>I2.</em></strong></span> <span class='ocrx_word' id='word_1_850' title='bbox 2312 4917 2356 4948; x_wconf 84' lang='grc'><strong><em>¹⁶</em></strong></span> <span class='ocrx_word' id='word_1_851' title='bbox 2383 4916 2502 4970; x_wconf 81' lang='lat' dir='ltr'><strong><em>Gal.</em></strong></span> <span class='ocrx_word' id='word_1_852' title='bbox 2544 4931 2581 4982; x_wconf 90' lang='grc' dir='ltr'><em>ι,</em></span> <span class='ocrx_word' id='word_1_853' title='bbox 2608 4916 2695 4970; x_wconf 82' lang='lat'><strong><em>20.</em></strong></span> <span class='ocrx_word' id='word_1_854' title='bbox 2778 4916 2819 4949; x_wconf 83' lang='lat'><strong>&quot;</strong></span> <span class='ocrx_word' id='word_1_855' title='bbox 2853 4916 3010 4970; x_wconf 77' lang='lat' dir='ltr'><strong><em>Rom.</em></strong></span> <span class='ocrx_word' id='word_1_856' title='bbox 3055 4932 3095 4982; x_wconf 83' lang='grc' dir='ltr'><em>ι,</em></span> <span class='ocrx_word' id='word_1_857' title='bbox 3131 4916 3185 4970; x_wconf 71' lang='lat'><strong><em>4.</em></strong></span> <span class='ocrx_word' id='word_1_858' title='bbox 3266 4917 3278 4947; x_wconf 79' lang='lat'>&#39;</span> 
     </span>
     <span class='ocr_line' id='line_1_109' title="bbox 2025 4985 3278 5053; baseline 0 -13"><span class='ocrx_word' id='word_1_859' title='bbox 2025 5003 2076 5051; x_wconf 81' lang='grc' dir='ltr'><strong><em>ιι,</em></strong></span> <span class='ocrx_word' id='word_1_860' title='bbox 2110 4988 2196 5043; x_wconf 78' lang='lat' dir='ltr'><strong><em>ili.</em></strong></span> <span class='ocrx_word' id='word_1_861' title='bbox 2274 4990 2317 5021; x_wconf 80' lang='lat'>“</span> <span class='ocrx_word' id='word_1_862' title='bbox 2347 4985 2467 5042; x_wconf 87' lang='lat' dir='ltr'><strong><em>Col.</em></strong></span> <span class='ocrx_word' id='word_1_863' title='bbox 2500 5003 2559 5049; x_wconf 85' lang='grc' dir='ltr'><strong><em>ιι,</em></strong></span> <span class='ocrx_word' id='word_1_864' title='bbox 2591 4987 2643 5041; x_wconf 85' lang='lat'><strong><em>6.</em></strong></span> <span class='ocrx_word' id='word_1_865' title='bbox 2721 4987 2768 5018; x_wconf 85' lang='grc'><strong><em>¹³</em></strong></span> <span class='ocrx_word' id='word_1_866' title='bbox 2803 4985 2843 5041; x_wconf 91' lang='lat' dir='ltr'><strong><em>ll</em></strong></span> <span class='ocrx_word' id='word_1_867' title='bbox 2874 4985 2987 5053; x_wconf 73' lang='lat' dir='ltr'><strong><em>Reg</em></strong></span> <span class='ocrx_word' id='word_1_868' title='bbox 3037 5002 3194 5052; x_wconf 69' lang='grc' dir='ltr'><em>χχιιι,</em></span> <span class='ocrx_word' id='word_1_869' title='bbox 3221 4986 3278 5040; x_wconf 90' lang='lat'><strong><em>2.</em></strong></span> 
     </span>
    </p>
   </div>
   <div class='ocr_carea' id='block_1_108' title="bbox 337 5052 1921 5122">
    <p class='ocr_par' dir='ltr' id='par_1_108' title="bbox 337 5052 1921 5122">
     <span class='ocr_line' id='line_1_110' title="bbox 337 5052 1921 5122; baseline 0.003 -17"><span class='ocrx_word' id='word_1_870' title='bbox 337 5070 465 5117; x_wconf 72' lang='lat' dir='ltr'><strong><em>sm,</em></strong></span> <span class='ocrx_word' id='word_1_871' title='bbox 502 5052 592 5106; x_wconf 82' lang='lat'><strong><em>23.</em></strong></span> <span class='ocrx_word' id='word_1_872' title='bbox 668 5055 714 5086; x_wconf 84' lang='grc'><strong><em>³⁸</em></strong></span> <span class='ocrx_word' id='word_1_873' title='bbox 748 5053 816 5108; x_wconf 81' lang='lat' dir='ltr'><strong><em>Ill</em></strong></span> <span class='ocrx_word' id='word_1_874' title='bbox 847 5055 1107 5122; x_wconf 75' lang='lat' dir='ltr'><strong><em>Reg.xvn</em></strong></span> <span class='ocrx_word' id='word_1_875' title='bbox 1138 5054 1231 5109; x_wconf 66' lang='lat'><strong><em>24.</em></strong></span> <span class='ocrx_word' id='word_1_876' title='bbox 1312 5057 1358 5088; x_wconf 81' lang='grc'><strong><em>⁵⁸</em></strong></span> <span class='ocrx_word' id='word_1_877' title='bbox 1388 5056 1406 5109; x_wconf 85' lang='grc' dir='ltr'><strong>Ι</strong></span> <span class='ocrx_word' id='word_1_878' title='bbox 1445 5055 1573 5111; x_wconf 87' lang='lat' dir='ltr'><strong><em>Cor.</em></strong></span> <span class='ocrx_word' id='word_1_879' title='bbox 1605 5071 1695 5119; x_wconf 77' lang='lat' dir='ltr'><strong><em>xv,</em></strong></span> <span class='ocrx_word' id='word_1_880' title='bbox 1723 5056 1811 5110; x_wconf 80' lang='lat'><strong><em>25.</em></strong></span> <span class='ocrx_word' id='word_1_881' title='bbox 1889 5058 1921 5087; x_wconf 83' lang='lat'>&quot;</span> 
     </span>
    </p>
   </div>
   <div class='ocr_carea' id='block_1_109' title="bbox 2025 5052 2780 5122">
    <p class='ocr_par' dir='ltr' id='par_1_109' title="bbox 2025 5056 2780 5118">
     <span class='ocr_line' id='line_1_111' title="bbox 2025 5056 2780 5118; baseline -0.001 -8"><span class='ocrx_word' id='word_1_882' title='bbox 2025 5074 2113 5111; x_wconf 78' lang='lat' dir='ltr'><strong><em>nn.</em></strong></span> <span class='ocrx_word' id='word_1_883' title='bbox 2147 5073 2269 5118; x_wconf 83' lang='lat' dir='ltr'><strong><em>vm.</em></strong></span> <span class='ocrx_word' id='word_1_884' title='bbox 2290 5056 2383 5112; x_wconf 86' lang='lat'><strong><em>26.</em></strong></span> <span class='ocrx_word' id='word_1_885' title='bbox 2458 5058 2502 5089; x_wconf 78' lang='grc'><strong><em>⁸⁸</em></strong></span> <span class='ocrx_word' id='word_1_886' title='bbox 2532 5059 2663 5112; x_wconf 83' lang='lat' dir='ltr'><strong><em>ibid.</em></strong></span> <span class='ocrx_word' id='word_1_887' title='bbox 2692 5057 2780 5112; x_wconf 73' lang='grc'><em>51».</em></span> 
     </span>
    </p>
   </div>
   <div class='ocr_carea' id='block_1_110' title="bbox 2312 4914 3620 5018">
    <p class='ocr_par' dir='ltr' id='par_1_110' title="bbox 2312 4914 3620 5018">
     <span class='ocr_line' id='line_1_112' title="bbox 2312 4914 3620 4982; baseline -0.001 -13"><span class='ocrx_word' id='word_1_888' title='bbox 2312 4917 2356 4948; x_wconf 82' lang='grc'><strong><em>¹⁶</em></strong></span> <span class='ocrx_word' id='word_1_889' title='bbox 2383 4916 2502 4970; x_wconf 81' lang='lat' dir='ltr'><strong><em>Gal.</em></strong></span> <span class='ocrx_word' id='word_1_890' title='bbox 2544 4931 2581 4982; x_wconf 89' lang='grc' dir='ltr'><em>ι,</em></span> <span class='ocrx_word' id='word_1_891' title='bbox 2608 4916 2695 4970; x_wconf 82' lang='lat'><strong><em>20.</em></strong></span> <span class='ocrx_word' id='word_1_892' title='bbox 2778 4916 2819 4949; x_wconf 84' lang='lat'><strong>&quot;</strong></span> <span class='ocrx_word' id='word_1_893' title='bbox 2853 4915 3010 4970; x_wconf 79' lang='lat' dir='ltr'><strong><em>Rom.</em></strong></span> <span class='ocrx_word' id='word_1_894' title='bbox 3055 4932 3095 4982; x_wconf 86' lang='lat' dir='ltr'><strong><em>t,</em></strong></span> <span class='ocrx_word' id='word_1_895' title='bbox 3131 4916 3185 4970; x_wconf 72' lang='lat'><strong><em>4.</em></strong></span> <span class='ocrx_word' id='word_1_896' title='bbox 3266 4915 3309 4947; x_wconf 80' lang='grc'>¹⁸</span> <span class='ocrx_word' id='word_1_897' title='bbox 3339 4914 3446 4970; x_wconf 86' lang='lat' dir='ltr'><strong><em>lsa.</em></strong></span> <span class='ocrx_word' id='word_1_898' title='bbox 3482 4927 3620 4981; x_wconf 78' lang='grc' dir='ltr'><em>ινιι,</em></span> 
     </span>
     <span class='ocr_line' id='line_1_113' title="bbox 2312 4984 3596 5018; baseline 0 0"><span class='ocrx_word' id='word_1_899' title='bbox 2312 4985 2443 5018; x_wconf 72' lang='grc' dir='ltr'><em>ιρηι</em></span> <span class='ocrx_word' id='word_1_900' title='bbox 2500 5003 2536 5018; x_wconf 84' lang='grc' dir='ltr'>η</span> <span class='ocrx_word' id='word_1_901' title='bbox 2591 4987 2622 5018; x_wconf 70' lang='grc' dir='ltr'><strong>Ω</strong></span> <span class='ocrx_word' id='word_1_902' title='bbox 2721 4987 2768 5018; x_wconf 69' lang='grc'><em>1³</em></span> <span class='ocrx_word' id='word_1_903' title='bbox 2803 4985 2841 5018; x_wconf 93' lang='lat' dir='ltr'><strong><em>ll</em></strong></span> <span class='ocrx_word' id='word_1_904' title='bbox 2874 4985 2987 5018; x_wconf 68' lang='grc' dir='ltr'><em>ιιι...</em></span> <span class='ocrx_word' id='word_1_905' title='bbox 3037 5002 3171 5018; x_wconf 65' lang='grc' dir='ltr'><strong><em>ν-..-</em></strong></span> <span class='ocrx_word' id='word_1_906' title='bbox 3221 4986 3255 5018; x_wconf 79' lang='grc' dir='ltr'><strong>ο</strong></span> <span class='ocrx_word' id='word_1_907' title='bbox 3385 4985 3431 5018; x_wconf 73' lang='lat' dir='ltr'><strong><em>st</em></strong></span> <span class='ocrx_word' id='word_1_908' title='bbox 3462 4984 3596 5018; x_wconf 73' lang='lat' dir='ltr'><strong><em>nun-</em></strong></span> 
     </span>
    </p>
   </div>
   <div class='ocr_carea' id='block_1_111' title="bbox 2858 4984 3621 5119">
    <p class='ocr_par' dir='ltr' id='par_1_111' title="bbox 2858 4984 3621 5119">
     <span class='ocr_line' id='line_1_114' title="bbox 2874 4984 3619 5053; baseline -0.001 -14"><span class='ocrx_word' id='word_1_909' title='bbox 2874 4985 2987 5053; x_wconf 71' lang='lat' dir='ltr'><strong><em>lleg</em></strong></span> <span class='ocrx_word' id='word_1_910' title='bbox 3037 5002 3194 5052; x_wconf 78' lang='lat' dir='ltr'><strong><em>mu,</em></strong></span> <span class='ocrx_word' id='word_1_911' title='bbox 3221 4986 3278 5040; x_wconf 90' lang='lat'><strong><em>2.</em></strong></span> <span class='ocrx_word' id='word_1_912' title='bbox 3385 4985 3431 5018; x_wconf 77' lang='lat'>“</span> <span class='ocrx_word' id='word_1_913' title='bbox 3462 4984 3619 5038; x_wconf 76' lang='lat' dir='ltr'><strong><em>Bonl.</em></strong></span> 
     </span>
     <span class='ocr_line' id='line_1_115' title="bbox 2858 5054 3621 5119; baseline 0 -10"><span class='ocrx_word' id='word_1_914' title='bbox 2858 5059 2902 5090; x_wconf 79' lang='lat'><strong>&quot;</strong></span> <span class='ocrx_word' id='word_1_915' title='bbox 2934 5056 3091 5112; x_wconf 74' lang='lat' dir='ltr'><strong><em>ltum.</em></strong></span> <span class='ocrx_word' id='word_1_916' title='bbox 3124 5073 3215 5119; x_wconf 78' lang='lat' dir='ltr'><strong><em>xx,</em></strong></span> <span class='ocrx_word' id='word_1_917' title='bbox 3236 5055 3323 5110; x_wconf 76' lang='grc'><em>16.</em></span> <span class='ocrx_word' id='word_1_918' title='bbox 3402 5055 3446 5086; x_wconf 82' lang='grc'><strong>³⁸</strong></span> <span class='ocrx_word' id='word_1_919' title='bbox 3477 5054 3621 5109; x_wconf 82' lang='lat' dir='ltr'><strong><em>Phil.</em></strong></span> 
     </span>
    </p>
   </div>
   <div class='ocr_carea' id='block_1_112' title="bbox 338 5122 1921 5192">
    <p class='ocr_par' dir='ltr' id='par_1_112' title="bbox 338 5122 1921 5191">
     <span class='ocr_line' id='line_1_116' title="bbox 338 5122 1921 5191; baseline 0.002 -16"><span class='ocrx_word' id='word_1_920' title='bbox 338 5124 433 5177; x_wconf 84' lang='grc'><strong><em>10.</em></strong></span> <span class='ocrx_word' id='word_1_921' title='bbox 525 5123 563 5155; x_wconf 78' lang='grc'><strong><em>³⁸</em></strong></span> <span class='ocrx_word' id='word_1_922' title='bbox 598 5122 616 5175; x_wconf 95' lang='lat' dir='ltr'><strong><em>l</em></strong></span> <span class='ocrx_word' id='word_1_923' title='bbox 656 5123 786 5179; x_wconf 86' lang='lat' dir='ltr'><strong><em>Cor.</em></strong></span> <span class='ocrx_word' id='word_1_924' title='bbox 811 5128 883 5189; x_wconf 70' lang='grc' dir='ltr'><strong><em>τι,</em></strong></span> <span class='ocrx_word' id='word_1_925' title='bbox 920 5125 1007 5178; x_wconf 84' lang='grc'><strong><em>10.</em></strong></span> <span class='ocrx_word' id='word_1_926' title='bbox 1083 5126 1129 5157; x_wconf 76' lang='grc'><strong><em>⁸³</em></strong></span> <span class='ocrx_word' id='word_1_927' title='bbox 1162 5124 1282 5181; x_wconf 80' lang='lat' dir='ltr'><strong><em>Gul.</em></strong></span> <span class='ocrx_word' id='word_1_928' title='bbox 1322 5143 1359 5191; x_wconf 84' lang='grc' dir='ltr'><em>ι,</em></span> <span class='ocrx_word' id='word_1_929' title='bbox 1398 5127 1485 5181; x_wconf 84' lang='grc'><em>15.</em></span> <span class='ocrx_word' id='word_1_930' title='bbox 1560 5126 1606 5157; x_wconf 82' lang='grc'><strong><em>³³</em></strong></span> <span class='ocrx_word' id='word_1_931' title='bbox 1645 5126 1665 5179; x_wconf 92' lang='lat' dir='ltr'><strong><em>l</em></strong></span> <span class='ocrx_word' id='word_1_932' title='bbox 1700 5124 1828 5180; x_wconf 85' lang='lat' dir='ltr'><strong><em>Cor.</em></strong></span> <span class='ocrx_word' id='word_1_933' title='bbox 1865 5142 1921 5189; x_wconf 81' lang='grc' dir='ltr'><strong><em>ιι,</em></strong></span> 
     </span>
    </p>
   </div>
   <div class='ocr_carea' id='block_1_113' title="bbox 2025 5122 3214 5192">
    <p class='ocr_par' dir='ltr' id='par_1_113' title="bbox 2025 5125 3214 5192">
     <span class='ocr_line' id='line_1_117' title="bbox 2025 5125 3214 5192; baseline -0.003 -8"><span class='ocrx_word' id='word_1_934' title='bbox 2025 5170 2037 5184; x_wconf 92' lang='grc'><strong><em>.</em></strong></span> <span class='ocrx_word' id='word_1_935' title='bbox 2114 5127 2159 5159; x_wconf 69' lang='grc'><strong><em>³⁵</em></strong></span> <span class='ocrx_word' id='word_1_936' title='bbox 2190 5126 2233 5180; x_wconf 90' lang='grc' dir='ltr'><strong><em>ιι</em></strong></span> <span class='ocrx_word' id='word_1_937' title='bbox 2271 5126 2400 5183; x_wconf 88' lang='lat' dir='ltr'><strong><em>Cor.</em></strong></span> <span class='ocrx_word' id='word_1_938' title='bbox 2438 5143 2557 5192; x_wconf 70' lang='grc' dir='ltr'><em>χιιι,</em></span> <span class='ocrx_word' id='word_1_939' title='bbox 2584 5129 2636 5183; x_wconf 89' lang='grc'><em>5.</em></span> <span class='ocrx_word' id='word_1_940' title='bbox 2716 5128 2760 5159; x_wconf 83' lang='grc'><em>³³</em></span> <span class='ocrx_word' id='word_1_941' title='bbox 2800 5125 2971 5183; x_wconf 85' lang='lat' dir='ltr'><strong><em>lCor.</em></strong></span> <span class='ocrx_word' id='word_1_942' title='bbox 3001 5144 3082 5192; x_wconf 86' lang='grc' dir='ltr'><em>ιιι,</em></span> <span class='ocrx_word' id='word_1_943' title='bbox 3127 5126 3214 5181; x_wconf 87' lang='grc'><em>16.</em></span> 
     </span>
    </p>
   </div>
   <div class='ocr_carea' id='block_1_114' title="bbox 416 5276 1936 5350">
    <p class='ocr_par' dir='ltr' id='par_1_114' title="bbox 416 5276 1936 5350">
     <span class='ocr_line' id='line_1_118' title="bbox 416 5276 1936 5350; baseline 0.001 -19"><span class='ocrx_word' id='word_1_944' title='bbox 416 5278 499 5345; x_wconf 85' lang='lat' dir='ltr'><strong><em>l9)</em></strong></span> <span class='ocrx_word' id='word_1_945' title='bbox 529 5277 693 5345; x_wconf 73' lang='grc' dir='ltr'><em>Λέγω</em></span> <span class='ocrx_word' id='word_1_946' title='bbox 709 5276 788 5350; x_wconf 50' lang='grc' dir='ltr'><strong><em>-δὲ</em></strong></span> <span class='ocrx_word' id='word_1_947' title='bbox 817 5281 929 5334; x_wconf 73' lang='grc' dir='ltr'><strong><em>οὐκ</em></strong></span> <span class='ocrx_word' id='word_1_948' title='bbox 958 5279 1094 5349; x_wconf 78' lang='grc' dir='ltr'><strong><em>ἐγὼ,</em></strong></span> <span class='ocrx_word' id='word_1_949' title='bbox 1121 5280 1260 5334; x_wconf 74' lang='grc' dir='ltr'><em>ἀλλ’</em></span> <span class='ocrx_word' id='word_1_950' title='bbox 1286 5282 1320 5334; x_wconf 85' lang='grc' dir='ltr'><strong><em>ό</em></strong></span> <span class='ocrx_word' id='word_1_951' title='bbox 1363 5280 1596 5349; x_wconf 85' lang='grc' dir='ltr'><em>Κύριος.</em></span> <span class='ocrx_word' id='word_1_952' title='bbox 1640 5279 1936 5350; x_wconf 78' lang='lat' dir='ltr'><strong><em>lrropserat</em></strong></span> 
     </span>
    </p>
   </div>
   <div class='ocr_carea' id='block_1_115' title="bbox 330 5347 1936 5429">
    <p class='ocr_par' dir='ltr' id='par_1_115' title="bbox 330 5347 1936 5429">
     <span class='ocr_line' id='line_1_119' title="bbox 330 5347 1936 5429; baseline -0.001 -29"><span class='ocrx_word' id='word_1_953' title='bbox 330 5350 412 5429; x_wconf 50' lang='grc' dir='ltr'><strong><em>ξε</em></strong></span> <span class='ocrx_word' id='word_1_954' title='bbox 437 5359 676 5429; x_wconf 71' lang='lat' dir='ltr'><strong><em>utraque</em></strong></span> <span class='ocrx_word' id='word_1_955' title='bbox 709 5347 902 5429; x_wconf 63' lang='lat' dir='ltr'><strong><em>Latina</em></strong></span> <span class='ocrx_word' id='word_1_956' title='bbox 955 5347 1403 5418; x_wconf 78' lang='lat' dir='ltr'><strong><em>interpretatione</em></strong></span> <span class='ocrx_word' id='word_1_957' title='bbox 1431 5347 1514 5429; x_wconf 32' lang='lat' dir='ltr'><strong><em>et‘</em></strong></span> <span class='ocrx_word' id='word_1_958' title='bbox 1536 5347 1826 5429; x_wconf 77' lang='lat' dir='ltr'><strong><em>Petaviaha</em></strong></span> <span class='ocrx_word' id='word_1_959' title='bbox 1882 5361 1936 5429; x_wconf 63' lang='grc' dir='ltr'><strong><em>ιι</em></strong></span> 
     </span>
    </p>
   </div>
   <div class='ocr_carea' id='block_1_116' title="bbox 328 5417 1931 5491">
    <p class='ocr_par' dir='ltr' id='par_1_116' title="bbox 328 5417 1931 5491">
     <span class='ocr_line' id='line_1_120' title="bbox 328 5417 1931 5491; baseline 0.003 -21"><span class='ocrx_word' id='word_1_960' title='bbox 328 5417 769 5491; x_wconf 76' lang='lat' dir='ltr'><strong><em>Thoniasiana_:</em></strong></span> <span class='ocrx_word' id='word_1_961' title='bbox 798 5417 928 5491; x_wconf 78' lang='lat' dir='ltr'><strong><em>Dico</em></strong></span> <span class='ocrx_word' id='word_1_962' title='bbox 960 5417 1157 5484; x_wconf 88' lang='lat' dir='ltr'><strong><em>autem,</em></strong></span> <span class='ocrx_word' id='word_1_963' title='bbox 1182 5437 1272 5491; x_wconf 85' lang='lat' dir='ltr'><strong><em>ego</em></strong></span> <span class='ocrx_word' id='word_1_964' title='bbox 1302 5437 1441 5484; x_wconf 86' lang='lat' dir='ltr'><strong><em>non;</em></strong></span> <span class='ocrx_word' id='word_1_965' title='bbox 1475 5420 1753 5487; x_wconf 84' lang='lat' dir='ltr'><strong><em>Dominus,</em></strong></span> <span class='ocrx_word' id='word_1_966' title='bbox 1787 5422 1931 5491; x_wconf 90' lang='lat' dir='ltr'><strong><em>quod</em></strong></span> 
     </span>
    </p>
   </div>
   <div class='ocr_carea' id='block_1_117' title="bbox 325 5474 1091 5545">
    <p class='ocr_par' dir='ltr' id='par_1_117' title="bbox 325 5474 1091 5545">
     <span class='ocr_line' id='line_1_121' title="bbox 325 5474 1091 5545; baseline -0.001 -1"><span class='ocrx_word' id='word_1_967' title='bbox 325 5502 454 5544; x_wconf 82' lang='lat' dir='ltr'><strong><em>nos</em></strong></span> <span class='ocrx_word' id='word_1_968' title='bbox 476 5474 761 5542; x_wconf 73' lang='lat' dir='ltr'><strong><em>emendari</em></strong></span> <span class='ocrx_word' id='word_1_969' title='bbox 797 5489 1091 5545; x_wconf 83' lang='lat' dir='ltr'><strong><em>voluimus.</em></strong></span> 
     </span>
    </p>
   </div>
   <div class='ocr_carea' id='block_1_118' title="bbox 417 5555 1935 5631">
    <p class='ocr_par' dir='ltr' id='par_1_118' title="bbox 417 5555 1935 5631">
     <span class='ocr_line' id='line_1_122' title="bbox 417 5555 1935 5631; baseline 0 -16"><span class='ocrx_word' id='word_1_970' title='bbox 417 5557 538 5631; x_wconf 58' lang='lat'><strong><em>([0)</em></strong></span> <span class='ocrx_word' id='word_1_971' title='bbox 568 5555 856 5631; x_wconf 69' lang='lat' dir='ltr'><strong><em>_lnCrteeo</em></strong></span> <span class='ocrx_word' id='word_1_972' title='bbox 884 5566 1033 5631; x_wconf 81' lang='lat' dir='ltr'><strong><em>textu</em></strong></span> <span class='ocrx_word' id='word_1_973' title='bbox 1056 5560 1224 5631; x_wconf 72' lang='lat' dir='ltr'><strong><em>illius</em></strong></span> <span class='ocrx_word' id='word_1_974' title='bbox 1252 5561 1358 5616; x_wconf 81' lang='lat' dir='ltr'><strong><em>loci</em></strong></span> <span class='ocrx_word' id='word_1_975' title='bbox 1392 5560 1646 5631; x_wconf 70' lang='lat' dir='ltr'><strong><em>Epistula:</em></strong></span> <span class='ocrx_word' id='word_1_976' title='bbox 1679 5562 1935 5617; x_wconf 69' lang='lat' dir='ltr'><strong><em>secunde</em></strong></span> 
     </span>
    </p>
   </div>
   <div class='ocr_carea' id='block_1_119' title="bbox 326 5627 1623 5704">
    <p class='ocr_par' dir='ltr' id='par_1_119' title="bbox 326 5627 1623 5704">
     <span class='ocr_line' id='line_1_123' title="bbox 326 5627 1623 5704; baseline 0.004 -26"><span class='ocrx_word' id='word_1_977' title='bbox 326 5627 419 5686; x_wconf 68' lang='lat' dir='ltr'><strong><em>ad</em></strong></span> <span class='ocrx_word' id='word_1_978' title='bbox 448 5627 776 5704; x_wconf 68' lang='lat' dir='ltr'><strong><em>Corinthios</em></strong></span> <span class='ocrx_word' id='word_1_979' title='bbox 798 5628 1029 5704; x_wconf 69' lang='lat' dir='ltr'><strong><em>legimus</em></strong></span> <span class='ocrx_word' id='word_1_980' title='bbox 1055 5628 1339 5696; x_wconf 76' lang='grc' dir='ltr'><em>λαλοῦντος</em></span> <span class='ocrx_word' id='word_1_981' title='bbox 1364 5627 1623 5704; x_wconf 74' lang='grc' dir='ltr'><em>Χριστοῦ.</em></span> 
     </span>
    </p>
   </div>
   <div class='ocr_carea' id='block_1_120' title="bbox 420 5694 1934 5768">
    <p class='ocr_par' dir='ltr' id='par_1_120' title="bbox 420 5694 1934 5768">
     <span class='ocr_line' id='line_1_124' title="bbox 420 5694 1934 5768; baseline 0.001 -17"><span class='ocrx_word' id='word_1_982' title='bbox 420 5696 544 5768; x_wconf 76' lang='lat' dir='ltr'><strong><em>(ii)</em></strong></span> <span class='ocrx_word' id='word_1_983' title='bbox 596 5694 761 5751; x_wconf 75' lang='lat' dir='ltr'><strong><em>Juxta</em></strong></span> <span class='ocrx_word' id='word_1_984' title='bbox 798 5694 1045 5752; x_wconf 57' lang='lat' dir='ltr'><strong><em>La&#39;tinam</em></strong></span> <span class='ocrx_word' id='word_1_985' title='bbox 1097 5694 1502 5761; x_wconf 56' lang='lat' dir='ltr'><strong><em>versioucttt&#39;in</em></strong></span> <span class='ocrx_word' id='word_1_986' title='bbox 1543 5704 1733 5758; x_wconf 69' lang='lat' dir='ltr'><strong><em>Graeco</em></strong></span> <span class='ocrx_word' id='word_1_987' title='bbox 1784 5708 1934 5757; x_wconf 79' lang='lat' dir='ltr'><strong><em>textu</em></strong></span> 
     </span>
    </p>
   </div>
   <div class='ocr_carea' id='block_1_121' title="bbox 2044 5281 3624 5353">
    <p class='ocr_par' dir='ltr' id='par_1_121' title="bbox 2044 5281 3624 5353">
     <span class='ocr_line' id='line_1_125' title="bbox 2044 5281 3624 5353; baseline 0.002 -19"><span class='ocrx_word' id='word_1_988' title='bbox 2044 5281 2194 5353; x_wconf 72' lang='lat' dir='ltr'><strong><em>illius</em></strong></span> <span class='ocrx_word' id='word_1_989' title='bbox 2216 5281 2322 5337; x_wconf 90' lang='lat' dir='ltr'><strong><em>loci</em></strong></span> <span class='ocrx_word' id='word_1_990' title='bbox 2348 5283 2692 5353; x_wconf 80' lang='lat' dir='ltr'><strong><em>desideratur</em></strong></span> <span class='ocrx_word' id='word_1_991' title='bbox 2723 5282 2855 5336; x_wconf 89' lang='lat' dir='ltr'><strong><em>illud</em></strong></span> <span class='ocrx_word' id='word_1_992' title='bbox 2879 5282 3138 5353; x_wconf 63' lang='lat' dir='ltr'><strong><em>Epistolas:</em></strong></span> <span class='ocrx_word' id='word_1_993' title='bbox 3168 5284 3232 5338; x_wconf 81' lang='lat' dir='ltr'><strong><em>ad</em></strong></span> <span class='ocrx_word' id='word_1_994' title='bbox 3260 5282 3539 5339; x_wconf 80' lang='lat' dir='ltr'><strong><em>Romanos</em></strong></span> <span class='ocrx_word' id='word_1_995' title='bbox 3563 5298 3624 5349; x_wconf 82' lang='grc' dir='ltr'><em>ιι,</em></span> 
     </span>
    </p>
   </div>
   <div class='ocr_carea' id='block_1_122' title="bbox 2042 5352 3623 5424">
    <p class='ocr_par' dir='ltr' id='par_1_122' title="bbox 2042 5352 3623 5424">
     <span class='ocr_line' id='line_1_126' title="bbox 2042 5352 3623 5424; baseline 0.001 -19"><span class='ocrx_word' id='word_1_996' title='bbox 2042 5352 2157 5424; x_wconf 61' lang='grc' dir='ltr'><strong><em>29έ</em></strong></span> <span class='ocrx_word' id='word_1_997' title='bbox 2186 5353 2459 5424; x_wconf 77' lang='grc' dir='ltr'><em>περιτομὴ</em></span> <span class='ocrx_word' id='word_1_998' title='bbox 2491 5352 2717 5424; x_wconf 68' lang='grc' dir='ltr'><em>καρδίας</em></span> <span class='ocrx_word' id='word_1_999' title='bbox 2742 5354 2798 5404; x_wconf 76' lang='grc' dir='ltr'><strong><em>ἐν</em></strong></span> <span class='ocrx_word' id='word_1_1000' title='bbox 2822 5352 3113 5424; x_wconf 71' lang='grc' dir='ltr'><em>πνεύματι,</em></span> <span class='ocrx_word' id='word_1_1001' title='bbox 3143 5355 3326 5421; x_wconf 78' lang='grc' dir='ltr'><em>ὅμοιον</em></span> <span class='ocrx_word' id='word_1_1002' title='bbox 3355 5353 3452 5423; x_wconf 82' lang='grc' dir='ltr'><em>τῷ.</em></span> <span class='ocrx_word' id='word_1_1003' title='bbox 3471 5354 3623 5421; x_wconf 74' lang='lat' dir='ltr'><strong><em>Quod</em></strong></span> 
     </span>
    </p>
   </div>
   <div class='ocr_carea' id='block_1_123' title="bbox 2042 5421 2927 5477">
    <p class='ocr_par' dir='ltr' id='par_1_123' title="bbox 2042 5421 2927 5477">
     <span class='ocr_line' id='line_1_127' title="bbox 2042 5421 2927 5477; baseline -0.001 0"><span class='ocrx_word' id='word_1_1004' title='bbox 2042 5430 2096 5477; x_wconf 87' lang='lat' dir='ltr'><strong><em>et</em></strong></span> <span class='ocrx_word' id='word_1_1005' title='bbox 2128 5421 2350 5476; x_wconf 60' lang='lat' dir='ltr'><strong><em>Patavio</em></strong></span> <span class='ocrx_word' id='word_1_1006' title='bbox 2381 5421 2654 5475; x_wconf 59' lang='lat' dir='ltr'><strong><em>excidisse</em></strong></span> <span class='ocrx_word' id='word_1_1007' title='bbox 2685 5429 2927 5476; x_wconf 81' lang='lat' dir='ltr'><strong><em>constat.</em></strong></span> 
     </span>
    </p>
   </div>
   <div class='ocr_carea' id='block_1_124' title="bbox 2115 5490 3627 5562">
    <p class='ocr_par' dir='ltr' id='par_1_124' title="bbox 2115 5490 3627 5562">
     <span class='ocr_line' id='line_1_128' title="bbox 2115 5490 3627 5562; baseline 0.003 -18"><span class='ocrx_word' id='word_1_1008' title='bbox 2115 5490 2508 5562; x_wconf 30' lang='lat' dir='ltr'><strong><em>(l2)AG_ra:cum</em></strong></span> <span class='ocrx_word' id='word_1_1009' title='bbox 2561 5490 2815 5562; x_wconf 62' lang='lat' dir='ltr'><strong><em>Epistolge</em></strong></span> <span class='ocrx_word' id='word_1_1010' title='bbox 2866 5493 3052 5562; x_wconf 72' lang='lat' dir='ltr'><strong><em>primm</em></strong></span> <span class='ocrx_word' id='word_1_1011' title='bbox 3100 5492 3164 5546; x_wconf 80' lang='lat' dir='ltr'><strong><em>ad</em></strong></span> <span class='ocrx_word' id='word_1_1012' title='bbox 3215 5493 3534 5550; x_wconf 82' lang='lat' dir='ltr'><strong><em>Corinthios</em></strong></span> <span class='ocrx_word' id='word_1_1013' title='bbox 3566 5509 3627 5555; x_wconf 84' lang='lat' dir='ltr'><strong><em>tt.</em></strong></span> 
     </span>
    </p>
   </div>
   <div class='ocr_carea' id='block_1_125' title="bbox 2046 5558 3629 5633">
    <p class='ocr_par' dir='ltr' id='par_1_125' title="bbox 2046 5558 3629 5633">
     <span class='ocr_line' id='line_1_129' title="bbox 2046 5558 3629 5633; baseline 0 -18"><span class='ocrx_word' id='word_1_1014' title='bbox 2046 5558 2151 5633; x_wconf 78' lang='grc' dir='ltr'><em>1οε</em></span> <span class='ocrx_word' id='word_1_1015' title='bbox 2178 5558 2353 5633; x_wconf 55' lang='lat' dir='ltr'><strong><em>sese;</em></strong></span> <span class='ocrx_word' id='word_1_1016' title='bbox 2377 5558 2713 5633; x_wconf 59' lang='grc' dir='ltr'><strong><em>ᾁπεκέὼᾷψε.</em></strong></span> <span class='ocrx_word' id='word_1_1017' title='bbox 2742 5558 2993 5633; x_wconf 64' lang='lat' dir='ltr'><strong><em>vulgata,</em></strong></span> <span class='ocrx_word' id='word_1_1018' title='bbox 3011 5562 3253 5619; x_wconf 71' lang='lat' dir='ltr'><strong><em>reuelauit</em></strong></span> <span class='ocrx_word' id='word_1_1019' title='bbox 3284 5563 3442 5620; x_wconf 78' lang='lat' dir='ltr'><strong><em>Deus.</em></strong></span> <span class='ocrx_word' id='word_1_1020' title='bbox 3468 5564 3629 5633; x_wconf 77' lang='lat' dir='ltr'><strong>Juxta</strong></span> 
     </span>
    </p>
   </div>
   <div class='ocr_carea' id='block_1_126' title="bbox 2047 5630 3637 5755">
    <p class='ocr_par' dir='ltr' id='par_1_126' title="bbox 2047 5630 3637 5755">
     <span class='ocr_line' id='line_1_130' title="bbox 2047 5630 3637 5755; baseline -0.007 -62"><span class='ocrx_word' id='word_1_1021' title='bbox 2047 5630 2334 5755; x_wconf 54' lang='lat' dir='ltr'><strong><em>Ej‘tilélIIansij</em></strong></span> <span class='ocrx_word' id='word_1_1022' title='bbox 2364 5630 2660 5688; x_wconf 85' lang='lat' dir='ltr'><strong><em>dictionem</em></strong></span> <span class='ocrx_word' id='word_1_1023' title='bbox 2692 5630 2885 5691; x_wconf 75' lang='lat' dir='ltr'><strong><em>Latine</em></strong></span> <span class='ocrx_word' id='word_1_1024' title='bbox 2913 5633 3207 5691; x_wconf 82' lang='lat' dir='ltr'><strong><em>dicendum</em></strong></span> <span class='ocrx_word' id='word_1_1025' title='bbox 3234 5646 3402 5705; x_wconf 85' lang='lat' dir='ltr'><strong><em>esset,</em></strong></span> <span class='ocrx_word' id='word_1_1026' title='bbox 3438 5630 3637 5691; x_wconf 73' lang='lat' dir='ltr'><strong><em>reuela-</em></strong></span> 
     </span>
     <span class='ocr_line' id='line_1_131' title="bbox 2047 5716 2418 5755; baseline 0 0"><span class='ocrx_word' id='word_1_1027' title='bbox 2047 5719 2092 5755; x_wconf 87' lang='lat' dir='ltr'><strong><em>vt</em></strong></span> <span class='ocrx_word' id='word_1_1028' title='bbox 2212 5717 2276 5755; x_wconf 75' lang='grc' dir='ltr'><strong><em>υἹ</em></strong></span> <span class='ocrx_word' id='word_1_1029' title='bbox 2336 5716 2418 5755; x_wconf 63' lang='grc' dir='ltr'><strong><em>αδ.</em></strong></span> 
     </span>
    </p>
   </div>
   <div class='ocr_carea' id='block_1_127' title="bbox 2047 5716 2418 5759">
    <p class='ocr_par' dir='ltr' id='par_1_127' title="bbox 2047 5716 2418 5759">
     <span class='ocr_line' id='line_1_132' title="bbox 2047 5716 2418 5759; baseline 0.008 -4"><span class='ocrx_word' id='word_1_1030' title='bbox 2047 5716 2117 5755; x_wconf 82' lang='grc' dir='ltr'><strong><em>υιι</em></strong></span> <span class='ocrx_word' id='word_1_1031' title='bbox 2151 5716 2418 5759; x_wconf 70' lang='grc' dir='ltr'><em>ωινιδιιιτ.</em></span> 
     </span>
    </p>
   </div>
  </div>
