3992 6198
450 323 551 382 ΗΞ

1833 310 1891 367 S.
1931 308 2269 365 EPIPHANII

3596 308 3703 366 θ’ιᾶ

448 436 672 511 perinde
692 442 853 507 atque
874 432 1008 491 illud
1033 452 1045 488 :
1074 428 1341 484 Ilabitabo
1370 429 1422 480 in
1450 426 1559 481 illis
1586 435 1633 481 et
1658 425 2021 493 inambulabo,

2125 426 2319 493 λύψαι
2363 423 2471 478 τὸν
2510 423 2644 479 Υιὸν
2664 424 2850 479 αὐτοῦ
2898 424 2967 478 ἐν
3014 425 3164 494 ἐμοί.
3193 452 3260 465 -
3297 423 3493 493 Ἡμεῖς
3526 425 3595 479 δέ
3625 430 3702 482 οὐ

444 538 497 585 et
518 546 607 585 ero
635 530 847 584 illorum
879 526 1042 588 Deus,
1074 532 1123 577 et
1146 522 1247 589 ipsi
1275 528 1428 573 erunt
1459 520 1586 573 mihi
1616 520 1844 588 populus
1870 520 1912 570 ‘.

2126 516 2193 569 τι)
2222 514 2455 583 πνεῦμα
2486 513 2592 568 τοῦ
2627 516 2858 583 κόσμου
2884 514 3207 582 ἐλάϐομεν,
3238 514 3398 571 ἀλλὰ
3423 515 3488 567 τὸ
3513 516 3704 569 Πνεῦο
3808 570 3827 574 ,

445 641 529 695 μα
553 622 621 677 τὸ
649 624 717 677 ἐκ
745 620 893 675 Θεοῦ
917 636 931 651 ·
961 620 1145 687 ὅμοιον
1193 614 1272 685 τῷ
1300 616 1509 678 εἰπεῖν,
1556 613 1845 679 Ἑαυτοὺς
1867 609 2237 681 δοκιμάζετε,
2278 612 2330 662 εἱ
2365 612 2397 662 ό
2445 608 2699 677 Χριστὸς
2737 608 2806 662 ἐν
2843 608 3002 677 ὑμῖν.
3045 638 3117 647 -
3171 608 3330 673 Nam;
3385 608 3493 662 τοῦ
3548 609 3702 663 Θεοῦ

446 717 615 782 ἐστε,
672 714 769 767 καὶ
811 711 878 764 τὸ
910 707 1152 777 Πνεῦμα
1185 709 1291 760 τοῦ
1336 706 1483 760 Θεοῦ
1544 704 1692 759 οἰκεῖ
1745 705 1814 757 ἐν
1860 703 2002 772 ὑμῖν
2051 726 2068 738 -

2128 702 2311 771 ὅμοιον
2360 699 2437 770 τῷ
2492 701 2707 764 εἰπεῖν,
2778 699 3108 768 Ἐνοικήσω
3161 699 3232 752 ἐν
3285 698 3531 766 αὐτοῖς,
3600 701 3702 754 καὶ

447 802 901 876 ἐμπεριπατήσω
926 838 941 865 ,
974 798 1070 853 καὶ
1098 800 1313 867 ἔσομαι
1341 795 1539 851 αὐτῶν
1563 796 1740 861 Θεὸς,
1781 794 1877 849 καὶ
1910 793 2080 848 αὐτοὶ
2109 793 2356 847 ἔσονταί
2382 808 2483 861 μοι
2512 792 2679 856 λαός.

514 914 700 972 LXIX.
744 913 1050 981 Quinetiam
1074 911 1521 982 iustiﬁcationem
1553 910 1621 964 ab
1645 918 1874 979 utroque
1902 923 2010 962 ma-

446 1025 579 1065 nare
623 1006 965 1061 demonstrat
1012 1012 1065 1058 et
1107 1002 1361 1073 gratiam.
1431 1000 1730 1070 Justiﬁcnti
1761 1016 1921 1069 porro
1963 1000 2017 1052 in

446 1098 654 1153 nomine
684 1094 901 1150 Domini
933 1094 1103 1148 nostri
1135 1090 1264 1145 Jesu
1299 1090 1501 1146 Christi
1533 1101 1581 1145 et
1610 1092 1661 1144 in
1690 1091 1895 1160 Spiritu
1919 1090 2018 1144 Dei

445 1191 615 1245 nostri
656 1191 709 1252 ';
746 1187 838 1243 cui
868 1186 1047 1243 simile
1080 1192 1203 1240 est:
1249 1183 1544 1253 Justiﬁcnti
1586 1192 1760 1237 autem
1799 1198 1862 1237 ex
1892 1182 2016 1252 fide,

443 1297 623 1349 pacem
656 1279 907 1333 habemus
940 1293 1058 1330 cum
1093 1276 1201 1329 Deo
1232 1292 1323 1345 per
1354 1274 1637 1327 Dominum
1663 1282 1903 1327 nostrum
1928 1271 2021 1326 Je-

444 1388 561 1425 sum
585 1370 854 1425 Christum
878 1370 919 1422 ³.
984 1367 1153 1422 Nemo
1191 1376 1358 1436 potest
1400 1366 1571 1420 dicere
1612 1365 1895 1419 Dominum
1924 1364 2020 1419 Je-

443 1478 583 1525 sum,
628 1461 732 1514 nisi
766 1460 819 1513 in
848 1459 1053 1527 Spiritu
1085 1458 1340 1523 sancto‘;
1393 1466 1448 1512 et
1476 1476 1488 1511 :
1520 1456 1690 1511 Nemo
1727 1466 1894 1526 potest
1926 1474 2022 1511 tte--

445 1554 614 1621 cipere
650 1550 911 1621 Spiritum
941 1560 1203 1612 sanctum,
1237 1548 1340 1602 nisi
1378 1566 1408 1602 a
1438 1547 1688 1603 Domino.
1727 1548 1873 1603 Dicis
1896 1565 2019 1604 ones

443 1659 602 1711 porro
634 1643 928 1713 gratiarum
954 1650 1098 1704 sunt,
1122 1640 1258 1695 idem
1289 1657 1404 1694 vero
1438 1639 1705 1709 Spiritus;
1734 1649 1783 1694 et
1805 1640 2020 1695 divisio-

2191 906 2309 963 ΞΘ’.
2353 906 2513 960 Ἀλλὰ
2552 906 2645 959 καὶ
2690 906 2790 976 τὴν
2834 904 3178 974 δικαιοσύνην
3213 904 3271 970 ἐξ
3317 905 3519 975 ἀμφοῖν
3554 905 3707 973 λέγει

2122 998 2214 1053 καὶ
2241 998 2341 1069 τὴν
2390 998 2571 1067 χάριν.
2626 995 3046 1059 Δικαιωθέντες
3089 994 3158 1047 δὲ
3205 995 3275 1048 ἐν
3330 993 3410 1059 τῷ
3462 998 3707 1066 ὀνόματι

2136 1089 2329 1157 Ἰησοῦ
2374 1087 2632 1157 Χριστοῦ
2673 1087 2780 1141 τοῦ
2824 1088 3045 1153 Κυρίου
3081 1085 3249 1154 ἡμῶν
3289 1086 3389 1138 καὶ
3419 1087 3489 1139 ἐν
3514 1090 3707 1142 Πνεύ-

2118 1197 2258 1251 ματι
2289 1179 2397 1233 τοῦ
2442 1179 2588 1232 Θεοῦ
2630 1177 2828 1248 ἡμῶν·
2868 1179 3051 1248 ὅμοιον
3098 1176 3175 1247 τῷ
3222 1178 3417 1241 εἰπεῖν,
3466 1180 3706 1233 Δικαιω-

2125 1270 2325 1337 θέντες
2356 1270 2422 1323 δὲ
2450 1271 2518 1323 ἐκ
2552 1272 2833 1336 πίστεως,
2873 1268 3119 1337 εἰρήνην
3157 1269 3373 1338 ἔχομεν
3409 1270 3558 1339 πρὸς
3595 1270 3708 1326 τὸν

2128 1363 2276 1417 Θεὸν
2311 1363 2407 1416 διὰ
2452 1362 2560 1417 τοῦ
2602 1363 2825 1431 Kvplov
2872 1361 3040 1429 ἡμῶν
3082 1360 3275 1428 Ἰησοῦ
3317 1361 3598 1430 Χριστοῦ.
3634 1394 3707 1405 --

2128 1455 2335 1521 Οὐδεὶς
2372 1454 2619 1508 δύναται
2651 1454 2841 1507 εἰπεῖν
2877 1455 3097 1521 Κύριον
3128 1452 3386 1520 Ἰησοῦν,
3430 1456 3483 1508 ει
3514 1455 3599 1524 μὴ
3634 1456 3706 1509 ἐν

2122 1544 2418 1614 Πνεύματι
2476 1544 2654 1612 άγίῳ’
2710 1545 2843 1606 καὶ,
2906 1542 3113 1608 Οὐδεὶς
3162 1541 3410 1595 δύναται
3462 1544 3704 1612 Πνεῦμα

2122 1633 2292 1703 ἅγιον
2310 1634 2537 1701 λαϐεῖν,
2559 1637 2607 1687 εί
2632 1635 2719 1703 μὴ
2753 1632 2910 1701 παρὰ
2940 1634 3180 1702 Ki'plov.
3200 1662 3270 1673 ——
3288 1634 3613 1701 Διαιρέσεις
3636 1633 3705 1687 δέ

447 1751 536 1789 nes
584 1735 999 1788 ministeriorum
1046 1743 1190 1797 sunt,
1236 1731 1373 1786 ident
1417 1742 1589 1785 autem
1642 1731 1932 1797 Dominus;
1970 1742 2021 1787 et

2124 1726 2508 1795 χαρισμάτων
2535 1728 2675 1792 εἰσὶ,
2708 1727 2771 1781 τὸ
2813 1727 2882 1779 δὲ
2936 1726 3081 1779 αὐτὸ
3112 1726 3353 1793 Πνεῦμα
3373 1742 3385 1754 ⁶
3428 1726 3525 1779 καὶ
3558 1726 3704 1779 διαι-

445 1824 726 1877 divisiones
771 1822 1136 1892 operationum
1178 1830 1321 1884 sunt,
1367 1820 1504 1874 idem
1547 1830 1724 1874 autem
1762 1821 1901 1875 Deus
1934 1822 2023 1891 qui

446 1924 697 1985 operatur
718 1913 895 1967 omnia
918 1914 971 1966 in
996 1914 1234 1965 omnibus
1255 1910 1275 1941 '
1307 1928 1321 1977 ;
1345 1920 1397 1964 et
1422 1928 1433 1963 :
1455 1909 1495 1962 Α
1516 1910 1685 1979 gloria
1702 1912 1755 1964 in
1772 1911 2019 1981 gloriam,

448 2015 701 2075 tanquam
731 2021 769 2057 α
794 2001 1012 2057 Domini
1035 2003 1239 2071 Spiritu
1266 2003 1307 2055 ⁸.
1360 2004 1425 2054 Ει
1452 2019 1465 2055 :
1500 2001 1681 2055 Nolite
1712 2004 2024 2058 contristare

447 2092 708 2161 Spiritum
749 2101 1013 2154 sanctum,
1055 2092 1108 2145 in
1142 2108 1244 2155 quo
1280 2092 1476 2160 signati
1521 2093 1647 2145 estis
1685 2093 1738 2144 in
1768 2092 1906 2146 diem
1941 2110 2024 2147 re-

444 2185 759 2253 demptionis
784 2185 842 2248 7;
878 2198 1002 2237 cum
1053 2182 1147 2236 illo
1182 2183 1563 2237 consentiunt:
1594 2181 1654 2236 Si
1679 2198 2022 2250 provocamus

444 2274 756 2340 Dominum,
796 2291 864 2327 an
896 2273 1141 2343 fortiores
1186 2276 1297 2343 ipso
1330 2289 1511 2327 sumus
1535 2273 1595 2326 ’Υ
1647 2272 1759 2327 Hoc
1791 2280 1968 2328 autem
2004 2292 2019 2329 :

446 2366 681 2434 Spiritus
724 2364 1005 2434 manifeste
1057 2363 1188 2417 dicit
1234 2365 1278 2427 ’,
1321 2364 1501 2417 simile
1552 2370 1638 2419 est
1682 2364 1850 2419 huic:
1894 2367 2024 2418 Hcce

447 2456 577 2509 dicit
609 2455 877 2509 Dominus‘
904 2454 1230 2521 omnipotens
1259 2452 1323 2506 λθ.
1351 2452 1434 2518 Ει,
1469 2452 1699 2520 Spiritus
1746 2469 1890 2509 meus
1915 2461 2023 2507 stat

447 2546 504 2598 in
542 2544 711 2599 medio
752 2544 1009 2610 vestri“,
1054 2558 1179 2598 cum
1222 2543 1328 2597 isto
1375 2541 1765 2614 conjungitur:
1809 2543 1870 2599 Si
1906 2546 2022 2615 quis

362 2660 386 2681 ο
448 2635 714 2702 aperuerit
743 2634 872 2688 mihi
897 2636 961 2698 ι’,
996 2633 1353 2704 ingrediantur
1372 2650 1464 2703 ego
1495 2642 1545 2687 et
1577 2633 1762 2701 Pater,
1787 2643 1837 2688 et
1872 2651 2025 2688 man-

448 2728 649 2781 sionem
678 2726 818 2796 apud
855 2726 1028 2796 ipsum
1061 2725 1317 2793 faciemus
1343 2724 1407 2777 ⁸³.
1439 2724 1520 2779 Ad
1551 2724 1670 2779 haec
1699 2725 1904 2781 Isaias:
1951 2723 2023 2779 Et

449 2820 821 2888 super-ipsum,
850 2819 1045 2888 inquit,
1073 2816 1305 2886 Spiritus
1341 2817 1435 2871 Dei
1458 2818 1536 2886 “;
1568 2816 1819 2874 Christus
1848 2834 2017 2875 vero:

448 2909 683 2979 Spiritus
714 2910 928 2964 Domini
956 2926 1114 2979 super
1137 2925 1241 2974 me,
1275 2918 1485 2978 propter
1504 2910 1641 2979 quod
1669 2911 1819 2963 unxit
1850 2926 1931 2965 me
1953 2912 2017 2979 ¹⁸;

448 3011 548 3058 et:
600 3000 782 3057 Jesum
830 3018 863 3054 a
909 3000 1168 3065 Nazaret,
1214 3016 1366 3070 quem
1406 3002 1561 3055 unxit
1609 2999 1752 3054 Deus
1814 3000 2019 3070 Spiritu

449 3103 633 3148 sancto
658 3094 735 3159 ";
766 3093 852 3147 vel
876 3110 889 3146 :
925 3092 1182 3146 Dominus
1210 3092 1351 3146 misit
1377 3108 1456 3146 me
1480 3100 1531 3146 et
1554 3089 1785 3160 Spiritus
1813 3092 1926 3161 ejus
1952 3094 2016 3148 ”.
2046 3074 2089 3132 (ἶ

448 3180 561 3237 Nec
605 3183 840 3237 obscura
886 3182 1301 3252 seraphinorum
1370 3182 1722 3236 clamantium
1758 3198 1859 3237 vox
1892 3190 2017 3238 est:

450 3270 707 3339 Sanctus,
735 3283 974 3335 sanctus,
1007 3280 1222 3325 sanctus
1252 3269 1508 3325 Dominus
1540 3269 1775 3326 Sabaoth
1795 3272 1859 3327 ¹⁸.
1885 3270 2023 3326 Ριξξι-

452 3373 598 3420 terea
644 3376 767 3418 cum
805 3361 939 3417 illud
983 3359 1172 3415 audies
1210 3378 1224 3414 :
1279 3360 1479 3414 Dextra
1521 3360 1617 3414 Dei
1668 3361 1935 3415 exaltatus
1972 3370 2021 3415 et

450 3453 854 3523 promissionem
906 3449 1139 3519 Spiritus
1189 3450 1448 3517 accipiens
1508 3466 1541 3502 a
1588 3448 1817 3502 Patre"
1860 3467 1872 3502 :
1915 3448 2019 3514 vel,

453 3544 778 3613 Exspectare
809 3542 1213 3613 promissionem
1258 3541 1462 3607 Patris,
1494 3557 1651 3610 quam
1690 3541 1919 3594 audistis
1942 3540 2019 3606 ‘°;

452 3635 537 3689 vel
567 3632 1022 3703 quemadmodum
1049 3630 1279 3699 Spiritus
1316 3632 1467 3685 illum
1490 3632 1543 3685 in
1571 3631 1833 3686 desertum
1859 3646 2022 3701 expu-

454 3726 517 3779 lit
542 3726 585 3756 ²¹
620 3724 749 3779 :ch
778 3722 923 3794 quod
954 3723 1094 3779 idem
1147 3723 1256 3777 ait:
1300 3722 1483 3777 Nolite
1512 3726 1740 3793 cogitare
1780 3722 1906 3792 quid
1944 3722 2024 3776 lo-

449 3816 707 3887 quamini,
761 3816 1017 3885 quoniam
1067 3814 1299 3886 Spiritus
1340 3814 1523 3868 Patris
1563 3816 1664 3868 mei
1701 3815 1931 3885 loquitur
1970 3816 2023 3869 in

451 3907 594 3961 vobis
620 3910 665 3940 “
694 3928 707 3963 :
751 3908 863 3963 sive
885 3908 1055 3963 illud:
1100 3906 1160 3963 Si
1192 3917 1367 3961 autem
1403 3907 1457 3960 in
1491 3905 1696 3975 Spiritu
1732 3906 1831 3960 Dei
1870 3908 2023 3976 ejicio

451 4000 719 4055 dwmonia
754 4000 832 4067 ”;
870 3999 977 4071 74
994 4001 1073 4056 vel
1101 4019 1114 4054 :
1151 4000 1255 4066 Qui
1294 4009 1469 4054 autem
1502 4000 1937 4071 blasphemaverit
1970 4000 2023 4054 in

452 4090 987 4161 Spiritumsanctum,
1008 4108 1112 4145 non
1144 4093 1438 4146 remittetur
1466 4094 1512 4146 ei
1532 4094 1595 4161 ³⁸,
1617 4108 1751 4159 etc.;
1776 4092 1877 4154 vel,
1913 4090 2023 4144 Pa-

456 4190 552 4246 ter,
568 4181 617 4233 in
652 4195 837 4232 manus
869 4188 987 4231 tuas
1007 4178 1311 4231 commendo
1329 4178 1578 4245 spiritum
1614 4192 1782 4227 meum
1805 4177 1849 4207 ³⁸
1878 4174 2018 4237 :vel,

453 4271 596 4325 Puer
632 4268 916 4331 crescebat,
934 4276 996 4321 .et
1024 4267 1470 4321 corroborabatur
1496 4264 1699 4332 Spiritu
1722 4266 1767 4296 “
1792 4272 1898 4331 :et,
1926 4263 2021 4319 Je-

452 4377 542 4415 sus
572 4359 794 4427 repletus
816 4358 1020 4425 Spiritu
1043 4366 1247 4421 sancto,
1268 4372 1499 4409 reversus
1528 4364 1605 4408 est
1628 4371 1659 4407 a
1682 4354 1918 4409 lordane
1936 4356 1977 4387 ⁸⁷
2005 4372 2018 4408 :

2115 1817 2319 1887 ρέσεις
2344 1818 2661 1872 διακονιῶν
2702 1821 2879 1885 εἰσιν,
2928 1822 2962 1872 ὀ
3006 1818 3073 1870 δὲ
3113 1817 3295 1883 αὐτὸς
3326 1820 3574 1886 Κύριοςο
3603 1818 3704 1872 καὶ

2123 1910 2440 1979 διαιρέσεις
2477 1912 2890 1982 ἐνεργημάτων
2927 1912 3105 1975 εἰσὶν,
3154 1914 3188 1966 ό
3233 1910 3300 1964 δὲ
3342 1912 3523 1977 αὐτὸς
3557 1913 3702 1978 Θεὸς

2124 2006 2157 2057 ὁ
2188 2003 2447 2073 ἐνεργῶν
2494 2004 2566 2057 τὰ
2615 2005 2809 2057 πάντα
2844 2004 2912 2056 ἐν
2956 2001 3133 2057 πᾶσι·
3181 1992 3475 2066 καὶ,”Ἀπὸ
3517 2002 3703 2071 δόξης

2122 2096 2210 2159 εἷς
2241 2094 2447 2157 δόξαν,
2483 2093 2747 2161 καθάπερ
2780 2093 2898 2147 ἀπὸ
2928 2094 3147 2161 Κυρίου
3178 2094 3554 2161 Πνεύματος·
3586 2094 3700 2158 καὶ,

2121 2184 2219 2252 Μὴ
2244 2184 2488 2239 λυπεῖτε
2520 2185 2587 2239 τὸ
2615 2185 2855 2253 Πνεῦμα
2884 2184 2949 2239 τὸ
2991 2186 3180 2253 ἅγιον,
3221 2184 3290 2237 ἐν
3336 2178 3384 2251 ᾧ
3426 2185 3704 2253 ἐσφραγί-

2122 2278 2306 2343 σθητε
2336 2278 2423 2343 εις
2456 2275 2682 2346 ἡμέραν
2725 2276 3225 2345 ἀπολυτρώσεως·
3266 2278 3452 2349 ὅμοιον
3503 2278 3579 2349 τῷ
3624 2280 3701 2333 ειν

2123 2366 2267 2429 πεῖν,
2307 2368 2378 2419 El
2424 2365 2881 2436 παραζηλοῦμεν
2912 2367 3017 2421 τὸν
3051 2370 3287 2437 Κύριον,
3326 2372 3413 2439 μὴ
3463 2371 3705 2439 ἰσχυρό-

2123 2473 2274 2525 τεροι
2295 2457 2478 2511 αὐτοῦ
2496 2458 2683 2527 ἐσμεν
2694 2474 2713 2522 ;
2746 2458 2817 2510 Τὸ
2847 2458 2923 2521 δὲ,
2952 2459 3193 2529 Πνεῦμα
3207 2459 3407 2529 ῥητῶς
3441 2462 3484 2493 ³³
3509 2462 3667 2532 λέγει
3682 2448 3707 2498 ’δ

2122 2547 2305 2618 ὅμοιον
2354 2548 2432 2618 τῷ
2475 2549 2668 2613 εἰπεῖν,
2723 2548 2865 2603 Τάδε
2888 2548 3061 2619 ιλέγει
3108 2552 3323 2621 Κύριος
3373 2553 3707 2623 παντοκρά-

2122 2654 2268 2705 τωρ·
2305 2638 2418 2703 xui,
2478 2638 2548 2691 Τὸ
2603 2636 2845 2707 Πνεῦμά
2897 2656 3016 2707 μου
3059 2639 3392 2709 ἐφέστηκεν
3428 2643 3497 2696 ἐν
3537 2642 3707 2713 μέσῳ

2121 2726 2317 2797 ὑμῶν·
2351 2726 2494 2782 Ἐάν
2520 2744 2611 2793 τις
2638 2727 2765 2796 ἐμοὶ
2805 2728 3041 2796 ἀνοίξῃ,
3073 2729 3323 2785 εἰσέλθω
3365 2731 3480 2802 ἐγὼ
3528 2731 3625 2787 καὶ
3668 2735 3705 2787 ὁ

2120 2818 2344 2887 Πατὴρ,
2377 2819 2473 2872 καὶ
2500 2818 2702 2888 μονὴν
2720 2819 2855 2887 παρ’
2876 2818 3034 2884 αὐτῷ
3062 2823 3450 2891 ποιησόμεθα.
3480 2824 3705 2889 Ἡσαΐας

2120 2909 2197 2976 δὲ,
2232 2909 2340 2963 Kal
2380 2909 2473 2962 ἐπ’
2497 2910 2683 2964 αὐτὸν
2714 2910 2953 2979 Πνεῦμα
2992 2910 3139 2964 Θεοῦ
3159 2927 3172 2940 ·
3218 2914 3247 2965 ὁ
3285 2913 3342 2966 δὲ
3370 2914 3416 2945 ³³
3447 2916 3703 2986 Χριστὸς,

2121 2999 2364 3068 Πνεῦμα
2409 2999 2631 3067 Κιιρίου
2678 2994 2750 3054 οὗ
2796 3001 3027 3053 εἵνεκεν
3070 2999 3278 3069 ἕχρισέ
3313 3019 3418 3071 με⁸
3453 3004 3564 3068 καὶ,
3594 3004 3708 3074 Ἰη-

2121 3090 2283 3174 σοῦν⁹
2329 3089 2437 3144 τὸν
2494 3090 2611 3145 ἀπὸ
2664 3090 2958 3160 Ναζαρὲτ,
3021 3092 3094 3146 ὃν
3139 3094 3348 3161 ἔχρισε
3410 3097 3707 3166 Πνεύματι

2122 3176 2268 3245 ἁγίῳ
2297 3191 2313 3204 ·
2409 3178 2504 3230 καὶ
2536 3216 2551 3237 ,
2632 3174 2845 3243 Κύριος
2942 3179 3287 3235 ἀπέσταλκέ
3340 3200 3418 3251 με
3484 3184 3580 3238 καὶ
3631 3187 3703 3239 τὸ

2120 3264 2363 3332 Πνεῦμα
2387 3261 2603 3317 αὑτοῦ.’
2630 3265 2841 3336 Φανερὰ
2866 3266 2922 3318 δὲ
2951 3268 3046 3320 καὶ
3078 3270 3108 3338 ἡ
3146 3268 3296 3339 φωνὴ
3321 3270 3429 3322 τῶν
3456 3271 3704 3343 Σεραφὶμ

2122 3353 2429 3423 κράζουσασ
2468 3353 2684 3423 Ἄγιος,
2730 3354 2915 3423 ἅγιος,
2944 3356 3131 3427 νᾶγιος
3185 3360 3401 3427 Κύριος
3438 3360 3698 3416 Σαϐαὼθ.

2136 3447 2260 3499 Ἐὰν
2293 3445 2349 3498 δὲ
2382 3446 2644 3518 ἀκούσῃς,
2671 3448 2752 3500 ὅτι
2806 3447 2883 3516 Τῇ
2916 3448 3083 3516 δεξιᾷ
3128 3451 3233 3505 τοῦ
3265 3452 3412 3506 Θεοῦ
3445 3452 3706 3521 ὑψωθεὶς

2122 3536 2235 3603 τήν
2273 3554 2336 3589 τε
2373 3538 2736 3608 ἐπαγγελίαν
2768 3539 2874 3593 τοῦ
2916 3542 3256 3611 Πνεύματος
3297 3542 3500 3597 λαϐὼν
3543 3544 3706 3612 παρὰ

2122 3627 2229 3681 τοῦ
2270 3629 2529 3695 Πατρός’
2581 3629 2638 3698 ἢ,
2686 3632 3029 3700 Περιμένειν
3060 3633 3174 3701 τὴν
3203 3634 3565 3705 ἐπαγγελίαν
3593 3636 3706 3690 τοῦ

2122 3720 2351 3788 Πατρός
2381 3719 2461 3787 ἢν
2497 3722 2830 3789 ἠκούσατέν
2862 3724 2896 3787 ἢ
2938 3726 3041 3789 ὅτι,
3105 3726 3176 3781 Τὸ
3228 3728 3470 3797 Πνεῦμα
3516 3728 3707 3781 αὐτὸν

2122 3810 2401 3866 ἐκϐάλλει
2439 3814 2527 3878 εις
2573 3814 2688 3881 τὴν
2722 3815 2976 3884 ἐρημον,
3018 3816 3050 3887 ἢ
3088 3818 3169 3870 ὅτι
3206 3819 3366 3883 αὐτὸς
3397 3818 3564 3887 λέγει,
3605 3820 3704 3888 Μὴ

2119 3903 2528 3972 μεριμνήσητε
2578 3905 2635 3957 τί
2678 3906 2903 3972 εἴπητε,
2939 3908 3021 3959 ὅτι
3061 3908 3127 3961 Τὸ
3171 3910 3413 3976 Πνεῦμα
3452 3910 3557 3963 τοῦ
3588 3914 3708 3963 Πα-

2123 3995 2261 4061 τρός
2284 4011 2403 4061 μου
2440 3995 2505 4048 τὸ
2532 3996 2769 4049 λαλοῦν
2794 3996 2864 4049 ἐν
2894 3997 3067 4065 ὑμῖνο
3099 3997 3155 4068 ἢ,
3207 4000 3271 4052 El
3301 3998 3374 4051 δὲ
3410 4000 3481 4053 ἐν
3516 4001 3704 4054 Πνεύ-

2118 4100 2258 4152 ματι
2288 4085 2434 4139 Θεοῦ
2470 4085 2743 4140 ἐκϐάλλω
2780 4086 2853 4141 τὰ
2882 4087 3159 4158 δαιμόνια
3179 4105 3190 4116 ·
3224 4089 3280 4160 ἢ,
3323 4090 3376 4142 '0
3414 4089 3483 4143 δέ
3504 4091 3707 4155 ,βλασ-

2122 4174 2335 4244 φημῶν
2379 4179 2465 4242 εις
2504 4177 2571 4232 τὸ
2608 4179 2853 4247 Πνεῦμα
2890 4180 2956 4234 τὸ
2996 4180 3164 4251 ἅγιον
3187 4221 3202 4247 ,
3237 4183 3349 4234 οὐκ
3405 4182 3707 4251 ἀφεθήσε-

2124 4282 2217 4319 ται
2260 4266 2438 4335 αὐτῷ,
2478 4269 2671 4323 καὶτὰ
2714 4270 2940 4341 ἑξῆς-ἢ
2991 4271 3056 4337 ³⁸,
3096 4270 3443 4325 Τὸπαιδίον
3479 4273 3711 4341 ηὔξανε

2124 4356 2223 4409 καὶ
2264 4357 2649 4425 ἐκραταιοῦτο
2701 4362 3030 4430 Πνεύματι⁹
3075 4362 3133 4431 ἧ,
3187 4362 3419 4430 Ἰησοῦς
3470 4363 3711 4433 πλήρης

453 4446 590 4510 sive,
620 4424 870 4498 Reversus
890 4452 966 4496 est
988 4441 1143 4497 Jesus
1172 4445 1361 4497 virtute
1399 4441 1665 4511 Spiritus:
1710 4443 1815 4507 vel,
1870 4442 2022 4509 Quod

2124 4424 2471 4515 Πνεύματος
2496 4450 2669 4518 ἁγίου
2694 4424 3075 4521 ὑπέστρεψεν
3096 4424 3214 4507 άπὸ
3244 4424 3349 4508 τοῦ
3376 4424 3709 4522 Ἰορδάνουἰ

451 4546 635 4590 natum
670 4542 747 4588 est
780 4549 806 4588 e
838 4532 1067 4599 Spiritu,
1109 4533 1326 4601 spiritus
1355 4541 1433 4587 est
1460 4533 1537 4588 ἐξ
1570 4532 1684 4588 haec
1715 4533 1896 4587 omnia
1928 4549 2021 4588 eo-

450 4626 576 4681 dem
609 4642 732 4680 cum
762 4625 897 4682 iisce
932 4627 1179 4683 recidunt
1207 4645 1219 4680 :
1255 4626 1409 4693 Quod
1436 4626 1637 4697 factum
1670 4638 1769 4691 est,
1810 4629 1864 4681 in
1906 4629 2019 4697 ipso

449 4716 558 4770 vita
605 4726 719 4769 erat
743 4716 787 4748 "
816 4734 827 4770 :
859 4717 945 4771 vel
985 4732 1107 4771 cum
1138 4730 1241 4771 eo:
1292 4716 1400 4787 Ego
1450 4718 1645 4788 rogabo
1692 4716 1931 4783 Patrem,
1970 4728 2021 4774 et

450 4806 991 4863 alittharacletum
1017 4809 1163 4863 dabit
1194 4807 1361 4873 vobis,
1394 4808 1908 4878 Spiritum-veritatis
1931 4811 1975 4842 ³⁰
2006 4830 2019 4867 :

450 4901 539 4956 vel
572 4914 696 4954 cum
732 4900 836 4955 isto
867 4918 881 4954 :
924 4901 1033 4955 Cur
1065 4901 1296 4970 implevit
1342 4917 1432 4954 cor
1480 4911 1626 4955 tuum
1660 4899 1894 4958 Satanas
1923 4902 2023 4973 (ait

449 4992 646 5048 Petrus
665 4988 911 5061 Ananizn)
942 4992 1153 5044 mentiri
1180 5000 1233 5044 te
1248 4989 1481 5059 Spiritui
1509 5002 1694 5047 sancto
1719 4992 1803 5047 "?
1826 4993 2022 5049 deinde

450 5079 676 5151 subiicit
707 5097 721 5137 :
757 5077 881 5135 Non
907 5079 1205 5134 hominibus
1247 5083 1494 5136 mentitus
1521 5100 1597 5151 es,
1628 5082 1718 5139 sed
1748 5082 1877 5139 Deo.
1912 5083 2021 5154 lgi-

521 5328 609 5382 ¹11
634 5326 761 5381 Cor.
797 5340 875 5391 vt,
910 5324 995 5378 16.
1073 5325 1141 5378 ³1
1183 5324 1308 5378 Cor.
1342 5339 1414 5387 γι,
1462 5324 1545 5377 Η.

446 5398 468 5429 "
505 5398 638 5467 Eph.
670 5414 741 5459 tv,
776 5397 865 5467 50.
941 5395 961 5426 '
997 5396 1015 5450 l
1057 5395 1186 5467 Cor.
1218 5411 1282 5467 ιι,
1310 5393 1400 5467 2'2.

1662 5323 1684 5352 ³
1715 5322 1874 5377 Rom.
1908 5338 1958 5388 ν,
1996 5323 2045 5375 l.

1474 5392 1530 5445 'l
1562 5391 1706 5448 Tim.
1741 5409 1814 5453 ιν,
1852 5393 1901 5445 Ι.
1983 5394 2027 5424 ⁸ο
2050 5392 2184 5463 Agg.
2214 5410 2251 5456 ι,
2288 5395 2343 5449 2.

2126 4535 2180 4606 ἢ,
2226 4536 2628 4608 Ὺπέστρεψεν
2664 4540 2908 4609 Ἰησοῦς
2954 4542 3029 4613 τῆ
3076 4543 3326 4613 δυνάμει
3370 4542 3479 4598 τοῦ
3522 4546 3714 4599 Πνεύ-

2119 4644 2340 4697 ματος-⁸
2381 4629 2436 4698 ἢ,
2492 4629 2564 4685 Τὸ
2604 4635 3044 4702 γεγεννημένον
3087 4634 3155 4689 ἐκ
3188 4624 3303 4689 ’τοῦ
3341 4636 3710 4705 Πνεῦματος,

2126 4719 2361 4788 πνεῦμά
2406 4720 2605 4775 ἐστιν’
2642 4723 2824 4793 ὅμοιον
2867 4724 2947 4796 τῷ
2998 4728 3189 4791 εἰπεῖν,
3223 4730 3283 4779 '0
3321 4728 3587 4799 γέγονεν,
3637 4728 3714 4782 ἐν

2125 4811 2287 4876 αὐτῷ
2316 4810 2428 4879 ζωὴ
2463 4808 2542 4882 ἦν
2562 4829 2575 4843 ·
2614 4813 2668 4884 ἢ,
2698 4815 2872 4885 Κάγὼ
2898 4817 3295 4885 παρακαλέσω
3340 4819 3448 4873 τὸν
3477 4819 3713 4887 Πατέρα

2120 4920 2238 4971 μου
2264 4942 2279 4968 ,
2332 4903 2431 4956 καὶ
2492 4904 2687 4958 ἄλλον
2742 4907 3137 4977 Παράκλητον
3194 4910 3372 4965 δώσει
3441 4911 3582 4981 ὑμῖν
3638 4912 3711 4964 τὸ

2124 4994 2367 5063 Πνεῦμα
2401 4994 2508 5063 τῆς
2528 4996 2854 5064 άληθείας’
2896 4998 2951 5070 ἢ,
3007 5001 3109 5054 Διὰ
3153 5002 3212 5055 τί
3251 5002 3566 5071 ἐπλήρωσε
3593 5001 3716 5071 τὴν

2125 5084 2375 5153 καρδίαν
2403 5102 2521 5141 σου
2549 5088 2584 5141 ὁ
2620 5087 2910 5156 Σατανᾶς,
2944 5089 3020 5161 τῷ
3048 5091 3275 5177 Ἀνανία
3306 5092 3531 5164 Πέτρος,
3561 5093 3717 5161 ψεύ-

2140 5326 2162 5355 δ
2191 5323 2208 5377 ι
2240 5322 2366 5378 Cor.
2394 5339 2492 5389 xu,
2523 5327 2574 5381 5.

2140 5409 2184 5463 g.
2214 5395 2343 5468 t,__2_.
2438 5396 2481 5427 “
2508 5396 2623 5468 Agg

2556 5438 2641 5466 δυ’

2675 5329 2696 5362 ⁸
2728 5329 2857 5403 ibid.
2890 5331 2923 5384 4
2956 5348 3077 5403 sqq.
3184 5334 3205 5366 ⁸
3244 5332 3287 5389 ll
3325 5332 3454 5389 Cor.
3489 5349 3575 5398 ιιι,
3617 5332 3719 5391 18.

2688 5413 2749 5473 ιι,
2784 5400 2834 5453 6.
2864 5404 2947 5473 77“_
2983 5400 3150 5473 Apoc.
3189 5419 3271 5471 ill,
3303 5404 3393 5458 20.
3473 5406 3520 5436 "
3546 5404 3718 5460 .Iuan.

446 5463 562 5527 ιιν,
591 5467 679 5520 25.
761 5467 803 5497 ’⁵
830 5466 930 5520 Isa.
964 5482 1040 5531 ιι,
1081 5465 1137 5520 2.
1229 5465 1284 5535 ff
1316 5464 1448 5535 Luc.
1466 5464 1681 5535 “.718.
1750 5463 2022 5535 ffAct._x

2124 5466 2161 5517 ι.
2224 5466 2284 5535 νίᾷτ
2318 5463 2424 5519 lea.
2448 5463 2636 5522 xuii}.
2676 5468 2762 5522 16.
2858 5472 2901 5502 ³⁸
2934 5463 3043 5525 Ιδιιῖ
3074 5490 3144 5529 VI.
3177 5475 3229 5528 5.
3260 5463 3270 5471 ’
3309 5477 3352 5510 η
3378 5476 3499 5527 Act.
3529 5490 3588 5535 ιι,
3616 5474 3722 5529 53.

446 5535 497 5567 ὀ
523 5537 641 5587 Act.
676 5552 713 5594 ι.
738 5536 790 5589 li.
879 5536 922 5567 ²¹
950 5530 1117 5590 Marc.
1148 5552 1185 5599 ι,
1220 5533 1306 5586 12.
1356 5535 1399 5564 ¹¹
1434 5533 1618 5586 Matth.
1660 5549 1717 5596 ι,
1751 5530 1837 5585 19.
1897 5530 2023 5585 "Lt

2124 5549 2176 5599 LI,
2215 5532 2300 5589 i9.
2393 5535 2439 5565 “
2465 5536 2599 5590 Mar.
2634 5554 2715 5601 ιιι,
2748 5538 2838 5593 ‘29.
2914 5542 2959 5572 ⁸³
3000 5542 3135 5597 Luc.
3165 5544 3416 5601 unum.
3494 5544 3541 5576 “
3570 5530 3722 5599 Luc.

448 5618 507 5687 ες.
529 5602 619 5687 ιε)-
694 5588 906 5687 ίτιςειςς
1293 5601 1465 5687 tu";
2020 5618 2023 5654 ι

2126 5588 2229 5687 ,λι
2331 5604 2378 5687 “l
2417 5588 2717 5687 Joaan'sxiv;
2752 5588 2843 5687 ιὸξ
2934 5610 2974 5641 ³¹
3160 5588 3437 5685 ἐ”εὶιῖῂ
3533 5588 3731 5687 η’.ῑᾷ

446 5674 720 5746 “Mm;
795 5674 840 5704 u
867 5674 1023 5730 Dee“
1048 5673 1271 5744 aliqum'
1348 5672 1393 5704 ﬂ
1426 5668 2174 5742 υθθδίῆνηάτερνεὶςκεῷάς
2193 5689 2309 5732 σου
2332 5668 2750 5748 παραθήσομαι
2782 5678 2849 5734 τὸ
2876 5680 3112 5753 πνεῦμά
3135 5668 3276 5753 ιιὸυ.
3359 5668 3378 5685 ⁸
3398 5668 3417 5685 ³
3618 5668 3638 5685 ’
3656 5668 3689 5687 Γ
3708 5668 3757 5750 ⁷,
