3992 6198
273 274 381 331 “5

1691 286 2130 350 ANCORATUS.

3438 298 3544 356 146

523 385 705 482 ονε-τὸ
742 388 988 482 Πνεῦμα
1019 390 1089 446 τὸ
1117 391 1321 464 arcer;
1350 398 1446 452 καὶ
1481 400 1621 470 μετὰ
1655 403 1829 459 ταῦτα
1850 422 1866 438 ο

1985 416 2063 463 tur
2096 407 2242 465 Deus
2272 423 2339 464 ex
2366 407 2477 464 Deo
2505 425 2520 464 :
2545 405 2691 465 Deus
2719 414 2824 474 est,
2861 409 3111 481 inquam,
3140 407 3382 482 Spiritus
3414 427 3547 470 san-

272 476 400 567 φῦκ
443 477 784 567 ἀνθρὼκοις
835 481 1079 549 ἐψεύσω
1099 525 1114 547 .
1161 486 1322 542 ἀλλὰ
1371 489 1452 554 τῷ
1507 491 1650 558 Θεῷ.
1723 496 1868 567 Ἀρα

268 564 408 628 Θεὸς
441 566 508 618 ὲκ
547 565 680 619 Θεοῦ
723 567 787 620 τὸ
831 568 1059 641 Πνεῦμα
1088 573 1148 626 τὸ
1182 574 1356 644 ἅγιον,
1406 571 1452 646 ᾧ
1493 564 1869 650 ὲψεύσαντονοὶ

269 656 373 710 τοῦ
397 657 709 728 τιμήματος
735 657 832 712 τοῦ
883 661 1084 732 χωρίου
1130 669 1535 739 νοσφισάμενοι.
1565 673 1656 738 Ἦ,
1688 673 1870 743 Ἐφα-

275 746 512 816 νερώθη
538 749 609 802 ἐν
641 749 844 818 σαρκὶ,
878 751 1188 824 ἐδικαιώθη
1218 757 1290 811 ἐν
1315 761 1632 830 Πνεῦματι.
1666 766 1869 820 Τούτου

282 840 473 911 μεῖζον
496 840 594 894 οὐκ
625 840 736 913 ἔχω
762 842 964 908 λέγειν.
989 844 1122 909 Θεὸς
1158 847 1217 900 δὲ
1245 849 1275 901 6
1305 849 1430 914 Υίὸς
1449 868 1463 883 ·
1495 852 1600 918 Ἐξ
1627 847 1735 919 ὧν,
1765 873 1872 928 φη-

279 931 394 994 etv,
417 935 453 987 ό
476 931 730 1000 Χριστός
762 934 829 987 τὸ
859 933 1011 988 κατὰ
1048 935 1268 1006 σάρκα,
1301 943 1338 993 ό
1378 942 1464 996 ὢν
1489 943 1588 997 ἐπὶ
1627 945 1871 1002 πάντων

279 1025 445 1086 Θεός.
473 1026 846 1090 Πίστευσον,
881 1029 1067 1097 φησιν,
1101 1032 1193 1095 είς
1226 1031 1335 1086 τὸν
1369 1036 1588 1104 Κύριον
1613 1037 1868 1106 Ἰησοῦν,

274 1109 377 1165 καὶ
426 1111 682 1180 σωθήσῃ
703 1129 718 1144 ο
754 1113 868 1179 καὶ,
907 1115 1251 1186 Ἐλάλησεν
1276 1123 1482 1192 αὐτοῖς
1531 1125 1641 1180 τὸν
1687 1128 1873 1198 λόγον

274 1201 386 1256 τοῦ
416 1203 642 1271 Κυρίου
662 1219 678 1236 °
717 1205 1033 1278 ἀναγαγών
1072 1226 1138 1263 τε
1183 1213 1401 1277 αὐτοὺς
1431 1218 1519 1283 είς
1549 1218 1658 1272 τὸν
1679 1215 1869 1288 οἷκον,

275 1291 620 1361 παρέθηκεν
669 1296 878 1363 αὐτοῖς
924 1298 1216 1368 τράπεζαν
1231 1343 1246 1367 ,
1309 1306 1407 1358 καὶ
1460 1307 1873 1376 ἠγαλλιάσατο

275 1384 522 1438 πανοικὶ
564 1389 978 1456 πεπιστευκὼς
1017 1390 1100 1457 τῷ
1145 1391 1284 1458 Θεῷ.
1331 1396 1404 1448 Ἦ
1473 1397 1554 1451 ὅτι
1579 1398 1636 1450 ’E
1641 1417 1680 1454 ν
1714 1400 1874 1470 ἀρχῇ

274 1471 363 1546 ἦν
389 1480 424 1531 ό
458 1479 670 1548 Λόγος,
697 1481 797 1534 καὶ
827 1485 862 1536 ό
893 1484 1083 1554 Λόγος
1113 1482 1194 1557 ἦν
1221 1488 1373 1555 πρὸς
1411 1488 1520 1543 τὸν
1565 1490 1734 1558 Θεὸν,
1772 1493 1872 1547 καὶ

277 1569 436 1634 Θεὸς
473 1565 553 1638 ἦν
599 1573 633 1624 ό
675 1573 896 1642 Λόγος·
938 1575 993 1645 ἥ,
1021 1576 1146 1630 Ἵνα
1188 1580 1305 1646 τὴν
1341 1579 1742 1638 διδασκαλίαν
1765 1585 1872 1640 τοῦ

276 1659 517 1728 Πατρὸς
549 1661 719 1729 ἡμῶν
748 1664 896 1718 Θεοῦ
929 1666 1039 1737 (I5)
1071 1669 1468 1739 κοσμήσωσιν
1519 1673 1536 1705 ί
1558 1691 1571 1705 ο
1603 1675 1659 1746 ἢ,
1730 1675 1872 1730 Ἐπ-

1971 508 2115 564 ctus,
2156 497 2245 554 cui
2273 499 2484 555 mentiti
2521 506 2650 555 sunt
2692 499 2787 569 qui
2814 515 2879 555 ex
2925 502 3040 572 agri
3075 503 3254 572 pretio
3295 505 3546 561 nonnihil

1971 592 2417 648 interverterant.
2455 590 2738 662 Ejusmodi
2771 599 2939 648 estet
2980 593 3128 650 istud
3163 613 3177 650 :
3219 595 3322 660 Qui
3371 598 3550 653 mania

1971 683 2195 752 festatus
2238 690 2316 737 est
2362 684 2420 737 in
2462 699 2641 748 carne,
2667 683 3002 753 justiﬁcatus
3042 695 3118 740 est
3153 686 3209 740 in
3255 686 3460 758 Spiritu
3499 689 3544 745 '.

1972 773 2086 829 Ποο
2126 789 2227 846 ego
2280 775 2460 844 majus
2509 775 2646 829 nihil
2704 773 2878 829 habeo
2925 775 3070 846 quod
3123 776 3323 831 dicam.
3374 776 3548 835 Porro

1973 865 2117 921 Deus
2141 873 2226 922 est
2248 864 2422 920 Filius
2447 885 2459 920 :
2481 880 2607 920 nam
2635 866 2933 936 Apostolus
2960 885 2974 922 :
3005 865 3089 920 Ea:
3108 867 3315 938 quibus,
3348 869 3574 938 inquit,‘

1974 955 2219 1011 Christus
2271 956 2558 1011 secundum
2602 974 2836 1022 carnem,
2891 958 2980 1028 qui
3030 966 3108 1012 est
3159 975 3320 1027 supra
3371 959 3553 1015 omnia

1973 1047 2116 1102 Deus
2140 1048 2183 1104 ’.
2232 1046 2415 1113 Crede,
2450 1047 2646 1118 inquit,
2691 1049 2746 1101 in
2794 1047 3079 1101 Dominum
3105 1046 3310 1114 Iesum,
3350 1057 3400 1102 et
3435 1049 3551 1103 sal-

1973 1137 2175 1190 vaberis
2201 1137 2276 1204 ‘°;
2306 1137 2468 1192 item:
2505 1137 2733 1192 Locutus
2751 1149 2850 1205 est,
2876 1139 3076 1207 inquit,
3111 1138 3222 1192 illis
3257 1156 3552 1194 sermonem

1973 1218 2209 1275 Domini.
2247 1219 2316 1273 Et
2360 1220 2621 1276 deducens
2653 1239 2742 1276 eos
2774 1223 2827 1276 in
2881 1221 3118 1286 domum,
3161 1225 3405 1292 apposuit
3439 1224 3552 1280 illis

1974 1325 2250 1364 mensam:
2284 1319 2334 1365 et
2367 1312 2578 1366 lartatus
2620 1321 2698 1367 est
2731 1329 2851 1366 cum
2877 1313 3124 1367 universa
3153 1313 3364 1382 familia
3401 1323 3553 1382 posto

1973 1418 2130 1471 quam
2151 1401 2370 1456 credidit
2395 1403 2502 1456 Deo
2527 1404 2592 1458 “.
2622 1401 2746 1458 Sive
2770 1402 2903 1462 illud
2927 1403 3245 1458 consideres
3277 1422 3290 1457 :
3324 1402 3391 1457 In
3411 1405 3554 1473 prin!

1974 1490 2108 1557 cipio
2137 1500 2251 1544 erat
2299 1489 2545 1551 Verbum.
2581 1501 2629 1545 et
2671 1490 2896 1545 Verbum
2940 1499 3056 1544 erat
3084 1490 3224 1560 apud
3266 1487 3458 1554 Deum,
3502 1494 3554 1547 τι

1973 1579 2116 1634 Deus
2156 1592 2268 1634 erat
2314 1580 2537 1635 Verbum
2561 1582 2604 1612 “
2631 1599 2644 1635 :
2687 1582 2794 1647 vel,
2820 1579 2886 1635 Ut
2908 1580 3209 1635 doctrinam
3236 1583 3405 1637 nostri
3431 1579 3557 1637 Sat-

1976 1673 2172 1726 vatoris
2187 1681 2369 1727 ornent
2393 1673 2469 1726 ¹³ε
2495 1672 2634 1738 sive,
2656 1673 2915 1744 Apparuit
2931 1674 3108 1743 gratia
3127 1672 3340 1726 Domini
3352 1681 3403 1728 et
3428 1672 3556 1728 Sal-

275 1751 476 1820 egsdm
522 1753 562 1820 ἠ
592 1753 768 1822 χάρις
800 1756 906 1810 τοῦ
956 1759 1125 1824 Θεοῦ,
1169 1761 1208 1828 ἡ
1259 1764 1552 1832 σωτήριος
1598 1769 1618 1798 ²
1685 1766 1876 1822 πᾶσιν

1985 1763 2174 1819 ratoris
2190 1765 2361 1818 nostri
2377 1762 2507 1818 Jesu
2524 1762 2725 1818 Christi
2737 1763 2978 1819 omnibus
2997 1764 3297 1819 hominibus
3308 1765 3556 1821 erudiens

278 1843 635 1911 ἀνθρώποις,
673 1847 1045 1904 παιδεύουσα
1079 1851 1269 1921 ἡμᾶς·
1303 1854 1358 1924 ἦ,
1394 1856 1871 1926 Προσδεχόμενοι

277 1934 400 2003 τὴν
414 1937 722 2004 μακαρίαν
746 1937 981 2006 ἐλπίδα,
1015 1942 1112 1996 καὶ
1158 1944 1511 2017 ἐπιφάνειαν
1537 1947 1646 2017 τῆς
1686 1949 1873 2014 δόξης

279 2026 397 2080 τοῦ
436 2027 657 2094 Κυρίου
700 2029 802 2082 καὶ
844 2031 1119 2100 Σωτῆρος
1157 2016 1339 2104 ἡμῶν.
1353 2037 1548 2106 Ἰησοῦ
1579 2041 1867 2108 Χριστοῦ·

282 2117 346 2188 ἢ.
377 2119 541 2186 Αὕτη
570 2119 608 2187 ἡ
641 2119 914 2176 διακονία
954 2124 1060 2179 τοῦ
1099 2129 1444 2198 Πνεύματος
1469 2131 1567 2185 καὶ
1614 2132 1719 2186 τοῦ
1761 2135 1874 2188 Λό-

282 2223 425 2275 γου.
460 2209 784 2279 Προσέχετε
827 2211 906 2276 δὲ,
953 2215 1136 2283 φησὶν,
1167 2217 1404 2285 ἑαυτοῖς
1439 2220 1538 2274 καὶ
1584 2221 1763 2276 παντὶ
1793 2221 1873 2288 τῷ

284 2299 562 2366 ποιμνίῳ,
597 2300 666 2353 ἐν
703 2294 756 2368 ᾧ
805 2304 958 2372 ὑμᾶς
995 2307 1160 2361 ἔθετο
1201 2309 1270 2364 τὸ
1307 2311 1551 2382 Πνεῦμα
1593 2313 1659 2367 τὸ
1704 2313 1875 2383 ἅγιον

283 2388 662 2457 ἐπισκόπους
688 2397 1026 2464 ποιμαίνειν
1053 2399 1167 2468 τὴν
1187 2403 1550 2473 Ἐκκλησίαν
1573 2407 1677 2461 τοῦ
1702 2406 1874 2461 Θεοῦ·

285 2481 471 2551 ὃμοιον
513 2483 594 2556 τῷ
641 2488 836 2552 είπεῖν,
875 2490 1058 2558 Χάριν
1099 2493 1217 2561 ἔχω
1266 2493 1347 2560 τῷ
1381 2495 1877 2568 ἐνδυναμώσαντί

280 2589 364 2641 με
386 2575 621 2642 Χριστῷ
652 2579 850 2646 Ἰησοῦ
877 2581 958 2646 τῷ
996 2585 1185 2652 Κυρίῳ
1210 2586 1398 2655 ἡμῶν,
1429 2587 1518 2643 ὅτι
1551 2592 1773 2645 πιστόν
1798 2607 1876 2661 με

285 2663 563 2733 ᾐτήσατο
595 2668 843 2738 θέμενος
873 2675 961 2739 εις
993 2673 1325 2732 διακονίαν.

362 2755 436 2807 0'.
473 2754 738 2827 Συνεργεί
764 2759 962 2824 τοίνυν,
991 2761 1068 2826 ὡς
1102 2763 1494 2832 ἀποδέδεικται,
1520 2768 1596 2841 τῷ
1641 2770 1813 2842 Πατρὶ
1848 2772 1877 2825 6

287 2843 419 2907 Υἱὸς
460 2846 558 2899 καὶ
588 2847 653 2900 τὸ
698 2849 922 2921 Πνεῦμα
963 2853 1024 2904 τὸ
1053 2853 1236 2922 ἆγιοψ
1281 2855 1370 2920 Τῷ
1409 2859 1522 2927 γὰρ
1545 2845 1736 2929 ⁶Λόγῳ
1764 2865 1878 2915 Κυ-

281 2937 421 3004 ρίου
449 2939 510 2990 οι
542 2939 788 3006 οὐρανοί
816 2942 1282 3013 ἐστερεώθησαν,
1320 2947 1417 3001 καὶ
1457 2948 1538 3015 τῷ
1577 2952 1876 3020 Πνεῦματι

287 3030 398 3084 τοῦ
440 3035 742 3102 στόματος
783 3037 970 3091 αὑτοῦ
1029 3037 1198 3094 πᾶσα
1247 3042 1286 3109 ἡ
1346 3041 1599 3112 δύναμις
1658 3044 1872 3099 αὐτῶν.

1978 1871 2072 1909 nos
2093 1855 2157 1921 u';
2189 1856 2292 1919 vel,
2335 1853 2712 1922 Exspectantes
2748 1854 2956 1910 beatam
3010 1873 3152 1926 spem
3189 1866 3239 1911 et
3279 1856 3557 1910 adventum

1977 1946 2162 2017 glort'tc
2185 1947 2364 2015 magni
2388 1945 2486 2000 Dei
2513 1955 2561 2000 et
2585 1945 2882 2000 Saluatoris
2913 1949 3084 2002 nostri
3105 1947 3232 2002 Jesu
3253 1946 3454 2002 Christi
3479 1947 3556 2015 ﬂ;

1979 2038 2105 2092 item
2132 2056 2143 2090 :
2168 2036 2284 2090 Hoc
2299 2046 2376 2090 est
2399 2037 2748 2091 ministerium
2765 2037 2998 2106 Spiritus
3014 2047 3062 2092 et
3075 2037 3249 2092 Verbi.
3265 2039 3304 2091 Α
3316 2039 3556 2103 ttendite,

1979 2125 2176 2194 inquit,
2205 2125 2348 2179 vobis
2375 2135 2426 2179 et
2454 2127 2694 2180 universo
2726 2127 2890 2196 gregi,
2920 2127 2974 2179 in
2999 2142 3099 2195 quo
3127 2127 3300 2197 posuit
3319 2142 3406 2179 vos
3436 2125 3558 2193 Spi-

1980 2219 2117 2272 ritus
2163 2228 2380 2272 sanctus
2432 2219 2700 2287 episcopos
2756 2234 2932 2288 regere
2981 2217 3274 2271 Ecclesium
3335 2217 3431 2271 Dei
3460 2218 3546 2273 ηε

1979 2307 2208 2378 perinde
2237 2323 2302 2363 ac
2335 2309 2381 2363 si
2412 2308 2614 2363 diceret
2644 2327 2659 2362 :
2698 2306 2919 2363 Gratias
2948 2324 3044 2380 ago
3071 2294 3438 2363 corroboranti
3475 2323 3559 2362 me

1982 2399 2194 2454 Christo
2234 2398 2366 2453 Jesu
2399 2399 2626 2453 Domino
2651 2409 2854 2465 nostra,
2892 2399 3030 2470 quod
3060 2416 3141 2454 me
3179 2398 3383 2470 ﬁdelem
3414 2398 3560 2452 arbi-

1983 2498 2150 2545 tra:us
2183 2499 2260 2546 est
2291 2489 2360 2544 ad
2389 2490 2738 2545 ministerium
2761 2489 3082 2544 constituens
3106 2489 3168 2544 ".

2054 2752 2217 2808 LXX.
2251 2753 2440 2825 Itaque
2469 2753 2643 2809 Filius
2670 2760 2726 2808 et
2759 2751 2998 2824 Spiritus
3025 2762 3254 2812 sanctus
3293 2769 3417 2810 eum
3453 2753 3560 2809 Pa-

1983 2853 2087 2909 tre,
2113 2848 2194 2900 uti
2218 2847 2739 2914 demonstravimus,
2761 2854 2928 2918 agunt
2960 2847 3322 2902 communiter
3347 2865 3361 2900 :
3399 2845 3558 2902 Verbo

1983 2941 2122 2993 enim
2151 2939 2366 2993 Domini
2399 2939 2516 2994 cwli
2539 2940 2743 3010 ﬁrmati
2770 2946 2928 3004 sunt;
2950 2948 2998 2993 et
3026 2937 3230 3007 Spiritu
3254 2940 3364 2992 oris
3385 2938 3553 3008 ipsius

1985 3032 2155 3085 omnis
2189 3032 2358 3086 virtus
2392 3047 2573 3086 eorum
2608 3031 2672 3086 ".
2703 3030 2940 3101 Spiritus
2989 3045 3121 3087 vero
3172 3039 3396 3086 sanctus
3461 3028 3558 3082 ad-

290 3120 675 3194 ιίροσκυνητδν
701 3125 758 3178 δὲ
789 3127 1012 3198 Πνεῦμα
1049 3129 1110 3183 τὸ
1136 3130 1291 3198 ἅγιον
1312 3147 1324 3160 ·
1362 3131 1515 3197 Τοὺς
1550 3133 1658 3205 γὰρ
1698 3147 1879 3203 προσ-

1985 3125 2226 3182 orandus
2254 3134 2338 3182 est
2363 3146 2376 3182 :
2411 3125 2516 3193 Qui
2547 3127 2686 3181 enim
2715 3125 2942 3181 adorant
2985 3125 3152 3180 Deum
3179 3165 3194 3191 ,
3231 3124 3431 3190 Spiritu
3460 3121 3559 3176 ad-

291 3211 636 3281 κυνοῦντας
658 3215 800 3281 Θεῷ,
833 3217 903 3270 ἐν
939 3221 1237 3290 Πνεῦματι
1264 3221 1360 3276 δεῖ
1390 3224 1755 3294 προσκυνεῖν
1785 3225 1886 3280 καὶ

291 3301 566 3372 ἀληθείᾳ.
597 3305 660 3358 Εἰ
688 3307 744 3360 δὲ
776 3313 1027 3380 συνεργεῖ
1067 3311 1240 3365 ταῦτα
1279 3313 1320 3378 ³,
1380 3314 1556 3379 κτίσις
1582 3315 1760 3370 κτίσιν
1787 3317 1888 3371 οὐκ

296 3393 611 3465 ἑργάζεται,
641 3396 761 3449 οὐδὲ
794 3399 983 3471 κτιστὴ
1015 3400 1204 3470 θεότης
1241 3401 1470 3470 γίνεται,
1522 3403 1644 3458 οὐδὲ
1688 3406 1746 3459 ὲν
1793 3406 1889 3477 μὲ-

296 3501 412 3556 ςρφ
439 3487 474 3555 ἢ
527 3491 755 3558 περιοχῇ
799 3489 932 3554 Θεὸς
977 3491 1325 3560 γινώσκεται.
1363 3495 1518 3548 Ἔστι
1547 3495 1657 3566 γὰρ
1691 3497 1887 3568 ἀπερί-

295 3590 529 3644 γραφος,
582 3576 900 3648 ἀχὼρητος,
955 3580 1330 3651 ἀπερινόητος,
1387 3583 1566 3636 πάντα
1620 3585 1887 3655 περιέχων

295 3665 366 3719 τὰ
397 3659 676 3737 ποιήματα
701 3671 729 3722 6
757 3669 889 3734 Θεὸς
920 3670 961 3724 δ.
1015 3671 1148 3725 Οὐδὲ
1171 3671 1441 3748 ’λατρευτὴ
1477 3673 1686 3738 κτίσιςο
1732 3675 1893 3729 Ἐλιέα

291 3773 566 3824 τρευσαν
594 3758 702 3831 γὰρ
735 3760 812 3828 τῇ
834 3762 1026 3816 κτίσει
1078 3763 1239 3833 παρὰ
1287 3764 1395 3817 τὸν
1434 3765 1749 3831 κτίσαντα,
1789 3767 1887 3820 καὶ

293 3846 752 3915 ἐμωράνθησαν.
784 3850 909 3912 Πῶς
945 3852 1054 3922 γὰρ
1080 3853 1140 3905 οὐ
1175 3852 1356 3924 μωρὸν
1389 3853 1564 3908 κτίσιν
1598 3854 1888 3924 Θεολογεῖν,

294 3936 518 3992 ἀθετεῖν
545 3939 602 3992 δὲ
635 3941 858 4012 πρώτην
886 3944 908 3975 ⁸
963 3943 1180 4014 ἐντολὴν
1212 3945 1310 4014 τὴν
1336 3944 1598 4014 λέγουσαν
1616 3965 1628 3976 ·
1657 3948 1888 4015 Ἄκουε,

298 4027 568 4096 Ἰσραὴλ,
615 4033 826 4100 Κύριος
870 4035 903 4087 ό
961 4035 1107 4100 Θεός
1150 4050 1266 4090 σου
1315 4038 1528 4104 Κύριος
1574 4033 1663 4103 εἷς
1699 4038 1888 4103 ἐστιν,

298 4121 416 4174 οὐκ
455 4120 624 4174 ἔσται
668 4123 738 4176 ἐν
763 4124 864 4176 σοι
905 4125 1040 4191 θεὸς
1080 4129 1430 4195 πρόσφατος
1451 4145 1470 4193 ;
1523 4129 1610 4181 Ἐν
1649 4129 1892 4198 Γραφαῖς

296 4211 366 4281 δὴ
391 4212 575 4278 ἁγίαις
605 4213 838 4286 διάφορα
859 4216 1098 4286 ὀνόματα
1124 4218 1366 4271 καλεῖται
1394 4218 1606 4290 Πατρὸς
1640 4219 1733 4271 καὶ
1760 4216 1889 4270 Υίοῦ

297 4301 399 4352 καὶ
415 4301 570 4369 ἁγίου
596 4301 926 4372 Πνεύματος.
959 4306 1169 4375 Πατρὸς
1193 4307 1310 4376 μέν·
1335 4306 1535 4374 Πατὴρ
1554 4308 1890 4374 παντοκρά-

298 4408 438 4460 Imp,
455 4391 659 4461 Πατὴρ
680 4394 978 4460 ἁπάντων,
999 4396 1198 4464 Πατὴρ
1223 4397 1500 4464 Χριστοῦ·
1531 4397 1653 4451 1⁸ὶοῦ
1676 4397 1733 4450 δέ
1749 4414 1761 4427 ⁸
1785 4399 1894 4452 Λό.

1989 3233 2144 3271 orare
2175 3227 2375 3285 oportet
2405 3226 2454 3273 et
2484 3219 2699 3273 veritate
2723 3219 2786 3273 “.
2816 3218 2922 3288 75
2953 3217 3157 3284 Quodsi
3180 3217 3380 3272 veritas
3407 3229 3559 3271 com-

1987 3310 2230 3364 munitcr
2258 3310 2391 3381 agit,
2429 3317 2684 3365 creatura
2709 3317 3017 3366 creaturam
3052 3308 3214 3364 aliam
3239 3324 3346 3363 non
3382 3307 3564 3374 cilicii,

1971 3415 2165 3471 neque
2193 3401 2368 3455 creari
2399 3400 2656 3456 divinitas
2675 3407 2856 3471 potest
2875 3441 2890 3468 ,
2921 3415 3098 3470 neque
3136 3407 3284 3454 certo
3314 3399 3476 3454 modo
3505 3413 3568 3452 ac

1988 3488 2504 3558 circumscriptione
2541 3487 2802 3544 deﬁnitus
2847 3488 3200 3558 cognoscitur
3239 3487 3420 3552 Deus;
3468 3487 3570 3541 cir-

1989 3579 2284 3633 cumscribi
2329 3579 2475 3633 enim
2515 3593 2626 3634 non
2660 3587 2871 3649 potest,
2913 3589 3006 3634 aut
3057 3578 3203 3648 capi,
3241 3585 3334 3632 aut
3367 3578 3568 3632 intellio

1990 3670 2171 3740 gentia
2201 3669 2618 3740 comprehendi,
2651 3685 2774 3724 cum
2809 3671 3067 3725 universa
3107 3668 3204 3724 Dei
3235 3683 3402 3738 opera
3431 3683 3569 3722 con-

1991 3762 2183 3815 tineat.
2245 3759 2350 3815 Sed
2405 3774 2583 3830 neque
2625 3768 2892 3814 creaturae
2921 3757 3270 3814 serviendum
3310 3776 3322 3810 :
3369 3755 3573 3811 Servie-

1992 3860 2134 3915 runt,
2207 3851 2402 3920 inquit,
2436 3859 2694 3906 creatura:
2721 3852 2898 3919 potius
2925 3866 3084 3919 quam
3113 3847 3377 3911 Creatori,
3402 3857 3452 3901 et
3483 3848 3570 3917 [ac

1995 3943 2072 3996 tui
2101 3940 2294 3994 redditi
2325 3950 2447 3995 sunt
2472 3943 2540 3994 ὀ.
2570 3940 2763 3997 Nonne
2794 3941 3051 3995 stolidum
3077 3947 3162 3995 est
3192 3947 3459 3994 creatura:
3488 3938 3572 3994 di-

1992 4033 2270 4087 vinitatem
2306 4033 2549 4088 tribucre
2571 4073 2586 4097 ,
2621 4048 2686 4087 ac
2726 4033 2962 4102 primum
2993 4032 3097 4087 hoc
3126 4031 3330 4088 violare
3376 4047 3571 4104 prince-

1990 4133 2176 4195 ptum:
2208 4123 2372 4187 Audi,
2398 4123 2610 4177 Israel:
2640 4123 2896 4177 Dominus
2929 4123 3069 4178 Deus
3101 4133 3221 4178 tuus
3239 4139 3373 4177 unus
3403 4119 3480 4178 εει
3504 4126 3571 4181 ’⁸.

1996 4215 2118 4270 Νοη
2156 4216 2255 4270 erit
2292 4217 2346 4270 in
2395 4225 2442 4270 te
2500 4215 2642 4272 Deus
2682 4233 2859 4271 recens
2903 4217 2990 4271 “‘l
3021 4216 3289 4272 Caeterum
3338 4217 3576 4272 diversis

1995 4309 2049 4362 in
2085 4305 2367 4376 Scriptura
2400 4307 2716 4363 nominibus
2757 4305 2919 4362 Pater
2957 4315 3011 4363 et
3035 4307 3209 4363 Filius
3249 4315 3302 4363 et
3334 4308 3574 4379 Spiritus

1995 4403 2221 4456 sanctus
2247 4397 2496 4468 insigniri
2526 4400 2705 4454 solent
2733 4417 2747 4453 :
2775 4406 2970 4469 utputa
3000 4398 3184 4465 Pater,
3212 4399 3375 4454 Pater
3405 4402 3576 4454 omni-

297 4501 427 4551 τινος,
449 4485 870 4554 Χριστὸς,,ερῶς
895 4487 1204 4555 ἀληθινόν.
1233 4477 1339 4541 Τοῦ
1366 4489 1422 4541 δὲ
1462 4489 1617 4557 ἁγίου
1646 4487 1879 4559 Πνεύμα-

1991 4496 2215 4558 potens,
2289 4488 2453 4542 Pater
2516 4489 2784 4555 omnium,
2830 4489 2996 4543 Pater
3055 4488 3256 4545 Christi
3311 4499 3575 4558 vocatur;

294 4591 420 4635 eo,"
441 4574 848 4644 Hapdrcintoq,
871 4577 1112 4647 Πνεῦμα
1133 4580 1436 4647 ἀληθείας,
1454 4580 1695 4648 Πνεῦμα
1718 4579 1889 4646 Θεοῦ,

296 4665 545 4734 Πνεῦμα
584 4667 862 4735 Χριστοῦ.
909 4668 974 4721 Τί
1017 4669 1194 4722 τοίνυν
1245 4669 1264 4700 ⁸
1322 4671 1352 4723 6
1402 4669 1532 4732 Θεὸς
1565 4672 1760 4724 νοεῖται
1797 4669 1891 4724 καὶ

295 4755 516 4826 Πατὴρ,
546 4755 662 4824 φῶς
689 4756 802 4810 ἀλλ’
827 4757 904 4820 ὡς
931 4757 1347 4831 ὑπέρλαμπρον,
1371 4759 1643 4828 δύναμις,
1681 4761 1885 4828 σοφία.

295 4845 370 4898 ΕΞ
402 4845 458 4897 δὲ
481 4847 595 4913 φῶς
623 4850 652 4901 ὁ
686 4848 820 4911 Θεὸς
853 4848 948 4901 καὶ
989 4849 1200 4920 Πατὴρ,
1239 4849 1353 4918 φῶς
1390 4850 1499 4921 ἄρα
1543 4853 1607 4904 ὲκ
1656 4849 1829 4920 φωτὸς
1863 4851 1892 4904 6

294 4935 457 5000 Υἱὸς,
493 4939 584 4989 καὶ
617 4937 705 4990 διὰ
741 4936 900 4992 τοῦτο
947 4934 1127 4994 οικῶν
1175 4939 1300 5009 φῶς
1339 4940 1360 4972 ⁷
1423 4938 1492 4992 τὸ
1539 4939 1890 5006 ἀπρόσιτον.

288 5026 543 5097 Δύναμις
583 5028 640 5081 δὲ
678 5028 798 5092 ὅλος
825 5030 856 5081 6
889 5029 1041 5094 Θεὸς,
1077 5032 1171 5085 καὶ
1215 5030 1305 5084 διὰ
1339 5029 1497 5083 τοῦτο
1528 5031 1744 5098 Κύριος
1777 5028 1896 5084 τῶν

1996 4577 2169 4634 Filius
2227 4593 2396 4643 vero,
2462 4577 2724 4644 Verbum,
2782 4577 3050 4644 Christus,
3105 4579 3200 4634 lux
3256 4597 3413 4646 vera;
3455 4580 3578 4652 Spi-

2001 4669 2141 4724 ritus
2205 4675 2428 4725 sanctus
2474 4666 2729 4738 denique,
2778 4666 3114 4736 Paracletus,
3167 4669 3400 4739 Spiritus
3433 4671 3572 4725 veri-

1998 4762 2145 4826 tatis,
2215 4758 2445 4829 Spiritus
2501 4757 2622 4822 Dei,
2685 4756 2916 4827 Spiritus
2982 4758 3203 4814 Christi.
3265 4760 3577 4825 Quinetiam

1997 4852 2141 4908 Deus
2165 4852 2255 4906 ille
2294 4851 2436 4905 idem
2487 4863 2552 4903 ac
2589 4849 2749 4903 Pater
2776 4849 2866 4903 lux
2896 4849 3238 4918 intelligitur,
3268 4858 3322 4904 et
3349 4849 3571 4919 quidem

1998 4939 2308 4995 admirabili
2340 4937 2632 5009 splendore
2653 4939 2964 5004 collucens,
2996 4953 3210 4993 necnon
3237 4945 3292 4993 ct
3320 4939 3485 4993 virtus
3516 4947 3570 4995 et

2001 5031 2281 5101 sapientia.
2315 5029 2492 5102 Atque
2532 5029 2611 5084 uti
2642 5031 2735 5084 lux
2768 5036 2853 5084 est
2875 5027 3022 5085 Deus
3055 5036 3110 5084 et
3141 5027 3322 5094 Pater,
3361 5028 3436 5082 ita
3481 5029 3573 5091 lux

289 5116 638 5187 δννάμεων.
678 5119 850 5195 Σοφία
897 5122 1015 5186 ὅλος
1051 5123 1080 5175 6
1125 5123 1254 5186 ris;
1281 5120 1694 5193 (15⁸)-ο-οὺκοῦν
1737 5122 1879 5191 σοφία

2001 5129 2085 5177 est
2112 5121 2179 5176 de
2205 5119 2326 5175 luce
2347 5118 2519 5174 Filius
2547 5137 2560 5174 :
2595 5117 2741 5173 unde
2765 5124 2820 5172 et
2846 5116 3015 5171 lucem
3047 5114 3310 5170 inhabitat
3338 5115 3578 5181 inacces,

378 5270 972 5374 εξοσμισωμενη
1008 5279 1030 5309 ’
1061 5274 1272 5374 τρέπε
1304 5274 1745 5374 Seniani:
1773 5273 2037 5374 Ξίιεεξτοδε
2095 5274 2256 5374 ,³ρυρ·
2288 5273 2597 5374 imas
2651 5270 2700 5374 ,ξ
2725 5269 2948 5374 γηοτξῗ.
2969 5269 3126 5374 θὲἵῗ·
3155 5269 3318 5374 τρ·
3341 5267 3576 5374 ire?

291 5341 318 5374 ⁸
353 5340 489 5396 Cor.
529 5343 610 5396 ἔτι
645 5340 849 5399 τοίνυν.

1156 5347 1244 5416 δια
1305 5347 1398 5400 τοῦ
1436 5345 1668 5416 ερωτόςξ
1707 5345 1737 5416 '7

291 5425 420 5471 κγι.
451 5411 540 5466 δι.

1130 5417 1174 5448 ¹³
1203 5415 1310 5469 Tit.
1342 5432 1400 5474 ιι.
1445 5415 1531 5470 i0.

648 5347 849 5445 ἓρίρυν.
951 5347 1090 5445 ⁷1η).

719 5414 876 5467 Joan.
906 5430 946 5480 ι,
984 5414 1029 5470 ι.

379 5617 404 5678 ί
415 5616 735 5702 15)-Τειιιιε
761 5617 983 5702 (ἕτεροις
1013 5620 1267 5702 Epistolas
1306 5626 1372 5684 ad
1410 5596 1591 5686 Tit‘um
1625 5624 1784 5682 habet
1825 5638 1886 5692 ιι,

297 5687 412 5755 ω,
433 5687 525 5740 τοῦ
555 5688 806 5760 Σωτῆρος
836 5690 990 5760 ἡμῶν
1021 5687 1176 5748 Θεοῦ.

1867 5345 1959 5398 im.
1999 5359 2061 5399 ιιι
2095 5343 2180 5398 16.

1637 5414 1680 5447 ⁸⁸
1708 5415 1837 5470 ibid.
1890 5429 1951 5481 ii,
1986 5413 2068 5468 l2.

293 5480 399 5535 η.
479 5483 522 5513 ⁸⁸
561 5481 652 5538 Ps.
685 5499 862 5549 xuii,
889 5486 944 5539 6.
1021 5487 1065 5518 ⁸⁹
1089 5483 1247 5541 Joan.
1272 5501 1345 5554 iv,
1377 5487 1466 5541 24.
1543 5485 1588 5518 ³⁸
1617 5485 1820 5549 Roma,
1849 5480 1944 5550 25,
1979 5483 2070 5538 2i.

2353 5339 2513 5408 Rom,
2544 5357 2620 5401 ix.
2648 5340 2703 5396 5.
2732 5339 2738 5340 ⁷
2785 5340 2828 5372 ¹⁰
2856 5342 2975 5394 Act.
3008 5355 3121 5402 ιγι.
3153 5339 3266 5394 51(
3311 5407 3322 5408 7
3363 5339 3412 5408 7‘"
3453 5339 3577 5394 Act.

2165 5414 2208 5446 η
2244 5412 2375 5466 ibid.
2417 5413 2503 5466 is.
2585 5411 2627 5442 ισ
2657 5412 2774 5463 Act.
2808 5426 2898 5473 xx,
2931 5410 3023 5471 27,
3063 5411 3154 5464 es.
3231 5410 3274 5442 ιτ
3307 5407 3327 5463 ι
3359 5407 3500 5467 Tim.
3533 5421 3578 5478 ι,

2147 5483 2191 5516 ³⁸
2223 5481 2383 5536 Deut.
2411 5496 2485 5546 νι,
2506 5481 2558 5534 4.
2636 5481 2681 5512 ’⁸
2704 5478 2850 5534 Psal.
2894 5494 3059 5546 uss,
3100 5480 3188 5536 10.

2069 5621 2201 5695 (15⁸)
2232 5621 2372 5694 Lege
2405 5619 2566 5691 σοφία
2597 5619 2714 5684 ὅλος
2745 5620 2774 5674 6
2803 5618 2955 5683 Θεός.
2991 5616 3149 5675 Epit.
