3992 6198
318 278 426 338 “9
1752 276 2192 335 ANCOBATUS.
3494 269 3595 325 |50

317 394 655 467 πατριάρχαι
701 396 731 447 6
778 393 1029 465 ἀληθινὸς
1064 394 1253 467 Πατὴρ
1296 394 1602 466 ἀρξάμενος
1647 395 1742 450 τοῦ
1776 394 1913 451 εἷναι

2024 398 2243 451 ternitas
2285 396 2333 449 in
2364 394 2505 448 caelis
2540 403 2591 447 et
2636 394 2690 447 in
2734 402 2876 446 terra
2903 392 2956 459 ",
3002 392 3115 447 sive
3154 408 3167 446 :
3219 389 3328 462 Ego
3370 391 3590 459 ﬁrmans

316 489 534 561 Πατὴρ,
565 487 601 557 ἢ
629 484 873 540 ἐκλιπών
914 502 1046 539 ποτε
1077 486 1257 557 χρόνῳ
1291 486 1383 541 τοῦ
1414 482 1551 541 εἶναι
1603 488 1811 560 Πατήρ.
1849 490 1914 544 El

2020 488 2245 553 tonitru,
2269 495 2319 541 et
2352 501 2537 540 creans
2580 485 2823 553 spiritum
2849 484 2892 537 ⁸.
2933 482 3050 539 Non
3085 484 3229 538 enim
3268 490 3590 538 cancrorum

314 584 431 653 γάρ
475 581 700 651 ἀρχεται
744 576 839 631 τοῦ
892 574 1033 632 εἷναι
1077 578 1290 651 Πατὴρ,
1348 578 1476 643 Υἱὸς
1518 579 1628 651 ἄρα
1665 574 1733 651 ἦν
1784 598 1914 634 ποτε

2020 587 2239 651 patrum
2270 576 2777 649 patriarcharumve
2801 590 2974 641 more,
3000 589 3159 630 verus
3194 574 3283 628 ille
3312 573 3473 627 Pater
3501 582 3595 626 aut

318 672 517 742 ἑτέρου
546 669 775 742 Πατρὺς,
812 667 920 740 πρὸ
956 668 1051 724 τοῦ
1084 664 1223 725 εῖναι
1267 670 1429 724 αὐτὸν
1478 671 1699 742 Πατέρα
1740 673 1917 725 Μονο-

320 762 539 831 γενοῦς.
584 762 718 816 Καθ’
767 763 1065 833 ὁμοιότητα
1107 762 1220 833 (εο)
1264 761 1322 815 δὲ
1372 762 1608 835 πατέρες
1666 763 1916 835 πατέρων

321 849 591 921 νοούμενα
627 851 645 882 ⁸
677 851 864 917 τέκνα,
908 853 991 915 είς
1036 851 1263 919 ἄπειρον
1306 851 1398 906 τὸν
1445 835 1660 923 ἀληθῶς
1699 853 1917 925 πατέρα

318 941 425 1011 τῆς
470 941 855 1012 ἀρχαιολογίας
897 941 1079 1012 εὑρεῖν
1125 940 1293 995 ἔστιν.
1336 942 1471 996 Οὐδὲ
1522 942 1598 1006 ὡς
1644 942 1714 997 τά
1757 945 1918 999 λοιπά

314 1030 481 1083 τέκνα
510 1030 676 1096 θέσει,
708 1032 737 1084 6
770 1031 899 1094 Υίὸς
938 1032 967 1083 6
998 1029 1270 1102 ἀληθινὸς,
1304 1031 1422 1095 νέος
1450 1031 1545 1085 τοῦ
1580 1028 1717 1086 εἶναι
1754 1032 1912 1097 Υἱόςο

314 1120 367 1173 εί
397 1120 503 1190 γάρ
531 1119 656 1183 νέος
690 1118 786 1173 τοῦ
832 1115 971 1174 εἶναι
1004 1120 1153 1185 Υίὸς,
1183 1115 1251 1193 ἦν
1299 1138 1429 1174 ποτε
1474 1122 1664 1193 χρόνος
1694 1124 1781 1177 ὅτε
1818 1126 1918 1177 οὐκ

311 1206 384 1282 ἦν
432 1211 626 1283 Πατὴρ
671 1210 864 1283 Πατὴρ
906 1212 1265 1281 Μονογενοῡς.
1321 1214 1454 1267 Οὐδὲ
1503 1214 1579 1279 ὡς
1638 1214 1707 1269 τὰ
1756 1215 1918 1270 λοιπὰ

313 1302 631 1373 πνεύματα,
661 1302 724 1356 τδ
752 1302 982 1373 Πνεῦμα
1010 1304 1109 1375 τῆς
1138 1303 1396 1375 ἀληθείας
1429 1306 1645 1360 κτιστὸν
1681 1307 1715 1378 ἢ
1762 1323 1918 1378 ποιη-

310 1395 428 1448 τόν·
454 1394 579 1447 οὐδὲ
605 1394 682 1457 ὡς
702 1396 751 1448 οἱ
774 1395 853 1449 λοι
863 1394 950 1447 πολ
974 1394 1258 1464 ἀγγελοι,ὁ
1280 1397 1379 1468 τῆς
1391 1396 1661 1468 μεγάλης
1680 1397 1919 1467 ,ϐουλῆς

318 1485 625 1553 Ἀγγελος
670 1482 935 1539 καλεῖται.
972 1486 1040 1537 ’Δ
1092 1484 1192 1556 μὲν
1250 1484 1360 1558 γὰρ
1405 1486 1578 1557 ἀρχὴν
1626 1485 1719 1539 καὶ
1763 1485 1917 1551 τέλος

310 1572 455 1645 εχει,
484 1576 515 1627 6
546 1574 591 1627 δ’
634 1574 700 1629 ἂν
735 1574 851 1645 (2i)
900 1576 1253 1648 ἀνεπινόητον
1310 1575 1422 1648 ἔχει
1463 1577 1562 1648 τὴν
1607 1578 1782 1650 ἀρχὴν
1823 1579 1918 1633 καὶ

309 1666 381 1719 τὸ
409 1664 644 1736 κράτος·
675 1666 771 1719 καὶ
806 1665 843 1719 θ.
872 1667 972 1737 μὲν
1002 1666 1177 1732 κτίζει
1215 1667 1283 1721 τά
1312 1668 1491 1723 πάντα
1532 1669 1613 1733 είς
1654 1670 1918 1740 ἀπείρους

2016 686 2141 726 esse
2176 670 2338 725 Pater
2372 668 2670 739 aliquando
2703 667 2891 736 cmpit,
2927 674 3021 721 aut
3056 680 3345 737 progressu
3386 672 3595 735 tempo-

2019 762 2096 817 ris
2124 777 2249 817 esse
2277 759 2604 831 quandoque
2643 757 2877 813 desinet.
2903 756 3038 811 Nam
3062 756 3108 811 si
3148 754 3307 809 Pater
3332 770 3461 811 esse
3480 769 3594 810 ece-

2018 852 2181 923 perit,
2213 866 2447 907 necesse
2480 857 2563 906 est
2592 859 2651 905 ut
2672 846 2847 904 Filius
2871 847 3097 902 alterius
3122 844 3303 898 Patris
3329 846 3459 898 olim
3486 843 3597 899 fue-

2020 946 2108 1009 rit,
2148 951 2441 1013 antequam
2472 943 2589 1013 ipse
2624 948 2773 997 esset
2809 938 3085 1010 Unigeniti
3121 939 3308 991 Pater:
3341 936 3594 991 similiter

2018 1048 2083 1089 ac
2105 1041 2311 1104 patres,
2356 1032 2449 1103 qui
2496 1033 2626 1086 dum
2661 1032 3043 1101 intelliguntur
3078 1043 3202 1083 esse
3230 1027 3321 1081 lilii
3351 1034 3593 1098 patrum,

2019 1122 2074 1177 in
2112 1122 2387 1179 inﬁnitum
2419 1137 2584 1177 verus
2625 1121 2854 1191 originis
2891 1126 3042 1174 sator
3073 1132 3137 1173 ae
3166 1127 3320 1187 pater
3360 1117 3595 1171 inveniri

2021 1226 2222 1289 potest.
2255 1217 2443 1288 Neque
2490 1232 2621 1273 vero
2656 1226 2980 1271 caeterorum
3020 1214 3195 1269 instar
3228 1211 3594 1282 liliorum,qui
3637 1264 3643 1269 .

2019 1308 2313 1379 adoptione
2348 1306 2479 1362 laeti
2510 1314 2660 1374 sunt,
2687 1322 2849 1362 verus
2880 1306 3050 1363 Filius
3081 1319 3273 1359 recens
3297 1312 3382 1359 est
3416 1303 3594 1359 factus

2019 1401 2212 1456 Filius.
2263 1399 2520 1469 Alioquin
2553 1398 2699 1454 enim
2743 1404 2960 1467 tempus
2992 1393 3288 1467 aliquando
3330 1392 3453 1459 fuit,
3484 1408 3593 1463 quo

2020 1491 2183 1546 Pater
2208 1491 2450 1546 nondum
2484 1498 2631 1547 esset
2658 1488 2939 1560 Unigeniti
2965 1488 3145 1543 Pater.
3183 1488 3289 1543 Sed
3316 1502 3491 1556 neque
3518 1486 3595 1539 uti

2019 1584 2215 1655 reliqui
2244 1584 2496 1655 spiritus,
2530 1581 2779 1638 veritatis
2801 1579 3036 1652 Spiritus
3062 1587 3306 1636 creatum
3337 1577 3595 1649 quiddam

2017 1685 2101 1732 est
2120 1683 2214 1731 aut
2242 1675 2478 1742 factum;
2506 1689 2683 1745 neque
2713 1681 3036 1728 easterorum
3060 1673 3235 1727 instar
3257 1670 3596 1747 angelorum,

311 1756 543 1820 αἰῶνας,
571 1756 942 1827 συνεργοῦντα
964 1756 1138 1829 Πατρί
1161 1774 1172 1789 ο
1204 1756 1241 1811 ἃ
1270 1758 1327 1812 δὲ
1372 1758 1614 1824 κτίζεται
1648 1759 1757 1813 ἀπὸ
1792 1759 1915 1812 τού-

2020 1768 2193 1837 magni
2226 1767 2315 1822 ille
2348 1767 2563 1822 consilii
2594 1765 2822 1836 Angelus
2851 1764 3055 1836 dicitur
3087 1764 3128 1818 ⁸.
3167 1762 3450 1834 Siquidem
3509 1761 3600 1815 illa

311 1864 447 1911 των,
478 1847 553 1911 ὡς
588 1847 654 1901 ἂν
682 1846 920 1900 ὲθέλοιε·
964 1848 1057 1902 καὶ
1102 1847 1138 1902 ἀ
1174 1849 1274 1919 μὲν
1309 1848 1559 1920 λατρεύει
1604 1850 1833 1915 τούτοις,
1877 1849 1914 1904 δι

2020 1858 2236 1914 initium
2275 1857 2477 1912 habent
2507 1865 2561 1911 et
2593 1855 2758 1910 ﬁnem
2788 1869 2804 1909 :
2853 1855 2970 1911 hac
2997 1855 3105 1910 duo
3131 1855 3300 1910 robur
3337 1869 3402 1908 ac
3444 1852 3598 1923 prin-

309 1940 376 1993 δὲ
406 1939 678 2011 λατρευτά
729 1940 834 1994 ὑπὸ
886 1939 997 1995 τῶν
1038 1940 1175 1996 ὅλων
1230 1941 1575 2013 κτισμάτωνο
1616 1942 1710 1996 καὶ
1747 1941 1783 1995 ἃ.
1815 1942 1914 2012 μὲν

2021 1949 2261 2019 cipatum
2300 1948 2534 2014 habent,
2564 1962 2723 2017 quem
2754 1947 2903 2000 nulla
2932 1947 3257 2017 cujusquam
3291 1945 3598 2015 intelligen-

316 2032 473 2086 ἰᾶται
522 2031 592 2085 τὰ
631 2030 933 2102 ποιήματα,
974 2032 1011 2085 ἀ
1042 2032 1098 2085 δὲ
1148 2031 1248 2104 τὴν
1294 2033 1435 2087 ῐασιν
1485 2033 1749 2104 λαμϐάνει
1782 2050 1918 2105 παρ,

313 2123 508 2177 αὐτῶν
529 2139 543 2153 ·
582 2123 673 2176 καὶ
696 2122 733 2176 ἃ.
762 2124 862 2191 μὲν
892 2123 1138 2194 κρίνεται
1164 2124 1286 2178 κατ’
1308 2124 1484 2191 ἀξίαν,
1508 2123 1544 2179 ἀ
1572 2124 1627 2178 δὲ
1665 2125 1762 2195 τὴν
1793 2125 1911 2196 κρί-

315 2231 413 2270 σιν
446 2217 566 2288 εχεῐ
589 2216 683 2286 τὴν
711 2216 925 2270 δικαίαν
945 2232 959 2247 ο
993 2216 1088 2270 καὶ
1114 2217 1151 2271 ἃ
1182 2217 1283 2288 μὲν
1313 2217 1491 2289 χρόνῳ
1516 2219 1535 2248 ¹
1588 2218 1756 2281 ἐστὶν,
1790 2217 1826 2271 ἃ
1851 2216 1909 2269 δὲ

311 2306 423 2360 οὐκ
451 2308 511 2360 ὲν
534 2307 707 2378 χρόνῳ
730 2307 990 2379 τυγχάνει
1011 2324 1025 2340 ο
1051 2308 1147 2363 καὶ
1172 2306 1208 2362 ἃ
1235 2307 1333 2379 μὲν
1362 2304 1587 2378 φωτίζει
1609 2308 1679 2360 τὰ
1708 2307 1906 2373 πάντα,

313 2398 356 2453 ἃ
405 2397 463 2451 δὲ
511 2398 801 2466 φωτίζεται
848 2399 953 2452 ὑπὸ
992 2398 1228 2454 τούτων·
1271 2400 1366 2453 καὶ
1410 2398 1448 2453 ἀ
1496 2399 1594 2470 μὲν
1636 2398 1791 2453 καλεί
1823 2416 1913 2471 νη-

315 2490 480 2554 πίους
507 2490 589 2553 είς
616 2488 772 2560 ὕψος,
798 2490 834 2545 ἃ
860 2491 918 2544 δὲ
948 2490 1195 2546 καλεῖται
1237 2491 1341 2545 ὑπὸ
1367 2492 1602 2546 τελείου·
1634 2493 1728 2547 καὶ
1750 2491 1785 2546 ἀ
1811 2492 1911 2564 μὲν

317 2580 604 2651 χαρίζεται
651 2583 858 2648 πᾶσιν,
915 2581 952 2636 ἃ
1000 2582 1057 2636 δὲ
1112 2584 1424 2655 χαρίσματα
1469 2583 1768 2654 λαμϐάνει·
1818 2583 1912 2637 καὶ

317 2672 575 2740 καθάπαξ
603 2675 799 2741 εἰπεῖν,
821 2673 859 2728 ά
907 2675 1007 2744 μὲν
1051 2674 1276 2745 ἐξυμνεῖ
1305 2675 1404 2747 τὴν
1447 2676 1709 2747 ἁγιότητα
1738 2676 1794 2728 ἐν
1825 2675 1915 2728 οὐ·

318 2766 503 2833 ρανοῖς
529 2764 774 2836 οὐρανῶν
807 2765 902 2819 καὶ
921 2765 1127 2831 λοιποῖς
1156 2767 1407 2837 ἀοράτοις
1432 2766 1636 2831 τόποις,
1676 2766 1711 2821 ἀ
1746 2766 1803 2821 δὲ
1828 2765 1914 2834 ὲξ-

315 2853 635 2926 υμνούμενα
665 2854 735 2909 τά
769 2855 918 2927 δῶρα
940 2856 1104 2924 ἀξίως
1140 2856 1372 2929 παρέχει
1398 2860 1511 2922 τοῖς
1531 2856 1719 2924 ἀξίοις.

1990 2040 1992 2043 ’
2024 2042 2098 2095 tia
2132 2040 2305 2111 possit
2335 2039 2577 2109 assequi.
2615 2037 2741 2093 Haec
2774 2039 3030 2095 universa
3060 2044 3443 2108 procrearunt,
3478 2050 3598 2105 qua:

2017 2147 2143 2187 eum
2198 2130 2357 2186 Patre
2391 2146 2486 2200 per
2532 2130 2743 2184 inﬁnita
2783 2131 2982 2184 saecula
3013 2130 3379 2185 communiter
3417 2128 3597 2180 omnia

2016 2223 2317 2279 moliuntur
2348 2239 2361 2277 :
2395 2228 2592 2275 caetera
2622 2221 2690 2274 ab
2719 2221 2826 2276 illis
2853 2229 3018 2290 prout
3060 2220 3196 2290 ipsis
3227 2219 3390 2284 libet,
3416 2230 3602 2269 crean-

2016 2321 2126 2368 tur.
2176 2314 2273 2368 llla
2316 2314 2563 2369 serviunt
2610 2313 2680 2368 iis
2722 2319 2777 2368 et
2826 2314 3048 2380 colunt;
3101 2312 3188 2367 his
3246 2326 3276 2365 a
3330 2309 3601 2365 creaturis

2017 2405 2274 2462 omnibus
2321 2404 2561 2460 servitus
2607 2405 2901 2474 cultusque
2933 2403 3213 2458 tribuitur.
3263 2400 3389 2457 Hae
3417 2400 3603 2471 operi-

2020 2498 2125 2553 bus
2158 2496 2277 2552 suis
2325 2494 2654 2550 medicinam
2689 2495 2950 2549 adhibeut
2981 2512 2994 2548 :
3042 2494 3134 2548 illa
3167 2493 3495 2548 medicinam
3533 2493 3603 2547 ab

2020 2588 2142 2643 istis
2186 2586 2487 2657 accipiunt.
2537 2584 2631 2638 llla
2680 2600 2778 2655 pro
2821 2600 2923 2639 suo
2961 2600 3190 2655 quaeque
3224 2584 3419 2638 merito
3449 2581 3601 2652 judi-

2020 2677 2166 2732 cium
2225 2674 2507 2731 subeunt:
2565 2674 2681 2729 haec
2733 2673 2943 2743 justum
2998 2679 3255 2729 exercent
3308 2672 3600 2742 judicium.

2023 2764 2149 2821 Huic
2176 2765 2231 2820 in
2253 2774 2537 2835 tempore:
2570 2764 2663 2817 illa
2697 2772 2849 2819 extra
2886 2773 3101 2836 tempus
3129 2773 3275 2820 sunt.
3319 2764 3444 2818 Haec
3477 2764 3603 2817 uni-

2023 2872 2183 2913 versa
2233 2856 2560 2911 eollustrant
2594 2872 2607 2910 :
2648 2855 2717 2909 ab
2761 2857 2845 2911 his
2877 2856 2969 2910 illa
3018 2857 3435 2912 collustrantur.
3477 2856 3603 2912 Haec

316 2948 560 3004 infantes
604 2948 673 3003 ad
722 2950 1114 3007 sublimitatem
1151 2962 1379 3007 vocant:
1435 2953 1527 3007 illa
1568 2966 1596 3005 a
1636 2951 1879 3023 perfecto
1927 2962 2213 3007 vocantur.
2258 2949 2384 3005 Haec
2425 2949 2732 3021 largiuntur
2790 2949 3094 3006 omnibus:
3133 2949 3225 3003 illa
3274 2949 3593 3003 muneribus

316 3041 653 3099 alﬁciuntur.
691 3043 772 3098 Ad
812 3060 1081 3100 summam
1139 3046 1232 3100 illa
1284 3046 1340 3101 in
1377 3047 1532 3103 emlis
1568 3047 1834 3103 caelorum
1877 3061 1943 3103 ac
1994 3044 2210 3101 caeteris
2270 3059 2390 3115 qua:
2433 3044 2608 3100 oculis
2676 3042 2943 3099 subducta
2991 3050 3157 3107 sunt,
3204 3042 3342 3098 locis
3399 3041 3604 3097 sancti—

318 3146 491 3192 tatem
526 3137 673 3191 illam
702 3138 1168 3209 prazdieantzhaae
1188 3140 1407 3196 illorum
1438 3141 1823 3212 praedicatione
1847 3141 2119 3196 celebrata
2153 3155 2278 3194 cum
2311 3139 2490 3210 dignis
2525 3153 2627 3195 sua
2660 3139 2824 3210 digne
2856 3139 2999 3194 dona
3031 3138 3460 3193 communicant.

393 3234 514 3287 OB.
556 3234 855 3305 Πνεύματα
898 3234 956 3288 δὲ
1001 3234 1266 3302 πλεῖστα,
1301 3237 1527 3310 φησὶνή
1568 3238 1790 3311 Γραφήσ
1848 3237 1909 3291 '0

2082 3233 2293 3291 LXXII.
2334 3236 2603 3291 Caeterum
2640 3236 2954 3305 complures
2998 3234 3228 3306 spiritus
3274 3250 3446 3291 saera:
3475 3234 3593 3289 Lit-

318 3323 515 3381 ποιῶν
543 3324 683 3391 τοὺς
721 3324 1020 3395 ἀγγέλους
1057 3327 1245 3383 αὑτοῦ
1279 3329 1610 3398 πνεύματα,
1640 3331 1737 3384 καὶ
1774 3329 1917 3396 τοὺς

319 3416 718 3487 λειτοιφτοὺς
742 3417 933 3471 αὐτοῦ
960 3418 1148 3487 πυρὸς
1186 3419 1385 3489 φλόγα
1403 3436 1417 3452 ο
1454 3421 1578 3489 καὶ,
1612 3420 1816 3475 Πάντα
1844 3420 1917 3475 τὰ

323 3508 659 3577 πνεύματα,
684 3508 902 3564 αἱνεῐτε
925 3508 1032 3564 τὸν
1053 3511 1294 3579 Κύριον.
1320 3511 1650 3584 Χαρίσματα
1668 3513 1725 3566 δὲ
1744 3512 1915 3578 ἀξίοις

320 3598 526 3652 δίδοται
560 3599 889 3670 διακρίσεως
930 3601 1275 3672 πνευμάτων.
1306 3604 1375 3656 Ἃ
1410 3603 1509 3673 μὲν
1536 3604 1642 3675 γὰρ
1678 3603 1915 3675 ἐπουρᾶι⁴

329 3692 424 3745 νιά
452 3694 581 3755 είσι,
610 3692 869 3764 χαίροντα
893 3695 959 3764 τῇ
996 3693 1252 3766 ἀληθείᾳο
1284 3694 1320 3749 ἀ
1343 3695 1400 3747 δὲ
1428 3695 1667 3765 ἐπίγεια,
1698 3696 1916 3769 ἀπάτης

323 3785 423 3838 καὶ
470 3784 682 3855 πλάνης
720 3785 1032 3857 ὲπιτήδεια’
1060 3786 1096 3839 ἃ
1129 3786 1186 3840 δὲ
1224 3787 1455 3857 ὑπόγεια
1478 3826 1494 3851 ,
1545 3786 1783 3842 ἀϐύσσου
1822 3788 1917 3843 καὶ

327 3872 563 3935 σκότους
587 3874 773 3928 τέκνα.
806 3874 1137 3942 nupsisti/tet
1181 3874 1313 3948 γὰρ,
1340 3876 1402 3930 τὸ
1444 3875 1778 3946 Εὑαγγέλιόν
1814 3894 1918 3948 φη-

327 3980 416 4018 σιν
438 4005 457 4027 ,
511 3964 615 4019 ινα
659 3963 743 4034 μὴ
796 3964 1008 4035 πέμψῃ
1052 3965 1276 4032 αὐτοὺς
1319 3969 1408 4034 εις
1452 3966 1568 4035 τὴν
1613 3966 1910 4022 ἄϐυσσον.

335 4054 620 4121 Ὡσαύτως
652 4057 708 4110 δὲ
750 4058 844 4111 καὶ
877 4060 990 4121 τοῖς
1023 4059 1326 4128 πνεύμασιν
1366 4056 1631 4111 ἐπέτασσε
1650 4064 1679 4120 ,⁵
1716 4057 1810 4111 καὶ
1845 4056 1914 4110 τά

320 4146 622 4217 πνεύματα
654 4146 907 4214 ἑξεδίωκε
928 4148 1095 4219 λόγῳ,
1113 4148 1211 4202 καὶ
1240 4149 1352 4202 οὐκ
1380 4147 1474 4202 εἴα
1506 4148 1658 4202 αὐτὰ
1677 4147 1913 4202 λαλεῖν.

321 4234 563 4303 Λέγεται
599 4235 657 4289 δὲ
706 4235 944 4307 πνεῦμα
997 4237 1282 4305 κρίσεως,
1330 4235 1423 4289 καὶ
1475 4235 1711 4305 πνεῦμα
1770 4237 1914 4290 read-

319 4338 481 4391 σεως
505 4323 528 4356 ³
548 4340 564 4356 ·
604 4324 821 4395 λέγεται
878 4326 973 4381 καὶ
1022 4326 1258 4397 πνεῦμα
1315 4327 1547 4397 κόσμου
1565 4343 1580 4359 ο
1623 4326 1812 4398 Ἡμεῖς
1849 4326 1919 4381 δὲ

2022 3334 2157 3382 ιρι-ιε
2229 3341 2354 3382 esse
2402 3325 2711 3397 signiﬁcant
2743 3339 2758 3379 :
2792 3326 2900 3393 Qui
2946 3326 3112 3393 facit,
3145 3325 3357 3397 inquit,
3390 3326 3599 3395 angelos

2022 3434 2144 3471 suos
2176 3418 2433 3486 spiritus,
2485 3427 2535 3471 et
2584 3417 2855 3472 ministros
2894 3433 3019 3473 suos
3064 3418 3339 3487 ﬂammant
3388 3419 3524 3489 ignis
3560 3419 3601 3473 ⁷.

2021 3507 2153 3564 Item
2190 3530 2204 3564 :
2239 3508 2431 3565 Omnes
2476 3509 2697 3577 spiritus
2718 3548 2733 3572 ,
2766 3508 2982 3562 laudate
3024 3506 3310 3564 Dominum
3340 3509 3386 3575 ⁸,
3430 3506 3526 3564 sed
3551 3518 3605 3563 et

2022 3599 2093 3653 iis
2130 3598 2236 3668 77
2269 3597 2360 3669 qui
2411 3597 2563 3668 digni
2596 3605 2762 3663 sunt,
2794 3598 3282 3654 diseernendorum
3310 3598 3602 3669 spirituum

2020 3690 2163 3747 dona
2190 3690 2505 3745 tribuuntur
2527 3690 2571 3742 ’.
2625 3689 2761 3744 Nam
2792 3689 2886 3744 alii
2920 3688 3173 3744 caelestes
3202 3696 3331 3744 sunt
3351 3689 3603 3759 spiritus,

2021 3783 2115 3854 qui
2148 3782 2381 3837 veritate
2411 3781 2793 3849 delectantur;
2826 3782 2920 3835 alii
2947 3781 3175 3848 terreni,
3200 3780 3295 3851 qui
3319 3779 3603 3834 fraudibus

2024 3883 2080 3930 et
2114 3875 2401 3930 erroribus
2438 3874 2663 3929 obnoxii
2718 3881 2881 3940 sunt;
2923 3874 3013 3927 alii
3053 3872 3285 3941 denique
3324 3871 3605 3925 subterra~

2018 3967 2127 4029 nei,
2160 3965 2364 4035 abyssi,
2405 3965 2863 4034 tenebrarumque
2899 3963 3011 4018 ﬁlii.
3046 3961 3285 4032 Rogabat
3315 3962 3460 4017 enim
3485 4001 3499 4026 ,
3543 3968 3604 4016 ut

2018 4053 2370 4125 Erangelium
2398 4055 2493 4120 ait,
2519 4071 2582 4108 ne
2599 4071 2654 4109 se
2675 4056 2732 4108 in
2758 4053 3007 4124 abyssum
3036 4054 3114 4108 ire
3125 4053 3331 4124 juberet
3358 4055 3424 4108 ‘°.
3442 4054 3521 4107 lta
3549 4062 3604 4109 et

2020 4146 2310 4218 spiritibus
2350 4146 2654 4216 imperabat
2684 4145 2974 4213 Christus;
3019 4154 3073 4201 et
3111 4146 3338 4217 spiritus
3372 4144 3597 4221 fugahat

2023 4238 2214 4304 verbo,
2252 4252 2353 4293 nec
2397 4237 2600 4293 sinebat
2634 4256 2720 4293 eos
2772 4238 2913 4307 loqui
2945 4239 3011 4292 ¹¹.
3040 4237 3350 4304 Quinetiam
3384 4237 3603 4306 spiritus

2018 4328 2237 4401 judicii,
2284 4340 2335 4385 et
2368 4331 2590 4400 spiritus
2614 4330 2823 4385 ardoris
2857 4331 3173 4384 nominatur
3207 4330 3268 4383 ".
3307 4326 3604 4398 Itidemque

398 4482 416 4555 ξ
458 4496 549 4549 γρ.
580 4480 875 4555 νοοῦνταιά
903 4485 946 4555 _‘
978 4500 1067 4553 ψ.
1104 4483 1319 4555 χρόνου.
1380 4482 1420 4555 ,³
1452 4498 1545 4555 ζηι)ζ
1585 4481 1885 4555 καύσωνος.

2028 4483 2228 4555 Ephes.
2269 4486 2440 4555 nus.
2513 4487 2535 4518 '
2568 4485 2735 4540 Amos
2765 4500 2836 4551 tv,
2870 4484 3020 4555 15ers
3050 4499 3176 4537 Lxx.
3218 4484 3277 4555 ᾖ
3308 4484 3412 4539 lsa.
3446 4500 3520 4555 Ix,
3550 4484 3602 4538 6.

322 4546 345 4581 '
369 4546 518 4604 Psai.
541 4565 639 4619 eu,
667 4553 756 4608 16.

318 4632 402 4683 tv,
428 4621 482 4678 6.

859 4553 881 4585 ⁸
902 4550 1045 4609 Psal.
1076 4550 1162 4618 CII,
1218 4551 1272 4607 6.

1377 4551 1398 4583 ’
1453 4551 1632 4607 l’Cor.
1668 4568 1770 4619 xu,
1813 4552 1900 4619 12,
1950 4552 2017 4608 10
2060 4551 2181 4626 sqq.

2284 4556 2328 4587 ¹⁰
2354 4553 2488 4611 Luc.
2518 4571 2614 4620 vn,
2643 4555 2733 4610 51.
2876 4555 2916 4586 “
2948 4553 3117 4610 Marc.
3150 4572 3189 4622 ι,
3217 4553 3305 4609 54.
3436 4556 3478 4586 ¹²
3499 4554 3601 4610 lsa.

398 4735 514 4804 (20)
535 4734 676 4791 Καθ’
704 4738 1040 4806 ὁμοιότητα,
1061 4742 1166 4792 etc.
1192 4735 1453 4792 Petavius
1476 4735 1867 4805 interpretatur
1892 4754 1907 4794 :

2020 4734 2377 4806 Epiphanium
2405 4730 2677 4785 ἀντίθεσιν
2703 4731 2792 4785 hie
2815 4730 3159 4806 constituere.
3181 4730 3325 4784 inter
3351 4732 3601 4806 spiritum

324 4807 506 4862 Porro
537 4807 886 4878 similitudine
910 4809 1142 4878 quadam
1169 4815 1382 4875 patrum
1410 4814 1584 4873 patres
1608 4807 1914 4878 intelligun-

325 4889 423 4930 tur
455 4892 567 4929 esse
616 4877 740 4945 ﬁlii,
768 4887 818 4931 et
859 4876 1206 4947 ininﬁnitum
1244 4893 1395 4932 verus
1427 4878 1646 4946 originis
1673 4876 1821 4931 sator
1852 4893 1916 4931 ac

321 4963 527 5017 parens
557 4948 770 5014 perduci
808 4957 997 5017 potest.
1040 4948 1172 5002 Eam
1205 4947 1707 5017 interpretationem
1744 4958 1918 5003 muta-

321 5016 403 5072 rit
437 5016 787 5072 Thomasius.

399 5085 516 5154 (21)
550 5087 604 5138 '0
630 5086 684 5138 δ’
709 5087 807 5141 ἄν.
834 5086 1247 5142 Emendandum
1272 5100 1396 5143 esse
1423 5085 1602 5141 locum
1625 5085 1774 5140 illmn
1799 5101 1917 5141 cre—

318 5157 468 5211 didit
515 5155 794 5221 Petavius,
832 5168 886 5212 et
931 5158 1164 5213 fortasse
1211 5172 1333 5213 esse
1370 5157 1655 5221 legendum
1691 5156 1727 5211 ἃ
1762 5157 1806 5210 δ’
1829 5158 1915 5220 ἄν,

315 5227 791 5296 quemadmodum
818 5229 870 5281 in
896 5226 1134 5283 Panario
1162 5227 1356 5296 legitur
1387 5228 1455 5282 ad
1482 5242 1632 5281 num.
1672 5226 1705 5280 8
1742 5227 1918 5281 haue-

318 5312 457 5351 δεῦε
488 5296 576 5349 7t.
609 5300 679 5351 At
710 5297 953 5367 suspicio
997 5313 1119 5353 esse
1161 5305 1345 5367 posset
1382 5296 1741 5353 correctionis
1772 5297 1918 5351 illius

317 5368 536 5422 nullam
566 5367 761 5423 adesse
786 5365 1193 5423 necessitatem}
1232 5365 1298 5420 Et
1327 5368 1477 5421 nulla
1507 5367 1723 5421 adesset
1767 5368 1810 5421 si
1843 5368 1918 5422 nil

317 5445 541 5491 vetaret
571 5437 703 5492 illud
731 5440 759 5492 6
784 5438 829 5490 δ’
852 5437 1045 5493 referri
1079 5438 1148 5491 ad
1177 5437 1356 5507 magni
1380 5438 1591 5493 consilii
1616 5437 1877 5506 Angelum
1900 5454 1915 5503 ;

316 5507 415 5579 ita
447 5514 508 5559 ut
539 5508 863 5579 gquivaleat
892 5507 1117 5572 dicenti,
1137 5508 1167 5560 6
1200 5507 1258 5579 δὲ
1288 5508 1529 5579 μεγάλης
1575 5507 1768 5578 βουλῆς
1786 5508 1921 5579 TA?-

318 5573 511 5643 γιλος.
544 5573 621 5631 δί’
634 5585 816 5633 autem
848 5579 1001 5633 locus
1021 5573 1415 5644 emendandus,
1445 5573 1586 5633 forte
1621 5584 1677 5633 et
1716 5573 1919 5632 referre

320 5648 490 5718 ilium
521 5660 628 5701 nou
654 5647 999 5718 incommode
1030 5663 1312 5718 possemus
1345 5649 1411 5704 ad
1449 5662 1637 5705 vocem
1673 5646 1916 5718 Πνεῦμα,

322 5724 387 5773 et
431 5716 609 5787 legere
634 5717 695 5771 τὸ
718 5716 762 5769 δ’
790 5716 874 5772 ἄν.
926 5716 1275 5778 Dissimulare
1305 5729 1484 5778 tamen
1518 5734 1627 5775 non
1658 5716 1921 5774 debemus

2019 4799 2325 4863 increatum
2353 4810 2408 4857 et
2428 4808 2683 4865 creatos;
2731 4808 2786 4855 et
2828 4801 2882 4853 in
2926 4799 3193 4853 orationis
3232 4799 3491 4854 contextu
3526 4804 3604 4855 uti

2060 4877 2256 4929 lurium
2280 4886 2507 4927 numero
2527 4870 2562 4925 ἀ
2590 4870 2689 4941 μέν
2718 4877 2773 4941 et
2810 4868 2846 4923 ἀ
2882 4868 2960 4935 δέ,
2997 4883 3229 4941 quorum
3262 4870 3606 4941 alterunrre-

2063 4892 2256 4929 turnum
2280 4892 2562 4927 numerua
2590 4892 2689 4941 μεν
2718 4892 2773 4924 et
2810 4892 2846 4923 α
2882 4892 2960 4935 οε,
2997 4892 3229 4937 quorum
3262 4892 3491 4923 alterum
3526 4892 3604 4926 re-

2020 4892 2194 5001 ?ertur
2222 4944 2290 4999 ad
2318 4942 2389 4996 τὰ
2422 4941 2585 4995 λοιπά
2614 4940 2919 5010 πνεύματα,
2947 4947 3001 4994 et
3021 4939 3070 4991 oi
3111 4938 3289 5010 λοιποὶ.
3364 4936 3604 5006 ἄγγελοι,

2024 5012 2254 5067 alterum
2287 5012 2355 5067 ad
2387 5010 2647 5088 Spiritum
2677 5009 2949 5088 sanctum,
2968 5023 3133 5088 quem
3168 5009 3327 5088 paulo
3350 5010 3628 5088 superiusl

2024 5088 2389 5154 appellaverat
2412 5078 2554 5154 Πνξῦ
2563 5098 2638 5152 μα
2656 5082 2754 5154 τῆς
2792 5078 3049 5154 ἀληθείας
3074 5086 3132 5154 et
3153 5078 3391 5154 μεγάλης
3408 5078 3603 5151 βουλῆς

2028 5150 2311 5230 Ἄγγελος.
2343 5152 2467 5207 llaec
2488 5150 2797 5230 Petavianae
2818 5150 3214 5230 emendationis
3246 5150 3412 5230 ratio1
3439 5150 3603 5230 quam

2022 5217 2311 5297 probarem
2339 5239 2491 5297 sane,
2524 5222 2570 5278 si
2608 5224 2952 5297 exploratum
2993 5220 3123 5297 mihi
3160 5226 3335 5297 _es_set.
3372 5217 3605 5297 Epipha-

2024 5289 2117 5351 iiio
2156 5294 2311 5349 nefas
2343 5294 2513 5347 fuisse
2541 5293 2624 5347 vel
2668 5289 2857 5354 semel,
2900 5292 2955 5344 iu
3003 5289 3270 5359 principio
3305 5290 3603 5358 praesertim

2024 5366 2170 5421 illius
2195 5365 2540 5427 ἀντιθέσεως,
2573 5362 2835 5430 singulari
2876 5374 3103 5415 numero
3135 5359 3423 5428 appellare,
3456 5359 3600 5427 quod

2024 5449 2211 5490 revera
2267 5434 2541 5502 singulare
2578 5438 2682 5484 est.
2736 5430 3031 5501 Sequenlia
3079 5430 3605 5502 νει-ο,ἀνεπινόητον

2026 5506 2136 5576 ἔχει
2181 5503 2280 5576 τὴν
2331 5497 2505 5576 ἀρχὴν
2533 5502 2633 5576 ’καὶ
2682 5501 2744 5553 τὸ
2782 5497 3002 5576 κράτος,
3042 5497 3240 5576 redde,
3271 5497 3608 5576 faenoque-

2028 5566 2129 5629 bile
2172 5566 2325 5626 habet
2371 5566 2688 5642 principium
2742 5580 2791 5624 et
2820 5566 3224 5642 'fortitudinem.
3270 5566 3604 5642 Principium

2026 5643 2309 5722 videlicet,
2330 5639 2440 5722 quo
2475 5641 2654 5722 magni
2686 5642 2899 5722 consilii
2930 5641 3169 5722 Angelus
3203 5639 3440 5722 Spiritus
3457 5639 3601 5696 'san-

2028 5724 2151 5773 ctus
2174 5709 2431 5772 ineﬁabili
2464 5709 2624 5768 modo
2654 5726 2683 5766 a
2715 5711 2877 5769 Patre
2900 5722 2951 5769 et
2983 5709 3120 5769 Filio
3143 5709 3409 5784 procedit.
