  <div class='ocr_page' id='page_1' title='image "/cluster/home/n/w/nwhite01/storage/ocr_20150623/43/hvd.32044054272794/081.png"; bbox 0 0 3992 6198; ppageno 0'>
   <div class='ocr_carea' id='block_1_1' title="bbox 485 248 2061 318">
    <p class='ocr_par' dir='ltr' id='par_1_1' title="bbox 485 251 2061 318">
     <span class='ocr_line' id='line_1_1' title="bbox 485 251 2061 318; baseline -0.007 -1"><span class='ocrx_word' id='word_1_1' title='bbox 485 260 576 318; x_wconf 74' lang='lat'><strong>13!</strong></span> <span class='ocrx_word' id='word_1_2' title='bbox 1931 251 1986 308; x_wconf 75' lang='grc' dir='ltr'><strong>Β.</strong></span> <span class='ocrx_word' id='word_1_3' title='bbox 2031 253 2061 306; x_wconf 90' lang='grc' dir='ltr'><strong>ΙΞ</strong></span> 
     </span>
    </p>
   </div>
   <div class='ocr_carea' id='block_1_2' title="bbox 2151 248 3727 318">
    <p class='ocr_par' dir='ltr' id='par_1_2' title="bbox 2151 248 3727 310">
     <span class='ocr_line' id='line_1_2' title="bbox 2151 248 3727 310; baseline 0.001 -3"><span class='ocrx_word' id='word_1_4' title='bbox 2151 248 2365 310; x_wconf 63' lang='grc' dir='ltr'><strong>ΡΙΙᾹΝΝ</strong></span> <span class='ocrx_word' id='word_1_5' title='bbox 3635 251 3727 309; x_wconf 70' lang='lat'><strong>{3‘2</strong></span> 
     </span>
    </p>
   </div>
   <div class='ocr_carea' id='block_1_3' title="bbox 481 362 2057 450">
    <p class='ocr_par' dir='ltr' id='par_1_3' title="bbox 481 373 2054 450">
     <span class='ocr_line' id='line_1_3' title="bbox 481 373 2054 450; baseline -0.006 -12"><span class='ocrx_word' id='word_1_6' title='bbox 481 393 594 438; x_wconf 84' lang='lat' dir='ltr'><strong>stra</strong></span> <span class='ocrx_word' id='word_1_7' title='bbox 629 379 894 436; x_wconf 81' lang='lat' dir='ltr'><strong>tenuitate</strong></span> <span class='ocrx_word' id='word_1_8' title='bbox 917 378 1343 450; x_wconf 84' lang='lat' dir='ltr'><strong>disputabimus,</strong></span> <span class='ocrx_word' id='word_1_9' title='bbox 1375 389 1439 427; x_wconf 89' lang='lat' dir='ltr'><strong>ac</strong></span> <span class='ocrx_word' id='word_1_10' title='bbox 1466 389 1588 427; x_wconf 84' lang='lat' dir='ltr'><strong>cum</strong></span> <span class='ocrx_word' id='word_1_11' title='bbox 1627 373 1783 428; x_wconf 87' lang='lat' dir='ltr'><strong>nobis</strong></span> <span class='ocrx_word' id='word_1_12' title='bbox 1820 375 1950 428; x_wconf 88' lang='lat' dir='ltr'><strong>illud</strong></span> <span class='ocrx_word' id='word_1_13' title='bbox 1983 377 2054 430; x_wconf 82' lang='lat' dir='ltr'><strong>sit</strong></span> 
     </span>
    </p>
   </div>
   <div class='ocr_carea' id='block_1_4' title="bbox 2150 362 3726 450">
    <p class='ocr_par' dir='ltr' id='par_1_4' title="bbox 2161 362 3726 447">
     <span class='ocr_line' id='line_1_4' title="bbox 2161 362 3726 447; baseline -0.006 -17"><span class='ocrx_word' id='word_1_14' title='bbox 2161 376 2303 430; x_wconf 79' lang='grc' dir='ltr'>κατὰ</span> <span class='ocrx_word' id='word_1_15' title='bbox 2337 376 2396 429; x_wconf 76' lang='grc' dir='ltr'>τὸ</span> <span class='ocrx_word' id='word_1_16' title='bbox 2426 376 2692 447; x_wconf 79' lang='grc' dir='ltr'>ἡμέτερον</span> <span class='ocrx_word' id='word_1_17' title='bbox 2733 371 2975 437; x_wconf 78' lang='grc' dir='ltr'>ἀσθενές.</span> <span class='ocrx_word' id='word_1_18' title='bbox 3025 373 3163 426; x_wconf 78' lang='grc' dir='ltr'>Ἀλλ’</span> <span class='ocrx_word' id='word_1_19' title='bbox 3199 373 3261 426; x_wconf 84' lang='grc' dir='ltr'>ὲκ</span> <span class='ocrx_word' id='word_1_20' title='bbox 3293 362 3427 423; x_wconf 74' lang='grc' dir='ltr'>Θεοῦ</span> <span class='ocrx_word' id='word_1_21' title='bbox 3468 367 3726 433; x_wconf 79' lang='grc' dir='ltr'>καταξιω-</span> 
     </span>
    </p>
   </div>
   <div class='ocr_carea' id='block_1_5' title="bbox 481 460 2057 536">
    <p class='ocr_par' dir='ltr' id='par_1_5' title="bbox 481 465 2050 532">
     <span class='ocr_line' id='line_1_5' title="bbox 481 465 2050 532; baseline -0.003 -8"><span class='ocrx_word' id='word_1_22' title='bbox 481 486 513 524; x_wconf 87' lang='lat' dir='ltr'><strong>a</strong></span> <span class='ocrx_word' id='word_1_23' title='bbox 546 469 654 523; x_wconf 84' lang='lat' dir='ltr'><strong>Deo</strong></span> <span class='ocrx_word' id='word_1_24' title='bbox 681 471 970 532; x_wconf 86' lang='lat' dir='ltr'><strong>tributum,</strong></span> <span class='ocrx_word' id='word_1_25' title='bbox 1003 477 1058 521; x_wconf 92' lang='lat' dir='ltr'><strong>ut</strong></span> <span class='ocrx_word' id='word_1_26' title='bbox 1091 469 1143 520; x_wconf 92' lang='lat' dir='ltr'><strong>in</strong></span> <span class='ocrx_word' id='word_1_27' title='bbox 1181 476 1386 520; x_wconf 70' lang='lat' dir='ltr'><strong>sancta:</strong></span> <span class='ocrx_word' id='word_1_28' title='bbox 1415 474 1467 517; x_wconf 88' lang='lat' dir='ltr'><strong>et</strong></span> <span class='ocrx_word' id='word_1_29' title='bbox 1501 465 1782 518; x_wconf 69' lang='lat' dir='ltr'><strong>catholica:</strong></span> <span class='ocrx_word' id='word_1_30' title='bbox 1826 466 1916 519; x_wconf 90' lang='lat' dir='ltr'><strong>Dei</strong></span> <span class='ocrx_word' id='word_1_31' title='bbox 1951 466 2050 519; x_wconf 85' lang='lat' dir='ltr'><strong>Ec-</strong></span> 
     </span>
    </p>
   </div>
   <div class='ocr_carea' id='block_1_6' title="bbox 2152 460 3728 536">
    <p class='ocr_par' dir='ltr' id='par_1_6' title="bbox 2158 460 3728 536">
     <span class='ocr_line' id='line_1_6' title="bbox 2158 460 3728 536; baseline -0.004 -15"><span class='ocrx_word' id='word_1_32' title='bbox 2158 468 2342 530; x_wconf 85' lang='grc' dir='ltr'>θέντες</span> <span class='ocrx_word' id='word_1_33' title='bbox 2363 467 2462 536; x_wconf 86' lang='grc' dir='ltr'><strong>τῆς</strong></span> <span class='ocrx_word' id='word_1_34' title='bbox 2490 468 2654 534; x_wconf 80' lang='grc' dir='ltr'>ἁγίας</span> <span class='ocrx_word' id='word_1_35' title='bbox 2680 465 2773 518; x_wconf 81' lang='grc' dir='ltr'>τοῦ</span> <span class='ocrx_word' id='word_1_36' title='bbox 2799 465 2934 518; x_wconf 82' lang='grc' dir='ltr'>Θεοῦ</span> <span class='ocrx_word' id='word_1_37' title='bbox 2969 464 3262 532; x_wconf 85' lang='grc' dir='ltr'>καθολικῆς</span> <span class='ocrx_word' id='word_1_38' title='bbox 3306 460 3652 529; x_wconf 85' lang='grc' dir='ltr'>Ἑκκλησίας,</span> <span class='ocrx_word' id='word_1_39' title='bbox 3677 465 3728 516; x_wconf 81' lang='lat' dir='ltr'><strong>oi</strong></span> 
     </span>
    </p>
   </div>
   <div class='ocr_carea' id='block_1_7' title="bbox 482 550 2058 628">
    <p class='ocr_par' dir='ltr' id='par_1_7' title="bbox 482 556 2055 628">
     <span class='ocr_line' id='line_1_7' title="bbox 482 556 2055 628; baseline -0.003 -15"><span class='ocrx_word' id='word_1_40' title='bbox 482 559 665 614; x_wconf 71' lang='lat' dir='ltr'><strong>clesia:</strong></span> <span class='ocrx_word' id='word_1_41' title='bbox 701 558 896 628; x_wconf 84' lang='lat' dir='ltr'><strong>ahjeeti</strong></span> <span class='ocrx_word' id='word_1_42' title='bbox 935 559 1059 611; x_wconf 84' lang='lat' dir='ltr'><strong>licet</strong></span> <span class='ocrx_word' id='word_1_43' title='bbox 1100 565 1264 625; x_wconf 84' lang='lat' dir='ltr'><strong>atque</strong></span> <span class='ocrx_word' id='word_1_44' title='bbox 1296 557 1530 608; x_wconf 84' lang='lat' dir='ltr'><strong>humiles</strong></span> <span class='ocrx_word' id='word_1_45' title='bbox 1570 556 1825 610; x_wconf 82' lang='lat' dir='ltr'><strong>ﬁrmitate</strong></span> <span class='ocrx_word' id='word_1_46' title='bbox 1869 557 2055 610; x_wconf 87' lang='lat' dir='ltr'><strong>consi—</strong></span> 
     </span>
    </p>
   </div>
   <div class='ocr_carea' id='block_1_8' title="bbox 2149 550 3725 628">
    <p class='ocr_par' dir='ltr' id='par_1_8' title="bbox 2154 550 3725 626">
     <span class='ocr_line' id='line_1_8' title="bbox 2154 550 3725 626; baseline -0.004 -18"><span class='ocrx_word' id='word_1_47' title='bbox 2154 558 2422 626; x_wconf 79' lang='grc' dir='ltr'>ἐλάχιστοι</span> <span class='ocrx_word' id='word_1_48' title='bbox 2452 558 2545 610; x_wconf 75' lang='grc' dir='ltr'><strong>καὶ</strong></span> <span class='ocrx_word' id='word_1_49' title='bbox 2568 556 2814 610; x_wconf 71' lang='grc' dir='ltr'>ταπεινοὶ</span> <span class='ocrx_word' id='word_1_50' title='bbox 2837 555 2978 624; x_wconf 76' lang='grc' dir='ltr'>ἔχειν</span> <span class='ocrx_word' id='word_1_51' title='bbox 2999 554 3095 606; x_wconf 70' lang='grc' dir='ltr'><strong>καὶ</strong></span> <span class='ocrx_word' id='word_1_52' title='bbox 3121 552 3322 622; x_wconf 71' lang='grc' dir='ltr'>ταύτης</span> <span class='ocrx_word' id='word_1_53' title='bbox 3345 550 3406 602; x_wconf 78' lang='grc' dir='ltr'><strong>τὸ</strong></span> <span class='ocrx_word' id='word_1_54' title='bbox 3426 550 3725 619; x_wconf 77' lang='grc' dir='ltr'><strong>ἑδραίωμα,</strong></span> 
     </span>
    </p>
   </div>
   <div class='ocr_carea' id='block_1_9' title="bbox 482 640 2058 717">
    <p class='ocr_par' dir='ltr' id='par_1_9' title="bbox 482 646 2049 717">
     <span class='ocr_line' id='line_1_9' title="bbox 482 646 2049 717; baseline -0.003 -15"><span class='ocrx_word' id='word_1_55' title='bbox 482 657 777 709; x_wconf 77' lang='lat' dir='ltr'><strong>Sterculus,</strong></span> <span class='ocrx_word' id='word_1_56' title='bbox 808 647 914 717; x_wconf 78' lang='lat'><strong>67</strong></span> <span class='ocrx_word' id='word_1_57' title='bbox 950 646 1266 716; x_wconf 77' lang='lat' dir='ltr'><strong>singillatim</strong></span> <span class='ocrx_word' id='word_1_58' title='bbox 1319 646 1385 699; x_wconf 91' lang='lat' dir='ltr'><strong>iis</strong></span> <span class='ocrx_word' id='word_1_59' title='bbox 1438 647 1619 698; x_wconf 80' lang='lat' dir='ltr'><strong>omnia</strong></span> <span class='ocrx_word' id='word_1_60' title='bbox 1665 659 2049 716; x_wconf 77' lang='lat' dir='ltr'><strong>proponemus,</strong></span> 
     </span>
    </p>
   </div>
   <div class='ocr_carea' id='block_1_10' title="bbox 2152 640 3728 717">
    <p class='ocr_par' dir='ltr' id='par_1_10' title="bbox 2154 640 3728 715">
     <span class='ocr_line' id='line_1_10' title="bbox 2154 640 3728 715; baseline -0.004 -17"><span class='ocrx_word' id='word_1_61' title='bbox 2154 651 2295 699; x_wconf 80' lang='grc' dir='ltr'>κατὰ</span> <span class='ocrx_word' id='word_1_62' title='bbox 2311 648 2369 700; x_wconf 80' lang='grc' dir='ltr'>τὸ</span> <span class='ocrx_word' id='word_1_63' title='bbox 2384 648 2606 700; x_wconf 78' lang='grc' dir='ltr'>δυνατὸν</span> <span class='ocrx_word' id='word_1_64' title='bbox 2626 647 2725 715; x_wconf 85' lang='grc' dir='ltr'><strong>τῆς</strong></span> <span class='ocrx_word' id='word_1_65' title='bbox 2745 646 2903 715; x_wconf 79' lang='grc' dir='ltr'>ἡμῶν</span> <span class='ocrx_word' id='word_1_66' title='bbox 2931 644 3290 715; x_wconf 76' lang='grc' dir='ltr'>βραχύτητος,</span> <span class='ocrx_word' id='word_1_67' title='bbox 3321 640 3728 711; x_wconf 83' lang='grc' dir='ltr'>παρατιθέμεθα</span> 
     </span>
    </p>
   </div>
   <div class='ocr_carea' id='block_1_11' title="bbox 486 731 2062 807">
    <p class='ocr_par' dir='ltr' id='par_1_11' title="bbox 486 735 2054 806">
     <span class='ocr_line' id='line_1_11' title="bbox 486 735 2054 806; baseline -0.004 -14"><span class='ocrx_word' id='word_1_68' title='bbox 486 740 578 806; x_wconf 84' lang='lat' dir='ltr'><strong>qui</strong></span> <span class='ocrx_word' id='word_1_69' title='bbox 613 738 806 790; x_wconf 84' lang='lat' dir='ltr'><strong>salutis</strong></span> <span class='ocrx_word' id='word_1_70' title='bbox 835 752 946 790; x_wconf 50' lang='lat' dir='ltr'><strong>sure</strong></span> <span class='ocrx_word' id='word_1_71' title='bbox 976 752 1164 789; x_wconf 89' lang='lat' dir='ltr'><strong>curam</strong></span> <span class='ocrx_word' id='word_1_72' title='bbox 1203 751 1492 804; x_wconf 82' lang='lat' dir='ltr'><strong>capessere</strong></span> <span class='ocrx_word' id='word_1_73' title='bbox 1520 735 1810 788; x_wconf 83' lang='lat' dir='ltr'><strong>voluerint.</strong></span> <span class='ocrx_word' id='word_1_74' title='bbox 1849 735 1911 786; x_wconf 84' lang='lat' dir='ltr'><strong>Et</strong></span> <span class='ocrx_word' id='word_1_75' title='bbox 1933 735 2054 803; x_wconf 82' lang='lat' dir='ltr'><strong>qui-</strong></span> 
     </span>
    </p>
   </div>
   <div class='ocr_carea' id='block_1_12' title="bbox 2151 731 3727 807">
    <p class='ocr_par' dir='ltr' id='par_1_12' title="bbox 2154 731 3727 807">
     <span class='ocr_line' id='line_1_12' title="bbox 2154 731 3727 807; baseline -0.005 -18"><span class='ocrx_word' id='word_1_76' title='bbox 2154 736 2262 789; x_wconf 81' lang='grc' dir='ltr'>ἀπὸ</span> <span class='ocrx_word' id='word_1_77' title='bbox 2304 737 2503 807; x_wconf 80' lang='grc' dir='ltr'><strong>μέρους</strong></span> <span class='ocrx_word' id='word_1_78' title='bbox 2536 736 2665 805; x_wconf 74' lang='grc' dir='ltr'>περὶ</span> <span class='ocrx_word' id='word_1_79' title='bbox 2695 736 2910 788; x_wconf 84' lang='grc' dir='ltr'>πάντων</span> <span class='ocrx_word' id='word_1_80' title='bbox 2942 738 3054 796; x_wconf 84' lang='grc' dir='ltr'>τοῖς</span> <span class='ocrx_word' id='word_1_81' title='bbox 3087 733 3428 803; x_wconf 73' lang='grc' dir='ltr'>βουλομένοις</span> <span class='ocrx_word' id='word_1_82' title='bbox 3465 731 3562 800; x_wconf 86' lang='grc' dir='ltr'><strong>τῆς</strong></span> <span class='ocrx_word' id='word_1_83' title='bbox 3605 731 3727 782; x_wconf 76' lang='grc' dir='ltr'>ἑαυ-</span> 
     </span>
    </p>
   </div>
   <div class='ocr_carea' id='block_1_13' title="bbox 484 817 2060 896">
    <p class='ocr_par' dir='ltr' id='par_1_13' title="bbox 484 823 2054 896">
     <span class='ocr_line' id='line_1_13' title="bbox 484 823 2054 896; baseline -0.001 -18"><span class='ocrx_word' id='word_1_84' title='bbox 484 829 602 879; x_wconf 78' lang='lat' dir='ltr'><strong>dem</strong></span> <span class='ocrx_word' id='word_1_85' title='bbox 639 828 883 881; x_wconf 75' lang='lat' dir='ltr'><strong>sutiicere</strong></span> <span class='ocrx_word' id='word_1_86' title='bbox 926 827 1012 878; x_wconf 92' lang='lat' dir='ltr'><strong>illa</strong></span> <span class='ocrx_word' id='word_1_87' title='bbox 1057 836 1326 896; x_wconf 86' lang='lat' dir='ltr'><strong>poterant,</strong></span> <span class='ocrx_word' id='word_1_88' title='bbox 1367 841 1487 894; x_wconf 64' lang='lat' dir='ltr'><strong>quae</strong></span> <span class='ocrx_word' id='word_1_89' title='bbox 1521 825 1586 878; x_wconf 92' lang='lat' dir='ltr'><strong>de</strong></span> <span class='ocrx_word' id='word_1_90' title='bbox 1617 825 1798 881; x_wconf 78' lang='lat' dir='ltr'><strong>Patre.</strong></span> <span class='ocrx_word' id='word_1_91' title='bbox 1836 823 1972 878; x_wconf 90' lang='lat' dir='ltr'><strong>Filio</strong></span> <span class='ocrx_word' id='word_1_92' title='bbox 2001 835 2054 879; x_wconf 88' lang='lat' dir='ltr'><strong>et</strong></span> 
     </span>
    </p>
   </div>
   <div class='ocr_carea' id='block_1_14' title="bbox 2153 817 3729 896">
    <p class='ocr_par' dir='ltr' id='par_1_14' title="bbox 2153 817 3729 895">
     <span class='ocr_line' id='line_1_14' title="bbox 2153 817 3729 895; baseline -0.003 -18"><span class='ocrx_word' id='word_1_93' title='bbox 2153 825 2260 878; x_wconf 81' lang='grc' dir='ltr'><strong>τῶν</strong></span> <span class='ocrx_word' id='word_1_94' title='bbox 2285 817 2438 895; x_wconf 76' lang='grc' dir='ltr'>’ζωῆς</span> <span class='ocrx_word' id='word_1_95' title='bbox 2481 824 2883 894; x_wconf 77' lang='grc' dir='ltr'>ἐπιμελεῖσθαι,</span> <span class='ocrx_word' id='word_1_96' title='bbox 2938 826 3046 876; x_wconf 75' lang='grc' dir='ltr'><strong>Καὶ</strong></span> <span class='ocrx_word' id='word_1_97' title='bbox 3077 825 3233 894; x_wconf 73' lang='grc' dir='ltr'>ἤρκει</span> <span class='ocrx_word' id='word_1_98' title='bbox 3281 824 3378 892; x_wconf 82' lang='grc' dir='ltr'>μὲν</span> <span class='ocrx_word' id='word_1_99' title='bbox 3431 822 3628 884; x_wconf 78' lang='grc' dir='ltr'>ἱκανῶς</span> <span class='ocrx_word' id='word_1_100' title='bbox 3661 821 3729 874; x_wconf 68' lang='grc' dir='ltr'>τὶ</span> 
     </span>
    </p>
   </div>
   <div class='ocr_carea' id='block_1_15' title="bbox 485 912 2061 989">
    <p class='ocr_par' dir='ltr' id='par_1_15' title="bbox 485 912 2053 985">
     <span class='ocr_line' id='line_1_15' title="bbox 485 912 2053 985; baseline -0.001 -20"><span class='ocrx_word' id='word_1_101' title='bbox 485 915 688 985; x_wconf 84' lang='lat' dir='ltr'><strong>Spiritu</strong></span> <span class='ocrx_word' id='word_1_102' title='bbox 747 924 939 970; x_wconf 85' lang='lat' dir='ltr'><strong>sancto</strong></span> <span class='ocrx_word' id='word_1_103' title='bbox 988 915 1270 983; x_wconf 91' lang='lat' dir='ltr'><strong>hucusque</strong></span> <span class='ocrx_word' id='word_1_104' title='bbox 1319 915 1698 967; x_wconf 73' lang='lat' dir='ltr'><strong>disseruimus.</strong></span> <span class='ocrx_word' id='word_1_105' title='bbox 1737 912 1840 964; x_wconf 91' lang='lat' dir='ltr'><strong>Sed</strong></span> <span class='ocrx_word' id='word_1_106' title='bbox 1878 921 1932 964; x_wconf 90' lang='lat' dir='ltr'><strong>ut</strong></span> <span class='ocrx_word' id='word_1_107' title='bbox 1962 927 2053 964; x_wconf 87' lang='lat' dir='ltr'><strong>ea-</strong></span> 
     </span>
    </p>
   </div>
   <div class='ocr_carea' id='block_1_16' title="bbox 2154 912 3730 989">
    <p class='ocr_par' dir='ltr' id='par_1_16' title="bbox 2156 913 3730 989">
     <span class='ocr_line' id='line_1_16' title="bbox 2156 913 3730 989; baseline -0.004 -18"><span class='ocrx_word' id='word_1_108' title='bbox 2156 921 2282 988; x_wconf 80' lang='grc' dir='ltr'>περὶ</span> <span class='ocrx_word' id='word_1_109' title='bbox 2330 919 2539 989; x_wconf 79' lang='grc' dir='ltr'>[ἰατρὸς</span> <span class='ocrx_word' id='word_1_110' title='bbox 2579 918 2673 970; x_wconf 68' lang='grc' dir='ltr'>καὶ</span> <span class='ocrx_word' id='word_1_111' title='bbox 2708 916 2837 969; x_wconf 85' lang='grc' dir='ltr'><strong>Υἱοῦ</strong></span> <span class='ocrx_word' id='word_1_112' title='bbox 2869 916 2962 968; x_wconf 71' lang='grc' dir='ltr'>καὶ</span> <span class='ocrx_word' id='word_1_113' title='bbox 2985 917 3140 984; x_wconf 82' lang='grc' dir='ltr'>ἁγίου</span> <span class='ocrx_word' id='word_1_114' title='bbox 3172 916 3482 984; x_wconf 85' lang='grc' dir='ltr'>Πνεύματος</span> <span class='ocrx_word' id='word_1_115' title='bbox 3508 913 3730 985; x_wconf 78' lang='grc' dir='ltr'>εἰρημέ-</span> 
     </span>
    </p>
   </div>
   <div class='ocr_carea' id='block_1_17' title="bbox 482 1001 2058 1078">
    <p class='ocr_par' dir='ltr' id='par_1_17' title="bbox 482 1001 2052 1056">
     <span class='ocr_line' id='line_1_17' title="bbox 482 1001 2052 1056; baseline -0.003 -1"><span class='ocrx_word' id='word_1_116' title='bbox 482 1005 603 1056; x_wconf 76' lang='lat' dir='ltr'><strong>deni</strong></span> <span class='ocrx_word' id='word_1_117' title='bbox 646 1004 735 1055; x_wconf 90' lang='lat' dir='ltr'><strong>illa</strong></span> <span class='ocrx_word' id='word_1_118' title='bbox 767 1004 831 1056; x_wconf 90' lang='lat' dir='ltr'><strong>ad</strong></span> <span class='ocrx_word' id='word_1_119' title='bbox 867 1005 1171 1056; x_wconf 82' lang='lat' dir='ltr'><strong>uberiorem</strong></span> <span class='ocrx_word' id='word_1_120' title='bbox 1221 1003 1454 1054; x_wconf 79' lang='lat' dir='ltr'><strong>ﬁdelium</strong></span> <span class='ocrx_word' id='word_1_121' title='bbox 1493 1004 1799 1054; x_wconf 76' lang='lat' dir='ltr'><strong>cautionem</strong></span> <span class='ocrx_word' id='word_1_122' title='bbox 1828 1007 1880 1053; x_wconf 92' lang='lat' dir='ltr'><strong>et</strong></span> <span class='ocrx_word' id='word_1_123' title='bbox 1907 1001 2052 1053; x_wconf 88' lang='lat' dir='ltr'><strong>salu-</strong></span> 
     </span>
    </p>
   </div>
   <div class='ocr_carea' id='block_1_18' title="bbox 2151 1001 3727 1078">
    <p class='ocr_par' dir='ltr' id='par_1_18' title="bbox 2155 1005 3727 1078">
     <span class='ocr_line' id='line_1_18' title="bbox 2155 1005 3727 1078; baseline -0.003 -18"><span class='ocrx_word' id='word_1_124' title='bbox 2155 1027 2238 1060; x_wconf 89' lang='grc' dir='ltr'>να·</span> <span class='ocrx_word' id='word_1_125' title='bbox 2269 1009 2354 1060; x_wconf 83' lang='grc' dir='ltr'><strong>ἵνα</strong></span> <span class='ocrx_word' id='word_1_126' title='bbox 2370 1008 2425 1060; x_wconf 78' lang='grc' dir='ltr'>δὲ</span> <span class='ocrx_word' id='word_1_127' title='bbox 2448 1009 2831 1078; x_wconf 73' lang='grc' dir='ltr'>περισσότερον</span> <span class='ocrx_word' id='word_1_128' title='bbox 2854 1009 2934 1069; x_wconf 85' lang='grc' dir='ltr'>εἰς</span> <span class='ocrx_word' id='word_1_129' title='bbox 2963 1006 3260 1076; x_wconf 70' lang='grc' dir='ltr'>εὖφραξίαν</span> <span class='ocrx_word' id='word_1_130' title='bbox 3284 1007 3303 1036; x_wconf 79' lang='grc'><strong>⁸</strong></span> <span class='ocrx_word' id='word_1_131' title='bbox 3325 1007 3416 1058; x_wconf 75' lang='grc' dir='ltr'><strong>καὶ</strong></span> <span class='ocrx_word' id='word_1_132' title='bbox 3442 1005 3727 1075; x_wconf 77' lang='grc' dir='ltr'>περιποίη-</span> 
     </span>
    </p>
   </div>
   <div class='ocr_carea' id='block_1_19' title="bbox 483 1090 2059 1169">
    <p class='ocr_par' dir='ltr' id='par_1_19' title="bbox 483 1090 2053 1163">
     <span class='ocr_line' id='line_1_19' title="bbox 483 1090 2053 1163; baseline -0.004 -15"><span class='ocrx_word' id='word_1_133' title='bbox 483 1105 590 1149; x_wconf 88' lang='lat' dir='ltr'><strong>tem</strong></span> <span class='ocrx_word' id='word_1_134' title='bbox 626 1096 1134 1163; x_wconf 79' lang='lat' dir='ltr'><strong>institutionemque</strong></span> <span class='ocrx_word' id='word_1_135' title='bbox 1163 1093 1468 1163; x_wconf 72' lang='lat' dir='ltr'><strong>declarare</strong></span> <span class='ocrx_word' id='word_1_136' title='bbox 1511 1093 1850 1152; x_wconf 76' lang='lat' dir='ltr'><strong>Studeamus,</strong></span> <span class='ocrx_word' id='word_1_137' title='bbox 1885 1090 2053 1142; x_wconf 88' lang='lat' dir='ltr'><strong>colle-</strong></span> 
     </span>
    </p>
   </div>
   <div class='ocr_carea' id='block_1_20' title="bbox 2152 1090 3728 1169">
    <p class='ocr_par' dir='ltr' id='par_1_20' title="bbox 2157 1098 3728 1169">
     <span class='ocr_line' id='line_1_20' title="bbox 2157 1098 3728 1169; baseline -0.002 -18"><span class='ocrx_word' id='word_1_138' title='bbox 2157 1118 2238 1153; x_wconf 82' lang='lat' dir='ltr'><strong>ow</strong></span> <span class='ocrx_word' id='word_1_139' title='bbox 2282 1100 2377 1154; x_wconf 73' lang='grc' dir='ltr'><strong>καὶ</strong></span> <span class='ocrx_word' id='word_1_140' title='bbox 2423 1100 2793 1169; x_wconf 65' lang='grc' dir='ltr'>πληροφορίαν</span> <span class='ocrx_word' id='word_1_141' title='bbox 2837 1099 2942 1151; x_wconf 84' lang='grc' dir='ltr'><strong>τῶν</strong></span> <span class='ocrx_word' id='word_1_142' title='bbox 2990 1099 3195 1151; x_wconf 78' lang='grc' dir='ltr'><strong>πιστῶν</strong></span> <span class='ocrx_word' id='word_1_143' title='bbox 3236 1098 3525 1167; x_wconf 70' lang='grc' dir='ltr'>σαφηνίσαι</span> <span class='ocrx_word' id='word_1_144' title='bbox 3563 1109 3728 1149; x_wconf 83' lang='grc' dir='ltr'>σπου-</span> 
     </span>
    </p>
   </div>
   <div class='ocr_carea' id='block_1_21' title="bbox 485 1182 2061 1260">
    <p class='ocr_par' dir='ltr' id='par_1_21' title="bbox 485 1182 2047 1256">
     <span class='ocr_line' id='line_1_21' title="bbox 485 1182 2047 1256; baseline -0.003 -15"><span class='ocrx_word' id='word_1_145' title='bbox 485 1189 593 1241; x_wconf 88' lang='lat' dir='ltr'><strong>clis</strong></span> <span class='ocrx_word' id='word_1_146' title='bbox 641 1187 880 1256; x_wconf 88' lang='lat' dir='ltr'><strong>undique</strong></span> <span class='ocrx_word' id='word_1_147' title='bbox 915 1185 1217 1254; x_wconf 67' lang='lat' dir='ltr'><strong>Scriptura:</strong></span> <span class='ocrx_word' id='word_1_148' title='bbox 1248 1183 1598 1248; x_wconf 87' lang='lat' dir='ltr'><strong>testimoniis,</strong></span> <span class='ocrx_word' id='word_1_149' title='bbox 1633 1198 1740 1250; x_wconf 89' lang='lat' dir='ltr'><strong>quo</strong></span> <span class='ocrx_word' id='word_1_150' title='bbox 1780 1182 2047 1242; x_wconf 76' lang='lat' dir='ltr'><strong>ﬁdelibus,</strong></span> 
     </span>
    </p>
   </div>
   <div class='ocr_carea' id='block_1_22' title="bbox 2152 1182 3728 1260">
    <p class='ocr_par' dir='ltr' id='par_1_22' title="bbox 2153 1187 3728 1260">
     <span class='ocr_line' id='line_1_22' title="bbox 2153 1187 3728 1260; baseline -0.004 -17"><span class='ocrx_word' id='word_1_151' title='bbox 2153 1191 2420 1260; x_wconf 84' lang='grc' dir='ltr'>δάσωμεν,</span> <span class='ocrx_word' id='word_1_152' title='bbox 2476 1189 2811 1257; x_wconf 83' lang='grc' dir='ltr'><strong>πανταχόθεν</strong></span> <span class='ocrx_word' id='word_1_153' title='bbox 2843 1189 3164 1256; x_wconf 77' lang='grc' dir='ltr'>συνάγοντες</span> <span class='ocrx_word' id='word_1_154' title='bbox 3195 1188 3292 1257; x_wconf 87' lang='grc' dir='ltr'><strong>τῆς</strong></span> <span class='ocrx_word' id='word_1_155' title='bbox 3331 1187 3478 1248; x_wconf 86' lang='grc' dir='ltr'>θείας</span> <span class='ocrx_word' id='word_1_156' title='bbox 3508 1188 3728 1256; x_wconf 81' lang='grc' dir='ltr'>Γραφῆς</span> 
     </span>
    </p>
   </div>
   <div class='ocr_carea' id='block_1_23' title="bbox 482 1273 2058 1351">
    <p class='ocr_par' dir='ltr' id='par_1_23' title="bbox 482 1273 2049 1342">
     <span class='ocr_line' id='line_1_23' title="bbox 482 1273 2049 1342; baseline -0.004 -9"><span class='ocrx_word' id='word_1_157' title='bbox 482 1281 558 1334; x_wconf 89' lang='lat' dir='ltr'><strong>uti</strong></span> <span class='ocrx_word' id='word_1_158' title='bbox 611 1279 756 1342; x_wconf 82' lang='lat' dir='ltr'><strong>dixi,</strong></span> <span class='ocrx_word' id='word_1_159' title='bbox 815 1277 1110 1330; x_wconf 77' lang='lat' dir='ltr'><strong>lectoribus</strong></span> <span class='ocrx_word' id='word_1_160' title='bbox 1169 1276 1494 1328; x_wconf 87' lang='lat' dir='ltr'><strong>instructius</strong></span> <span class='ocrx_word' id='word_1_161' title='bbox 1554 1275 1718 1328; x_wconf 88' lang='lat' dir='ltr'><strong>veluti</strong></span> <span class='ocrx_word' id='word_1_162' title='bbox 1774 1273 2049 1342; x_wconf 82' lang='lat' dir='ltr'><strong>quoddam</strong></span> 
     </span>
    </p>
   </div>
   <div class='ocr_carea' id='block_1_24' title="bbox 2151 1273 3727 1351">
    <p class='ocr_par' dir='ltr' id='par_1_24' title="bbox 2153 1279 3727 1351">
     <span class='ocr_line' id='line_1_24' title="bbox 2153 1279 3727 1351; baseline -0.002 -18"><span class='ocrx_word' id='word_1_163' title='bbox 2153 1281 2252 1344; x_wconf 84' lang='grc' dir='ltr'>τὰς</span> <span class='ocrx_word' id='word_1_164' title='bbox 2289 1280 2590 1351; x_wconf 77' lang='grc' dir='ltr'>μαρτυρίας</span> <span class='ocrx_word' id='word_1_165' title='bbox 2639 1283 2718 1344; x_wconf 83' lang='grc' dir='ltr'><strong>είς</strong></span> <span class='ocrx_word' id='word_1_166' title='bbox 2762 1281 2960 1344; x_wconf 83' lang='grc' dir='ltr'>πλάτος</span> <span class='ocrx_word' id='word_1_167' title='bbox 3006 1279 3238 1349; x_wconf 68' lang='grc' dir='ltr'>εὐωχίας</span> <span class='ocrx_word' id='word_1_168' title='bbox 3282 1281 3374 1331; x_wconf 71' lang='grc' dir='ltr'>καὶ</span> <span class='ocrx_word' id='word_1_169' title='bbox 3413 1279 3727 1346; x_wconf 82' lang='grc' dir='ltr'>ἀγαλλίασιν</span> 
     </span>
    </p>
   </div>
   <div class='ocr_carea' id='block_1_25' title="bbox 481 1364 2057 1438">
    <p class='ocr_par' dir='ltr' id='par_1_25' title="bbox 481 1364 2053 1435">
     <span class='ocr_line' id='line_1_25' title="bbox 481 1364 2053 1435; baseline -0.004 -10"><span class='ocrx_word' id='word_1_170' title='bbox 481 1371 790 1425; x_wconf 75' lang='lat' dir='ltr'><strong>convivium</strong></span> <span class='ocrx_word' id='word_1_171' title='bbox 826 1368 1264 1435; x_wconf 83' lang='lat' dir='ltr'><strong>bilaritatemque</strong></span> <span class='ocrx_word' id='word_1_172' title='bbox 1294 1367 1654 1435; x_wconf 64' lang='lat' dir='ltr'><strong>praebeamus,</strong></span> <span class='ocrx_word' id='word_1_173' title='bbox 1709 1366 1905 1418; x_wconf 78' lang='lat' dir='ltr'><strong>iterum</strong></span> <span class='ocrx_word' id='word_1_174' title='bbox 1949 1364 2053 1418; x_wconf 86' lang='lat' dir='ltr'><strong>hoc</strong></span> 
     </span>
    </p>
   </div>
   <div class='ocr_carea' id='block_1_26' title="bbox 2153 1364 3729 1438">
    <p class='ocr_par' dir='ltr' id='par_1_26' title="bbox 2154 1368 3729 1438">
     <span class='ocr_line' id='line_1_26' title="bbox 2154 1368 3729 1438; baseline -0.004 -15"><span class='ocrx_word' id='word_1_175' title='bbox 2154 1374 2264 1433; x_wconf 83' lang='grc' dir='ltr'>τοῖς</span> <span class='ocrx_word' id='word_1_176' title='bbox 2313 1371 2694 1438; x_wconf 73' lang='grc' dir='ltr'>ἐντυγχάνουσι</span> <span class='ocrx_word' id='word_1_177' title='bbox 2743 1373 2970 1432; x_wconf 76' lang='grc' dir='ltr'>πιστοῖς,</span> <span class='ocrx_word' id='word_1_178' title='bbox 3033 1368 3193 1420; x_wconf 78' lang='grc' dir='ltr'>πάλιν</span> <span class='ocrx_word' id='word_1_179' title='bbox 3241 1369 3339 1420; x_wconf 68' lang='grc' dir='ltr'>οὒκ</span> <span class='ocrx_word' id='word_1_180' title='bbox 3395 1369 3729 1436; x_wconf 81' lang='grc' dir='ltr'>ὀκνήσαιμεν</span> 
     </span>
    </p>
   </div>
   <div class='ocr_carea' id='block_1_27' title="bbox 479 1456 2055 1530">
    <p class='ocr_par' dir='ltr' id='par_1_27' title="bbox 479 1456 2053 1528">
     <span class='ocr_line' id='line_1_27' title="bbox 479 1456 2053 1528; baseline -0.006 -10"><span class='ocrx_word' id='word_1_181' title='bbox 479 1463 602 1518; x_wconf 85' lang='lat' dir='ltr'><strong>loco</strong></span> <span class='ocrx_word' id='word_1_182' title='bbox 660 1461 856 1515; x_wconf 90' lang='lat' dir='ltr'><strong>docere</strong></span> <span class='ocrx_word' id='word_1_183' title='bbox 915 1475 1019 1512; x_wconf 90' lang='lat' dir='ltr'><strong>non</strong></span> <span class='ocrx_word' id='word_1_184' title='bbox 1058 1459 1428 1528; x_wconf 84' lang='lat' dir='ltr'><strong>gravahimur,</strong></span> <span class='ocrx_word' id='word_1_185' title='bbox 1493 1472 1656 1526; x_wconf 89' lang='lat' dir='ltr'><strong>quam</strong></span> <span class='ocrx_word' id='word_1_186' title='bbox 1715 1456 1932 1511; x_wconf 88' lang='lat' dir='ltr'><strong>stabilis</strong></span> <span class='ocrx_word' id='word_1_187' title='bbox 1989 1470 2053 1509; x_wconf 82' lang='lat' dir='ltr'><strong>ac</strong></span> 
     </span>
    </p>
   </div>
   <div class='ocr_carea' id='block_1_28' title="bbox 2150 1456 3726 1530">
    <p class='ocr_par' dir='ltr' id='par_1_28' title="bbox 2155 1457 3726 1530">
     <span class='ocr_line' id='line_1_28' title="bbox 2155 1457 3726 1530; baseline -0.003 -17"><span class='ocrx_word' id='word_1_188' title='bbox 2155 1461 2449 1526; x_wconf 77' lang='grc' dir='ltr'>ὑποδεῖξαι,</span> <span class='ocrx_word' id='word_1_189' title='bbox 2483 1462 2558 1522; x_wconf 76' lang='grc' dir='ltr'>ὡς</span> <span class='ocrx_word' id='word_1_190' title='bbox 2590 1459 2806 1530; x_wconf 72' lang='grc' dir='ltr'>ἀσφαλῆ</span> <span class='ocrx_word' id='word_1_191' title='bbox 2847 1461 2938 1512; x_wconf 73' lang='grc' dir='ltr'><strong>καὶ</strong></span> <span class='ocrx_word' id='word_1_192' title='bbox 2975 1459 3194 1529; x_wconf 82' lang='grc' dir='ltr'>βεϐαίαν</span> <span class='ocrx_word' id='word_1_193' title='bbox 3236 1460 3293 1510; x_wconf 84' lang='grc' dir='ltr'>ὲν</span> <span class='ocrx_word' id='word_1_194' title='bbox 3331 1457 3448 1526; x_wconf 81' lang='grc' dir='ltr'><strong>Θεῷ</strong></span> <span class='ocrx_word' id='word_1_195' title='bbox 3468 1457 3566 1527; x_wconf 80' lang='grc' dir='ltr'>τὴν</span> <span class='ocrx_word' id='word_1_196' title='bbox 3589 1459 3726 1526; x_wconf 75' lang='grc' dir='ltr'>ἡμε-</span> 
     </span>
    </p>
   </div>
   <div class='ocr_carea' id='block_1_29' title="bbox 479 1547 2055 1624">
    <p class='ocr_par' dir='ltr' id='par_1_29' title="bbox 479 1548 2050 1621">
     <span class='ocr_line' id='line_1_29' title="bbox 479 1548 2050 1621; baseline -0.006 -13"><span class='ocrx_word' id='word_1_197' title='bbox 479 1563 630 1608; x_wconf 89' lang='lat' dir='ltr'><strong>certa</strong></span> <span class='ocrx_word' id='word_1_198' title='bbox 670 1567 793 1621; x_wconf 82' lang='lat' dir='ltr'><strong>spes</strong></span> <span class='ocrx_word' id='word_1_199' title='bbox 834 1559 1020 1604; x_wconf 87' lang='lat' dir='ltr'><strong>nostra</strong></span> <span class='ocrx_word' id='word_1_200' title='bbox 1070 1551 1142 1604; x_wconf 91' lang='lat' dir='ltr'><strong>sit</strong></span> <span class='ocrx_word' id='word_1_201' title='bbox 1188 1565 1349 1619; x_wconf 87' lang='lat' dir='ltr'><strong>quam</strong></span> <span class='ocrx_word' id='word_1_202' title='bbox 1384 1550 1437 1602; x_wconf 92' lang='lat' dir='ltr'><strong>in</strong></span> <span class='ocrx_word' id='word_1_203' title='bbox 1491 1549 1598 1602; x_wconf 76' lang='lat' dir='ltr'><strong>Deo</strong></span> <span class='ocrx_word' id='word_1_204' title='bbox 1642 1548 2050 1602; x_wconf 90' lang='lat' dir='ltr'><strong>constituimus.</strong></span> 
     </span>
    </p>
   </div>
   <div class='ocr_carea' id='block_1_30' title="bbox 2153 1547 3729 1624">
    <p class='ocr_par' dir='ltr' id='par_1_30' title="bbox 2155 1547 3729 1624">
     <span class='ocr_line' id='line_1_30' title="bbox 2155 1547 3729 1624; baseline -0.004 -20"><span class='ocrx_word' id='word_1_205' title='bbox 2155 1551 2315 1624; x_wconf 81' lang='grc' dir='ltr'>τέραν</span> <span class='ocrx_word' id='word_1_206' title='bbox 2363 1551 2572 1615; x_wconf 80' lang='grc' dir='ltr'>ἐλπίδα,</span> <span class='ocrx_word' id='word_1_207' title='bbox 2619 1553 2701 1604; x_wconf 79' lang='grc' dir='ltr'><strong>ὅτι</strong></span> <span class='ocrx_word' id='word_1_208' title='bbox 2743 1551 2894 1602; x_wconf 79' lang='grc' dir='ltr'>οὐδὲν</span> <span class='ocrx_word' id='word_1_209' title='bbox 2930 1549 3307 1620; x_wconf 81' lang='grc' dir='ltr'>παρήλλακται</span> <span class='ocrx_word' id='word_1_210' title='bbox 3343 1550 3398 1600; x_wconf 81' lang='grc' dir='ltr'><strong>ὲν</strong></span> <span class='ocrx_word' id='word_1_211' title='bbox 3431 1550 3604 1617; x_wconf 76' lang='grc' dir='ltr'>Πατρὶ</span> <span class='ocrx_word' id='word_1_212' title='bbox 3637 1547 3729 1599; x_wconf 74' lang='grc' dir='ltr'><strong>καὶ</strong></span> 
     </span>
    </p>
   </div>
   <div class='ocr_carea' id='block_1_31' title="bbox 480 1635 2056 1712">
    <p class='ocr_par' dir='ltr' id='par_1_31' title="bbox 480 1637 2052 1710">
     <span class='ocr_line' id='line_1_31' title="bbox 480 1637 2052 1710; baseline -0.004 -13"><span class='ocrx_word' id='word_1_213' title='bbox 480 1643 748 1697; x_wconf 79' lang='lat' dir='ltr'><strong>Nimirum</strong></span> <span class='ocrx_word' id='word_1_214' title='bbox 778 1641 911 1695; x_wconf 84' lang='lat' dir='ltr'><strong>nihil</strong></span> <span class='ocrx_word' id='word_1_215' title='bbox 947 1642 1000 1694; x_wconf 92' lang='lat' dir='ltr'><strong>in</strong></span> <span class='ocrx_word' id='word_1_216' title='bbox 1033 1639 1215 1705; x_wconf 82' lang='lat' dir='ltr'><strong>Patre,</strong></span> <span class='ocrx_word' id='word_1_217' title='bbox 1251 1639 1386 1693; x_wconf 85' lang='lat' dir='ltr'><strong>Filio</strong></span> <span class='ocrx_word' id='word_1_218' title='bbox 1419 1655 1481 1693; x_wconf 89' lang='lat' dir='ltr'><strong>ac</strong></span> <span class='ocrx_word' id='word_1_219' title='bbox 1513 1641 1718 1710; x_wconf 91' lang='lat' dir='ltr'><strong>Spiritu</strong></span> <span class='ocrx_word' id='word_1_220' title='bbox 1750 1646 1944 1695; x_wconf 87' lang='lat' dir='ltr'><strong>saneto</strong></span> <span class='ocrx_word' id='word_1_221' title='bbox 1969 1637 2052 1691; x_wconf 81' lang='lat' dir='ltr'><strong>di-</strong></span> 
     </span>
    </p>
   </div>
   <div class='ocr_carea' id='block_1_32' title="bbox 2154 1635 3730 1712">
    <p class='ocr_par' dir='ltr' id='par_1_32' title="bbox 2157 1635 3730 1712">
     <span class='ocr_line' id='line_1_32' title="bbox 2157 1635 3730 1712; baseline -0.003 -19"><span class='ocrx_word' id='word_1_222' title='bbox 2157 1642 2270 1712; x_wconf 79' lang='grc' dir='ltr'><strong>Υἱῷ</strong></span> <span class='ocrx_word' id='word_1_223' title='bbox 2300 1644 2391 1694; x_wconf 75' lang='grc' dir='ltr'>καὶ</span> <span class='ocrx_word' id='word_1_224' title='bbox 2426 1642 2564 1710; x_wconf 67' lang='grc' dir='ltr'>ἁγίῳ</span> <span class='ocrx_word' id='word_1_225' title='bbox 2602 1641 2898 1711; x_wconf 79' lang='grc' dir='ltr'>Πνεύματι,</span> <span class='ocrx_word' id='word_1_226' title='bbox 2931 1639 3045 1693; x_wconf 84' lang='grc' dir='ltr'>ἀλλ’</span> <span class='ocrx_word' id='word_1_227' title='bbox 3079 1640 3393 1708; x_wconf 84' lang='grc' dir='ltr'>ὀμόστοιχος</span> <span class='ocrx_word' id='word_1_228' title='bbox 3421 1639 3511 1691; x_wconf 74' lang='grc' dir='ltr'>καὶ</span> <span class='ocrx_word' id='word_1_229' title='bbox 3537 1635 3730 1706; x_wconf 79' lang='grc' dir='ltr'>ὁμοούι-</span> 
     </span>
    </p>
   </div>
   <div class='ocr_carea' id='block_1_33' title="bbox 477 1725 2053 1802">
    <p class='ocr_par' dir='ltr' id='par_1_33' title="bbox 477 1729 2049 1800">
     <span class='ocr_line' id='line_1_33' title="bbox 477 1729 2049 1800; baseline -0.007 -12"><span class='ocrx_word' id='word_1_230' title='bbox 477 1748 695 1788; x_wconf 85' lang='lat' dir='ltr'><strong>versum</strong></span> <span class='ocrx_word' id='word_1_231' title='bbox 725 1747 787 1786; x_wconf 89' lang='lat' dir='ltr'><strong>ac</strong></span> <span class='ocrx_word' id='word_1_232' title='bbox 823 1733 1147 1800; x_wconf 84' lang='lat' dir='ltr'><strong>discrepans</strong></span> <span class='ocrx_word' id='word_1_233' title='bbox 1178 1747 1322 1793; x_wconf 81' lang='lat' dir='ltr'><strong>esse,</strong></span> <span class='ocrx_word' id='word_1_234' title='bbox 1361 1729 1451 1784; x_wconf 91' lang='lat' dir='ltr'><strong>sed</strong></span> <span class='ocrx_word' id='word_1_235' title='bbox 1480 1729 1730 1783; x_wconf 88' lang='lat' dir='ltr'><strong>eumdem</strong></span> <span class='ocrx_word' id='word_1_236' title='bbox 1762 1743 1883 1782; x_wconf 87' lang='lat' dir='ltr'><strong>esse</strong></span> <span class='ocrx_word' id='word_1_237' title='bbox 1921 1742 2049 1780; x_wconf 81' lang='lat' dir='ltr'><strong>san-</strong></span> 
     </span>
    </p>
   </div>
   <div class='ocr_carea' id='block_1_34' title="bbox 2151 1725 3727 1802">
    <p class='ocr_par' dir='ltr' id='par_1_34' title="bbox 2153 1727 3727 1802">
     <span class='ocr_line' id='line_1_34' title="bbox 2153 1727 3727 1802; baseline -0.005 -17"><span class='ocrx_word' id='word_1_238' title='bbox 2153 1733 2264 1796; x_wconf 84' lang='grc' dir='ltr'>σιός</span> <span class='ocrx_word' id='word_1_239' title='bbox 2309 1734 2454 1784; x_wconf 75' lang='grc' dir='ltr'>ἐστιν</span> <span class='ocrx_word' id='word_1_240' title='bbox 2497 1735 2528 1801; x_wconf 79' lang='grc' dir='ltr'><strong>ἡ</strong></span> <span class='ocrx_word' id='word_1_241' title='bbox 2582 1733 2713 1800; x_wconf 82' lang='grc' dir='ltr'>ἁγία</span> <span class='ocrx_word' id='word_1_242' title='bbox 2761 1733 2950 1802; x_wconf 87' lang='grc' dir='ltr'>Τριὰς.</span> <span class='ocrx_word' id='word_1_243' title='bbox 2993 1731 3105 1782; x_wconf 78' lang='grc' dir='ltr'><strong>Οὐκ</strong></span> <span class='ocrx_word' id='word_1_244' title='bbox 3137 1729 3427 1798; x_wconf 70' lang='grc' dir='ltr'>ἀλλαχόθεν</span> <span class='ocrx_word' id='word_1_245' title='bbox 3455 1727 3512 1780; x_wconf 83' lang='grc' dir='ltr'><strong>δέ</strong></span> <span class='ocrx_word' id='word_1_246' title='bbox 3543 1727 3727 1787; x_wconf 87' lang='grc' dir='ltr'>ποθεν,</span> 
     </span>
    </p>
   </div>
   <div class='ocr_carea' id='block_1_35' title="bbox 489 1813 2065 1893">
    <p class='ocr_par' dir='ltr' id='par_1_35' title="bbox 489 1813 2052 1887">
     <span class='ocr_line' id='line_1_35' title="bbox 489 1813 2052 1887; baseline -0.003 -10"><span class='ocrx_word' id='word_1_247' title='bbox 489 1833 591 1878; x_wconf 76' lang='lat' dir='ltr'><strong>(tae</strong></span> <span class='ocrx_word' id='word_1_248' title='bbox 619 1823 903 1878; x_wconf 82' lang='lat' dir='ltr'><strong>Trinitatis</strong></span> <span class='ocrx_word' id='word_1_249' title='bbox 926 1823 1172 1876; x_wconf 91' lang='lat' dir='ltr'><strong>ordinem</strong></span> <span class='ocrx_word' id='word_1_250' title='bbox 1205 1837 1267 1873; x_wconf 86' lang='lat' dir='ltr'><strong>ac</strong></span> <span class='ocrx_word' id='word_1_251' title='bbox 1299 1821 1686 1874; x_wconf 83' lang='lat' dir='ltr'><strong>substantiam.</strong></span> <span class='ocrx_word' id='word_1_252' title='bbox 1713 1813 1896 1887; x_wconf 81' lang='lat' dir='ltr'><strong>Neque</strong></span> <span class='ocrx_word' id='word_1_253' title='bbox 1922 1832 2052 1872; x_wconf 88' lang='lat' dir='ltr'><strong>vero</strong></span> 
     </span>
    </p>
   </div>
   <div class='ocr_carea' id='block_1_36' title="bbox 2155 1813 3731 1893">
    <p class='ocr_par' dir='ltr' id='par_1_36' title="bbox 2155 1819 3731 1893">
     <span class='ocr_line' id='line_1_36' title="bbox 2155 1819 3731 1893; baseline -0.004 -17"><span class='ocrx_word' id='word_1_254' title='bbox 2155 1825 2271 1877; x_wconf 71' lang='grc' dir='ltr'>οὐδὲ</span> <span class='ocrx_word' id='word_1_255' title='bbox 2300 1825 2407 1877; x_wconf 76' lang='grc' dir='ltr'><strong>ἀπὺ</strong></span> <span class='ocrx_word' id='word_1_256' title='bbox 2443 1823 2586 1876; x_wconf 86' lang='grc' dir='ltr'>ἰδίων</span> <span class='ocrx_word' id='word_1_257' title='bbox 2617 1823 2993 1893; x_wconf 80' lang='grc' dir='ltr'>διανοημάτων</span> <span class='ocrx_word' id='word_1_258' title='bbox 3024 1821 3324 1889; x_wconf 75' lang='grc' dir='ltr'>ποιούμεθα</span> <span class='ocrx_word' id='word_1_259' title='bbox 3349 1820 3444 1890; x_wconf 81' lang='grc' dir='ltr'>τὴν</span> <span class='ocrx_word' id='word_1_260' title='bbox 3473 1819 3731 1870; x_wconf 84' lang='grc' dir='ltr'>διδασκα-</span> 
     </span>
    </p>
   </div>
   <div class='ocr_carea' id='block_1_37' title="bbox 477 1907 2053 1983">
    <p class='ocr_par' dir='ltr' id='par_1_37' title="bbox 477 1907 2053 1982">
     <span class='ocr_line' id='line_1_37' title="bbox 477 1907 2053 1982; baseline -0.005 -14"><span class='ocrx_word' id='word_1_261' title='bbox 477 1913 700 1968; x_wconf 86' lang='lat' dir='ltr'><strong>aliunde</strong></span> <span class='ocrx_word' id='word_1_262' title='bbox 744 1920 835 1965; x_wconf 87' lang='lat' dir='ltr'><strong>aut</strong></span> <span class='ocrx_word' id='word_1_263' title='bbox 869 1928 934 1966; x_wconf 81' lang='lat' dir='ltr'><strong>ex</strong></span> <span class='ocrx_word' id='word_1_264' title='bbox 974 1913 1185 1982; x_wconf 85' lang='lat' dir='ltr'><strong>privato</strong></span> <span class='ocrx_word' id='word_1_265' title='bbox 1235 1925 1402 1964; x_wconf 88' lang='lat' dir='ltr'><strong>sensu</strong></span> <span class='ocrx_word' id='word_1_266' title='bbox 1437 1909 1632 1962; x_wconf 90' lang='lat' dir='ltr'><strong>docere</strong></span> <span class='ocrx_word' id='word_1_267' title='bbox 1669 1907 1814 1963; x_wconf 91' lang='lat' dir='ltr'><strong>istud</strong></span> <span class='ocrx_word' id='word_1_268' title='bbox 1863 1921 2053 1976; x_wconf 79' lang='lat' dir='ltr'><strong>aggre-</strong></span> 
     </span>
    </p>
   </div>
   <div class='ocr_carea' id='block_1_38' title="bbox 2251 1907 3827 1983">
    <p class='ocr_par' dir='ltr' id='par_1_38' title="bbox 2251 1910 3827 1983">
     <span class='ocr_line' id='line_1_38' title="bbox 2251 1910 3827 1983; baseline -0.006 -15"><span class='ocrx_word' id='word_1_269' title='bbox 2251 1931 2310 1975; x_wconf 82' lang='grc' dir='ltr'><strong>ν,</strong></span> <span class='ocrx_word' id='word_1_270' title='bbox 2357 1913 2469 1966; x_wconf 79' lang='grc' dir='ltr'>ἀλλ’</span> <span class='ocrx_word' id='word_1_271' title='bbox 2515 1913 2622 1965; x_wconf 82' lang='grc' dir='ltr'>ἀπὸ</span> <span class='ocrx_word' id='word_1_272' title='bbox 2667 1913 2766 1983; x_wconf 85' lang='grc' dir='ltr'><strong>τῆς</strong></span> <span class='ocrx_word' id='word_1_273' title='bbox 2816 1911 3088 1983; x_wconf 82' lang='grc' dir='ltr'>ἡμετέρας</span> <span class='ocrx_word' id='word_1_274' title='bbox 3128 1911 3303 1980; x_wconf 74' lang='grc' dir='ltr'>ζωῆς,</span> <span class='ocrx_word' id='word_1_275' title='bbox 3353 1910 3624 1961; x_wconf 80' lang='grc' dir='ltr'>τουτέστιν</span> <span class='ocrx_word' id='word_1_276' title='bbox 3663 1912 3732 1961; x_wconf 82' lang='grc' dir='ltr'>ἐκ</span> <span class='ocrx_word' id='word_1_277' title='bbox 3821 1953 3827 1959; x_wconf 91' lang='grc'>.</span> 
     </span>
    </p>
   </div>
   <div class='ocr_carea' id='block_1_39' title="bbox 478 1995 2054 2075">
    <p class='ocr_par' dir='ltr' id='par_1_39' title="bbox 478 1995 2054 2067">
     <span class='ocr_line' id='line_1_39' title="bbox 478 1995 2054 2067; baseline -0.006 -9"><span class='ocrx_word' id='word_1_278' title='bbox 478 2003 681 2065; x_wconf 87' lang='lat' dir='ltr'><strong>dimur,</strong></span> <span class='ocrx_word' id='word_1_279' title='bbox 719 2003 814 2056; x_wconf 88' lang='lat' dir='ltr'><strong>sed</strong></span> <span class='ocrx_word' id='word_1_280' title='bbox 863 2017 926 2055; x_wconf 81' lang='lat' dir='ltr'><strong>ex</strong></span> <span class='ocrx_word' id='word_1_281' title='bbox 969 2000 1078 2054; x_wconf 89' lang='lat' dir='ltr'><strong>vita</strong></span> <span class='ocrx_word' id='word_1_282' title='bbox 1124 2007 1340 2060; x_wconf 90' lang='lat' dir='ltr'><strong>nostra,</strong></span> <span class='ocrx_word' id='word_1_283' title='bbox 1375 1998 1761 2067; x_wconf 87' lang='lat' dir='ltr'><strong>prophetarum</strong></span> <span class='ocrx_word' id='word_1_284' title='bbox 1805 1995 2054 2050; x_wconf 83' lang='lat' dir='ltr'><strong>videlicet</strong></span> 
     </span>
    </p>
   </div>
   <div class='ocr_carea' id='block_1_40' title="bbox 2157 1995 3733 2075">
    <p class='ocr_par' dir='ltr' id='par_1_40' title="bbox 2157 1999 3733 2075">
     <span class='ocr_line' id='line_1_40' title="bbox 2157 1999 3733 2075; baseline -0.005 -18"><span class='ocrx_word' id='word_1_285' title='bbox 2157 2003 2469 2075; x_wconf 81' lang='grc' dir='ltr'>προφητῶν,</span> <span class='ocrx_word' id='word_1_286' title='bbox 2496 2004 2591 2056; x_wconf 81' lang='grc' dir='ltr'><strong>καὶ</strong></span> <span class='ocrx_word' id='word_1_287' title='bbox 2610 2003 2709 2072; x_wconf 85' lang='grc' dir='ltr'><strong>τῆς</strong></span> <span class='ocrx_word' id='word_1_288' title='bbox 2736 2001 2828 2055; x_wconf 79' lang='grc' dir='ltr'>τοῦ</span> <span class='ocrx_word' id='word_1_289' title='bbox 2857 2002 3103 2070; x_wconf 79' lang='grc' dir='ltr'>Σωτῆρος</span> <span class='ocrx_word' id='word_1_290' title='bbox 3128 1999 3280 2069; x_wconf 81' lang='grc' dir='ltr'>ἡμῶν</span> <span class='ocrx_word' id='word_1_291' title='bbox 3315 1999 3612 2068; x_wconf 81' lang='grc' dir='ltr'>παρουσίας</span> <span class='ocrx_word' id='word_1_292' title='bbox 3633 1999 3733 2050; x_wconf 67' lang='grc' dir='ltr'><strong>καὶ</strong></span> 
     </span>
    </p>
   </div>
   <div class='ocr_carea' id='block_1_41' title="bbox 477 2083 2053 2164">
    <p class='ocr_par' dir='ltr' id='par_1_41' title="bbox 477 2085 2053 2161">
     <span class='ocr_line' id='line_1_41' title="bbox 477 2085 2053 2161; baseline -0.007 -12"><span class='ocrx_word' id='word_1_293' title='bbox 477 2094 739 2157; x_wconf 86' lang='lat' dir='ltr'><strong>oraculis,</strong></span> <span class='ocrx_word' id='word_1_294' title='bbox 768 2101 931 2161; x_wconf 87' lang='lat' dir='ltr'><strong>atque</strong></span> <span class='ocrx_word' id='word_1_295' title='bbox 971 2104 1036 2144; x_wconf 77' lang='lat' dir='ltr'><strong>ex</strong></span> <span class='ocrx_word' id='word_1_296' title='bbox 1073 2090 1245 2142; x_wconf 87' lang='lat' dir='ltr'><strong>nostri</strong></span> <span class='ocrx_word' id='word_1_297' title='bbox 1287 2087 1588 2142; x_wconf 87' lang='lat' dir='ltr'><strong>Salvatoris</strong></span> <span class='ocrx_word' id='word_1_298' title='bbox 1618 2086 1855 2141; x_wconf 78' lang='lat' dir='ltr'><strong>adventu</strong></span> <span class='ocrx_word' id='word_1_299' title='bbox 1891 2085 2053 2141; x_wconf 84' lang='lat' dir='ltr'><strong>simul</strong></span> 
     </span>
    </p>
   </div>
   <div class='ocr_carea' id='block_1_42' title="bbox 2155 2083 3731 2164">
    <p class='ocr_par' dir='ltr' id='par_1_42' title="bbox 2155 2083 3731 2164">
     <span class='ocr_line' id='line_1_42' title="bbox 2155 2083 3731 2164; baseline -0.006 -18"><span class='ocrx_word' id='word_1_300' title='bbox 2155 2094 2255 2164; x_wconf 82' lang='grc' dir='ltr'><strong>τῆς</strong></span> <span class='ocrx_word' id='word_1_301' title='bbox 2298 2092 2460 2146; x_wconf 79' lang='grc' dir='ltr'>αὐτοῦ</span> <span class='ocrx_word' id='word_1_302' title='bbox 2504 2092 2928 2162; x_wconf 80' lang='grc' dir='ltr'>φιλανθρωπίας.</span> <span class='ocrx_word' id='word_1_303' title='bbox 2973 2086 3140 2142; x_wconf 87' lang='grc' dir='ltr'>Ἦλθε</span> <span class='ocrx_word' id='word_1_304' title='bbox 3182 2089 3310 2159; x_wconf 80' lang='grc' dir='ltr'>γὰρ.</span> <span class='ocrx_word' id='word_1_305' title='bbox 3352 2083 3514 2157; x_wconf 67' lang='grc' dir='ltr'>ἢλθεν</span> <span class='ocrx_word' id='word_1_306' title='bbox 3544 2089 3577 2156; x_wconf 82' lang='grc' dir='ltr'><strong>ἡ</strong></span> <span class='ocrx_word' id='word_1_307' title='bbox 3611 2086 3731 2157; x_wconf 73' lang='grc' dir='ltr'><strong>ζωὴ</strong></span> 
     </span>
    </p>
   </div>
   <div class='ocr_carea' id='block_1_43' title="bbox 477 2175 2053 2255">
    <p class='ocr_par' dir='ltr' id='par_1_43' title="bbox 477 2176 2050 2253">
     <span class='ocr_line' id='line_1_43' title="bbox 477 2176 2050 2253; baseline -0.005 -15"><span class='ocrx_word' id='word_1_308' title='bbox 477 2192 642 2253; x_wconf 86' lang='lat' dir='ltr'><strong>atque</strong></span> <span class='ocrx_word' id='word_1_309' title='bbox 675 2182 934 2235; x_wconf 86' lang='lat' dir='ltr'><strong>bonitate.</strong></span> <span class='ocrx_word' id='word_1_310' title='bbox 979 2177 1138 2232; x_wconf 82' lang='lat' dir='ltr'><strong>Venit</strong></span> <span class='ocrx_word' id='word_1_311' title='bbox 1167 2179 1365 2247; x_wconf 87' lang='lat' dir='ltr'><strong>quippe</strong></span> <span class='ocrx_word' id='word_1_312' title='bbox 1387 2179 1494 2231; x_wconf 88' lang='lat' dir='ltr'><strong>vita</strong></span> <span class='ocrx_word' id='word_1_313' title='bbox 1527 2188 1736 2240; x_wconf 89' lang='lat' dir='ltr'><strong>nostra,</strong></span> <span class='ocrx_word' id='word_1_314' title='bbox 1781 2176 1949 2238; x_wconf 83' lang='lat' dir='ltr'><strong>venit,</strong></span> <span class='ocrx_word' id='word_1_315' title='bbox 1985 2191 2050 2230; x_wconf 90' lang='lat' dir='ltr'><strong>ac</strong></span> 
     </span>
    </p>
   </div>
   <div class='ocr_carea' id='block_1_44' title="bbox 2159 2175 3735 2255">
    <p class='ocr_par' dir='ltr' id='par_1_44' title="bbox 2163 2175 3735 2255">
     <span class='ocr_line' id='line_1_44' title="bbox 2163 2175 3735 2255; baseline -0.004 -19"><span class='ocrx_word' id='word_1_316' title='bbox 2163 2183 2343 2255; x_wconf 84' lang='grc' dir='ltr'>ἡμῶν,</span> <span class='ocrx_word' id='word_1_317' title='bbox 2372 2185 2465 2236; x_wconf 74' lang='grc' dir='ltr'><strong>καὶ</strong></span> <span class='ocrx_word' id='word_1_318' title='bbox 2493 2182 2554 2235; x_wconf 84' lang='grc' dir='ltr'><strong>τὸ</strong></span> <span class='ocrx_word' id='word_1_319' title='bbox 2579 2182 2695 2252; x_wconf 77' lang='grc' dir='ltr'><strong>φῶς</strong></span> <span class='ocrx_word' id='word_1_320' title='bbox 2733 2178 2886 2244; x_wconf 80' lang='grc' dir='ltr'>αὖθις</span> <span class='ocrx_word' id='word_1_321' title='bbox 2914 2183 3043 2250; x_wconf 79' lang='grc' dir='ltr'>ἡμῖν</span> <span class='ocrx_word' id='word_1_322' title='bbox 3082 2178 3353 2242; x_wconf 75' lang='grc' dir='ltr'>ἐπέδειξεν</span> <span class='ocrx_word' id='word_1_323' title='bbox 3381 2175 3553 2248; x_wconf 75' lang='grc' dir='ltr'>εὑρὼν</span> <span class='ocrx_word' id='word_1_324' title='bbox 3583 2179 3735 2246; x_wconf 80' lang='grc' dir='ltr'>ἡμᾶς</span> 
     </span>
    </p>
   </div>
   <div class='ocr_carea' id='block_1_45' title="bbox 478 2261 2054 2343">
    <p class='ocr_par' dir='ltr' id='par_1_45' title="bbox 478 2261 2046 2340">
     <span class='ocr_line' id='line_1_45' title="bbox 478 2261 2046 2340; baseline -0.007 -11"><span class='ocrx_word' id='word_1_325' title='bbox 478 2276 640 2329; x_wconf 79' lang='lat' dir='ltr'><strong>nobis</strong></span> <span class='ocrx_word' id='word_1_326' title='bbox 687 2275 881 2327; x_wconf 84' lang='lat' dir='ltr'><strong>iterum</strong></span> <span class='ocrx_word' id='word_1_327' title='bbox 915 2284 1054 2340; x_wconf 85' lang='lat' dir='ltr'><strong>quos</strong></span> <span class='ocrx_word' id='word_1_328' title='bbox 1091 2276 1341 2324; x_wconf 83' lang='lat' dir='ltr'><strong>errantes</strong></span> <span class='ocrx_word' id='word_1_329' title='bbox 1382 2279 1680 2338; x_wconf 89' lang='lat' dir='ltr'><strong>repererat,</strong></span> <span class='ocrx_word' id='word_1_330' title='bbox 1714 2270 1910 2322; x_wconf 79' lang='lat' dir='ltr'><strong>illuxit.</strong></span> <span class='ocrx_word' id='word_1_331' title='bbox 1951 2261 2046 2319; x_wconf 81' lang='lat' dir='ltr'><strong>Et-</strong></span> 
     </span>
    </p>
   </div>
   <div class='ocr_carea' id='block_1_46' title="bbox 2161 2261 3737 2343">
    <p class='ocr_par' dir='ltr' id='par_1_46' title="bbox 2161 2267 3737 2343">
     <span class='ocr_line' id='line_1_46' title="bbox 2161 2267 3737 2343; baseline -0.004 -16"><span class='ocrx_word' id='word_1_332' title='bbox 2161 2274 2628 2343; x_wconf 79' lang='grc' dir='ltr'>πεπλανημένους.</span> <span class='ocrx_word' id='word_1_333' title='bbox 2652 2269 2830 2342; x_wconf 77' lang='grc' dir='ltr'><strong>τΗμ.εν</strong></span> <span class='ocrx_word' id='word_1_334' title='bbox 2861 2271 2988 2340; x_wconf 79' lang='grc' dir='ltr'>γὰρ,</span> <span class='ocrx_word' id='word_1_335' title='bbox 3011 2267 3154 2340; x_wconf 82' lang='grc' dir='ltr'>ἦμεν</span> <span class='ocrx_word' id='word_1_336' title='bbox 3183 2270 3241 2321; x_wconf 74' lang='grc' dir='ltr'>ὲν</span> <span class='ocrx_word' id='word_1_337' title='bbox 3270 2267 3614 2339; x_wconf 78' lang='grc' dir='ltr'>ὑπερηφανίᾳ</span> <span class='ocrx_word' id='word_1_338' title='bbox 3637 2270 3737 2320; x_wconf 77' lang='grc' dir='ltr'><strong>καὶ</strong></span> 
     </span>
    </p>
   </div>
   <div class='ocr_carea' id='block_1_47' title="bbox 476 2356 2052 2433">
    <p class='ocr_par' dir='ltr' id='par_1_47' title="bbox 476 2359 2049 2429">
     <span class='ocr_line' id='line_1_47' title="bbox 476 2359 2049 2429; baseline -0.007 -8"><span class='ocrx_word' id='word_1_339' title='bbox 476 2368 617 2421; x_wconf 85' lang='lat' dir='ltr'><strong>enim</strong></span> <span class='ocrx_word' id='word_1_340' title='bbox 649 2379 838 2418; x_wconf 87' lang='lat' dir='ltr'><strong>omnes</strong></span> <span class='ocrx_word' id='word_1_341' title='bbox 873 2363 926 2415; x_wconf 92' lang='lat' dir='ltr'><strong>in</strong></span> <span class='ocrx_word' id='word_1_342' title='bbox 964 2361 1238 2429; x_wconf 81' lang='lat' dir='ltr'><strong>superbia,</strong></span> <span class='ocrx_word' id='word_1_343' title='bbox 1271 2375 1337 2413; x_wconf 88' lang='lat' dir='ltr'><strong>ac</strong></span> <span class='ocrx_word' id='word_1_344' title='bbox 1371 2359 1748 2428; x_wconf 89' lang='lat' dir='ltr'><strong>blasphemiis,</strong></span> <span class='ocrx_word' id='word_1_345' title='bbox 1783 2371 1835 2412; x_wconf 80' lang='lat' dir='ltr'><strong>et</strong></span> <span class='ocrx_word' id='word_1_346' title='bbox 1870 2359 2049 2410; x_wconf 85' lang='lat' dir='ltr'><strong>idolo-</strong></span> 
     </span>
    </p>
   </div>
   <div class='ocr_carea' id='block_1_48' title="bbox 2157 2356 3733 2433">
    <p class='ocr_par' dir='ltr' id='par_1_48' title="bbox 2164 2356 3733 2433">
     <span class='ocr_line' id='line_1_48' title="bbox 2164 2356 3733 2433; baseline -0.004 -19"><span class='ocrx_word' id='word_1_347' title='bbox 2164 2364 2556 2433; x_wconf 82' lang='grc' dir='ltr'>βλασφημίαις,</span> <span class='ocrx_word' id='word_1_348' title='bbox 2582 2361 2810 2414; x_wconf 79' lang='grc' dir='ltr'>εἰδώλων</span> <span class='ocrx_word' id='word_1_349' title='bbox 2830 2357 3142 2430; x_wconf 78' lang='grc' dir='ltr'>ὁμοιώσεσι,</span> <span class='ocrx_word' id='word_1_350' title='bbox 3159 2359 3481 2428; x_wconf 83' lang='grc' dir='ltr'>πνευμάτων</span> <span class='ocrx_word' id='word_1_351' title='bbox 3502 2356 3733 2420; x_wconf 72' lang='grc' dir='ltr'>ὰθεῖαις,</span> 
     </span>
    </p>
   </div>
   <div class='ocr_carea' id='block_1_49' title="bbox 478 2440 2054 2518">
    <p class='ocr_par' dir='ltr' id='par_1_49' title="bbox 478 2440 2053 2513">
     <span class='ocr_line' id='line_1_49' title="bbox 478 2440 2053 2513; baseline -0.007 -4"><span class='ocrx_word' id='word_1_352' title='bbox 478 2471 596 2510; x_wconf 86' lang='lat' dir='ltr'><strong>rum</strong></span> <span class='ocrx_word' id='word_1_353' title='bbox 642 2453 977 2513; x_wconf 88' lang='lat' dir='ltr'><strong>simulacris,</strong></span> <span class='ocrx_word' id='word_1_354' title='bbox 1022 2466 1084 2502; x_wconf 92' lang='lat' dir='ltr'><strong>ac</strong></span> <span class='ocrx_word' id='word_1_355' title='bbox 1117 2451 1426 2503; x_wconf 66' lang='lat' dir='ltr'><strong>tiaenionum</strong></span> <span class='ocrx_word' id='word_1_356' title='bbox 1463 2447 1757 2501; x_wconf 82' lang='lat' dir='ltr'><strong>contrariis</strong></span> <span class='ocrx_word' id='word_1_357' title='bbox 1789 2440 1897 2499; x_wconf 88' lang='lat' dir='ltr'><strong>Deo</strong></span> <span class='ocrx_word' id='word_1_358' title='bbox 1937 2444 2053 2498; x_wconf 80' lang='lat' dir='ltr'><strong>cnl-</strong></span> 
     </span>
    </p>
   </div>
   <div class='ocr_carea' id='block_1_50' title="bbox 2161 2440 3737 2518">
    <p class='ocr_par' dir='ltr' id='par_1_50' title="bbox 2161 2444 3737 2518">
     <span class='ocr_line' id='line_1_50' title="bbox 2161 2444 3737 2518; baseline -0.004 -14"><span class='ocrx_word' id='word_1_359' title='bbox 2161 2451 2337 2504; x_wconf 83' lang='grc' dir='ltr'>κακῶν</span> <span class='ocrx_word' id='word_1_360' title='bbox 2388 2451 2604 2504; x_wconf 82' lang='grc' dir='ltr'>πάντων</span> <span class='ocrx_word' id='word_1_361' title='bbox 2659 2451 2945 2517; x_wconf 77' lang='grc' dir='ltr'>ἐπιταγαῖς</span> <span class='ocrx_word' id='word_1_362' title='bbox 3009 2447 3454 2518; x_wconf 72' lang='grc' dir='ltr'>βεϐαπτισμένοι.</span> <span class='ocrx_word' id='word_1_363' title='bbox 3514 2444 3737 2498; x_wconf 82' lang='grc' dir='ltr'>Τούτων</span> 
     </span>
    </p>
   </div>
   <div class='ocr_carea' id='block_1_51' title="bbox 478 2535 2054 2614">
    <p class='ocr_par' dir='ltr' id='par_1_51' title="bbox 478 2535 2053 2607">
     <span class='ocr_line' id='line_1_51' title="bbox 478 2535 2053 2607; baseline -0.009 -7"><span class='ocrx_word' id='word_1_364' title='bbox 478 2547 645 2604; x_wconf 88' lang='lat' dir='ltr'><strong>tibus,</strong></span> <span class='ocrx_word' id='word_1_365' title='bbox 685 2544 898 2604; x_wconf 88' lang='lat' dir='ltr'><strong>ritibus,</strong></span> <span class='ocrx_word' id='word_1_366' title='bbox 944 2556 1006 2593; x_wconf 89' lang='lat' dir='ltr'><strong>ac</strong></span> <span class='ocrx_word' id='word_1_367' title='bbox 1042 2539 1305 2593; x_wconf 88' lang='lat' dir='ltr'><strong>malorum</strong></span> <span class='ocrx_word' id='word_1_368' title='bbox 1341 2539 1575 2607; x_wconf 86' lang='lat' dir='ltr'><strong>denique</strong></span> <span class='ocrx_word' id='word_1_369' title='bbox 1609 2536 1849 2589; x_wconf 90' lang='lat' dir='ltr'><strong>omnium</strong></span> <span class='ocrx_word' id='word_1_370' title='bbox 1883 2535 2053 2589; x_wconf 89' lang='lat' dir='ltr'><strong>servi-</strong></span> 
     </span>
    </p>
   </div>
   <div class='ocr_carea' id='block_1_52' title="bbox 2155 2535 3731 2614">
    <p class='ocr_par' dir='ltr' id='par_1_52' title="bbox 2155 2536 3731 2614">
     <span class='ocr_line' id='line_1_52' title="bbox 2155 2536 3731 2614; baseline -0.004 -19"><span class='ocrx_word' id='word_1_371' title='bbox 2155 2543 2332 2595; x_wconf 84' lang='grc' dir='ltr'>τοίνυν</span> <span class='ocrx_word' id='word_1_372' title='bbox 2375 2542 2681 2614; x_wconf 88' lang='grc' dir='ltr'>προσόντων</span> <span class='ocrx_word' id='word_1_373' title='bbox 2721 2543 2849 2612; x_wconf 85' lang='grc' dir='ltr'>ἡμῖν</span> <span class='ocrx_word' id='word_1_374' title='bbox 2876 2539 3139 2602; x_wconf 74' lang='grc' dir='ltr'>ἀκουσίως</span> <span class='ocrx_word' id='word_1_375' title='bbox 3203 2540 3299 2606; x_wconf 85' lang='grc' dir='ltr'>(οὐ</span> <span class='ocrx_word' id='word_1_376' title='bbox 3335 2539 3442 2608; x_wconf 80' lang='grc' dir='ltr'><strong>γὰρ</strong></span> <span class='ocrx_word' id='word_1_377' title='bbox 3472 2538 3500 2590; x_wconf 86' lang='grc' dir='ltr'><strong>ὅ</strong></span> <span class='ocrx_word' id='word_1_378' title='bbox 3533 2536 3731 2608; x_wconf 78' lang='grc' dir='ltr'>ἡθελον</span> 
     </span>
    </p>
   </div>
   <div class='ocr_carea' id='block_1_53' title="bbox 476 2625 2052 2702">
    <p class='ocr_par' dir='ltr' id='par_1_53' title="bbox 476 2625 2052 2698">
     <span class='ocr_line' id='line_1_53' title="bbox 476 2625 2052 2698; baseline -0.01 -7"><span class='ocrx_word' id='word_1_379' title='bbox 476 2643 591 2690; x_wconf 87' lang='lat' dir='ltr'><strong>tute</strong></span> <span class='ocrx_word' id='word_1_380' title='bbox 621 2632 844 2686; x_wconf 87' lang='lat' dir='ltr'><strong>volutati</strong></span> <span class='ocrx_word' id='word_1_381' title='bbox 876 2629 1220 2698; x_wconf 84' lang='lat' dir='ltr'><strong>demersique</strong></span> <span class='ocrx_word' id='word_1_382' title='bbox 1254 2629 1594 2697; x_wconf 88' lang='lat' dir='ltr'><strong>jacebamus.</strong></span> <span class='ocrx_word' id='word_1_383' title='bbox 1633 2625 1843 2691; x_wconf 84' lang='lat' dir='ltr'><strong>Quibus</strong></span> <span class='ocrx_word' id='word_1_384' title='bbox 1875 2626 2052 2677; x_wconf 90' lang='lat' dir='ltr'><strong>omni-</strong></span> 
     </span>
    </p>
   </div>
   <div class='ocr_carea' id='block_1_54' title="bbox 2159 2625 3735 2702">
    <p class='ocr_par' dir='ltr' id='par_1_54' title="bbox 2159 2628 3735 2702">
     <span class='ocr_line' id='line_1_54' title="bbox 2159 2628 3735 2702; baseline -0.003 -18"><span class='ocrx_word' id='word_1_385' title='bbox 2159 2631 2435 2702; x_wconf 76' lang='grc' dir='ltr'>ἔπραττον,</span> <span class='ocrx_word' id='word_1_386' title='bbox 2461 2631 2575 2684; x_wconf 78' lang='grc' dir='ltr'>ἀλλ’</span> <span class='ocrx_word' id='word_1_387' title='bbox 2604 2630 2633 2684; x_wconf 76' lang='grc' dir='ltr'>ὃ</span> <span class='ocrx_word' id='word_1_388' title='bbox 2657 2630 2878 2700; x_wconf 73' lang='grc' dir='ltr'>ἑμίσουν</span> <span class='ocrx_word' id='word_1_389' title='bbox 2902 2629 3209 2701; x_wconf 75' lang='grc' dir='ltr'>ἠπειγόμην</span> <span class='ocrx_word' id='word_1_390' title='bbox 3227 2632 3421 2693; x_wconf 80' lang='grc' dir='ltr'>ποιεῖν,</span> <span class='ocrx_word' id='word_1_391' title='bbox 3450 2628 3735 2698; x_wconf 76' lang='grc' dir='ltr'>ἁμαρτῖας</span> 
     </span>
    </p>
   </div>
   <div class='ocr_carea' id='block_1_55' title="bbox 477 2717 2053 2794">
    <p class='ocr_par' dir='ltr' id='par_1_55' title="bbox 477 2717 2046 2794">
     <span class='ocr_line' id='line_1_55' title="bbox 477 2717 2046 2794; baseline -0.011 -11"><span class='ocrx_word' id='word_1_392' title='bbox 477 2729 579 2783; x_wconf 87' lang='lat' dir='ltr'><strong>bus</strong></span> <span class='ocrx_word' id='word_1_393' title='bbox 620 2739 742 2779; x_wconf 91' lang='lat' dir='ltr'><strong>cum</strong></span> <span class='ocrx_word' id='word_1_394' title='bbox 797 2730 989 2794; x_wconf 59' lang='lat' dir='ltr'><strong>praeter</strong></span> <span class='ocrx_word' id='word_1_395' title='bbox 1045 2721 1376 2774; x_wconf 82' lang='lat' dir='ltr'><strong>voluntatem</strong></span> <span class='ocrx_word' id='word_1_396' title='bbox 1436 2717 1679 2787; x_wconf 89' lang='lat' dir='ltr'><strong>impliciti</strong></span> <span class='ocrx_word' id='word_1_397' title='bbox 1737 2727 2046 2770; x_wconf 85' lang='lat' dir='ltr'><strong>Ienerenmr</strong></span> 
     </span>
    </p>
   </div>
   <div class='ocr_carea' id='block_1_56' title="bbox 2165 2717 3741 2794">
    <p class='ocr_par' dir='ltr' id='par_1_56' title="bbox 2165 2717 3741 2790">
     <span class='ocr_line' id='line_1_56' title="bbox 2165 2717 3741 2790; baseline -0.003 -18"><span class='ocrx_word' id='word_1_398' title='bbox 2165 2719 2506 2790; x_wconf 74' lang='grc' dir='ltr'>Βιακονούσης</span> <span class='ocrx_word' id='word_1_399' title='bbox 2537 2737 2626 2790; x_wconf 89' lang='grc' dir='ltr'><strong>μοι</strong></span> <span class='ocrx_word' id='word_1_400' title='bbox 2649 2719 2866 2786; x_wconf 72' lang='grc' dir='ltr'>οὕτως),</span> <span class='ocrx_word' id='word_1_401' title='bbox 2894 2719 2923 2769; x_wconf 80' lang='grc' dir='ltr'>ὁ</span> <span class='ocrx_word' id='word_1_402' title='bbox 2958 2718 3110 2786; x_wconf 71' lang='grc' dir='ltr'>ἅγιος</span> <span class='ocrx_word' id='word_1_403' title='bbox 3145 2719 3333 2790; x_wconf 82' lang='grc' dir='ltr'>Πατὴρ</span> <span class='ocrx_word' id='word_1_404' title='bbox 3360 2719 3452 2771; x_wconf 82' lang='grc' dir='ltr'><strong>τὸν</strong></span> <span class='ocrx_word' id='word_1_405' title='bbox 3487 2717 3610 2770; x_wconf 74' lang='grc' dir='ltr'>Υίὸν</span> <span class='ocrx_word' id='word_1_406' title='bbox 3635 2717 3741 2769; x_wconf 77' lang='grc' dir='ltr'><strong>αὺ-</strong></span> 
     </span>
    </p>
   </div>
   <div class='ocr_carea' id='block_1_57' title="bbox 477 2803 2053 2885">
    <p class='ocr_par' dir='ltr' id='par_1_57' title="bbox 477 2803 2052 2885">
     <span class='ocr_line' id='line_1_57' title="bbox 477 2803 2052 2885; baseline -0.007 -14"><span class='ocrx_word' id='word_1_407' title='bbox 477 2821 612 2885; x_wconf 84' lang='lat' dir='ltr'><strong>(non</strong></span> <span class='ocrx_word' id='word_1_408' title='bbox 653 2815 798 2868; x_wconf 86' lang='lat' dir='ltr'><strong>enim</strong></span> <span class='ocrx_word' id='word_1_409' title='bbox 843 2816 986 2882; x_wconf 88' lang='lat' dir='ltr'><strong>quod</strong></span> <span class='ocrx_word' id='word_1_410' title='bbox 1018 2812 1228 2876; x_wconf 79' lang='lat' dir='ltr'><strong>vellem,</strong></span> <span class='ocrx_word' id='word_1_411' title='bbox 1267 2809 1566 2873; x_wconf 84' lang='lat' dir='ltr'><strong>faciebam;</strong></span> <span class='ocrx_word' id='word_1_412' title='bbox 1599 2808 1691 2861; x_wconf 88' lang='lat' dir='ltr'><strong>sed</strong></span> <span class='ocrx_word' id='word_1_413' title='bbox 1727 2807 1871 2874; x_wconf 88' lang='lat' dir='ltr'><strong>quod</strong></span> <span class='ocrx_word' id='word_1_414' title='bbox 1922 2803 2052 2860; x_wconf 86' lang='lat' dir='ltr'><strong>ode-</strong></span> 
     </span>
    </p>
   </div>
   <div class='ocr_carea' id='block_1_58' title="bbox 2166 2803 3742 2885">
    <p class='ocr_par' dir='ltr' id='par_1_58' title="bbox 2166 2805 3742 2876">
     <span class='ocr_line' id='line_1_58' title="bbox 2166 2805 3742 2876; baseline -0.001 -16"><span class='ocrx_word' id='word_1_415' title='bbox 2166 2805 2247 2860; x_wconf 80' lang='grc' dir='ltr'>τοῦ</span> <span class='ocrx_word' id='word_1_416' title='bbox 2278 2807 2369 2860; x_wconf 81' lang='grc' dir='ltr'>τὸν</span> <span class='ocrx_word' id='word_1_417' title='bbox 2393 2807 2546 2876; x_wconf 76' lang='grc' dir='ltr'>ἅγιον</span> <span class='ocrx_word' id='word_1_418' title='bbox 2577 2806 2882 2872; x_wconf 75' lang='grc' dir='ltr'>ἀπέστειλε,</span> <span class='ocrx_word' id='word_1_419' title='bbox 2913 2807 3004 2859; x_wconf 78' lang='grc' dir='ltr'><strong>καὶ</strong></span> <span class='ocrx_word' id='word_1_420' title='bbox 3031 2809 3086 2859; x_wconf 82' lang='grc' dir='ltr'>ὲν</span> <span class='ocrx_word' id='word_1_421' title='bbox 3113 2807 3190 2876; x_wconf 84' lang='grc' dir='ltr'>τῷ</span> <span class='ocrx_word' id='word_1_422' title='bbox 3210 2806 3371 2860; x_wconf 79' lang='grc' dir='ltr'>αὐτοῦ</span> <span class='ocrx_word' id='word_1_423' title='bbox 3395 2807 3532 2860; x_wconf 79' lang='grc' dir='ltr'>ἐλέει</span> <span class='ocrx_word' id='word_1_424' title='bbox 3557 2807 3742 2858; x_wconf 75' lang='grc' dir='ltr'>ἐσωσέ</span> 
     </span>
    </p>
   </div>
   <div class='ocr_carea' id='block_1_59' title="bbox 475 2896 2051 2970">
    <p class='ocr_par' dir='ltr' id='par_1_59' title="bbox 475 2896 2051 2969">
     <span class='ocr_line' id='line_1_59' title="bbox 475 2896 2051 2969; baseline -0.007 -9"><span class='ocrx_word' id='word_1_425' title='bbox 475 2921 592 2961; x_wconf 88' lang='lat' dir='ltr'><strong>ram</strong></span> <span class='ocrx_word' id='word_1_426' title='bbox 634 2905 699 2959; x_wconf 88' lang='lat' dir='ltr'><strong>ad</strong></span> <span class='ocrx_word' id='word_1_427' title='bbox 734 2901 1042 2958; x_wconf 81' lang='lat' dir='ltr'><strong>faciendum</strong></span> <span class='ocrx_word' id='word_1_428' title='bbox 1099 2901 1332 2969; x_wconf 80' lang='lat' dir='ltr'><strong>Urgebar</strong></span> <span class='ocrx_word' id='word_1_429' title='bbox 1357 2901 1396 2962; x_wconf 78' lang='lat'><strong>&#39;,</strong></span> <span class='ocrx_word' id='word_1_430' title='bbox 1425 2911 1546 2953; x_wconf 89' lang='lat' dir='ltr'><strong>eum</strong></span> <span class='ocrx_word' id='word_1_431' title='bbox 1581 2897 1669 2950; x_wconf 89' lang='lat' dir='ltr'><strong>hic</strong></span> <span class='ocrx_word' id='word_1_432' title='bbox 1708 2896 1839 2949; x_wconf 89' lang='lat' dir='ltr'><strong>mihi</strong></span> <span class='ocrx_word' id='word_1_433' title='bbox 1878 2903 2051 2949; x_wconf 87' lang='lat' dir='ltr'><strong>status</strong></span> 
     </span>
    </p>
   </div>
   <div class='ocr_carea' id='block_1_60' title="bbox 2164 2896 3740 2970">
    <p class='ocr_par' dir='ltr' id='par_1_60' title="bbox 2164 2898 3740 2970">
     <span class='ocr_line' id='line_1_60' title="bbox 2164 2898 3740 2970; baseline 0.002 -21"><span class='ocrx_word' id='word_1_434' title='bbox 2164 2915 2250 2968; x_wconf 88' lang='grc' dir='ltr'><strong>με,</strong></span> <span class='ocrx_word' id='word_1_435' title='bbox 2283 2898 2378 2951; x_wconf 74' lang='grc' dir='ltr'><strong>καὶ</strong></span> <span class='ocrx_word' id='word_1_436' title='bbox 2407 2901 2473 2952; x_wconf 80' lang='grc' dir='ltr'>ὲκ</span> <span class='ocrx_word' id='word_1_437' title='bbox 2504 2901 2688 2957; x_wconf 83' lang='grc' dir='ltr'>πασῶν</span> <span class='ocrx_word' id='word_1_438' title='bbox 2722 2899 2829 2951; x_wconf 85' lang='grc' dir='ltr'><strong>τῶν</strong></span> <span class='ocrx_word' id='word_1_439' title='bbox 2857 2898 3163 2969; x_wconf 80' lang='grc' dir='ltr'>διαφθορῶν</span> <span class='ocrx_word' id='word_1_440' title='bbox 3201 2916 3301 2969; x_wconf 88' lang='grc' dir='ltr'><strong>μου</strong></span> <span class='ocrx_word' id='word_1_441' title='bbox 3337 2899 3601 2970; x_wconf 55' lang='lat' dir='ltr'><strong>esseom</strong></span> <span class='ocrx_word' id='word_1_442' title='bbox 3637 2913 3740 2967; x_wconf 79' lang='grc' dir='ltr'>με.</span> 
     </span>
    </p>
   </div>
   <div class='ocr_carea' id='block_1_61' title="bbox 476 2977 3746 3065">
    <p class='ocr_par' dir='ltr' id='par_1_61' title="bbox 476 2977 3746 3065">
     <span class='ocr_line' id='line_1_61' title="bbox 476 2977 3746 3065; baseline -0.002 -16"><span class='ocrx_word' id='word_1_443' title='bbox 476 3011 506 3049; x_wconf 84' lang='lat' dir='ltr'><strong>a</strong></span> <span class='ocrx_word' id='word_1_444' title='bbox 539 3003 760 3065; x_wconf 77' lang='lat' dir='ltr'><strong>peccato</strong></span> <span class='ocrx_word' id='word_1_445' title='bbox 791 2987 1338 3054; x_wconf 89' lang='lat' dir='ltr'><strong>subministraretur),</strong></span> <span class='ocrx_word' id='word_1_446' title='bbox 1367 2993 1592 3038; x_wconf 87' lang='lat' dir='ltr'><strong>sanctus</strong></span> <span class='ocrx_word' id='word_1_447' title='bbox 1641 2982 1800 3036; x_wconf 85' lang='lat' dir='ltr'><strong>Pater</strong></span> <span class='ocrx_word' id='word_1_448' title='bbox 1858 2987 2106 3036; x_wconf 89' lang='lat' dir='ltr'><strong>sanctum</strong></span> <span class='ocrx_word' id='word_1_449' title='bbox 2140 2977 2337 3039; x_wconf 78' lang='lat' dir='ltr'><strong>Filium</strong></span> <span class='ocrx_word' id='word_1_450' title='bbox 2372 3002 2530 3042; x_wconf 84' lang='lat' dir='ltr'><strong>suum</strong></span> <span class='ocrx_word' id='word_1_451' title='bbox 2575 2989 2834 3057; x_wconf 77' lang='lat' dir='ltr'><strong>allegatis,</strong></span> <span class='ocrx_word' id='word_1_452' title='bbox 2868 2987 3028 3057; x_wconf 84' lang='lat' dir='ltr'><strong>hujus</strong></span> <span class='ocrx_word' id='word_1_453' title='bbox 3063 3003 3149 3042; x_wconf 90' lang='lat' dir='ltr'><strong>me</strong></span> <span class='ocrx_word' id='word_1_454' title='bbox 3210 2989 3580 3044; x_wconf 88' lang='lat' dir='ltr'><strong>misericordia</strong></span> <span class='ocrx_word' id='word_1_455' title='bbox 3614 3003 3746 3042; x_wconf 85' lang='lat' dir='ltr'><strong>scr-</strong></span> 
     </span>
    </p>
   </div>
   <div class='ocr_carea' id='block_1_62' title="bbox 474 3070 2051 3148">
    <p class='ocr_par' dir='ltr' id='par_1_62' title="bbox 474 3070 2051 3148">
     <span class='ocr_line' id='line_1_62' title="bbox 474 3070 2051 3148; baseline -0.008 -9"><span class='ocrx_word' id='word_1_456' title='bbox 474 3084 642 3144; x_wconf 81' lang='lat' dir='ltr'><strong>vavit,</strong></span> <span class='ocrx_word' id='word_1_457' title='bbox 674 3091 838 3148; x_wconf 88' lang='lat' dir='ltr'><strong>atque</strong></span> <span class='ocrx_word' id='word_1_458' title='bbox 871 3093 938 3132; x_wconf 78' lang='lat' dir='ltr'><strong>ex</strong></span> <span class='ocrx_word' id='word_1_459' title='bbox 969 3077 1115 3130; x_wconf 91' lang='lat' dir='ltr'><strong>omni</strong></span> <span class='ocrx_word' id='word_1_460' title='bbox 1148 3073 1458 3142; x_wconf 84' lang='lat' dir='ltr'><strong>corruptela</strong></span> <span class='ocrx_word' id='word_1_461' title='bbox 1500 3085 1617 3125; x_wconf 88' lang='lat' dir='ltr'><strong>mea</strong></span> <span class='ocrx_word' id='word_1_462' title='bbox 1654 3085 1739 3125; x_wconf 86' lang='lat' dir='ltr'><strong>me</strong></span> <span class='ocrx_word' id='word_1_463' title='bbox 1773 3070 2051 3126; x_wconf 82' lang='lat' dir='ltr'><strong>liberavit.</strong></span> 
     </span>
    </p>
   </div>
   <div class='ocr_carea' id='block_1_63' title="bbox 547 3176 2123 3260">
    <p class='ocr_par' dir='ltr' id='par_1_63' title="bbox 547 3176 2120 3259">
     <span class='ocr_line' id='line_1_63' title="bbox 547 3176 2120 3259; baseline -0.01 -11"><span class='ocrx_word' id='word_1_464' title='bbox 547 3191 705 3248; x_wconf 73' lang='lat' dir='ltr'><strong>LXV.</strong></span> <span class='ocrx_word' id='word_1_465' title='bbox 726 3188 983 3259; x_wconf 76' lang='lat' dir='ltr'><strong>Apparuit</strong></span> <span class='ocrx_word' id='word_1_466' title='bbox 999 3185 1142 3240; x_wconf 76' lang='lat' dir='ltr'><strong>enim</strong></span> <span class='ocrx_word' id='word_1_467' title='bbox 1157 3185 1331 3254; x_wconf 85' lang='lat' dir='ltr'><strong>gratia</strong></span> <span class='ocrx_word' id='word_1_468' title='bbox 1351 3183 1562 3235; x_wconf 80' lang='lat' dir='ltr'><strong>Domini</strong></span> <span class='ocrx_word' id='word_1_469' title='bbox 1578 3183 1744 3236; x_wconf 92' lang='lat' dir='ltr'><strong>nostri</strong></span> <span class='ocrx_word' id='word_1_470' title='bbox 1757 3180 1886 3235; x_wconf 75' lang='lat' dir='ltr'><strong>Iesu</strong></span> <span class='ocrx_word' id='word_1_471' title='bbox 1903 3176 2054 3237; x_wconf 77' lang='lat' dir='ltr'><strong>Chri-</strong></span> <span class='ocrx_word' id='word_1_472' title='bbox 2077 3189 2120 3246; x_wconf 70' lang='grc' dir='ltr'><strong>(ε</strong></span> 
     </span>
    </p>
   </div>
   <div class='ocr_carea' id='block_1_64' title="bbox 2173 3176 3749 3260">
    <p class='ocr_par' dir='ltr' id='par_1_64' title="bbox 2220 3181 3749 3260">
     <span class='ocr_line' id='line_1_64' title="bbox 2220 3181 3749 3260; baseline 0.008 -25"><span class='ocrx_word' id='word_1_473' title='bbox 2220 3181 2338 3236; x_wconf 85' lang='grc' dir='ltr'><strong>ΞΕ’.</strong></span> <span class='ocrx_word' id='word_1_474' title='bbox 2371 3183 2671 3251; x_wconf 70' lang='grc' dir='ltr'>Ἐπεφάνη</span> <span class='ocrx_word' id='word_1_475' title='bbox 2702 3184 2775 3256; x_wconf 70' lang='lat'><strong>(2)</strong></span> <span class='ocrx_word' id='word_1_476' title='bbox 2802 3185 2910 3255; x_wconf 76' lang='grc' dir='ltr'>γὰρ</span> <span class='ocrx_word' id='word_1_477' title='bbox 2935 3186 2971 3253; x_wconf 75' lang='grc' dir='ltr'>ἡ</span> <span class='ocrx_word' id='word_1_478' title='bbox 3001 3186 3175 3256; x_wconf 78' lang='grc' dir='ltr'>χάρις</span> <span class='ocrx_word' id='word_1_479' title='bbox 3197 3187 3302 3241; x_wconf 85' lang='grc' dir='ltr'>τοῦ</span> <span class='ocrx_word' id='word_1_480' title='bbox 3323 3189 3542 3257; x_wconf 81' lang='grc' dir='ltr'>Κυρίου</span> <span class='ocrx_word' id='word_1_481' title='bbox 3566 3189 3749 3260; x_wconf 74' lang='grc' dir='ltr'><strong>ἡμῶν</strong></span> 
     </span>
    </p>
   </div>
   <div class='ocr_carea' id='block_1_65' title="bbox 475 3273 2051 3350">
    <p class='ocr_par' dir='ltr' id='par_1_65' title="bbox 475 3274 2050 3347">
     <span class='ocr_line' id='line_1_65' title="bbox 475 3274 2050 3347; baseline -0.007 -8"><span class='ocrx_word' id='word_1_482' title='bbox 475 3287 546 3339; x_wconf 83' lang='lat' dir='ltr'><strong>sti</strong></span> <span class='ocrx_word' id='word_1_483' title='bbox 556 3325 568 3347; x_wconf 95' lang='lat'><strong>,</strong></span> <span class='ocrx_word' id='word_1_484' title='bbox 591 3281 831 3337; x_wconf 82' lang='lat' dir='ltr'><strong>erudiens</strong></span> <span class='ocrx_word' id='word_1_485' title='bbox 850 3296 942 3333; x_wconf 83' lang='lat' dir='ltr'><strong>nos</strong></span> <span class='ocrx_word' id='word_1_486' title='bbox 959 3288 1014 3330; x_wconf 90' lang='lat' dir='ltr'><strong>ut</strong></span> <span class='ocrx_word' id='word_1_487' title='bbox 1033 3277 1344 3346; x_wconf 83' lang='lat' dir='ltr'><strong>abnegantes</strong></span> <span class='ocrx_word' id='word_1_488' title='bbox 1361 3274 1678 3342; x_wconf 75' lang='lat' dir='ltr'><strong>impietatem</strong></span> <span class='ocrx_word' id='word_1_489' title='bbox 1695 3283 1745 3327; x_wconf 90' lang='lat' dir='ltr'><strong>et</strong></span> <span class='ocrx_word' id='word_1_490' title='bbox 1763 3274 2050 3328; x_wconf 73' lang='lat' dir='ltr'><strong>sa’cularia</strong></span> 
     </span>
    </p>
   </div>
   <div class='ocr_carea' id='block_1_66' title="bbox 2171 3273 3747 3350">
    <p class='ocr_par' dir='ltr' id='par_1_66' title="bbox 2171 3273 3747 3350">
     <span class='ocr_line' id='line_1_66' title="bbox 2171 3273 3747 3350; baseline 0.007 -25"><span class='ocrx_word' id='word_1_491' title='bbox 2171 3273 2254 3326; x_wconf 69' lang='grc' dir='ltr'>καὶ</span> <span class='ocrx_word' id='word_1_492' title='bbox 2281 3275 2575 3342; x_wconf 82' lang='grc' dir='ltr'>Σωτῆρος,</span> <span class='ocrx_word' id='word_1_493' title='bbox 2608 3274 2984 3330; x_wconf 82' lang='grc' dir='ltr'>διδάσκουσα</span> <span class='ocrx_word' id='word_1_494' title='bbox 3005 3278 3161 3346; x_wconf 70' lang='grc' dir='ltr'>ἡμᾶς</span> <span class='ocrx_word' id='word_1_495' title='bbox 3199 3279 3300 3332; x_wconf 79' lang='grc' dir='ltr'><strong>ἵνα</strong></span> <span class='ocrx_word' id='word_1_496' title='bbox 3330 3279 3747 3350; x_wconf 73' lang='grc' dir='ltr'>ἀρνησάμενοι</span> 
     </span>
    </p>
   </div>
   <div class='ocr_carea' id='block_1_67' title="bbox 475 3363 2051 3440">
    <p class='ocr_par' dir='ltr' id='par_1_67' title="bbox 475 3363 2043 3438">
     <span class='ocr_line' id='line_1_67' title="bbox 475 3363 2043 3438; baseline -0.009 -10"><span class='ocrx_word' id='word_1_497' title='bbox 475 3373 754 3435; x_wconf 80' lang='lat' dir='ltr'><strong>desideria,</strong></span> <span class='ocrx_word' id='word_1_498' title='bbox 789 3367 976 3430; x_wconf 87' lang='lat' dir='ltr'><strong>sobrie,</strong></span> <span class='ocrx_word' id='word_1_499' title='bbox 1010 3368 1090 3435; x_wconf 83' lang='lat' dir='ltr'><strong>pie</strong></span> <span class='ocrx_word' id='word_1_500' title='bbox 1119 3376 1165 3419; x_wconf 89' lang='lat' dir='ltr'><strong>et</strong></span> <span class='ocrx_word' id='word_1_501' title='bbox 1190 3364 1338 3434; x_wconf 85' lang='lat' dir='ltr'><strong>juste</strong></span> <span class='ocrx_word' id='word_1_502' title='bbox 1364 3364 1592 3438; x_wconf 72' lang='lat' dir='ltr'><strong>uiuamus</strong></span> <span class='ocrx_word' id='word_1_503' title='bbox 1616 3364 1668 3416; x_wconf 90' lang='lat' dir='ltr'><strong>in</strong></span> <span class='ocrx_word' id='word_1_504' title='bbox 1703 3363 1798 3416; x_wconf 86' lang='lat' dir='ltr'><strong>hoc</strong></span> <span class='ocrx_word' id='word_1_505' title='bbox 1828 3363 2043 3427; x_wconf 68' lang='lat' dir='ltr'><strong>swculo,</strong></span> 
     </span>
    </p>
   </div>
   <div class='ocr_carea' id='block_1_68' title="bbox 2172 3363 3748 3440">
    <p class='ocr_par' dir='ltr' id='par_1_68' title="bbox 2172 3363 3748 3440">
     <span class='ocr_line' id='line_1_68' title="bbox 2172 3363 3748 3440; baseline 0.006 -23"><span class='ocrx_word' id='word_1_506' title='bbox 2172 3363 2270 3432; x_wconf 64' lang='grc' dir='ltr'><strong>τὴν</strong></span> <span class='ocrx_word' id='word_1_507' title='bbox 2296 3365 2576 3418; x_wconf 73' lang='grc' dir='ltr'>ἀσέϐειαν</span> <span class='ocrx_word' id='word_1_508' title='bbox 2595 3365 2816 3430; x_wconf 78' lang='grc' dir='ltr'>καὶτὰς</span> <span class='ocrx_word' id='word_1_509' title='bbox 2839 3369 3131 3435; x_wconf 77' lang='grc' dir='ltr'>κοσμικὰς</span> <span class='ocrx_word' id='word_1_510' title='bbox 3146 3369 3476 3438; x_wconf 81' lang='grc' dir='ltr'>ἐπιθυμίας,</span> <span class='ocrx_word' id='word_1_511' title='bbox 3501 3375 3748 3440; x_wconf 47' lang='lat' dir='ltr'><strong>comod-</strong></span> 
     </span>
    </p>
   </div>
   <div class='ocr_carea' id='block_1_69' title="bbox 474 3453 2050 3532">
    <p class='ocr_par' dir='ltr' id='par_1_69' title="bbox 474 3453 2048 3532">
     <span class='ocr_line' id='line_1_69' title="bbox 474 3453 2048 3532; baseline -0.006 -14"><span class='ocrx_word' id='word_1_512' title='bbox 474 3471 828 3532; x_wconf 77' lang='lat' dir='ltr'><strong>exspectantes</strong></span> <span class='ocrx_word' id='word_1_513' title='bbox 853 3458 1062 3512; x_wconf 80' lang='lat' dir='ltr'><strong>beatam</strong></span> <span class='ocrx_word' id='word_1_514' title='bbox 1101 3473 1244 3526; x_wconf 85' lang='lat' dir='ltr'><strong>spem</strong></span> <span class='ocrx_word' id='word_1_515' title='bbox 1275 3466 1323 3510; x_wconf 86' lang='lat' dir='ltr'><strong>et</strong></span> <span class='ocrx_word' id='word_1_516' title='bbox 1355 3453 1632 3508; x_wconf 82' lang='lat' dir='ltr'><strong>adventum</strong></span> <span class='ocrx_word' id='word_1_517' title='bbox 1663 3455 1848 3524; x_wconf 80' lang='lat' dir='ltr'><strong>gloria:</strong></span> <span class='ocrx_word' id='word_1_518' title='bbox 1871 3455 2048 3523; x_wconf 82' lang='lat' dir='ltr'><strong>magni</strong></span> 
     </span>
    </p>
   </div>
   <div class='ocr_carea' id='block_1_70' title="bbox 2172 3453 3748 3532">
    <p class='ocr_par' dir='ltr' id='par_1_70' title="bbox 2172 3456 3748 3530">
     <span class='ocr_line' id='line_1_70' title="bbox 2172 3456 3748 3530; baseline 0.006 -21"><span class='ocrx_word' id='word_1_519' title='bbox 2172 3473 2271 3520; x_wconf 59' lang='lat' dir='ltr'><strong>Hoc</strong></span> <span class='ocrx_word' id='word_1_520' title='bbox 2323 3456 2420 3508; x_wconf 79' lang='grc' dir='ltr'>καὶ</span> <span class='ocrx_word' id='word_1_521' title='bbox 2473 3456 2732 3522; x_wconf 77' lang='grc' dir='ltr'>εὐσεϐῶς</span> <span class='ocrx_word' id='word_1_522' title='bbox 2785 3456 3052 3525; x_wconf 72' lang='grc' dir='ltr'>ζήσωμεν</span> <span class='ocrx_word' id='word_1_523' title='bbox 3104 3461 3173 3512; x_wconf 79' lang='grc' dir='ltr'><strong><em>ἐν</em></strong></span> <span class='ocrx_word' id='word_1_524' title='bbox 3223 3461 3302 3525; x_wconf 80' lang='grc' dir='ltr'>τῷ</span> <span class='ocrx_word' id='word_1_525' title='bbox 3350 3463 3468 3515; x_wconf 82' lang='grc' dir='ltr'><strong>νῦν</strong></span> <span class='ocrx_word' id='word_1_526' title='bbox 3515 3463 3682 3518; x_wconf 73' lang='grc' dir='ltr'>αἰῶνι</span> <span class='ocrx_word' id='word_1_527' title='bbox 3728 3499 3748 3530; x_wconf 78' lang='lat'><strong>-,</strong></span> 
     </span>
    </p>
   </div>
   <div class='ocr_carea' id='block_1_71' title="bbox 475 3543 2051 3624">
    <p class='ocr_par' dir='ltr' id='par_1_71' title="bbox 475 3543 2049 3614">
     <span class='ocr_line' id='line_1_71' title="bbox 475 3543 2049 3614; baseline -0.006 -6"><span class='ocrx_word' id='word_1_528' title='bbox 475 3552 577 3609; x_wconf 79' lang='lat' dir='ltr'><strong>Dei</strong></span> <span class='ocrx_word' id='word_1_529' title='bbox 622 3565 668 3606; x_wconf 88' lang='lat' dir='ltr'><strong>et</strong></span> <span class='ocrx_word' id='word_1_530' title='bbox 706 3551 998 3605; x_wconf 75' lang='lat' dir='ltr'><strong>Saluatoris</strong></span> <span class='ocrx_word' id='word_1_531' title='bbox 1050 3549 1216 3602; x_wconf 85' lang='lat' dir='ltr'><strong>nostri</strong></span> <span class='ocrx_word' id='word_1_532' title='bbox 1264 3543 1392 3600; x_wconf 77' lang='lat' dir='ltr'><strong>Jesu</strong></span> <span class='ocrx_word' id='word_1_533' title='bbox 1434 3545 1652 3606; x_wconf 80' lang='lat' dir='ltr'><strong>Christi,</strong></span> <span class='ocrx_word' id='word_1_534' title='bbox 1707 3547 1796 3614; x_wconf 87' lang='lat' dir='ltr'><strong>qui</strong></span> <span class='ocrx_word' id='word_1_535' title='bbox 1826 3546 2049 3599; x_wconf 82' lang='lat' dir='ltr'><strong>tradidit</strong></span> 
     </span>
    </p>
   </div>
   <div class='ocr_carea' id='block_1_72' title="bbox 2175 3543 3751 3624">
    <p class='ocr_par' dir='ltr' id='par_1_72' title="bbox 2175 3545 3751 3624">
     <span class='ocr_line' id='line_1_72' title="bbox 2175 3545 3751 3624; baseline 0.008 -26"><span class='ocrx_word' id='word_1_536' title='bbox 2175 3545 2623 3614; x_wconf 74' lang='grc' dir='ltr'>τροσδεχόμενοι</span> <span class='ocrx_word' id='word_1_537' title='bbox 2659 3547 2774 3614; x_wconf 77' lang='grc' dir='ltr'><strong>τὴν</strong></span> <span class='ocrx_word' id='word_1_538' title='bbox 2792 3549 3095 3616; x_wconf 66' lang='grc' dir='ltr'>μακαρίαν</span> <span class='ocrx_word' id='word_1_539' title='bbox 3129 3550 3346 3604; x_wconf 78' lang='grc' dir='ltr'>ἐλπίδα</span> <span class='ocrx_word' id='word_1_540' title='bbox 3383 3552 3478 3606; x_wconf 78' lang='grc' dir='ltr'><strong>καί</strong></span> <span class='ocrx_word' id='word_1_541' title='bbox 3515 3554 3751 3624; x_wconf 61' lang='grc' dir='ltr'><strong>ἐπιφά-</strong></span> 
     </span>
    </p>
   </div>
   <div class='ocr_carea' id='block_1_73' title="bbox 476 3635 2052 3713">
    <p class='ocr_par' dir='ltr' id='par_1_73' title="bbox 476 3636 2050 3710">
     <span class='ocr_line' id='line_1_73' title="bbox 476 3636 2050 3710; baseline -0.005 -13"><span class='ocrx_word' id='word_1_542' title='bbox 476 3645 705 3710; x_wconf 81' lang='lat' dir='ltr'><strong>seipsum</strong></span> <span class='ocrx_word' id='word_1_543' title='bbox 735 3655 827 3709; x_wconf 90' lang='lat' dir='ltr'><strong>pro</strong></span> <span class='ocrx_word' id='word_1_544' title='bbox 858 3640 1027 3701; x_wconf 84' lang='lat' dir='ltr'><strong>nobis,</strong></span> <span class='ocrx_word' id='word_1_545' title='bbox 1069 3649 1122 3690; x_wconf 92' lang='lat' dir='ltr'><strong>ut</strong></span> <span class='ocrx_word' id='word_1_546' title='bbox 1156 3637 1427 3690; x_wconf 78' lang='lat' dir='ltr'><strong>redimeret</strong></span> <span class='ocrx_word' id='word_1_547' title='bbox 1459 3653 1552 3689; x_wconf 79' lang='lat' dir='ltr'><strong>nos</strong></span> <span class='ocrx_word' id='word_1_548' title='bbox 1587 3636 1652 3687; x_wconf 84' lang='lat' dir='ltr'><strong>ab</strong></span> <span class='ocrx_word' id='word_1_549' title='bbox 1678 3636 1822 3688; x_wconf 87' lang='lat' dir='ltr'><strong>omni</strong></span> <span class='ocrx_word' id='word_1_550' title='bbox 1854 3636 2050 3706; x_wconf 87' lang='lat' dir='ltr'><strong>iniqui-</strong></span> 
     </span>
    </p>
   </div>
   <div class='ocr_carea' id='block_1_74' title="bbox 2179 3635 3755 3713">
    <p class='ocr_par' dir='ltr' id='par_1_74' title="bbox 2179 3635 3755 3713">
     <span class='ocr_line' id='line_1_74' title="bbox 2179 3635 3755 3713; baseline 0.018 -42"><span class='ocrx_word' id='word_1_551' title='bbox 2179 3652 2322 3689; x_wconf 75' lang='grc' dir='ltr'><strong>ρειαν</strong></span> <span class='ocrx_word' id='word_1_552' title='bbox 2359 3635 2463 3701; x_wconf 77' lang='grc' dir='ltr'><strong>τῆς</strong></span> <span class='ocrx_word' id='word_1_553' title='bbox 2500 3637 2684 3703; x_wconf 78' lang='grc' dir='ltr'>δόξης</span> <span class='ocrx_word' id='word_1_554' title='bbox 2712 3636 2814 3689; x_wconf 83' lang='grc' dir='ltr'>τοῦ</span> <span class='ocrx_word' id='word_1_555' title='bbox 2837 3637 3106 3706; x_wconf 74' lang='grc' dir='ltr'>μεγάλου</span> <span class='ocrx_word' id='word_1_556' title='bbox 3143 3639 3289 3692; x_wconf 85' lang='grc' dir='ltr'>Θεοῦ</span> <span class='ocrx_word' id='word_1_557' title='bbox 3325 3641 3423 3694; x_wconf 79' lang='grc' dir='ltr'>καὶ</span> <span class='ocrx_word' id='word_1_558' title='bbox 3459 3641 3755 3713; x_wconf 76' lang='grc' dir='ltr'>Σωτῆρος</span> 
     </span>
    </p>
   </div>
   <div class='ocr_carea' id='block_1_75' title="bbox 477 3725 2053 3804">
    <p class='ocr_par' dir='ltr' id='par_1_75' title="bbox 477 3727 2049 3800">
     <span class='ocr_line' id='line_1_75' title="bbox 477 3727 2049 3800; baseline -0.005 -12"><span class='ocrx_word' id='word_1_559' title='bbox 477 3743 604 3793; x_wconf 84' lang='lat' dir='ltr'><strong>tate.</strong></span> <span class='ocrx_word' id='word_1_560' title='bbox 641 3742 686 3784; x_wconf 88' lang='lat' dir='ltr'><strong>et</strong></span> <span class='ocrx_word' id='word_1_561' title='bbox 724 3739 971 3800; x_wconf 85' lang='lat' dir='ltr'><strong>purgaret</strong></span> <span class='ocrx_word' id='word_1_562' title='bbox 1012 3727 1111 3782; x_wconf 84' lang='lat' dir='ltr'><strong>sibi</strong></span> <span class='ocrx_word' id='word_1_563' title='bbox 1152 3729 1253 3796; x_wconf 87' lang='lat' dir='ltr'><strong>ipsi</strong></span> <span class='ocrx_word' id='word_1_564' title='bbox 1296 3727 1546 3796; x_wconf 81' lang='lat' dir='ltr'><strong>populum</strong></span> <span class='ocrx_word' id='word_1_565' title='bbox 1585 3727 1923 3796; x_wconf 86' lang='lat' dir='ltr'><strong>peculiarem,</strong></span> <span class='ocrx_word' id='word_1_566' title='bbox 1966 3743 2049 3780; x_wconf 89' lang='lat' dir='ltr'><strong>se-</strong></span> 
     </span>
    </p>
   </div>
   <div class='ocr_carea' id='block_1_76' title="bbox 2177 3725 3753 3804">
    <p class='ocr_par' dir='ltr' id='par_1_76' title="bbox 2177 3725 3753 3804">
     <span class='ocr_line' id='line_1_76' title="bbox 2177 3725 3753 3804; baseline 0.004 -26"><span class='ocrx_word' id='word_1_567' title='bbox 2177 3725 2316 3795; x_wconf 65' lang='grc' dir='ltr'>ὶμῶν</span> <span class='ocrx_word' id='word_1_568' title='bbox 2380 3727 2588 3792; x_wconf 80' lang='grc' dir='ltr'>Ἰησοῦ</span> <span class='ocrx_word' id='word_1_569' title='bbox 2635 3727 2910 3794; x_wconf 71' lang='grc' dir='ltr'>Χριστοῦο</span> <span class='ocrx_word' id='word_1_570' title='bbox 2958 3728 3026 3793; x_wconf 86' lang='grc' dir='ltr'>ὃς</span> <span class='ocrx_word' id='word_1_571' title='bbox 3071 3727 3293 3782; x_wconf 72' lang='grc' dir='ltr'>ἔδωκεν</span> <span class='ocrx_word' id='word_1_572' title='bbox 3332 3730 3550 3785; x_wconf 74' lang='grc' dir='ltr'>ἑαυτὸν</span> <span class='ocrx_word' id='word_1_573' title='bbox 3579 3735 3753 3804; x_wconf 75' lang='grc' dir='ltr'>ὑπὲρ</span> 
     </span>
    </p>
   </div>
   <div class='ocr_carea' id='block_1_77' title="bbox 407 3814 1983 3902">
    <p class='ocr_par' dir='ltr' id='par_1_77' title="bbox 407 3814 1983 3902">
     <span class='ocr_line' id='line_1_77' title="bbox 407 3814 1983 3902; baseline -0.006 -26"><span class='ocrx_word' id='word_1_574' title='bbox 407 3891 416 3902; x_wconf 35' lang='grc'><strong><em>1</em></strong></span> <span class='ocrx_word' id='word_1_575' title='bbox 473 3832 723 3876; x_wconf 82' lang='lat' dir='ltr'><strong>ctatorem</strong></span> <span class='ocrx_word' id='word_1_576' title='bbox 756 3822 1008 3872; x_wconf 86' lang='lat' dir='ltr'><strong>bonorum</strong></span> <span class='ocrx_word' id='word_1_577' title='bbox 1058 3833 1273 3884; x_wconf 82' lang='lat' dir='ltr'><strong>operum</strong></span> <span class='ocrx_word' id='word_1_578' title='bbox 1297 3817 1338 3879; x_wconf 86' lang='grc'>¹,</span> <span class='ocrx_word' id='word_1_579' title='bbox 1368 3815 1536 3868; x_wconf 84' lang='lat' dir='ltr'><strong>deleto</strong></span> <span class='ocrx_word' id='word_1_580' title='bbox 1580 3831 1672 3883; x_wconf 85' lang='lat' dir='ltr'><strong>per</strong></span> <span class='ocrx_word' id='word_1_581' title='bbox 1698 3814 1908 3868; x_wconf 87' lang='lat' dir='ltr'><strong>decreta</strong></span> <span class='ocrx_word' id='word_1_582' title='bbox 1950 3832 1983 3868; x_wconf 79' lang='lat' dir='ltr'><strong>s:</strong></span> 
     </span>
    </p>
   </div>
   <div class='ocr_carea' id='block_1_78' title="bbox 2170 3814 3746 3902">
    <p class='ocr_par' dir='ltr' id='par_1_78' title="bbox 2170 3817 3746 3892">
     <span class='ocr_line' id='line_1_78' title="bbox 2170 3817 3746 3892; baseline 0.004 -23"><span class='ocrx_word' id='word_1_583' title='bbox 2170 3817 2342 3886; x_wconf 63' lang='grc' dir='ltr'>ἡμῶν,</span> <span class='ocrx_word' id='word_1_584' title='bbox 2375 3818 2476 3870; x_wconf 75' lang='grc' dir='ltr'><strong>ἵνα</strong></span> <span class='ocrx_word' id='word_1_585' title='bbox 2497 3818 2873 3885; x_wconf 76' lang='grc' dir='ltr'>λυτρώσηται</span> <span class='ocrx_word' id='word_1_586' title='bbox 2907 3819 3062 3887; x_wconf 75' lang='grc' dir='ltr'>ἡμᾶς</span> <span class='ocrx_word' id='word_1_587' title='bbox 3087 3820 3202 3873; x_wconf 82' lang='grc' dir='ltr'><strong>ἀπὸ</strong></span> <span class='ocrx_word' id='word_1_588' title='bbox 3234 3819 3436 3889; x_wconf 84' lang='grc' dir='ltr'>πάσης</span> <span class='ocrx_word' id='word_1_589' title='bbox 3459 3823 3746 3892; x_wconf 79' lang='grc' dir='ltr'>ἀνομίας,</span> 
     </span>
    </p>
   </div>
   <div class='ocr_carea' id='block_1_79' title="bbox 473 3905 2049 3982">
    <p class='ocr_par' dir='ltr' id='par_1_79' title="bbox 473 3907 2049 3982">
     <span class='ocr_line' id='line_1_79' title="bbox 473 3907 2049 3982; baseline -0.005 -14"><span class='ocrx_word' id='word_1_590' title='bbox 473 3911 818 3982; x_wconf 78' lang='lat' dir='ltr'><strong>chirographo</strong></span> <span class='ocrx_word' id='word_1_591' title='bbox 845 3910 982 3981; x_wconf 85' lang='lat' dir='ltr'><strong>quod</strong></span> <span class='ocrx_word' id='word_1_592' title='bbox 1013 3919 1197 3962; x_wconf 86' lang='lat' dir='ltr'><strong>contra</strong></span> <span class='ocrx_word' id='word_1_593' title='bbox 1233 3925 1325 3962; x_wconf 86' lang='lat' dir='ltr'><strong>nos</strong></span> <span class='ocrx_word' id='word_1_594' title='bbox 1362 3916 1498 3970; x_wconf 88' lang='lat' dir='ltr'><strong>erat,</strong></span> <span class='ocrx_word' id='word_1_595' title='bbox 1528 3924 1592 3960; x_wconf 90' lang='lat' dir='ltr'><strong>ac</strong></span> <span class='ocrx_word' id='word_1_596' title='bbox 1622 3908 1769 3961; x_wconf 87' lang='lat' dir='ltr'><strong>nobis</strong></span> <span class='ocrx_word' id='word_1_597' title='bbox 1803 3907 2049 3961; x_wconf 83' lang='lat' dir='ltr'><strong>adversa-</strong></span> 
     </span>
    </p>
   </div>
   <div class='ocr_carea' id='block_1_80' title="bbox 2173 3905 3749 3982">
    <p class='ocr_par' dir='ltr' id='par_1_80' title="bbox 2173 3905 3749 3980">
     <span class='ocr_line' id='line_1_80' title="bbox 2173 3905 3749 3980; baseline 0.003 -20"><span class='ocrx_word' id='word_1_598' title='bbox 2173 3907 2250 3960; x_wconf 79' lang='grc' dir='ltr'><strong>ιαί</strong></span> <span class='ocrx_word' id='word_1_599' title='bbox 2285 3908 2577 3975; x_wconf 75' lang='grc' dir='ltr'>καθαρίσῃ</span> <span class='ocrx_word' id='word_1_600' title='bbox 2632 3905 2823 3971; x_wconf 75' lang='grc' dir='ltr'>ἑαυτῷ</span> <span class='ocrx_word' id='word_1_601' title='bbox 2878 3907 3033 3962; x_wconf 76' lang='grc' dir='ltr'><strong>λαὸν</strong></span> <span class='ocrx_word' id='word_1_602' title='bbox 3079 3910 3425 3976; x_wconf 70' lang='grc' dir='ltr'>περιούσιον</span> <span class='ocrx_word' id='word_1_603' title='bbox 3463 3909 3749 3980; x_wconf 73' lang='grc' dir='ltr'>ζηλωτὴν</span> 
     </span>
    </p>
   </div>
   <div class='ocr_carea' id='block_1_81' title="bbox 475 3994 2051 4074">
    <p class='ocr_par' dir='ltr' id='par_1_81' title="bbox 475 3994 2047 4073">
     <span class='ocr_line' id='line_1_81' title="bbox 475 3994 2047 4073; baseline -0.006 -14"><span class='ocrx_word' id='word_1_604' title='bbox 475 4007 632 4059; x_wconf 83' lang='lat' dir='ltr'><strong>batur</strong></span> <span class='ocrx_word' id='word_1_605' title='bbox 657 4020 674 4056; x_wconf 94' lang='lat'><em>:</em></span> <span class='ocrx_word' id='word_1_606' title='bbox 699 4002 836 4073; x_wconf 87' lang='lat' dir='ltr'><strong>quod</strong></span> <span class='ocrx_word' id='word_1_607' title='bbox 863 4018 889 4054; x_wconf 88' lang='lat' dir='ltr'><strong>e</strong></span> <span class='ocrx_word' id='word_1_608' title='bbox 916 4000 1082 4053; x_wconf 82' lang='lat' dir='ltr'><strong>nudio</strong></span> <span class='ocrx_word' id='word_1_609' title='bbox 1113 3998 1381 4053; x_wconf 80' lang='lat' dir='ltr'><strong>sublatum</strong></span> <span class='ocrx_word' id='word_1_610' title='bbox 1405 3994 1568 4067; x_wconf 62' lang='lat' dir='ltr'><strong>afﬁcit</strong></span> <span class='ocrx_word' id='word_1_611' title='bbox 1607 3998 1773 4065; x_wconf 88' lang='lat' dir='ltr'><strong>cruci,</strong></span> <span class='ocrx_word' id='word_1_612' title='bbox 1803 4013 1864 4050; x_wconf 86' lang='lat' dir='ltr'><strong>ac</strong></span> <span class='ocrx_word' id='word_1_613' title='bbox 1894 3999 2047 4065; x_wconf 85' lang='lat' dir='ltr'><strong>prin-</strong></span> 
     </span>
    </p>
   </div>
   <div class='ocr_carea' id='block_1_82' title="bbox 2168 3994 3744 4074">
    <p class='ocr_par' dir='ltr' id='par_1_82' title="bbox 2168 3999 3744 4074">
     <span class='ocr_line' id='line_1_82' title="bbox 2168 3999 3744 4074; baseline 0.003 -20"><span class='ocrx_word' id='word_1_614' title='bbox 2168 3999 2357 4054; x_wconf 62' lang='grc' dir='ltr'><strong>καλῶν</strong></span> <span class='ocrx_word' id='word_1_615' title='bbox 2389 4001 2595 4069; x_wconf 73' lang='grc' dir='ltr'>ἔργων,</span> <span class='ocrx_word' id='word_1_616' title='bbox 2630 3999 2958 4068; x_wconf 72' lang='grc' dir='ltr'>ἐξαλείψας</span> <span class='ocrx_word' id='word_1_617' title='bbox 2986 4000 3052 4053; x_wconf 83' lang='grc' dir='ltr'>τὸ</span> <span class='ocrx_word' id='word_1_618' title='bbox 3083 4003 3211 4055; x_wconf 80' lang='grc' dir='ltr'>καθ’</span> <span class='ocrx_word' id='word_1_619' title='bbox 3237 4001 3406 4071; x_wconf 73' lang='grc' dir='ltr'><strong>ἡμῶν</strong></span> <span class='ocrx_word' id='word_1_620' title='bbox 3430 4005 3744 4074; x_wconf 61' lang='grc' dir='ltr'>χειρόπφαε</span> 
     </span>
    </p>
   </div>
   <div class='ocr_carea' id='block_1_83' title="bbox 446 4078 2022 4168">
    <p class='ocr_par' dir='ltr' id='par_1_83' title="bbox 446 4078 2008 4168">
     <span class='ocr_line' id='line_1_83' title="bbox 446 4078 2008 4168; baseline -0.007 -16"><span class='ocrx_word' id='word_1_621' title='bbox 446 4078 676 4168; x_wconf 12' lang='grc' dir='ltr'>νεὶριιιιιε</span> <span class='ocrx_word' id='word_1_622' title='bbox 729 4105 778 4150; x_wconf 86' lang='lat' dir='ltr'><strong>et</strong></span> <span class='ocrx_word' id='word_1_623' title='bbox 830 4103 1110 4163; x_wconf 83' lang='lat' dir='ltr'><strong>potestates</strong></span> <span class='ocrx_word' id='word_1_624' title='bbox 1162 4090 1397 4161; x_wconf 83' lang='lat' dir='ltr'><strong>spolians</strong></span> <span class='ocrx_word' id='word_1_625' title='bbox 1457 4088 1698 4143; x_wconf 71' lang='lat' dir='ltr'><strong>traduxit</strong></span> <span class='ocrx_word' id='word_1_626' title='bbox 1752 4090 2008 4143; x_wconf 87' lang='lat' dir='ltr'><strong>audacter</strong></span> 
     </span>
    </p>
   </div>
   <div class='ocr_carea' id='block_1_84' title="bbox 2169 4078 3745 4168">
    <p class='ocr_par' dir='ltr' id='par_1_84' title="bbox 2169 4087 3745 4161">
     <span class='ocr_line' id='line_1_84' title="bbox 2169 4087 3745 4161; baseline 0 -17"><span class='ocrx_word' id='word_1_627' title='bbox 2169 4108 2272 4158; x_wconf 70' lang='grc' dir='ltr'>ρον</span> <span class='ocrx_word' id='word_1_628' title='bbox 2300 4090 2421 4157; x_wconf 84' lang='grc' dir='ltr'>τοῖς</span> <span class='ocrx_word' id='word_1_629' title='bbox 2451 4090 2764 4159; x_wconf 72' lang='grc' dir='ltr'>δόγμασιν,</span> <span class='ocrx_word' id='word_1_630' title='bbox 2803 4090 2833 4143; x_wconf 85' lang='grc' dir='ltr'><strong>ὃ</strong></span> <span class='ocrx_word' id='word_1_631' title='bbox 2862 4087 2940 4160; x_wconf 77' lang='grc' dir='ltr'><strong>ἦν</strong></span> <span class='ocrx_word' id='word_1_632' title='bbox 2973 4092 3337 4145; x_wconf 71' lang='grc' dir='ltr'>ὑπεναντίον</span> <span class='ocrx_word' id='word_1_633' title='bbox 3368 4092 3552 4161; x_wconf 75' lang='grc' dir='ltr'>ἡμῶν,</span> <span class='ocrx_word' id='word_1_634' title='bbox 3579 4091 3745 4160; x_wconf 65' lang='grc' dir='ltr'>ἄρος</span> 
     </span>
    </p>
   </div>
   <div class='ocr_carea' id='block_1_85' title="bbox 473 4180 2049 4254">
    <p class='ocr_par' dir='ltr' id='par_1_85' title="bbox 473 4180 2046 4254">
     <span class='ocr_line' id='line_1_85' title="bbox 473 4180 2046 4254; baseline -0.004 -13"><span class='ocrx_word' id='word_1_635' title='bbox 473 4187 804 4254; x_wconf 83' lang='lat' dir='ltr'><strong>triumphans</strong></span> <span class='ocrx_word' id='word_1_636' title='bbox 838 4183 958 4237; x_wconf 88' lang='lat' dir='ltr'><strong>illos</strong></span> <span class='ocrx_word' id='word_1_637' title='bbox 988 4185 1039 4236; x_wconf 88' lang='lat' dir='ltr'><strong>in</strong></span> <span class='ocrx_word' id='word_1_638' title='bbox 1075 4183 1347 4250; x_wconf 88' lang='lat' dir='ltr'><strong>semetipso</strong></span> <span class='ocrx_word' id='word_1_639' title='bbox 1368 4180 1409 4243; x_wconf 87' lang='grc'><strong>⁸,</strong></span> <span class='ocrx_word' id='word_1_640' title='bbox 1455 4191 1503 4234; x_wconf 85' lang='lat' dir='ltr'><strong>et</strong></span> <span class='ocrx_word' id='word_1_641' title='bbox 1549 4197 1668 4233; x_wconf 90' lang='lat' dir='ltr'><strong>cum</strong></span> <span class='ocrx_word' id='word_1_642' title='bbox 1702 4197 1872 4234; x_wconf 75' lang='lat' dir='ltr'><strong>teneas</strong></span> <span class='ocrx_word' id='word_1_643' title='bbox 1908 4180 2046 4249; x_wconf 77' lang='lat' dir='ltr'><strong>fores</strong></span> 
     </span>
    </p>
   </div>
   <div class='ocr_carea' id='block_1_86' title="bbox 2169 4180 3745 4254">
    <p class='ocr_par' dir='ltr' id='par_1_86' title="bbox 2169 4180 3745 4251">
     <span class='ocr_line' id='line_1_86' title="bbox 2169 4180 3745 4251; baseline 0.002 -18"><span class='ocrx_word' id='word_1_644' title='bbox 2169 4180 2222 4234; x_wconf 71' lang='lat' dir='ltr'><strong>hc</strong></span> <span class='ocrx_word' id='word_1_645' title='bbox 2250 4180 2468 4249; x_wconf 87' lang='grc' dir='ltr'>μέσου,</span> <span class='ocrx_word' id='word_1_646' title='bbox 2507 4182 2602 4234; x_wconf 78' lang='grc' dir='ltr'><strong>καὶ</strong></span> <span class='ocrx_word' id='word_1_647' title='bbox 2638 4180 3078 4250; x_wconf 75' lang='grc' dir='ltr'>προσηλώσας⁷</span> <span class='ocrx_word' id='word_1_648' title='bbox 3137 4181 3216 4248; x_wconf 83' lang='grc' dir='ltr'>τῷ</span> <span class='ocrx_word' id='word_1_649' title='bbox 3254 4183 3510 4251; x_wconf 86' lang='grc' dir='ltr'>σταυρῷ,</span> <span class='ocrx_word' id='word_1_650' title='bbox 3549 4183 3745 4237; x_wconf 61' lang='lat' dir='ltr'><strong>datare-</strong></span> 
     </span>
    </p>
   </div>
   <div class='ocr_carea' id='block_1_87' title="bbox 470 4269 2046 4342">
    <p class='ocr_par' dir='ltr' id='par_1_87' title="bbox 470 4269 2046 4338">
     <span class='ocr_line' id='line_1_87' title="bbox 470 4269 2046 4338; baseline -0.004 -8"><span class='ocrx_word' id='word_1_651' title='bbox 470 4276 820 4333; x_wconf 81' lang='lat' dir='ltr'><strong>contrivisset,</strong></span> <span class='ocrx_word' id='word_1_652' title='bbox 858 4289 918 4324; x_wconf 89' lang='lat' dir='ltr'><strong>ac</strong></span> <span class='ocrx_word' id='word_1_653' title='bbox 949 4281 1113 4324; x_wconf 75' lang='lat' dir='ltr'><strong>vectes</strong></span> <span class='ocrx_word' id='word_1_654' title='bbox 1144 4270 1340 4336; x_wconf 77' lang='lat' dir='ltr'><strong>ferreas</strong></span> <span class='ocrx_word' id='word_1_655' title='bbox 1383 4269 1746 4337; x_wconf 84' lang='lat' dir='ltr'><strong>confregisset,</strong></span> <span class='ocrx_word' id='word_1_656' title='bbox 1779 4269 1892 4338; x_wconf 76' lang='lat'><strong>68</strong></span> <span class='ocrx_word' id='word_1_657' title='bbox 1925 4269 2046 4323; x_wconf 68' lang='lat' dir='ltr'><strong>vita:</strong></span> 
     </span>
    </p>
   </div>
   <div class='ocr_carea' id='block_1_88' title="bbox 2169 4269 3745 4342">
    <p class='ocr_par' dir='ltr' id='par_1_88' title="bbox 2169 4270 3745 4342">
     <span class='ocr_line' id='line_1_88' title="bbox 2169 4270 3745 4342; baseline 0.003 -20"><span class='ocrx_word' id='word_1_658' title='bbox 2169 4270 2494 4339; x_wconf 65' lang='grc' dir='ltr'>Βυσάμενος</span> <span class='ocrx_word' id='word_1_659' title='bbox 2540 4273 2644 4337; x_wconf 84' lang='grc' dir='ltr'>τὰς</span> <span class='ocrx_word' id='word_1_660' title='bbox 2689 4271 2874 4338; x_wconf 75' lang='grc' dir='ltr'>ἀρχὰς</span> <span class='ocrx_word' id='word_1_661' title='bbox 2922 4272 3019 4324; x_wconf 79' lang='grc' dir='ltr'>καὶ</span> <span class='ocrx_word' id='word_1_662' title='bbox 3066 4273 3174 4337; x_wconf 83' lang='grc' dir='ltr'>τὰς</span> <span class='ocrx_word' id='word_1_663' title='bbox 3204 4273 3522 4339; x_wconf 75' lang='grc' dir='ltr'>ἐξουσίας,</span> <span class='ocrx_word' id='word_1_664' title='bbox 3581 4290 3745 4342; x_wconf 61' lang='grc' dir='ltr'>παρέ</span> 
     </span>
    </p>
   </div>
   <div class='ocr_carea' id='block_1_89' title="bbox 472 4357 2048 4438">
    <p class='ocr_par' dir='ltr' id='par_1_89' title="bbox 472 4357 2047 4438">
     <span class='ocr_line' id='line_1_89' title="bbox 472 4357 2047 4438; baseline -0.006 -18"><span class='ocrx_word' id='word_1_665' title='bbox 472 4363 822 4438; x_wconf 76' lang='lat' dir='ltr'><strong>postmodum</strong></span> <span class='ocrx_word' id='word_1_666' title='bbox 856 4362 1040 4414; x_wconf 89' lang='lat' dir='ltr'><strong>lumen</strong></span> <span class='ocrx_word' id='word_1_667' title='bbox 1091 4357 1354 4422; x_wconf 81' lang='lat' dir='ltr'><strong>ostendit,</strong></span> <span class='ocrx_word' id='word_1_668' title='bbox 1410 4371 1606 4410; x_wconf 86' lang='lat' dir='ltr'><strong>manus</strong></span> <span class='ocrx_word' id='word_1_669' title='bbox 1637 4357 1942 4426; x_wconf 75' lang='lat' dir='ltr'><strong>porrigens,</strong></span> <span class='ocrx_word' id='word_1_670' title='bbox 1983 4370 2047 4410; x_wconf 87' lang='lat' dir='ltr'><strong>ac</strong></span> 
     </span>
    </p>
   </div>
   <div class='ocr_carea' id='block_1_90' title="bbox 2171 4357 3747 4438">
    <p class='ocr_par' dir='ltr' id='par_1_90' title="bbox 2171 4360 3747 4432">
     <span class='ocr_line' id='line_1_90' title="bbox 2171 4360 3747 4432; baseline 0.004 -21"><span class='ocrx_word' id='word_1_671' title='bbox 2171 4360 2560 4428; x_wconf 68' lang='grc' dir='ltr'>εδειγμάτισεν</span> <span class='ocrx_word' id='word_1_672' title='bbox 2582 4361 2650 4412; x_wconf 74' lang='grc' dir='ltr'><strong>ἐν</strong></span> <span class='ocrx_word' id='word_1_673' title='bbox 2683 4361 3009 4428; x_wconf 72' lang='grc' dir='ltr'>παρρησίᾳ,</span> <span class='ocrx_word' id='word_1_674' title='bbox 3033 4364 3428 4432; x_wconf 77' lang='grc' dir='ltr'>θριαμϐεύσας</span> <span class='ocrx_word' id='word_1_675' title='bbox 3449 4364 3634 4429; x_wconf 81' lang='grc' dir='ltr'>αὑτὰς</span> <span class='ocrx_word' id='word_1_676' title='bbox 3660 4366 3747 4416; x_wconf 76' lang='grc' dir='ltr'><strong>ἐν</strong></span> 
     </span>
    </p>
   </div>
   <div class='ocr_carea' id='block_1_91' title="bbox 474 4446 2050 4522">
    <p class='ocr_par' dir='ltr' id='par_1_91' title="bbox 474 4446 2048 4513">
     <span class='ocr_line' id='line_1_91' title="bbox 474 4446 2048 4513; baseline -0.008 0"><span class='ocrx_word' id='word_1_677' title='bbox 474 4460 613 4513; x_wconf 79' lang='lat' dir='ltr'><strong>viam</strong></span> <span class='ocrx_word' id='word_1_678' title='bbox 656 4455 926 4513; x_wconf 87' lang='lat' dir='ltr'><strong>muniens,</strong></span> <span class='ocrx_word' id='word_1_679' title='bbox 978 4459 1031 4504; x_wconf 89' lang='lat' dir='ltr'><strong>et</strong></span> <span class='ocrx_word' id='word_1_680' title='bbox 1061 4449 1126 4502; x_wconf 89' lang='lat' dir='ltr'><strong>ad</strong></span> <span class='ocrx_word' id='word_1_681' title='bbox 1161 4449 1360 4502; x_wconf 77' lang='lat' dir='ltr'><strong>cmlum</strong></span> <span class='ocrx_word' id='word_1_682' title='bbox 1399 4446 1876 4501; x_wconf 86' lang='lat' dir='ltr'><strong>conscendendum</strong></span> <span class='ocrx_word' id='word_1_683' title='bbox 1925 4462 2048 4502; x_wconf 87' lang='lat' dir='ltr'><strong>sca-</strong></span> 
     </span>
    </p>
   </div>
   <div class='ocr_carea' id='block_1_92' title="bbox 2169 4446 3745 4522">
    <p class='ocr_par' dir='ltr' id='par_1_92' title="bbox 2169 4450 3745 4522">
     <span class='ocr_line' id='line_1_92' title="bbox 2169 4450 3745 4522; baseline 0.003 -20"><span class='ocrx_word' id='word_1_684' title='bbox 2169 4450 2332 4515; x_wconf 77' lang='grc' dir='ltr'>ιύτῷ,</span> <span class='ocrx_word' id='word_1_685' title='bbox 2355 4452 2554 4516; x_wconf 75' lang='grc' dir='ltr'>πύλας</span> <span class='ocrx_word' id='word_1_686' title='bbox 2584 4451 2814 4517; x_wconf 80' lang='grc' dir='ltr'>χαλκᾶς</span> <span class='ocrx_word' id='word_1_687' title='bbox 2842 4454 3201 4521; x_wconf 71' lang='grc' dir='ltr'>συντρίψας,</span> <span class='ocrx_word' id='word_1_688' title='bbox 3230 4455 3326 4506; x_wconf 77' lang='grc' dir='ltr'>καί</span> <span class='ocrx_word' id='word_1_689' title='bbox 3347 4455 3616 4522; x_wconf 74' lang='grc' dir='ltr'>μοχλοὺς</span> <span class='ocrx_word' id='word_1_690' title='bbox 3637 4466 3745 4508; x_wconf 68' lang='grc' dir='ltr'>σμ</span> 
     </span>
    </p>
   </div>
   <div class='ocr_carea' id='block_1_93' title="bbox 473 4535 2049 4614">
    <p class='ocr_par' dir='ltr' id='par_1_93' title="bbox 473 4535 2045 4605">
     <span class='ocr_line' id='line_1_93' title="bbox 473 4535 2045 4605; baseline -0.006 -9"><span class='ocrx_word' id='word_1_691' title='bbox 473 4543 555 4596; x_wconf 88' lang='lat' dir='ltr'><strong>las</strong></span> <span class='ocrx_word' id='word_1_692' title='bbox 599 4539 915 4600; x_wconf 87' lang='lat' dir='ltr'><strong>ostendens,</strong></span> <span class='ocrx_word' id='word_1_693' title='bbox 968 4552 1030 4590; x_wconf 91' lang='lat' dir='ltr'><strong>ac</strong></span> <span class='ocrx_word' id='word_1_694' title='bbox 1083 4535 1397 4605; x_wconf 86' lang='lat' dir='ltr'><strong>paradisum</strong></span> <span class='ocrx_word' id='word_1_695' title='bbox 1449 4535 1687 4604; x_wconf 87' lang='lat' dir='ltr'><strong>denique</strong></span> <span class='ocrx_word' id='word_1_696' title='bbox 1736 4549 1930 4590; x_wconf 91' lang='lat' dir='ltr'><strong>rursus</strong></span> <span class='ocrx_word' id='word_1_697' title='bbox 1979 4535 2045 4588; x_wconf 90' lang='lat' dir='ltr'><strong>ad</strong></span> 
     </span>
    </p>
   </div>
   <div class='ocr_carea' id='block_1_94' title="bbox 2165 4535 3741 4614">
    <p class='ocr_par' dir='ltr' id='par_1_94' title="bbox 2165 4539 3741 4614">
     <span class='ocr_line' id='line_1_94' title="bbox 2165 4539 3741 4614; baseline 0.003 -22"><span class='ocrx_word' id='word_1_698' title='bbox 2165 4539 2368 4606; x_wconf 66' lang='grc' dir='ltr'>ἳηροῦς</span> <span class='ocrx_word' id='word_1_699' title='bbox 2419 4540 2796 4607; x_wconf 72' lang='grc' dir='ltr'>συνθλάσας,</span> <span class='ocrx_word' id='word_1_700' title='bbox 2852 4541 2908 4594; x_wconf 81' lang='grc' dir='ltr'><strong>τὸ</strong></span> <span class='ocrx_word' id='word_1_701' title='bbox 2959 4542 3073 4610; x_wconf 82' lang='grc' dir='ltr'>φῶς</span> <span class='ocrx_word' id='word_1_702' title='bbox 3129 4540 3284 4605; x_wconf 83' lang='grc' dir='ltr'>αὖθις</span> <span class='ocrx_word' id='word_1_703' title='bbox 3327 4543 3571 4608; x_wconf 81' lang='grc' dir='ltr'>ὑπέδειξε</span> <span class='ocrx_word' id='word_1_704' title='bbox 3625 4545 3741 4614; x_wconf 79' lang='grc' dir='ltr'><strong>τῆς</strong></span> 
     </span>
    </p>
   </div>
   <div class='ocr_carea' id='block_1_95' title="bbox 473 4624 2049 4704">
    <p class='ocr_par' dir='ltr' id='par_1_95' title="bbox 473 4624 2046 4696">
     <span class='ocr_line' id='line_1_95' title="bbox 473 4624 2046 4696; baseline -0.004 -10"><span class='ocrx_word' id='word_1_705' title='bbox 473 4630 830 4686; x_wconf 87' lang='lat' dir='ltr'><strong>habitandum</strong></span> <span class='ocrx_word' id='word_1_706' title='bbox 855 4629 876 4660; x_wconf 67' lang='grc'>⁸</span> <span class='ocrx_word' id='word_1_707' title='bbox 910 4627 1162 4682; x_wconf 82' lang='lat' dir='ltr'><strong>olTerens.</strong></span> <span class='ocrx_word' id='word_1_708' title='bbox 1199 4625 1299 4680; x_wconf 81' lang='lat' dir='ltr'><strong>Hic</strong></span> <span class='ocrx_word' id='word_1_709' title='bbox 1346 4625 1512 4696; x_wconf 78' lang='lat' dir='ltr'><strong>igitur</strong></span> <span class='ocrx_word' id='word_1_710' title='bbox 1549 4624 1818 4679; x_wconf 88' lang='lat' dir='ltr'><strong>habitavit</strong></span> <span class='ocrx_word' id='word_1_711' title='bbox 1858 4625 1913 4678; x_wconf 93' lang='lat' dir='ltr'><strong>in</strong></span> <span class='ocrx_word' id='word_1_712' title='bbox 1949 4640 2046 4679; x_wconf 91' lang='lat' dir='ltr'><strong>no-</strong></span> 
     </span>
    </p>
   </div>
   <div class='ocr_carea' id='block_1_96' title="bbox 2169 4624 3745 4704">
    <p class='ocr_par' dir='ltr' id='par_1_96' title="bbox 2169 4629 3745 4704">
     <span class='ocr_line' id='line_1_96' title="bbox 2169 4629 3745 4704; baseline 0.004 -22"><span class='ocrx_word' id='word_1_713' title='bbox 2169 4629 2322 4701; x_wconf 71' lang='grc' dir='ltr'>ζωῆς,</span> <span class='ocrx_word' id='word_1_714' title='bbox 2361 4633 2551 4701; x_wconf 78' lang='grc' dir='ltr'>χεῖρας</span> <span class='ocrx_word' id='word_1_715' title='bbox 2606 4632 2834 4702; x_wconf 80' lang='grc' dir='ltr'>ὀρέγων,</span> <span class='ocrx_word' id='word_1_716' title='bbox 2872 4632 3125 4686; x_wconf 81' lang='grc' dir='ltr'>ὁδοποιῶν</span> <span class='ocrx_word' id='word_1_717' title='bbox 3173 4632 3517 4703; x_wconf 78' lang='grc' dir='ltr'>ὑποϐάθρας,</span> <span class='ocrx_word' id='word_1_718' title='bbox 3559 4634 3745 4704; x_wconf 80' lang='grc' dir='ltr'>οὐρα-</span> 
     </span>
    </p>
   </div>
   <div class='ocr_carea' id='block_1_97' title="bbox 474 4715 2050 4793">
    <p class='ocr_par' dir='ltr' id='par_1_97' title="bbox 474 4715 2040 4790">
     <span class='ocr_line' id='line_1_97' title="bbox 474 4715 2040 4790; baseline -0.004 -13"><span class='ocrx_word' id='word_1_719' title='bbox 474 4723 554 4777; x_wconf 84' lang='lat' dir='ltr'><strong>bis</strong></span> <span class='ocrx_word' id='word_1_720' title='bbox 576 4722 618 4785; x_wconf 82' lang='lat'><strong>&#39;,</strong></span> <span class='ocrx_word' id='word_1_721' title='bbox 655 4735 719 4774; x_wconf 86' lang='lat' dir='ltr'><strong>ac</strong></span> <span class='ocrx_word' id='word_1_722' title='bbox 754 4719 888 4790; x_wconf 80' lang='lat' dir='ltr'><strong>legis</strong></span> <span class='ocrx_word' id='word_1_723' title='bbox 924 4718 1162 4788; x_wconf 88' lang='lat' dir='ltr'><strong>Spiritus</strong></span> <span class='ocrx_word' id='word_1_724' title='bbox 1194 4718 1368 4772; x_wconf 88' lang='lat' dir='ltr'><strong>sancti</strong></span> <span class='ocrx_word' id='word_1_725' title='bbox 1393 4716 1844 4786; x_wconf 85' lang='lat' dir='ltr'><strong>justiticationem</strong></span> <span class='ocrx_word' id='word_1_726' title='bbox 1879 4715 2040 4771; x_wconf 89' lang='lat' dir='ltr'><strong>nobis</strong></span> 
     </span>
    </p>
   </div>
   <div class='ocr_carea' id='block_1_98' title="bbox 2159 4715 3735 4793">
    <p class='ocr_par' dir='ltr' id='par_1_98' title="bbox 2159 4719 3735 4793">
     <span class='ocr_line' id='line_1_98' title="bbox 2159 4719 3735 4793; baseline 0.002 -19"><span class='ocrx_word' id='word_1_727' title='bbox 2159 4720 2276 4774; x_wconf 80' lang='grc' dir='ltr'>νὸν⁸</span> <span class='ocrx_word' id='word_1_728' title='bbox 2304 4721 2642 4786; x_wconf 79' lang='grc' dir='ltr'>ὑποδεικνὺς,</span> <span class='ocrx_word' id='word_1_729' title='bbox 2676 4723 3000 4793; x_wconf 80' lang='grc' dir='ltr'>παράδεισον</span> <span class='ocrx_word' id='word_1_730' title='bbox 3025 4719 3178 4786; x_wconf 84' lang='grc' dir='ltr'>αὖθις</span> <span class='ocrx_word' id='word_1_731' title='bbox 3195 4725 3362 4776; x_wconf 80' lang='grc' dir='ltr'>οίκείν</span> <span class='ocrx_word' id='word_1_732' title='bbox 3394 4722 3735 4789; x_wconf 81' lang='grc' dir='ltr'>ἁξιῶν.Τοί-</span> 
     </span>
    </p>
   </div>
   <div class='ocr_carea' id='block_1_99' title="bbox 471 4799 2047 4884">
    <p class='ocr_par' dir='ltr' id='par_1_99' title="bbox 471 4799 2045 4881">
     <span class='ocr_line' id='line_1_99' title="bbox 471 4799 2045 4881; baseline -0.002 -15"><span class='ocrx_word' id='word_1_733' title='bbox 471 4822 555 4866; x_wconf 85' lang='lat' dir='ltr'><strong>est</strong></span> <span class='ocrx_word' id='word_1_734' title='bbox 592 4811 839 4881; x_wconf 81' lang='lat' dir='ltr'><strong>largitus,</strong></span> <span class='ocrx_word' id='word_1_735' title='bbox 883 4817 942 4863; x_wconf 89' lang='lat' dir='ltr'><strong>ut</strong></span> <span class='ocrx_word' id='word_1_736' title='bbox 978 4819 1087 4863; x_wconf 89' lang='lat' dir='ltr'><strong>tam</strong></span> <span class='ocrx_word' id='word_1_737' title='bbox 1118 4811 1292 4878; x_wconf 77' lang='lat' dir='ltr'><strong>ipsum</strong></span> <span class='ocrx_word' id='word_1_738' title='bbox 1332 4824 1492 4878; x_wconf 87' lang='lat' dir='ltr'><strong>quam</strong></span> <span class='ocrx_word' id='word_1_739' title='bbox 1529 4799 1651 4877; x_wconf 69' lang='lat' dir='ltr'><strong>qua:</strong></span> <span class='ocrx_word' id='word_1_740' title='bbox 1705 4817 1834 4862; x_wconf 89' lang='lat' dir='ltr'><strong>sunt</strong></span> <span class='ocrx_word' id='word_1_741' title='bbox 1872 4808 2045 4876; x_wconf 89' lang='lat' dir='ltr'><strong>ipsius</strong></span> 
     </span>
    </p>
   </div>
   <div class='ocr_carea' id='block_1_100' title="bbox 2152 4799 3728 4884">
    <p class='ocr_par' dir='ltr' id='par_1_100' title="bbox 2152 4811 3728 4884">
     <span class='ocr_line' id='line_1_100' title="bbox 2152 4811 3728 4884; baseline 0.003 -20"><span class='ocrx_word' id='word_1_742' title='bbox 2152 4830 2245 4864; x_wconf 85' lang='grc' dir='ltr'><strong>νυν</strong></span> <span class='ocrx_word' id='word_1_743' title='bbox 2276 4811 2593 4881; x_wconf 81' lang='grc' dir='ltr'>κατῴκησεν</span> <span class='ocrx_word' id='word_1_744' title='bbox 2622 4815 2679 4865; x_wconf 82' lang='grc' dir='ltr'><strong>έν</strong></span> <span class='ocrx_word' id='word_1_745' title='bbox 2711 4815 2861 4884; x_wconf 81' lang='grc' dir='ltr'>ἡμῖν,</span> <span class='ocrx_word' id='word_1_746' title='bbox 2904 4815 2999 4867; x_wconf 72' lang='grc' dir='ltr'>καὶ</span> <span class='ocrx_word' id='word_1_747' title='bbox 3035 4815 3093 4866; x_wconf 82' lang='grc' dir='ltr'><strong>τὸ</strong></span> <span class='ocrx_word' id='word_1_748' title='bbox 3127 4813 3401 4883; x_wconf 82' lang='grc' dir='ltr'>δικαίωμα</span> <span class='ocrx_word' id='word_1_749' title='bbox 3425 4814 3518 4867; x_wconf 79' lang='grc' dir='ltr'>τοῦ</span> <span class='ocrx_word' id='word_1_750' title='bbox 3549 4815 3728 4884; x_wconf 80' lang='grc' dir='ltr'>νόμου</span> 
     </span>
    </p>
   </div>
   <div class='ocr_carea' id='block_1_101' title="bbox 472 4898 2048 4974">
    <p class='ocr_par' dir='ltr' id='par_1_101' title="bbox 472 4898 2045 4974">
     <span class='ocr_line' id='line_1_101' title="bbox 472 4898 2045 4974; baseline -0.001 -20"><span class='ocrx_word' id='word_1_751' title='bbox 472 4903 690 4974; x_wconf 90' lang='lat' dir='ltr'><strong>propria</strong></span> <span class='ocrx_word' id='word_1_752' title='bbox 733 4917 1131 4971; x_wconf 80' lang='lat' dir='ltr'><strong>cognoscamus</strong></span> <span class='ocrx_word' id='word_1_753' title='bbox 1163 4916 1174 4954; x_wconf 87' lang='lat'><strong>:</strong></span> <span class='ocrx_word' id='word_1_754' title='bbox 1209 4900 1352 4968; x_wconf 85' lang='lat' dir='ltr'><strong>quod</strong></span> <span class='ocrx_word' id='word_1_755' title='bbox 1395 4901 1515 4952; x_wconf 68' lang='lat' dir='ltr'><strong>vita:</strong></span> <span class='ocrx_word' id='word_1_756' title='bbox 1553 4899 1764 4952; x_wconf 89' lang='lat' dir='ltr'><strong>initium</strong></span> <span class='ocrx_word' id='word_1_757' title='bbox 1818 4913 1880 4951; x_wconf 89' lang='lat' dir='ltr'><strong>ac</strong></span> <span class='ocrx_word' id='word_1_758' title='bbox 1922 4898 2045 4953; x_wconf 83' lang='lat' dir='ltr'><strong>linis</strong></span> 
     </span>
    </p>
   </div>
   <div class='ocr_carea' id='block_1_102' title="bbox 2154 4898 3730 4974">
    <p class='ocr_par' dir='ltr' id='par_1_102' title="bbox 2154 4903 3730 4974">
     <span class='ocr_line' id='line_1_102' title="bbox 2154 4903 3730 4974; baseline 0.004 -19"><span class='ocrx_word' id='word_1_759' title='bbox 2154 4903 2272 4965; x_wconf 77' lang='grc' dir='ltr'>δοὺς</span> <span class='ocrx_word' id='word_1_760' title='bbox 2310 4904 2440 4973; x_wconf 81' lang='grc' dir='ltr'>ἡμῖν</span> <span class='ocrx_word' id='word_1_761' title='bbox 2469 4903 2560 4957; x_wconf 80' lang='grc' dir='ltr'><strong>τοῦ</strong></span> <span class='ocrx_word' id='word_1_762' title='bbox 2608 4904 2943 4974; x_wconf 78' lang='grc' dir='ltr'>Πνεύματος,</span> <span class='ocrx_word' id='word_1_763' title='bbox 2989 4907 3070 4968; x_wconf 88' lang='grc' dir='ltr'><strong>είς</strong></span> <span class='ocrx_word' id='word_1_764' title='bbox 3109 4905 3168 4957; x_wconf 86' lang='grc' dir='ltr'><strong>τὸ</strong></span> <span class='ocrx_word' id='word_1_765' title='bbox 3210 4905 3411 4973; x_wconf 77' lang='grc' dir='ltr'>γνῶναι</span> <span class='ocrx_word' id='word_1_766' title='bbox 3459 4905 3617 4959; x_wconf 80' lang='grc' dir='ltr'>αὐτὸν</span> <span class='ocrx_word' id='word_1_767' title='bbox 3647 4906 3730 4962; x_wconf 76' lang='grc' dir='ltr'>τὰ</span> 
     </span>
    </p>
   </div>
   <div class='ocr_carea' id='block_1_103' title="bbox 472 4989 2048 5070">
    <p class='ocr_par' dir='ltr' id='par_1_103' title="bbox 472 4989 2044 5063">
     <span class='ocr_line' id='line_1_103' title="bbox 472 4989 2044 5063; baseline -0.004 -13"><span class='ocrx_word' id='word_1_768' title='bbox 472 5001 576 5050; x_wconf 87' lang='lat' dir='ltr'><strong>est.</strong></span> <span class='ocrx_word' id='word_1_769' title='bbox 608 4992 747 5063; x_wconf 76' lang='lat' dir='ltr'><strong>Ergo</strong></span> <span class='ocrx_word' id='word_1_770' title='bbox 776 4992 1002 5062; x_wconf 62' lang='lat' dir='ltr'><strong>justitiaa</strong></span> <span class='ocrx_word' id='word_1_771' title='bbox 1037 4990 1194 5046; x_wconf 86' lang='lat' dir='ltr'><strong>nobis</strong></span> <span class='ocrx_word' id='word_1_772' title='bbox 1239 5003 1501 5044; x_wconf 87' lang='lat' dir='ltr'><strong>concessa</strong></span> <span class='ocrx_word' id='word_1_773' title='bbox 1541 4990 1626 5043; x_wconf 79' lang='lat' dir='ltr'><strong>lex</strong></span> <span class='ocrx_word' id='word_1_774' title='bbox 1651 4999 1764 5055; x_wconf 87' lang='lat' dir='ltr'><strong>est;</strong></span> <span class='ocrx_word' id='word_1_775' title='bbox 1803 4989 1908 5053; x_wconf 80' lang='lat' dir='ltr'><strong>lex,</strong></span> <span class='ocrx_word' id='word_1_776' title='bbox 1957 4991 2044 5043; x_wconf 89' lang='lat' dir='ltr'><strong>in-</strong></span> 
     </span>
    </p>
   </div>
   <div class='ocr_carea' id='block_1_104' title="bbox 2162 4989 3738 5070">
    <p class='ocr_par' dir='ltr' id='par_1_104' title="bbox 2162 4994 3738 5070">
     <span class='ocr_line' id='line_1_104' title="bbox 2162 4994 3738 5070; baseline 0.004 -25"><span class='ocrx_word' id='word_1_777' title='bbox 2162 4995 2280 5064; x_wconf 76' lang='grc' dir='ltr'>περὶ</span> <span class='ocrx_word' id='word_1_778' title='bbox 2307 4994 2492 5048; x_wconf 79' lang='grc' dir='ltr'>αὐτοῦ’</span> <span class='ocrx_word' id='word_1_779' title='bbox 2527 4996 2555 5049; x_wconf 80' lang='grc' dir='ltr'><strong>ὅ</strong></span> <span class='ocrx_word' id='word_1_780' title='bbox 2579 4997 2726 5049; x_wconf 77' lang='grc' dir='ltr'>ἐστιν</span> <span class='ocrx_word' id='word_1_781' title='bbox 2756 4996 2898 5067; x_wconf 82' lang='grc' dir='ltr'>ἀρχὴ</span> <span class='ocrx_word' id='word_1_782' title='bbox 2933 4996 3027 5049; x_wconf 74' lang='grc' dir='ltr'><strong>καὶ</strong></span> <span class='ocrx_word' id='word_1_783' title='bbox 3067 4997 3218 5062; x_wconf 83' lang='grc' dir='ltr'>τέλος</span> <span class='ocrx_word' id='word_1_784' title='bbox 3263 4999 3422 5070; x_wconf 52' lang='grc' dir='ltr'>ζωῆς</span> <span class='ocrx_word' id='word_1_785' title='bbox 3457 5000 3618 5070; x_wconf 85' lang='grc' dir='ltr'>νόμος</span> <span class='ocrx_word' id='word_1_786' title='bbox 3640 4996 3738 5051; x_wconf 88' lang='grc' dir='ltr'>δι-</span> 
     </span>
    </p>
   </div>
   <div class='ocr_carea' id='block_1_105' title="bbox 549 5213 2125 5296">
    <p class='ocr_par' dir='ltr' id='par_1_105' title="bbox 549 5213 2125 5296">
     <span class='ocr_line' id='line_1_105' title="bbox 549 5213 2125 5296; baseline 0.001 -26"><span class='ocrx_word' id='word_1_787' title='bbox 549 5220 564 5250; x_wconf 83' lang='grc'>¹</span> <span class='ocrx_word' id='word_1_788' title='bbox 596 5215 874 5296; x_wconf 76' lang='lat' dir='ltr'><strong>Rom._vlt_,</strong></span> <span class='ocrx_word' id='word_1_789' title='bbox 916 5216 1034 5296; x_wconf 71' lang='lat' dir='ltr'><strong>i5._</strong></span> <span class='ocrx_word' id='word_1_790' title='bbox 1069 5213 1335 5296; x_wconf 46' lang='lat' dir='ltr'><strong>:_&#39;l_‘it..tt,</strong></span> <span class='ocrx_word' id='word_1_791' title='bbox 1380 5214 1586 5296; x_wconf 44' lang='lat' dir='ltr'><strong>1L“...</strong></span> <span class='ocrx_word' id='word_1_792' title='bbox 1677 5215 1853 5296; x_wconf 45' lang='lat' dir='ltr'><strong>&#39;.Col.</strong></span> <span class='ocrx_word' id='word_1_793' title='bbox 1889 5233 1947 5279; x_wconf 86' lang='grc' dir='ltr'><strong>ιι,</strong></span> <span class='ocrx_word' id='word_1_794' title='bbox 1983 5217 2070 5296; x_wconf 71' lang='grc'><strong>14,</strong></span> <span class='ocrx_word' id='word_1_795' title='bbox 2109 5219 2125 5271; x_wconf 84' lang='lat' dir='ltr'><strong>l</strong></span> 
     </span>
    </p>
   </div>
   <div class='ocr_carea' id='block_1_106' title="bbox 2166 5213 3742 5296">
    <p class='ocr_par' dir='ltr' id='par_1_106' title="bbox 2166 5217 3742 5296">
     <span class='ocr_line' id='line_1_106' title="bbox 2166 5217 3742 5296; baseline 0.005 -28"><span class='ocrx_word' id='word_1_796' title='bbox 2166 5219 2200 5296; x_wconf 63' lang='grc' dir='ltr'><strong>ἱΖ</strong></span> <span class='ocrx_word' id='word_1_797' title='bbox 2239 5288 2270 5296; x_wconf 80' lang='lat'><strong>__</strong></span> <span class='ocrx_word' id='word_1_798' title='bbox 2303 5220 2325 5248; x_wconf 74' lang='lat'><strong>‘</strong></span> <span class='ocrx_word' id='word_1_799' title='bbox 2356 5217 2504 5296; x_wconf 67' lang='lat' dir='ltr'><strong>Psal.</strong></span> <span class='ocrx_word' id='word_1_800' title='bbox 2545 5223 2771 5296; x_wconf 56' lang='lat' dir='ltr'><strong>evnit}.</strong></span> <span class='ocrx_word' id='word_1_801' title='bbox 2811 5294 2821 5296; x_wconf 73' lang='lat'><strong><em>_</em></strong></span> <span class='ocrx_word' id='word_1_802' title='bbox 2880 5222 3084 5296; x_wconf 32' lang='grc' dir='ltr'><strong>’διο-οη.</strong></span> <span class='ocrx_word' id='word_1_803' title='bbox 3127 5224 3270 5296; x_wconf 54' lang='lat' dir='ltr'><strong>LM.</strong></span> <span class='ocrx_word' id='word_1_804' title='bbox 3328 5294 3349 5296; x_wconf 30' lang='grc' dir='ltr'><em>Α</em></span> <span class='ocrx_word' id='word_1_805' title='bbox 3383 5225 3403 5255; x_wconf 81' lang='grc'>⁸</span> <span class='ocrx_word' id='word_1_806' title='bbox 3427 5222 3490 5279; x_wconf 86' lang='lat' dir='ltr'><strong>F.</strong></span> <span class='ocrx_word' id='word_1_807' title='bbox 3520 5225 3742 5296; x_wconf 77' lang='grc' dir='ltr'>εὐφρα-</span> 
     </span>
    </p>
   </div>
   <div class='ocr_carea' id='block_1_107' title="bbox 473 5279 2049 5366">
    <p class='ocr_par' dir='ltr' id='par_1_107' title="bbox 473 5279 2049 5357">
     <span class='ocr_line' id='line_1_107' title="bbox 473 5279 2049 5357; baseline -0.002 -16"><span class='ocrx_word' id='word_1_808' title='bbox 473 5290 614 5343; x_wconf 82' lang='grc' dir='ltr'>σίαν.</span> <span class='ocrx_word' id='word_1_809' title='bbox 707 5288 727 5314; x_wconf 83' lang='grc'>’</span> <span class='ocrx_word' id='word_1_810' title='bbox 755 5287 816 5342; x_wconf 80' lang='lat' dir='ltr'><strong>In</strong></span> <span class='ocrx_word' id='word_1_811' title='bbox 848 5285 1038 5340; x_wconf 80' lang='lat' dir='ltr'><strong>haeresi</strong></span> <span class='ocrx_word' id='word_1_812' title='bbox 1065 5284 1135 5338; x_wconf 65' lang='grc'><strong>64</strong></span> <span class='ocrx_word' id='word_1_813' title='bbox 1161 5285 1353 5356; x_wconf 78' lang='lat' dir='ltr'><strong>legitur</strong></span> <span class='ocrx_word' id='word_1_814' title='bbox 1379 5279 1550 5355; x_wconf 81' lang='grc' dir='ltr'>ἦρκεν</span> <span class='ocrx_word' id='word_1_815' title='bbox 1570 5285 1633 5337; x_wconf 82' lang='grc' dir='ltr'><strong>ἐκ</strong></span> <span class='ocrx_word' id='word_1_816' title='bbox 1665 5286 1851 5356; x_wconf 84' lang='grc' dir='ltr'>μέσου,</span> <span class='ocrx_word' id='word_1_817' title='bbox 1877 5304 2049 5357; x_wconf 85' lang='grc' dir='ltr'>προση</span> 
     </span>
    </p>
   </div>
   <div class='ocr_carea' id='block_1_108' title="bbox 1833 5279 3409 5366">
    <p class='ocr_par' dir='ltr' id='par_1_108' title="bbox 1837 5279 3409 5366">
     <span class='ocr_line' id='line_1_108' title="bbox 1837 5279 3409 5366; baseline -0.003 -16"><span class='ocrx_word' id='word_1_818' title='bbox 1837 5279 2105 5357; x_wconf 80' lang='grc' dir='ltr'>,προσηλ.</span> <span class='ocrx_word' id='word_1_819' title='bbox 2181 5289 2202 5320; x_wconf 73' lang='grc' dir='ltr'><strong>ε</strong></span> <span class='ocrx_word' id='word_1_820' title='bbox 2232 5288 2360 5344; x_wconf 90' lang='lat' dir='ltr'><strong>Cor.</strong></span> <span class='ocrx_word' id='word_1_821' title='bbox 2392 5307 2460 5347; x_wconf 73' lang='lat' dir='ltr'><strong>ex</strong></span> <span class='ocrx_word' id='word_1_822' title='bbox 2490 5279 2683 5348; x_wconf 67' lang='lat' dir='ltr'><strong>haeresi</strong></span> <span class='ocrx_word' id='word_1_823' title='bbox 2713 5294 2779 5347; x_wconf 75' lang='lat'><strong>64</strong></span> <span class='ocrx_word' id='word_1_824' title='bbox 2803 5293 3113 5364; x_wconf 75' lang='grc' dir='ltr'>ὑποϐάθραν</span> <span class='ocrx_word' id='word_1_825' title='bbox 3145 5279 3409 5366; x_wconf 74' lang='grc' dir='ltr'>οὐρανῶν.</span> 
     </span>
    </p>
   </div>
   <div class='ocr_carea' id='block_1_109' title="bbox 545 5463 3748 5546">
    <p class='ocr_par' dir='ltr' id='par_1_109' title="bbox 545 5463 3748 5546">
     <span class='ocr_line' id='line_1_109' title="bbox 545 5463 3748 5546; baseline 0.004 -30"><span class='ocrx_word' id='word_1_826' title='bbox 545 5465 870 5546; x_wconf 62' lang='lat' dir='ltr'><strong>(92)_ll:ee_et</strong></span> <span class='ocrx_word' id='word_1_827' title='bbox 906 5463 1192 5546; x_wconf 68' lang='lat' dir='ltr'><strong>sequentia</strong></span> <span class='ocrx_word' id='word_1_828' title='bbox 1225 5479 1398 5546; x_wconf 76' lang='lat' dir='ltr'><strong>usque</strong></span> <span class='ocrx_word' id='word_1_829' title='bbox 1428 5465 1496 5546; x_wconf 75' lang='lat' dir='ltr'><strong>ad</strong></span> <span class='ocrx_word' id='word_1_830' title='bbox 1525 5473 1814 5520; x_wconf 80' lang='lat' dir='ltr'><strong>exeuntem</strong></span> <span class='ocrx_word' id='word_1_831' title='bbox 1844 5481 2041 5546; x_wconf 37' lang='lat' dir='ltr'><strong>nlume-</strong></span> <span class='ocrx_word' id='word_1_832' title='bbox 2148 5469 2527 5546; x_wconf 68' lang='lat' dir='ltr'><strong>impotentium</strong></span> <span class='ocrx_word' id='word_1_833' title='bbox 2566 5473 2633 5527; x_wconf 89' lang='lat' dir='ltr'><strong>de</strong></span> <span class='ocrx_word' id='word_1_834' title='bbox 2673 5473 2883 5546; x_wconf 72' lang='lat' dir='ltr'><strong>Spiritu</strong></span> <span class='ocrx_word' id='word_1_835' title='bbox 2921 5483 3134 5532; x_wconf 87' lang='lat' dir='ltr'><strong>sancto.</strong></span> <span class='ocrx_word' id='word_1_836' title='bbox 3184 5475 3260 5530; x_wconf 88' lang='lat' dir='ltr'><strong>De</strong></span> <span class='ocrx_word' id='word_1_837' title='bbox 3288 5475 3391 5530; x_wconf 91' lang='lat' dir='ltr'><strong>hac</strong></span> <span class='ocrx_word' id='word_1_838' title='bbox 3421 5476 3614 5546; x_wconf 83' lang='lat' dir='ltr'><strong>haeresi</strong></span> <span class='ocrx_word' id='word_1_839' title='bbox 3640 5475 3748 5530; x_wconf 78' lang='lat' dir='ltr'><strong>vi-</strong></span> 
     </span>
    </p>
   </div>
   <div class='ocr_carea' id='block_1_110' title="bbox 473 5533 3747 5617">
    <p class='ocr_par' dir='ltr' id='par_1_110' title="bbox 473 5533 3747 5617">
     <span class='ocr_line' id='line_1_110' title="bbox 473 5533 3747 5617; baseline 0.005 -31"><span class='ocrx_word' id='word_1_840' title='bbox 473 5535 894 5617; x_wconf 49' lang='lat' dir='ltr'><strong>rumBLliabes</strong></span> <span class='ocrx_word' id='word_1_841' title='bbox 921 5542 974 5589; x_wconf 85' lang='lat' dir='ltr'><strong>et</strong></span> <span class='ocrx_word' id='word_1_842' title='bbox 992 5533 1321 5617; x_wconf 55' lang='lat' dir='ltr'><strong>innPanario</strong></span> <span class='ocrx_word' id='word_1_843' title='bbox 1343 5542 1778 5617; x_wconf 80' lang='lat' dir='ltr'><strong>post_numerum</strong></span> <span class='ocrx_word' id='word_1_844' title='bbox 1803 5537 2040 5617; x_wconf 73' lang='lat' dir='ltr'><strong>primum</strong></span> <span class='ocrx_word' id='word_1_845' title='bbox 2148 5533 2358 5617; x_wconf 68' lang='lat' dir='ltr'><strong>dendus</strong></span> <span class='ocrx_word' id='word_1_846' title='bbox 2399 5533 2768 5617; x_wconf 69' lang='lat' dir='ltr'><strong>pra3__e:eteris</strong></span> <span class='ocrx_word' id='word_1_847' title='bbox 2799 5543 3056 5617; x_wconf 81' lang='lat' dir='ltr'><strong>Socrates</strong></span> <span class='ocrx_word' id='word_1_848' title='bbox 3101 5547 3196 5603; x_wconf 89' lang='lat' dir='ltr'><strong>lib.</strong></span> <span class='ocrx_word' id='word_1_849' title='bbox 3237 5561 3300 5613; x_wconf 86' lang='lat' dir='ltr'><strong>ll,</strong></span> <span class='ocrx_word' id='word_1_850' title='bbox 3339 5547 3519 5617; x_wconf 88' lang='lat' dir='ltr'><strong>capite</strong></span> <span class='ocrx_word' id='word_1_851' title='bbox 3547 5544 3637 5611; x_wconf 33' lang='lat'><strong>5‘5,</strong></span> <span class='ocrx_word' id='word_1_852' title='bbox 3668 5552 3747 5602; x_wconf 72' lang='lat' dir='ltr'><strong>et</strong></span> 
     </span>
    </p>
   </div>
   <div class='ocr_carea' id='block_1_111' title="bbox 471 5601 2995 5685">
    <p class='ocr_par' dir='ltr' id='par_1_111' title="bbox 471 5601 2995 5685">
     <span class='ocr_line' id='line_1_111' title="bbox 471 5601 2995 5685; baseline 0.006 -29"><span class='ocrx_word' id='word_1_853' title='bbox 471 5601 669 5657; x_wconf 77' lang='lat' dir='ltr'><strong>han-es.</strong></span> <span class='ocrx_word' id='word_1_854' title='bbox 698 5603 785 5669; x_wconf 78' lang='grc'><strong>74,</strong></span> <span class='ocrx_word' id='word_1_855' title='bbox 813 5619 934 5674; x_wconf 82' lang='lat' dir='ltr'><strong>quae</strong></span> <span class='ocrx_word' id='word_1_856' title='bbox 948 5601 1696 5671; x_wconf 57' lang='lat' dir='ltr'><strong>cstPneumato&#39;machorum,</strong></span> <span class='ocrx_word' id='word_1_857' title='bbox 1717 5601 1829 5662; x_wconf 76' lang='lat' dir='ltr'><strong>sive</strong></span> <span class='ocrx_word' id='word_1_858' title='bbox 1844 5607 2039 5679; x_wconf 76' lang='lat' dir='ltr'><strong>dogma</strong></span> <span class='ocrx_word' id='word_1_859' title='bbox 2149 5601 2488 5670; x_wconf 82' lang='lat' dir='ltr'><strong>Sozomerius</strong></span> <span class='ocrx_word' id='word_1_860' title='bbox 2516 5612 2610 5670; x_wconf 90' lang='lat' dir='ltr'><strong>lib.</strong></span> <span class='ocrx_word' id='word_1_861' title='bbox 2644 5629 2718 5682; x_wconf 83' lang='lat' dir='ltr'><strong>tv,</strong></span> <span class='ocrx_word' id='word_1_862' title='bbox 2755 5627 2874 5685; x_wconf 89' lang='lat' dir='ltr'><strong>cap.</strong></span> <span class='ocrx_word' id='word_1_863' title='bbox 2907 5616 2995 5671; x_wconf 85' lang='grc'><strong>19.</strong></span> 
     </span>
    </p>
   </div>
  </div>
