3992 6198
469 287 572 342 tas
1124 275 1128 278 ’
1834 287 1888 341 s.
1958 287 2290 342 eruum"
3601 275 3701 332 13"

467 399 637 453 menti
671 398 754 452 sui
789 397 913 464 fide,
945 399 1088 468 quod
1130 414 1157 451 a
1192 400 1307 468 lege
1349 407 1402 451 et
1440 398 1721 467 prephctis
1751 410 2032 454 ostensum

3730 366 3738 384 .

2144 399 2664 471 προεπηγγελμένης
2715 397 2817 449 ὑπὸ
2858 397 2950 449 τοῦ
2981 397 3142 466 νόμον
3192 395 3284 447 καὶ
3334 392 3440 444 τῶν
3491 408 3701 462 προφη-

463 496 624 542 ιιιιειι
675 487 890 542 fuerat:
926 488 1040 552 Dei,
1079 489 1302 556 inquam
1325 526 1339 549 ,
1375 483 1543 541 Filius
1578 489 1923 558 prtcdicatus,
1972 505 2035 543 ac

2144 492 2280 555 τῶν,
2316 490 2441 552 Υἱὸς
2479 489 2614 541 Θεοῦ
2652 489 3062 559 κηρυσσόμενος
3089 527 3102 549 ,
3137 485 3249 547 υἱὸς
3295 483 3455 536 Δαϐὶδ
3480 483 3704 552 λεγόμε-

465 576 688 633 Davidis
715 581 1015 649 appellatus
1054 579 1213 640 filius,
1244 577 1512 648 siquidem
1551 587 1843 649 utrumque
1895 581 2036 636 Deus

461 679 518 723 ct
562 668 744 733 homo,
791 667 888 720 Dei
937 677 987 720 et
1026 668 1295 720 hominum
1340 669 1600 722 mediator
1639 669 1818 736 fuit‘;
1850 686 2037 724 verum

463 759 558 814 Dei
591 758 949 819 domicilium,
986 760 1356 813 sacerdotium
1405 769 1678 819 sanctum.
1714 763 1889 815 sancti
1925 761 2039 831 Spi-

463 851 605 904 ritus
636 851 1014 918 regenerantis
1078 865 1140 904 ac
1173 851 1282 906 Deo
1326 852 1683 906 instaurantis
1725 853 1906 906 omnia
1940 855 2040 907 lar-

464 940 641 1010 gitor;
674 956 797 994 nam
853 941 1075 993 Verbum
1102 957 1225 994 caro
1255 942 1454 1009 factum
1479 953 1578 1004 est,
1606 954 1654 996 et
1693 941 1947 995 habitavit
1984 944 2036 994 in

2139 596 2227 640 vo;
2247 618 2260 640 ,
2290 578 2456 648 ἄμφω
2492 577 2600 646 γάρ
2632 575 2762 636 Θεὸς
2797 575 2889 627 καὶ
2922 573 3234 642 ἄνθρωπος,
3275 569 3526 638 μεσίτης
3559 565 3703 621 Θεοῦ

2139 670 2240 723 καὶ
2274 665 2610 736 ’ἀνθρώπων
2636 706 2650 728 ,
2703 665 2953 736 ἀληθινὸς
3007 661 3152 726 οἶκος
3205 661 3340 715 Θεοῦ
3366 701 3379 722 ,
3411 660 3705 730 ἱεράτευμα

2141 739 2315 828 ἅγιον,
2348 759 2501 826 ἁγίου
2531 757 2844 827 Πνεῦματος
2871 755 3032 825 δοτὴρ
3065 753 3159 806 τοῦ
3187 751 3582 819 ἀναγεννῶντος
3611 749 3706 802 καὶ

2139 850 2575 914 ἀνακαινίζοντος
2612 844 2767 910 αὖθις
2795 848 2860 899 τὰ
2892 845 3067 898 πάντα
3092 843 3168 914 τῷ
3199 843 3315 913 Θεῷ
3339 859 3353 874 ο
3389 842 3471 895 ὅτι
3511 841 3575 892 Ὀ
3599 839 3708 894 Ad-

2139 959 2242 1010 γος
2275 941 2316 970 ¹¹
2345 939 2501 1006 σὰρξ
2529 938 2784 1006 ἐγένετο,
2810 933 3272 999 καὶὲσκήνωσεν
3291 933 3358 984 ἐν
3383 930 3543 999 ἡμῖν·
3565 927 3709 982 εἴδο-

463 1031 647 1093 nobis,‘
694 1042 743 1084 et
794 1032 1015 1084 vidimus
1071 1032 1296 1102 gloriam
1343 1033 1456 1102 ejus
1516 1044 1768 1103 tanquam
1812 1035 2040 1104 gloriam

2144 1049 2249 1100 μεν
2283 1033 2325 1063 ¹³
2378 1030 2492 1098 τὴν
2541 1030 2728 1092 δόξαν
2776 1027 2961 1080 αὑτοῦ
3008 1026 3088 1090 ὡς
3125 1022 3500 1092 Μονογενοῦς
3551 1021 3710 1087 παρὰ

469 1121 732 1191 Unigeniti
761 1141 791 1174 a
818 1123 978 1175 Patre
1004 1125 1044 1176 ¹.
1081 1121 1146 1176 Ut
1182 1127 1324 1190 enim
1361 1125 1544 1193 pluvia
1580 1141 1702 1177 cum
1745 1127 2038 1180 arboribus

2144 1125 2389 1190 Πατρός.
2445 1123 2503 1175 'O
2542 1122 2699 1184 ὑετὸς
2736 1120 2975 1190 δένδρεσι
3009 1117 3102 1169 καὶ
3153 1117 3336 1184 φυτοῖς
3371 1110 3707 1182 συμφυσιοό·

460 1214 783 1267 coalescens
829 1228 892 1267 ac
949 1215 1236 1284 stirpibus,
1287 1230 1488 1283 corpus
1537 1215 1720 1280 efﬁcit,
1765 1226 1818 1268 et
1854 1230 2041 1268 unum-

2144 1231 2302 1285 μενος
2326 1253 2340 1276 ,
2399 1213 2557 1280 σῶμα
2593 1209 2991 1282 ἀπεργάζεται,
3032 1207 3124 1260 καὶ
3157 1205 3262 1258 τῶν
3308 1205 3535 1274 καρπῶν
3586 1201 3709 1259 καθ’

461 1319 735 1374 quemque
763 1305 1039 1357 fructuum
1085 1306 1150 1357 ad
1183 1305 1303 1373 ejus
1333 1305 1477 1359 unde
1526 1315 1681 1360 ortus
1715 1316 1819 1371 est,
1853 1305 2042 1359 simili-

2144 1305 2430 1376 ὁμοιότητα
2460 1305 2686 1356 ἕκαστον
2707 1319 2720 1333 ·
2764 1301 2856 1354 καὶ
2890 1302 2945 1353 ὲν
2991 1299 3087 1369 μὲν
3111 1301 3175 1368 τῇ
3202 1298 3352 1367 ἐλαίᾳ
3389 1295 3560 1347 ἔλαιον
3589 1296 3708 1345 πῖον

464 1393 710 1448 tudinem
747 1393 1032 1462 producit;
1069 1403 1122 1449 et
1155 1397 1207 1448 in
1248 1395 1390 1448 oliva
1419 1395 1638 1465 quidem
1687 1412 1751 1451 ex
1791 1398 1911 1466 ejus
1941 1413 2040 1450 na-

2144 1399 2347 1467 γίνεται
2373 1395 2806 1466 προσ-λαϐόμενον
2842 1394 2915 1463 (Si)
2947 1391 3004 1456 ἐξ
3033 1392 3200 1460 αὐτῆς
3240 1390 3300 1441 τὸ
3333 1387 3616 1449 οὐσιῶδες
3653 1387 3709 1438 ὲν

459 1489 584 1538 tura
612 1492 666 1538 et
695 1485 998 1537 substantia
1037 1497 1378 1556 assumptum
1447 1486 1646 1558 pingue
1699 1488 1878 1541 oleum
1925 1487 2036 1542 elli-

2144 1489 2196 1541 δὲ
2228 1487 2456 1558 ἀμπέλῳ
2501 1482 2640 1547 οἶνος
2682 1483 2810 1554 ἡδὺς
2856 1483 3122 1551 χοῖζεταγ
3162 1482 3219 1532 ὲν
3251 1479 3307 1531 δὲ
3358 1479 3495 1546 συκῇ
3547 1475 3707 1528 σῦκον

461 1575 631 1637 citur;
674 1575 726 1627 iu
765 1576 872 1629 vite
905 1577 956 1628 iu
1006 1578 1325 1632 suavissimi
1381 1577 1490 1630 vini
1525 1579 1843 1647 qualitatem
1893 1578 2041 1631 colu-

2144 1575 2488 1645 γλυκαίνεται
2512 1590 2524 1602 δ
2560 1573 2651 1626 καὶ
2683 1573 2895 1641 ἑκάστῳ
2926 1569 3252 1642 σπερμάτων
3286 1566 3422 1639 πρὸς
3465 1563 3526 1615 τὸ
3577 1560 3708 1626 εἶδος

461 1677 686 1731 remque
736 1665 968 1725 transit;
1019 1665 1072 1717 in
1126 1665 1258 1719 ficus
1299 1665 1494 1720 arbore
1528 1667 1850 1720 dulcissimo
1903 1665 2038 1719 licus

2144 1665 2359 1732 αῧξεται
2387 1663 2549 1717 αὐτοῦ
2577 1704 2591 1724 ,
2629 1664 2722 1716 καὶ
2758 1662 2881 1731 φύει
2915 1661 2977 1715 ¹⁸.
3009 1652 3402 1726 Οὗτως,οἶμαι,
3447 1657 3479 1708 ὁ
3527 1653 3707 1722 Λόγος

461 1767 658 1821 sapore
711 1760 1084 1823 temperatur,
1141 1763 1192 1809 et
1255 1757 1308 1809 in
1371 1757 1614 1826 quolibet
1675 1759 1882 1812 semine
1940 1774 2036 1828 pro

2144 1757 2234 1810 τοῦ
2263 1755 2396 1809 Θεοῦ
2428 1758 2484 1808 ὲν
2514 1753 2700 1826 Μαρίᾳ
2727 1753 2884 1821 σὰρξ
2914 1751 3147 1822 ἐγένετο
3167 1789 3182 1812 ,
3212 1749 3306 1801 καὶ
3348 1749 3404 1799 ἐν
3441 1745 3707 1815 σπέρματι

462 1843 900 1913 uniuscujusque
940 1845 1114 1899 forma
1149 1847 1545 1902 incrementum
1585 1848 1731 1918 capit
1760 1863 1822 1901 ac
1856 1849 2036 1918 pullu-

461 1933 575 1989 lat:
610 1934 686 1986 ita
733 1935 952 1988 Verbum
993 1936 1108 2002 Dei,
1147 1940 1362 2006 opinor,
1393 1940 1444 1992 in
1480 1939 1648 1993 Maria
1685 1955 1809 1993 caro
1840 1939 2040 2008 factum

459 2026 582 2080 est'
633 2046 644 2080 :
689 2035 743 2081 et
785 2029 837 2080 in
877 2028 1172 2082 Abrahami
1224 2031 1394 2098 stirpe
1440 2030 1604 2083 homo
1659 2045 1726 2083 ex
1777 2030 2039 2099 promissi

462 2109 568 2169 ﬁde
597 2130 848 2186 repertus
870 2127 973 2172 est.
1008 2117 1310 2171 Invenimus
1345 2120 1504 2182 enim,
1531 2121 1732 2188 inquit,
1760 2119 2038 2189 Messium,

458 2222 612 2276 quem
649 2209 862 2277 scripsit
898 2207 1129 2278 Moyses.
1163 2208 1307 2262 ldem
1356 2226 1487 2265 vero
1524 2209 1780 2282 Moyses:
1816 2211 2042 2266 Descen-

459 2300 574 2358 dat,
611 2297 808 2365 inquit,
847 2306 902 2348 ut
941 2297 1120 2364 pluvia
1147 2299 1410 2367 eloquium
1459 2316 1651 2366 meum,
1704 2312 1753 2354 et
1789 2311 2040 2371 tanquam

460 2398 624 2458 gutta:
665 2388 930 2441 stillantes
980 2390 1035 2440 in
1095 2397 1289 2442 terram
1317 2391 1359 2443 ⁸.
1395 2390 1522 2444 Item
1564 2392 1732 2446 David
1769 2393 2038 2447 :Descen-

459 2481 553 2531 dat
585 2479 723 2532 sicut
749 2495 836 2532 ros
875 2479 928 2530 in
970 2477 1134 2531 vellus
1157 2481 1201 2534 '.
1242 2481 1384 2532 Lana
1413 2481 1597 2550 itaque
1657 2496 1840 2536 rorem
1882 2483 2031 2537 exei-

463 2568 619 2637 piens
661 2567 828 2622 fetum
876 2577 1038 2636 auget
1089 2569 1328 2624 velleris.
1379 2568 1548 2624 Terra
1599 2572 1837 2641 pluviam
1889 2574 2038 2627 exci-

464 2659 641 2729 piens,
669 2658 906 2711 fructum
933 2659 997 2711 ad
1025 2660 1392 2714 maturita‘em
1422 2662 1691 2729 perducit,
1724 2678 1896 2733 eaque
1921 2680 2041 2734 per-

465 2751 586 2803 fusa
620 2764 686 2802 ex
717 2749 945 2817 imperio
989 2747 1200 2802 Domini
1250 2753 1529 2806 naturales
1577 2754 1761 2824 fruges
1792 2765 2040 2826 prompte

464 2856 529 2896 ac
558 2841 789 2896 libenter
819 2841 1039 2907 emittit,
1082 2851 1133 2895 et
1168 2841 1236 2896 ab
1273 2843 1462 2898 eodem
1498 2858 1692 2899 rursus
1736 2847 2038 2916 accipiendi

463 2933 655 3003 majori
692 2931 963 2987 desiderio
1008 2941 1243 2988 tenetur.
1288 2933 1378 2988 Sic
1428 2944 1481 2990 et
1523 2936 1688 2990 Maria
1721 2939 1875 3009 virgo
1915 2955 2038 2992 cum

464 3024 537 3077 ita
592 3025 1014 3094 respondisset:
1049 3022 1217 3087 Unde,
1283 3024 1480 3093 inquit,
1532 3043 1846 3097 cognoscam
1913 3029 2040 3082 mihi

2153 1847 2401 1917 ’Λϐραὰμ
2429 1845 2712 1916 ἄνθρωπος
2751 1843 3042 1915 ηὑρίσκετο
3070 1839 3212 1893 κατά
3233 1839 3329 1908 τὴν
3359 1836 3704 1904 ἐπαγγελίαν

2140 1937 2494 2006 Εὑρήκαμεν
2523 1933 2631 2005 γὰρ
2651 1934 2961 1999 Μεσσίαν,
3000 1932 3070 1985 ὃν
3097 1931 3320 2000 ἔγραψε
3353 1927 3608 1993 Μωϋσῆς
3640 1926 3702 1980 ³⁸.

2144 2029 2322 2098 Ἔφηο
2370 2024 2688 2090 Καταϐήτω
2739 2025 2819 2089 ὡς
2853 2021 3026 2088 ὑετὸς
3070 2021 3135 2074 τὸ
3183 2016 3530 2088 ἁπόρθετμὰ
3566 2033 3704 2085 μου,

2140 2117 2236 2172 καὶ
2266 2117 2346 2180 ὼς
2383 2117 2420 2184 ὴ
2456 2113 2695 2183 σταγὼν
2736 2115 2773 2181 ή
2815 2110 3118 2172 στάζουσα
3153 2108 3250 2161 ἐπὶ
3291 2107 3400 2176 τὴν
3438 2105 3572 2176 γῆν.
3603 2103 3708 2156 Καὶ

2141 2205 2391 2263 ὁᾋαϐίδο
2425 2203 2746 2270 Καταόήτω
2792 2203 2872 2267 ὡς
2911 2201 3084 2266 ὑετὸς
3123 2197 3221 2252 ἐπὶ
3269 2197 3480 2250 πόκον.
3525 2194 3706 2263 Ἔριον

2139 2301 2316 2352 τοίνυν
2340 2298 2626 2368 δεχόμενον
2659 2295 2757 2366 τὴν
2789 2294 2999 2366 δρόσον,
3034 2291 3185 2358 αῦξει
3219 2290 3386 2342 πόκου
3415 2287 3574 2356 γονήν
3597 2302 3609 2316 ·
3639 2285 3710 2356 γῆ

2138 2389 2195 2442 δὲ
2214 2387 2475 2458 δεχομένη
2503 2387 2593 2439 τὸν
2623 2385 2774 2437 ὑετὸν
2803 2385 2866 2444 ’⁸,
2902 2382 3054 2448 αὔξει
3093 2381 3301 2453 καρπὸν
3331 2378 3710 2450 προστάγματι

2139 2477 2409 2532 Δεσπότου
2435 2518 2450 2544 ,
2511 2475 2870 2547 προσδιδοῦσα
2917 2475 3016 2544 τὴν
3055 2473 3214 2542 φύσιν
3248 2469 3706 2542 προθυμοτέρωςο

2138 2571 2200 2624 τὸ
2250 2569 2306 2622 δὲ
2358 2568 2656 2640 λαμϐάνειν
2696 2569 2824 2638 παρ’
2869 2565 3030 2620 αὑτοῦ
3083 2565 3242 2617 πλέον
3289 2565 3399 2633 ἔχει
3453 2561 3708 2631 σπουδήν.

2141 2665 2296 2720 Οὕτω
2327 2664 2389 2736 δὴ
2424 2663 2518 2718 καὶ
2546 2665 2581 2734 ἡ
2618 2659 2882 2734 παρθένος
2914 2660 3135 2729 Μαρία,
3182 2657 3343 2710 Κατὰ
3385 2657 3441 2709 τί
3485 2654 3714 2724 γνώσο-

2135 2775 2242 2828 μαι
2281 2756 2489 2822 τοῦτο,
2528 2756 2714 2827 φησιν,
2744 2755 2831 2808 ὅτι
2864 2754 3034 2806 ἔσται
3079 2768 3180 2821 μοι
3225 2749 3400 2802 τοῦτο
3423 2764 3440 2810 ;
3467 2747 3662 2824 ᾖκουσε
3691 2761 3708 2774 ο

2141 2850 2384 2920 Πνεῦμα
2434 2850 2653 2918 Κυρίου
2704 2848 2802 2900 ἐπὶ
2853 2845 2954 2911 σὲ,
2984 2846 3080 2899 καὶ
3129 2843 3379 2910 δύναμις
3427 2838 3713 2907 Ὑψίστου

2140 2939 2480 2994 ἐπισκιάσει
2528 2956 2626 2993 σοι
2655 2956 2668 2970 °
2719 2937 2811 2991 διὸ
2843 2938 2940 2994 καὶ
2971 2935 3036 2990 τὸ
3077 2933 3450 3004 γεννώμενον
3477 2932 3543 2983 ἐκ
3571 2927 3714 2991 σοῦ,

2143 3032 2312 3102 ἅγιον
2365 3031 2535 3084 ἔσται
2562 3069 2577 3093 ,
2627 3027 2726 3082 καὶ
2796 3027 2927 3091 Υἱὸς
2980 3011 3266 3092 Ὑψίστου
3325 3019 3713 3087 κληθήσεται.

463 3118 604 3171 istud
635 3119 968 3186 a/futurum?
994 3116 1205 3170 audiit:
1240 3115 1473 3183 Spiritus
1517 3118 1727 3174 Domini
1774 3121 1828 3173 in
1864 3131 1912 3174 te
1947 3121 2039 3174 de-

2145 3089 2378 3194 X'ptctbc
2408 3123 2464 3175 ὲν
2494 3089 2710 3190 ἀγγέλῳ
2749 3089 2927 3182 λαλεῖ,
2975 3089 3303 3170 ἀναπλάττει
3351 3114 3406 3167 δὲ
3441 3111 3628 3168 ἑαυτὸν
3655 3113 3722 3164 ὲν

463 3207 694 3271 scendet,
727 3217 776 3262 et
826 3210 995 3262 virtus
1035 3206 1297 3260 ΑΙιὶεεὶιηὶ
1323 3208 1655 3261 obumbrabit
1705 3219 1752 3262 te
1782 3226 1799 3263 :
1829 3211 2042 3288 ideoque

463 3302 674 3371 etquod
705 3313 947 3356 nascetur
974 3317 1039 3355 ea:
1066 3311 1131 3366 te,
1167 3312 1409 3355 sanctum
1447 3304 1627 3367 erit,et
1666 3301 1840 3359 Filius
1872 3307 2041 3362 Altis-

464 3384 586 3445 simi
609 3393 884 3446 vocabitur
909 3395 950 3445 ⁸.
982 3393 1240 3449 Christus
1266 3398 1320 3448 in
1355 3399 1549 3466 angelo
1589 3396 1830 3467 loquitur
1859 3416 1871 3451 :
1900 3407 1953 3452 et
1986 3400 2042 3452 in

465 3482 551 3535 sui
581 3483 754 3551 ipsius
778 3482 1106 3539 formatione
1134 3487 1484 3554 semetipsum
1521 3485 1787 3542 Dominus
1817 3487 2041 3557 ellingit,

464 3575 600 3627 servi
650 3573 880 3643 formam
929 3575 1151 3630 induens
1173 3577 1216 3629 ".
1266 3577 1533 3630 Caeterum
1589 3577 1755 3631 Maria
1804 3578 2042 3634 Verbum

467 3663 561 3719 Dei
598 3665 665 3719 ad
707 3665 1138 3734 generationem,
1172 3667 1321 3721 velut
1376 3675 1520 3722 terra
1558 3668 1818 3737 pluviam,
1862 3669 2045 3723 haurit

464 3764 522 3812 et
566 3758 825 3824 attrahit;
875 3757 1016 3813 Deus
1063 3774 1194 3813 vero
1243 3767 1492 3814 sanctum
1543 3775 1664 3814 sese
1705 3759 1940 3814 fructum
1988 3760 2043 3814 in

468 3847 686 3901 mortali
719 3847 828 3917 7o
860 3855 1054 3902 natura
1109 3849 1443 3918 capessenda
1491 3849 1854 3904 demonstrat.
1905 3849 2046 3921 Ergo

469 3937 562 3994 hic
596 3955 662 3994 ex
692 3939 784 3994 illa
816 3947 974 3994 terra:
1003 3941 1178 3994 instar
1202 3954 1264 3995 ac
1292 3941 1512 3996 velleris
1540 3942 1845 3996 attrahente
1874 3942 2048 4012 profe-

468 4033 594 4082 ctus
620 4037 727 4089 est,
770 4043 915 4082 vera:
949 4030 1247 4099 solidaque
1278 4029 1390 4099 spei
1427 4029 1662 4090 fructus.
1694 4038 1748 4084 et
1777 4046 1806 4084 a
1837 4032 2047 4087 sanctis

468 4127 843 4188 exspectatus.
874 4119 1344 4185 Quemadmodum
1395 4120 1711 4176 Elisabetha
1739 4123 1918 4178 dixit:
1958 4123 2051 4177 Be-

471 4211 678 4264 nedicta
717 4221 771 4262 tu
813 4212 947 4264 inter
972 4213 1237 4276 mulieres,
1269 4221 1318 4266 et
1366 4213 1662 4266 benedictus
1687 4214 1890 4282 fructus
1927 4232 2048 4268 vem-

474 4301 570 4353 tris
608 4300 685 4351 tui
705 4299 747 4354 ³.
781 4299 898 4353 lloc
939 4308 1117 4354 autem
1165 4316 1326 4354 omne
1367 4317 1433 4355 ex
1467 4302 1705 4356 humana
1737 4305 2049 4360 conditione

2141 3219 2208 3286 τῇ
2244 3213 2438 3268 ἑαυτοῦ
2470 3209 2661 3264 πλάσει
2675 3212 2985 3280 όΔεσπότης
2993 3207 3234 3280 μορφὴν
3255 3205 3478 3261 δούλου
3495 3205 3714 3261 λαϐὼν.

2143 3306 2253 3358 Καὶ
2285 3305 2471 3376 Μαρία
2525 3303 2623 3374 μὲν
2673 3301 2932 3371 ἀνιμᾶται
2962 3298 3053 3351 τὸν
3099 3298 3271 3364 Λόγον
3305 3298 3384 3358 εἰς
3439 3293 3720 3362 σύλληψιν.

2143 3396 2219 3460 ὡς
2241 3395 2393 3449 ὑετὸν
2423 3397 2456 3464 ἡ
2492 3394 2595 3463 γῆο
2627 3391 2820 3446 ἑαυτὸν
2841 3391 2896 3444 δὲ
2921 3388 3131 3459 καρπὸν
3158 3389 3312 3457 ἅγιον
3344 3386 3726 3439 ὑποδείκνυσιν

2144 3491 2172 3541 ὁ
2217 3487 2309 3541 τοῦ
2371 3485 2505 3540 Θεοῦ
2576 3485 2742 3552 Λόγος
2800 3481 3234 3553 προσλαϐόμενος
3287 3475 3479 3545 θνητοῦ
3532 3476 3724 3545 φύσιν.

2144 3577 2332 3640 Οὕτως
2362 3578 2402 3608 ¹⁷
2433 3573 2526 3630 οὖν
2558 3575 2616 3641 ἐξ
2638 3573 2809 3643 αὐτῆς
2829 3571 3129 3642 ἀνιμώσης,
3165 3571 3240 3632 ὡς
3267 3568 3340 3638 γῆ
3370 3567 3461 3619 καὶ
3494 3566 3659 3628 πόκος
3695 3567 3730 3620 6

2143 3668 2242 3738 τῆς
2285 3665 2518 3736 ἀληθοῦς
2563 3664 2774 3727 ἐλπίδος
2803 3661 3012 3734 καρπὸς
3037 3700 3051 3724 ,
3083 3660 3116 3730 ὴ
3155 3658 3264 3711 τῶν
3295 3657 3463 3725 ἁγίων
3492 3656 3728 3726 προσδο-

2145 3760 2267 3821 κία,
2303 3757 2484 3820 καθὼς
2528 3756 2806 3809 Ἐλισάϐετ
2849 3753 3032 3820 ἔλεγεν
3055 3768 3068 3782 ο
3105 3749 3497 3818 Εὐλογημένη
3530 3747 3612 3801 σὺ
3650 3748 3727 3800 ὲν

2144 3849 2402 3919 γυναιξὶ,
2436 3848 2531 3902 καὶ
2567 3845 2970 3916 εὐλογημένος
2995 3847 3028 3898 ὀ
3073 3841 3303 3910 καρπὸς
3333 3840 3444 3908 τῆς
3489 3839 3728 3902 κοιλίας

2147 3957 2264 3997 σου
2299 3957 2314 3973 ’
2383 3941 2440 3993 ἓν
2508 3940 2875 4012 προσελάὸετο
2923 3936 2982 4001 ἐξ
3043 3935 3459 4005 ἁνθρωπότητος
3509 3929 3724 3994 παθὼν,

2147 4031 2362 4102 ἀπαθὴς
2399 4031 2474 4084 ὢν
2522 4031 2550 4082 ὁ
2596 4031 2782 4099 Λόγος.
2827 4024 3016 4092 Οὗτος
3043 4027 3220 4094 ἄρτος
3247 4028 3280 4079 ὁ
3311 4023 3452 4084 ζῶν,
3484 4025 3516 4076 ὁ
3545 4037 3726 4074 κατα-

2150 4122 2256 4188 ϐὰς
2277 4123 2346 4186 ἐξ
2373 4122 2633 4190 οὐρανοῦ
2654 4163 2667 4187 ,
2695 4122 2788 4174 καὶ
2813 4120 2955 4189 ζωὴν
2985 4117 3187 4180 διδούς·
3223 4110 3376 4178 οὗτος
3401 4118 3428 4168 ό
3464 4115 3562 4184 τῆς
3590 4113 3726 4182 om-

2151 4213 2276 4277 θοῦς
2300 4213 2482 4277 ἐλαίας
2509 4212 2720 4284 καρπὸς
2738 4253 2752 4276 ,
2782 4211 2843 4267 τὸ
2879 4211 3054 4264 ἔλαιον
3080 4210 3181 4280 τῆς
3207 4209 3437 4279 κρίσεως
3481 4205 3576 4258 καὶ
3621 4207 3726 4273 τῆς

2155 4305 2471 4368 συνθέσεως,
2492 4305 2520 4357 ὃ
2541 4303 2893 4377 προετύπωσε
2921 4303 3182 4372 Μωῡσῆς.
3208 4295 3374 4362 Οὗτος
3396 4299 3434 4364 ἡ
3461 4294 3725 4364 ἀληθινὴ

475 4402 540 4441 ac
582 4395 777 4441 natura
823 4387 876 4441 in
913 4403 1035 4442 sese
1087 4385 1371 4441 transtulit
1412 4386 1649 4442 Verbum
1702 4389 1856 4451 illud,
1904 4392 2042 4459 quod

2151 4395 2439 4464 ἄμπελος,
2470 4396 2536 4465 ἢν
2562 4397 2796 4465 γεωργεϊ
2825 4394 2983 4464 μόνος
3015 4397 3043 4446 ὁ
3074 4393 3261 4464 Πατὴρ
3286 4432 3300 4452 ,
3331 4392 3521 4462 βότρυν
3547 4391 3728 4459 χαρᾶς

473 4494 676 4548 expers
726 4479 928 4548 alioqui
983 4479 1258 4549 passionis
1321 4480 1528 4550 perpeti
1571 4480 1762 4535 voluit.
1813 4480 1914 4537 Hic
1968 4491 2045 4536 est

475 4571 629 4641 panis
675 4569 765 4623 ille
798 4570 939 4624 vivus
991 4571 1078 4641 qui
1122 4570 1186 4624 de
1232 4573 1358 4624 coelo
1399 4570 1728 4637 descendit’,
1783 4587 1847 4628 ac
1883 4573 2045 4627 vitam

478 4662 760 4733 impertiit.
792 4661 890 4716 llic
923 4673 1007 4717 est
1040 4679 1181 4716 vera:
1225 4663 1436 4718 fructus
1480 4665 1647 4727 oleae;
1686 4664 1962 4720 unctionis
1995 4675 2049 4720 et

477 4752 892 4823 compositionis
960 4753 1138 4807 oleum
1193 4753 1360 4817 illud,
1411 4754 1553 4823 quod
1599 4753 1813 4824 Moyses
1870 4756 2052 4824 specie

477 4845 714 4918 quadam
760 4845 1186 4900 adumbravit".
1230 4845 1370 4901 Idem
1408 4863 1526 4899 vera
1550 4847 1668 4900 citis
1703 4848 1862 4912 est“,
1889 4863 2049 4918 quam

484 4917 637 4992 solus
661 4935 824 4990 Pater
851 4938 1002 5000 colit,
1031 4938 1124 5006 qui
1155 4937 1354 4992 laetitia:
1380 4937 1539 4992 nobis
1559 4953 1716 4992 uvam
1744 4917 2050 5009 progenuit.

483 5028 582 5083 llic
613 5036 698 5084 est
726 5045 862 5099 aqua
890 5028 987 5082 illa
1017 5029 1151 5091 viva,
1185 5045 1342 5098 quam
1375 5029 1558 5083 sitiens
1586 5029 1738 5083 homo
1764 5047 1882 5083 cum
1912 5030 2052 5086 bibe-

556 5206 572 5236 ί
603 5203 644 5258 11
672 5204 790 5258 Tim
849 5219 908 5266 ιι,
935 5203 988 5258 5.
1061 5205 1082 5236 ’
1107 5203 1266 5260 Joan.
1299 5221 1339 5267 ι,
1374 5205 1459 5258 14.

483 5275 505 5306 "
545 5273 775 5343 Philipp.
811 5289 871 5333 ιι,
900 5274 950 5326 7.
1046 5274 1067 5305 ⁸
1105 5275 1238 5330 Luc.
1271 5292 1311 5339 ι,
1345 5275 1434 5329 42.

1557 5206 1578 5237 ³
1611 5204 1767 5258 Joan.
1803 5222 1840 5269 ι,
1867 5206 1956 5260 43.

1525 5277 1546 5307 ⁹
1581 5275 1733 5332 Joan.
1767 5292 1843 5337 vr.
1880 5277 1968 5331 51.

2061 5207 2082 5239 ⁸
2114 5206 2267 5260 Deut.
2305 5223 2476 5269 xxxii,
2509 5207 2560 5259 ‘2.
2646 5207 2666 5238 ⁸
2693 5205 2835 5259 Psal.
2871 5223 3021 5267 uxr,
3050 5205 3101 5260 6.

2068 5277 2112 5308 “
2143 5276 2312 5330 Exod.
2351 5293 2477 5339 xxx,
2503 5277 2591 5329 24.
2673 5277 2714 5307 ³⁸
2744 5275 2901 5330 Joan.
2940 5293 3029 5336 xv,
3059 5277 3107 5329 1.

2151 4488 2417 4555 γεννήσας
2463 4489 2613 4556 ἡμῖν.
2653 4478 2821 4549 Οὗτος
2870 4486 2935 4538 τὸ
2967 4485 3124 4554 ὕδωρ
3158 4486 3225 4539 τὸ
3266 4483 3376 4544 ζῶν
3400 4523 3414 4547 ,
3463 4483 3493 4536 ὃ
3527 4481 3730 4550 διψῶν

2152 4578 2460 4646 ἄνθρωπος
2490 4579 2708 4642 λαϐὼν,
2748 4581 2820 4632 οὐ
2855 4578 3103 4646 διψήσει
3132 4578 3316 4631 πάλιν
3341 4616 3355 4639 ,
3389 4577 3524 4631 ἀλλ’
3553 4576 3730 4628 ἐστιν

2153 4670 2222 4723 ὲν
2253 4668 2325 4737 τῇ
2355 4670 2550 4736 κοιλίᾳ
2579 4671 2764 4724 αὐτοῦ
2790 4671 3130 4739 ἀλλόμενον
3158 4671 3245 4734 εις
3283 4668 3434 4734 ζωὴν
3459 4666 3727 4720 αἰώνιον.

2167 4763 2260 4814 Ἐκ
2294 4761 2482 4815 τούτου
2515 4761 2767 4824 λαϐόντες
2794 4761 3099 4832 μετέδωκαν
3129 4762 3176 4813 οἱ
3213 4759 3321 4813 νέοι
3365 4757 3598 4828 γεωργοὶ
3645 4757 3732 4819 εἰς

2155 4849 2245 4903 τὸν
2302 4851 2536 4921 κόσμον
2589 4851 2806 4904 παλαιοὶ
2858 4851 2915 4902 δὲ
2968 4851 3202 4921 γεωργοὶ
3257 4849 3518 4918 ὲξήραναν
3547 4847 3589 4879 ¹⁸
3631 4847 3734 4898 καὶ

2153 4939 2408 5012 ἔφθειραν
2432 4939 2521 4992 διὰ
2546 4939 3035 5010 ἀπιστίαν.Λῖματι
3064 4940 3161 5009 μὲν
3191 4937 3352 4991 αὐτοῦ
3382 4935 3732 5004 ἀγιάξεταιη

2153 5032 2221 5085 τὰ
2248 5032 2405 5102 ἔθνη·
2447 5030 2720 5100 Πνεῦματι
2769 5031 2824 5083 δὲ
2865 5030 3031 5083 αὑτοῦ
3080 5030 3192 5100 ἰδίῳ
3225 5029 3413 5097 ἀνάγει
3443 5029 3567 5090 τοὺς
3596 5026 3738 5095 κληι-

3193 5205 3214 5236 ⁶
3245 5203 3379 5258 Luc.
3418 5219 3457 5262 ι.
3491 5202 3561 5255 54
3596 5218 3736 5274 sqq.

3214 5277 3258 5309 ¹¹
3285 5291 3374 5343 γρ.
3408 5275 3501 5327 καὶ
3531 5273 3736 5341 Λόγος.

489 5345 533 5375 ⁸³
558 5361 649 5411 γρ.
691 5345 782 5416 καὶ
809 5344 1039 5416 εἴδομεν.
1115 5345 1160 5376 ⁸⁸
1186 5363 1273 5414 γρ.
1310 5344 1475 5416 αὑτοῦ
1510 5344 1662 5410 αὔξει
1692 5347 1852 5416 φυήν.
1933 5348 1976 5378 ¹⁸
2000 5346 2040 5398 D

2144 5355 2158 5399 t
2189 5347 2414 5411 aliquid.
2495 5349 2536 5378 ⁸³
2567 5346 2856 5415 Perperam
2883 5349 2994 5400 haec
3017 5346 3212 5416 haeresi
3245 5346 3311 5399 74
3335 5343 3406 5399 ita
3425 5345 3688 5416 leguntur
3716 5361 3739 5405 :

479 5410 670 5483 δεχομ.
705 5415 794 5466 τὸν
831 5410 1041 5477 ἐλπίδος
1060 5410 1306 5486 γεωργὸν
1332 5415 1507 5469 ὑετόν.
1587 5417 1626 5448 ⁸⁷
1775 5410 1949 5479 οὗτος.
2023 5416 2066 5447 ⁸⁸
2094 5433 2183 5486 γρ.
2219 5410 2438 5487 ἐξῆραν.
2519 5418 2560 5448 ¹⁹
2589 5410 2688 5485 rp:
2709 5417 2902 5470 ἑαυτοῦ
2930 5415 3165 5484 ἁγιάζει.

560 5563 636 5632 (5)
667 5570 1181 5639 Προσλαὸόμενον.
1224 5568 1480 5639 Petavius
1522 5569 1684 5623 vertit
1713 5567 2041 5639 adiunctum.
2071 5566 2399 5625 Thomasius
2437 5577 2624 5628 noster
2660 5577 2832 5625 totum
2881 5568 3024 5624 hunc
3083 5568 3462 5626 similitudinis
3531 5569 3747 5639 pluviae

491 5631 669 5691 locum
711 5631 1013 5696 Petaviana'e
1043 5638 1507 5707 interpretationis
1541 5631 1867 5693 emendavit.

2095 5785 2106 5788 κ
2139 5772 2206 5784 Α.
