  <div class='ocr_page' id='page_1' title='image "/cluster/home/n/w/nwhite01/storage/ocr_20150623/43/hvd.32044054272794/085.png"; bbox 0 0 3992 6198; ppageno 0'>
   <div class='ocr_carea' id='block_1_1' title="bbox 396 277 494 330">
    <p class='ocr_par' dir='ltr' id='par_1_1' title="bbox 396 277 494 330">
     <span class='ocr_line' id='line_1_1' title="bbox 396 277 494 330; baseline 0 -1"><span class='ocrx_word' id='word_1_1' title='bbox 396 277 494 330; x_wconf 70' lang='lat'><strong>139</strong></span> 
     </span>
    </p>
   </div>
   <div class='ocr_carea' id='block_1_2' title="bbox 1773 269 2218 330">
    <p class='ocr_par' dir='ltr' id='par_1_2' title="bbox 1773 269 2218 330">
     <span class='ocr_line' id='line_1_2' title="bbox 1773 269 2218 330; baseline 0.007 -3"><span class='ocrx_word' id='word_1_2' title='bbox 1773 274 1827 328; x_wconf 89' lang='lat' dir='ltr'><strong>S.</strong></span> <span class='ocrx_word' id='word_1_3' title='bbox 1880 269 2218 330; x_wconf 75' lang='lat' dir='ltr'><strong>EI’IPHANII</strong></span> 
     </span>
    </p>
   </div>
   <div class='ocr_carea' id='block_1_3' title="bbox 3548 274 3651 331">
    <p class='ocr_par' dir='ltr' id='par_1_3' title="bbox 3548 274 3651 331">
     <span class='ocr_line' id='line_1_3' title="bbox 3548 274 3651 331; baseline -0.019 0"><span class='ocrx_word' id='word_1_4' title='bbox 3548 274 3570 331; x_wconf 72' lang='grc' dir='ltr'><strong>ί</strong></span> <span class='ocrx_word' id='word_1_5' title='bbox 3583 275 3651 330; x_wconf 79' lang='grc' dir='ltr'><strong>ιο</strong></span> 
     </span>
    </p>
   </div>
   <div class='ocr_carea' id='block_1_4' title="bbox 387 383 1968 462">
    <p class='ocr_par' dir='ltr' id='par_1_4' title="bbox 387 383 1959 455">
     <span class='ocr_line' id='line_1_4' title="bbox 387 383 1959 455; baseline 0 -12"><span class='ocrx_word' id='word_1_6' title='bbox 387 395 608 454; x_wconf 90' lang='lat' dir='ltr'><strong>sancta;</strong></span> <span class='ocrx_word' id='word_1_7' title='bbox 641 386 744 441; x_wconf 98' lang='lat' dir='ltr'><strong>tria</strong></span> <span class='ocrx_word' id='word_1_8' title='bbox 785 383 961 440; x_wconf 85' lang='lat' dir='ltr'><strong>forma</strong></span> <span class='ocrx_word' id='word_1_9' title='bbox 1000 384 1249 455; x_wconf 67' lang='lat' dir='ltr'><strong>prmdita,</strong></span> <span class='ocrx_word' id='word_1_10' title='bbox 1300 385 1405 441; x_wconf 78' lang='lat' dir='ltr'><strong>tria</strong></span> <span class='ocrx_word' id='word_1_11' title='bbox 1430 387 1675 444; x_wconf 88' lang='lat' dir='ltr'><strong>eamdem</strong></span> <span class='ocrx_word' id='word_1_12' title='bbox 1732 388 1959 444; x_wconf 75' lang='lat' dir='ltr'><strong>formam</strong></span> 
     </span>
    </p>
   </div>
   <div class='ocr_carea' id='block_1_5' title="bbox 2069 383 3651 462">
    <p class='ocr_par' dir='ltr' id='par_1_5' title="bbox 2069 386 3651 462">
     <span class='ocr_line' id='line_1_5' title="bbox 2069 386 3651 462; baseline 0 -18"><span class='ocrx_word' id='word_1_13' title='bbox 2069 408 2186 462; x_wconf 83' lang='grc' dir='ltr'>τητι</span> <span class='ocrx_word' id='word_1_14' title='bbox 2215 390 2434 461; x_wconf 86' lang='grc' dir='ltr'>χάριτος</span> <span class='ocrx_word' id='word_1_15' title='bbox 2462 389 2672 461; x_wconf 82' lang='grc' dir='ltr'>Πατρὸς</span> <span class='ocrx_word' id='word_1_16' title='bbox 2706 390 2799 446; x_wconf 80' lang='grc' dir='ltr'>καὶ</span> <span class='ocrx_word' id='word_1_17' title='bbox 2824 386 2956 445; x_wconf 83' lang='grc' dir='ltr'>Υίοῦ</span> <span class='ocrx_word' id='word_1_18' title='bbox 3001 390 3095 443; x_wconf 72' lang='grc' dir='ltr'>καὶ</span> <span class='ocrx_word' id='word_1_19' title='bbox 3125 387 3279 457; x_wconf 86' lang='grc' dir='ltr'>άγίου</span> <span class='ocrx_word' id='word_1_20' title='bbox 3312 387 3651 460; x_wconf 77' lang='grc' dir='ltr'>Πνεύματος.</span> 
     </span>
    </p>
   </div>
   <div class='ocr_carea' id='block_1_6' title="bbox 387 478 1960 548">
    <p class='ocr_par' dir='ltr' id='par_1_6' title="bbox 387 478 1960 548">
     <span class='ocr_line' id='line_1_6' title="bbox 387 478 1960 548; baseline 0.004 -18"><span class='ocrx_word' id='word_1_21' title='bbox 387 479 669 545; x_wconf 75' lang='lat' dir='ltr'><strong>habentia;</strong></span> <span class='ocrx_word' id='word_1_22' title='bbox 711 479 816 532; x_wconf 90' lang='lat' dir='ltr'><strong>tria</strong></span> <span class='ocrx_word' id='word_1_23' title='bbox 851 478 1115 544; x_wconf 82' lang='lat' dir='ltr'><strong>eﬂicacia,</strong></span> <span class='ocrx_word' id='word_1_24' title='bbox 1159 481 1265 534; x_wconf 84' lang='lat' dir='ltr'><strong>tria</strong></span> <span class='ocrx_word' id='word_1_25' title='bbox 1305 481 1467 536; x_wconf 84' lang='lat' dir='ltr'><strong>simul</strong></span> <span class='ocrx_word' id='word_1_26' title='bbox 1503 480 1824 548; x_wconf 85' lang='lat' dir='ltr'><strong>eliicientia;</strong></span> <span class='ocrx_word' id='word_1_27' title='bbox 1852 484 1960 536; x_wconf 85' lang='lat' dir='ltr'><strong>tria</strong></span> 
     </span>
    </p>
   </div>
   <div class='ocr_carea' id='block_1_7' title="bbox 383 571 1961 634">
    <p class='ocr_par' dir='ltr' id='par_1_7' title="bbox 383 571 1961 634">
     <span class='ocr_line' id='line_1_7' title="bbox 383 571 1961 634; baseline 0.002 -9"><span class='ocrx_word' id='word_1_28' title='bbox 383 572 772 634; x_wconf 76' lang='lat' dir='ltr'><strong>subsistentia,</strong></span> <span class='ocrx_word' id='word_1_29' title='bbox 821 571 925 625; x_wconf 86' lang='lat' dir='ltr'><strong>tria</strong></span> <span class='ocrx_word' id='word_1_30' title='bbox 976 571 1139 626; x_wconf 88' lang='lat' dir='ltr'><strong>simul</strong></span> <span class='ocrx_word' id='word_1_31' title='bbox 1208 572 1573 628; x_wconf 82' lang='lat' dir='ltr'><strong>subsistentia</strong></span> <span class='ocrx_word' id='word_1_32' title='bbox 1628 582 1682 627; x_wconf 87' lang='lat' dir='ltr'><strong>ct</strong></span> <span class='ocrx_word' id='word_1_33' title='bbox 1727 574 1961 628; x_wconf 81' lang='lat' dir='ltr'><strong>invicem</strong></span> 
     </span>
    </p>
   </div>
   <div class='ocr_carea' id='block_1_8' title="bbox 386 662 1962 735">
    <p class='ocr_par' dir='ltr' id='par_1_8' title="bbox 386 662 1962 735">
     <span class='ocr_line' id='line_1_8' title="bbox 386 662 1962 735; baseline 0.001 -18"><span class='ocrx_word' id='word_1_34' title='bbox 386 664 699 732; x_wconf 83' lang='lat' dir='ltr'><strong>conjuncta.</strong></span> <span class='ocrx_word' id='word_1_35' title='bbox 745 664 923 732; x_wconf 81' lang='lat' dir='ltr'><strong>Atque</strong></span> <span class='ocrx_word' id='word_1_36' title='bbox 975 678 1039 718; x_wconf 90' lang='lat' dir='ltr'><strong>ea</strong></span> <span class='ocrx_word' id='word_1_37' title='bbox 1096 662 1315 718; x_wconf 90' lang='lat' dir='ltr'><strong>demum</strong></span> <span class='ocrx_word' id='word_1_38' title='bbox 1364 673 1554 719; x_wconf 89' lang='lat' dir='ltr'><strong>sancta</strong></span> <span class='ocrx_word' id='word_1_39' title='bbox 1582 663 1824 720; x_wconf 85' lang='lat' dir='ltr'><strong>Trinitas</strong></span> <span class='ocrx_word' id='word_1_40' title='bbox 1862 680 1962 735; x_wconf 82' lang='lat' dir='ltr'><strong>ap-</strong></span> 
     </span>
    </p>
   </div>
   <div class='ocr_carea' id='block_1_9' title="bbox 385 754 1963 824">
    <p class='ocr_par' dir='ltr' id='par_1_9' title="bbox 385 754 1963 824">
     <span class='ocr_line' id='line_1_9' title="bbox 385 754 1963 824; baseline 0.001 -16"><span class='ocrx_word' id='word_1_41' title='bbox 385 755 636 824; x_wconf 83' lang='lat' dir='ltr'><strong>pellatur,</strong></span> <span class='ocrx_word' id='word_1_42' title='bbox 663 755 717 807; x_wconf 93' lang='lat' dir='ltr'><strong>in</strong></span> <span class='ocrx_word' id='word_1_43' title='bbox 745 769 850 823; x_wconf 90' lang='lat' dir='ltr'><strong>qua</strong></span> <span class='ocrx_word' id='word_1_44' title='bbox 886 754 989 807; x_wconf 85' lang='lat' dir='ltr'><strong>tria</strong></span> <span class='ocrx_word' id='word_1_45' title='bbox 1011 761 1161 819; x_wconf 86' lang='lat' dir='ltr'><strong>sunt,</strong></span> <span class='ocrx_word' id='word_1_46' title='bbox 1196 754 1291 809; x_wconf 90' lang='lat' dir='ltr'><strong>sed</strong></span> <span class='ocrx_word' id='word_1_47' title='bbox 1322 769 1430 809; x_wconf 90' lang='lat' dir='ltr'><strong>una</strong></span> <span class='ocrx_word' id='word_1_48' title='bbox 1455 757 1616 810; x_wconf 90' lang='lat' dir='ltr'><strong>trium</strong></span> <span class='ocrx_word' id='word_1_49' title='bbox 1646 756 1963 820; x_wconf 88' lang='lat' dir='ltr'><strong>consensio,</strong></span> 
     </span>
    </p>
   </div>
   <div class='ocr_carea' id='block_1_10' title="bbox 386 842 1965 916">
    <p class='ocr_par' dir='ltr' id='par_1_10' title="bbox 386 842 1965 916">
     <span class='ocr_line' id='line_1_10' title="bbox 386 842 1965 916; baseline -0.001 -17"><span class='ocrx_word' id='word_1_50' title='bbox 386 861 492 899; x_wconf 90' lang='lat' dir='ltr'><strong>una</strong></span> <span class='ocrx_word' id='word_1_51' title='bbox 517 844 778 898; x_wconf 83' lang='lat' dir='ltr'><strong>divinitas</strong></span> <span class='ocrx_word' id='word_1_52' title='bbox 807 843 1054 912; x_wconf 84' lang='lat' dir='ltr'><strong>ejusdem</strong></span> <span class='ocrx_word' id='word_1_53' title='bbox 1075 842 1296 899; x_wconf 88' lang='lat' dir='ltr'><strong>virtutis</strong></span> <span class='ocrx_word' id='word_1_54' title='bbox 1322 845 1679 916; x_wconf 89' lang='lat' dir='ltr'><strong>eiusdemque</strong></span> <span class='ocrx_word' id='word_1_55' title='bbox 1706 848 1965 901; x_wconf 87' lang='lat' dir='ltr'><strong>substan-</strong></span> 
     </span>
    </p>
   </div>
   <div class='ocr_carea' id='block_1_11' title="bbox 385 931 1965 1005">
    <p class='ocr_par' dir='ltr' id='par_1_11' title="bbox 385 931 1965 1005">
     <span class='ocr_line' id='line_1_11' title="bbox 385 931 1965 1005; baseline 0.003 -21"><span class='ocrx_word' id='word_1_56' title='bbox 385 934 490 996; x_wconf 66' lang='lat' dir='ltr'><strong>tiaa,</strong></span> <span class='ocrx_word' id='word_1_57' title='bbox 532 931 730 987; x_wconf 89' lang='lat' dir='ltr'><strong>similis</strong></span> <span class='ocrx_word' id='word_1_58' title='bbox 755 947 784 986; x_wconf 91' lang='lat' dir='ltr'><strong>e</strong></span> <span class='ocrx_word' id='word_1_59' title='bbox 815 931 1018 998; x_wconf 90' lang='lat' dir='ltr'><strong>simili;</strong></span> <span class='ocrx_word' id='word_1_60' title='bbox 1051 948 1173 1001; x_wconf 83' lang='lat' dir='ltr'><strong>quae</strong></span> <span class='ocrx_word' id='word_1_61' title='bbox 1205 935 1467 1002; x_wconf 68' lang='lat' dir='ltr'><strong>mqualem</strong></span> <span class='ocrx_word' id='word_1_62' title='bbox 1511 936 1741 1005; x_wconf 83' lang='lat' dir='ltr'><strong>gratiam</strong></span> <span class='ocrx_word' id='word_1_63' title='bbox 1777 952 1841 990; x_wconf 81' lang='lat' dir='ltr'><strong>ex</strong></span> <span class='ocrx_word' id='word_1_64' title='bbox 1875 950 1965 990; x_wconf 84' lang='lat' dir='ltr'><strong>ea-</strong></span> 
     </span>
    </p>
   </div>
   <div class='ocr_carea' id='block_1_12' title="bbox 387 1022 1962 1098">
    <p class='ocr_par' dir='ltr' id='par_1_12' title="bbox 387 1022 1962 1098">
     <span class='ocr_line' id='line_1_12' title="bbox 387 1022 1962 1098; baseline 0.002 -20"><span class='ocrx_word' id='word_1_65' title='bbox 387 1025 507 1079; x_wconf 89' lang='lat' dir='ltr'><strong>dem</strong></span> <span class='ocrx_word' id='word_1_66' title='bbox 537 1023 699 1078; x_wconf 85' lang='lat' dir='ltr'><strong>etlicit</strong></span> <span class='ocrx_word' id='word_1_67' title='bbox 730 1023 903 1093; x_wconf 87' lang='lat' dir='ltr'><strong>gratia</strong></span> <span class='ocrx_word' id='word_1_68' title='bbox 940 1022 1118 1078; x_wconf 80' lang='lat' dir='ltr'><strong>Patris</strong></span> <span class='ocrx_word' id='word_1_69' title='bbox 1152 1031 1208 1078; x_wconf 90' lang='lat' dir='ltr'><strong>et</strong></span> <span class='ocrx_word' id='word_1_70' title='bbox 1246 1023 1368 1079; x_wconf 88' lang='lat' dir='ltr'><strong>Filii</strong></span> <span class='ocrx_word' id='word_1_71' title='bbox 1400 1041 1465 1080; x_wconf 90' lang='lat' dir='ltr'><strong>ac</strong></span> <span class='ocrx_word' id='word_1_72' title='bbox 1495 1025 1734 1098; x_wconf 84' lang='lat' dir='ltr'><strong>Spiritus</strong></span> <span class='ocrx_word' id='word_1_73' title='bbox 1765 1027 1962 1082; x_wconf 89' lang='lat' dir='ltr'><strong>sancti.</strong></span> 
     </span>
    </p>
   </div>
   <div class='ocr_carea' id='block_1_13' title="bbox 385 1115 1965 1190">
    <p class='ocr_par' dir='ltr' id='par_1_13' title="bbox 385 1115 1965 1190">
     <span class='ocr_line' id='line_1_13' title="bbox 385 1115 1965 1190; baseline 0.003 -21"><span class='ocrx_word' id='word_1_74' title='bbox 385 1119 632 1183; x_wconf 82' lang='lat' dir='ltr'><strong>Quonam</strong></span> <span class='ocrx_word' id='word_1_75' title='bbox 675 1130 804 1170; x_wconf 85' lang='lat' dir='ltr'><strong>vero</strong></span> <span class='ocrx_word' id='word_1_76' title='bbox 837 1115 999 1169; x_wconf 92' lang='lat' dir='ltr'><strong>modo</strong></span> <span class='ocrx_word' id='word_1_77' title='bbox 1021 1115 1198 1186; x_wconf 87' lang='lat' dir='ltr'><strong>possit</strong></span> <span class='ocrx_word' id='word_1_78' title='bbox 1222 1116 1370 1172; x_wconf 87' lang='lat' dir='ltr'><strong>istud</strong></span> <span class='ocrx_word' id='word_1_79' title='bbox 1402 1133 1546 1184; x_wconf 88' lang='lat' dir='ltr'><strong>esse,</strong></span> <span class='ocrx_word' id='word_1_80' title='bbox 1578 1118 1826 1190; x_wconf 89' lang='lat' dir='ltr'><strong>ipsismet</strong></span> <span class='ocrx_word' id='word_1_81' title='bbox 1857 1118 1965 1174; x_wconf 88' lang='lat' dir='ltr'><strong>illis</strong></span> 
     </span>
    </p>
   </div>
   <div class='ocr_carea' id='block_1_14' title="bbox 384 1207 1963 1281">
    <p class='ocr_par' dir='ltr' id='par_1_14' title="bbox 384 1207 1963 1281">
     <span class='ocr_line' id='line_1_14' title="bbox 384 1207 1963 1281; baseline -0.004 -15"><span class='ocrx_word' id='word_1_82' title='bbox 384 1213 691 1268; x_wconf 88' lang='lat' dir='ltr'><strong>docendum</strong></span> <span class='ocrx_word' id='word_1_83' title='bbox 711 1211 1038 1281; x_wconf 87' lang='lat' dir='ltr'><strong>relinquitur</strong></span> <span class='ocrx_word' id='word_1_84' title='bbox 1066 1229 1080 1266; x_wconf 89' lang='lat'><strong>:</strong></span> <span class='ocrx_word' id='word_1_85' title='bbox 1111 1207 1303 1274; x_wconf 84' lang='lat' dir='ltr'><strong>Nemo,</strong></span> <span class='ocrx_word' id='word_1_86' title='bbox 1330 1209 1530 1279; x_wconf 86' lang='lat' dir='ltr'><strong>inquit,</strong></span> <span class='ocrx_word' id='word_1_87' title='bbox 1557 1209 1699 1262; x_wconf 84' lang='lat' dir='ltr'><strong>norit</strong></span> <span class='ocrx_word' id='word_1_88' title='bbox 1721 1207 1963 1274; x_wconf 85' lang='lat' dir='ltr'><strong>Patrem,</strong></span> 
     </span>
    </p>
   </div>
   <div class='ocr_carea' id='block_1_15' title="bbox 387 1299 1966 1373">
    <p class='ocr_par' dir='ltr' id='par_1_15' title="bbox 387 1299 1966 1373">
     <span class='ocr_line' id='line_1_15' title="bbox 387 1299 1966 1373; baseline -0.003 -15"><span class='ocrx_word' id='word_1_89' title='bbox 387 1306 490 1359; x_wconf 92' lang='lat' dir='ltr'><strong>nisi</strong></span> <span class='ocrx_word' id='word_1_90' title='bbox 519 1304 729 1366; x_wconf 84' lang='lat' dir='ltr'><strong>Filius;</strong></span> <span class='ocrx_word' id='word_1_91' title='bbox 767 1321 929 1373; x_wconf 86' lang='lat' dir='ltr'><strong>neque</strong></span> <span class='ocrx_word' id='word_1_92' title='bbox 959 1302 1186 1366; x_wconf 84' lang='lat' dir='ltr'><strong>Filium,</strong></span> <span class='ocrx_word' id='word_1_93' title='bbox 1223 1303 1327 1356; x_wconf 89' lang='lat' dir='ltr'><strong>nisi</strong></span> <span class='ocrx_word' id='word_1_94' title='bbox 1367 1301 1555 1365; x_wconf 80' lang='lat' dir='ltr'><strong>Pater,</strong></span> <span class='ocrx_word' id='word_1_95' title='bbox 1582 1309 1630 1355; x_wconf 88' lang='lat' dir='ltr'><strong>et</strong></span> <span class='ocrx_word' id='word_1_96' title='bbox 1666 1302 1752 1354; x_wconf 88' lang='lat' dir='ltr'><strong>eui</strong></span> <span class='ocrx_word' id='word_1_97' title='bbox 1787 1299 1966 1353; x_wconf 81' lang='lat' dir='ltr'><strong>Filius</strong></span> 
     </span>
    </p>
   </div>
   <div class='ocr_carea' id='block_1_16' title="bbox 385 1393 1965 1464">
    <p class='ocr_par' dir='ltr' id='par_1_16' title="bbox 385 1393 1965 1464">
     <span class='ocr_line' id='line_1_16' title="bbox 385 1393 1965 1464; baseline -0.003 -14"><span class='ocrx_word' id='word_1_98' title='bbox 385 1397 631 1453; x_wconf 84' lang='lat' dir='ltr'><strong>revelarit</strong></span> <span class='ocrx_word' id='word_1_99' title='bbox 663 1399 714 1450; x_wconf 83' lang='grc'><strong>¹;</strong></span> <span class='ocrx_word' id='word_1_100' title='bbox 753 1396 841 1449; x_wconf 91' lang='lat' dir='ltr'><strong>cui</strong></span> <span class='ocrx_word' id='word_1_101' title='bbox 877 1403 1058 1450; x_wconf 87' lang='lat' dir='ltr'><strong>autem</strong></span> <span class='ocrx_word' id='word_1_102' title='bbox 1093 1410 1187 1462; x_wconf 92' lang='lat' dir='ltr'><strong>per</strong></span> <span class='ocrx_word' id='word_1_103' title='bbox 1223 1393 1488 1464; x_wconf 83' lang='lat' dir='ltr'><strong>Spiritum</strong></span> <span class='ocrx_word' id='word_1_104' title='bbox 1526 1400 1778 1448; x_wconf 89' lang='lat' dir='ltr'><strong>sanctum</strong></span> <span class='ocrx_word' id='word_1_105' title='bbox 1808 1405 1965 1446; x_wconf 87' lang='lat' dir='ltr'><strong>reve-</strong></span> 
     </span>
    </p>
   </div>
   <div class='ocr_carea' id='block_1_17' title="bbox 385 1487 1966 1557">
    <p class='ocr_par' dir='ltr' id='par_1_17' title="bbox 385 1487 1966 1557">
     <span class='ocr_line' id='line_1_17' title="bbox 385 1487 1966 1557; baseline -0.003 -13"><span class='ocrx_word' id='word_1_106' title='bbox 385 1492 480 1552; x_wconf 82' lang='lat' dir='ltr'><strong>lat,</strong></span> <span class='ocrx_word' id='word_1_107' title='bbox 516 1492 566 1545; x_wconf 89' lang='lat' dir='ltr'><strong>ci</strong></span> <span class='ocrx_word' id='word_1_108' title='bbox 609 1498 662 1544; x_wconf 84' lang='lat' dir='ltr'><strong>et</strong></span> <span class='ocrx_word' id='word_1_109' title='bbox 694 1488 856 1543; x_wconf 84' lang='lat' dir='ltr'><strong>Pater</strong></span> <span class='ocrx_word' id='word_1_110' title='bbox 891 1488 1115 1543; x_wconf 87' lang='lat' dir='ltr'><strong>revelat.</strong></span> <span class='ocrx_word' id='word_1_111' title='bbox 1151 1487 1276 1541; x_wconf 88' lang='lat' dir='ltr'><strong>Tria</strong></span> <span class='ocrx_word' id='word_1_112' title='bbox 1319 1488 1487 1557; x_wconf 80' lang='lat' dir='ltr'><strong>igitur</strong></span> <span class='ocrx_word' id='word_1_113' title='bbox 1530 1487 1634 1542; x_wconf 88' lang='lat' dir='ltr'><strong>ista</strong></span> <span class='ocrx_word' id='word_1_114' title='bbox 1675 1496 1824 1553; x_wconf 91' lang='lat' dir='ltr'><strong>sunt,</strong></span> <span class='ocrx_word' id='word_1_115' title='bbox 1871 1492 1966 1540; x_wconf 90' lang='lat' dir='ltr'><strong>aut</strong></span> 
     </span>
    </p>
   </div>
   <div class='ocr_carea' id='block_1_18' title="bbox 384 1579 1966 1652">
    <p class='ocr_par' dir='ltr' id='par_1_18' title="bbox 384 1579 1966 1652">
     <span class='ocr_line' id='line_1_18' title="bbox 384 1579 1966 1652; baseline -0.003 -15"><span class='ocrx_word' id='word_1_116' title='bbox 384 1600 448 1638; x_wconf 76' lang='lat' dir='ltr'><strong>ex</strong></span> <span class='ocrx_word' id='word_1_117' title='bbox 480 1583 621 1652; x_wconf 90' lang='lat' dir='ltr'><strong>ipso,</strong></span> <span class='ocrx_word' id='word_1_118' title='bbox 660 1591 753 1636; x_wconf 89' lang='lat' dir='ltr'><strong>aut</strong></span> <span class='ocrx_word' id='word_1_119' title='bbox 790 1582 859 1635; x_wconf 88' lang='lat' dir='ltr'><strong>ab</strong></span> <span class='ocrx_word' id='word_1_120' title='bbox 899 1581 1038 1650; x_wconf 91' lang='lat' dir='ltr'><strong>ipso,</strong></span> <span class='ocrx_word' id='word_1_121' title='bbox 1081 1587 1176 1632; x_wconf 90' lang='lat' dir='ltr'><strong>aut</strong></span> <span class='ocrx_word' id='word_1_122' title='bbox 1206 1579 1272 1633; x_wconf 90' lang='lat' dir='ltr'><strong>ad</strong></span> <span class='ocrx_word' id='word_1_123' title='bbox 1315 1579 1535 1650; x_wconf 91' lang='lat' dir='ltr'><strong>ipsum;</strong></span> <span class='ocrx_word' id='word_1_124' title='bbox 1570 1594 1692 1648; x_wconf 81' lang='lat' dir='ltr'><strong>qua:</strong></span> <span class='ocrx_word' id='word_1_125' title='bbox 1738 1579 1794 1632; x_wconf 93' lang='lat' dir='ltr'><strong>in</strong></span> <span class='ocrx_word' id='word_1_126' title='bbox 1827 1593 1966 1633; x_wconf 81' lang='lat' dir='ltr'><strong>uno-</strong></span> 
     </span>
    </p>
   </div>
   <div class='ocr_carea' id='block_1_19' title="bbox 385 1670 1963 1745">
    <p class='ocr_par' dir='ltr' id='par_1_19' title="bbox 385 1670 1963 1745">
     <span class='ocr_line' id='line_1_19' title="bbox 385 1670 1963 1745; baseline -0.003 -17"><span class='ocrx_word' id='word_1_127' title='bbox 385 1689 634 1745; x_wconf 86' lang='lat' dir='ltr'><strong>quoque,</strong></span> <span class='ocrx_word' id='word_1_128' title='bbox 696 1681 754 1727; x_wconf 85' lang='lat' dir='ltr'><strong>ut</strong></span> <span class='ocrx_word' id='word_1_129' title='bbox 797 1687 894 1742; x_wconf 88' lang='lat' dir='ltr'><strong>par</strong></span> <span class='ocrx_word' id='word_1_130' title='bbox 940 1680 1054 1738; x_wconf 90' lang='lat' dir='ltr'><strong>est,</strong></span> <span class='ocrx_word' id='word_1_131' title='bbox 1105 1672 1503 1742; x_wconf 81' lang='lat' dir='ltr'><strong>intelliguntur,</strong></span> <span class='ocrx_word' id='word_1_132' title='bbox 1553 1679 1713 1740; x_wconf 89' lang='lat' dir='ltr'><strong>prout</strong></span> <span class='ocrx_word' id='word_1_133' title='bbox 1755 1670 1963 1739; x_wconf 88' lang='lat' dir='ltr'><strong>seipsas</strong></span> 
     </span>
    </p>
   </div>
   <div class='ocr_carea' id='block_1_20' title="bbox 2066 479 3761 549">
    <p class='ocr_par' dir='ltr' id='par_1_20' title="bbox 2066 479 3761 549">
     <span class='ocr_line' id='line_1_20' title="bbox 2066 479 3761 549; baseline -0.001 -12"><span class='ocrx_word' id='word_1_134' title='bbox 2066 486 2140 538; x_wconf 86' lang='grc' dir='ltr'><strong>Τὸ</strong></span> <span class='ocrx_word' id='word_1_135' title='bbox 2192 485 2249 538; x_wconf 86' lang='grc' dir='ltr'><strong>δὲ</strong></span> <span class='ocrx_word' id='word_1_136' title='bbox 2300 483 2456 549; x_wconf 84' lang='grc' dir='ltr'>πῶς,</span> <span class='ocrx_word' id='word_1_137' title='bbox 2485 485 2670 548; x_wconf 79' lang='grc' dir='ltr'>αὐτοῖς</span> <span class='ocrx_word' id='word_1_138' title='bbox 2702 483 3058 537; x_wconf 80' lang='grc' dir='ltr'>ἀπολείπεται</span> <span class='ocrx_word' id='word_1_139' title='bbox 3097 481 3406 535; x_wconf 71' lang='grc' dir='ltr'>διδάσκεινο</span> <span class='ocrx_word' id='word_1_140' title='bbox 3445 479 3654 549; x_wconf 73' lang='grc' dir='ltr'><strong>Οὐδεὶς</strong></span> <span class='ocrx_word' id='word_1_141' title='bbox 3740 531 3761 535; x_wconf 87' lang='grc'><strong><em>-</em></strong></span> 
     </span>
    </p>
   </div>
   <div class='ocr_carea' id='block_1_21' title="bbox 2065 572 3654 647">
    <p class='ocr_par' dir='ltr' id='par_1_21' title="bbox 2065 572 3654 647">
     <span class='ocr_line' id='line_1_21' title="bbox 2065 572 3654 647; baseline -0.003 -17"><span class='ocrx_word' id='word_1_142' title='bbox 2065 576 2174 647; x_wconf 83' lang='grc' dir='ltr'><strong>γάρ</strong></span> <span class='ocrx_word' id='word_1_143' title='bbox 2223 572 2346 629; x_wconf 75' lang='grc' dir='ltr'>οἶδε</span> <span class='ocrx_word' id='word_1_144' title='bbox 2377 576 2485 629; x_wconf 82' lang='grc' dir='ltr'>τὸν</span> <span class='ocrx_word' id='word_1_145' title='bbox 2521 575 2751 643; x_wconf 81' lang='grc' dir='ltr'><strong>Πατέρα</strong></span> <span class='ocrx_word' id='word_1_146' title='bbox 2787 576 2840 628; x_wconf 83' lang='grc' dir='ltr'><strong>εί</strong></span> <span class='ocrx_word' id='word_1_147' title='bbox 2881 573 2968 642; x_wconf 81' lang='grc' dir='ltr'>μὴ</span> <span class='ocrx_word' id='word_1_148' title='bbox 3017 577 3049 627; x_wconf 82' lang='grc' dir='ltr'><strong><em>ό</em></strong></span> <span class='ocrx_word' id='word_1_149' title='bbox 3092 573 3259 637; x_wconf 73' lang='grc' dir='ltr'>Υἱὸς,</span> <span class='ocrx_word' id='word_1_150' title='bbox 3294 572 3494 638; x_wconf 75' lang='grc' dir='ltr'>οὐδεὶς</span> <span class='ocrx_word' id='word_1_151' title='bbox 3545 574 3654 626; x_wconf 84' lang='grc' dir='ltr'>τὸν</span> 
     </span>
    </p>
   </div>
   <div class='ocr_carea' id='block_1_22' title="bbox 2067 657 3655 736">
    <p class='ocr_par' dir='ltr' id='par_1_22' title="bbox 2067 657 3655 736">
     <span class='ocr_line' id='line_1_22' title="bbox 2067 657 3655 736; baseline -0.001 -16"><span class='ocrx_word' id='word_1_152' title='bbox 2067 667 2202 720; x_wconf 78' lang='grc' dir='ltr'><strong>Υίόν</strong></span> <span class='ocrx_word' id='word_1_153' title='bbox 2225 669 2275 720; x_wconf 88' lang='grc' dir='ltr'>εὶ</span> <span class='ocrx_word' id='word_1_154' title='bbox 2304 667 2390 736; x_wconf 79' lang='grc' dir='ltr'>μὴ</span> <span class='ocrx_word' id='word_1_155' title='bbox 2437 670 2470 722; x_wconf 85' lang='grc' dir='ltr'><em>ὀ</em></span> <span class='ocrx_word' id='word_1_156' title='bbox 2514 666 2752 735; x_wconf 82' lang='grc' dir='ltr'>Πατὴρ,</span> <span class='ocrx_word' id='word_1_157' title='bbox 2784 665 2881 719; x_wconf 76' lang='grc' dir='ltr'><strong>καὶ</strong></span> <span class='ocrx_word' id='word_1_158' title='bbox 2906 657 2954 730; x_wconf 80' lang='grc' dir='ltr'><strong>ᾧ</strong></span> <span class='ocrx_word' id='word_1_159' title='bbox 2979 665 3088 718; x_wconf 84' lang='grc' dir='ltr'><strong>ἐὰν</strong></span> <span class='ocrx_word' id='word_1_160' title='bbox 3114 668 3146 719; x_wconf 85' lang='grc' dir='ltr'><em>ὀ</em></span> <span class='ocrx_word' id='word_1_161' title='bbox 3189 664 3324 730; x_wconf 78' lang='grc' dir='ltr'><strong>Υἱὸς</strong></span> <span class='ocrx_word' id='word_1_162' title='bbox 3347 664 3655 719; x_wconf 78' lang='grc' dir='ltr'>ἀποκαλύ-</span> 
     </span>
    </p>
   </div>
   <div class='ocr_carea' id='block_1_23' title="bbox 2067 753 3656 828">
    <p class='ocr_par' dir='ltr' id='par_1_23' title="bbox 2067 753 3656 828">
     <span class='ocr_line' id='line_1_23' title="bbox 2067 753 3656 828; baseline -0.004 -15"><span class='ocrx_word' id='word_1_163' title='bbox 2067 763 2179 828; x_wconf 69' lang='grc' dir='ltr'><strong>ψῃ.</strong></span> <span class='ocrx_word' id='word_1_164' title='bbox 2219 759 2259 790; x_wconf 80' lang='grc'>¹²</span> <span class='ocrx_word' id='word_1_165' title='bbox 2279 758 2678 812; x_wconf 82' lang='grc' dir='ltr'>Ἀποκαλύπτει</span> <span class='ocrx_word' id='word_1_166' title='bbox 2709 757 2766 810; x_wconf 84' lang='grc' dir='ltr'>δὲ</span> <span class='ocrx_word' id='word_1_167' title='bbox 2797 757 2882 810; x_wconf 77' lang='grc' dir='ltr'><strong>διὰ</strong></span> <span class='ocrx_word' id='word_1_168' title='bbox 2919 754 3235 827; x_wconf 87' lang='grc' dir='ltr'>Πνεύματος</span> <span class='ocrx_word' id='word_1_169' title='bbox 3259 754 3412 822; x_wconf 86' lang='grc' dir='ltr'>ἁγίου</span> <span class='ocrx_word' id='word_1_170' title='bbox 3435 794 3450 819; x_wconf 93' lang='grc'><strong>,</strong></span> <span class='ocrx_word' id='word_1_171' title='bbox 3479 753 3656 824; x_wconf 84' lang='grc' dir='ltr'>τούτῳ</span> 
     </span>
    </p>
   </div>
   <div class='ocr_carea' id='block_1_24' title="bbox 2069 845 3652 922">
    <p class='ocr_par' dir='ltr' id='par_1_24' title="bbox 2069 845 3652 922">
     <span class='ocr_line' id='line_1_24' title="bbox 2069 845 3652 922; baseline -0.005 -17"><span class='ocrx_word' id='word_1_172' title='bbox 2069 852 2162 905; x_wconf 75' lang='grc' dir='ltr'><strong>καὶ</strong></span> <span class='ocrx_word' id='word_1_173' title='bbox 2190 853 2217 905; x_wconf 92' lang='lat'><strong>6</strong></span> <span class='ocrx_word' id='word_1_174' title='bbox 2241 852 2432 922; x_wconf 74' lang='grc' dir='ltr'>Πατὴρ</span> <span class='ocrx_word' id='word_1_175' title='bbox 2465 850 2862 904; x_wconf 83' lang='grc' dir='ltr'>ἀποκαλύπτει.</span> <span class='ocrx_word' id='word_1_176' title='bbox 2899 847 3109 902; x_wconf 84' lang='grc' dir='ltr'>Οὐκοῦν</span> <span class='ocrx_word' id='word_1_177' title='bbox 3145 845 3315 900; x_wconf 86' lang='grc' dir='ltr'>ταῦτα</span> <span class='ocrx_word' id='word_1_178' title='bbox 3345 847 3472 918; x_wconf 82' lang='grc' dir='ltr'>τρία</span> <span class='ocrx_word' id='word_1_179' title='bbox 3499 845 3652 909; x_wconf 76' lang='grc' dir='ltr'>ὄντα,</span> 
     </span>
    </p>
   </div>
   <div class='ocr_carea' id='block_1_25' title="bbox 2067 937 3656 1016">
    <p class='ocr_par' dir='ltr' id='par_1_25' title="bbox 2067 937 3656 1016">
     <span class='ocr_line' id='line_1_25' title="bbox 2067 937 3656 1016; baseline -0.004 -20"><span class='ocrx_word' id='word_1_180' title='bbox 2067 945 2100 1016; x_wconf 79' lang='grc' dir='ltr'>ἢ</span> <span class='ocrx_word' id='word_1_181' title='bbox 2134 941 2194 1009; x_wconf 74' lang='grc' dir='ltr'><strong>ἐξ</strong></span> <span class='ocrx_word' id='word_1_182' title='bbox 2237 943 2401 998; x_wconf 80' lang='grc' dir='ltr'>αὑτοῦ</span> <span class='ocrx_word' id='word_1_183' title='bbox 2428 985 2441 1009; x_wconf 93' lang='grc'><strong>,</strong></span> <span class='ocrx_word' id='word_1_184' title='bbox 2474 943 2506 1014; x_wconf 80' lang='grc' dir='ltr'>ἢ</span> <span class='ocrx_word' id='word_1_185' title='bbox 2554 944 2684 1013; x_wconf 86' lang='grc' dir='ltr'>παρ’</span> <span class='ocrx_word' id='word_1_186' title='bbox 2717 941 2916 1005; x_wconf 82' lang='grc' dir='ltr'>αὑτοῦ,</span> <span class='ocrx_word' id='word_1_187' title='bbox 2965 940 2997 1012; x_wconf 79' lang='grc' dir='ltr'>ἢ</span> <span class='ocrx_word' id='word_1_188' title='bbox 3035 939 3171 1011; x_wconf 86' lang='grc' dir='ltr'>πρὸς</span> <span class='ocrx_word' id='word_1_189' title='bbox 3227 937 3389 991; x_wconf 79' lang='grc' dir='ltr'>αὐτὸν</span> <span class='ocrx_word' id='word_1_190' title='bbox 3438 938 3656 1009; x_wconf 79' lang='grc' dir='ltr'>ἑκάστῳ</span> 
     </span>
    </p>
   </div>
   <div class='ocr_carea' id='block_1_26' title="bbox 2067 1028 3651 1104">
    <p class='ocr_par' dir='ltr' id='par_1_26' title="bbox 2067 1028 3651 1104">
     <span class='ocr_line' id='line_1_26' title="bbox 2067 1028 3651 1104; baseline -0.005 -16"><span class='ocrx_word' id='word_1_191' title='bbox 2067 1035 2232 1100; x_wconf 82' lang='grc' dir='ltr'><strong>ἀξίως</strong></span> <span class='ocrx_word' id='word_1_192' title='bbox 2259 1034 2524 1104; x_wconf 77' lang='grc' dir='ltr'><strong>νοούμενα</strong></span> <span class='ocrx_word' id='word_1_193' title='bbox 2550 1074 2564 1098; x_wconf 94' lang='grc'><strong>,</strong></span> <span class='ocrx_word' id='word_1_194' title='bbox 2615 1032 2799 1096; x_wconf 82' lang='grc' dir='ltr'>καθὼς</span> <span class='ocrx_word' id='word_1_195' title='bbox 2849 1030 3016 1085; x_wconf 80' lang='grc' dir='ltr'>ἑαυτά</span> <span class='ocrx_word' id='word_1_196' title='bbox 3047 1028 3424 1083; x_wconf 80' lang='grc' dir='ltr'><strong>ἀποκαλύπτει</strong></span> <span class='ocrx_word' id='word_1_197' title='bbox 3449 1069 3464 1092; x_wconf 91' lang='grc'><strong>,</strong></span> <span class='ocrx_word' id='word_1_198' title='bbox 3513 1029 3651 1098; x_wconf 77' lang='grc' dir='ltr'>φῶς,</span> 
     </span>
    </p>
   </div>
   <div class='ocr_carea' id='block_1_27' title="bbox 2067 1119 3653 1197">
    <p class='ocr_par' dir='ltr' id='par_1_27' title="bbox 2067 1119 3653 1197">
     <span class='ocr_line' id='line_1_27' title="bbox 2067 1119 3653 1197; baseline -0.003 -20"><span class='ocrx_word' id='word_1_199' title='bbox 2067 1125 2180 1197; x_wconf 86' lang='grc' dir='ltr'><strong>πῦρ</strong></span> <span class='ocrx_word' id='word_1_200' title='bbox 2198 1168 2213 1190; x_wconf 91' lang='grc'><strong>,</strong></span> <span class='ocrx_word' id='word_1_201' title='bbox 2241 1125 2456 1197; x_wconf 79' lang='grc' dir='ltr'>πνεῦμα</span> <span class='ocrx_word' id='word_1_202' title='bbox 2482 1167 2496 1190; x_wconf 90' lang='grc'><strong>,</strong></span> <span class='ocrx_word' id='word_1_203' title='bbox 2523 1125 2616 1179; x_wconf 73' lang='grc' dir='ltr'><strong>καὶ</strong></span> <span class='ocrx_word' id='word_1_204' title='bbox 2641 1125 2849 1189; x_wconf 76' lang='grc' dir='ltr'>ἄλλαις,</span> <span class='ocrx_word' id='word_1_205' title='bbox 2873 1119 3048 1193; x_wconf 78' lang='grc' dir='ltr'>οἶμαι,</span> <span class='ocrx_word' id='word_1_206' title='bbox 3068 1121 3310 1192; x_wconf 84' lang='grc' dir='ltr'>ὁράσεων</span> <span class='ocrx_word' id='word_1_207' title='bbox 3339 1119 3653 1190; x_wconf 77' lang='grc' dir='ltr'><strong>ὁμοιώσεσι,</strong></span> 
     </span>
    </p>
   </div>
   <div class='ocr_carea' id='block_1_28' title="bbox 2067 1212 3654 1287">
    <p class='ocr_par' dir='ltr' id='par_1_28' title="bbox 2067 1212 3654 1287">
     <span class='ocr_line' id='line_1_28' title="bbox 2067 1212 3654 1287; baseline -0.002 -17"><span class='ocrx_word' id='word_1_208' title='bbox 2067 1217 2249 1280; x_wconf 83' lang='grc' dir='ltr'>καθὼς</span> <span class='ocrx_word' id='word_1_209' title='bbox 2297 1217 2446 1284; x_wconf 80' lang='grc' dir='ltr'>ἄξιος</span> <span class='ocrx_word' id='word_1_210' title='bbox 2481 1218 2510 1269; x_wconf 97' lang='lat'><strong>6</strong></span> <span class='ocrx_word' id='word_1_211' title='bbox 2540 1215 2955 1287; x_wconf 83' lang='grc' dir='ltr'>διακονούμενος</span> <span class='ocrx_word' id='word_1_212' title='bbox 3003 1213 3309 1284; x_wconf 76' lang='grc' dir='ltr'>ἄνθρωπος.</span> <span class='ocrx_word' id='word_1_213' title='bbox 3339 1212 3512 1276; x_wconf 77' lang='grc' dir='ltr'>Αὐτὸς</span> <span class='ocrx_word' id='word_1_214' title='bbox 3541 1213 3654 1267; x_wconf 90' lang='grc' dir='ltr'>τοί-</span> 
     </span>
    </p>
   </div>
   <div class='ocr_carea' id='block_1_29' title="bbox 2066 1301 3656 1378">
    <p class='ocr_par' dir='ltr' id='par_1_29' title="bbox 2066 1301 3656 1378">
     <span class='ocr_line' id='line_1_29' title="bbox 2066 1301 3656 1378; baseline -0.001 -17"><span class='ocrx_word' id='word_1_215' title='bbox 2066 1325 2162 1361; x_wconf 89' lang='grc' dir='ltr'><strong>νυν</strong></span> <span class='ocrx_word' id='word_1_216' title='bbox 2187 1309 2214 1362; x_wconf 92' lang='lat'><strong>6</strong></span> <span class='ocrx_word' id='word_1_217' title='bbox 2247 1307 2380 1371; x_wconf 81' lang='grc' dir='ltr'>Θεὸς</span> <span class='ocrx_word' id='word_1_218' title='bbox 2402 1308 2429 1360; x_wconf 89' lang='lat'><strong>6</strong></span> <span class='ocrx_word' id='word_1_219' title='bbox 2452 1309 2507 1360; x_wconf 76' lang='grc' dir='ltr'>ἐν</span> <span class='ocrx_word' id='word_1_220' title='bbox 2546 1309 2687 1378; x_wconf 82' lang='grc' dir='ltr'>ἀρχῇ</span> <span class='ocrx_word' id='word_1_221' title='bbox 2721 1306 2921 1359; x_wconf 69' lang='grc' dir='ltr'>εἰπών·</span> <span class='ocrx_word' id='word_1_222' title='bbox 2955 1301 3312 1372; x_wconf 80' lang='grc' dir='ltr'>Γεννηθήτω</span> <span class='ocrx_word' id='word_1_223' title='bbox 3344 1302 3502 1372; x_wconf 73' lang='grc' dir='ltr'>φῶς,</span> <span class='ocrx_word' id='word_1_224' title='bbox 3553 1305 3656 1359; x_wconf 74' lang='grc' dir='ltr'><strong>καὶ</strong></span> 
     </span>
    </p>
   </div>
   <div class='ocr_carea' id='block_1_30' title="bbox 2066 1396 3656 1471">
    <p class='ocr_par' dir='ltr' id='par_1_30' title="bbox 2066 1396 3656 1471">
     <span class='ocr_line' id='line_1_30' title="bbox 2066 1396 3656 1471; baseline -0.002 -17"><span class='ocrx_word' id='word_1_225' title='bbox 2066 1400 2302 1471; x_wconf 77' lang='grc' dir='ltr'>ἐγένετο</span> <span class='ocrx_word' id='word_1_226' title='bbox 2331 1400 2542 1469; x_wconf 69' lang='grc' dir='ltr'>φώςη,</span> <span class='ocrx_word' id='word_1_227' title='bbox 2577 1399 2739 1462; x_wconf 79' lang='grc' dir='ltr'>αὐτὸς</span> <span class='ocrx_word' id='word_1_228' title='bbox 2769 1401 2797 1452; x_wconf 93' lang='lat'><strong>6</strong></span> <span class='ocrx_word' id='word_1_229' title='bbox 2827 1398 3069 1468; x_wconf 84' lang='grc' dir='ltr'>φωτίσας</span> <span class='ocrx_word' id='word_1_230' title='bbox 3101 1399 3248 1469; x_wconf 73' lang='grc' dir='ltr'>ἡμᾶς</span> <span class='ocrx_word' id='word_1_231' title='bbox 3286 1396 3347 1448; x_wconf 83' lang='grc' dir='ltr'>τὸ</span> <span class='ocrx_word' id='word_1_232' title='bbox 3378 1397 3494 1466; x_wconf 80' lang='grc' dir='ltr'><strong>φῶς</strong></span> <span class='ocrx_word' id='word_1_233' title='bbox 3526 1398 3656 1451; x_wconf 86' lang='grc' dir='ltr'><strong>ἰδεῖν</strong></span> 
     </span>
    </p>
   </div>
   <div class='ocr_carea' id='block_1_31' title="bbox 2064 1489 3656 1562">
    <p class='ocr_par' dir='ltr' id='par_1_31' title="bbox 2064 1489 3656 1562">
     <span class='ocr_line' id='line_1_31' title="bbox 2064 1489 3656 1562; baseline -0.002 -17"><span class='ocrx_word' id='word_1_234' title='bbox 2064 1493 2126 1545; x_wconf 85' lang='grc' dir='ltr'>τὸ</span> <span class='ocrx_word' id='word_1_235' title='bbox 2153 1492 2403 1562; x_wconf 81' lang='grc' dir='ltr'>ἀληθινὸν</span> <span class='ocrx_word' id='word_1_236' title='bbox 2452 1491 2513 1543; x_wconf 82' lang='grc' dir='ltr'><strong>τὸ</strong></span> <span class='ocrx_word' id='word_1_237' title='bbox 2555 1489 2806 1559; x_wconf 74' lang='grc' dir='ltr'>φωτίζον</span> <span class='ocrx_word' id='word_1_238' title='bbox 2844 1489 3042 1544; x_wconf 78' lang='grc' dir='ltr'>πάντα</span> <span class='ocrx_word' id='word_1_239' title='bbox 3071 1489 3387 1557; x_wconf 77' lang='grc' dir='ltr'>ἄνθρωπον</span> <span class='ocrx_word' id='word_1_240' title='bbox 3412 1489 3656 1558; x_wconf 78' lang='grc' dir='ltr'>ἐρχόμε-</span> 
     </span>
    </p>
   </div>
   <div class='ocr_carea' id='block_1_32' title="bbox 2064 1577 3655 1651">
    <p class='ocr_par' dir='ltr' id='par_1_32' title="bbox 2064 1577 3655 1651">
     <span class='ocr_line' id='line_1_32' title="bbox 2064 1577 3655 1651; baseline -0.003 -14"><span class='ocrx_word' id='word_1_241' title='bbox 2064 1600 2176 1638; x_wconf 91' lang='grc' dir='ltr'><strong>νον</strong></span> <span class='ocrx_word' id='word_1_242' title='bbox 2208 1585 2295 1649; x_wconf 80' lang='grc' dir='ltr'>εὶς</span> <span class='ocrx_word' id='word_1_243' title='bbox 2326 1581 2434 1635; x_wconf 85' lang='grc' dir='ltr'>τὸν</span> <span class='ocrx_word' id='word_1_244' title='bbox 2464 1582 2718 1651; x_wconf 83' lang='grc' dir='ltr'>κόσμον.</span> <span class='ocrx_word' id='word_1_245' title='bbox 2768 1579 3240 1644; x_wconf 79' lang='grc' dir='ltr'>Ἐξαπόστειλον</span> <span class='ocrx_word' id='word_1_246' title='bbox 3271 1577 3338 1632; x_wconf 83' lang='grc' dir='ltr'>τὸ</span> <span class='ocrx_word' id='word_1_247' title='bbox 3381 1579 3506 1648; x_wconf 75' lang='grc' dir='ltr'>ςρῶς</span> <span class='ocrx_word' id='word_1_248' title='bbox 3535 1594 3655 1634; x_wconf 82' lang='grc' dir='ltr'><strong>σου</strong></span> 
     </span>
    </p>
   </div>
   <div class='ocr_carea' id='block_1_33' title="bbox 2069 1669 3654 1743">
    <p class='ocr_par' dir='ltr' id='par_1_33' title="bbox 2069 1669 3654 1743">
     <span class='ocr_line' id='line_1_33' title="bbox 2069 1669 3654 1743; baseline -0.003 -16"><span class='ocrx_word' id='word_1_249' title='bbox 2069 1674 2167 1727; x_wconf 79' lang='grc' dir='ltr'>καί</span> <span class='ocrx_word' id='word_1_250' title='bbox 2191 1673 2305 1743; x_wconf 79' lang='grc' dir='ltr'>τὴν</span> <span class='ocrx_word' id='word_1_251' title='bbox 2333 1673 2623 1740; x_wconf 78' lang='grc' dir='ltr'>ἀλήθειάν</span> <span class='ocrx_word' id='word_1_252' title='bbox 2646 1687 2763 1727; x_wconf 91' lang='grc' dir='ltr'><strong>σου</strong></span> <span class='ocrx_word' id='word_1_253' title='bbox 2786 1713 2800 1733; x_wconf 85' lang='grc'><strong>.</strong></span> <span class='ocrx_word' id='word_1_254' title='bbox 2831 1671 2998 1743; x_wconf 65' lang='grc' dir='ltr'>φησιν</span> <span class='ocrx_word' id='word_1_255' title='bbox 3025 1673 3053 1725; x_wconf 87' lang='lat'><strong>6</strong></span> <span class='ocrx_word' id='word_1_256' title='bbox 3087 1669 3270 1724; x_wconf 78' lang='lat' dir='ltr'><strong>Aa6t6.</strong></span> <span class='ocrx_word' id='word_1_257' title='bbox 3303 1670 3474 1735; x_wconf 80' lang='grc' dir='ltr'>Αὐτός</span> <span class='ocrx_word' id='word_1_258' title='bbox 3504 1672 3654 1725; x_wconf 78' lang='grc' dir='ltr'>ἐστιν</span> 
     </span>
    </p>
   </div>
   <div class='ocr_carea' id='block_1_34' title="bbox 385 1760 1968 1838">
    <p class='ocr_par' dir='ltr' id='par_1_34' title="bbox 385 1763 1951 1838">
     <span class='ocr_line' id='line_1_34' title="bbox 385 1763 1951 1838; baseline -0.004 -16"><span class='ocrx_word' id='word_1_259' title='bbox 385 1784 634 1838; x_wconf 80' lang='lat' dir='ltr'><strong>persona:</strong></span> <span class='ocrx_word' id='word_1_260' title='bbox 660 1767 764 1821; x_wconf 70' lang='lat' dir='ltr'><strong>illae</strong></span> <span class='ocrx_word' id='word_1_261' title='bbox 793 1765 1109 1830; x_wconf 82' lang='lat' dir='ltr'><strong>declarant;</strong></span> <span class='ocrx_word' id='word_1_262' title='bbox 1145 1765 1259 1827; x_wconf 80' lang='lat' dir='ltr'><strong>lux,</strong></span> <span class='ocrx_word' id='word_1_263' title='bbox 1296 1763 1456 1834; x_wconf 81' lang='lat' dir='ltr'><strong>ignis,</strong></span> <span class='ocrx_word' id='word_1_264' title='bbox 1484 1763 1737 1833; x_wconf 89' lang='lat' dir='ltr'><strong>spiritus,</strong></span> <span class='ocrx_word' id='word_1_265' title='bbox 1768 1769 1823 1816; x_wconf 90' lang='lat' dir='ltr'><strong>et</strong></span> <span class='ocrx_word' id='word_1_266' title='bbox 1853 1777 1951 1816; x_wconf 78' lang='lat' dir='ltr'><strong>ca:-</strong></span> 
     </span>
    </p>
   </div>
   <div class='ocr_carea' id='block_1_35' title="bbox 2069 1760 3653 1838">
    <p class='ocr_par' dir='ltr' id='par_1_35' title="bbox 2069 1760 3653 1835">
     <span class='ocr_line' id='line_1_35' title="bbox 2069 1760 3653 1835; baseline -0.003 -16"><span class='ocrx_word' id='word_1_267' title='bbox 2069 1767 2093 1819; x_wconf 89' lang='lat'><strong>6</strong></span> <span class='ocrx_word' id='word_1_268' title='bbox 2137 1765 2342 1835; x_wconf 84' lang='grc' dir='ltr'>Κύριος</span> <span class='ocrx_word' id='word_1_269' title='bbox 2391 1767 2420 1819; x_wconf 87' lang='lat'><strong>6</strong></span> <span class='ocrx_word' id='word_1_270' title='bbox 2471 1763 2640 1817; x_wconf 80' lang='grc' dir='ltr'>εἰπών</span> <span class='ocrx_word' id='word_1_271' title='bbox 2673 1779 2689 1797; x_wconf 89' lang='grc'><strong>·</strong></span> <span class='ocrx_word' id='word_1_272' title='bbox 2755 1763 2859 1817; x_wconf 82' lang='grc' dir='ltr'>Ἔν</span> <span class='ocrx_word' id='word_1_273' title='bbox 2914 1761 3043 1828; x_wconf 77' lang='grc' dir='ltr'>ταῖς</span> <span class='ocrx_word' id='word_1_274' title='bbox 3075 1760 3366 1831; x_wconf 79' lang='grc' dir='ltr'><strong>ἐσχάταις</strong></span> <span class='ocrx_word' id='word_1_275' title='bbox 3406 1761 3653 1832; x_wconf 76' lang='grc' dir='ltr'>ἡμέραις</span> 
     </span>
    </p>
   </div>
   <div class='ocr_carea' id='block_1_36' title="bbox 385 1853 1966 1926">
    <p class='ocr_par' dir='ltr' id='par_1_36' title="bbox 385 1853 1966 1926">
     <span class='ocr_line' id='line_1_36' title="bbox 385 1853 1966 1926; baseline -0.005 -13"><span class='ocrx_word' id='word_1_276' title='bbox 385 1871 622 1915; x_wconf 88' lang='lat' dir='ltr'><strong>terarum</strong></span> <span class='ocrx_word' id='word_1_277' title='bbox 658 1873 839 1913; x_wconf 89' lang='lat' dir='ltr'><strong>rerum</strong></span> <span class='ocrx_word' id='word_1_278' title='bbox 881 1855 1296 1926; x_wconf 89' lang='lat' dir='ltr'><strong>aspectabilium</strong></span> <span class='ocrx_word' id='word_1_279' title='bbox 1337 1854 1653 1908; x_wconf 80' lang='lat' dir='ltr'><strong>nominibus</strong></span> <span class='ocrx_word' id='word_1_280' title='bbox 1688 1853 1966 1923; x_wconf 89' lang='lat' dir='ltr'><strong>appellan-</strong></span> 
     </span>
    </p>
   </div>
   <div class='ocr_carea' id='block_1_37' title="bbox 384 1943 1965 2019">
    <p class='ocr_par' dir='ltr' id='par_1_37' title="bbox 384 1943 1965 2019">
     <span class='ocr_line' id='line_1_37' title="bbox 384 1943 1965 2019; baseline -0.004 -17"><span class='ocrx_word' id='word_1_281' title='bbox 384 1959 492 2012; x_wconf 89' lang='lat' dir='ltr'><strong>tur,</strong></span> <span class='ocrx_word' id='word_1_282' title='bbox 528 1965 626 2019; x_wconf 88' lang='lat' dir='ltr'><strong>pro</strong></span> <span class='ocrx_word' id='word_1_283' title='bbox 652 1965 716 2003; x_wconf 93' lang='lat' dir='ltr'><strong>eo</strong></span> <span class='ocrx_word' id='word_1_284' title='bbox 740 1963 802 2001; x_wconf 92' lang='lat' dir='ltr'><strong>ac</strong></span> <span class='ocrx_word' id='word_1_285' title='bbox 830 1947 1053 2017; x_wconf 87' lang='lat' dir='ltr'><strong>quilibet</strong></span> <span class='ocrx_word' id='word_1_286' title='bbox 1072 1946 1353 1999; x_wconf 86' lang='lat' dir='ltr'><strong>hominum</strong></span> <span class='ocrx_word' id='word_1_287' title='bbox 1383 1944 1583 2015; x_wconf 86' lang='lat' dir='ltr'><strong>dignus</strong></span> <span class='ocrx_word' id='word_1_288' title='bbox 1610 1953 1716 2007; x_wconf 88' lang='lat' dir='ltr'><strong>est,</strong></span> <span class='ocrx_word' id='word_1_289' title='bbox 1746 1943 1835 1998; x_wconf 91' lang='lat' dir='ltr'><strong>cui</strong></span> <span class='ocrx_word' id='word_1_290' title='bbox 1861 1943 1965 1996; x_wconf 92' lang='lat' dir='ltr'><strong>hoc</strong></span> 
     </span>
    </p>
   </div>
   <div class='ocr_carea' id='block_1_38' title="bbox 386 2034 1966 2110">
    <p class='ocr_par' dir='ltr' id='par_1_38' title="bbox 386 2034 1966 2110">
     <span class='ocr_line' id='line_1_38' title="bbox 386 2034 1966 2110; baseline -0.003 -16"><span class='ocrx_word' id='word_1_291' title='bbox 386 2041 548 2095; x_wconf 83' lang='lat' dir='ltr'><strong>oﬂicii</strong></span> <span class='ocrx_word' id='word_1_292' title='bbox 581 2055 753 2110; x_wconf 81' lang='lat' dir='ltr'><strong>genus</strong></span> <span class='ocrx_word' id='word_1_293' title='bbox 787 2037 1140 2109; x_wconf 83' lang='lat' dir='ltr'><strong>impenditur.</strong></span> <span class='ocrx_word' id='word_1_294' title='bbox 1170 2036 1315 2092; x_wconf 89' lang='lat' dir='ltr'><strong>Deus</strong></span> <span class='ocrx_word' id='word_1_295' title='bbox 1354 2034 1520 2106; x_wconf 79' lang='lat' dir='ltr'><strong>igitur</strong></span> <span class='ocrx_word' id='word_1_296' title='bbox 1552 2035 1641 2090; x_wconf 92' lang='lat' dir='ltr'><strong>ille</strong></span> <span class='ocrx_word' id='word_1_297' title='bbox 1680 2035 1773 2105; x_wconf 91' lang='lat' dir='ltr'><strong>qui</strong></span> <span class='ocrx_word' id='word_1_298' title='bbox 1806 2034 1966 2089; x_wconf 88' lang='lat' dir='ltr'><strong>initio</strong></span> 
     </span>
    </p>
   </div>
   <div class='ocr_carea' id='block_1_39' title="bbox 385 2128 1963 2199">
    <p class='ocr_par' dir='ltr' id='par_1_39' title="bbox 385 2128 1963 2199">
     <span class='ocr_line' id='line_1_39' title="bbox 385 2128 1963 2199; baseline -0.005 -12"><span class='ocrx_word' id='word_1_299' title='bbox 385 2134 560 2187; x_wconf 77' lang='lat' dir='ltr'><strong>dixit:</strong></span> <span class='ocrx_word' id='word_1_300' title='bbox 594 2131 719 2186; x_wconf 86' lang='lat' dir='ltr'><strong>Fiat</strong></span> <span class='ocrx_word' id='word_1_301' title='bbox 752 2132 865 2196; x_wconf 72' lang='lat' dir='ltr'><strong>lux,</strong></span> <span class='ocrx_word' id='word_1_302' title='bbox 897 2139 946 2184; x_wconf 85' lang='lat' dir='ltr'><strong>et</strong></span> <span class='ocrx_word' id='word_1_303' title='bbox 976 2129 1120 2199; x_wconf 82' lang='lat' dir='ltr'><strong>facta</strong></span> <span class='ocrx_word' id='word_1_304' title='bbox 1148 2139 1224 2184; x_wconf 86' lang='lat' dir='ltr'><strong>est</strong></span> <span class='ocrx_word' id='word_1_305' title='bbox 1259 2128 1611 2199; x_wconf 89' lang='lat' dir='ltr'><strong>aspcctabilis</strong></span> <span class='ocrx_word' id='word_1_306' title='bbox 1635 2128 1726 2182; x_wconf 90' lang='lat' dir='ltr'><strong>illa</strong></span> <span class='ocrx_word' id='word_1_307' title='bbox 1757 2128 1849 2181; x_wconf 76' lang='lat' dir='ltr'><strong>lux</strong></span> <span class='ocrx_word' id='word_1_308' title='bbox 1904 2129 1924 2159; x_wconf 83' lang='grc'>²</span> <span class='ocrx_word' id='word_1_309' title='bbox 1947 2167 1963 2192; x_wconf 90' lang='grc'><strong>,</strong></span> 
     </span>
    </p>
   </div>
   <div class='ocr_carea' id='block_1_40' title="bbox 386 2219 1954 2294">
    <p class='ocr_par' dir='ltr' id='par_1_40' title="bbox 386 2219 1954 2294">
     <span class='ocr_line' id='line_1_40' title="bbox 386 2219 1954 2294; baseline -0.003 -16"><span class='ocrx_word' id='word_1_310' title='bbox 386 2226 500 2294; x_wconf 89' lang='lat' dir='ltr'><strong>ipse</strong></span> <span class='ocrx_word' id='word_1_311' title='bbox 537 2231 642 2288; x_wconf 84' lang='lat' dir='ltr'><strong>est,</strong></span> <span class='ocrx_word' id='word_1_312' title='bbox 676 2223 768 2292; x_wconf 89' lang='lat' dir='ltr'><strong>qui</strong></span> <span class='ocrx_word' id='word_1_313' title='bbox 809 2223 876 2276; x_wconf 93' lang='lat' dir='ltr'><strong>ad</strong></span> <span class='ocrx_word' id='word_1_314' title='bbox 912 2237 1101 2277; x_wconf 81' lang='lat' dir='ltr'><strong>verum</strong></span> <span class='ocrx_word' id='word_1_315' title='bbox 1134 2221 1317 2276; x_wconf 91' lang='lat' dir='ltr'><strong>lumen</strong></span> <span class='ocrx_word' id='word_1_316' title='bbox 1350 2219 1671 2275; x_wconf 89' lang='lat' dir='ltr'><strong>intuendum</strong></span> <span class='ocrx_word' id='word_1_317' title='bbox 1703 2219 1864 2274; x_wconf 81' lang='lat' dir='ltr'><strong>nobis</strong></span> <span class='ocrx_word' id='word_1_318' title='bbox 1897 2219 1954 2273; x_wconf 89' lang='lat' dir='ltr'><strong>il-</strong></span> 
     </span>
    </p>
   </div>
   <div class='ocr_carea' id='block_1_41' title="bbox 2065 1851 3654 1925">
    <p class='ocr_par' dir='ltr' id='par_1_41' title="bbox 2065 1851 3654 1925">
     <span class='ocr_line' id='line_1_41' title="bbox 2065 1851 3654 1925; baseline -0.003 -15"><span class='ocrx_word' id='word_1_319' title='bbox 2065 1855 2256 1925; x_wconf 82' lang='grc' dir='ltr'><strong>ἐκχεῶ</strong></span> <span class='ocrx_word' id='word_1_320' title='bbox 2284 1855 2402 1911; x_wconf 81' lang='grc' dir='ltr'><strong>ἀπὸ</strong></span> <span class='ocrx_word' id='word_1_321' title='bbox 2434 1855 2542 1909; x_wconf 85' lang='grc' dir='ltr'><strong>τοῦ</strong></span> <span class='ocrx_word' id='word_1_322' title='bbox 2571 1855 2919 1924; x_wconf 84' lang='grc' dir='ltr'>Πνεύματός</span> <span class='ocrx_word' id='word_1_323' title='bbox 2969 1870 3088 1924; x_wconf 83' lang='grc' dir='ltr'><strong>μου</strong></span> <span class='ocrx_word' id='word_1_324' title='bbox 3113 1897 3128 1920; x_wconf 92' lang='grc'><strong>,</strong></span> <span class='ocrx_word' id='word_1_325' title='bbox 3172 1851 3271 1907; x_wconf 81' lang='grc' dir='ltr'>καί</span> <span class='ocrx_word' id='word_1_326' title='bbox 3317 1853 3654 1922; x_wconf 60' lang='grc' dir='ltr'>προφητεύ-</span> 
     </span>
    </p>
   </div>
   <div class='ocr_carea' id='block_1_42' title="bbox 2069 1940 3650 2013">
    <p class='ocr_par' dir='ltr' id='par_1_42' title="bbox 2069 1940 3650 2013">
     <span class='ocr_line' id='line_1_42' title="bbox 2069 1940 3650 2013; baseline -0.001 -15"><span class='ocrx_word' id='word_1_327' title='bbox 2069 1961 2293 2000; x_wconf 89' lang='grc' dir='ltr'>σουσιν</span> <span class='ocrx_word' id='word_1_328' title='bbox 2341 1947 2395 1999; x_wconf 79' lang='grc' dir='ltr'>οἱ</span> <span class='ocrx_word' id='word_1_329' title='bbox 2438 1945 2552 1999; x_wconf 79' lang='grc' dir='ltr'>υιοὶ</span> <span class='ocrx_word' id='word_1_330' title='bbox 2603 1943 2834 2007; x_wconf 81' lang='grc' dir='ltr'>αὐτῶν,</span> <span class='ocrx_word' id='word_1_331' title='bbox 2867 1943 2964 1996; x_wconf 77' lang='grc' dir='ltr'>καί</span> <span class='ocrx_word' id='word_1_332' title='bbox 2993 1945 3052 1997; x_wconf 83' lang='lat' dir='ltr'><strong><em>al</em></strong></span> <span class='ocrx_word' id='word_1_333' title='bbox 3085 1943 3399 2013; x_wconf 77' lang='grc' dir='ltr'><strong>θυγατέρες</strong></span> <span class='ocrx_word' id='word_1_334' title='bbox 3427 1940 3650 2007; x_wconf 78' lang='grc' dir='ltr'>αὐτῶν,</span> 
     </span>
    </p>
   </div>
   <div class='ocr_carea' id='block_1_43' title="bbox 2070 2033 3655 2107">
    <p class='ocr_par' dir='ltr' id='par_1_43' title="bbox 2070 2033 3655 2107">
     <span class='ocr_line' id='line_1_43' title="bbox 2070 2033 3655 2107; baseline -0.001 -16"><span class='ocrx_word' id='word_1_335' title='bbox 2070 2037 2168 2091; x_wconf 76' lang='grc' dir='ltr'><strong>καὶ</strong></span> <span class='ocrx_word' id='word_1_336' title='bbox 2212 2039 2265 2090; x_wconf 76' lang='grc' dir='ltr'>οἱ</span> <span class='ocrx_word' id='word_1_337' title='bbox 2315 2037 2628 2090; x_wconf 80' lang='grc' dir='ltr'>νεανίσκοι</span> <span class='ocrx_word' id='word_1_338' title='bbox 2676 2034 2876 2090; x_wconf 84' lang='grc' dir='ltr'>αὐτῶν</span> <span class='ocrx_word' id='word_1_339' title='bbox 2907 2033 3145 2103; x_wconf 80' lang='grc' dir='ltr'><strong>ὁράσεις</strong></span> <span class='ocrx_word' id='word_1_340' title='bbox 3184 2036 3470 2104; x_wconf 73' lang='grc' dir='ltr'>ὄψονται·</span> <span class='ocrx_word' id='word_1_341' title='bbox 3523 2036 3655 2107; x_wconf 82' lang='grc' dir='ltr'>τρία</span> 
     </span>
    </p>
   </div>
   <div class='ocr_carea' id='block_1_44' title="bbox 2070 2127 3654 2200">
    <p class='ocr_par' dir='ltr' id='par_1_44' title="bbox 2070 2127 3654 2200">
     <span class='ocr_line' id='line_1_44' title="bbox 2070 2127 3654 2200; baseline 0.001 -18"><span class='ocrx_word' id='word_1_342' title='bbox 2070 2129 2338 2200; x_wconf 84' lang='grc' dir='ltr'>πρόσωπα</span> <span class='ocrx_word' id='word_1_343' title='bbox 2359 2128 2520 2197; x_wconf 87' lang='grc' dir='ltr'>άγίας</span> <span class='ocrx_word' id='word_1_344' title='bbox 2547 2127 2888 2200; x_wconf 83' lang='grc' dir='ltr'>λειτουργίας</span> <span class='ocrx_word' id='word_1_345' title='bbox 2913 2127 3129 2193; x_wconf 83' lang='grc' dir='ltr'>δεικνὺς</span> <span class='ocrx_word' id='word_1_346' title='bbox 3161 2129 3292 2199; x_wconf 76' lang='grc' dir='ltr'>ἡμῖν</span> <span class='ocrx_word' id='word_1_347' title='bbox 3323 2127 3383 2196; x_wconf 74' lang='grc' dir='ltr'><strong>ἐξ</strong></span> <span class='ocrx_word' id='word_1_348' title='bbox 3414 2127 3654 2183; x_wconf 82' lang='grc' dir='ltr'>ὑποστά-</span> 
     </span>
    </p>
   </div>
   <div class='ocr_carea' id='block_1_45' title="bbox 2074 2217 2722 2291">
    <p class='ocr_par' dir='ltr' id='par_1_45' title="bbox 2074 2217 2722 2291">
     <span class='ocr_line' id='line_1_45' title="bbox 2074 2217 2722 2291; baseline 0.003 -19"><span class='ocrx_word' id='word_1_349' title='bbox 2074 2237 2210 2282; x_wconf 85' lang='grc' dir='ltr'>σεως</span> <span class='ocrx_word' id='word_1_350' title='bbox 2241 2219 2287 2250; x_wconf 76' lang='grc'><strong>⁸⁸</strong></span> <span class='ocrx_word' id='word_1_351' title='bbox 2319 2217 2486 2288; x_wconf 77' lang='grc' dir='ltr'>ούσης</span> <span class='ocrx_word' id='word_1_352' title='bbox 2515 2219 2722 2291; x_wconf 80' lang='grc' dir='ltr'><strong>τρίτης.</strong></span> 
     </span>
    </p>
   </div>
   <div class='ocr_carea' id='block_1_46' title="bbox 385 2311 3654 2390">
    <p class='ocr_par' dir='ltr' id='par_1_46' title="bbox 385 2311 3654 2390">
     <span class='ocr_line' id='line_1_46' title="bbox 385 2311 3654 2390; baseline -0.002 -16"><span class='ocrx_word' id='word_1_353' title='bbox 385 2320 543 2382; x_wconf 77' lang='lat' dir='ltr'><strong>luxit,</strong></span> <span class='ocrx_word' id='word_1_354' title='bbox 579 2318 718 2390; x_wconf 82' lang='lat' dir='ltr'><strong>quod</strong></span> <span class='ocrx_word' id='word_1_355' title='bbox 748 2319 1015 2371; x_wconf 81' lang='lat' dir='ltr'><strong>illuminat</strong></span> <span class='ocrx_word' id='word_1_356' title='bbox 1049 2333 1254 2370; x_wconf 84' lang='lat' dir='ltr'><strong>omnem</strong></span> <span class='ocrx_word' id='word_1_357' title='bbox 1311 2317 1575 2370; x_wconf 82' lang='lat' dir='ltr'><strong>hominem</strong></span> <span class='ocrx_word' id='word_1_358' title='bbox 1617 2315 1900 2368; x_wconf 78' lang='lat' dir='ltr'><strong>venientem</strong></span> <span class='ocrx_word' id='word_1_359' title='bbox 1957 2316 2013 2367; x_wconf 85' lang='lat' dir='ltr'><strong>in</strong></span> <span class='ocrx_word' id='word_1_360' title='bbox 2053 2314 2304 2367; x_wconf 82' lang='lat' dir='ltr'><strong>mundum</strong></span> <span class='ocrx_word' id='word_1_361' title='bbox 2326 2314 2366 2366; x_wconf 85' lang='grc'><strong>³.</strong></span> <span class='ocrx_word' id='word_1_362' title='bbox 2401 2312 2598 2366; x_wconf 81' lang='lat' dir='ltr'><strong>Emitte</strong></span> <span class='ocrx_word' id='word_1_363' title='bbox 2639 2313 2804 2366; x_wconf 86' lang='lat' dir='ltr'><strong>lucent</strong></span> <span class='ocrx_word' id='word_1_364' title='bbox 2844 2323 3013 2377; x_wconf 88' lang='lat' dir='ltr'><strong>tuam,</strong></span> <span class='ocrx_word' id='word_1_365' title='bbox 3071 2314 3147 2367; x_wconf 87' lang='lat' dir='ltr'><strong>ait</strong></span> <span class='ocrx_word' id='word_1_366' title='bbox 3206 2311 3376 2368; x_wconf 81' lang='lat' dir='ltr'><strong>David</strong></span> <span class='ocrx_word' id='word_1_367' title='bbox 3404 2311 3444 2380; x_wconf 71' lang='grc'><strong>⁸,</strong></span> <span class='ocrx_word' id='word_1_368' title='bbox 3490 2322 3539 2367; x_wconf 90' lang='lat' dir='ltr'><strong>et</strong></span> <span class='ocrx_word' id='word_1_369' title='bbox 3567 2328 3654 2366; x_wconf 80' lang='lat' dir='ltr'><strong>ve-</strong></span> 
     </span>
    </p>
   </div>
   <div class='ocr_carea' id='block_1_47' title="bbox 385 2402 3651 2476">
    <p class='ocr_par' dir='ltr' id='par_1_47' title="bbox 385 2402 3651 2476">
     <span class='ocr_line' id='line_1_47' title="bbox 385 2402 3651 2476; baseline -0.002 -16"><span class='ocrx_word' id='word_1_370' title='bbox 385 2411 595 2462; x_wconf 87' lang='lat' dir='ltr'><strong>ritatem</strong></span> <span class='ocrx_word' id='word_1_371' title='bbox 632 2418 796 2460; x_wconf 87' lang='lat' dir='ltr'><strong>tuam.</strong></span> <span class='ocrx_word' id='word_1_372' title='bbox 829 2408 923 2460; x_wconf 91' lang='lat' dir='ltr'><strong>llle</strong></span> <span class='ocrx_word' id='word_1_373' title='bbox 967 2407 1082 2476; x_wconf 90' lang='lat' dir='ltr'><strong>ipse</strong></span> <span class='ocrx_word' id='word_1_374' title='bbox 1117 2405 1376 2459; x_wconf 90' lang='lat' dir='ltr'><strong>Dominus</strong></span> <span class='ocrx_word' id='word_1_375' title='bbox 1408 2413 1513 2467; x_wconf 88' lang='lat' dir='ltr'><strong>est,</strong></span> <span class='ocrx_word' id='word_1_376' title='bbox 1553 2405 1646 2474; x_wconf 88' lang='lat' dir='ltr'><strong>qui</strong></span> <span class='ocrx_word' id='word_1_377' title='bbox 1701 2405 1878 2458; x_wconf 83' lang='lat' dir='ltr'><strong>dixit:</strong></span> <span class='ocrx_word' id='word_1_378' title='bbox 1915 2403 1982 2458; x_wconf 87' lang='lat' dir='ltr'><strong>In</strong></span> <span class='ocrx_word' id='word_1_379' title='bbox 2010 2405 2306 2458; x_wconf 82' lang='lat' dir='ltr'><strong>novissimis</strong></span> <span class='ocrx_word' id='word_1_380' title='bbox 2339 2402 2521 2457; x_wconf 85' lang='lat' dir='ltr'><strong>diebus</strong></span> <span class='ocrx_word' id='word_1_381' title='bbox 2555 2402 2823 2471; x_wconf 74' lang='lat' dir='ltr'><strong>e/fundam</strong></span> <span class='ocrx_word' id='word_1_382' title='bbox 2852 2404 2916 2457; x_wconf 89' lang='lat' dir='ltr'><strong>de</strong></span> <span class='ocrx_word' id='word_1_383' title='bbox 2942 2403 3144 2472; x_wconf 83' lang='lat' dir='ltr'><strong>Spiritu</strong></span> <span class='ocrx_word' id='word_1_384' title='bbox 3173 2420 3285 2457; x_wconf 87' lang='lat' dir='ltr'><strong>meo</strong></span> <span class='ocrx_word' id='word_1_385' title='bbox 3344 2407 3398 2456; x_wconf 85' lang='lat' dir='ltr'><strong>in</strong></span> <span class='ocrx_word' id='word_1_386' title='bbox 3449 2419 3651 2457; x_wconf 81' lang='lat' dir='ltr'><strong>onmem</strong></span> 
     </span>
    </p>
   </div>
   <div class='ocr_carea' id='block_1_48' title="bbox 385 2497 3656 2570">
    <p class='ocr_par' dir='ltr' id='par_1_48' title="bbox 385 2497 3656 2570">
     <span class='ocr_line' id='line_1_48' title="bbox 385 2497 3656 2570; baseline -0.001 -14"><span class='ocrx_word' id='word_1_387' title='bbox 385 2519 624 2566; x_wconf 85' lang='lat' dir='ltr'><strong>carnem,</strong></span> <span class='ocrx_word' id='word_1_388' title='bbox 667 2511 714 2555; x_wconf 92' lang='lat' dir='ltr'><strong>et</strong></span> <span class='ocrx_word' id='word_1_389' title='bbox 745 2499 1127 2570; x_wconf 83' lang='lat' dir='ltr'><strong>prophetabunt</strong></span> <span class='ocrx_word' id='word_1_390' title='bbox 1159 2500 1260 2567; x_wconf 78' lang='lat' dir='ltr'><strong>filii</strong></span> <span class='ocrx_word' id='word_1_391' title='bbox 1290 2515 1495 2564; x_wconf 89' lang='lat' dir='ltr'><strong>eorum,</strong></span> <span class='ocrx_word' id='word_1_392' title='bbox 1525 2507 1576 2552; x_wconf 90' lang='lat' dir='ltr'><strong>et</strong></span> <span class='ocrx_word' id='word_1_393' title='bbox 1617 2500 1746 2567; x_wconf 77' lang='lat' dir='ltr'><strong>ﬁlia:</strong></span> <span class='ocrx_word' id='word_1_394' title='bbox 1789 2499 2024 2565; x_wconf 86' lang='lat' dir='ltr'><strong>illorum,</strong></span> <span class='ocrx_word' id='word_1_395' title='bbox 2066 2509 2116 2552; x_wconf 82' lang='lat' dir='ltr'><strong>et</strong></span> <span class='ocrx_word' id='word_1_396' title='bbox 2152 2498 2508 2552; x_wconf 82' lang='lat' dir='ltr'><strong>adolescentes</strong></span> <span class='ocrx_word' id='word_1_397' title='bbox 2538 2498 2772 2567; x_wconf 83' lang='lat' dir='ltr'><strong>ipsorum</strong></span> <span class='ocrx_word' id='word_1_398' title='bbox 2821 2500 3043 2553; x_wconf 74' lang='lat' dir='ltr'><strong>visiones</strong></span> <span class='ocrx_word' id='word_1_399' title='bbox 3095 2497 3333 2552; x_wconf 81' lang='lat' dir='ltr'><strong>videbunt</strong></span> <span class='ocrx_word' id='word_1_400' title='bbox 3360 2497 3402 2552; x_wconf 85' lang='grc'><strong>⁸.</strong></span> <span class='ocrx_word' id='word_1_401' title='bbox 3443 2497 3518 2552; x_wconf 81' lang='lat' dir='ltr'><strong>Ac</strong></span> <span class='ocrx_word' id='word_1_402' title='bbox 3541 2505 3656 2554; x_wconf 81' lang='lat' dir='ltr'><strong>tres</strong></span> 
     </span>
    </p>
   </div>
   <div class='ocr_carea' id='block_1_49' title="bbox 389 2593 3051 2667">
    <p class='ocr_par' dir='ltr' id='par_1_49' title="bbox 389 2593 3051 2667">
     <span class='ocr_line' id='line_1_49' title="bbox 389 2593 3051 2667; baseline -0.002 -13"><span class='ocrx_word' id='word_1_403' title='bbox 389 2599 684 2654; x_wconf 71' lang='lat' dir='ltr'><strong>{unctionis</strong></span> <span class='ocrx_word' id='word_1_404' title='bbox 729 2611 900 2652; x_wconf 76' lang='lat' dir='ltr'><strong>sacra:</strong></span> <span class='ocrx_word' id='word_1_405' title='bbox 929 2610 1194 2667; x_wconf 86' lang='lat' dir='ltr'><strong>personas</strong></span> <span class='ocrx_word' id='word_1_406' title='bbox 1222 2594 1380 2650; x_wconf 92' lang='lat' dir='ltr'><strong>nobis</strong></span> <span class='ocrx_word' id='word_1_407' title='bbox 1402 2593 1660 2660; x_wconf 88' lang='lat' dir='ltr'><strong>ostendit,</strong></span> <span class='ocrx_word' id='word_1_408' title='bbox 1691 2609 1814 2650; x_wconf 90' lang='lat' dir='ltr'><strong>cum</strong></span> <span class='ocrx_word' id='word_1_409' title='bbox 1845 2596 2006 2650; x_wconf 86' lang='lat' dir='ltr'><strong>tertia</strong></span> <span class='ocrx_word' id='word_1_410' title='bbox 2031 2609 2097 2651; x_wconf 74' lang='lat' dir='ltr'><strong>ex</strong></span> <span class='ocrx_word' id='word_1_411' title='bbox 2126 2595 2406 2666; x_wconf 76' lang='lat' dir='ltr'><strong>bypostasi</strong></span> <span class='ocrx_word' id='word_1_412' title='bbox 2438 2595 2694 2665; x_wconf 90' lang='lat' dir='ltr'><strong>procedat</strong></span> <span class='ocrx_word' id='word_1_413' title='bbox 2717 2594 3051 2665; x_wconf 84' lang='lat' dir='ltr'><strong>hypostasis.</strong></span> 
     </span>
    </p>
   </div>
   <div class='ocr_carea' id='block_1_50' title="bbox 457 2711 1968 2784">
    <p class='ocr_par' dir='ltr' id='par_1_50' title="bbox 457 2711 1968 2784">
     <span class='ocr_line' id='line_1_50' title="bbox 457 2711 1968 2784; baseline 0.001 -17"><span class='ocrx_word' id='word_1_414' title='bbox 457 2711 691 2767; x_wconf 80' lang='lat' dir='ltr'><strong>LXVIII.</strong></span> <span class='ocrx_word' id='word_1_415' title='bbox 742 2712 870 2766; x_wconf 88' lang='lat' dir='ltr'><strong>Dico</strong></span> <span class='ocrx_word' id='word_1_416' title='bbox 917 2713 1081 2784; x_wconf 86' lang='lat' dir='ltr'><strong>igitur</strong></span> <span class='ocrx_word' id='word_1_417' title='bbox 1130 2712 1402 2768; x_wconf 80' lang='lat' dir='ltr'><strong>Christum</strong></span> <span class='ocrx_word' id='word_1_418' title='bbox 1459 2713 1762 2768; x_wconf 86' lang='lat' dir='ltr'><strong>ministrum</strong></span> <span class='ocrx_word' id='word_1_419' title='bbox 1802 2713 1968 2784; x_wconf 79' lang='lat' dir='ltr'><strong>fuisse</strong></span> 
     </span>
    </p>
   </div>
   <div class='ocr_carea' id='block_1_51' title="bbox 385 2804 1968 2877">
    <p class='ocr_par' dir='ltr' id='par_1_51' title="bbox 385 2804 1968 2877">
     <span class='ocr_line' id='line_1_51' title="bbox 385 2804 1968 2877; baseline 0.001 -20"><span class='ocrx_word' id='word_1_420' title='bbox 385 2804 807 2858; x_wconf 81' lang='lat' dir='ltr'><strong>circumcisionis</strong></span> <span class='ocrx_word' id='word_1_421' title='bbox 843 2820 936 2873; x_wconf 89' lang='lat' dir='ltr'><strong>pro</strong></span> <span class='ocrx_word' id='word_1_422' title='bbox 969 2806 1190 2860; x_wconf 71' lang='lat' dir='ltr'><strong>ueritate</strong></span> <span class='ocrx_word' id='word_1_423' title='bbox 1219 2805 1338 2871; x_wconf 84' lang='lat' dir='ltr'><strong>Dei,</strong></span> <span class='ocrx_word' id='word_1_424' title='bbox 1375 2815 1432 2859; x_wconf 89' lang='lat' dir='ltr'><strong>ut</strong></span> <span class='ocrx_word' id='word_1_425' title='bbox 1458 2807 1722 2877; x_wconf 82' lang='lat' dir='ltr'><strong>promissa</strong></span> <span class='ocrx_word' id='word_1_426' title='bbox 1744 2805 1968 2875; x_wconf 86' lang='lat' dir='ltr'><strong>comple-</strong></span> 
     </span>
    </p>
   </div>
   <div class='ocr_carea' id='block_1_52' title="bbox 386 2894 1969 2968">
    <p class='ocr_par' dir='ltr' id='par_1_52' title="bbox 386 2894 1969 2968">
     <span class='ocr_line' id='line_1_52' title="bbox 386 2894 1969 2968; baseline 0.004 -19"><span class='ocrx_word' id='word_1_427' title='bbox 386 2896 524 2950; x_wconf 83' lang='lat' dir='ltr'><strong>ret‘.</strong></span> <span class='ocrx_word' id='word_1_428' title='bbox 581 2894 753 2950; x_wconf 85' lang='lat' dir='ltr'><strong>Porro</strong></span> <span class='ocrx_word' id='word_1_429' title='bbox 805 2895 1070 2968; x_wconf 90' lang='lat' dir='ltr'><strong>Spiritum</strong></span> <span class='ocrx_word' id='word_1_430' title='bbox 1116 2907 1367 2953; x_wconf 88' lang='lat' dir='ltr'><strong>sanctum</strong></span> <span class='ocrx_word' id='word_1_431' title='bbox 1415 2915 1524 2954; x_wconf 90' lang='lat' dir='ltr'><strong>una</strong></span> <span class='ocrx_word' id='word_1_432' title='bbox 1574 2899 1890 2956; x_wconf 88' lang='lat' dir='ltr'><strong>ministrare</strong></span> <span class='ocrx_word' id='word_1_433' title='bbox 1937 2914 1969 2955; x_wconf 87' lang='lat' dir='ltr'><strong>e</strong></span> 
     </span>
    </p>
   </div>
   <div class='ocr_carea' id='block_1_53' title="bbox 386 2987 1964 3046">
    <p class='ocr_par' dir='ltr' id='par_1_53' title="bbox 386 2987 1964 3046">
     <span class='ocr_line' id='line_1_53' title="bbox 386 2987 1964 3046; baseline 0.001 -4"><span class='ocrx_word' id='word_1_434' title='bbox 386 3004 670 3042; x_wconf 85' lang='lat' dir='ltr'><strong>sacrorum</strong></span> <span class='ocrx_word' id='word_1_435' title='bbox 745 2987 1035 3044; x_wconf 87' lang='lat' dir='ltr'><strong>Librorum</strong></span> <span class='ocrx_word' id='word_1_436' title='bbox 1111 2994 1439 3046; x_wconf 88' lang='lat' dir='ltr'><strong>auctoritate</strong></span> <span class='ocrx_word' id='word_1_437' title='bbox 1502 2992 1575 3045; x_wconf 90' lang='lat' dir='ltr'><strong>ita</strong></span> <span class='ocrx_word' id='word_1_438' title='bbox 1650 2991 1964 3046; x_wconf 87' lang='lat' dir='ltr'><strong>didicimus.</strong></span> 
     </span>
    </p>
   </div>
   <div class='ocr_carea' id='block_1_54' title="bbox 2143 2706 3660 2780">
    <p class='ocr_par' dir='ltr' id='par_1_54' title="bbox 2143 2706 3660 2780">
     <span class='ocr_line' id='line_1_54' title="bbox 2143 2706 3660 2780; baseline -0.001 -16"><span class='ocrx_word' id='word_1_439' title='bbox 2143 2711 2267 2764; x_wconf 83' lang='grc' dir='ltr'><strong>ΞΗ’.</strong></span> <span class='ocrx_word' id='word_1_440' title='bbox 2305 2709 2469 2780; x_wconf 85' lang='grc' dir='ltr'>Λέγω</span> <span class='ocrx_word' id='word_1_441' title='bbox 2504 2706 2618 2766; x_wconf 80' lang='grc' dir='ltr'>οὖν</span> <span class='ocrx_word' id='word_1_442' title='bbox 2665 2711 2924 2780; x_wconf 80' lang='grc' dir='ltr'>Χριστὸν</span> <span class='ocrx_word' id='word_1_443' title='bbox 2970 2709 3254 2765; x_wconf 82' lang='grc' dir='ltr'>διάκονον</span> <span class='ocrx_word' id='word_1_444' title='bbox 3295 2708 3660 2780; x_wconf 62' lang='grc' dir='ltr'>γεγενῆσθαι</span> 
     </span>
    </p>
   </div>
   <div class='ocr_carea' id='block_1_55' title="bbox 2076 2800 3662 2873">
    <p class='ocr_par' dir='ltr' id='par_1_55' title="bbox 2076 2800 3662 2873">
     <span class='ocr_line' id='line_1_55' title="bbox 2076 2800 3662 2873; baseline -0.003 -16"><span class='ocrx_word' id='word_1_445' title='bbox 2076 2803 2402 2873; x_wconf 81' lang='grc' dir='ltr'>περιτομῆς</span> <span class='ocrx_word' id='word_1_446' title='bbox 2435 2803 2588 2872; x_wconf 83' lang='grc' dir='ltr'><strong>ὑπὲρ</strong></span> <span class='ocrx_word' id='word_1_447' title='bbox 2620 2804 2907 2871; x_wconf 76' lang='grc' dir='ltr'>ἀληθείας</span> <span class='ocrx_word' id='word_1_448' title='bbox 2948 2802 3096 2856; x_wconf 84' lang='grc' dir='ltr'>Θεοῦ</span> <span class='ocrx_word' id='word_1_449' title='bbox 3124 2804 3214 2869; x_wconf 81' lang='grc' dir='ltr'><strong>είς</strong></span> <span class='ocrx_word' id='word_1_450' title='bbox 3239 2800 3308 2855; x_wconf 81' lang='grc' dir='ltr'>τὸ</span> <span class='ocrx_word' id='word_1_451' title='bbox 3340 2800 3662 2868; x_wconf 76' lang='grc' dir='ltr'>πληρῶσαι</span> 
     </span>
    </p>
   </div>
   <div class='ocr_carea' id='block_1_56' title="bbox 2073 2892 3665 2966">
    <p class='ocr_par' dir='ltr' id='par_1_56' title="bbox 2073 2892 3665 2966">
     <span class='ocr_line' id='line_1_56' title="bbox 2073 2892 3665 2966; baseline -0.003 -17"><span class='ocrx_word' id='word_1_452' title='bbox 2073 2897 2182 2962; x_wconf 85' lang='grc' dir='ltr'>τὰς</span> <span class='ocrx_word' id='word_1_453' title='bbox 2227 2896 2624 2966; x_wconf 73' lang='grc' dir='ltr'>ἐπαγγελίας,</span> <span class='ocrx_word' id='word_1_454' title='bbox 2683 2896 3046 2949; x_wconf 87' lang='grc' dir='ltr'>συνδιακονεῖν</span> <span class='ocrx_word' id='word_1_455' title='bbox 3092 2893 3150 2948; x_wconf 84' lang='grc' dir='ltr'><strong>δὲ</strong></span> <span class='ocrx_word' id='word_1_456' title='bbox 3206 2893 3268 2947; x_wconf 86' lang='grc' dir='ltr'><strong>τὸ</strong></span> <span class='ocrx_word' id='word_1_457' title='bbox 3315 2893 3541 2964; x_wconf 81' lang='grc' dir='ltr'>Πνεῦμα</span> <span class='ocrx_word' id='word_1_458' title='bbox 3595 2892 3665 2946; x_wconf 78' lang='grc' dir='ltr'><strong>τὸ</strong></span> 
     </span>
    </p>
   </div>
   <div class='ocr_carea' id='block_1_57' title="bbox 2075 2985 3655 3060">
    <p class='ocr_par' dir='ltr' id='par_1_57' title="bbox 2075 2985 3655 3060">
     <span class='ocr_line' id='line_1_57' title="bbox 2075 2985 3655 3060; baseline -0.003 -17"><span class='ocrx_word' id='word_1_459' title='bbox 2075 2989 2228 3058; x_wconf 74' lang='grc' dir='ltr'>ἅγιον</span> <span class='ocrx_word' id='word_1_460' title='bbox 2274 2989 2805 3060; x_wconf 83' lang='grc' dir='ltr'>συμπαρειλήφαμεν</span> <span class='ocrx_word' id='word_1_461' title='bbox 2851 2991 2915 3042; x_wconf 84' lang='grc' dir='ltr'><strong>ὲκ</strong></span> <span class='ocrx_word' id='word_1_462' title='bbox 2968 2988 3128 3041; x_wconf 85' lang='grc' dir='ltr'>Θείων</span> <span class='ocrx_word' id='word_1_463' title='bbox 3178 2985 3410 3059; x_wconf 82' lang='grc' dir='ltr'>Γραφῶν</span> <span class='ocrx_word' id='word_1_464' title='bbox 3461 2985 3655 3048; x_wconf 76' lang='grc' dir='ltr'>οὕτως.</span> 
     </span>
    </p>
   </div>
   <div class='ocr_carea' id='block_1_58' title="bbox 383 3075 1968 3152">
    <p class='ocr_par' dir='ltr' id='par_1_58' title="bbox 383 3079 1968 3152">
     <span class='ocr_line' id='line_1_58' title="bbox 383 3079 1968 3152; baseline 0.001 -18"><span class='ocrx_word' id='word_1_465' title='bbox 383 3079 639 3135; x_wconf 88' lang='lat' dir='ltr'><strong>Christus</strong></span> <span class='ocrx_word' id='word_1_466' title='bbox 670 3096 696 3131; x_wconf 89' lang='lat' dir='ltr'><strong>a</strong></span> <span class='ocrx_word' id='word_1_467' title='bbox 732 3079 894 3135; x_wconf 83' lang='lat' dir='ltr'><strong>Patre</strong></span> <span class='ocrx_word' id='word_1_468' title='bbox 927 3081 1183 3146; x_wconf 90' lang='lat' dir='ltr'><strong>mittitur,</strong></span> <span class='ocrx_word' id='word_1_469' title='bbox 1214 3083 1450 3136; x_wconf 90' lang='lat' dir='ltr'><strong>mittitur</strong></span> <span class='ocrx_word' id='word_1_470' title='bbox 1479 3093 1534 3138; x_wconf 90' lang='lat' dir='ltr'><strong>et</strong></span> <span class='ocrx_word' id='word_1_471' title='bbox 1565 3081 1803 3152; x_wconf 88' lang='lat' dir='ltr'><strong>Spiritus</strong></span> <span class='ocrx_word' id='word_1_472' title='bbox 1841 3097 1968 3137; x_wconf 78' lang='lat' dir='ltr'><strong>san-</strong></span> 
     </span>
    </p>
   </div>
   <div class='ocr_carea' id='block_1_59' title="bbox 2069 3075 3664 3152">
    <p class='ocr_par' dir='ltr' id='par_1_59' title="bbox 2083 3075 3664 3151">
     <span class='ocr_line' id='line_1_59' title="bbox 2083 3075 3664 3151; baseline -0.003 -19"><span class='ocrx_word' id='word_1_473' title='bbox 2083 3080 2496 3133; x_wconf 81' lang='grc' dir='ltr'>Ἀποστέλλεται</span> <span class='ocrx_word' id='word_1_474' title='bbox 2528 3081 2557 3132; x_wconf 91' lang='lat'><strong>6</strong></span> <span class='ocrx_word' id='word_1_475' title='bbox 2606 3079 2842 3151; x_wconf 77' lang='grc' dir='ltr'>Χριστὸς</span> <span class='ocrx_word' id='word_1_476' title='bbox 2887 3079 2995 3134; x_wconf 83' lang='grc' dir='ltr'>ἀπὸ</span> <span class='ocrx_word' id='word_1_477' title='bbox 3041 3079 3254 3150; x_wconf 79' lang='grc' dir='ltr'>Πατρὸς</span> <span class='ocrx_word' id='word_1_478' title='bbox 3278 3117 3294 3142; x_wconf 92' lang='grc'><strong>,</strong></span> <span class='ocrx_word' id='word_1_479' title='bbox 3333 3075 3664 3133; x_wconf 57' lang='lat' dir='ltr'><strong>amnem-</strong></span> 
     </span>
    </p>
   </div>
   <div class='ocr_carea' id='block_1_60' title="bbox 386 3169 1967 3242">
    <p class='ocr_par' dir='ltr' id='par_1_60' title="bbox 386 3169 1967 3242">
     <span class='ocr_line' id='line_1_60' title="bbox 386 3169 1967 3242; baseline 0.001 -18"><span class='ocrx_word' id='word_1_480' title='bbox 386 3179 506 3224; x_wconf 89' lang='lat' dir='ltr'><strong>ctus</strong></span> <span class='ocrx_word' id='word_1_481' title='bbox 536 3188 547 3223; x_wconf 95' lang='lat'><strong>:</strong></span> <span class='ocrx_word' id='word_1_482' title='bbox 587 3169 839 3225; x_wconf 82' lang='lat' dir='ltr'><strong>Christus</strong></span> <span class='ocrx_word' id='word_1_483' title='bbox 870 3171 926 3224; x_wconf 89' lang='lat' dir='ltr'><strong>in</strong></span> <span class='ocrx_word' id='word_1_484' title='bbox 959 3174 1166 3227; x_wconf 82' lang='lat' dir='ltr'><strong>sanctis</strong></span> <span class='ocrx_word' id='word_1_485' title='bbox 1197 3173 1453 3242; x_wconf 91' lang='lat' dir='ltr'><strong>loquitur,</strong></span> <span class='ocrx_word' id='word_1_486' title='bbox 1489 3173 1731 3242; x_wconf 90' lang='lat' dir='ltr'><strong>loquitur</strong></span> <span class='ocrx_word' id='word_1_487' title='bbox 1757 3180 1812 3226; x_wconf 90' lang='lat' dir='ltr'><strong>et</strong></span> <span class='ocrx_word' id='word_1_488' title='bbox 1843 3171 1967 3242; x_wconf 91' lang='lat' dir='ltr'><strong>Spi-</strong></span> 
     </span>
    </p>
   </div>
   <div class='ocr_carea' id='block_1_61' title="bbox 385 3260 1968 3335">
    <p class='ocr_par' dir='ltr' id='par_1_61' title="bbox 385 3260 1968 3335">
     <span class='ocr_line' id='line_1_61' title="bbox 385 3260 1968 3335; baseline 0.003 -20"><span class='ocrx_word' id='word_1_489' title='bbox 385 3260 525 3315; x_wconf 91' lang='lat' dir='ltr'><strong>ritus</strong></span> <span class='ocrx_word' id='word_1_490' title='bbox 572 3268 837 3315; x_wconf 84' lang='lat' dir='ltr'><strong>sanctus:</strong></span> <span class='ocrx_word' id='word_1_491' title='bbox 889 3271 1050 3316; x_wconf 88' lang='lat' dir='ltr'><strong>sanat</strong></span> <span class='ocrx_word' id='word_1_492' title='bbox 1092 3262 1365 3328; x_wconf 84' lang='lat' dir='ltr'><strong>Christus,</strong></span> <span class='ocrx_word' id='word_1_493' title='bbox 1417 3271 1574 3319; x_wconf 85' lang='lat' dir='ltr'><strong>sanat</strong></span> <span class='ocrx_word' id='word_1_494' title='bbox 1633 3273 1688 3320; x_wconf 86' lang='lat' dir='ltr'><strong>et</strong></span> <span class='ocrx_word' id='word_1_495' title='bbox 1732 3263 1968 3335; x_wconf 91' lang='lat' dir='ltr'><strong>Spiritus</strong></span> 
     </span>
    </p>
   </div>
   <div class='ocr_carea' id='block_1_62' title="bbox 385 3350 1970 3424">
    <p class='ocr_par' dir='ltr' id='par_1_62' title="bbox 385 3350 1970 3424">
     <span class='ocr_line' id='line_1_62' title="bbox 385 3350 1970 3424; baseline 0.001 -19"><span class='ocrx_word' id='word_1_496' title='bbox 385 3355 613 3405; x_wconf 86' lang='lat' dir='ltr'><strong>sanctus</strong></span> <span class='ocrx_word' id='word_1_497' title='bbox 642 3367 656 3403; x_wconf 91' lang='lat'><strong>:</strong></span> <span class='ocrx_word' id='word_1_498' title='bbox 701 3350 1010 3406; x_wconf 79' lang='lat' dir='ltr'><strong>Sanctiﬁcat</strong></span> <span class='ocrx_word' id='word_1_499' title='bbox 1050 3351 1326 3418; x_wconf 86' lang='lat' dir='ltr'><strong>Christus,</strong></span> <span class='ocrx_word' id='word_1_500' title='bbox 1361 3353 1671 3408; x_wconf 82' lang='lat' dir='ltr'><strong>sanctiﬁcat</strong></span> <span class='ocrx_word' id='word_1_501' title='bbox 1709 3360 1764 3408; x_wconf 92' lang='lat' dir='ltr'><strong>et</strong></span> <span class='ocrx_word' id='word_1_502' title='bbox 1793 3352 1970 3424; x_wconf 90' lang='lat' dir='ltr'><strong>Spiri-</strong></span> 
     </span>
    </p>
   </div>
   <div class='ocr_carea' id='block_1_63' title="bbox 386 3441 1965 3511">
    <p class='ocr_par' dir='ltr' id='par_1_63' title="bbox 386 3441 1965 3511">
     <span class='ocr_line' id='line_1_63' title="bbox 386 3441 1965 3511; baseline 0.004 -19"><span class='ocrx_word' id='word_1_503' title='bbox 386 3448 476 3494; x_wconf 85' lang='lat' dir='ltr'><strong>tus</strong></span> <span class='ocrx_word' id='word_1_504' title='bbox 526 3447 804 3495; x_wconf 90' lang='lat' dir='ltr'><strong>sanctus:</strong></span> <span class='ocrx_word' id='word_1_505' title='bbox 864 3441 1106 3511; x_wconf 82' lang='lat' dir='ltr'><strong>baptizat</strong></span> <span class='ocrx_word' id='word_1_506' title='bbox 1164 3442 1220 3497; x_wconf 93' lang='lat' dir='ltr'><strong>in</strong></span> <span class='ocrx_word' id='word_1_507' title='bbox 1272 3457 1373 3497; x_wconf 88' lang='lat' dir='ltr'><strong>suo</strong></span> <span class='ocrx_word' id='word_1_508' title='bbox 1426 3444 1647 3498; x_wconf 86' lang='lat' dir='ltr'><strong>nomine</strong></span> <span class='ocrx_word' id='word_1_509' title='bbox 1693 3443 1965 3509; x_wconf 87' lang='lat' dir='ltr'><strong>Christus,</strong></span> 
     </span>
    </p>
   </div>
   <div class='ocr_carea' id='block_1_64' title="bbox 386 3532 1971 3604">
    <p class='ocr_par' dir='ltr' id='par_1_64' title="bbox 386 3532 1971 3604">
     <span class='ocr_line' id='line_1_64' title="bbox 386 3532 1971 3604; baseline 0 -16"><span class='ocrx_word' id='word_1_510' title='bbox 386 3534 628 3604; x_wconf 77' lang='lat' dir='ltr'><strong>baptizat</strong></span> <span class='ocrx_word' id='word_1_511' title='bbox 661 3542 715 3589; x_wconf 88' lang='lat' dir='ltr'><strong>et</strong></span> <span class='ocrx_word' id='word_1_512' title='bbox 743 3532 983 3602; x_wconf 89' lang='lat' dir='ltr'><strong>Spiritus</strong></span> <span class='ocrx_word' id='word_1_513' title='bbox 1018 3541 1262 3590; x_wconf 88' lang='lat' dir='ltr'><strong>sanctus.</strong></span> <span class='ocrx_word' id='word_1_514' title='bbox 1296 3534 1376 3588; x_wconf 80' lang='lat' dir='ltr'><strong>Ad</strong></span> <span class='ocrx_word' id='word_1_515' title='bbox 1407 3549 1531 3589; x_wconf 91' lang='lat' dir='ltr'><strong>eum</strong></span> <span class='ocrx_word' id='word_1_516' title='bbox 1565 3535 1786 3590; x_wconf 86' lang='lat' dir='ltr'><strong>modum</strong></span> <span class='ocrx_word' id='word_1_517' title='bbox 1821 3533 1971 3590; x_wconf 74' lang='lat' dir='ltr'><strong>Scri-</strong></span> 
     </span>
    </p>
   </div>
   <div class='ocr_carea' id='block_1_65' title="bbox 381 3625 1970 3696">
    <p class='ocr_par' dir='ltr' id='par_1_65' title="bbox 381 3625 1970 3696">
     <span class='ocr_line' id='line_1_65' title="bbox 381 3625 1970 3696; baseline 0.005 -22"><span class='ocrx_word' id='word_1_518' title='bbox 381 3634 548 3696; x_wconf 82' lang='lat' dir='ltr'><strong>.ptura</strong></span> <span class='ocrx_word' id='word_1_519' title='bbox 592 3626 874 3696; x_wconf 83' lang='lat' dir='ltr'><strong>loquitur&#39;</strong></span> <span class='ocrx_word' id='word_1_520' title='bbox 911 3644 924 3682; x_wconf 91' lang='lat'><strong>:</strong></span> <span class='ocrx_word' id='word_1_521' title='bbox 960 3627 1066 3696; x_wconf 75' lang='lat'><strong>72</strong></span> <span class='ocrx_word' id='word_1_522' title='bbox 1120 3625 1346 3681; x_wconf 83' lang='lat' dir='ltr'><strong>Emittes</strong></span> <span class='ocrx_word' id='word_1_523' title='bbox 1397 3627 1660 3696; x_wconf 82' lang='lat' dir='ltr'><strong>Spiritum</strong></span> <span class='ocrx_word' id='word_1_524' title='bbox 1697 3637 1868 3694; x_wconf 88' lang='lat' dir='ltr'><strong>tuum,</strong></span> <span class='ocrx_word' id='word_1_525' title='bbox 1919 3636 1970 3682; x_wconf 89' lang='lat' dir='ltr'><strong>et</strong></span> 
     </span>
    </p>
   </div>
   <div class='ocr_carea' id='block_1_66' title="bbox 385 3707 1973 3789">
    <p class='ocr_par' dir='ltr' id='par_1_66' title="bbox 385 3707 1973 3789">
     <span class='ocr_line' id='line_1_66' title="bbox 385 3707 1973 3789; baseline 0.003 -19"><span class='ocrx_word' id='word_1_526' title='bbox 385 3717 660 3772; x_wconf 76' lang='lat' dir='ltr'><strong>renovabis</strong></span> <span class='ocrx_word' id='word_1_527' title='bbox 725 3718 916 3786; x_wconf 77' lang='lat' dir='ltr'><strong>[aciem</strong></span> <span class='ocrx_word' id='word_1_528' title='bbox 974 3707 1129 3773; x_wconf 77' lang='lat' dir='ltr'><strong>terra:</strong></span> <span class='ocrx_word' id='word_1_529' title='bbox 1163 3733 1183 3772; x_wconf 90' lang='lat'><strong>:</strong></span> <span class='ocrx_word' id='word_1_530' title='bbox 1233 3718 1380 3788; x_wconf 91' lang='lat' dir='ltr'><strong>quod</strong></span> <span class='ocrx_word' id='word_1_531' title='bbox 1442 3717 1586 3773; x_wconf 89' lang='lat' dir='ltr'><strong>idem</strong></span> <span class='ocrx_word' id='word_1_532' title='bbox 1653 3726 1741 3774; x_wconf 83' lang='lat' dir='ltr'><strong>est</strong></span> <span class='ocrx_word' id='word_1_533' title='bbox 1809 3726 1973 3789; x_wconf 88' lang='lat' dir='ltr'><strong>atque</strong></span> 
     </span>
    </p>
   </div>
   <div class='ocr_carea' id='block_1_67' title="bbox 387 3809 1967 3880">
    <p class='ocr_par' dir='ltr' id='par_1_67' title="bbox 387 3809 1967 3880">
     <span class='ocr_line' id='line_1_67' title="bbox 387 3809 1967 3880; baseline 0.001 -16"><span class='ocrx_word' id='word_1_534' title='bbox 387 3813 578 3868; x_wconf 85' lang='lat' dir='ltr'><strong>istud:</strong></span> <span class='ocrx_word' id='word_1_535' title='bbox 625 3811 874 3866; x_wconf 77' lang='lat' dir='ltr'><strong>Emittes‘</strong></span> <span class='ocrx_word' id='word_1_536' title='bbox 905 3809 1126 3866; x_wconf 82' lang='lat' dir='ltr'><strong>Verbum</strong></span> <span class='ocrx_word' id='word_1_537' title='bbox 1178 3819 1348 3873; x_wconf 88' lang='lat' dir='ltr'><strong>tuum,</strong></span> <span class='ocrx_word' id='word_1_538' title='bbox 1391 3819 1441 3864; x_wconf 85' lang='lat' dir='ltr'><strong>et</strong></span> <span class='ocrx_word' id='word_1_539' title='bbox 1491 3809 1794 3880; x_wconf 80' lang='lat' dir='ltr'><strong>liquefacies</strong></span> <span class='ocrx_word' id='word_1_540' title='bbox 1841 3826 1903 3863; x_wconf 89' lang='lat' dir='ltr'><strong>ea</strong></span> <span class='ocrx_word' id='word_1_541' title='bbox 1925 3810 1967 3865; x_wconf 83' lang='grc'><strong>⁸.</strong></span> 
     </span>
    </p>
   </div>
   <div class='ocr_carea' id='block_1_68' title="bbox 389 3900 1970 3970">
    <p class='ocr_par' dir='ltr' id='par_1_68' title="bbox 389 3900 1970 3970">
     <span class='ocr_line' id='line_1_68' title="bbox 389 3900 1970 3970; baseline -0.001 -14"><span class='ocrx_word' id='word_1_542' title='bbox 389 3905 516 3958; x_wconf 88' lang='lat' dir='ltr'><strong>Item</strong></span> <span class='ocrx_word' id='word_1_543' title='bbox 550 3921 563 3958; x_wconf 90' lang='lat'><strong>:</strong></span> <span class='ocrx_word' id='word_1_544' title='bbox 593 3902 1026 3957; x_wconf 78' lang='lat' dir='ltr'><strong>Ministrantibus</strong></span> <span class='ocrx_word' id='word_1_545' title='bbox 1088 3901 1196 3956; x_wconf 87' lang='lat' dir='ltr'><strong>illis</strong></span> <span class='ocrx_word' id='word_1_546' title='bbox 1242 3901 1468 3955; x_wconf 87' lang='lat' dir='ltr'><strong>Domino</strong></span> <span class='ocrx_word' id='word_1_547' title='bbox 1510 3917 1572 3954; x_wconf 85' lang='lat' dir='ltr'><strong>ac</strong></span> <span class='ocrx_word' id='word_1_548' title='bbox 1600 3900 1970 3970; x_wconf 80' lang='lat' dir='ltr'><strong>jejunantibus</strong></span> 
     </span>
    </p>
   </div>
   <div class='ocr_carea' id='block_1_69' title="bbox 386 3991 1972 4064">
    <p class='ocr_par' dir='ltr' id='par_1_69' title="bbox 386 3991 1972 4064">
     <span class='ocr_line' id='line_1_69' title="bbox 386 3991 1972 4064; baseline -0.003 -16"><span class='ocrx_word' id='word_1_549' title='bbox 386 3996 525 4048; x_wconf 74' lang='lat' dir='ltr'><strong>dixit</strong></span> <span class='ocrx_word' id='word_1_550' title='bbox 570 3994 804 4064; x_wconf 86' lang='lat' dir='ltr'><strong>Spiritus</strong></span> <span class='ocrx_word' id='word_1_551' title='bbox 851 4004 1111 4049; x_wconf 83' lang='lat' dir='ltr'><strong>sanctus:</strong></span> <span class='ocrx_word' id='word_1_552' title='bbox 1163 3993 1447 4063; x_wconf 83' lang='lat' dir='ltr'><strong>Segregate</strong></span> <span class='ocrx_word' id='word_1_553' title='bbox 1489 3991 1620 4046; x_wconf 78' lang='lat' dir='ltr'><strong>mihi</strong></span> <span class='ocrx_word' id='word_1_554' title='bbox 1661 3991 1972 4046; x_wconf 87' lang='lat' dir='ltr'><strong>Barnabam</strong></span> 
     </span>
    </p>
   </div>
   <div class='ocr_carea' id='block_1_70' title="bbox 383 4083 1973 4157">
    <p class='ocr_par' dir='ltr' id='par_1_70' title="bbox 383 4083 1973 4157">
     <span class='ocr_line' id='line_1_70' title="bbox 383 4083 1973 4157; baseline -0.001 -16"><span class='ocrx_word' id='word_1_555' title='bbox 383 4099 431 4141; x_wconf 86' lang='lat' dir='ltr'><strong>et</strong></span> <span class='ocrx_word' id='word_1_556' title='bbox 466 4086 690 4142; x_wconf 86' lang='lat' dir='ltr'><strong>Saulum</strong></span> <span class='ocrx_word' id='word_1_557' title='bbox 729 4087 797 4140; x_wconf 87' lang='lat' dir='ltr'><strong>ad</strong></span> <span class='ocrx_word' id='word_1_558' title='bbox 828 4102 956 4156; x_wconf 85' lang='lat' dir='ltr'><strong>opus</strong></span> <span class='ocrx_word' id='word_1_559' title='bbox 983 4085 1053 4140; x_wconf 88' lang='lat' dir='ltr'><strong>ad</strong></span> <span class='ocrx_word' id='word_1_560' title='bbox 1081 4084 1218 4157; x_wconf 86' lang='lat' dir='ltr'><strong>quod</strong></span> <span class='ocrx_word' id='word_1_561' title='bbox 1261 4101 1348 4140; x_wconf 82' lang='lat' dir='ltr'><strong>eos</strong></span> <span class='ocrx_word' id='word_1_562' title='bbox 1394 4084 1643 4139; x_wconf 80' lang='lat' dir='ltr'><strong>vocavi‘.</strong></span> <span class='ocrx_word' id='word_1_563' title='bbox 1687 4083 1834 4140; x_wconf 83' lang='lat' dir='ltr'><strong>Idem</strong></span> <span class='ocrx_word' id='word_1_564' title='bbox 1867 4083 1973 4140; x_wconf 87' lang='lat' dir='ltr'><strong>hoc</strong></span> 
     </span>
    </p>
   </div>
   <div class='ocr_carea' id='block_1_71' title="bbox 379 4174 1973 4245">
    <p class='ocr_par' dir='ltr' id='par_1_71' title="bbox 379 4174 1973 4245">
     <span class='ocr_line' id='line_1_71' title="bbox 379 4174 1973 4245; baseline -0.003 -13"><span class='ocrx_word' id='word_1_565' title='bbox 379 4187 470 4234; x_wconf 83' lang='lat' dir='ltr'><strong>cst</strong></span> <span class='ocrx_word' id='word_1_566' title='bbox 498 4194 622 4232; x_wconf 90' lang='lat' dir='ltr'><strong>cum</strong></span> <span class='ocrx_word' id='word_1_567' title='bbox 658 4179 802 4232; x_wconf 89' lang='lat' dir='ltr'><strong>isto:</strong></span> <span class='ocrx_word' id='word_1_568' title='bbox 852 4178 1107 4231; x_wconf 87' lang='lat' dir='ltr'><strong>Dominus</strong></span> <span class='ocrx_word' id='word_1_569' title='bbox 1141 4186 1319 4230; x_wconf 87' lang='lat' dir='ltr'><strong>autem</strong></span> <span class='ocrx_word' id='word_1_570' title='bbox 1346 4177 1485 4229; x_wconf 75' lang='lat' dir='ltr'><strong>dixit</strong></span> <span class='ocrx_word' id='word_1_571' title='bbox 1515 4193 1534 4229; x_wconf 93' lang='lat'><strong>:</strong></span> <span class='ocrx_word' id='word_1_572' title='bbox 1572 4174 1855 4245; x_wconf 85' lang='lat' dir='ltr'><strong>Ingredere</strong></span> <span class='ocrx_word' id='word_1_573' title='bbox 1880 4191 1973 4227; x_wconf 89' lang='lat' dir='ltr'><strong>ur-</strong></span> 
     </span>
    </p>
   </div>
   <div class='ocr_carea' id='block_1_72' title="bbox 382 4266 1967 4335">
    <p class='ocr_par' dir='ltr' id='par_1_72' title="bbox 382 4266 1967 4335">
     <span class='ocr_line' id='line_1_72' title="bbox 382 4266 1967 4335; baseline -0.003 -13"><span class='ocrx_word' id='word_1_574' title='bbox 382 4269 522 4331; x_wconf 80' lang='lat' dir='ltr'><strong>bem,</strong></span> <span class='ocrx_word' id='word_1_575' title='bbox 565 4278 614 4322; x_wconf 93' lang='lat' dir='ltr'><strong>et</strong></span> <span class='ocrx_word' id='word_1_576' title='bbox 649 4269 719 4319; x_wconf 82' lang='lat' dir='ltr'><strong>ibi</strong></span> <span class='ocrx_word' id='word_1_577' title='bbox 776 4268 982 4320; x_wconf 83' lang='lat' dir='ltr'><strong>dicetur</strong></span> <span class='ocrx_word' id='word_1_578' title='bbox 1031 4266 1279 4335; x_wconf 86' lang='lat' dir='ltr'><strong>tibiquid</strong></span> <span class='ocrx_word' id='word_1_579' title='bbox 1325 4275 1375 4319; x_wconf 88' lang='lat' dir='ltr'><strong>te</strong></span> <span class='ocrx_word' id='word_1_580' title='bbox 1417 4274 1655 4333; x_wconf 87' lang='lat' dir='ltr'><strong>oporteat</strong></span> <span class='ocrx_word' id='word_1_581' title='bbox 1704 4266 1967 4332; x_wconf 78' lang='lat' dir='ltr'><strong>facere”.</strong></span> 
     </span>
    </p>
   </div>
   <div class='ocr_carea' id='block_1_73' title="bbox 390 4355 1968 4426">
    <p class='ocr_par' dir='ltr' id='par_1_73' title="bbox 390 4355 1968 4426">
     <span class='ocr_line' id='line_1_73' title="bbox 390 4355 1968 4426; baseline -0.004 -12"><span class='ocrx_word' id='word_1_582' title='bbox 390 4361 562 4414; x_wconf 88' lang='lat' dir='ltr'><strong>Item:</strong></span> <span class='ocrx_word' id='word_1_583' title='bbox 611 4357 706 4410; x_wconf 81' lang='lat' dir='ltr'><strong>Illi</strong></span> <span class='ocrx_word' id='word_1_584' title='bbox 754 4357 918 4426; x_wconf 84' lang='lat' dir='ltr'><strong>igitur</strong></span> <span class='ocrx_word' id='word_1_585' title='bbox 971 4357 1121 4410; x_wconf 78' lang='lat' dir='ltr'><strong>missi</strong></span> <span class='ocrx_word' id='word_1_586' title='bbox 1166 4373 1198 4409; x_wconf 90' lang='lat' dir='ltr'><strong>a</strong></span> <span class='ocrx_word' id='word_1_587' title='bbox 1242 4355 1447 4424; x_wconf 88' lang='lat' dir='ltr'><strong>Spiritu</strong></span> <span class='ocrx_word' id='word_1_588' title='bbox 1495 4365 1680 4410; x_wconf 84' lang='lat' dir='ltr'><strong>sancto</strong></span> <span class='ocrx_word' id='word_1_589' title='bbox 1725 4355 1968 4410; x_wconf 87' lang='lat' dir='ltr'><strong>abierunt</strong></span> 
     </span>
    </p>
   </div>
   <div class='ocr_carea' id='block_1_74' title="bbox 460 4529 1807 4598">
    <p class='ocr_par' dir='ltr' id='par_1_74' title="bbox 460 4529 1807 4598">
     <span class='ocr_line' id='line_1_74' title="bbox 460 4529 1807 4598; baseline -0.004 -9"><span class='ocrx_word' id='word_1_590' title='bbox 460 4536 479 4568; x_wconf 80' lang='grc'>⁸</span> <span class='ocrx_word' id='word_1_591' title='bbox 511 4533 700 4589; x_wconf 79' lang='lat' dir='ltr'><strong>Matth.</strong></span> <span class='ocrx_word' id='word_1_592' title='bbox 729 4549 808 4597; x_wconf 76' lang='grc' dir='ltr'>ιι,</span> <span class='ocrx_word' id='word_1_593' title='bbox 841 4534 930 4587; x_wconf 72' lang='grc'><strong>27.</strong></span> <span class='ocrx_word' id='word_1_594' title='bbox 1009 4533 1029 4563; x_wconf 81' lang='grc'><strong><em>²</em></strong></span> <span class='ocrx_word' id='word_1_595' title='bbox 1063 4530 1199 4587; x_wconf 87' lang='lat' dir='ltr'><strong>Gen.</strong></span> <span class='ocrx_word' id='word_1_596' title='bbox 1231 4547 1270 4595; x_wconf 82' lang='grc' dir='ltr'><strong>ι,</strong></span> <span class='ocrx_word' id='word_1_597' title='bbox 1306 4532 1360 4587; x_wconf 78' lang='grc'><strong>5.</strong></span> <span class='ocrx_word' id='word_1_598' title='bbox 1436 4531 1457 4562; x_wconf 91' lang='grc'><em>³</em></span> <span class='ocrx_word' id='word_1_599' title='bbox 1492 4529 1651 4585; x_wconf 83' lang='lat' dir='ltr'><strong>Joan.</strong></span> <span class='ocrx_word' id='word_1_600' title='bbox 1686 4545 1724 4598; x_wconf 87' lang='grc' dir='ltr'>ι,</span> <span class='ocrx_word' id='word_1_601' title='bbox 1753 4530 1807 4584; x_wconf 88' lang='lat'><strong>9.</strong></span> 
     </span>
    </p>
   </div>
   <div class='ocr_carea' id='block_1_75' title="bbox 1898 4529 2313 4596">
    <p class='ocr_par' dir='ltr' id='par_1_75' title="bbox 1898 4529 2313 4596">
     <span class='ocr_line' id='line_1_75' title="bbox 1898 4529 2313 4596; baseline -0.002 -12"><span class='ocrx_word' id='word_1_602' title='bbox 1898 4531 1920 4561; x_wconf 71' lang='lat'><strong>‘</strong></span> <span class='ocrx_word' id='word_1_603' title='bbox 1954 4529 2080 4586; x_wconf 90' lang='lat' dir='ltr'><strong>Psal</strong></span> <span class='ocrx_word' id='word_1_604' title='bbox 2103 4546 2234 4596; x_wconf 79' lang='lat' dir='ltr'><strong>ml,</strong></span> <span class='ocrx_word' id='word_1_605' title='bbox 2259 4531 2313 4584; x_wconf 79' lang='grc'><strong>5.</strong></span> 
     </span>
    </p>
   </div>
   <div class='ocr_carea' id='block_1_76' title="bbox 2066 3168 3665 3241">
    <p class='ocr_par' dir='ltr' id='par_1_76' title="bbox 2066 3168 3665 3241">
     <span class='ocr_line' id='line_1_76' title="bbox 2066 3168 3665 3241; baseline -0.003 -17"><span class='ocrx_word' id='word_1_606' title='bbox 2066 3189 2156 3226; x_wconf 87' lang='grc' dir='ltr'><strong>ται</strong></span> <span class='ocrx_word' id='word_1_607' title='bbox 2203 3171 2264 3224; x_wconf 83' lang='grc' dir='ltr'><strong>τὸ</strong></span> <span class='ocrx_word' id='word_1_608' title='bbox 2304 3171 2533 3241; x_wconf 82' lang='grc' dir='ltr'>Πνεῦμα</span> <span class='ocrx_word' id='word_1_609' title='bbox 2577 3185 2639 3224; x_wconf 87' lang='grc' dir='ltr'><strong>το</strong></span> <span class='ocrx_word' id='word_1_610' title='bbox 2682 3171 2871 3240; x_wconf 80' lang='grc' dir='ltr'>άγιον·</span> <span class='ocrx_word' id='word_1_611' title='bbox 2908 3171 3150 3226; x_wconf 84' lang='grc' dir='ltr'>λαλεῖται</span> <span class='ocrx_word' id='word_1_612' title='bbox 3200 3172 3242 3203; x_wconf 75' lang='grc'><strong>⁸⁸⁵</strong></span> <span class='ocrx_word' id='word_1_613' title='bbox 3297 3173 3356 3226; x_wconf 80' lang='grc' dir='ltr'>ὲν</span> <span class='ocrx_word' id='word_1_614' title='bbox 3415 3168 3590 3238; x_wconf 79' lang='grc' dir='ltr'>ἁγίοις</span> <span class='ocrx_word' id='word_1_615' title='bbox 3625 3169 3665 3220; x_wconf 80' lang='grc' dir='ltr'>ὁ</span> 
     </span>
    </p>
   </div>
   <div class='ocr_carea' id='block_1_77' title="bbox 2067 3259 3661 3333">
    <p class='ocr_par' dir='ltr' id='par_1_77' title="bbox 2067 3259 3661 3333">
     <span class='ocr_line' id='line_1_77' title="bbox 2067 3259 3661 3333; baseline -0.003 -18"><span class='ocrx_word' id='word_1_616' title='bbox 2067 3261 2339 3333; x_wconf 82' lang='grc' dir='ltr'>Χριστὸς,</span> <span class='ocrx_word' id='word_1_617' title='bbox 2391 3260 2632 3315; x_wconf 83' lang='grc' dir='ltr'>λαλεϊται</span> <span class='ocrx_word' id='word_1_618' title='bbox 2692 3262 2753 3315; x_wconf 83' lang='grc' dir='ltr'><strong>τὸ</strong></span> <span class='ocrx_word' id='word_1_619' title='bbox 2798 3262 3026 3332; x_wconf 85' lang='grc' dir='ltr'>Πνεῦμα</span> <span class='ocrx_word' id='word_1_620' title='bbox 3070 3264 3132 3315; x_wconf 83' lang='grc' dir='ltr'><strong>τὸ</strong></span> <span class='ocrx_word' id='word_1_621' title='bbox 3187 3262 3342 3330; x_wconf 73' lang='grc' dir='ltr'>ἅγιον</span> <span class='ocrx_word' id='word_1_622' title='bbox 3371 3279 3386 3294; x_wconf 87' lang='grc'><strong>·</strong></span> <span class='ocrx_word' id='word_1_623' title='bbox 3439 3262 3578 3314; x_wconf 81' lang='grc' dir='ltr'>ίᾶται</span> <span class='ocrx_word' id='word_1_624' title='bbox 3623 3259 3661 3310; x_wconf 83' lang='grc' dir='ltr'><strong>ὁ</strong></span> 
     </span>
    </p>
   </div>
   <div class='ocr_carea' id='block_1_78' title="bbox 2067 3351 3664 3423">
    <p class='ocr_par' dir='ltr' id='par_1_78' title="bbox 2067 3351 3664 3423">
     <span class='ocr_line' id='line_1_78' title="bbox 2067 3351 3664 3423; baseline -0.003 -17"><span class='ocrx_word' id='word_1_625' title='bbox 2067 3352 2337 3422; x_wconf 74' lang='grc' dir='ltr'>Χριστὸς,</span> <span class='ocrx_word' id='word_1_626' title='bbox 2383 3353 2530 3406; x_wconf 80' lang='grc' dir='ltr'>ἰᾶται</span> <span class='ocrx_word' id='word_1_627' title='bbox 2563 3351 2623 3406; x_wconf 85' lang='grc' dir='ltr'>τὺ</span> <span class='ocrx_word' id='word_1_628' title='bbox 2667 3352 2890 3423; x_wconf 77' lang='grc' dir='ltr'>Πνεῦμα</span> <span class='ocrx_word' id='word_1_629' title='bbox 2933 3351 2998 3404; x_wconf 80' lang='grc' dir='ltr'><strong>τὸ</strong></span> <span class='ocrx_word' id='word_1_630' title='bbox 3044 3352 3230 3419; x_wconf 72' lang='grc' dir='ltr'>ἅγιον·</span> <span class='ocrx_word' id='word_1_631' title='bbox 3264 3352 3480 3421; x_wconf 77' lang='grc' dir='ltr'>ἁγιάζει</span> <span class='ocrx_word' id='word_1_632' title='bbox 3523 3352 3664 3422; x_wconf 81' lang='grc' dir='ltr'>Χρι-</span> 
     </span>
    </p>
   </div>
   <div class='ocr_carea' id='block_1_79' title="bbox 2070 3440 3666 3514">
    <p class='ocr_par' dir='ltr' id='par_1_79' title="bbox 2070 3440 3666 3514">
     <span class='ocr_line' id='line_1_79' title="bbox 2070 3440 3666 3514; baseline -0.003 -15"><span class='ocrx_word' id='word_1_633' title='bbox 2070 3445 2224 3512; x_wconf 79' lang='grc' dir='ltr'>στὸς,</span> <span class='ocrx_word' id='word_1_634' title='bbox 2254 3445 2470 3514; x_wconf 73' lang='grc' dir='ltr'>ἁγιάζει</span> <span class='ocrx_word' id='word_1_635' title='bbox 2496 3444 2556 3498; x_wconf 79' lang='grc' dir='ltr'>τὸ</span> <span class='ocrx_word' id='word_1_636' title='bbox 2582 3442 2805 3514; x_wconf 83' lang='grc' dir='ltr'>Πνεῦμα</span> <span class='ocrx_word' id='word_1_637' title='bbox 2834 3442 2896 3495; x_wconf 82' lang='grc' dir='ltr'>τὸ</span> <span class='ocrx_word' id='word_1_638' title='bbox 2922 3441 3077 3509; x_wconf 74' lang='grc' dir='ltr'>ἅγιον</span> <span class='ocrx_word' id='word_1_639' title='bbox 3098 3457 3111 3471; x_wconf 92' lang='grc'><strong>·</strong></span> <span class='ocrx_word' id='word_1_640' title='bbox 3144 3441 3392 3509; x_wconf 81' lang='grc' dir='ltr'>βαπτίζει</span> <span class='ocrx_word' id='word_1_641' title='bbox 3422 3440 3666 3511; x_wconf 78' lang='grc' dir='ltr'>Χριστὸς</span> 
     </span>
    </p>
   </div>
   <div class='ocr_carea' id='block_1_80' title="bbox 2069 3529 3666 3606">
    <p class='ocr_par' dir='ltr' id='par_1_80' title="bbox 2069 3529 3666 3606">
     <span class='ocr_line' id='line_1_80' title="bbox 2069 3529 3666 3606; baseline -0.001 -18"><span class='ocrx_word' id='word_1_642' title='bbox 2069 3536 2127 3588; x_wconf 84' lang='grc' dir='ltr'>ὲν</span> <span class='ocrx_word' id='word_1_643' title='bbox 2150 3535 2228 3606; x_wconf 82' lang='grc' dir='ltr'>τῷ</span> <span class='ocrx_word' id='word_1_644' title='bbox 2251 3535 2474 3606; x_wconf 86' lang='grc' dir='ltr'>ὀνόματι</span> <span class='ocrx_word' id='word_1_645' title='bbox 2505 3533 2670 3588; x_wconf 81' lang='grc' dir='ltr'>αὐτοῦ</span> <span class='ocrx_word' id='word_1_646' title='bbox 2695 3575 2710 3600; x_wconf 93' lang='grc'><strong>,</strong></span> <span class='ocrx_word' id='word_1_647' title='bbox 2739 3531 2990 3603; x_wconf 78' lang='grc' dir='ltr'>βαπτίζει</span> <span class='ocrx_word' id='word_1_648' title='bbox 3015 3531 3077 3584; x_wconf 83' lang='grc' dir='ltr'>τὸ</span> <span class='ocrx_word' id='word_1_649' title='bbox 3118 3529 3343 3599; x_wconf 86' lang='grc' dir='ltr'>Πνεῦμα</span> <span class='ocrx_word' id='word_1_650' title='bbox 3390 3530 3452 3583; x_wconf 81' lang='grc' dir='ltr'><strong>τὸ</strong></span> <span class='ocrx_word' id='word_1_651' title='bbox 3478 3530 3666 3598; x_wconf 73' lang='grc' dir='ltr'>ἅγιον.</span> 
     </span>
    </p>
   </div>
   <div class='ocr_carea' id='block_1_81' title="bbox 2070 3621 3669 3698">
    <p class='ocr_par' dir='ltr' id='par_1_81' title="bbox 2070 3621 3669 3698">
     <span class='ocr_line' id='line_1_81' title="bbox 2070 3621 3669 3698; baseline -0.001 -18"><span class='ocrx_word' id='word_1_652' title='bbox 2070 3624 2226 3680; x_wconf 82' lang='grc' dir='ltr'>Οῦτω</span> <span class='ocrx_word' id='word_1_653' title='bbox 2253 3625 2503 3696; x_wconf 80' lang='grc' dir='ltr'>λέγουσιν</span> <span class='ocrx_word' id='word_1_654' title='bbox 2533 3628 2590 3680; x_wconf 87' lang='grc' dir='ltr'>αἱ</span> <span class='ocrx_word' id='word_1_655' title='bbox 2611 3625 2824 3698; x_wconf 85' lang='grc' dir='ltr'>Γραφαί</span> <span class='ocrx_word' id='word_1_656' title='bbox 2851 3642 2865 3656; x_wconf 75' lang='grc' dir='ltr'><strong>ο</strong></span> <span class='ocrx_word' id='word_1_657' title='bbox 2905 3621 3287 3686; x_wconf 77' lang='grc' dir='ltr'>Ἀποστελεῖς</span> <span class='ocrx_word' id='word_1_658' title='bbox 3316 3623 3384 3677; x_wconf 87' lang='grc' dir='ltr'>τὸ</span> <span class='ocrx_word' id='word_1_659' title='bbox 3411 3623 3669 3693; x_wconf 79' lang='grc' dir='ltr'>Πνεῦμά</span> 
     </span>
    </p>
   </div>
   <div class='ocr_carea' id='block_1_82' title="bbox 2069 3713 3664 3784">
    <p class='ocr_par' dir='ltr' id='par_1_82' title="bbox 2069 3713 3664 3784">
     <span class='ocr_line' id='line_1_82' title="bbox 2069 3713 3664 3784; baseline -0.001 -12"><span class='ocrx_word' id='word_1_660' title='bbox 2069 3731 2186 3772; x_wconf 91' lang='grc' dir='ltr'><strong>σου</strong></span> <span class='ocrx_word' id='word_1_661' title='bbox 2211 3755 2227 3782; x_wconf 92' lang='grc'><strong>,</strong></span> <span class='ocrx_word' id='word_1_662' title='bbox 2287 3716 2386 3771; x_wconf 78' lang='grc' dir='ltr'>καί</span> <span class='ocrx_word' id='word_1_663' title='bbox 2431 3717 2802 3784; x_wconf 82' lang='grc' dir='ltr'>ἀνακαινιεῖς</span> <span class='ocrx_word' id='word_1_664' title='bbox 2855 3716 2923 3770; x_wconf 89' lang='grc' dir='ltr'>τὸ</span> <span class='ocrx_word' id='word_1_665' title='bbox 2982 3717 3312 3784; x_wconf 82' lang='grc' dir='ltr'>πρόσωπον</span> <span class='ocrx_word' id='word_1_666' title='bbox 3357 3713 3469 3782; x_wconf 82' lang='grc' dir='ltr'>τῆς</span> <span class='ocrx_word' id='word_1_667' title='bbox 3506 3715 3614 3784; x_wconf 79' lang='grc' dir='ltr'>γῆς</span> <span class='ocrx_word' id='word_1_668' title='bbox 3646 3732 3664 3745; x_wconf 83' lang='lat'><strong><em>°</em></strong></span> 
     </span>
    </p>
   </div>
   <div class='ocr_carea' id='block_1_83' title="bbox 2070 3804 3664 3878">
    <p class='ocr_par' dir='ltr' id='par_1_83' title="bbox 2070 3804 3664 3878">
     <span class='ocr_line' id='line_1_83' title="bbox 2070 3804 3664 3878; baseline -0.001 -18"><span class='ocrx_word' id='word_1_669' title='bbox 2070 3808 2254 3877; x_wconf 85' lang='grc' dir='ltr'>ὅμοιον</span> <span class='ocrx_word' id='word_1_670' title='bbox 2281 3806 2359 3878; x_wconf 84' lang='grc' dir='ltr'>τῷ</span> <span class='ocrx_word' id='word_1_671' title='bbox 2385 3807 2564 3877; x_wconf 81' lang='grc' dir='ltr'>λέγειν</span> <span class='ocrx_word' id='word_1_672' title='bbox 2582 3848 2597 3871; x_wconf 92' lang='grc'><strong>,</strong></span> <span class='ocrx_word' id='word_1_673' title='bbox 2648 3806 3112 3873; x_wconf 77' lang='grc' dir='ltr'>Ἐξιιποστελεῖς</span> <span class='ocrx_word' id='word_1_674' title='bbox 3151 3804 3261 3860; x_wconf 88' lang='grc' dir='ltr'>τὸν</span> <span class='ocrx_word' id='word_1_675' title='bbox 3287 3806 3486 3877; x_wconf 85' lang='grc' dir='ltr'>Λόγον</span> <span class='ocrx_word' id='word_1_676' title='bbox 3514 3821 3664 3871; x_wconf 90' lang='grc' dir='ltr'>σου,</span> 
     </span>
    </p>
   </div>
   <div class='ocr_carea' id='block_1_84' title="bbox 2071 3895 3668 3969">
    <p class='ocr_par' dir='ltr' id='par_1_84' title="bbox 2071 3895 3668 3969">
     <span class='ocr_line' id='line_1_84' title="bbox 2071 3895 3668 3969; baseline -0.003 -16"><span class='ocrx_word' id='word_1_677' title='bbox 2071 3900 2170 3953; x_wconf 76' lang='grc' dir='ltr'><strong>καὶ</strong></span> <span class='ocrx_word' id='word_1_678' title='bbox 2221 3899 2424 3969; x_wconf 81' lang='grc' dir='ltr'>τήξεις</span> <span class='ocrx_word' id='word_1_679' title='bbox 2467 3899 2641 3954; x_wconf 82' lang='grc' dir='ltr'>αὑτά.</span> <span class='ocrx_word' id='word_1_680' title='bbox 2694 3929 2766 3940; x_wconf 90' lang='lat'><strong><em>—</em></strong></span> <span class='ocrx_word' id='word_1_681' title='bbox 2805 3899 3327 3968; x_wconf 76' lang='grc' dir='ltr'>Λειτουργούντων</span> <span class='ocrx_word' id='word_1_682' title='bbox 3378 3896 3446 3950; x_wconf 81' lang='grc' dir='ltr'><strong>δὲ</strong></span> <span class='ocrx_word' id='word_1_683' title='bbox 3497 3895 3668 3961; x_wconf 86' lang='grc' dir='ltr'><strong>αὑτῷ</strong></span> 
     </span>
    </p>
   </div>
   <div class='ocr_carea' id='block_1_85' title="bbox 2072 3975 3663 4062">
    <p class='ocr_par' dir='ltr' id='par_1_85' title="bbox 2072 3975 3663 4062">
     <span class='ocr_line' id='line_1_85' title="bbox 2072 3975 3663 4062; baseline -0.003 -15"><span class='ocrx_word' id='word_1_684' title='bbox 2072 3993 2153 4060; x_wconf 85' lang='grc' dir='ltr'>τῷ</span> <span class='ocrx_word' id='word_1_685' title='bbox 2177 3994 2372 4062; x_wconf 80' lang='grc' dir='ltr'>Κυρίῳ</span> <span class='ocrx_word' id='word_1_686' title='bbox 2401 3993 2498 4047; x_wconf 79' lang='grc' dir='ltr'><strong>καὶ</strong></span> <span class='ocrx_word' id='word_1_687' title='bbox 2527 3975 2953 4061; x_wconf 82' lang='grc' dir='ltr'>νηστευόντων</span> <span class='ocrx_word' id='word_1_688' title='bbox 2976 4030 2992 4056; x_wconf 94' lang='grc'><strong>,</strong></span> <span class='ocrx_word' id='word_1_689' title='bbox 3026 3987 3157 4045; x_wconf 80' lang='grc' dir='ltr'>εἷπε</span> <span class='ocrx_word' id='word_1_690' title='bbox 3201 3989 3268 4044; x_wconf 89' lang='grc' dir='ltr'>τὸ</span> <span class='ocrx_word' id='word_1_691' title='bbox 3314 3988 3559 4058; x_wconf 86' lang='grc' dir='ltr'>Πνεῦμα</span> <span class='ocrx_word' id='word_1_692' title='bbox 3588 3988 3663 4043; x_wconf 86' lang='grc' dir='ltr'>τὸ</span> 
     </span>
    </p>
   </div>
   <div class='ocr_carea' id='block_1_86' title="bbox 2073 4077 3664 4153">
    <p class='ocr_par' dir='ltr' id='par_1_86' title="bbox 2073 4077 3664 4153">
     <span class='ocr_line' id='line_1_86' title="bbox 2073 4077 3664 4153; baseline -0.008 -13"><span class='ocrx_word' id='word_1_693' title='bbox 2073 4083 2262 4153; x_wconf 80' lang='grc' dir='ltr'>ἅγιον,</span> <span class='ocrx_word' id='word_1_694' title='bbox 2310 4083 2655 4152; x_wconf 69' lang='grc' dir='ltr'>Ἀφορίσατέ</span> <span class='ocrx_word' id='word_1_695' title='bbox 2683 4099 2783 4152; x_wconf 82' lang='grc' dir='ltr'><strong>μοι</strong></span> <span class='ocrx_word' id='word_1_696' title='bbox 2813 4079 3131 4149; x_wconf 79' lang='grc' dir='ltr'>Βαρνάϐαν</span> <span class='ocrx_word' id='word_1_697' title='bbox 3163 4077 3262 4134; x_wconf 77' lang='grc' dir='ltr'><strong>καὶ</strong></span> <span class='ocrx_word' id='word_1_698' title='bbox 3297 4077 3536 4132; x_wconf 87' lang='grc' dir='ltr'>Σαῦλον</span> <span class='ocrx_word' id='word_1_699' title='bbox 3569 4077 3664 4142; x_wconf 76' lang='grc' dir='ltr'>εἰς</span> 
     </span>
    </p>
   </div>
   <div class='ocr_carea' id='block_1_87' title="bbox 2073 4166 3663 4246">
    <p class='ocr_par' dir='ltr' id='par_1_87' title="bbox 2073 4166 3663 4246">
     <span class='ocr_line' id='line_1_87' title="bbox 2073 4166 3663 4246; baseline -0.006 -18"><span class='ocrx_word' id='word_1_700' title='bbox 2073 4175 2140 4229; x_wconf 83' lang='grc' dir='ltr'>τὸ</span> <span class='ocrx_word' id='word_1_701' title='bbox 2190 4175 2408 4246; x_wconf 75' lang='grc' dir='ltr'>ἔργον,</span> <span class='ocrx_word' id='word_1_702' title='bbox 2457 4174 2489 4228; x_wconf 86' lang='lat'><strong>6</strong></span> <span class='ocrx_word' id='word_1_703' title='bbox 2543 4171 3000 4243; x_wconf 75' lang='grc' dir='ltr'>προσκέκλημαι</span> <span class='ocrx_word' id='word_1_704' title='bbox 3050 4171 3310 4236; x_wconf 80' lang='grc' dir='ltr'>αὐτούς’</span> <span class='ocrx_word' id='word_1_705' title='bbox 3345 4169 3531 4238; x_wconf 83' lang='grc' dir='ltr'>ὅμοιον</span> <span class='ocrx_word' id='word_1_706' title='bbox 3578 4166 3663 4236; x_wconf 78' lang='grc' dir='ltr'>τῷ</span> 
     </span>
    </p>
   </div>
   <div class='ocr_carea' id='block_1_88' title="bbox 2072 4260 3662 4336">
    <p class='ocr_par' dir='ltr' id='par_1_88' title="bbox 2072 4260 3662 4336">
     <span class='ocr_line' id='line_1_88' title="bbox 2072 4260 3662 4336; baseline -0.006 -17"><span class='ocrx_word' id='word_1_707' title='bbox 2072 4269 2268 4333; x_wconf 86' lang='grc' dir='ltr'>εἰπεῖν,</span> <span class='ocrx_word' id='word_1_708' title='bbox 2319 4268 2372 4319; x_wconf 88' lang='grc' dir='ltr'>Ὀ</span> <span class='ocrx_word' id='word_1_709' title='bbox 2404 4266 2474 4320; x_wconf 83' lang='grc' dir='ltr'><strong>δὲ</strong></span> <span class='ocrx_word' id='word_1_710' title='bbox 2507 4269 2723 4336; x_wconf 86' lang='grc' dir='ltr'>Κύριος</span> <span class='ocrx_word' id='word_1_711' title='bbox 2750 4262 2923 4320; x_wconf 78' lang='grc' dir='ltr'>εἷπεν</span> <span class='ocrx_word' id='word_1_712' title='bbox 2942 4280 2957 4295; x_wconf 88' lang='grc'><strong>·</strong></span> <span class='ocrx_word' id='word_1_713' title='bbox 3005 4265 3264 4320; x_wconf 79' lang='grc' dir='ltr'>Εισελθε</span> <span class='ocrx_word' id='word_1_714' title='bbox 3295 4264 3383 4326; x_wconf 80' lang='grc' dir='ltr'><strong>είς</strong></span> <span class='ocrx_word' id='word_1_715' title='bbox 3411 4260 3524 4328; x_wconf 77' lang='grc' dir='ltr'><strong>τὴν</strong></span> <span class='ocrx_word' id='word_1_716' title='bbox 3550 4260 3662 4311; x_wconf 76' lang='grc' dir='ltr'><strong>πό-</strong></span> 
     </span>
    </p>
   </div>
   <div class='ocr_carea' id='block_1_89' title="bbox 2071 4350 3664 4425">
    <p class='ocr_par' dir='ltr' id='par_1_89' title="bbox 2071 4350 3664 4425">
     <span class='ocr_line' id='line_1_89' title="bbox 2071 4350 3664 4425; baseline -0.006 -15"><span class='ocrx_word' id='word_1_717' title='bbox 2071 4360 2193 4423; x_wconf 87' lang='grc' dir='ltr'>λιν,</span> <span class='ocrx_word' id='word_1_718' title='bbox 2238 4357 2417 4413; x_wconf 78' lang='grc' dir='ltr'>κάκεῖ</span> <span class='ocrx_word' id='word_1_719' title='bbox 2437 4356 2855 4425; x_wconf 78' lang='grc' dir='ltr'>λαληθήσεταί</span> <span class='ocrx_word' id='word_1_720' title='bbox 2893 4370 2993 4410; x_wconf 89' lang='grc' dir='ltr'><strong>σοι</strong></span> <span class='ocrx_word' id='word_1_721' title='bbox 3025 4355 3084 4410; x_wconf 79' lang='grc' dir='ltr'><strong>τί</strong></span> <span class='ocrx_word' id='word_1_722' title='bbox 3113 4368 3188 4409; x_wconf 87' lang='grc' dir='ltr'><strong>σε</strong></span> <span class='ocrx_word' id='word_1_723' title='bbox 3223 4353 3318 4407; x_wconf 81' lang='grc' dir='ltr'>δεῖ</span> <span class='ocrx_word' id='word_1_724' title='bbox 3346 4350 3560 4406; x_wconf 83' lang='grc' dir='ltr'>ποιεῖν.</span> <span class='ocrx_word' id='word_1_725' title='bbox 3588 4379 3664 4392; x_wconf 92' lang='lat'><strong>-—</strong></span> 
     </span>
    </p>
   </div>
   <div class='ocr_carea' id='block_1_90' title="bbox 2416 4526 3659 4596">
    <p class='ocr_par' dir='ltr' id='par_1_90' title="bbox 2416 4526 3659 4596">
     <span class='ocr_line' id='line_1_90' title="bbox 2416 4526 3659 4596; baseline -0.007 -10"><span class='ocrx_word' id='word_1_726' title='bbox 2416 4532 2438 4563; x_wconf 84' lang='grc'>⁸</span> <span class='ocrx_word' id='word_1_727' title='bbox 2475 4529 2592 4586; x_wconf 77' lang='lat' dir='ltr'><strong>Joel</strong></span> <span class='ocrx_word' id='word_1_728' title='bbox 2629 4547 2693 4594; x_wconf 88' lang='grc' dir='ltr'><strong>ιι,</strong></span> <span class='ocrx_word' id='word_1_729' title='bbox 2722 4531 2813 4586; x_wconf 74' lang='grc'><strong>28.</strong></span> <span class='ocrx_word' id='word_1_730' title='bbox 2889 4533 2911 4564; x_wconf 78' lang='grc'>⁸</span> <span class='ocrx_word' id='word_1_731' title='bbox 2947 4532 3103 4588; x_wconf 84' lang='lat' dir='ltr'><strong>Rom.</strong></span> <span class='ocrx_word' id='word_1_732' title='bbox 3132 4546 3221 4596; x_wconf 62' lang='lat' dir='ltr'><strong>xv,</strong></span> <span class='ocrx_word' id='word_1_733' title='bbox 3300 4529 3319 4560; x_wconf 82' lang='lat'><strong>’</strong></span> <span class='ocrx_word' id='word_1_734' title='bbox 3350 4526 3496 4583; x_wconf 87' lang='lat' dir='ltr'><strong>Psal.</strong></span> <span class='ocrx_word' id='word_1_735' title='bbox 3537 4539 3659 4596; x_wconf 84' lang='lat' dir='ltr'><strong>cm,</strong></span> 
     </span>
    </p>
   </div>
   <div class='ocr_carea' id='block_1_91' title="bbox 391 4595 1968 4682">
    <p class='ocr_par' dir='ltr' id='par_1_91' title="bbox 391 4595 1960 4682">
     <span class='ocr_line' id='line_1_91' title="bbox 391 4595 1960 4682; baseline -0.006 -20"><span class='ocrx_word' id='word_1_736' title='bbox 391 4607 478 4662; x_wconf 77' lang='lat' dir='ltr'><strong>iO.</strong></span> <span class='ocrx_word' id='word_1_737' title='bbox 551 4595 988 4682; x_wconf 26' lang='lat' dir='ltr'><strong>&quot;.Psalnmnvlt,</strong></span> <span class='ocrx_word' id='word_1_738' title='bbox 1023 4603 1109 4657; x_wconf 79' lang='grc'><strong>18.</strong></span> <span class='ocrx_word' id='word_1_739' title='bbox 1231 4603 1360 4682; x_wconf 79' lang='lat' dir='ltr'><strong>_Act.</strong></span> <span class='ocrx_word' id='word_1_740' title='bbox 1393 4617 1516 4682; x_wconf 77' lang='lat' dir='ltr'><strong>_x_tu,</strong></span> <span class='ocrx_word' id='word_1_741' title='bbox 1544 4602 1687 4682; x_wconf 33' lang='grc' dir='ltr'>εχει</span> <span class='ocrx_word' id='word_1_742' title='bbox 1714 4595 1960 4682; x_wconf 5' lang='grc' dir='ltr'>’κίογΑειε</span> 
     </span>
    </p>
   </div>
   <div class='ocr_carea' id='block_1_92' title="bbox 2069 4595 3664 4682">
    <p class='ocr_par' dir='ltr' id='par_1_92' title="bbox 2107 4595 3664 4682">
     <span class='ocr_line' id='line_1_92' title="bbox 2107 4595 3664 4682; baseline -0.004 -27"><span class='ocrx_word' id='word_1_743' title='bbox 2107 4601 2156 4656; x_wconf 85' lang='grc'><strong>7.</strong></span> <span class='ocrx_word' id='word_1_744' title='bbox 2222 4595 2275 4633; x_wconf 26' lang='grc' dir='ltr'><strong>ί⁸¹</strong></span> <span class='ocrx_word' id='word_1_745' title='bbox 2309 4602 2518 4659; x_wconf 88' lang='lat' dir='ltr'><strong>Desunt</strong></span> <span class='ocrx_word' id='word_1_746' title='bbox 2553 4603 2667 4657; x_wconf 79' lang='lat' dir='ltr'><strong>haec</strong></span> <span class='ocrx_word' id='word_1_747' title='bbox 2689 4603 2882 4658; x_wconf 71' lang='lat' dir='ltr'><strong>haeresi</strong></span> <span class='ocrx_word' id='word_1_748' title='bbox 2917 4603 3000 4656; x_wconf 68' lang='lat' dir='ltr'><strong>7t.</strong></span> <span class='ocrx_word' id='word_1_749' title='bbox 3082 4603 3124 4632; x_wconf 77' lang='grc' dir='ltr'>η</span> <span class='ocrx_word' id='word_1_750' title='bbox 3165 4595 3329 4682; x_wconf 66' lang='lat' dir='ltr'><strong>Deest</strong></span> <span class='ocrx_word' id='word_1_751' title='bbox 3360 4599 3419 4652; x_wconf 83' lang='grc' dir='ltr'><strong>τὸ</strong></span> <span class='ocrx_word' id='word_1_752' title='bbox 3449 4595 3664 4668; x_wconf 81' lang='grc' dir='ltr'>ὁρώμε-</span> 
     </span>
    </p>
   </div>
   <div class='ocr_carea' id='block_1_93' title="bbox 389 4694 500 4730">
    <p class='ocr_par' dir='ltr' id='par_1_93' title="bbox 389 4694 500 4730">
     <span class='ocr_line' id='line_1_93' title="bbox 389 4694 500 4730; baseline 0.009 -1"><span class='ocrx_word' id='word_1_753' title='bbox 389 4694 478 4730; x_wconf 87' lang='grc' dir='ltr'><strong>νον</strong></span> <span class='ocrx_word' id='word_1_754' title='bbox 485 4717 500 4730; x_wconf 81' lang='grc' dir='ltr'><strong><em>ο</em></strong></span> 
     </span>
    </p>
   </div>
   <div class='ocr_carea' id='block_1_94' title="bbox 577 4671 2087 4745">
    <p class='ocr_par' dir='ltr' id='par_1_94' title="bbox 577 4671 2087 4745">
     <span class='ocr_line' id='line_1_94' title="bbox 577 4671 2087 4745; baseline 0.001 -19"><span class='ocrx_word' id='word_1_755' title='bbox 577 4675 619 4707; x_wconf 83' lang='grc'><strong>⁸³</strong></span> <span class='ocrx_word' id='word_1_756' title='bbox 646 4692 734 4745; x_wconf 80' lang='grc' dir='ltr'>γρ.</span> <span class='ocrx_word' id='word_1_757' title='bbox 767 4675 1119 4737; x_wconf 83' lang='grc' dir='ltr'>ὑποστάσεως</span> <span class='ocrx_word' id='word_1_758' title='bbox 1143 4672 1202 4738; x_wconf 80' lang='grc' dir='ltr'><strong>ἐξ</strong></span> <span class='ocrx_word' id='word_1_759' title='bbox 1223 4674 1318 4728; x_wconf 88' lang='grc' dir='ltr'>ύπ.</span> <span class='ocrx_word' id='word_1_760' title='bbox 1398 4672 1442 4704; x_wconf 71' lang='grc'><strong>¹⁸</strong></span> <span class='ocrx_word' id='word_1_761' title='bbox 1470 4689 1561 4742; x_wconf 86' lang='grc' dir='ltr'>γρ.</span> <span class='ocrx_word' id='word_1_762' title='bbox 1601 4671 1753 4727; x_wconf 90' lang='grc' dir='ltr'><strong>λαλεῖ</strong></span> <span class='ocrx_word' id='word_1_763' title='bbox 1778 4671 2087 4744; x_wconf 79' lang='lat' dir='ltr'><strong>utrobique.</strong></span> 
     </span>
    </p>
   </div>
   <div class='ocr_carea' id='block_1_95' title="bbox 391 4830 3663 4921">
    <p class='ocr_par' dir='ltr' id='par_1_95' title="bbox 391 4830 3663 4921">
     <span class='ocr_line' id='line_1_95' title="bbox 391 4830 3663 4921; baseline -0.002 -12"><span class='ocrx_word' id='word_1_764' title='bbox 391 4853 499 4909; x_wconf 85' lang='lat' dir='ltr'><strong>cilii</strong></span> <span class='ocrx_word' id='word_1_765' title='bbox 543 4850 886 4906; x_wconf 76' lang='lat' dir='ltr'><strong>Alexandria:</strong></span> <span class='ocrx_word' id='word_1_766' title='bbox 932 4850 1191 4921; x_wconf 89' lang='lat' dir='ltr'><strong>celebrati</strong></span> <span class='ocrx_word' id='word_1_767' title='bbox 1247 4862 1392 4904; x_wconf 89' lang='lat' dir='ltr'><strong>anno</strong></span> <span class='ocrx_word' id='word_1_768' title='bbox 1412 4846 1590 4921; x_wconf 76' lang='lat'><strong>_362;</strong></span> <span class='ocrx_word' id='word_1_769' title='bbox 1649 4847 1704 4921; x_wconf 78' lang='lat' dir='ltr'><strong>in</strong></span> <span class='ocrx_word' id='word_1_770' title='bbox 1751 4862 1861 4917; x_wconf 89' lang='lat' dir='ltr'><strong>quo</strong></span> <span class='ocrx_word' id='word_1_771' title='bbox 1911 4845 1969 4901; x_wconf 90' lang='lat' dir='ltr'><strong>S.</strong></span> <span class='ocrx_word' id='word_1_772' title='bbox 2004 4830 2051 4887; x_wconf 75' lang='grc' dir='ltr'><strong>θ</strong></span> <span class='ocrx_word' id='word_1_773' title='bbox 2077 4864 2200 4904; x_wconf 84' lang='grc' dir='ltr'>εεεε</span> <span class='ocrx_word' id='word_1_774' title='bbox 2227 4856 2340 4904; x_wconf 91' lang='lat' dir='ltr'><strong>tres</strong></span> <span class='ocrx_word' id='word_1_775' title='bbox 2373 4848 2427 4903; x_wconf 92' lang='lat' dir='ltr'><strong>in</strong></span> <span class='ocrx_word' id='word_1_776' title='bbox 2467 4849 2667 4906; x_wconf 79' lang='lat' dir='ltr'><strong>divinis</strong></span> <span class='ocrx_word' id='word_1_777' title='bbox 2715 4865 2981 4921; x_wconf 87' lang='lat' dir='ltr'><strong>personas</strong></span> <span class='ocrx_word' id='word_1_778' title='bbox 3023 4851 3201 4906; x_wconf 79' lang='lat' dir='ltr'><strong>fateri.</strong></span> <span class='ocrx_word' id='word_1_779' title='bbox 3234 4850 3502 4921; x_wconf 63' lang='lat' dir='ltr'><strong>Caeterum</strong></span> <span class='ocrx_word' id='word_1_780' title='bbox 3530 4862 3663 4921; x_wconf 75' lang='lat' dir='ltr'><strong>_me-</strong></span> 
     </span>
    </p>
   </div>
   <div class='ocr_carea' id='block_1_96' title="bbox 393 4915 1966 4978">
    <p class='ocr_par' dir='ltr' id='par_1_96' title="bbox 393 4915 1966 4978">
     <span class='ocr_line' id='line_1_96' title="bbox 393 4915 1966 4978; baseline -0.004 -1"><span class='ocrx_word' id='word_1_781' title='bbox 393 4923 726 4978; x_wconf 81' lang='lat' dir='ltr'><strong>Athanasius</strong></span> <span class='ocrx_word' id='word_1_782' title='bbox 759 4921 1091 4977; x_wconf 86' lang='lat' dir='ltr'><strong>dissidentes</strong></span> <span class='ocrx_word' id='word_1_783' title='bbox 1147 4920 1288 4976; x_wconf 87' lang='lat' dir='ltr'><strong>inter</strong></span> <span class='ocrx_word' id='word_1_784' title='bbox 1326 4935 1384 4974; x_wconf 90' lang='lat' dir='ltr'><strong>se</strong></span> <span class='ocrx_word' id='word_1_785' title='bbox 1412 4917 1602 4974; x_wconf 87' lang='lat' dir='ltr'><strong>Patres</strong></span> <span class='ocrx_word' id='word_1_786' title='bbox 1635 4915 1702 4970; x_wconf 88' lang='lat' dir='ltr'><strong>ad</strong></span> <span class='ocrx_word' id='word_1_787' title='bbox 1733 4915 1966 4971; x_wconf 83' lang='lat' dir='ltr'><strong>concor-</strong></span> 
     </span>
    </p>
   </div>
   <div class='ocr_carea' id='block_1_97' title="bbox 391 4986 1963 5061">
    <p class='ocr_par' dir='ltr' id='par_1_97' title="bbox 391 4986 1963 5061">
     <span class='ocr_line' id='line_1_97' title="bbox 391 4986 1963 5061; baseline -0.004 -14"><span class='ocrx_word' id='word_1_788' title='bbox 391 4996 536 5047; x_wconf 88' lang='lat' dir='ltr'><strong>diam</strong></span> <span class='ocrx_word' id='word_1_789' title='bbox 569 4992 794 5045; x_wconf 89' lang='lat' dir='ltr'><strong>miritice</strong></span> <span class='ocrx_word' id='word_1_790' title='bbox 827 4993 1140 5056; x_wconf 88' lang='lat' dir='ltr'><strong>revocavit,</strong></span> <span class='ocrx_word' id='word_1_791' title='bbox 1175 4991 1310 5061; x_wconf 89' lang='lat' dir='ltr'><strong>ipsis</strong></span> <span class='ocrx_word' id='word_1_792' title='bbox 1355 4988 1655 5061; x_wconf 81' lang='lat' dir='ltr'><strong>detegendo</strong></span> <span class='ocrx_word' id='word_1_793' title='bbox 1685 4986 1963 5061; x_wconf 76' lang='lat' dir='ltr'><strong>diversum</strong></span> 
     </span>
    </p>
   </div>
   <div class='ocr_carea' id='block_1_98' title="bbox 391 5058 1966 5130">
    <p class='ocr_par' dir='ltr' id='par_1_98' title="bbox 391 5058 1966 5130">
     <span class='ocr_line' id='line_1_98' title="bbox 391 5058 1966 5130; baseline -0.005 -13"><span class='ocrx_word' id='word_1_794' title='bbox 391 5067 541 5118; x_wconf 89' lang='lat' dir='ltr'><strong>vocis</strong></span> <span class='ocrx_word' id='word_1_795' title='bbox 567 5061 915 5124; x_wconf 79' lang='grc' dir='ltr'>ὑποστάσεως</span> <span class='ocrx_word' id='word_1_796' title='bbox 957 5075 1146 5128; x_wconf 90' lang='lat' dir='ltr'><strong>usum;</strong></span> <span class='ocrx_word' id='word_1_797' title='bbox 1189 5058 1298 5130; x_wconf 83' lang='lat' dir='ltr'><strong>quo</strong></span> <span class='ocrx_word' id='word_1_798' title='bbox 1332 5067 1386 5130; x_wconf 83' lang='lat' dir='ltr'><strong>et</strong></span> <span class='ocrx_word' id='word_1_799' title='bbox 1439 5060 1687 5130; x_wconf 82' lang='lat' dir='ltr'><strong>nolentes</strong></span> <span class='ocrx_word' id='word_1_800' title='bbox 1718 5058 1966 5130; x_wconf 41' lang='lat' dir='ltr'><strong>implicat</strong></span> 
     </span>
    </p>
   </div>
   <div class='ocr_carea' id='block_1_99' title="bbox 391 5127 1965 5200">
    <p class='ocr_par' dir='ltr' id='par_1_99' title="bbox 391 5127 1965 5200">
     <span class='ocr_line' id='line_1_99' title="bbox 391 5127 1965 5200; baseline -0.004 -14"><span class='ocrx_word' id='word_1_801' title='bbox 391 5134 608 5186; x_wconf 86' lang='lat' dir='ltr'><strong>bantur.</strong></span> <span class='ocrx_word' id='word_1_802' title='bbox 664 5132 737 5186; x_wconf 88' lang='lat' dir='ltr'><strong>De</strong></span> <span class='ocrx_word' id='word_1_803' title='bbox 777 5147 878 5186; x_wconf 92' lang='lat' dir='ltr'><strong>usu</strong></span> <span class='ocrx_word' id='word_1_804' title='bbox 921 5127 1165 5200; x_wconf 81' lang='lat' dir='ltr'><strong>ejusdem</strong></span> <span class='ocrx_word' id='word_1_805' title='bbox 1207 5127 1378 5200; x_wconf 62' lang='lat' dir='ltr'><strong>&#39;vocis</strong></span> <span class='ocrx_word' id='word_1_806' title='bbox 1429 5129 1779 5200; x_wconf 73' lang='grc' dir='ltr'>ὑποστάσεως</span> <span class='ocrx_word' id='word_1_807' title='bbox 1819 5127 1965 5197; x_wconf 90' lang='lat' dir='ltr'><strong>apud</strong></span> 
     </span>
    </p>
   </div>
   <div class='ocr_carea' id='block_1_100' title="bbox 390 5198 1967 5271">
    <p class='ocr_par' dir='ltr' id='par_1_100' title="bbox 390 5198 1967 5271">
     <span class='ocr_line' id='line_1_100' title="bbox 390 5198 1967 5271; baseline -0.001 -17"><span class='ocrx_word' id='word_1_808' title='bbox 390 5201 754 5271; x_wconf 88' lang='lat' dir='ltr'><strong>Epiphanium</strong></span> <span class='ocrx_word' id='word_1_809' title='bbox 791 5198 1038 5256; x_wconf 85' lang='lat' dir='ltr'><strong>nostrum</strong></span> <span class='ocrx_word' id='word_1_810' title='bbox 1066 5199 1441 5271; x_wconf 79' lang='lat' dir='ltr'><strong>inspiciendus</strong></span> <span class='ocrx_word' id='word_1_811' title='bbox 1472 5198 1967 5271; x_wconf 78' lang='lat' dir='ltr'><strong>locus_illius_prae-</strong></span> 
     </span>
    </p>
   </div>
   <div class='ocr_carea' id='block_1_101' title="bbox 392 5268 1966 5343">
    <p class='ocr_par' dir='ltr' id='par_1_101' title="bbox 392 5268 1966 5343">
     <span class='ocr_line' id='line_1_101' title="bbox 392 5268 1966 5343; baseline -0.004 -17"><span class='ocrx_word' id='word_1_812' title='bbox 392 5268 546 5327; x_wconf 74' lang='lat' dir='ltr'><strong>scus:</strong></span> <span class='ocrx_word' id='word_1_813' title='bbox 583 5273 925 5343; x_wconf 89' lang='lat' dir='ltr'><strong>inspicienda</strong></span> <span class='ocrx_word' id='word_1_814' title='bbox 957 5279 1010 5327; x_wconf 90' lang='lat' dir='ltr'><strong>et</strong></span> <span class='ocrx_word' id='word_1_815' title='bbox 1052 5268 1172 5343; x_wconf 71' lang='lat' dir='ltr'><strong>loca</strong></span> <span class='ocrx_word' id='word_1_816' title='bbox 1207 5272 1270 5343; x_wconf 82' lang='lat' dir='ltr'><strong>in</strong></span> <span class='ocrx_word' id='word_1_817' title='bbox 1313 5268 1558 5343; x_wconf 25' lang='lat' dir='ltr'><strong>Panurio‘</strong></span> <span class='ocrx_word' id='word_1_818' title='bbox 1597 5268 1863 5343; x_wconf 75' lang='lat' dir='ltr'><strong>p_luri_ma,</strong></span> <span class='ocrx_word' id='word_1_819' title='bbox 1905 5276 1966 5343; x_wconf 74' lang='lat' dir='ltr'><strong>et</strong></span> 
     </span>
    </p>
   </div>
   <div class='ocr_carea' id='block_1_102' title="bbox 430 5337 1960 5397">
    <p class='ocr_par' dir='ltr' id='par_1_102' title="bbox 430 5337 1960 5397">
     <span class='ocr_line' id='line_1_102' title="bbox 430 5337 1960 5397; baseline -0.001 -3"><span class='ocrx_word' id='word_1_820' title='bbox 430 5337 692 5396; x_wconf 76' lang='lat' dir='ltr'><strong>nesertim</strong></span> <span class='ocrx_word' id='word_1_821' title='bbox 749 5357 1011 5397; x_wconf 86' lang='lat' dir='ltr'><strong>numerus</strong></span> <span class='ocrx_word' id='word_1_822' title='bbox 1053 5341 1116 5394; x_wconf 74' lang='lat'><strong>16</strong></span> <span class='ocrx_word' id='word_1_823' title='bbox 1158 5340 1215 5394; x_wconf 88' lang='lat' dir='ltr'><strong>in</strong></span> <span class='ocrx_word' id='word_1_824' title='bbox 1260 5340 1450 5395; x_wconf 68' lang='lat' dir='ltr'><strong>haeresi</strong></span> <span class='ocrx_word' id='word_1_825' title='bbox 1496 5339 1583 5394; x_wconf 77' lang='lat'><strong>75.</strong></span> <span class='ocrx_word' id='word_1_826' title='bbox 1613 5337 1869 5392; x_wconf 79' lang='lat' dir='ltr'><strong>Profecto</strong></span> <span class='ocrx_word' id='word_1_827' title='bbox 1903 5338 1960 5393; x_wconf 88' lang='lat' dir='ltr'><strong>S.</strong></span> 
     </span>
    </p>
   </div>
   <div class='ocr_carea' id='block_1_103' title="bbox 434 5407 1968 5480">
    <p class='ocr_par' dir='ltr' id='par_1_103' title="bbox 434 5407 1968 5480">
     <span class='ocr_line' id='line_1_103' title="bbox 434 5407 1968 5480; baseline -0.003 -15"><span class='ocrx_word' id='word_1_828' title='bbox 434 5414 622 5467; x_wconf 86' lang='lat' dir='ltr'><strong>asilius</strong></span> <span class='ocrx_word' id='word_1_829' title='bbox 649 5413 875 5479; x_wconf 76' lang='lat' dir='ltr'><strong>Magnus</strong></span> <span class='ocrx_word' id='word_1_830' title='bbox 918 5415 971 5468; x_wconf 91' lang='lat' dir='ltr'><strong>in</strong></span> <span class='ocrx_word' id='word_1_831' title='bbox 1011 5410 1254 5480; x_wconf 78' lang='lat' dir='ltr'><strong>Epistola</strong></span> <span class='ocrx_word' id='word_1_832' title='bbox 1295 5409 1364 5463; x_wconf 85' lang='lat' dir='ltr'><strong>ad</strong></span> <span class='ocrx_word' id='word_1_833' title='bbox 1403 5410 1579 5480; x_wconf 91' lang='lat' dir='ltr'><strong>ipsum</strong></span> <span class='ocrx_word' id='word_1_834' title='bbox 1612 5407 1968 5480; x_wconf 76' lang='lat' dir='ltr'><strong>Epipltauium</strong></span> 
     </span>
    </p>
   </div>
   <div class='ocr_carea' id='block_1_104' title="bbox 389 5479 1966 5552">
    <p class='ocr_par' dir='ltr' id='par_1_104' title="bbox 389 5479 1966 5552">
     <span class='ocr_line' id='line_1_104' title="bbox 389 5479 1966 5552; baseline 0.002 -21"><span class='ocrx_word' id='word_1_835' title='bbox 389 5481 536 5552; x_wconf 71' lang='lat' dir='ltr'><strong>data,</strong></span> <span class='ocrx_word' id='word_1_836' title='bbox 588 5500 709 5552; x_wconf 69' lang='lat' dir='ltr'><strong>qua:</strong></span> <span class='ocrx_word' id='word_1_837' title='bbox 733 5484 888 5550; x_wconf 71' lang='lat' dir='ltr'><strong>juxta</strong></span> <span class='ocrx_word' id='word_1_838' title='bbox 916 5479 1284 5538; x_wconf 85' lang='lat' dir='ltr'><strong>recensionem</strong></span> <span class='ocrx_word' id='word_1_839' title='bbox 1315 5479 1508 5552; x_wconf 85' lang='lat' dir='ltr'><strong>novam</strong></span> <span class='ocrx_word' id='word_1_840' title='bbox 1558 5487 1640 5535; x_wconf 81' lang='lat' dir='ltr'><strong>est</strong></span> <span class='ocrx_word' id='word_1_841' title='bbox 1688 5482 1743 5533; x_wconf 88' lang='lat' dir='ltr'><strong>in</strong></span> <span class='ocrx_word' id='word_1_842' title='bbox 1772 5479 1966 5552; x_wconf 85' lang='lat' dir='ltr'><strong>ordine</strong></span> 
     </span>
    </p>
   </div>
   <div class='ocr_carea' id='block_1_105' title="bbox 389 5550 1964 5623">
    <p class='ocr_par' dir='ltr' id='par_1_105' title="bbox 389 5550 1964 5623">
     <span class='ocr_line' id='line_1_105' title="bbox 389 5550 1964 5623; baseline 0.015 -22"><span class='ocrx_word' id='word_1_843' title='bbox 389 5550 678 5623; x_wconf 58' lang='lat' dir='ltr'><strong>g58,toin.</strong></span> <span class='ocrx_word' id='word_1_844' title='bbox 713 5555 777 5608; x_wconf 91' lang='lat' dir='ltr'><strong>lll</strong></span> <span class='ocrx_word' id='word_1_845' title='bbox 810 5554 1061 5622; x_wconf 90' lang='lat' dir='ltr'><strong>Garner.,</strong></span> <span class='ocrx_word' id='word_1_846' title='bbox 1106 5568 1228 5623; x_wconf 79' lang='lat' dir='ltr'><strong>pag.</strong></span> <span class='ocrx_word' id='word_1_847' title='bbox 1281 5551 1420 5612; x_wconf 73' lang='grc'><strong>592.</strong></span> <span class='ocrx_word' id='word_1_848' title='bbox 1457 5551 1613 5623; x_wconf 59' lang='grc' dir='ltr'><strong>ίίεῐιὲδ</strong></span> <span class='ocrx_word' id='word_1_849' title='bbox 1656 5550 1858 5623; x_wconf 60' lang='grc' dir='ltr'><strong>Βευάβί</strong></span> <span class='ocrx_word' id='word_1_850' title='bbox 1911 5558 1964 5604; x_wconf 71' lang='grc' dir='ltr'><strong>θι</strong></span> 
     </span>
    </p>
   </div>
   <div class='ocr_carea' id='block_1_106' title="bbox 392 5619 1962 5692">
    <p class='ocr_par' dir='ltr' id='par_1_106' title="bbox 392 5619 1962 5692">
     <span class='ocr_line' id='line_1_106' title="bbox 392 5619 1962 5692; baseline 0 -21"><span class='ocrx_word' id='word_1_851' title='bbox 392 5619 693 5692; x_wconf 73' lang='lat' dir='ltr'><strong>Epiphanio</strong></span> <span class='ocrx_word' id='word_1_852' title='bbox 719 5619 1212 5692; x_wconf 48' lang='lat' dir='ltr'><strong>gratulatur,&#39;quod</strong></span> <span class='ocrx_word' id='word_1_853' title='bbox 1249 5621 1500 5692; x_wconf 85' lang='lat' dir='ltr'><strong>statuerit</strong></span> <span class='ocrx_word' id='word_1_854' title='bbox 1529 5621 1590 5673; x_wconf 87' lang='grc' dir='ltr'><strong>τὸ</strong></span> <span class='ocrx_word' id='word_1_855' title='bbox 1614 5619 1761 5691; x_wconf 72' lang='grc' dir='ltr'>τρεῖς</span> <span class='ocrx_word' id='word_1_856' title='bbox 1791 5620 1962 5692; x_wconf 79' lang='grc' dir='ltr'>ἀναγ-</span> 
     </span>
    </p>
   </div>
   <div class='ocr_carea' id='block_1_107' title="bbox 394 5686 1961 5760">
    <p class='ocr_par' dir='ltr' id='par_1_107' title="bbox 394 5686 1961 5760">
     <span class='ocr_line' id='line_1_107' title="bbox 394 5686 1961 5760; baseline 0 -18"><span class='ocrx_word' id='word_1_857' title='bbox 394 5686 546 5744; x_wconf 72' lang='grc' dir='ltr'>καῖὸν</span> <span class='ocrx_word' id='word_1_858' title='bbox 575 5686 836 5756; x_wconf 34' lang='lat' dir='ltr'><strong>sintita;</strong></span> <span class='ocrx_word' id='word_1_859' title='bbox 866 5686 1196 5756; x_wconf 68' lang='grc' dir='ltr'>ὑποστάσεις</span> <span class='ocrx_word' id='word_1_860' title='bbox 1241 5690 1544 5760; x_wconf 82' lang='grc' dir='ltr'>ὁμολογεῖν,</span> <span class='ocrx_word' id='word_1_861' title='bbox 1584 5686 1961 5747; x_wconf 77' lang='lat' dir='ltr'><strong>necessarium</strong></span> 
     </span>
    </p>
   </div>
   <div class='ocr_carea' id='block_1_108' title="bbox 2066 4917 3663 4992">
    <p class='ocr_par' dir='ltr' id='par_1_108' title="bbox 2066 4917 3663 4992">
     <span class='ocr_line' id='line_1_108' title="bbox 2066 4917 3663 4992; baseline 0.001 -20"><span class='ocrx_word' id='word_1_862' title='bbox 2066 4928 2294 4974; x_wconf 64' lang='lat' dir='ltr'><strong>morata:</strong></span> <span class='ocrx_word' id='word_1_863' title='bbox 2330 4917 3058 4991; x_wconf 46' lang='lat' dir='ltr'><strong>usurpationis—varietatem</strong></span> <span class='ocrx_word' id='word_1_864' title='bbox 3093 4937 3205 4992; x_wconf 70' lang='lat' dir='ltr'><strong>pra;</strong></span> <span class='ocrx_word' id='word_1_865' title='bbox 3251 4919 3426 4975; x_wconf 89' lang='lat' dir='ltr'><strong>oculis</strong></span> <span class='ocrx_word' id='word_1_866' title='bbox 3458 4917 3663 4992; x_wconf 74' lang='lat' dir='ltr'><strong>habeat</strong></span> 
     </span>
    </p>
   </div>
   <div class='ocr_carea' id='block_1_109' title="bbox 2062 4988 3660 5063">
    <p class='ocr_par' dir='ltr' id='par_1_109' title="bbox 2062 4988 3660 5063">
     <span class='ocr_line' id='line_1_109' title="bbox 2062 4988 3660 5063; baseline -0.001 -21"><span class='ocrx_word' id='word_1_867' title='bbox 2062 5005 2287 5046; x_wconf 85' lang='lat' dir='ltr'><strong>necesse</strong></span> <span class='ocrx_word' id='word_1_868' title='bbox 2319 4999 2402 5063; x_wconf 82' lang='lat' dir='ltr'><strong>est</strong></span> <span class='ocrx_word' id='word_1_869' title='bbox 2438 4988 2723 5063; x_wconf 73' lang='lat' dir='ltr'><strong>theologia:</strong></span> <span class='ocrx_word' id='word_1_870' title='bbox 2751 4993 3053 5056; x_wconf 88' lang='lat' dir='ltr'><strong>studiosus,</strong></span> <span class='ocrx_word' id='word_1_871' title='bbox 3093 4988 3144 5048; x_wconf 81' lang='lat' dir='ltr'><strong>si</strong></span> <span class='ocrx_word' id='word_1_872' title='bbox 3176 4991 3398 5063; x_wconf 82' lang='lat' dir='ltr'><strong>Patrum</strong></span> <span class='ocrx_word' id='word_1_873' title='bbox 3450 4988 3660 5063; x_wconf 74' lang='lat' dir='ltr'><strong>doctri-</strong></span> 
     </span>
    </p>
   </div>
   <div class='ocr_carea' id='block_1_110' title="bbox 2063 5057 3664 5131">
    <p class='ocr_par' dir='ltr' id='par_1_110' title="bbox 2063 5057 3664 5131">
     <span class='ocr_line' id='line_1_110' title="bbox 2063 5057 3664 5131; baseline 0 -18"><span class='ocrx_word' id='word_1_874' title='bbox 2063 5075 2162 5115; x_wconf 87' lang='lat' dir='ltr'><strong>nas</strong></span> <span class='ocrx_word' id='word_1_875' title='bbox 2209 5069 2263 5115; x_wconf 92' lang='lat' dir='ltr'><strong>et</strong></span> <span class='ocrx_word' id='word_1_876' title='bbox 2317 5061 2453 5117; x_wconf 80' lang='lat' dir='ltr'><strong>falsa</strong></span> <span class='ocrx_word' id='word_1_877' title='bbox 2489 5057 2874 5118; x_wconf 66' lang='lat' dir='ltr'><strong>haereticorum</strong></span> <span class='ocrx_word' id='word_1_878' title='bbox 2931 5079 3089 5118; x_wconf 90' lang='lat' dir='ltr'><strong>sensa</strong></span> <span class='ocrx_word' id='word_1_879' title='bbox 3135 5059 3545 5131; x_wconf 12' lang='lat' dir='ltr'><strong>assequ_irvelit.</strong></span> <span class='ocrx_word' id='word_1_880' title='bbox 3592 5057 3664 5113; x_wconf 71' lang='grc' dir='ltr'>[ι</span> 
     </span>
    </p>
   </div>
   <div class='ocr_carea' id='block_1_111' title="bbox 2062 5129 3662 5203">
    <p class='ocr_par' dir='ltr' id='par_1_111' title="bbox 2062 5129 3662 5203">
     <span class='ocr_line' id='line_1_111' title="bbox 2062 5129 3662 5203; baseline 0.001 -21"><span class='ocrx_word' id='word_1_881' title='bbox 2062 5132 2310 5203; x_wconf 84' lang='lat' dir='ltr'><strong>exemplo</strong></span> <span class='ocrx_word' id='word_1_882' title='bbox 2336 5148 2424 5188; x_wconf 90' lang='lat' dir='ltr'><strong>res</strong></span> <span class='ocrx_word' id='word_1_883' title='bbox 2458 5133 2670 5203; x_wconf 86' lang='lat' dir='ltr'><strong>planior</strong></span> <span class='ocrx_word' id='word_1_884' title='bbox 2702 5134 2815 5200; x_wconf 88' lang='lat' dir='ltr'><strong>liat,</strong></span> <span class='ocrx_word' id='word_1_885' title='bbox 2853 5132 3153 5188; x_wconf 90' lang='lat' dir='ltr'><strong>Sabelliani</strong></span> <span class='ocrx_word' id='word_1_886' title='bbox 3190 5129 3291 5186; x_wconf 83' lang='lat' dir='ltr'><strong>Dei</strong></span> <span class='ocrx_word' id='word_1_887' title='bbox 3313 5129 3511 5203; x_wconf 81' lang='lat' dir='ltr'><strong>Filium</strong></span> <span class='ocrx_word' id='word_1_888' title='bbox 3543 5145 3662 5198; x_wconf 77' lang='grc' dir='ltr'><strong>μθ·-</strong></span> 
     </span>
    </p>
   </div>
   <div class='ocr_carea' id='block_1_112' title="bbox 2063 5199 3662 5283">
    <p class='ocr_par' dir='ltr' id='par_1_112' title="bbox 2063 5199 3662 5283">
     <span class='ocr_line' id='line_1_112' title="bbox 2063 5199 3662 5283; baseline 0 -32"><span class='ocrx_word' id='word_1_889' title='bbox 2063 5199 2303 5283; x_wconf 60' lang='grc' dir='ltr'>νοούσιον</span> <span class='ocrx_word' id='word_1_890' title='bbox 2338 5199 2716 5283; x_wconf 76' lang='lat' dir='ltr'><strong>appellabant,</strong></span> <span class='ocrx_word' id='word_1_891' title='bbox 2761 5199 2908 5274; x_wconf 90' lang='lat' dir='ltr'><strong>quod</strong></span> <span class='ocrx_word' id='word_1_892' title='bbox 2954 5215 3102 5283; x_wconf 71' lang='lat' dir='ltr'><strong>recto</strong></span> <span class='ocrx_word' id='word_1_893' title='bbox 3164 5217 3333 5256; x_wconf 90' lang='lat' dir='ltr'><strong>sensu</strong></span> <span class='ocrx_word' id='word_1_894' title='bbox 3357 5199 3662 5283; x_wconf 60' lang='lat' dir='ltr'><strong>theologus</strong></span> 
     </span>
    </p>
   </div>
   <div class='ocr_carea' id='block_1_113' title="bbox 2064 5269 3659 5344">
    <p class='ocr_par' dir='ltr' id='par_1_113' title="bbox 2064 5269 3659 5344">
     <span class='ocr_line' id='line_1_113' title="bbox 2064 5269 3659 5344; baseline -0.001 -22"><span class='ocrx_word' id='word_1_895' title='bbox 2064 5272 2341 5340; x_wconf 84' lang='lat' dir='ltr'><strong>accipiens</strong></span> <span class='ocrx_word' id='word_1_896' title='bbox 2375 5269 2483 5327; x_wconf 79' lang='lat' dir='ltr'><strong>non</strong></span> <span class='ocrx_word' id='word_1_897' title='bbox 2519 5269 2807 5344; x_wconf 61' lang='lat' dir='ltr'><strong>rejiceret&#39;;</strong></span> <span class='ocrx_word' id='word_1_898' title='bbox 2845 5289 2971 5344; x_wconf 78' lang='lat' dir='ltr'><strong>vere</strong></span> <span class='ocrx_word' id='word_1_899' title='bbox 2997 5269 3494 5344; x_wconf 77' lang='grc' dir='ltr'>ειιὶῐημονοούσιος</span> <span class='ocrx_word' id='word_1_900' title='bbox 3544 5270 3659 5322; x_wconf 79' lang='lat' dir='ltr'><strong>sic-</strong></span> 
     </span>
    </p>
   </div>
   <div class='ocr_carea' id='block_1_114' title="bbox 2071 5343 3662 5414">
    <p class='ocr_par' dir='ltr' id='par_1_114' title="bbox 2071 5343 3662 5414">
     <span class='ocr_line' id='line_1_114' title="bbox 2071 5343 3662 5414; baseline -0.001 -20"><span class='ocrx_word' id='word_1_901' title='bbox 2071 5349 2128 5414; x_wconf 84' lang='lat' dir='ltr'><strong>ut</strong></span> <span class='ocrx_word' id='word_1_902' title='bbox 2177 5350 2231 5396; x_wconf 91' lang='lat' dir='ltr'><strong>et</strong></span> <span class='ocrx_word' id='word_1_903' title='bbox 2278 5343 2561 5414; x_wconf 85' lang='grc' dir='ltr'>ὁμοούσιος</span> <span class='ocrx_word' id='word_1_904' title='bbox 2613 5353 2696 5399; x_wconf 85' lang='grc' dir='ltr'><strong>εει</strong></span> <span class='ocrx_word' id='word_1_905' title='bbox 2744 5343 2839 5398; x_wconf 85' lang='lat' dir='ltr'><strong>Dei</strong></span> <span class='ocrx_word' id='word_1_906' title='bbox 2899 5343 3095 5398; x_wconf 85' lang='lat' dir='ltr'><strong>Filius.</strong></span> <span class='ocrx_word' id='word_1_907' title='bbox 3144 5343 3306 5414; x_wconf 78' lang='lat' dir='ltr'><strong>Absit</strong></span> <span class='ocrx_word' id='word_1_908' title='bbox 3357 5348 3540 5414; x_wconf 78' lang='lat' dir='ltr'><strong>tamen</strong></span> <span class='ocrx_word' id='word_1_909' title='bbox 3598 5347 3662 5392; x_wconf 90' lang='lat' dir='ltr'><strong>ut</strong></span> 
     </span>
    </p>
   </div>
   <div class='ocr_carea' id='block_1_115' title="bbox 2063 5409 3661 5484">
    <p class='ocr_par' dir='ltr' id='par_1_115' title="bbox 2063 5409 3661 5484">
     <span class='ocr_line' id='line_1_115' title="bbox 2063 5409 3661 5484; baseline -0.002 -20"><span class='ocrx_word' id='word_1_910' title='bbox 2063 5409 2336 5484; x_wconf 57' lang='lat' dir='ltr'><strong>haereticis</strong></span> <span class='ocrx_word' id='word_1_911' title='bbox 2369 5414 2475 5469; x_wconf 90' lang='lat' dir='ltr'><strong>illis</strong></span> <span class='ocrx_word' id='word_1_912' title='bbox 2501 5415 2879 5469; x_wconf 63' lang='lat' dir='ltr'><strong>adbmreamus</strong></span> <span class='ocrx_word' id='word_1_913' title='bbox 2906 5455 2920 5479; x_wconf 94' lang='lat'><strong>,</strong></span> <span class='ocrx_word' id='word_1_914' title='bbox 2967 5414 3169 5484; x_wconf 86' lang='lat' dir='ltr'><strong>quippe</strong></span> <span class='ocrx_word' id='word_1_915' title='bbox 3199 5413 3292 5482; x_wconf 88' lang='lat' dir='ltr'><strong>qui</strong></span> <span class='ocrx_word' id='word_1_916' title='bbox 3326 5409 3517 5471; x_wconf 81' lang='grc' dir='ltr'>οὐσίας</span> <span class='ocrx_word' id='word_1_917' title='bbox 3551 5423 3661 5462; x_wconf 83' lang='grc' dir='ltr'><strong>ηυ-</strong></span> 
     </span>
    </p>
   </div>
   <div class='ocr_carea' id='block_1_116' title="bbox 2063 5482 3661 5551">
    <p class='ocr_par' dir='ltr' id='par_1_116' title="bbox 2063 5482 3661 5551">
     <span class='ocr_line' id='line_1_116' title="bbox 2063 5482 3661 5551; baseline -0.003 -17"><span class='ocrx_word' id='word_1_918' title='bbox 2063 5482 2207 5538; x_wconf 91' lang='lat' dir='ltr'><strong>mine</strong></span> <span class='ocrx_word' id='word_1_919' title='bbox 2237 5499 2528 5551; x_wconf 88' lang='lat' dir='ltr'><strong>personam</strong></span> <span class='ocrx_word' id='word_1_920' title='bbox 2558 5484 2893 5540; x_wconf 85' lang='lat' dir='ltr'><strong>denotabant</strong></span> <span class='ocrx_word' id='word_1_921' title='bbox 2918 5491 2972 5538; x_wconf 91' lang='lat' dir='ltr'><strong>et</strong></span> <span class='ocrx_word' id='word_1_922' title='bbox 3007 5482 3172 5537; x_wconf 82' lang='lat' dir='ltr'><strong>unam</strong></span> <span class='ocrx_word' id='word_1_923' title='bbox 3221 5483 3436 5551; x_wconf 71' lang='lat' dir='ltr'><strong>tan‘tutn</strong></span> <span class='ocrx_word' id='word_1_924' title='bbox 3465 5493 3661 5551; x_wconf 40' lang='lat' dir='ltr'><strong>pergo:</strong></span> 
     </span>
    </p>
   </div>
   <div class='ocr_carea' id='block_1_117' title="bbox 2061 5547 3656 5624">
    <p class='ocr_par' dir='ltr' id='par_1_117' title="bbox 2061 5547 3656 5624">
     <span class='ocr_line' id='line_1_117' title="bbox 2061 5547 3656 5624; baseline -0.002 -19"><span class='ocrx_word' id='word_1_925' title='bbox 2061 5567 2187 5624; x_wconf 73' lang='lat' dir='ltr'><strong>nam</strong></span> <span class='ocrx_word' id='word_1_926' title='bbox 2235 5547 2608 5624; x_wconf 79' lang='lat' dir='ltr'><strong>agnoscebant</strong></span> <span class='ocrx_word' id='word_1_927' title='bbox 2651 5555 2706 5610; x_wconf 87' lang='lat' dir='ltr'><strong>iu</strong></span> <span class='ocrx_word' id='word_1_928' title='bbox 2742 5553 2943 5610; x_wconf 86' lang='lat' dir='ltr'><strong>divinis</strong></span> <span class='ocrx_word' id='word_1_929' title='bbox 2968 5591 2984 5621; x_wconf 89' lang='lat'><strong>,</strong></span> <span class='ocrx_word' id='word_1_930' title='bbox 3042 5553 3173 5610; x_wconf 90' lang='lat' dir='ltr'><strong>dum</strong></span> <span class='ocrx_word' id='word_1_931' title='bbox 3217 5547 3530 5624; x_wconf 77' lang='grc' dir='ltr'>μονοούσιον</span> <span class='ocrx_word' id='word_1_932' title='bbox 3561 5547 3656 5602; x_wconf 82' lang='lat' dir='ltr'><strong>Dci</strong></span> 
     </span>
    </p>
   </div>
   <div class='ocr_carea' id='block_1_118' title="bbox 2061 5622 2563 5682">
    <p class='ocr_par' dir='ltr' id='par_1_118' title="bbox 2061 5622 2563 5682">
     <span class='ocr_line' id='line_1_118' title="bbox 2061 5622 2563 5682; baseline 0.006 -6"><span class='ocrx_word' id='word_1_933' title='bbox 2061 5622 2258 5680; x_wconf 87' lang='lat' dir='ltr'><strong>Filium</strong></span> <span class='ocrx_word' id='word_1_934' title='bbox 2276 5622 2563 5682; x_wconf 75' lang='lat' dir='ltr'><strong>dicebant.</strong></span> 
     </span>
    </p>
   </div>
  </div>
