3992 6198
272 344 368 402 lu

1701 318 2141 396 ΑΝεοιιᾹτυε.

3445 337 3547 391 ιιι

267 457 449 523 Οὗτοι
498 459 621 531 μὲν
674 452 793 513 οὖν
851 454 1295 526 ἐκπεμφθέντες
1356 451 1475 508 ὑπὸ
1528 452 1635 508 τοῦ
1689 454 1863 524 άγίου

1976 450 2265 507 Seleuciam
2285 449 2341 517 ¹;
2374 447 2833 522 quemadmodum
2864 448 3120 506 Christus
3142 449 3267 522 ipse
3294 448 3541 507 diceret.

267 552 622 620 Ιίνεύματος
645 588 667 614 ,
707 546 1018 616 κατῆλθον
1070 548 1158 612 είς
1203 545 1564 600 Σελεύκειαν
1590 560 1604 574 ·
1668 543 1744 607 ὡς
1796 543 1863 597 ἂν

271 640 425 695 εἴποι
472 639 738 711 Χριστὸς,
800 637 952 693 Ἰδοὺ
984 635 1345 691 ἀποστέλλω
1392 633 1549 704 ὑμᾶς
1602 633 1686 699 ὡς
1722 633 1865 701 πρό·

272 736 431 791 Eata
464 733 536 787 ἐν
572 732 738 802 μέσῳ
777 730 1005 785 λύκων.
1044 756 1117 768 -
1152 726 1372 791 Ἔδοξε
1404 723 1515 796 γὰρ
1557 723 1639 791 τῷ
1676 723 1867 778 Πνεύ-

269 844 419 897 ματι
478 822 561 889 τῷ
620 821 770 892 ἁγίῳ
812 819 1010 889 μηδὲν
1064 818 1223 872 ἄλλο
1271 817 1639 871 ἐπιτίθεσθαι
1673 812 1866 882 ,βάρος

275 918 447 985 πλὴν
494 914 614 969 τῶν
645 912 1015 982 ἐπάναγκες·
1055 911 1133 974 ὡς
1172 908 1237 964 ἂν
1286 908 1436 964 εἴποι
1484 910 1523 973 ⁸,
1588 907 1753 978 Λέγω
1798 905 1865 960 δὲ

271 1011 387 1063 οὐκ
414 1006 551 1075 ἐγὼ,
582 1005 723 1059 ἀλλ’
755 1006 789 1058 ὁ
821 1004 1039 1071 Κιῖριος
1070 1000 1169 1071 (9),
1205 1000 1464 1072 γυναῖκα
1494 998 1615 1054 ἀπὸ
1643 998 1864 1066 ἀνδρὸς

265 1101 353 1170 μὴ
387 1096 780 1170 χωρισθῆναι.
806 1127 877 1139 --
907 1094 1167 1163 Διῆλθον
1212 1092 1282 1147 δέ
1318 1092 1433 1162 τὴν
1472 1093 1734 1162 Φρυγίαν
1765 1090 1864 1146 καὶ

272 1193 389 1261 τὴν
440 1188 798 1257 Γαλατικὴν
853 1187 1086 1257 χώραν,
1159 1184 1531 1251 κωλυθέντες
1586 1183 1702 1238 ἀπὸ
1758 1182 1863 1238 τοῦ

274 1279 627 1346 Πνεύματος
670 1274 778 1330 τοῦ
806 1274 980 1345 ἁγίου
1019 1273 1293 1342 λαλῆσαι
1340 1273 1449 1327 τὸν
1472 1273 1658 1342 λόγον
1685 1273 1755 1326 ἐν
1788 1270 1863 1342 τῇ

284 1372 453 1437 Ἀσίᾳ
480 1387 495 1401 ο
534 1369 821 1434 ἐλθόντες
859 1367 930 1420 δὲ
960 1368 1049 1433 εὶς
1096 1366 1214 1434 τὴν
1245 1366 1490 1420 Μυσίαν
1509 1406 1525 1429 ,
1557 1363 1867 1434 ἐπείραζον

270 1466 365 1528 εις
403 1462 523 1529 τὴν
575 1460 861 1514 Βιθυνίαν
912 1459 1303 1529 πορεύεσθαι,
1342 1457 1442 1511 καὶ
1493 1458 1606 1512 οὐκ
1655 1457 1867 1511 εἴασεν

270 1553 507 1620 αὐτοὺς
533 1552 599 1606 τὸ
628 1552 869 1622 Πνεῦμα
901 1569 916 1582 ·
950 1552 1029 1616 ὡς
1056 1550 1124 1605 ἂν
1161 1553 1306 1605 εἴποι
1340 1550 1608 1623 Χριστὸς,
1638 1553 1864 1618 Πορευ-

271 1649 488 1713 θέντες
524 1646 869 1711 βαπτίσατε
923 1642 1123 1698 πάντα
1161 1644 1236 1699 τὰ
1274 1644 1441 1712 ἔθνη.
1499 1642 1597 1711 Μὴ
1626 1640 1863 1707 βαστά-

270 1737 408 1805 (nte
449 1735 673 1804 πήραν,
705 1734 792 1805 μὴ
818 1733 1047 1803 ῥάϐδον
1067 1732 1227 1804 μηδέ
1260 1733 1637 1803 ὑποδήματα.
1669 1764 1738 1775 --
1770 1732 1866 1786 ΟΖ-

274 1842 437 1892 τινες
454 1866 470 1889 ,
500 1825 691 1896 φησιν,
718 1824 935 1893 ἔλεγον
959 1822 1041 1888 τῷ
1069 1820 1290 1887 Παύλῳ
1327 1822 1426 1877 διὰ
1454 1823 1560 1879 τοῦ
1588 1824 1863 1893 Πνεύμαο

275 1934 413 1983 τος,
464 1916 549 1986 μὴ
598 1915 947 1970 ἀναϐαίνειν
988 1915 1076 1980 εἰς
1149 1913 1571 1984 Ἰερουσαλήμ·
1632 1914 1868 1984 Ἀγαϐός

275 2022 446 2077 φησιο
485 2004 631 2059 Τάδε
672 2001 836 2073 λέγει
881 2002 949 2057 τὸ
978 2003 1223 2073 Πνεῦμα
1261 2001 1326 2057 τὸ
1357 2002 1529 2071 ἅγιον
1552 2042 1569 2068 ,
1611 2004 1723 2057 Τὸν
1759 2001 1865 2055 ἄν·

274 2095 397 2163 δρα
441 2089 512 2150 οὗ
559 2094 731 2148 ἐστιν
777 2094 818 2162 ἠ
864 2090 1011 2161 ζώνη
1049 2093 1203 2162 αὕτη
1232 2111 1247 2125 ⁸
1301 2093 1505 2165 ὁμοίως
1552 2092 1685 2146 ὡσεὶ
1714 2093 1867 2162 ἔλεγε

277 2180 531 2245 Παῦλος,
562 2183 628 2235 Et
675 2180 933 2251 δοκιμὴν
962 2178 1279 2249 ζητοῦντες
1313 2181 1421 2235 τοῦ
1467 2181 1540 2234 ἐν
1590 2180 1722 2246 ἐμοὶ
1754 2180 1865 2252 (10)

276 2274 620 2339 λαλοῦντος
675 2273 824 2328 Θεοῦ
848 2288 869 2338 ;
917 2272 975 2345 ἢ,
1028 2257 1447 2343 Ηνημονεύετε
1501 2272 1620 2326 τῶν
1670 2273 1870 2342 λόγων

279 2366 529 2434 Κιφίου,
554 2365 642 2418 ὅτι
662 2364 848 2431 αὐτὸς
872 2366 1064 2429 εἶπεν,
1094 2364 1351 2435 Ἀγαθὸν
1377 2364 1607 2418 διδόναι
1626 2362 1870 2433 μᾶλλον

279 2456 321 2526 ἦ
360 2455 708 2525 λαμϐάνειν.
738 2487 809 2497 —
828 2455 942 2509 Kal
976 2454 1095 2509 νῦν
1140 2455 1270 2509 ἰδοὺ
1304 2455 1417 2525 ἐγὼ
1449 2454 1768 2525 δεδεμένος
1791 2454 1871 2522 τῷ

278 2548 583 2615 Πνεύματι
618 2546 947 2615 πορεύομαι
973 2562 987 2577 ·
1020 2545 1097 2609 ὡς
1132 2546 1277 2599 εἴποι
1296 2586 1310 2610 ,
1348 2546 1592 2613 Παῦλος
1625 2544 1871 2615 δέσμιος

291 2635 491 2703 Ἰησοῦ
520 2633 801 2704 Χριστοῦ.
833 2666 900 2676 --
926 2633 1102 2703 Πλὴν
1127 2635 1193 2689 τὸ
1227 2635 1471 2706 Πνεῦμά
1492 2652 1596 2705 μοι
1627 2635 1871 2705 διαμαρα

281 2728 520 2795 τύρεται
547 2726 700 2781 κατὰ
723 2728 906 2780 πόλιν
923 2725 1137 2795 λέγονο
1176 2728 1363 2798 ὅμοιον
1398 2727 1476 2799 τῷ
1516 2731 1717 2795 εἰπεῖν,
1757 2728 1871 2783 Κύ-

271 2834 411 2885 ριος
425 2815 717 2886 μαρτιρεῐ
738 2815 815 2884 τῇ
843 2814 956 2885 ἐμῇ
983 2815 1159 2886 ψυχῇ
1185 2817 1274 2870 ὅτι
1306 2818 1377 2872 οὐ
1398 2803 1730 2887 ψεύδομαι.
1769 2819 1873 2873 Ἐν

274 2908 534 2980 δυνάμει
578 2908 732 2962 κατὰ
761 2909 1005 2978 Πνεῦμα
1035 2907 1402 2977 ἀγιωσὺνης’
1438 2909 1621 2979 ὅμοιον
1662 2911 1742 2979 τῷ
1789 2910 1872 2962 εὶ-

280 3000 443 3063 πεῖν,
477 2998 683 3067 Ἀγιος
712 3001 749 3052 ό
772 2998 845 3051 ἐν
880 2997 1071 3067 άγίοις
1097 2997 1558 3068 ἀναπαυόμενος
1585 2998 1721 3070 (11),
1754 2999 1870 3063 καὶ,

1966 541 2101 597 Ecce
2122 542 2277 595 mitto
2299 556 2389 596 uos
2411 541 2548 595 sicut
2575 556 2692 595 oves
2724 540 2781 594 in
2800 541 2973 596 medio
3023 542 3266 610 luporum
3296 541 3338 598 ³.
3372 542 3544 600 Item:

1977 632 2158 687 Visum
2189 642 2267 688 est
2300 631 2527 701 Spiritui
2556 641 2743 685 sancto
2771 631 2902 685 niltil
2939 631 3089 685 aliud
3116 633 3380 701 imponere
3401 630 3545 689 vobis

1965 725 2138 785 oneris
2182 734 2374 794 pra’ter
2418 723 2529 778 haec
2580 723 2877 777 necessaria
2927 720 2969 775 ⁸.
3020 721 3156 777 Cum
3197 738 3307 793 quo
3354 723 3545 779 eodem

1967 812 2112 868 istud
2148 813 2341 868 recidit
2374 831 2388 868 :
2441 812 2575 868 Dico
2640 823 2817 867 autem
2848 830 2951 867 non
2986 829 3103 884 ego,
3145 813 3235 867 sed
3269 814 3543 875 Dominus,

1965 924 2182 962 uxorem
2218 907 2282 960 ab
2323 907 2529 961 homine
2554 922 2661 959 non
2710 906 2950 974 separari
2974 906 3016 958 ⁸.
3074 905 3244 961 Item:
3282 904 3547 976 Peragra-

1966 1010 2089 1054 runt
2120 1016 2239 1053 vero
2270 998 2560 1068 Phrygiam
2594 1008 2645 1051 et
2683 996 2913 1051 Calatiae
2941 1006 3190 1063 tractum,
3220 997 3473 1065 prohibiti
3508 1015 3547 1053 α

1967 1090 2175 1160 Spiritu
2211 1100 2398 1144 sancto
2439 1088 2733 1158 prardicare
2764 1087 2974 1143 uerbum
3015 1090 3067 1141 in
3097 1089 3249 1142 Asia.
3279 1087 3416 1144 Cum
3444 1103 3543 1165 au-

1970 1192 2068 1237 tem
2111 1182 2467 1252 pervenissent
2514 1181 2569 1233 in
2608 1178 2862 1249 Mysiam,
2913 1178 3251 1236 conabantur.
3271 1181 3327 1232 in
3363 1178 3547 1250 Bithy-

1967 1276 2115 1329 niam
2141 1273 2407 1343 pro/icisci
2431 1288 2449 1326 :
2478 1287 2640 1342 neque
2666 1272 2787 1325 sivit
2838 1287 2925 1324 eos
2975 1269 3209 1339 Spiritus
3238 1281 3457 1325 sanctus
3482 1272 3502 1301 ‘
3526 1288 3542 1337 ;

1969 1366 2193 1437 perinde
2235 1381 2300 1420 ac
2325 1364 2579 1418 Christus
2611 1362 2747 1418 dixit
2778 1381 2791 1417 :
2827 1361 3025 1416 Euntes
3066 1362 3332 1432 baptiuate
3364 1379 3546 1418 omnes

1961 1465 2138 1526 gentes
2163 1455 2205 1509 '.
2247 1455 2428 1510 Nolite
2482 1465 2696 1523 portare
2740 1469 2920 1522 peram
2958 1468 3121 1522 neque
3160 1453 3359 1521 virgam
3388 1469 3549 1522 neque

1965 1546 2331 1602 catceamenta
2371 1546 2414 1601 ⁸.
2458 1546 2589 1603 item
2634 1564 2648 1600 :
2689 1545 2795 1613 Qui
2840 1544 3048 1615 quidem
3090 1543 3264 1598 Paulo
3305 1542 3550 1599 dicebant

1965 1656 2057 1709 per
2078 1638 2358 1708 Spiritum,
2392 1656 2454 1693 ne
2484 1637 2789 1694 ascenderet
2824 1636 3238 1709 Hierosolyma”
3264 1656 3278 1693 :
3308 1645 3364 1694 et
3407 1638 3549 1710 Aga-

1966 1731 2109 1786 hus:
2165 1729 2292 1785 Marc
2346 1729 2477 1784 dicit
2529 1728 2817 1798 Spiritus:
2872 1728 3059 1782 Virum
3104 1728 3259 1798 cujus
3303 1737 3386 1786 est
3436 1729 3551 1785 loco

1970 1839 2105 1877 zona
2139 1823 2205 1876 ¹⁹.
2246 1822 2345 1877 Cui
2387 1820 2566 1878 simile
2593 1830 2679 1876 est
2714 1820 2846 1876 illud
2888 1820 3135 1890 Apostoli
3169 1838 3184 1874 :
3218 1820 3303 1874 An
3344 1822 3551 1889 experi-

1970 1922 2201 1968 mentum
2245 1913 2484 1983 qttteritis
2546 1912 2806 1982 loquentis
2855 1912 2911 1965 in
2937 1929 3016 1967 me
3065 1909 3375 1967 Christi“?
3410 1912 3546 1968 vel:

1970 2004 2284 2060 Mementote
2333 2005 2607 2061 verborum
2654 2004 2890 2070 Domini,
2920 2005 3174 2074 quoniam
3214 2005 3326 2073 ipse
3369 2004 3549 2061 dixit:

1972 2092 2167 2145 Helius
2213 2101 2292 2146 est
2333 2092 2483 2156 dare,
2526 2108 2687 2162 quam
2726 2093 2961 2161 accipere
2984 2093 3049 2146 “.
3087 2093 3261 2148 ltcm:
3304 2092 3372 2147 Et
3413 2110 3551 2148 nunc

1969 2198 2062 2252 ego
2103 2180 2307 2251 Spiritu
2349 2181 2604 2252 alligatus
2636 2182 2764 2236 abeo
2788 2181 2853 2236 “.
2893 2181 3062 2247 Quasi
3103 2180 3289 2237 dicat:
3346 2182 3549 2240 Paulus

1970 2276 2171 2329 vinctus
2197 2273 2329 2328 Iesu
2355 2273 2559 2329 Christi
2589 2273 2653 2329 “.
2692 2273 2826 2329 Item
2852 2291 2866 2329 :
2913 2271 3287 2330 Verumtamen
3316 2274 3551 2346 Spiritus

1969 2373 2299 2419 contestatur
2328 2364 2454 2418 mihi
2490 2378 2584 2433 per
2614 2364 2767 2417 urbes
2799 2361 2981 2418 dicens
3008 2363 3074 2415 η.
3103 2361 3429 2433 Cuiusmodi
3468 2375 3555 2421 est

1971 2456 2105 2512 illud
2133 2476 2146 2511 :
2176 2456 2435 2512 Dominus
2467 2457 2615 2510 testis
2643 2463 2721 2510 est
2748 2455 2948 2509 anima
2971 2470 3098 2510 mea:
3117 2454 3256 2525 quod
3284 2472 3389 2511 non
3409 2472 3553 2511 men-

1972 2551 2079 2604 tior
2102 2550 2169 2602 “.
2211 2548 2278 2604 In
2322 2550 2512 2604 uirtute
2550 2546 2838 2602 secundum
2872 2545 3135 2617 Spiritum
3161 2548 3554 2620 sanctiﬁcatio-

1973 2642 2057 2696 nis
2085 2642 2126 2673 "
2159 2659 2174 2696 :
2212 2640 2389 2696 simile
2414 2647 2500 2697 est
2536 2640 2665 2695 huic
2694 2658 2709 2695 :
2744 2638 2977 2695 Sanctus
3015 2640 3073 2694 in
3108 2641 3311 2695 sanctis
3349 2640 3555 2711 requie-
3628 2663 3648 2682 ο

1973 2749 2120 2789 scens
2147 2732 2213 2788 “.
2236 2732 2372 2789 item
2398 2749 2413 2786 :
2451 2730 2802 2787 Circumcisio
2828 2731 3009 2787 cordis
3036 2732 3093 2787 in
3118 2731 3325 2802 Spiritu
3349 2734 3418 2791 ".
3447 2733 3551 2790 Cui

1974 2823 2270 2895 respondet
2302 2823 2474 2879 illud:
2511 2822 2583 2877 Et
2620 2823 2963 2877 circumcisus
3003 2823 3406 2879 circumcisione
3449 2840 3555 2879 non

1976 2932 2138 2969 manu
2165 2915 2336 2985 facta,
2367 2915 2421 2969 in
2457 2913 2844 2981 exspoliatione
2863 2915 3103 2982 corporis
3123 2924 3478 2982 peccatorum,
3500 2916 3558 2970 in

1976 3007 2376 3062 circumcisione
2405 3004 2611 3061 Christi
2634 3007 2702 3061 ιθ.
2727 3003 2865 3060 illud
2893 3021 3023 3061 vero
3050 3022 3064 3059 :
3105 3004 3165 3060 Si
3190 3004 3420 3075 Spiritus
3460 3004 3559 3060 Dei

278 3088 721 3159 Περιετμήθητε
745 3088 1031 3159 περιτομῇ
1053 3089 1484 3159 ἀχειροποιήτῳ
1516 3090 1586 3143 ἐν
1614 3090 1872 3145 ἀπεκδύ-

1976 3099 2182 3154 habitat
2223 3099 2278 3153 in
2306 3096 2451 3152 vobis
2473 3098 2542 3163 “,
2574 3095 2704 3153 huic
2741 3105 2825 3152 est
2872 3095 3067 3152 aliine:
3102 3096 3560 3164 Quemadmodum

275 3196 383 3234 σει
430 3181 543 3235 τοῦ
591 3181 866 3250 σώματος
922 3180 1043 3235 τῶν
1089 3179 1424 3251 ἁμαρτιῶν,
1476 3181 1546 3235 ἐν
1576 3180 1866 3252 περιτομῇ

279 3270 398 3325 τοῦ
438 3271 716 3340 Χριστοῦ.
761 3302 835 3312 -
886 3272 1071 3340 Εἶπερ
1109 3271 1354 3342 Πνεῦμα
1407 3271 1555 3327 Θεοῦ
1600 3272 1752 3327 οἰκεῖ
1799 3273 1870 3326 ἐν

282 3360 460 3430 ὑμῖν·
503 3362 689 3431 ὅμοιον
715 3360 794 3431 τῷ
814 3361 990 3414 εἰπεῖν
1009 3399 1025 3425 ,
1065 3358 1270 3426 Καθὼς
1312 3359 1557 3415 ἐλάϐετε
1587 3361 1868 3429 Χριστὸν,

281 3454 361 3506 ἐν
402 3450 561 3516 αὐτῷ
596 3450 989 3519 περιπατεῖτε.
1024 3453 1135 3507 Καὶ
1160 3491 1174 3516 ,
1208 3450 1453 3522 Πνεῦμα
1479 3452 1701 3519 Κυρίου
1734 3450 1872 3506 ἐλά-

282 3546 485 3609 λησεν
509 3542 581 3595 ἐν
606 3540 741 3610 ἐμοί
764 3559 776 3570 ·
831 3542 947 3608 καὶ,
997 3542 1190 3613 Λόγος
1211 3541 1397 3595 αὑτοῦ
1419 3542 1489 3596 ἐν
1514 3540 1594 3607 τῷ
1620 3542 1874 3604 στόματί

278 3651 427 3704 μου.
458 3633 587 3699 Καὶ,
634 3632 753 3701 Τὴν
767 3633 1052 3703 ἀπαρχὴν
1088 3633 1195 3688 τοῦ
1225 3633 1573 3703 Πνεύματος
1602 3633 1869 3702 ἔχοντες·

284 3725 478 3796 ὅμοιον
509 3724 587 3795 τῷ
623 3726 817 3789 sinsiv,
878 3724 1140 3795 Ἀπαρχὴ
1177 3726 1453 3794 Χριστός.
1510 3724 1675 3780 Ἀλλ’
1725 3724 1876 3780 αὐτό

286 3816 360 3871 τὸ
389 3816 635 3886 Πνεῦμα
674 3815 1183 3886 ὑπερεντυγχάνει
1233 3816 1388 3885 ὑπὲρ
1442 3815 1610 3886 ἡμῶν
1631 3833 1647 3847 ’
1690 3816 1876 3889 ὅμοιον

282 3906 371 3978 τῷ
404 3908 613 3972 εἰπεῖν,
649 3907 750 3973 ’ος
780 3910 955 3962 ἐστιν
992 3908 1064 3961 ἐν
1094 3907 1265 3975 δεξιᾷ
1313 3908 1421 3963 τοῦ
1456 3908 1608 3964 Θεοῦ
1628 3947 1646 3974 ,
1679 3907 1748 3976 ὃς
1779 3908 1878 3963 καὶ

286 4000 650 4070 ἐντυγχάνει
684 4001 837 4071 ὑπὲρ
867 4002 1056 4073 ἡμῶν.
1092 4031 1161 4044 —
1178 4002 1304 4057 Ἵνα
1346 4001 1591 4073 γένηται
1617 4002 1657 4070 ἡ
1680 4017 1873 4072 προσ-

286 4090 599 4162 φορὰτῶν
639 4092 831 4149 ἐθνῶν
885 4092 1336 4162 εὐπρόσδεκτος
1354 4132 1370 4157 ,
1418 4091 1777 4163 άγιασθεῖσα
1806 4092 1879 4147 ἐν

287 4183 591 4253 Πνεύματι
636 4184 814 4254 ἁγίῳ·
861 4186 1049 4256 ὅμοιον
1087 4183 1166 4255 τῷ
1204 4186 1400 4252 εἰπεῖν,
1458 4183 1512 4236 '0
1559 4181 1629 4236 δὲ
1664 4183 1882 4252 Κύριος

1971 3190 2242 3259 accepistis
2265 3187 2560 3251 Christum,
2584 3188 2636 3242 in
2667 3189 2783 3259 ipso
2812 3188 3082 3243 ambulate
3100 3190 3168 3244 ".
3200 3187 3289 3251 Et,
3324 3186 3555 3258 Spiritus

1971 3280 2186 3335 Domini
2213 3278 2422 3334 locutus
2445 3291 2527 3334 est
2555 3279 2607 3333 in
2638 3278 2817 3345 me";
2863 3287 2941 3342 et,
2978 3278 3201 3334 Verbum
3235 3278 3351 3349 ejus
3383 3280 3441 3334 in
3468 3297 3559 3335 ore

1971 3386 2085 3425 meo
2116 3368 2198 3436 ἰς
2230 3370 2357 3425 item
2384 3386 2399 3424 :
2427 3367 2709 3423 Primitias
2732 3367 2968 3437 Spiritus
2984 3366 3234 3423 habentes
3247 3369 3315 3431 ⁸⁸,
3334 3368 3399 3422 ad
3427 3368 3560 3424 illud

1973 3460 2187 3516 accedit
2225 3476 2240 3513 :
2297 3458 2562 3514 Primitite
2607 3458 2852 3514 Christus
2884 3458 2952 3512 ⁸⁸.
3006 3456 3112 3515 Sed
3160 3459 3272 3529 ipse
3322 3458 3561 3529 Spiritus

1972 3554 2207 3625 postulat
2236 3568 2332 3622 pro
2359 3552 2506 3607 nobis
2527 3553 2597 3617 π,
2647 3551 2788 3606 idem
2818 3557 2905 3607 est
2935 3566 3061 3607 cum
3090 3552 3182 3606 illo
3207 3570 3220 3606 :
3256 3552 3365 3620 Qui
3384 3562 3462 3607 est
3491 3552 3562 3606 ad

1978 3647 2248 3703 dexteram
2271 3645 2390 3715 Dei,
2411 3646 2501 3715 qui
2527 3644 2821 3713 interpellat
2840 3660 2935 3714 pro
2961 3644 3109 3699 nobis
3132 3644 3198 3698 ".
3223 3642 3270 3698 υ
3278 3653 3297 3697 ι
3323 3644 3395 3699 sit
3412 3643 3563 3699 obta-

1980 3743 2052 3796 tio
2072 3740 2302 3812 gentium
2328 3748 2562 3809 accepta,
2602 3738 2940 3807 sanctiﬁcata
2964 3737 3019 3791 in
3039 3736 3243 3805 Spiritu
3265 3745 3449 3790 sancto
3465 3734 3513 3767 "
3543 3752 3559 3788 :

1977 3833 2068 3888 cui
2104 3833 2207 3887 hoc
2235 3831 2415 3888 simile
2436 3837 2523 3885 est
2552 3846 2567 3884 :
2604 3828 2864 3882 Dominus
2903 3837 3079 3882 autem
3113 3826 3412 3896 sancti/icet
3443 3841 3558 3890 vos,

1979 3932 2039 3977 ut
2062 3923 2180 3978 sitis
2220 3922 2413 3977 sinceri
2456 3928 2508 3975 et
2546 3919 2651 3990 73
2692 3919 2806 3973 sine
2851 3918 3137 3987 oﬂ'ensione
3175 3916 3231 3970 in
3271 3916 3409 3971 diem
3446 3914 3564 3971 Do-

1981 4014 2114 4067 mini
2148 4013 2215 4067 ”.
2272 4010 2444 4067 Nobis
2487 4027 2606 4065 vero
2653 4009 2899 4063 ret'elauit
2945 4008 3208 4064 Dominus
3249 4023 3343 4077 per
3396 4008 3563 4077 ipsius

1982 4100 2246 4171 Spiritum
2268 4101 2338 4164 “,
2371 4100 2513 4159 idem
2543 4113 2668 4154 cum
2700 4096 2807 4152 isto
2847 4097 2968 4151 loco
3000 4096 3271 4168 signiﬁcat
3294 4114 3309 4151 :
3336 4095 3565 4163 Quando

1982 4192 2183 4263 placuit
2209 4192 2280 4256 ei,
2323 4192 2413 4263 qui
2447 4207 2528 4246 tne
2559 4189 2848 4261 segregavit
2895 4190 2961 4244 ab
3000 4198 3149 4244 utero
3191 4188 3379 4244 matris
3412 4203 3561 4251 meat,

288 4274 510 4346 ἁγιάζει
532 4276 692 4347 ὑμᾶς
712 4316 728 4342 ,
758 4278 860 4332 ἵνα
881 4274 989 4349 ἦτε
1012 4277 1358 4347 εἰλικρινεῖς
1379 4277 1476 4332 καὶ
1503 4277 1885 4345 ἀπρόσκοποι

1982 4300 2075 4354 per
2113 4283 2344 4353 gratiam
2377 4282 2564 4351 ipsius,
2610 4280 2841 4336 revelare
2868 4282 2926 4335 in
2963 4297 3046 4336 me
3080 4278 3284 4335 Filium
3317 4294 3474 4336 suum
3492 4278 3561 4335 ⁸².

288 4370 381 4432 εις
424 4368 659 4438 ἡμέραν
688 4371 970 4438 Χριστοῦ.
1003 4401 1072 4412 -
1114 4369 1279 4441 Ἡμῖν
1322 4370 1392 4424 δὲ
1435 4368 1548 4441 (12)
1577 4368 1885 4424 ἀπεκάλυ-

1987 4372 2102 4429 Nos
2123 4384 2301 4429 autem
2327 4390 2433 4428 non
2465 4373 2646 4427 mundi
2683 4374 2928 4442 spiritum
2962 4374 3282 4443 accepimus,
3317 4372 3406 4429 sed
3437 4370 3567 4442 Spi-

290 4464 416 4529 ιιρεν
445 4465 475 4516 ό
499 4463 758 4531 Χριστὸς
784 4463 881 4518 διὰ
934 4465 1283 4533 Πνεύματος
1311 4463 1501 4521 αὐτοῦ
1529 4479 1541 4492 ’
1575 4464 1761 4534 ὅμοιον
1802 4460 1883 4531 τῷ

1989 4466 2151 4519 ritum
2186 4465 2284 4520 Dei
2304 4465 2375 4531 ³³,
2400 4479 2611 4519 cumeo
2648 4466 3040 4520 conferendum
3081 4465 3231 4521 istud
3265 4473 3389 4521 est:
3436 4463 3567 4520 Vos.

290 4554 492 4618 εἰπεῖν,
523 4555 664 4609 Ὅτε
684 4554 1027 4623 εὐδόκησεν
1054 4558 1088 4610 ό
1115 4554 1261 4621 Θεὸς
1280 4558 1313 4609 ό
1341 4554 1640 4624 ἀφορίσας
1670 4555 1739 4609 ἐκ
1766 4570 1882 4607 κοι-

288 4643 437 4711 λίας
456 4646 683 4715 μητρός
702 4664 841 4716 μου,
868 4646 968 4702 διὰ
999 4647 1109 4715 τῆς
1142 4646 1386 4717 χάριτος
1403 4648 1591 4703 αὐτοῦ
1608 4690 1623 4716 ,
1653 4648 1881 4702 ducatu-

366 4823 385 4853 ί
425 4839 516 4890 γρ.
554 4821 789 4893 Χριστὸς
835 4824 997 4877 εῖποι.
1078 4823 1241 4878 'Act.
1302 4840 1422 4886 xm.
1459 4825 1514 4881 ι.

1627 4826 1647 4857 ³
1680 4824 1868 4879 Matth.
1907 4841 1961 4887 ι.
2007 4826 2093 4881 16.

1988 4560 2233 4626 metipsos
2268 4558 2486 4626 probate
2527 4573 2653 4609 num
2684 4557 2925 4611 Christus
2959 4558 3027 4611 sit
3056 4557 3108 4610 in
3146 4557 3287 4611 vobis
3309 4557 3375 4611 “.
3412 4554 3567 4612 Tem-

1988 4649 2137 4717 plum
2173 4648 2270 4702 Dei
2303 4648 2453 4712 estis,
2496 4656 2546 4700 et
2590 4646 2821 4716 Spiritus
2852 4647 2949 4701 Dei
2991 4647 3195 4701 habitat
3245 4648 3299 4701 in
3334 4647 3476 4702 vobis
3498 4646 3566 4710 ³⁵,

2206 4826 2376 4879 ‘Act.
2428 4841 2516 4892 xv,
2576 4824 2667 4879 28.

2771 4826 2793 4857 ⁸
2833 4812 3008 4879 lCor.
3054 4838 3153 4887 vn,
3192 4823 3280 4879 ll).
3383 4824 3404 4853 ‘
3443 4824 3566 4880 Act.

294 4908 412 4952 sui.
449 4893 503 4944 6.
576 4892 822 4949 "Matth.
858 4910 1048 4958 xxvm,
1091 4894 1179 4949 19.
1255 4894 1277 4925 ⁸
1309 4894 1501 4948 Matth.
1546 4910 1600 4954 χ.
1642 4894 1729 4959 10;
1767 4896 1886 4949 Mar

1976 4911 2015 4959 ι,
2042 4897 2094 4951 8.
2172 4896 2194 4927 ⁸
2224 4896 2345 4950 Act.
2377 4912 2492 4958 XXI,
2533 4896 2586 4949 4.
2668 4896 2710 4927 ⁸⁸
2748 4895 2878 4949 ibid.
2922 4895 3005 4949 ll.
3085 4895 3125 4927 “
3159 4892 3201 4950 ll
3230 4894 3358 4949 Cor.
3386 4894 3567 4956 ιιιι,5.

294 4965 341 4994 ¹¹
374 4964 500 5015 Act.
544 4978 632 5026 xx,
670 4963 761 5018 55.
819 4964 862 4995 ⁸³
891 4963 1023 5017 iltid.
1051 4964 1142 5018 22.
1222 4963 1266 4994 ⁸⁵
1299 4963 1529 5019 Philem.
1569 4965 1619 5020 7.

295 5033 385 5088 15.
480 5034 524 5064 "
555 5032 715 5086 Rom.
753 5048 813 5094 It,
870 5033 960 5087 29.

294 5118 417 5165 ιιιι,
452 5101 541 5155 25.
617 5104 663 5135 ²⁸
698 5102 767 5156 Ill
797 5103 1057 5171 lleg.xvu
1088 5104 1179 5158 24.
1261 5106 1308 5137 ⁸⁸
1338 5104 1356 5159 1
1395 5104 1522 5160 Cor.
1555 5120 1645 5168 xv,
1673 5104 1761 5159 25.

1730 4964 1773 4995 ιι
1810 4965 1901 4995 Anc
1959 4981 1987 4995 ι-

1060 4965 1142 5018 22.
1222 4965 1266 4994 “
1299 4965 1529 5019 Philem.
1569 4965 1619 5020 7.
1730 4965 1773 4995 ’⁵
1803 4965 1935 5031 Αςι.⁸
1959 4981 2037 5029 XI,
2078 4966 2160 5021 l2.
2261 4966 2306 4997 ¹⁶
2332 4966 2452 5019 Cal.
2493 4981 2530 5030 I,
2558 4967 2593 5019 2

1060 5038 1106 5065 ²⁰
1139 5033 1353 5089 Coloss.
1397 5050 1457 5097 ιι,
1500 5035 1587 5088 11.
1664 5035 1709 5067 ²¹
1741 5032 1759 5086 l
1788 5034 1914 5089 Cor.
1944 5049 2025 5101 ιιι,
2060 5037 2146 5092 16.
2223 5038 2267 5070 ’³
2297 5034 2416 5091 Col.
2450 5052 2509 5098 ιι.
2540 5036 2593 5090 6.

1088 5104 1179 5158 24.
1261 5106 1308 5137 ⁸⁸
1338 5104 1356 5159 1
1395 5104 1522 5160 Cor.
1555 5120 1645 5160 xv.
1673 5104 1761 5159 Q5.
1839 5107 1882 5135 "
1908 5105 2063 5160 Rom.
2097 5122 2218 5160 vm.
2240 5104 2333 5160 26.
2408 5107 2452 5139 ’⁸
2481 5108 2589 5160 ibid

1957 5123 2063 5160 Olll.
2097 5122 2218 5167 Vill,
2240 5122 2333 5161 ΖΟ.

2261 4966 2306 4997 ⁸⁸
2332 4966 2452 5019 Cal.
2493 4981 2530 5030 ι,
2558 4964 2645 5019 20.
2727 4966 2769 4998 ⁸⁷
2802 4964 2960 5020 Rom.
3004 4982 3044 5031 ιν,
3081 4966 3134 5020 1.
3215 4964 3259 4997 ⁸⁸
3288 4964 3395 5020 lsa.
3432 4977 3569 5031 Lm,

2261 5034 2393 5068 IPnI
2450 5052 2485 5068 ιι
2540 5036 2571 5068 Ω
2671 5036 2718 5067 ιι
2753 5034 2791 5068 ΙΙ
2825 5035 2936 5068 Ωιι..
2985 5052 3120 5068 νιν-11
3170 5035 3204 5068 ο
3334 5034 3380 5068 ιι
3412 5033 3546 5068 an

2408 5079 2416 5089 .
2450 5052 2509 5098 ll,
2540 5036 2593 5090 6.
2671 5036 2718 5067 ”
2753 5034 2793 5090 Il
2825 5035 2936 5103 Reg
2985 5052 3143 5102 xxiii,
3170 5035 3228 5089 2.
3334 5034 3380 5068 "
3412 5033 3569 5088 Boni.

2408 5107 2452 5139 ’⁸
2481 5108 2613 5161 ibid.
2641 5106 2730 5160 54.
2808 5109 2852 5139 ”
2884 5107 3041 5161 ltom.
3074 5123 3164 5169 xx,
3185 5105 3273 5160 16.
3351 5105 3396 5136 ⁸⁵
3428 5104 3571 5159 Phil.

296 5172 383 5226 ιο.
474 5172 513 5204 ³³
548 5171 565 5224 l
605 5172 736 5228 Cor.
761 5177 834 5237 π,
870 5174 956 5228 10.
1032 5175 1079 5205 ⁸³
1111 5173 1231 5230 Gal.
1272 5191 1309 5239 I,
1347 5176 1435 5229 15.
1510 5175 1555 5205 ³³
1595 5175 1614 5228 l
1649 5173 1777 5229 Cor.
1814 5190 1874 5239 ll,

1976 5219 1987 5233 .
2064 5177 2109 5208 “
2140 5175 2184 5229 ll
2221 5175 2349 5232 Cor.
2387 5192 2506 5241 xm,
2534 5178 2585 5231 5.
2665 5178 2710 5208 ³⁸
2749 5175 2921 5232 lCor.
2951 5193 3031 5241 ιιι,
3076 5176 3163 5230 16.

365 5327 448 5393 l9)
478 5326 642 5396 Λέγω
658 5326 739 5399 ’δὲ
767 5330 877 5383 οὐκ
908 5328 1043 5399 ἐγὼ.
1071 5330 1209 5384 ἀλλ’
1236 5331 1270 5384 ό
1312 5329 1545 5397 Κύριος.
1590 5328 1885 5399 lrrepset-at

296 5397 349 5466 in
387 5406 625 5466 utraque
658 5396 852 5451 Latina
904 5396 1352 5466 interpretatione
1380 5396 1434 5454 et
1486 5396 1777 5454 l’etuviaim
1832 5410 1886 5453 t-t

294 5465 718 5539 TlionIaSiatia_:
748 5466 876 5522 Dico
909 5465 1106 5534 autem,
1131 5486 1222 5539 ego
1251 5486 1391 5534 non;
1425 5469 1703 5536 Dominus,
1736 5471 1881 5539 quod

294 5551 404 5590 nos
426 5523 708 5592 emendari
746 5539 1040 5594 voluimus.

364 5606 485 5678 ([0)
518 5605 587 5678 Δ1ιι
613 5606 804 5661 Graec
832 5615 981 5663 textu
1027 5609 1173 5664 illius
1202 5609 1308 5663 loci
1342 5608 1596 5678 Epistula:
1628 5610 1883 5665 secunda:

296 5676 365 5732 ad
396 5676 723 5751 Corinthios
744 5678 976 5751 legimus
1003 5678 1290 5742 λαλοῦντος
1314 5676 1573 5751 Χριστοῦ.

366 5745 489 5817 (it)
542 5744 706 5801 Juxta
744 5744 992 5803 La'tinam
1044 5744 1455 5806 versiouctu'in
1495 5750 1683 5806 Gneo!)
1733 5757 1883 5805 textu

1994 5330 2144 5402 illius
2166 5330 2271 5385 loci
2297 5333 2641 5388 desideratur
2673 5332 2804 5386 illud
2829 5332 3087 5402 Epistula:
3117 5333 3181 5388 ad
3210 5332 3488 5389 Romanos
3513 5348 3573 5400 ιι,

1992 5401 2062 5454 29
2079 5420 2107 5473 _:
2136 5402 2409 5473 περιτομὴ
2442 5402 2667 5473 καρδίας
2691 5404 2748 5454 ἐν
2772 5401 3062 5473 malitiast,
3093 5404 3275 5471 ὅμοιον
3304 5402 3401 5473 τῷ.
3420 5404 3574 5471 Quod

1992 5479 2046 5525 et
2076 5470 2299 5525 Patavio
2330 5470 2603 5524 excidiisse
2634 5479 2876 5525 constat.

2065 5539 2457 5612 (l2)_G_r2ecum
2510 5539 2764 5612 Epistolgc
2814 5542 3001 5612 prima:
3049 5542 3114 5596 ad
3164 5543 3484 5601 Corinthios
3515 5561 3577 5609 ιι,

1996 5608 2100 5683 1-0
2127 5608 2303 5683 sese;
2326 5608 2662 5683 ιςὶ-ιιεεκιὶλὺξζιεἐ
2691 5608 2942 5683 vulgata,
2960 5612 3202 5669 reuelauit
3234 5613 3391 5670 Deus.
3416 5608 3579 5671 Juxta

1996 5680 2283 5805 ἕξειὲξειιὲ
2313 5679 2610 5739 dictionem
2641 5679 2834 5741 Latino
2862 5684 3156 5741 dicendum
3183 5695 3350 5754 esset,
3386 5684 3586 5742 reuelat-

1996 5767 2042 5804 vt
2161 5767 2225 5804 m
2286 5766 2367 5805 us.

1996 5766 2067 5804 υιι
2100 5766 2367 5809 0111⁸18188.
