3992 6198
387 345 489 404 ΗΞ

1767 322 1825 378 S.
1865 316 2204 375 EPIPHANII

3527 305 3638 362 ΥΒ

385 456 608 532 perinde
629 461 790 525 atque
810 449 944 508 illud
969 469 981 505 :
1010 443 1277 502 Ilalvitabo
1305 443 1358 496 in
1385 440 1495 496 illis
1521 448 1568 494 et
1593 435 1956 502 inambulabo,

2077 435 2254 502 κύψαι
2299 430 2406 485 τὸν
2445 429 2579 484 Υίὸν
2599 428 2784 484 αὑτοῦ
2833 428 2902 482 ἐν
2949 426 3098 496 ἐμοί.
3127 453 3195 466 --
3231 422 3428 492 Ἡμεῖς
3460 421 3529 477 δὲ
3559 426 3635 478 οὐ

381 530 434 605 et
455 567 545 606 ero
571 548 784 603 illorum
815 543 979 606 Deus,
1011 549 1060 594 et
1083 538 1184 606 ipsi
1211 543 1365 588 erunt
1395 533 1522 587 mihi
1552 530 1780 600 populus
1805 530 1848 581 ¹.

2061 523 2129 578 τὸ
2159 521 2392 590 πνεῦμα
2421 519 2528 574 τοῦ
2563 520 2794 587 κόσμου
2819 517 3143 584 ἐλάϐομεν,
3172 513 3334 572 ἀλλὰ
3358 513 3423 566 τὸ
3448 512 3639 566 Πνεῦ-
3742 565 3763 570 _

383 604 474 716 μα
491 642 560 697 τὸ
586 642 655 696 ἐκ
683 638 831 694 Θεοῦ
854 654 868 668 ο
899 604 1210 706 ὅμοιον-τῷ
1237 630 1446 692 εἰπεῖν,
1492 623 1781 690 Ἑαυτοὺς
1804 618 2174 690 δοκιμάζετε,
2215 619 2266 670 εὶ
2302 619 2335 668 ό
2381 613 2635 682 Χριστὸς
2673 613 2742 666 ἐν
2779 611 2939 680 ὑμῖν.
2981 639 3053 650 —-
3107 607 3266 672 Ναές
3320 605 3429 660 τοῦ
3483 604 3638 660 Θεοῦ

385 713 554 802 ἐστε,
610 732 709 786 καὶ
749 729 817 783 τὸ
848 725 1091 794 Πνεῦμα
1123 723 1230 776 τοῦ
1274 719 1421 774 Θεοῦ
1481 716 1629 772 aluei
1683 716 1752 769 ἐν
1796 713 1939 782 ὑμῖν
1988 735 2006 747 -

386 797 841 896 ἐμπεριπατήσω
865 855 881 884 ,
913 816 1011 871 καὶ
1037 816 1252 882 ἔσομαι
1279 809 1478 865 αὐτῶν
1501 809 1646 873 Θεὸς
1663 847 1678 872 ,
1719 804 1817 860 καὶ
1849 801 2019 858 αὐτοὶ
2047 799 2294 855 ἔσονταί
2320 814 2421 867 μοι
2449 797 2618 861 λαός.

415 985 419 990 .
454 933 640 992 LXIX.
685 931 990 1000 Quinetiam
1014 925 1461 999 iustiﬁcationem
1492 922 1560 976 ab
1584 929 1813 991 utroque
1840 932 1949 972 mae

386 1045 520 1086 nare
564 1026 907 1082 demonstrat
953 1028 1006 1074 et
1048 1017 1301 1089 gratiam.
1371 1012 1670 1081 Justiﬁcati
1701 1026 1861 1080 porro
1903 1009 1958 1062 in

387 1119 596 1174 nomine
625 1113 843 1169 Domini
874 1109 1045 1166 nostri
1076 1105 1206 1161 Iesu
1240 1103 1442 1160 Christi
1474 1113 1522 1157 et
1550 1104 1602 1156 in
1631 1101 1836 1170 Spiritu
1859 1098 1958 1153 Dei

388 1211 558 1266 nostri
598 1210 652 1272 ²;
689 1205 780 1261 cui
811 1202 989 1260 simile
1021 1207 1145 1256 est:
1190 1197 1485 1266 Justiﬁcati
1527 1203 1702 1248 autem
1740 1208 1804 1247 ex
1833 1191 1958 1261 ﬁde,

385 1317 566 1370 pacem
599 1297 850 1351 habemus
883 1310 1002 1346 cum
1036 1291 1144 1345 Deo
1174 1305 1265 1358 per
1297 1286 1580 1340 Dominum
1604 1293 1845 1338 nostrum
1870 1280 1964 1335 Je-

389 1409 505 1446 sum
529 1389 798 1445 Christum
822 1387 862 1440 ³.
928 1383 1096 1438 Nemo
1134 1389 1300 1451 potest
1343 1379 1514 1432 dicere
1554 1376 1838 1430 Dominum
1867 1373 1963 1428 Je—

388 1498 528 1545 sunt,
573 1479 677 1532 nisi
711 1478 763 1531 in
792 1476 998 1544 Spiritu
1029 1471 1284 1538 sancto";
1337 1478 1392 1525 et
1419 1489 1432 1524 :
1463 1468 1634 1524 Nemo
1671 1475 1838 1537 potest
1870 1483 1966 1520 ac»

390 1574 559 1642 cipere
595 1568 856 1638 Spiritum
885 1575 1148 1627 sanctum,
1181 1562 1285 1617 nisi
1322 1579 1353 1616 a
1383 1560 1633 1614 Domino.
1671 1559 1818 1612 Diris
1841 1575 1964 1612 ones

389 1678 548 1732 porro
579 1659 873 1731 gratiarum
899 1665 1043 1719 sunt,
1067 1655 1203 1710 ident
1233 1669 1349 1708 vero
1383 1651 1649 1722 Spiritus;
1678 1659 1728 1705 et
1749 1649 1965 1704 divisio-

2065 711 2249 780 ὅμοιον
2297 706 2375 776 τῷ
2429 707 2605 758 εἰπεῖν
2629 743 2645 768 ,
2715 701 3045 770 Ἐνοικήσω
3097 699 3168 753 ἐν
3222 696 3468 764 αὐτοῖς,
3537 696 3640 750 και

2131 913 2249 969 ΞΘ’.
2291 911 2453 966 Ἀλλὰ
2491 910 2584 964 καὶ
2629 909 2729 980 τὴν
2773 905 3117 975 δικαιοσύνην
3151 903 3210 970 ἐξ
3255 903 3458 974 ἀμφοῖν
3492 902 3647 970 λέγει

2062 1007 2154 1061 καὶ
2181 1005 2281 1075 τὴν
2330 1003 2511 1074 χάριν.
2566 997 2985 1060 Δικαιωθέντες
3029 995 3097 1048 δὲ
3144 995 3214 1047 ἐν
3268 990 3349 1058 τῷ
3401 994 3649 1063 ὀνόματι

2075 1095 2270 1165 Ἰησοῦ
2315 1091 2573 1162 Χριστοῦ
2614 1090 2720 1144 τοῦ
2764 1089 2985 1155 Κυρίου
3021 1084 3188 1155 ἡμῶν
3229 1083 3330 1137 καὶ
3359 1084 3430 1137 ἐν
3454 1085 3649 1139 Πνεύ-

2059 1204 2199 1259 ματι
2231 1185 2339 1239 τοῦ
2383 1183 2530 1237 Θεοῦ
2570 1181 2769 1252 ἡμῶν·
2809 1181 2993 1250 ὅμοιον
3038 1177 3116 1248 τῷ
3162 1178 3358 1240 εἰπεῖν,
3406 1177 3649 1230 Δικαιω-

2067 1277 2268 1343 θέντες
2299 1276 2365 1329 δὲ
2393 1277 2461 1328 ἐκ
2494 1276 2776 1338 πίστεως,
2815 1270 3062 1339 εἰρήνην
3098 1269 3316 1337 ἔχομεν
3351 1267 3500 1336 πρὸς
3537 1265 3652 1322 τὸν

2071 1369 2218 1424 Θεὸν
2253 1369 2351 1422 διὰ
2395 1367 2502 1422 τοῦ
2546 1366 2768 1434 Kvplov
2815 1362 2983 1431 ἡμῶν
3024 1358 3218 1429 Ἰησοῦ
3259 1358 3542 1428 Χριστοῦ.
3579 1390 3653 1402 --

2071 1461 2280 1527 Οὐδεὶς
2316 1460 2563 1514 δύναται
2594 1457 2784 1512 εἰπεῖν
2820 1456 3042 1523 Κύριον
3071 1451 3330 1520 Ἰησοῦν,
3373 1453 3427 1506 εί
3458 1451 3544 1521 μὴ
3580 1453 3652 1506 ἐν

2066 1551 2363 1620 Πνεύματι
2420 1548 2598 1617 ἁγίῳ·
2654 1547 2749 1598 καὶ
2773 1583 2787 1608 ,
2851 1542 3058 1608 Οὐδεὶς
3106 1541 3355 1595 δύναται
3406 1539 3652 1608 Πνεῦμα

2067 1640 2238 1710 ἅγιον
2255 1639 2482 1704 λαϐεῖν,
2504 1641 2553 1691 εὶ
2577 1638 2663 1707 μὴ
2698 1634 2856 1702 παρὰ
2885 1634 3126 1702 Κυρίου.
3145 1661 3216 1672 -—
3233 1631 3559 1698 Διαιρέσεις
3582 1629 3653 1683 δὲ

393 1770 482 1808 nes
530 1751 944 1806 ministeriorum
992 1757 1136 1811 sunt,
1181 1744 1320 1799 idem
1362 1753 1535 1797 autem
1587 1742 1878 1807 Dominus;
1916 1750 1966 1795 ct

2077 1731 2454 1802 χαρισμάτων
2481 1731 2621 1796 εἰσὶ,
2653 1729 2716 1783 τὸ
2759 1728 2828 1781 δὲ
2881 1725 3028 1780 αὐτὸ
3059 1724 3300 1792 Πνεῦμα
3319 1739 3332 1752 ·
3374 1723 3472 1776 καὶ
3505 1722 3655 1776 διαι-

392 1842 673 1895 divisiones
717 1838 1083 1908 operationum
1124 1843 1268 1898 sunt,
1313 1832 1450 1886 idem
1493 1840 1670 1885 autem
1707 1831 1847 1884 Deus
1879 1831 1968 1900 qui

2077 1824 2266 1892 ρέσεις
2290 1822 2608 1877 διακονιῶν
2649 1823 2826 1887 εἰσιν,
2875 1822 2909 1873 ό
2953 1817 3020 1871 δὲ
3060 1815 3243 1880 αὐτὸς
3274 1817 3520 1883 Κύριος”
3550 1814 3656 1868 καὶ

394 1941 644 2004 operatur:
667 1929 844 1984 omnia
864 1929 918 1982 in
943 1928 1182 1980 omnibus
1201 1924 1223 1956 ⁵
1254 1941 1269 1991 ;
1293 1932 1344 1977 et
1369 1941 1380 1976 :
1402 1921 1444 1975 A
1463 1922 1634 1992 gloria
1649 1922 1702 1974 in
1719 1921 1966 1991 gloriam,

396 2034 650 2094 tanquam
679 2038 717 2075 a-
743 2016 959 2074 Domini
984 2017 1188 2087 Spiritu
1214 2016 1255 2069 ⁸.
1309 2017 1412 2068 Et:
1449 2013 1628 2068 Nolite
1659 2013 1972 2067 contristare

396 2111 658 2180 Spiritum
699 2117 962 2171 sanctum,
1004 2107 1057 2159 in
1090 2122 1192 2170 quo
1229 2104 1425 2174 signati
1469 2104 1596 2157 estis
1633 2104 1687 2156 in
1717 2102 1855 2156 diem
1889 2119 1972 2156 re—

393 2203 710 2273 demptionis
734 2203 792 2266 7;
829 2214 952 2254 cum
1003 2199 1098 2252 illo
1131 2195 1514 2251 consentiunt:
1543 2193 1603 2248 Si
1629 2209 1971 2262 provocamus

394 2294 706 2358 Dominum,
747 2309 815 2344 an
846 2290 1092 2360 fortiores
1136 2289 1248 2357 ipso
1280 2301 1462 2340 sumus
1485 2285 1546 2338 "t
1597 2284 1710 2339 Hoc
1741 2291 1918 2339 autem
1954 2301 1969 2338 :

398 2384 633 2453 Spiritus
675 2381 956 2450 manifeste
1007 2378 1140 2430 dicit
1184 2379 1229 2440 ’,
1273 2377 1452 2431 simile
1503 2381 1589 2430 est
1633 2374 1801 2429 huic:
1845 2377 1975 2427 Haec

398 2475 530 2527 dicit
561 2471 829 2525 Dominus’
856 2468 1181 2535 omnipotens
1210 2465 1275 2518 ιο.
1302 2463 1386 2529 Et,
1421 2462 1650 2531 Spiritus
1698 2477 1842 2516 meus
1867 2469 1974 2515 stat

400 2563 457 2616 in
494 2561 664 2628 medio
704 2558 962 2624 uestri“,
1006 2571 1130 2611 cum
1174 2555 1281 2609 isto
1327 2552 1717 2623 coniungitur:
1761 2552 1822 2608 Si
1857 2554 1974 2623 quis

315 2679 339 2701 ι
402 2651 668 2720 aperuerit
697 2649 826 2704 mihi
849 2650 914 2714 ¹¹,
948 2645 1306 2718 ingrediemur
1325 2660 1416 2714 ego
1449 2652 1497 2698 et
1529 2642 1714 2710 Pater,
1740 2651 1790 2696 et
1825 2659 1977 2696 man-

402 2746 603 2800 sionem
631 2741 772 2813 apud
808 2741 982 2811 ipsum
1014 2738 1270 2807 faciemus
1295 2735 1361 2788 ⁸³.
1393 2734 1474 2789 Ad
1504 2733 1624 2789 hac
1652 2733 1858 2788 Isaias:
1905 2730 1977 2786 Et

403 2837 775 2905 superu’psum,
805 2833 1000 2904 inquit,
1027 2830 1260 2900 Spiritus
1296 2828 1389 2883 Dei
1411 2828 1491 2897 “;
1523 2826 1774 2883 Christus
1802 2841 1972 2882 vero:

403 2927 639 2998 Spiritus
669 2926 883 2981 Domini
911 2939 1069 2994 super
1091 2938 1196 2986 me,
1229 2929 1440 2991 propter
1459 2919 1596 2990 quod
1624 2919 1775 2972 unxit
1806 2933 1886 2972 me
1908 2918 1973 2986 ";

404 3029 505 3077 et:
556 3018 739 3074 Jesum
787 3034 820 3070 a
865 3015 1124 3078 Nazaret,
1171 3027 1322 3083 quem
1361 3012 1516 3066 unxit
1565 3009 1708 3063 Deus
1769 3007 1976 3078 Spiritu

406 3120 590 3167 sancto
615 3110 692 3176 ης
722 3109 809 3163 vel
833 3126 846 3162 :
882 3105 1139 3160 Dominus
1166 3081 1309 3158 misit
1333 3119 1412 3158 me
1437 3109 1487 3156 et
1509 3099 1742 3170 Spiritus
1769 3100 1883 3170 ejus
1909 3101 1974 3155 ".
2003 3081 2046 3139 (ἶ

405 3199 519 3255 Nec
563 3200 798 3254 obscura
843 3196 1258 3266 seraphinorum
1327 3191 1680 3248 clamantium
1715 3206 1817 3246 vox
1849 3197 1975 3246 est:

408 3289 665 3356 Sanctus,
693 3297 932 3349 sanctus,
965 3293 1181 3340 sanctus
1210 3281 1466 3337 Dominus
1497 3279 1733 3336 Sabaoth
1753 3281 1817 3335 ⁸⁸.
1843 3278 1981 3334 Prte-

410 3391 558 3439 terea
603 3391 726 3434 cum
764 3375 898 3432 illud
941 3372 1131 3429 audies
1169 3391 1183 3427 :
1238 3371 1438 3425 Dextra
1479 3371 1576 3424 Dei
1627 3369 1893 3424 exaltatus
1930 3377 1980 3422 et

409 3469 814 3542 promissionem
866 3463 1099 3534 Spiritus
1149 3461 1408 3528 accipiens
1467 3476 1501 3512 a
1547 3457 1710 3512 Patre
1732 3457 1777 3488 ¹⁹
1820 3475 1832 3510 :
1875 3455 1978 3520 vel,

413 3561 737 3630 Exspectare
769 3556 1174 3629 promissionem
1218 3553 1423 3618 Patris,
1453 3567 1612 3622 quam
1649 3548 1879 3603 audistis
1902 3547 1978 3612 ὀς

412 3653 500 3708 vel
528 3648 983 3720 quemadmodum
1010 3643 1240 3712 Spiritus
1276 3644 1427 3698 illum
1449 3643 1504 3696 in
1531 3640 1795 3696 desertum
1819 3653 1983 3707 expu-

415 3743 479 3798 lit
503 3743 547 3774 ¹¹
582 3740 711 3797 :vcl
739 3737 885 3810 quod
915 3737 1056 3794 idem
1108 3736 1218 3791 ait:
1262 3733 1444 3789 Nolite
1473 3735 1702 3803 cogitare
1741 3728 1868 3800 quid
1905 3728 1986 3782 lo-

411 3833 670 3906 quamini,
723 3831 980 3901 quoniam
1029 3828 1261 3899 Spiritus
1303 3825 1485 3880 Patris
1524 3825 1626 3878 mei
1663 3823 1893 3892 loquitur
1931 3821 1985 3874 in

413 3925 557 3980 vobis
582 3926 628 3957 ¹¹
657 3943 670 3979 :
713 3924 826 3978 sive
847 3922 1018 3978 illud:
1063 3919 1122 3977 Si
1154 3928 1329 3974 autem
1365 3919 1420 3972 in
1453 3915 1658 3985 Spiritu
1695 3913 1794 3968 Dei
1832 3913 1986 3982 ejicio

414 4018 682 4074 clazmonia
717 4015 796 4083 ²³;
833 4014 940 4086 74
958 4015 1037 4070 vel
1065 4033 1078 4068 :
1114 4013 1219 4079 Qui
1257 4022 1432 4066 autem
1465 4007 1900 4081 blasphemaverit
1933 4005 1987 4060 in

416 4108 953 4180 Spiritumsanctum,
973 4123 1076 4160 non
1108 4106 1403 4159 remittetur
1430 4103 1477 4157 ei
1495 4104 1559 4172 “,
1581 4117 1716 4168 etc.;
1740 4100 1842 4163 vel,
1877 4097 1989 4151 Pa-

421 4199 582 4264 ter,in
617 4211 802 4249 manus
834 4203 952 4246 tuas
971 4191 1276 4245 commendo
1294 4189 1543 4257 spiritum
1579 4200 1748 4236 meum
1769 4184 1815 4215 ³³
1843 4180 1985 4243 :vel,

418 4289 562 4343 Puer
599 4284 882 4346 crescebat,
913 4290 962 4335 et
989 4279 1435 4333 corroborabatur
1461 4274 1666 4342 Spiritu
1687 4274 1733 4304 "
1759 4279 1864 4338 :et,
1893 4269 1988 4324 Je-

2070 1918 2388 1986 διαιρέσεις
2424 1914 2838 1986 ἐνεργημάτων
2874 1911 3053 1975 εἰσὶν,
3102 1914 3136 1964 ό
3181 1909 3248 1962 δέ
3289 1908 3470 1974 αὐτὸς
3504 1908 3654 1974 Θεὸς

2072 2013 2105 2064 ό
2136 2009 2395 2080 ἐνεργῶν
2442 2009 2514 2062 τὰ
2563 2008 2758 2060 πάντα
2792 2005 2861 2058 ἐν
2904 2002 3082 2058 πᾶσι’
3129 1989 3421 2065 καὶίἊπό
3465 1999 3656 2068 δόξης

2071 2103 2159 2166 είς
2189 2100 2397 2164 δόξαν,
2433 2097 2696 2164 καθάπερ
2728 2095 2848 2150 ἀπὸ
2877 2094 3097 2161 Κυρίου
3128 2091 3471 2160 Πνεύματος
3490 2107 3503 2120 ·
3533 2090 3654 2154 καὶ,

2071 2192 2169 2260 Μὴ
2194 2190 2439 2246 λυπεῖτε
2469 2189 2537 2243 τὸ
2565 2187 2804 2256 Πνεῦμα
2834 2186 2900 2240 τὸ
2941 2186 3131 2254 ἅγιον,
3171 2183 3241 2236 ἐν
3286 2175 3334 2248 ᾧ
3376 2181 3661 2250 ἐσφραγί-

2073 2286 2257 2350 σθητε
2287 2285 2374 2348 είς
2405 2279 2633 2351 ἡμέραν
2675 2276 3176 2346 ἀπολυτρώσεως·
3216 2276 3403 2347 ὅμοιον
3453 2274 3530 2346 τῷ
3575 2276 3659 2328 ειν

2074 2373 2218 2437 πεῖν,
2258 2373 2329 2425 El
2375 2369 2832 2438 παραζηλοῦμεν
2863 2367 2969 2422 τὸν
3002 2369 3239 2436 Κύριον,
3277 2369 3364 2437 μὴ
3415 2367 3663 2436 ισχιφό-

2073 2479 2226 2532 τεροι
2247 2462 2430 2516 αὐτοῦ
2448 2462 2664 2530 seper;
2697 2459 2769 2512 Τὸ
2798 2459 2875 2523 δὲ,
2904 2459 3146 2529 Πνεῦμα
3159 2456 3359 2527 ρητῶς
3393 2459 3436 2490 ³³
3460 2458 3623 2528 λέγει
3637 2445 3668 2494 '-

2073 2553 2256 2624 ὅμοιον
2305 2552 2385 2623 τῷ
2428 2553 2621 2616 εἰπεῖν,
2674 2549 2817 2605 Τάδε
2841 2549 3015 2620 λέγει
3061 2551 3276 2620 Κύριος
3326 2549 3667 2619 παντοκρά-

2075 2660 2220 2712 τωρ·
2257 2642 2371 2708 καὶ,
2431 2641 2501 2696 Τὸ
2555 2637 2799 2709 Πνεῦμά
2851 2657 2971 2709 μου
3013 2639 3346 2709 ἐφέστηκεν
3381 2640 3451 2694 ἐν
3490 2638 3668 2710 μέσῳ

2074 2732 2271 2803 ὑμῶν’
2305 2730 2447 2787 Ἐάν
2474 2748 2564 2797 τις
2591 2729 2718 2799 ἐμοὶ
2759 2729 2996 2796 ἀνοίξῃ,
3027 2728 3277 2784 εἰσέλθω
3319 2728 3434 2800 ἐγὼ
3482 2727 3580 2785 καὶ
3623 2731 3667 2783 ό

2075 2824 2299 2892 Πατὴρ,
2332 2823 2428 2877 καὶ
2455 2821 2657 2892 μονὴν
2675 2821 2811 2890 παρ’
2831 2819 2989 2885 αὐτῷ
3017 2822 3405 2890 ποιησόμεθα.
3434 2821 3667 2885 Ἡσαΐας

2075 2914 2153 2982 δὲ,
2187 2914 2296 2968 Καὶ
2336 2913 2428 2966 ἐπ’
2452 2913 2639 2968 αὐτὸν
2669 2912 2910 2980 Πνεῦμα
2948 2910 3128 2965 θεοῦ*
3174 2913 3202 2965 ὁ
3240 2911 3297 2964 δὲ
3326 2911 3371 2944 ³³
3403 2911 3666 2983 Χριστὸς,

2077 3004 2321 3074 Πνεῦμα
2365 3003 2588 3071 Kivplov
2635 2997 2707 3058 οὗ
2752 3003 2984 3056 εἵνεκεν
3026 2999 3234 3069 ἐχρισέ
3269 3017 3374 3070 με’
3409 3001 3521 3066 καὶ,
3550 2999 3672 3069 ’1η-

2078 3095 2240 3180 σοῦν.
2285 3093 2393 3149 τὸν
2450 3093 2568 3149 ἀπὸ
2603 3093 2878 3180 ᾑίνίαζαρέτ
2900 3134 2915 3161 ,
2978 3092 3052 3146 ὃν
3096 3093 3305 3161 ἔχρισε
3366 3093 3672 3162 Πνεῦματι

2079 3177 2272 3252 dri-lg)"
2366 3182 2461 3234 καὶ
2493 3219 2508 3240 ,
2589 3177 2802 3245 Κύριος
2899 3180 3244 3234 ἀπέσταλκέ
3297 3197 3375 3248 με
3441 3181 3538 3234 καὶ
3589 3181 3670 3235 τὸ

2078 3268 2322 3337 Πνεῦμα
2344 3264 2560 3320 αὑτοῦ.’
2587 3266 2798 3337 Φανερὰ
2823 3266 2880 3319 δὲ
2909 3268 3004 3319 καὶ
3035 3269 3066 3338 ἡ
3104 3267 3254 3338 φωνὴ
3279 3267 3387 3320 τῶν
3415 3268 3674 3340 Σεραφὶμ

2080 3358 2388 3429 κράζουσα.ο
2426 3356 2641 3424 Ἄγιος,
2688 3355 2874 3424 ἅγιος,
2903 3355 3089 3426 -ἄγιος
3143 3357 3359 3424 Κύριος
3397 3355 3669 3412 Σαϐαὼθ.

2095 3451 2219 3504 Ἐὰν
2251 3449 2307 3502 δὲ
2341 3448 2602 3519 ἀκούσῃς,
2629 3448 2710 3500 ὅτι
2763 3446 2840 3516 Τῇ
2873 3445 3041 3513 δεξιᾷ
3085 3447 3191 3502 τοῦ
3223 3447 3370 3501 Θεοῦ
3403 3447 3679 3516 ὑψωθεὶς

2081 3540 2194 3607 τήν
2231 3557 2295 3593 τε
2332 3539 2695 3609 ἐπαγγελίαν
2726 3538 2833 3592 τοῦ
2875 3539 3215 3607 Πνεῦματος
3255 3537 3458 3591 λαϐὼν
3502 3539 3679 3608 παρὰ

2082 3630 2188 3685 τοῦ
2229 3631 2488 3696 Πατρός⁸
2541 3629 2597 3699 ἢ,
2644 3630 2988 3699 Περιμένειν
3018 3629 3133 3698 τὴν
3161 3629 3527 3700 ἐπαγγελίαν
3555 3631 3676 3685 τοῦ

2082 3722 2311 3790 Πατρὸς
2340 3720 2421 3789 ἦν
2457 3722 2790 3791 ἠκούσατε·
2822 3722 2857 3786 ἢ
2898 3723 3001 3786 ὅτι,
3064 3723 3135 3777 Τὸ
3188 3722 3432 3792 Πνεῦμα
3479 3722 3677 3776 αὑτὸν

2082 3813 2362 3868 ἐκϐάλλει
2399 3815 2488 3880 είς
2534 3814 2649 3882 τὴν
2683 3814 2937 3883 ἔρημον,
2979 3814 3012 3885 ἢ
3049 3815 3130 3867 ὅτι
3168 3814 3327 3878 αὐτὸς
3359 3813 3527 3882 λέγει,
3568 3815 3674 3882 Μὴ

2081 3905 2490 3976 μεριμνήσητε
2539 3905 2598 3958 τί
2640 3907 2865 3972 εἴπητε,
2901 3905 2984 3958 ὅτι
3023 3905 3089 3959 Τὸ
3134 3905 3377 3972 Πνεῦμα
3415 3904 3522 3958 τοῦ
3551 3907 3678 3957 Πα-

2086 3998 2224 4065 τρός
2247 4014 2366 4065 μου
2403 3997 2468 4050 τὸ
2495 3997 2732 4051 λαλοῦν
2758 3995 2828 4049 ἐν
2857 3995 3031 4064 ὑμῖν·
3063 3995 3119 4066 ἢ,
3171 3997 3235 4049 El
3265 3993 3337 4048 δέ
3373 3995 3444 4048 ἐν
3479 3995 3674 4049 Πνεύ-

2082 4103 2222 4158 ματι
2252 4088 2399 4142 Θεοῦ
2434 4087 2708 4141 ἐκϐάλλω
2744 4085 2819 4140 τὰ
2847 4086 3155 4156 δαιμόνια·
3189 4085 3244 4157 ἢ,
3287 4086 3340 4138 '0
3378 4084 3446 4138 δέ
3467 4085 3677 4149 ,Βλασ-

2089 4178 2302 4248 φημῶν
2345 4181 2431 4245 εις
2470 4179 2537 4234 τὸ
2574 4179 2819 4246 Πνεῦμα
2857 4179 2922 4233 τὸ
2962 4179 3168 4249 ἅγιον,
3203 4179 3316 4231 οὐκ
3370 4175 3676 4245 ἀφεθήσε-

2090 4287 2184 4324 ται
2227 4268 2405 4337 αὐτῷ,
2445 4271 2540 4324 καὶ
2569 4269 2638 4323 τὰ
2680 4269 2808 4340 ἑξῆς
2831 4269 2906 4340 ’ἢ
2957 4269 3023 4335 ³⁸,
3061 4268 3131 4322 Τὸ
3170 4266 3408 4320 παιδίον
3443 4266 3681 4334 ηὔξανε

419 4395 508 4432 sus
538 4374 761 4443 repletus
783 4372 987 4440 Spiritu
1009 4377 1214 4432 sancto,
1232 4381 1465 4420 reversus
1494 4372 1572 4416 est
1595 4379 1627 4416 a
1648 4361 1886 4416 Iordane
1903 4361 1944 4393 ⁸⁷
1971 4377 1976 4412 1

2091 4360 2191 4414 καὶ
2232 4359 2616 4428 ἐκραταιοῦτο
2668 4361 2997 4428 Πνελύματιο
3041 4359 3100 4428 ἢ,
3154 4357 3384 4426 Ἰησοῦς
3434 4355 3680 4427 πλήρης

421 4464 558 4527 sive,
587 4429 838 4513 Dispersus
858 4466 934 4510 est
955 4454 1110 4509 Jesus
1139 4429 1328 4508 virtute
1366 4450 1633 4520 Spiritus:
1677 4450 1783 4514 vel,
1838 4451 1976 4515 Quae

2093 4449 2441 4519 Πνεύματος
2463 4449 2636 4518 άγίου
2661 4450 3042 4518 ὑπέστρεψεν
3064 4449 3182 4503 ἀπὸ
3211 4449 3316 4503 τοῦ
3343 4448 3640 4516 Ἰορδάνου
3659 4465 3678 4482 ο

419 4562 604 4606 natum
639 4557 715 4603 est
748 4563 775 4603 e
807 4545 1035 4610 Spiritu,
1077 4544 1294 4612 spiritus
1323 4551 1402 4597 est
1428 4542 1505 4597 '3:
1537 4541 1653 4595 hinc
1683 4539 1865 4594 omnia
1895 4553 1976 4593 eos

2094 4538 2148 4609 ἢ,
2195 4538 2596 4608 ’Υπέστρεψεν
2632 4538 2876 4606 Ἰησοῦς
2922 4539 2998 4610 τῇ
3044 4539 3294 4608 δυνάμει
3338 4536 3446 4592 τοῦ
3489 4539 3683 4593 Πνεῦ-

419 4643 546 4698 dem
578 4656 702 4696 cum
731 4639 866 4696 iisce
900 4638 1148 4695 recidunt
1175 4656 1188 4692 :
1223 4636 1378 4704 Quod
1405 4636 1607 4706 factum
1640 4645 1739 4698 est,
1779 4635 1834 4687 in
1875 4634 1976 4702 ipsc

2088 4645 2309 4700 ματος-⁸
2349 4629 2405 4699 ἢ,
2461 4629 2532 4685 Τὸ
2573 4631 3013 4700 γεγεννημένον
3056 4631 3125 4684 ἐκ
3157 4619 3272 4684 τοῦ
3309 4629 3680 4698 Πνεύματος,

419 4733 528 4787 vita
575 4740 690 4785 erat
713 4730 758 4764 "
785 4748 798 4785 :
829 4730 915 4785 vel
954 4743 1077 4784 cum
1107 4742 1210 4783 eo:
1261 4726 1371 4798 Ego
1421 4725 1615 4798 rogabo
1663 4723 1901 4788 Patrem,
1940 4741 1976 4778 et

2095 4720 2331 4791 πνεῦμά
2376 4721 2574 4775 ἐστιν·
2611 4722 2794 4793 ὅμοιον
2837 4721 2917 4794 τῷ
2968 4723 3159 4787 εἰπεῖν,
3192 4724 3252 4774 Ὃ
3287 4721 3556 4793 γέγονεν,
3606 4720 3684 4774 ἐν

421 4824 589 4880 alium
609 4821 962 4876 Paracletum
987 4821 1135 4875 dabit
1164 4818 1332 4884 vobis,
1364 4815 1879 4888 Spiritum-veritatis
1901 4815 1945 4847 ³⁸

2095 4813 2257 4878 αὐτῷ
2285 4812 2398 4881 ζωὴ
2432 4809 2512 4884 ἦν
2532 4829 2546 4844 ο
2584 4813 2638 4885 ἢ,
2669 4813 2843 4884 Κάγὼ
2869 4811 3265 4882 παρακαλέσω
3310 4812 3418 4866 τὸν
3446 4811 3683 4880 Πατέρα

421 4917 510 4974 vel
543 4929 668 4970 cum
703 4914 808 4970 isto
839 4932 852 4968 :
896 4913 1005 4968 Cur
1036 4912 1268 4982 implevit
1313 4927 1404 4965 cor
1451 4919 1598 4964 tuum
1632 4907 1865 4964 Satanas
1895 4906 1976 4978 (ait

2091 4923 2210 4975 μου
2235 4945 2250 4971 ,
2302 4905 2402 4959 καὶ
2463 4905 2658 4960 ἄλλον
2713 4905 3108 4974 Παράκλητον
3165 4905 3342 4959 δώσει
3411 4904 3553 4974 ὑμῖν
3608 4904 3682 4956 τὸ

421 5008 619 5064 Petrus
637 5003 884 5075 Ananizc)
914 5004 1125 5056 mentiri
1154 5011 1206 5056 te
1220 5000 1453 5070 Spiritui
1481 5009 1667 5055 sancto
1691 4999 1775 5054 "‘l
1799 4997 1976 5053 deinde

2097 4996 2339 5066 Πνεῦμα
2373 4995 2480 5065 τῆς
2499 4997 2826 5065 ἀληθείας·
2867 4996 2924 5067 ἢ,
2979 4997 3080 5050 Διὰ
3124 4997 3184 5051 τί
3221 4996 3537 5066 ἐπλτιοωσε
3565 4994 3686 5064 τὴν

423 5095 650 5168 subiicit
681 5111 695 5152 :
730 5091 856 5150 Non
881 5091 1178 5147 hominibus
1219 5091 1467 5144 mentitus
1493 5107 1570 5158 es,
1601 5089 1691 5145 sed
1722 5089 1850 5144 Deo.
1884 5087 1976 5159 lgi‘

2098 5087 2348 5156 καρδίαν
2376 5103 2494 5142 σου
2522 5089 2556 5142 ὀ
2593 5085 2883 5154 Σατανᾶς,
2916 5086 2993 5158 τῷ
3019 5087 3248 5173 Ἀνανία
3277 5086 3503 5159 Πέτρος,
3533 5085 3686 5156 ψεύ-

495 5346 511 5377 ¹
544 5343 586 5398 11
610 5341 737 5397 Cor.
773 5354 851 5405 vt,
885 5337 970 5391 16.
1049 5337 1070 5368 ³
1099 5336 1117 5390 1
1157 5335 1390 5405 Cor._\jt,
1437 5332 1596 5405 H_.__
1637 5329 1659 5359 ³
1690 5328 1849 5405 ιῖοηιἔ
1882 5342 1933 5392 ν,
1959 5331 1976 5405 ’4

2115 5329 2138 5358 ⁸
2166 5326 2184 5380 l
2215 5324 2342 5405 αρτ.
2369 5340 2468 5405 xit,
2649 5329 2672 5361 ⁸
2702 5327 2832 5405 ibid.
2865 5329 3051 5405 isqq.
3157 5330 3179 5362 ⁸
3217 5329 3261 5385 ιι
3282 5328 3548 5405 ραι-,Αι-ιι,
3579 5325 3686 5384 18.

422 5414 445 5446 τ
480 5395 850 5482 Epignmi
917 5408 991 5463 ιι
1034 5395 1386 5482 cor.x_._a-2.'
1449 5398 1682 5482 viruit.
1716 5414 1790 5482 ιχ.
1818 5397 1901 5482 ιι,
1958 5398 1974 5428 ι

2077 5411 2161 5482 ξβ.
2191 5397 2320 5482 uni;
2357 5480 2370 5482 _
2415 5396 2618 5482 “iAgg.
2659 5413 2724 5482 tt,
2759 5398 2810 5452 6.
2834 5401 2924 5482 “"-
2958 5395 3125 5470 A'poc.
3153 5415 3246 5482 tu,
3434 5400 3494 5482 _"
3519 5398 3684 5482 lugu.

423 5465 550 5544 xw,r
567 5465 780 5536 ‘23:“
807 5479 907 5534 Isa.
941 5495 1018 5544 xi,
1057 5477 1113 5532 2.
1208 5465 1260 5544 7"?
1293 5470 1657 5544 Lttc,_t\'._18.
1726 5467 1976 5544 ξξΔεξ.-ε

2077 5465 2139 5520 38;
2295 5465 2613 5544 Isa.-tiqui.
2654 5468 2790 5544 16.“
2834 5465 3018 5544 ιιι-δᾳ
3049 5485 3120 5524 v1.
3152 5465 3241 5524 5]
3283 5472 3328 5544 ίξ
3346 5471 3568 5544 θοι-ιι,
3590 5467 3686 5522 53.

423 5535 474 5584 ῖθ
500 5535 624 5604 Ᾰοιέ
653 5567 691 5610 ι,
715 5551 768 5604 li.
857 5549 900 5580 “
927 5535 1094 5603 Marc.
1125 5562 1164 5610 ι,
1196 5543 1284 5596 12.
1333 5544 1376 5573 ’³
1411 5541 1611 5610 Matth,
1637 5555 1693 5602 ι,
1873 5535 1976 5590 "L

2077 5536 2278 5610 }I,_i9.
2313 5536 2425 5610 A_“_
2442 5536 2576 5590 Mar.
2611 5553 2692 5600 tu.
2725 5537 2814 5610 ες).
2890 5539 2946 5610 ’ξ
2976 5539 3112 5610 Luc.
3140 5539 3391 5610 unum.
3469 5537 3684 5610 “hLuc.

426 5635 465 5683 ..
500 5583 620 5674 '55?
1126 5583 1164 5610 ·’
1193 5583 1693 5683 ῖτιοηηζῑῑῑςῖσζ
1715 5583 1976 5683 ,κλοπ-πῖ

2077 5583 2357 5683 511""
2395 5583 2693 5683 ιίῖεὶῖιξξίίῦζ
2728 5583 2820 5683 iis;
2911 5583 3413 5683 υᾏέξῖὗῗέῗεὶιῖί.
3507 5583 3690 5680 ΤΞ·ιῖ

424 5673 699 5764 abhinc;-
773 5688 819 5718 ³³
845 5673 1002 5743 Deest
1026 5683 1250 5756 aliquid-
1326 5681 1372 5713 “
1403 5673 2153 5746 Ποθειῆνηιὶτερβῑςχεζράς
2173 5692 2290 5734 σου
2312 5675 2728 5748 παραθήσομαι
2760 5676 2827 5732 τὸ
2854 5676 3089 5749 πνεῦμά
3112 5695 3254 5749 μου.
3335 5673 3393 5680 “
3594 5673 3641 5680 ’⁷
3701 5733 3708 5741 ,
