3992 6198
281 669 376 724 τοῦ
401 671 712 742 τιμήματος
739 670 836 725 τοῦ
887 675 1088 746 χωρίου
1133 682 1538 752 νοσφισάμενοι.
1568 685 1660 752 Ἢ,
1691 686 1874 756 Ἔφα-

286 759 516 829 νερώθη
542 762 613 816 ἐν
645 763 847 831 σαρκί,
882 764 1193 838 ἐδικαιώθη
1222 770 1294 825 ἐν
1318 775 1635 843 Πνεύματι.
1669 779 1872 834 Τούτου

291 853 478 924 μεῖζον
501 854 598 907 οὐκ
629 853 739 926 ἔχω
766 854 968 921 λέγειν.
993 857 1127 922 Θεὸς
1161 860 1220 914 δὲ
1249 863 1278 914 6
1308 862 1434 927 Υίός
1453 882 1467 896 ·
1499 865 1604 931 Ἐξ
1630 861 1739 932 ὧν,
1769 886 1875 941 φη..

289 945 398 1008 etv,
422 948 458 1000 ὁ
481 945 734 1013 Χριστός
765 947 832 1001 τὸ
863 947 1015 1001 κατὰ
1051 948 1272 1020 σάρκα,
1305 956 1341 1006 ό
1381 955 1468 1009 ὢν
1493 956 1592 1010 ἐπὶ
1631 959 1874 1014 πάντων

289 1037 450 1099 θεός.
478 1039 850 1103 Πίστευσον,
885 1042 1071 1110 φησιν,
1105 1045 1198 1109 είς
1230 1044 1338 1099 τὸν
1372 1049 1591 1118 Κύριον
1617 1051 1872 1119 Ἰησοῦν,

286 1123 380 1177 καί
431 1124 687 1194 σωθήσῃ
706 1143 722 1157 θ
758 1127 872 1192 καὶ,
911 1128 1254 1199 Ἔλάλησεν
1280 1136 1486 1205 αὐτοῖς
1534 1138 1644 1194 τὸν
1691 1141 1876 1210 λόγον

285 1214 389 1268 τοῦ
420 1216 645 1284 Κυρίου
667 1233 683 1250 ο
720 1218 1037 1290 ἀναγαπύν
1076 1239 1142 1277 τε
1187 1225 1405 1290 αὐτοὺς
1435 1231 1522 1296 είς
1553 1231 1662 1286 τὸν
1683 1228 1873 1301 οἷκον,

286 1305 624 1374 παρέθηκεν
673 1309 881 1376 αὐτοῖς
927 1312 1250 1381 τράπεζαν,
1313 1319 1411 1372 καί
1465 1320 1876 1389 ἠγαλλιάσατο

286 1397 526 1451 πανοικὶ
568 1402 983 1469 πεπιστευκὼς
1021 1403 1103 1470 τῷ
1148 1404 1288 1471 Θεῷ.
1336 1409 1408 1460 Ἦ
1477 1410 1557 1464 ὃτι
1583 1411 1640 1463 Ἐ
1645 1431 1684 1467 ν
1718 1413 1877 1483 ἀρχῇ

285 1485 367 1560 ἧν
393 1493 429 1545 ὁ
462 1492 674 1561 Λόγος,
702 1494 802 1548 καί
831 1497 866 1550 ὁ
898 1497 1085 1568 Λόγος
1117 1495 1197 1570 ἧν
1225 1501 1376 1568 πρὸς
1414 1501 1523 1556 τὸν
1568 1503 1737 1572 Θεὸν,
1776 1505 1875 1560 καὶ

286 1582 440 1647 Θεὸς
478 1578 559 1652 ἦν
603 1586 637 1636 ὁ
680 1586 900 1654 Λόγος·
942 1587 997 1659 ἢ,
1025 1589 1150 1643 Ἵνα
1192 1593 1310 1660 τὴν
1345 1593 1744 1652 διδασκαλίαν
1769 1597 1875 1652 τοῦ

285 1673 521 1742 Πατρός
555 1674 724 1743 ήμῶν
753 1677 900 1730 Θεοῦ
933 1679 1043 1750 (15)
1075 1681 1472 1751 κοσμήσωσιν
1523 1687 1540 1718 ¹
1562 1704 1575 1718 ο
1606 1688 1662 1760 ἦ,
1734 1688 1875 1743 Ἐπ-

1695 301 2134 364 ANCORATUS.

1975 521 2119 578 ctus,
2159 511 2248 567 cui
2277 512 2488 568 mentiti
2524 520 2653 568 sunt
2696 511 2789 582 qui
2817 528 2882 568 ex
2928 515 3043 585 agri
3078 516 3257 585 pretio
3298 518 3549 574 nonnihil

1975 605 2421 661 interverterant.
2459 604 2741 675 Ejusmodi
2775 611 2942 661 estet
2983 605 3131 662 istud
3166 627 3180 663 :
3221 608 3325 674 Qui
3374 611 3554 666 mani-

1975 696 2198 766 festatus
2242 703 2319 750 est
2366 697 2424 750 in
2466 712 2644 761 carne,
2670 696 3005 766 justiﬁeatus
3045 708 3121 753 est
3156 699 3212 753 in
3258 700 3462 772 Spiritu
3501 703 3546 758 ⁸.

1975 787 2089 843 Hoc
2130 802 2230 859 ego
2284 788 2463 858 majus
2512 788 2650 843 nihil
2707 786 2882 842 habeo
2928 788 3073 858 quod
3126 789 3326 844 dicam.
3377 789 3550 847 Porro

1976 878 2120 935 Deus
2145 887 2230 934 est
2252 877 2425 934 Filius
2450 898 2462 933 :
2485 893 2610 933 nam
2638 879 2937 949 Apostolus
2963 898 2977 934 :
3008 878 3092 932 Ea:
3111 880 3318 950 quibus,
3351 881 3576 951 inquit,

1978 969 2222 1024 Christus
2275 969 2562 1024 secundum
2605 987 2840 1036 carnem,
2894 971 2984 1040 qui
3033 979 3111 1025 est
3163 987 3323 1039 supra
3374 972 3556 1028 omnia

1976 1060 2119 1115 Deus
2143 1061 2186 1116 ’.
2236 1059 2418 1126 Crede,
2453 1060 2650 1132 inquit,
2694 1061 2749 1114 in
2798 1059 3082 1114 Dominum
3109 1059 3314 1126 Iesum,
3353 1069 3403 1115 et
3437 1061 3554 1116 salo

1976 1149 2178 1204 vaberis
2205 1150 2279 1216 ‘°;
2310 1151 2471 1205 item:
2507 1150 2736 1205 Locutus
2755 1161 2853 1218 est,
2880 1153 3079 1220 inquit,
3114 1151 3225 1206 illis
3260 1169 3555 1207 sermonem

1977 1231 2212 1288 Domini.
2251 1231 2320 1286 Et
2363 1233 2624 1289 deducens
2657 1251 2744 1289 eos
2777 1235 2830 1288 in
2884 1235 3122 1299 domum,
3163 1238 3408 1304 apposuit
3443 1237 3555 1292 illis

1978 1339 2212 1376 mensam
2235 1339 2254 1377 :
2288 1333 2337 1378 et
2371 1325 2582 1379 lwtatus
2623 1335 2701 1380 est
2735 1342 2854 1379 cum
2881 1326 3127 1380 universa
3156 1326 3367 1395 familia
3405 1336 3556 1396 post-

1977 1431 2134 1484 quam
2155 1415 2374 1468 credidit
2398 1415 2506 1469 Deo
2530 1417 2596 1470 “.
2626 1414 2749 1470 Sive
2774 1415 2906 1472 illud
2930 1415 3248 1472 consideres
3280 1435 3294 1470 :
3327 1415 3395 1470 In
3414 1417 3557 1486 prius

1977 1503 2111 1569 cipio
2141 1513 2254 1557 erat
2302 1503 2549 1564 Verbum,
2584 1514 2632 1557 et
2674 1503 2900 1557 Verbum
2944 1511 3059 1557 erat
3087 1503 3228 1573 apud
3270 1501 3461 1569 Deum,
3505 1506 3558 1559 et

1977 1592 2120 1647 Deus
2160 1605 2272 1647 erat
2318 1593 2540 1648 Verbum
2565 1595 2606 1626 ¹¹
2633 1613 2647 1647 :
2691 1595 2797 1660 vel,
2824 1593 2889 1647 Ut
2911 1593 3212 1648 doctrinam
3239 1595 3408 1650 nostri
3433 1592 3560 1650 Salo

1980 1686 2175 1739 vatoris
2191 1694 2373 1740 ornent
2397 1686 2472 1739 ":
2499 1685 2637 1751 sive,
2659 1685 2918 1756 Apparuit
2935 1686 3112 1756 gratia
3131 1685 3405 1740 Dominiet
3431 1685 3560 1740 Sal-

285 1764 480 1833 egerim
527 1766 567 1833 ἠ
597 1765 772 1834 χάρις
803 1769 910 1823 τοῦ
959 1772 1129 1838 Θεοῦ,
1173 1775 1212 1841 ἠ
1263 1777 1556 1846 σωτήριος
1601 1783 1621 1811 ²
1689 1779 1879 1834 πᾶσιν

1985 1775 2176 1832 vateris
2193 1778 2364 1831 nostri
2381 1775 2511 1831 Iesu
2527 1775 2728 1831 Christi
2741 1776 2981 1831 erunibus
2999 1777 3300 1832 hominibus
3311 1777 3558 1834 erudiens

286 1855 640 1924 ἀνθρώποις,
678 1859 1049 1918 παιδεύουσα
1083 1864 1272 1934 ἡμᾶς’
1307 1867 1362 1938 ἥ,
1398 1869 1875 1940 Προσδεχόμενοι

286 1948 404 2015 τὴν
419 1950 726 2017 μακαρίαν
750 1951 984 2017 ἐλπίδα,
1018 1955 1116 2010 καὶ
1162 1957 1514 2030 ἐπιφάνειαν
1541 1960 1650 2030 τῆς
1689 1961 1877 2027 δόξης

235 2123 240 2128 .
289 2040 400 2093 τοῦ
439 2041 662 2107 Κυρίου
705 2043 805 2095 καὶ
848 2044 1122 2113 Σωτῆρος
1160 2028 1343 2118 ἡμῶν.
1357 2050 1551 2119 Ἰησοῦ
1582 2028 1871 2121 Χριστοῦ’

289 2131 349 2201 ἢ.
380 2132 542 2199 Αὕτη
571 2132 608 2200 ἠ
643 2132 918 2188 διακονία
957 2137 1064 2192 τοῦ
1102 2142 1446 2211 Πνεύματος
1473 2143 1571 2198 καί
1617 2144 1723 2200 τοῦ
1765 2147 1878 2200 Λό-

291 2236 429 2288 γου.
466 2221 788 2292 Προσέχετε
831 2224 910 2290 δὲ,
956 2228 1140 2296 φησιν,
1171 2230 1408 2298 ἑαυτοῖς
1442 2233 1542 2287 καὶ
1588 2235 1766 2288 παντὶ
1796 2234 1877 2301 τῷ

292 2312 567 2380 ποιμνίῳ,
599 2313 669 2367 ἐν
707 2307 759 2380 ᾧ
809 2317 962 2385 ὑμᾶς
997 2319 1164 2374 ἔθετο
1205 2322 1273 2377 τὸ
1310 2324 1554 2394 Πνεῦμα
1597 2326 1662 2380 τὸ
1708 2326 1878 2396 ἅγιον

292 2401 666 2471 ἐπισκόπους
691 2411 1029 2477 ποιμαίνειν
1056 2413 1171 2480 τὴν
1191 2416 1554 2486 Ἐκκλησίαν
1576 2419 1681 2473 τοῦ
1705 2419 1877 2474 Θεοῦσ

293 2495 478 2564 ὅμοιον
519 2496 598 2569 τῷ
645 2501 840 2564 εἰπεῖν,
879 2503 1061 2572 Χάριν
1103 2505 1221 2574 ἔχω
1270 2506 1351 2573 τῷ
1385 2508 1881 2581 θδυναμὼσαντί

289 2602 370 2655 με
393 2588 624 2655 Χριστῷ
656 2593 853 2659 Ἰησοῦ
881 2595 962 2660 τῷ
999 2597 1189 2665 Κυρίῳ
1213 2599 1402 2667 ἡμῶν,
1433 2600 1522 2656 ὅτι
1555 2605 1776 2657 πιστόν
1801 2619 1879 2674 με

295 2676 568 2746 ἡγήσατο
600 2681 847 2751 θέμενος
876 2687 964 2752 είς
997 2686 1329 2744 διακονίαν.

369 2767 445 2820 0'.
480 2767 742 2840 Συνεργεί
767 2772 966 2837 τοίνυν,
995 2774 1072 2838 ὡς
1105 2777 1498 2846 ἀποδέδεικται,
1523 2781 1600 2853 τῷ
1645 2783 1817 2854 Πατρὶ
1852 2784 1880 2838 ὁ

296 2856 428 2920 Υἱὸς
469 2859 563 2912 καὶ
594 2859 658 2913 τι
702 2862 926 2934 Πνεῦμα
966 2865 1027 2918 τδ
1057 2866 1240 2935 ἅγιονο
1285 2868 1374 2934 Τῷ
1412 2858 1740 2942 rapuere
1767 2878 1882 2928 Κυ-

289 2949 430 3017 ρίου
457 2951 517 3003 οἱ
548 2952 792 3019 οὐρανοί
820 2955 1287 3025 ἐστερεώθησαν,
1323 2960 1421 3014 καὶ
1461 2961 1542 3027 τῷ
1581 2965 1880 3033 Πνεύματι

295 3043 406 3097 τοῦ
448 3048 746 3114 στόματος
787 3050 973 3104 αὐτοῦ
1033 3050 1202 3106 πᾶσα
1251 3054 1290 3122 ἠ
1350 3053 1603 3125 δύναμις
1661 3057 1876 3112 αὐτῶν.

1982 1868 2160 1933 nos“;
2191 1869 2296 1931 vel,
2339 1866 2716 1936 Exspectantes
2752 1867 2960 1922 beatam
3013 1885 3155 1938 spem
3193 1879 3242 1924 et
3281 1869 3560 1923 adventum

1980 1959 2166 2030 gloria:
2189 1960 2367 2028 magni
2391 1958 2490 2013 Dei
2517 1967 2564 2013 et
2589 1957 2885 2013 Saluatoris
2916 1961 3088 2014 nostri
3109 1959 3236 2015 Jesu
3257 1959 3457 2014 Christi
3482 1960 3559 2028 ¹⁵;

1983 2051 2109 2105 item
2136 2069 2146 2104 :
2172 2049 2287 2103 Hoc
2303 2059 2380 2103 est
2402 2050 2750 2103 ministerium
2769 2050 3002 2118 Spiritus
3017 2060 3066 2104 et
3080 2050 3253 2104 Verbi.
3268 2051 3560 2116 Attendite,

1983 2138 2180 2207 inquit,
2209 2137 2352 2192 vobis
2379 2147 2431 2192 et
2457 2140 2697 2192 universo
2730 2139 2894 2208 gregi,
2923 2139 2979 2192 in
3004 2155 3103 2208 quo
3131 2140 3304 2209 posuit
3322 2155 3409 2192 vos
3439 2138 3562 2205 Spi-

1983 2231 2121 2284 ritus
2167 2241 2384 2285 sanetus
2435 2232 2703 2300 episcopos
2759 2247 2936 2301 regere
2985 2230 3278 2284 Ecclesium
3339 2229 3436 2283 Dei
3463 2231 3550 2285 ’σε

1983 2320 2212 2391 perinde
2241 2336 2306 2375 ac
2339 2321 2384 2376 si
2416 2321 2618 2376 diceret
2648 2339 2662 2375 :
2702 2318 2922 2376 Gratias
2951 2337 3048 2393 ago
3075 2307 3442 2376 corroboranti
3479 2335 3563 2375 me

1985 2412 2198 2467 Christo
2237 2411 2369 2465 Jesu
2403 2411 2630 2466 Domino
2655 2422 2858 2477 nostra,
2895 2411 3034 2482 quod
3064 2428 3145 2466 me
3183 2410 3386 2483 ﬁdelem
3418 2410 3564 2464 arbi-

1986 2512 2154 2557 tratus
2186 2511 2263 2559 est
2295 2501 2364 2556 ad
2393 2502 2741 2557 ministerium
2764 2502 3085 2557 constituens
3109 2501 3172 2556 ¹⁷.

2058 2765 2220 2820 LXX.
2254 2766 2444 2837 Itaque
2473 2765 2646 2821 Filius
2674 2773 2729 2820 et
2762 2764 3002 2836 Spiritus
3029 2774 3256 2824 sanctus
3296 2782 3420 2823 cum
3457 2765 3563 2820 Pa-

1986 2865 2090 2921 tre,
2116 2861 2197 2913 uti
2221 2859 2742 2926 demonstravimus,
2764 2866 2932 2930 agunt
2963 2859 3326 2914 communiter
3351 2877 3364 2913 :
3402 2857 3562 2914 Verbo

1986 2953 2126 3006 enim
2155 2951 2370 3006 Domini
2402 2951 2520 3006 caeli
2543 2952 2747 3022 ﬁrmati
2773 2959 2932 3016 sunt;
2953 2960 3001 3004 et
3030 2949 3234 3019 Spiritu
3259 2951 3367 3004 oris
3388 2950 3556 3019 ipsius

1989 3045 2159 3098 omnis
2193 3044 2362 3098 virtus
2396 3060 2577 3098 eorum
2611 3043 2676 3099 “.
2707 3043 2944 3114 Spiritus
2993 3057 3125 3100 vero
3177 3052 3400 3098 sanctus
3464 3040 3562 3094 ad-

297 3133 679 3208 ιῐιςοσκυνητδν
705 3137 762 3192 δὲ
793 3139 1016 3212 Πνεῦμα
1052 3142 1114 3196 τὸ
1140 3143 1294 3211 ἆγιον
1316 3160 1328 3173 ·
1366 3143 1518 3210 Τοὺς
1554 3146 1662 3217 γὰρ
1701 3159 1881 3215 προσ-

1989 3137 2230 3194 orandus
2258 3147 2341 3194 est
2367 3159 2380 3194 :
2415 3138 2520 3206 Qui
2551 3140 2689 3193 enim
2719 3137 2946 3193 adorant
2988 3137 3155 3192 Deum
3181 3177 3197 3203 ,
3235 3136 3435 3202 Spiritu
3464 3133 3562 3187 atl—

297 3224 640 3294 τουνοῦντας
662 3229 804 3294 Θεῷ,
837 3230 908 3284 ἐν
943 3233 1240 3303 Πνεῦματι
1269 3234 1365 3288 δεῖ
1394 3237 1759 3306 προσκυνεῖν
1789 3237 1890 3293 καί

297 3314 570 3385 ἀληθείᾳ.
602 3319 664 3371 Ei
692 3319 748 3374 δὲ
779 3325 1031 3392 συνεργεῖ
1071 3323 1244 3377 ταῦτα
1283 3325 1324 3390 ³,
1384 3327 1560 3391 κτίσις
1587 3328 1763 3382 κτίσιν
1791 3330 1891 3384 οὐκ

301 3406 616 3478 ἓργάζεται,
646 3409 765 3462 οὐδὲ
799 3412 986 3484 κτιστὴ
1019 3413 1208 3484 Θεότης
1246 3415 1474 3483 γίνεται,
1526 3416 1648 3470 οὐδὲ
1692 3419 1749 3472 ὲν
1797 3418 1892 3490 μὲ-

302 3499 478 3568 τρῳῆ
531 3503 758 3572 περιοχῇ
803 3502 936 3567 Θεὸς
980 3504 1329 3572 γινώσκεται.
1367 3507 1522 3561 Ἔστι
1551 3508 1660 3579 γὰρ
1695 3509 1890 3580 ιίιπερί⁴

301 3603 533 3658 γραφος,
585 3589 904 3661 ἀχώρητος,
959 3593 1333 3663 ἀπερινόητος,
1391 3596 1569 3649 πάντα
1624 3597 1891 3667 περιέχων

301 3679 373 3731 τὰ
402 3681 680 3750 ποιήματα.
706 3684 733 3734 6
761 3681 893 3746 Θεὸς
924 3683 965 3737 ⁸.
1019 3684 1152 3737 Οὐδὲ
1179 3684 1445 3757 λατρευτὴ
1481 3687 1689 3750 κτίσις·
1736 3687 1896 3741 Ἑλά-

301 3785 568 3836 τρευσιιν
597 3771 706 3843 γὰρ
739 3773 816 3842 τῇ
838 3775 1030 3829 κτίσει
1082 3776 1243 3845 παρὰ
1292 3776 1398 3830 τὸν
1437 3778 1753 3844 κτίσαντα,
1793 3779 1891 3832 καὶ

299 3859 756 3929 ἐμωράνθησαν.
788 3863 914 3925 Πῶς
951 3865 1058 3935 γὰρ
1083 3865 1145 3917 οὐ
1179 3865 1360 3936 μωρὸν
1393 3865 1568 3920 κτίσιν
1601 3866 1891 3936 θεολογεῖν,

300 3949 520 4005 ἀθετεῖν
547 3953 605 4005 δὲ
639 3953 862 4025 πρώτην
889 3956 912 3988 ⁸
968 3956 1185 4027 ἐντολὴν
1216 3957 1314 4026 τὴν
1339 3957 1632 4026 λέγουσανο
1661 3961 1892 4027 Ἄκουε,

301 4040 570 4108 Ἰσραὴλ,
620 4046 831 4114 Κύριος
874 4048 908 4099 ό
966 4048 1111 4113 Θεός
1154 4063 1269 4103 σου
1317 4050 1532 4116 Κύριος
1579 4045 1667 4115 εἷς
1703 4050 1892 4116 ἐστιν,

299 4133 420 4187 οὐκ
457 4133 629 4187 ἔσται
671 4136 743 4189 ἐν
768 4137 868 4189 σοί
909 4137 1044 4203 θεὸς
1084 4141 1473 4208 πρόσφατος;
1527 4142 1614 4193 Ἐν
1653 4141 1896 4210 Γραφαῐς

1993 3245 2147 3284 orare
2179 3239 2379 3298 oportet
2408 3238 2458 3286 et
2487 3231 2703 3286 veritate
2726 3232 2790 3285 ".
2820 3230 2926 3300 75
2957 3229 3160 3296 Quodsi
3183 3229 3384 3284 veritas
3411 3241 3562 3282 com-

1991 3322 2234 3376 muniter
2262 3322 2395 3393 agit,
2433 3330 2688 3378 creatura
2712 3330 3021 3378 creaturam
3056 3319 3218 3376 aliam
3243 3336 3351 3376 non
3385 3319 3567 3387 etlicit,

1975 3427 2169 3484 neque
2197 3414 2372 3468 creari
2403 3412 2660 3468 divinitas
2678 3419 2860 3484 potest
2879 3454 2894 3480 ,
2925 3428 3102 3482 neque
3140 3418 3288 3467 certo
3317 3411 3480 3466 modo
3508 3425 3572 3465 ac

1993 3501 2508 3570 circumscriptione
2545 3500 2805 3556 deﬁnitus
2852 3500 3204 3571 cognoscitur
3243 3499 3424 3565 Deus;
3472 3499 3574 3553 cir-

1993 3591 2288 3646 cumscribi
2333 3591 2478 3646 enim
2520 3606 2630 3646 non
2664 3600 2875 3661 potest,
2917 3600 3010 3646 aut
3061 3591 3206 3660 capi,
3244 3598 3338 3644 aut
3370 3589 3572 3644 intellio

1995 3683 2176 3752 gentia
2205 3682 2622 3752 comprehendi,
2654 3697 2778 3736 cum
2812 3683 3070 3737 universa
3111 3680 3208 3736 Dei
3239 3696 3405 3750 opera
3435 3695 3573 3734 con-

1995 3774 2186 3827 tineat.
2249 3771 2353 3827 Sed
2410 3786 2587 3841 neque
2629 3781 2895 3826 creaturas
2925 3770 3273 3826 serviendum
3313 3788 3326 3822 :
3372 3767 3576 3823 Servie-

1995 3873 2139 3927 runt,
2211 3863 2406 3932 inquit,
2440 3871 2698 3917 creatura:
2725 3863 2902 3930 potius
2929 3878 3087 3931 quam
3117 3860 3381 3923 Creatori,
3406 3868 3454 3914 et
3486 3859 3574 3928 fa-

1999 3955 2076 4008 tui
2104 3952 2297 4006 redditi
2329 3962 2450 4007 sunt
2476 3955 2544 4007 ²⁰.
2575 3953 2766 4008 Nonne
2798 3952 3054 4006 stolidum
3081 3959 3166 4006 est
3196 3958 3463 4005 creatura:
3491 3949 3576 4005 dio

1996 4045 2274 4099 vinitatem
2311 4045 2553 4099 tribuere
2575 4085 2590 4109 ,
2625 4059 2690 4099 ac
2730 4045 2966 4114 primum
2996 4044 3100 4098 hoc
3129 4043 3334 4098 violare
3381 4059 3575 4115 prince-

1996 4145 2180 4207 ptum:
2212 4135 2377 4199 Audi,
2402 4135 2613 4189 Israel:
2644 4134 2900 4188 Dominus
2933 4134 3072 4190 Deus
3105 4145 3225 4188 tuus
3243 4151 3377 4188 unus
3407 4129 3484 4189 est
3508 4137 3575 4192 ".

296 4225 366 4294 δὴ
394 4225 578 4291 ἁγίαις
608 4226 842 4299 διάφορα
863 4229 1102 4298 ὀνόματα
1129 4231 1370 4284 καλεῖται
1397 4231 1610 4302 Πατρὸς
1644 4230 1738 4283 καὶ
1763 4229 1881 4282 Υἰοῐ

1999 4227 2122 4282 Νοη
2160 4228 2259 4282 erit
2297 4228 2350 4282 in
2398 4237 2446 4282 te
2504 4227 2645 4284 Deus
2686 4245 2863 4283 recens
2907 4229 2994 4282 “?
3025 4228 3292 4284 Caeterum
3342 4229 3580 4282 diversis

297 4314 403 4365 καὶ
418 4313 574 4381 ἁγίου
600 4314 931 4384 Πνεύματος.
963 4318 1173 4388 Πατρὸς
1197 4319 1314 4389 μέν’
1338 4319 1539 4387 Πατὴρ
1558 4319 1881 4386 παντοκρά·

1999 4321 2052 4374 in
2089 4317 2370 4388 Scriptura
2403 4319 2720 4374 nominibus
2760 4317 2923 4374 Pater
2961 4326 3015 4374 et
3039 4319 3212 4374 Filius
3252 4327 3306 4374 et
3337 4319 3578 4390 Spiritus

297 4421 441 4473 τωρ,
458 4404 664 4473 Πατὴρ
685 4407 983 4474 ἁπάντων,
1003 4409 1202 4477 Πατὴρ
1227 4409 1504 4478 Χριστοῦ
1534 4409 1657 4462 Υἱοῦ
1680 4409 1737 4462 δέ
1754 4426 1766 4439 ·
1789 4411 1881 4464 Λό.

1999 4415 2224 4468 sanctus
2251 4409 2500 4480 insigniri
2530 4411 2709 4466 solent
2737 4429 2750 4465 :
2780 4418 2974 4481 utputa
3005 4410 3188 4477 Pater,
3215 4410 3378 4466 Pater
3408 4413 3580 4465 omni-

297 4514 431 4565 τος,
451 4497 874 4566 Χριστὸς,,φῶς
899 4500 1208 4567 ἀληθινόν.
1238 4489 1343 4554 Τοῦ
1370 4501 1425 4553 δὲ
1466 4501 1622 4569 ἁγίου
1650 4499 1789 4554 Πνεύ
1799 4518 1881 4571 μα·

1995 4508 2219 4569 potens,
2292 4499 2457 4554 Pater
2520 4502 2788 4567 omnium,
2834 4501 3000 4556 Pater
3059 4500 3260 4557 Christi
3315 4511 3578 4569 vocatur;

295 4603 424 4648 τος*
443 4587 853 4656 Παράκλητος,
876 4589 1116 4659 Πνεῦμα
1137 4593 1440 4659 ἀληθείας,
1458 4592 1699 4660 Πνεῦμα
1722 4591 1881 4657 Θεοῦ,

2002 4589 2173 4646 Filius
2231 4605 2400 4655 vero,
2465 4589 2728 4655 Verbum,
2786 4589 3053 4656 Christus,
3109 4591 3203 4645 lux
3260 4609 3417 4657 vera;
3459 4591 3581 4662 Spi~

297 4678 549 4746 Πνεῦμα
589 4679 866 4747 Χριστοῦ.
912 4680 979 4733 Τί
1021 4681 1198 4734 τοίνυν
1249 4682 1269 4712 ⁸
1327 4685 1356 4736 ὁ
1405 4681 1536 4744 Θεὸς
1569 4684 1766 4736 νοεῖται
1801 4681 1881 4735 καὶ

2005 4682 2145 4736 ritus
2209 4688 2432 4737 sanctus
2478 4679 2733 4750 denique,
2783 4678 3117 4747 Paracletus,
3171 4680 3403 4750 Spiritus
3436 4682 3576 4736 veri-

297 4767 521 4838 Πατὴρ,
551 4768 667 4836 φῶς
694 4769 808 4822 ἀλλ’
832 4769 908 4832 ὡς
936 4769 1351 4844 ὑπέρλαμπρον,
1375 4771 1647 4841 δύναμις,
1685 4773 1881 4840 σοφία.

2002 4774 2148 4838 tatis,
2219 4769 2449 4841 Spiritus
2505 4769 2626 4834 Dei,
2689 4768 2920 4838 Spiritus
2986 4769 3207 4826 Christi.
3268 4771 3580 4837 Quinetiam

297 4859 372 4911 ΕΞ
407 4858 461 4910 δὲ
485 4859 600 4926 φῶς
628 4862 658 4913 6
692 4860 825 4924 Θεὸς
858 4860 953 4913 καὶ
994 4862 1205 4932 Πατὴρ,
1243 4862 1358 4931 φῶς
1394 4862 1503 4933 ἄρα
1547 4865 1612 4916 ἐκ
1660 4862 1834 4932 φωτδς
1868 4864 1881 4915 ἐ

2001 4863 2145 4920 Deus
2169 4864 2260 4919 ille
2299 4863 2440 4918 idem
2491 4875 2555 4916 ac
2593 4861 2753 4916 Pater
2779 4861 2870 4916 lux
2899 4860 3243 4930 intelligitur,
3272 4861 3576 4931 etquidem

297 4948 461 5013 Υἱὸς,
497 4951 589 5002 καὶ
623 4949 710 5002 διὰ
747 4948 905 5006 τοῦτο
952 4946 1132 5007 οίκῶν
1179 4952 1304 5021 φῶς
1343 4952 1364 4984 ⁷
1427 4951 1496 5005 τὸ
1543 4952 1881 5018 ἀπρόσιτον⁴

2002 4952 2312 5008 admirabili
2345 4949 2637 5021 splendore
2657 4950 2935 5006 collucens
2953 4990 2968 5015 ,
3000 4965 3215 5005 necnon
3241 4957 3296 5006 et
3323 4951 3488 5005 virtus
3519 4959 3574 5007 et

291 5040 549 5109 Δύναμις
589 5040 646 5093 δὲ
683 5041 802 5104 ὅλος
831 5043 861 5094 6
894 5042 1046 5107 Θεὸς,
1082 5045 1175 5097 καὶ
1219 5042 1309 5097 διὰ
1343 5042 1501 5096 τοῦτο
1531 5043 1749 5110 Κύριος
1782 5040 1881 5096 τῶι

2005 5043 2285 5112 sapientia.
2319 5042 2496 5113 Atque
2536 5041 2615 5096 uti
2646 5042 2738 5096 lux
2772 5048 2857 5096 est
2879 5039 3025 5096 Deus
3059 5047 3114 5096 et
3146 5039 3326 5106 Pater,
3365 5040 3440 5094 ita
3485 5040 3577 5104 lus

294 5129 643 5200 δυνάμεων.
683 5131 855 5207 Σοφία
901 5133 1020 5199 ὅλος
1055 5135 1085 5188 6
1130 5135 1258 5199 Υἱός.
1285 5133 1459 5206 (15⁸))
1503 5133 1697 5188 οὐκοῦν
1741 5133 1881 5202 σοφίι

2005 5140 2089 5188 εει
2116 5132 2183 5187 de
2211 5131 2331 5187 luce
2351 5130 2523 5186 Filius
2551 5148 2564 5186 :
2599 5128 2744 5185 unde
2770 5135 2824 5184 et
2850 5128 3019 5183 lucem
3052 5126 3313 5182 inhabitat
3343 5126 3580 5192 inanes,

297 5354 323 5386 .
358 5283 975 5386 cretatae“.
1004 5287 1275 5386 ire-:2“
1309 5286 1750 5386 ξετῗετξίξελπμῶι
1777 5285 2063 5386 rem.
2293 5284 2601 5386 tiliae:-
2655 5282 2704 5386 .3
2728 5281 2952 5386 utri.
2973 5281 3130 5386 933;?-
3158 5281 3321 5386 τρ·

358 5351 615 5428 cogam
650 5351 853 5428 τοίνυν.
955 5359 975 5390 ν
1002 5351 1118 5428 γρ.⁷
1161 5360 1248 5428 διᾲ
1310 5359 1402 5412 τοῦ
1440 5351 1671 5428 ᾦωτόςζί
1711 5358 1743 5428 '7
1771 5351 1881 5428 [Ti

1995 5371 2065 5428 _lll
2250 5424 2282 5428 __
2308 5351 2518 5428 [non],
2549 5368 2629 5428 ιε,
2737 5351 2740 5352 ⁷
2789 5351 2832 5382 ¹⁰
2859 5353 3134 5428 Act._xv_t,_
3158 5352 3279 5428 5ιὶ-
3312 5419 3327 5428 _
3456 5351 3580 5407 Act.

297 5437 423 5493 xvi.
455 5424 544 5480 54.
651 5426 695 5458 ⁸⁸
724 5427 880 5480 Joan.
909 5443 950 5492 ι,
988 5419 1051 5483 ι’.“
1134 5430 1178 5461 ¹³
1207 5427 1315 5482 Tit.
1347 5443 1404 5485 ιι.
1448 5419 1535 5483 ιο.
1597 5419 1608 5422 ⁷
1641 5427 1684 5459 ’⁵
1711 5426 1842 5482 ibid.

1991 5425 2072 5480 ta.
2169 5426 2212 5457 η
2248 5423 2380 5477 ibid.
2421 5424 2535 5493 is,
2589 5421 2778 5493 "Act.
2812 5437 2902 5493 sx,
2935 5421 3028 5483 ει.
3068 5423 3160 5493 as.
3236 5421 3279 5453 ιτ
3311 5419 3330 5474 l
3363 5419 3504 5478 Tim.
3537 5433 3582 5492 ι,

298 5492 403 5547 νε.
483 5496 526 5525 ⁸⁸
565 5494 655 5551 Ps.
688 5512 865 5563 χχιιι,
893 5489 947 5553 6.
1026 5500 1069 5532 "
1094 5496 1252 5553 Joan.
1276 5513 1350 5564 tv,
1381 5497 1472 5552 24.
1547 5497 1592 5530 ³⁸
1622 5497 1825 5562 Roma,
1853 5495 1881 5550 Ξ

1985 5495 2074 5550 21.
2151 5495 2195 5527 ⁸⁸
2227 5493 2387 5547 Deut.
2415 5492 2563 5558 “,4.
2640 5489 2854 5546 “Psal.
2898 5505 3063 5558 Lux,
3104 5492 3192 5548 10.

363 5629 736 5707 _ll5)_’l‘_cxtus
763 5631 984 5707 Grzccus
1015 5634 1272 5707 Epistolte
1312 5635 1379 5692 ad
1417 5605 1596 5694 'l‘it‘um
1629 5635 1788 5693 habet
1829 5651 1881 5705 tt,

2072 5633 2204 5707 (15⁸)
2236 5633 2377 5706 Lege
2408 5631 2569 5704 σοφία
2601 5631 2718 5696 ὅλος
2749 5631 2778 5686 ὁ
2807 5629 2959 5695 Θεός.
2995 5628 3152 5687 Εοιτ.

304 5701 412 5768 Β),
433 5701 527 5755 τοῦ
558 5702 806 5776 Σωτῆρος
836 5706 991 5776 ἡμῶν
1022 5701 1181 5760 Θεοῦ.
