3992 6198
297 261 402 319 M9

1729 264 2168 324 ANCOBATUS.

3471 262 3573 317 150

296 377 633 449 πατριάρχαι
678 379 709 431 ὀ
755 377 1005 449 ἀληθινὸς
1041 379 1230 452 Πατὴρ
1274 380 1579 452 ἀρξάμενος
1624 382 1719 437 τοῦ
1753 382 1883 439 εἶναι

2002 387 2219 439 ternitas
2262 385 2311 438 in
2341 383 2482 438 caelis
2517 393 2568 437 st
2613 385 2667 437 in
2711 393 2853 437 terra
2880 382 2933 451 ",
2979 384 3093 439 sive
3131 400 3144 438 :
3196 381 3305 454 Ego
3347 383 3568 452 ﬁrmans

295 471 511 543 Πατὴρ,
542 469 578 540 ἢ
606 468 850 524 ἐκλιπών
890 487 1023 523 ποτε
1054 472 1235 543 χρόνῳ
1268 472 1360 526 τοῦ
1390 468 1527 527 εἶναι
1580 475 1788 547 Πατήρ.
1826 477 1891 532 Εί

295 566 408 635 γὰρ
452 564 677 635 ἄρχεται
720 560 815 615 τοῦ
868 558 1009 617 εἶναι
1054 564 1266 636 Πατὴρ,
1324 564 1452 629 Υίδς
1494 566 1603 637 ἄρα
1641 561 1709 639 ἦν
1760 585 1890 622 ποτε

297 655 494 723 ἑτέρου
523 653 751 725 Πατρὺς,
788 652 896 723 πρὸ
933 653 1027 709 τοῦ
1060 648 1200 710 εῖναι
1243 655 1405 710 αὐτὸν
1453 657 1675 729 Πατέρα
1716 659 1893 712 Μονο-

300 745 515 812 γενοῦς.
559 746 693 800 Καθ’
743 746 1041 817 ὁμοιότητα
1083 746 1195 818 (20)
1240 746 1298 800 δὲ
1348 748 1584 823 πατέρες
1641 751 1891 823 πατέρων

300 832 567 904 νοούμενα
602 834 620 865 ⁸
652 835 839 901 τέκνα,
883 837 967 899 είς
1011 836 1239 904 ἄπειρον
1282 837 1373 892 τὸν
1420 822 1635 909 ἀληθῶς
1675 841 1892 912 πατέρα

296 922 401 994 τῆς
444 924 830 995 ἀρχαιολογίας
872 926 1055 997 εὑρεῖν
1100 926 1267 982 ἐστιν.
1311 928 1446 982 Οὐδὲ
1497 929 1574 993 ὡς
1619 929 1689 984 τά
1732 932 1893 987 λοιπά

293 1013 457 1066 τέκνα
484 1012 651 1080 θέσει,
683 1016 712 1068 ὁ
744 1014 874 1079 Υἱὸς
913 1016 942 1068 ὁ
973 1015 1244 1087 ἀληθινὸς,
1279 1017 1398 1081 νέος
1426 1017 1520 1071 τοῦ
1554 1015 1691 1073 εἶναι
1728 1020 1886 1085 Υίός⁸

292 1102 342 1155 si
372 1103 478 1172 γὰρ
506 1102 630 1167 νέος
665 1102 760 1156 τοῦ
805 1099 946 1158 εῖναι
979 1105 1128 1169 Υἱὸς,
1158 1100 1226 1177 ἦν
1274 1124 1404 1160 ποτε
1449 1109 1638 1179 χρόνος
1669 1111 1755 1163 ὅτε
1792 1113 1892 1165 οὐκ

290 1188 359 1265 ἦν
407 1194 600 1266 Πατὴρ
646 1194 838 1266 Πατὴρ
881 1196 1239 1265 Μονογενούς.
1296 1200 1428 1253 Οὐδὲ
1478 1200 1553 1265 ὡς
1611 1200 1681 1255 τά
1730 1202 1891 1257 λοιπά

291 1284 605 1356 πνεύματα,
635 1286 697 1339 τὸ
726 1286 955 1357 Πνεῦμα
984 1289 1083 1359 τῆς
1112 1288 1370 1361 ἀληθείας
1404 1292 1619 1347 κτιστδν
1656 1294 1689 1365 ἢ
1736 1311 1892 1365 ποιη-

288 1377 402 1431 τόν·
428 1377 553 1429 οὐδὲ
579 1378 655 1441 ὡς
675 1379 725 1431 οί
747 1379 924 1432 λοιποὶ
948 1378 1187 1449 ἄγγελοι,
1201 1381 1231 1433 ὁ
1254 1383 1353 1453 τῆς
1364 1382 1634 1454 μεγάλης
1654 1385 1892 1454 ,ϐουλῆς

294 1467 599 1535 Ἀγγελος
642 1467 908 1523 καλεῖται.
946 1470 1013 1522 ’Δ
1065 1469 1166 1541 μὲν
1224 1469 1333 1543 γάρ
1378 1472 1551 1543 ἀρχὴν
1599 1472 1693 1526 καὶ
1736 1473 1891 1538 τέλος

286 1554 429 1627 ἔχει,
458 1559 489 1609 ὀ
519 1557 565 1610 δ’
607 1558 672 1612 ἂν
706 1558 823 1629 (21)
874 1560 1227 1633 ἀνεπινόητον
1284 1560 1395 1634 ἔχει
1436 1563 1535 1634 τὴν
1580 1565 1755 1637 ἀρχὴν
1796 1566 1890 1620 καί

285 1649 353 1702 τὸ
382 1647 617 1719 κράτοςθ
646 1650 743 1703 καὶ
778 1650 814 1703 ἃ
845 1651 944 1722 μὲν
975 1651 1150 1717 κτίζει
1187 1653 1256 1707 τὰ
1286 1654 1463 1709 πάντα
1504 1656 1585 1719 είς
1626 1657 1890 1727 ἀπείρους

1997 477 2221 542 tonitru,
2245 484 2295 531 et
2328 491 2513 529 creaus
2557 475 2799 543 spiritum
2826 475 2869 529 '.
2910 474 3026 531 Non
3061 476 3206 530 enim
3245 483 3566 530 cceterorum

1996 576 2214 638 patrum
2246 566 2753 638 patriarcharumve
2778 581 2950 631 more,
2975 581 3135 621 verus
3170 567 3260 621 ille
3288 565 3449 620 Pater
3478 575 3572 619 aut

1992 675 2117 715 esse
2152 659 2314 714 Pater
2349 658 2646 729 aliquando
2680 657 2866 727 cmpit,
2902 665 2997 712 aut
3032 673 3322 728 progressu
3363 665 3571 728 tempo-

1994 750 2071 805 ris
2099 766 2224 806 esse
2253 749 2580 821 quandoque
2620 748 2853 804 desinet.
2878 747 3013 802 Nam
3038 747 3083 803 si
3122 746 3282 802 Pater
3308 764 3437 804 esse
3456 763 3570 803 cce-

1994 841 2156 912 perit,
2188 855 2423 896 necesse
2456 847 2539 895 est
2567 849 2626 895 ut
2648 836 2822 894 Filius
2846 838 3073 893 alterius
3098 837 3279 891 Patris
3305 838 3435 891 olim
3462 836 3572 893 fue-

1995 934 2084 998 rit,
2122 940 2416 1003 antequam
2448 933 2563 1001 ipse
2598 938 2748 988 esset
2784 929 3060 1001 Unigenili
3097 931 3283 984 Pater:
3317 928 3569 984 similiter

1993 1036 2058 1077 ac
2079 1030 2286 1092 patres,
2330 1022 2424 1092 qui
2471 1022 2600 1076 dum
2636 1022 3018 1092 intelliguntur
3053 1035 3176 1075 esse
3204 1020 3296 1074 filii
3326 1028 3569 1090 patrum,

1993 1111 2048 1165 in
2086 1111 2362 1167 infinitum
2394 1127 2559 1167 verus
2599 1112 2829 1182 originis
2866 1118 3017 1165 sator
3047 1125 3111 1165 ac
3140 1119 3294 1179 pater
3334 1110 3569 1165 inveniri

1994 1215 2197 1277 potest.
2230 1206 2417 1277 Neque
2464 1222 2595 1263 vero
2630 1217 2955 1262 caeterorum
2995 1206 3169 1260 instar
3202 1206 3454 1268 filiorum,
3475 1205 3569 1275 qui

1992 1296 2287 1367 adeptione
2322 1296 2453 1351 iacti
2484 1305 2634 1364 sunt,
2661 1312 2823 1353 verus
2854 1298 3024 1354 Filius
3055 1312 3247 1351 recens
3272 1305 3356 1352 est
3391 1295 3568 1352 factus

1992 1389 2185 1445 Filius.
2236 1388 2493 1459 Alioquin
2526 1388 2672 1444 enim
2717 1395 2933 1458 tempus
2965 1385 3261 1458 aliquando
3304 1384 3427 1451 fuit,
3458 1401 3566 1456 quo

1993 1478 2157 1535 Pater
2182 1480 2423 1535 nondum
2457 1488 2604 1537 esset
2632 1479 2911 1551 Unigeniti
2938 1480 3118 1535 Pater.
3156 1480 3262 1536 Sed
3290 1496 3464 1549 neque
3492 1479 3568 1533 uti

1992 1572 2188 1643 reliqui
2217 1573 2469 1644 spiritus,
2503 1572 2752 1628 veritatis
2774 1570 3009 1643 Spiritus
3035 1580 3279 1627 creatum
3310 1570 3567 1641 quiddam

1990 1673 2074 1720 est
2092 1672 2186 1719 aut
2216 1663 2451 1732 factum;
2479 1679 2656 1735 neque
2686 1672 3009 1719 easterorum
3033 1665 3208 1719 instar
3229 1663 3569 1739 angelorum,

286 1738 515 1802 αἰῶνας,
543 1740 914 1811 συνεργοῦντα
936 1742 1110 1814 Πατρί
1133 1759 1145 1774 θ
1177 1742 1213 1796 ἃ
1242 1743 1299 1798 δὲ
1345 1745 1587 1810 κτίζεται
1621 1746 1729 1800 ἀπὸ
1764 1746 1883 1800 τού-

1988 1757 2165 1825 magni
2198 1756 2287 1810 ille
2321 1756 2536 1810 consilii
2566 1756 2794 1826 Angelus
2824 1755 3028 1828 dicitur
3059 1756 3101 1810 ⁸.
3139 1738 3423 1827 Siquidem
3481 1754 3573 1808 ilia

288 1846 419 1894 των,
449 1828 525 1893 ὡς
559 1831 626 1883 ἂν
654 1830 892 1884 ὲθέλοιε·
936 1833 1029 1886 καὶ
1074 1832 1110 1887 ἃ
1146 1834 1246 1904 μὲν
1282 1834 1531 1906 λατρεύει
1576 1836 1805 1903 τούτοις,
1849 1837 1886 1892 ἃ

285 1922 348 1975 δὲ
378 1922 650 1994 λατρευτά
700 1924 805 1977 ὑπὸ
858 1923 968 1980 τῶν
1009 1926 1147 1981 ὅλων
1202 1927 1546 1999 κτισμάτων·
1588 1928 1682 1983 καὶ
1718 1928 1755 1983 ἆ
1786 1929 1885 2000 μὲν

291 2014 440 2068 idm
491 2014 561 2068 τά
602 2014 905 2086 ποιήματα,
945 2016 981 2070 ἃ
1013 2016 1069 2070 δὲ
1120 2016 1219 2090 τὴν
1266 2019 1407 2073 ίασιν
1456 2019 1720 2091 λαμϐάνει
1753 2037 1889 2092 παρ,

289 2105 473 2159 αὐτῶν
494 2122 508 2135 ο
549 2106 642 2159 xui.
666 2106 704 2160 ἀ
733 2107 834 2175 μὲν
864 2108 1109 2178 κρίνεται
1136 2109 1257 2163 κατ’
1278 2110 1455 2177 ἀξίαν,
1479 2110 1515 2165 ἃ
1543 2111 1598 2164 δὲ
1636 2111 1733 2182 τὴν
1764 2112 1882 2183 κρί-

290 2213 381 2253 σιν
415 2200 533 2270 εχεῐ
556 2199 650 2270 τὴν
681 2200 896 2253 δικαίαν
916 2217 929 2231 ·
964 2201 1059 2255 καὶ
1084 2201 1121 2256 ἃ
1153 2203 1253 2273 μὲν
1284 2203 1462 2275 χρόνῳ
1487 2206 1507 2235 ¹
1559 2204 1727 2268 ἐστὶν,
1761 2204 1797 2258 ὃ.
1822 2204 1880 2257 δὲ

286 2288 392 2342 οὐκ
418 2291 477 2342 ὲν
501 2290 677 2361 χρόνῳ
700 2291 960 2362 τυγχάνει
981 2309 995 2324 ·
1022 2292 1118 2347 καὶ
1143 2292 1179 2347 ἀ
1205 2293 1303 2365 μὲν
1333 2291 1557 2363 φωτίζει
1580 2295 1649 2347 τά
1679 2294 1877 2361 πάντα,

287 2380 327 2434 ἃ
374 2380 430 2433 δὲ
479 2382 771 2449 φωτίζεται
818 2383 923 2437 ὑπὸ
962 2383 1198 2438 τούτων·
1241 2386 1336 2438 καὶ
1381 2384 1418 2438 ἃ
1466 2386 1564 2456 μὲν
1607 2385 1762 2439 καλεί
1794 2404 1883 2458 νη.

288 2472 445 2536 πίους
474 2473 559 2536 είς
585 2472 741 2543 ὕψος,
768 2474 804 2529 ἃ
831 2475 888 2528 δὲ
918 2475 1165 2531 καλεῖται
1206 2477 1311 2530 ὑπὸ
1337 2478 1572 2531 τελείου·
1604 2479 1698 2533 καὶ
1719 2478 1755 2533 ἃ
1781 2479 1881 2551 μὲν

289 2561 573 2633 χαρίζεται
621 2566 827 2631 πᾶσιν,
884 2565 921 2620 ἃ
969 2566 1026 2620 δὲ
1081 2569 1393 2640 χαρίσματα
1439 2569 1737 2641 λαμϐάνει’
1787 2571 1882 2623 καὶ

290 2654 543 2723 καθάπαξ
573 2658 768 2724 είπεϊν,
791 2657 828 2711 ἀ
876 2659 976 2728 μὲν
1020 2658 1245 2730 ἑξυμνεί
1274 2660 1373 2733 τὴν
1416 2662 1679 2733 ἀγιότητα
1707 2662 1763 2715 ὲν
1793 2662 1885 2715 οὐ·

290 2748 469 2816 ρανοίς
495 2747 743 2819 οὐρανῶν
776 2749 871 2802 καὶ
890 2749 1096 2815 λοιποῖς
1125 2752 1605 2822 ἀοράτως-τόποις,
1645 2753 1680 2807 ἃ
1715 2753 1771 2808 δὲ
1797 2753 1884 2822 ἒξ-

287 2836 605 2909 υμνούμενα
634 2837 703 2892 τὰ
738 2838 887 2911 δῶρα
909 2841 1073 2908 ἀξίως
1110 2842 1341 2914 παρέχει
1367 2846 1479 2907 τοῖς
1500 2843 1688 2910 ἀξίοις.

1992 1847 2208 1902 initium
2248 1846 2449 1901 habent
2480 1855 2533 1901 et
2566 1845 2730 1901 finem
2760 1859 2776 1899 :
2825 1846 2942 1902 hac
2969 1846 3077 1902 duo
3104 1847 3272 1902 robur
3309 1862 3374 1901 ac
3416 1846 3571 1916 prin-

1993 1937 2232 2008 cipatum
2272 1936 2506 2003 habent,
2536 1951 2695 2007 quem
2726 1938 2875 1991 nulla
2904 1938 3229 2009 cujusquam
3263 1938 3570 2008 intelligen-

1961 2028 1963 2031 ’
1995 2030 2069 2083 tia
2103 2029 2277 2099 possit
2306 2029 2549 2098 assequi.
2587 2027 2712 2084 Hzec
2746 2030 3002 2086 universa
3031 2037 3415 2100 procrearunt,
3450 2043 3569 2098 qum

1988 2136 2114 2174 cum
2168 2119 2328 2175 Patre
2362 2135 2457 2189 per
2504 2120 2714 2175 infinita
2754 2122 2953 2175 secula
2984 2122 3350 2175 communiter
3388 2121 3569 2173 Otttniu

1986 2211 2287 2266 moliuntur
2319 2228 2332 2265 :
2367 2218 2563 2264 caetera
2593 2211 2662 2264 ab
2690 2211 2797 2266 illis
2824 2220 2989 2281 prout
3032 2212 3167 2282 ipsis
3197 2210 3361 2277 libet,
3387 2223 3573 2262 crean-

1987 2309 2097 2356 tur.
2147 2302 2243 2356 llla
2287 2303 2533 2357 serviunt
2581 2303 2650 2358 iis
2693 2310 2748 2358 et
2796 2305 3018 2370 colunt;
3072 2304 3159 2358 his
3217 2318 3246 2356 a
3301 2302 3572 2357 creaturis

1986 2394 2245 2450 omnibus
2292 2394 2531 2449 servitus
2577 2395 2871 2465 cultusque
2904 2394 3183 2449 tribuitur.
3234 2392 3359 2449 Haec
3388 2393 3573 2463 operi-

1990 2486 2095 2541 bus
2128 2485 2248 2540 suis
2296 2484 2623 2539 medicinam
2659 2485 2919 2540 adhibent
2951 2503 2964 2540 :
3012 2485 3104 2539 illa
3138 2485 3464 2540 medicinam
3503 2486 3573 2539 ab

1990 2576 2112 2630 istis
2156 2576 2457 2646 accipiunt.
2507 2573 2601 2628 Illa
2650 2591 2747 2645 pro
2791 2591 2893 2631 suo
2930 2592 3160 2647 quaeque
3194 2576 3389 2630 merito
3419 2574 3570 2644 judi-

1990 2665 2136 2720 cium
2195 2663 2477 2720 subeunt:
2534 2664 2650 2719 lucc
2702 2663 2913 2733 justum
2968 2672 3224 2720 exercent
3276 2664 3570 2734 judicium.

1992 2752 2118 2809 llaec
2145 2753 2200 2809 in
2222 2762 2506 2824 tempore:
2540 2754 2633 2807 illa
2666 2763 2818 2810 extra
2856 2764 3070 2827 tempus
3098 2765 3244 2811 sunt.
3288 2756 3414 2811 Haec
3446 2757 3572 2810 uni-

1992 2860 2151 2900 versa
2202 2845 2529 2899 colinstrant
2563 2862 2576 2899 :
2617 2845 2686 2899 ab
2730 2847 2814 2902 his
2846 2847 2938 2901 ilia
2987 2849 3403 2903 collustrantur.
3445 2848 3571 2905 Haec

288 2930 527 2987 infantes
571 2930 641 2986 ad
691 2934 1083 2992 sublimitatem
1120 2947 1347 2992 vocant:
1404 2938 1495 2992 illa
1536 2953 1565 2991 a
1605 2938 1847 3009 perfecto
1895 2950 2182 2995 vocantur.
2227 2937 2352 2994 Haec
2394 2939 2701 3011 largiuntur
2759 2939 3063 2997 omnibus:
3102 2941 3194 2995 illa
3242 2942 3561 2996 muneribus

287 3023 621 3081 aciuntur.
659 3027 741 3081 Ad
781 3043 1049 3084 summam
1107 3030 1200 3085 illa
1253 3031 1308 3086 in
1345 3033 1501 3089 cmlis
1536 3034 1802 3089 caelorum
1845 3048 1911 3091 ac
1962 3032 2178 3090 caeteris
2238 3048 2358 3103 qua:
2401 3034 2576 3089 oculis
2645 3032 2911 3089 subducta
2959 3041 3125 3099 sunt,
3173 3034 3311 3090 locis
3367 3035 3572 3090 sancti~

288 3127 457 3174 tatem
492 3120 641 3175 illam
669 3121 1136 3192 pradicantzhasc
1156 3126 1374 3182 illorum
1407 3127 1790 3198 prazdicatione
1815 3128 2087 3184 celebrata
2121 3143 2246 3182 cum
2278 3127 2458 3199 dignis
2492 3143 2594 3185 sua
2628 3129 2791 3200 digne
2824 3130 2967 3185 dona
2999 3130 3427 3187 communicant.

360 3216 481 3269 OB'.
522 3217 823 3289 Πνεύματα
865 3218 923 3272 δὲ
968 3219 1233 3287 πλεῖστα,
1269 3223 1495 3296 φησὶνή
1535 3224 1757 3297 Γραφή·
1815 3225 1876 3278 '0

2050 3222 2261 3279 LXXII.
2301 3224 2570 3279 Caeterum
2607 3226 2922 3296 complures
2966 3225 3195 3298 spiritus
3241 3242 3414 3283 saera:
3442 3227 3560 3282 Lit-

288 3306 481 3363 ποιῶν
509 3308 650 3374 τοὺς
688 3309 987 3380 ἀγγέλους
1024 3312 1213 3368 αὑτοῦ
1246 3315 1577 3385 πνεύματα,
1607 3317 1704 3371 καί
1741 3316 1884 3383 τοὺς

288 3399 685 3469 λειτουργοὺς
709 3401 900 3455 αὐτοῦ
927 3403 1115 3472 πυρὸς
1153 3405 1352 3475 φλόγα
1370 3422 1383 3438 ·
1420 3408 1544 3475 καὶ,
1578 3407 1782 3462 Πάντα
1811 3407 1884 3463 τὰ

291 3491 625 3559 πνεύματα,
650 3492 869 3547 αίνεῐτε
892 3492 998 3548 τὸν
1020 3496 1261 3564 Κύριον.
1286 3497 1616 3569 Χαρίσματα
1634 3499 1691 3553 δὲ
1712 3499 1882 3566 ἀξίοις

287 3580 492 3634 δίδοται
525 3582 855 3653 διακρίσεως
897 3586 1241 3656 πνευμάτων.
1273 3589 1341 3641 Ἃ
1376 3588 1475 3659 μὲν
1502 3590 1609 3661 γὰρ
1644 3590 1881 3662 ἐπουρά-

295 3674 390 3728 νιά
417 3677 547 3738 siet,
574 3675 835 3747 χαίροντα
859 3680 924 3748 τῇ
961 3678 1218 3751 ἀληθείᾳ·
1250 3680 1286 3735 ἃ
1309 3681 1365 3733 δὲ
1394 3681 1633 3751 ἐπίγεια,
1665 3684 1882 3756 ἀπάτης

290 3768 388 3820 καὶ
434 3767 647 3838 πλάνης
685 3769 999 3841 ἐπιτήδεια·
1026 3770 1061 3824 ἃ
1095 3770 1151 3825 δὲ
1190 3772 1421 3842 ὑπόγεια
1444 3812 1460 3837 ,
1511 3773 1749 3828 ἀϐύσσου
1788 3775 1882 3830 καί¹

293 3854 525 3917 σκάτους
552 3856 739 3911 τέκνα.
772 3858 1103 3925 Παρεκάνίει
1147 3860 1278 3933 γὰρ,
1305 3861 1367 3916 τὸ
1410 3860 1743 3933 Εὐαγγέλιόν
1779 3881 1883 3935 φη-

292 3962 421 4010 σιν,
475 3947 579 4002 ἵνα
624 3946 709 4016 μὴ
762 3948 974 4018 πέμψῃ
1017 3950 1242 4017 αὐτοὺς
1284 3954 1374 4019 εἰς
1418 3952 1533 4021 τὴν
1578 3952 1875 4009 ἄϐυσσον.

300 4037 584 4103 Ὡσαύτως
616 4040 672 4093 δὲ
715 4041 809 4095 καί
842 4044 956 4105 τοῖς
988 4043 1291 4113 πνεύμασιν
1332 4042 1596 4097 ἐπέτασσε
1615 4050 1643 4107 ,’
1681 4044 1774 4097 καὶ
1809 4043 1878 4097 τά

286 4127 585 4200 πνεύματα
618 4130 872 4197 ὲξεδίωκε
894 4132 1059 4203 λόγῳ,
1078 4133 1176 4187 καί
1205 4135 1317 4187 οὐκ
1345 4133 1439 4187 εἷα
1470 4134 1622 4188 αὐτὰ
1641 4134 1878 4189 λαλεῖν.

284 4216 525 4285 Λέγεται
562 4218 621 4272 δὲ
670 4218 908 4291 πνεῦμα
962 4221 1246 4289 κρίσεως,
1294 4220 1387 4274 καὶ
1439 4221 1675 4291 πνεῦμα
1734 4224 1879 4277 καύ-

280 4320 445 4373 σεως
469 4306 492 4339 ³
512 4323 526 4339 ο
567 4307 786 4378 λέγεται
842 4310 938 4365 καὶ
986 4311 1222 4381 πνεῦμα
1279 4312 1511 4383 κόσμου
1529 4329 1544 4345 ο
1587 4312 1776 4384 Ἡμεῖς
1813 4312 1883 4368 δὲ

360 4464 378 4537 _'
422 4479 511 4531 γρ.
542 4464 812 4537 νοοῦνται.
869 4468 910 4537 _‘
941 4484 1030 4537 π).
1068 4467 1283 4537 χρόνου.
1348 4468 1384 4537 ί³
1416 4484 1505 4537 γρ.
1548 4467 1849 4534 καύσωνος.

277 4529 480 4658 ἔνΡείί.
503 4548 602 4601 cu,
630 4536 719 4591 16.
822 4536 844 4568 ⁸
865 4529 1008 4592 Psai.
1038 4529 1125 4603 cf,
1182 4536 1235 4592 6.

1989 3322 2124 3369 teras
2196 3330 2321 3370 esse
2369 3315 2678 3387 significant
2710 3330 2726 3369 :
2758 3316 2867 3383 Qui
2913 3318 3079 3385 facit,
3112 3317 3325 3389 inquit,
3357 3320 3567 3388 angelos

1988 3422 2111 3459 suos
2144 3406 2400 3474 spiritus,
2451 3416 2502 3461 et
2550 3408 2821 3462 ministros
2860 3425 2985 3463 suos
3031 3410 3306 3479 ﬂammam
3354 3411 3491 3481 ignis
3527 3412 3567 3466 ⁷.

1987 3494 2119 3552 item
2156 3518 2170 3553 :
2205 3496 2398 3553 Omnes
2443 3498 2700 3566 spiritus,
2733 3498 2949 3554 laudate
2990 3498 3277 3555 Dominum
3307 3501 3352 3567 ⁸,
3396 3500 3492 3557 sed
3518 3511 3572 3556 et

1989 3587 2059 3641 iis
2096 3587 2202 3657 77
2235 3586 2327 3657 qui
2378 3586 2529 3657 digni
2562 3595 2728 3653 sunt,
2760 3588 3248 3644 discernendorum
3276 3590 3568 3661 spirituum

1986 3678 2130 3734 dona
2156 3678 2471 3734 tribuuntur
2494 3680 2537 3732 '.
2591 3678 2727 3733 Nam
2757 3680 2851 3734 alii
2886 3679 3139 3736 eteiestes
3168 3688 3296 3736 sunt
3317 3682 3568 3751 spiritus,

1986 3771 2080 3842 qui
2113 3770 2347 3827 veritate
2377 3770 2758 3839 delectantur;
2792 3772 2885 3826 alii
2913 3773 3141 3839 terreni,
3166 3772 3260 3842 qui
3285 3771 3569 3828 fraudibus

1989 3871 2045 3918 et
2080 3864 2366 3918 erroribus
2404 3864 2628 3919 obnoxii
2684 3872 2847 3931 sunt;
2888 3864 2978 3917 alii
3018 3864 3250 3932 denique
3289 3863 3571 3918 subterra-

1983 3955 2093 4017 nci,
2126 3953 2329 4024 abyssi,
2370 3954 2829 4024 tenebrarumque
2864 3953 2976 4008 filii.
3012 3952 3250 4024 Rogabat
3280 3954 3425 4008 enim
3450 3993 3465 4017 ,
3508 3962 3570 4010 ut

1983 4041 2335 4113 Evangelium
2363 4044 2457 4109 ait,
2484 4060 2547 4097 ne
2564 4061 2618 4099 se
2640 4046 2696 4098 in
2723 4044 2972 4114 abyssum
3002 4046 3078 4099 ire
3090 4044 3296 4115 juberet
3322 4047 3486 4101 ".lta
3514 4055 3569 4102 et

1985 4134 2274 4205 spiritibus
2314 4135 2618 4205 imperabat
2649 4135 2939 4203 Christus;
2983 4145 3037 4192 et
3076 4137 3303 4208 spiritus
3336 4137 3561 4215 fugabat

1987 4226 2178 4291 verbo,
2216 4240 2317 4282 nec
2361 4226 2564 4282 sinebat
2598 4246 2685 4283 eos
2736 4228 2877 4297 inqui
2909 4230 2975 4283 “.
3004 4229 3313 4295 Quinetiam
3348 4230 3567 4299 spiritus

1982 4316 2201 4388 judicii,
2248 4329 2297 4374 et
2332 4320 2553 4389 spiritus
2577 4319 2787 4375 ardoris
2822 4321 3137 4375 nominatur
3171 4322 3232 4374 ¹¹.
3271 4319 3568 4391 Itidemque

1943 4470 2191 4542 prhes.
2233 4490 2311 4527 ιιι.
2350 4474 2403 4529 5.
2476 4476 2498 4507 '
2530 4474 2698 4530 Amos
2728 4491 2799 4540 tv,
2834 4475 2900 4528 15
2917 4491 2982 4529 ex
3013 4490 3140 4529 Lxx.
3216 4476 3237 4506 ⁸
3270 4476 3375 4531 isa.
3409 4493 3483 4539 ιτ,
3512 4476 3564 4531 6.

1340 4536 1361 4568 ⁹
1417 4536 1595 4593 [Ωον.
1631 4555 1733 4604 xu,
1776 4539 1863 4605 12,
1913 4540 1981 4595 io
2024 4536 2145 4614 sqq.

2248 4545 2291 4575 ⁸⁸
2317 4542 2451 4599 Luc.
2481 4561 2577 4609 vu,
2606 4545 2695 4600 Si.
2840 4546 2878 4577 "
2911 4544 3079 4601 Marc.
3113 4564 3152 4614 ι,
3179 4546 3267 4601 54.
3398 4548 3440 4578 η
3462 4547 3563 4603 isa.

358 4718 475 4787 (ευ)
497 4717 1008 4794 Καᾷξ-όμοιότητα,
1024 4727 1129 4776 etc.
1155 4720 1415 4777 Petavius
1438 4720 1830 4791 interpretatur
1854 4742 1869 4781 :

1988 4722 2339 4793 Epiphaniam
2368 4718 2640 4773 ἀντίθεσιν
2666 4720 2753 4774 hic
2778 4720 3121 4794 constituere
3144 4721 3287 4776 inter
3313 4724 3563 4794 spiritum

282 4789 467 4845 Porro
498 4790 849 4864 similitudine
872 4793 1104 4864 quadam
1131 4800 1344 4861 patrum
1372 4801 1547 4859 patres
1570 4789 1876 4864 intelligun-
1982 4789 2287 4850 inci-catum
2315 4798 2370 4846 et
2390 4797 2646 4864 creatos;
2693 4798 2748 4845 et
2776 4791 2864 4864 jn_
2888 4789 3155 4864 prationis
3194 4789 3452 4864 contextu
3488 4797 3565 4849 uti

283 4873 384 4913 tur
416 4875 528 4912 esse
578 4860 702 4931 ﬁlii,
732 4870 780 4914 et
822 4860 1168 4931 inin/initum
1206 4878 1357 4917 verus
1389 4864 1608 4931 originis
1635 4860 1783 4917 sator
1814 4880 1876 4918 ac

281 4946 487 5003 pergis
518 4930 732 5003 perduci
769 4930 963 5000 potest.
1002 4933 1133 4986 Eam
1167 4930 1669 5003 interpretationem
1706 4945 1880 4990 muta-

281 4997 363 5055 vit
398 4997 748 5055 Thomasius.

359 5068 476 5135 (2i)
511 5070 565 5121 ‘0
592 5070 645 5122 δ’
670 5071 769 5123 ἄν.
796 5071 1208 5127 Emendandum
1233 5085 1356 5128 esse
1384 5071 1563 5127 locum
1586 5072 1735 5126 illum
1760 5088 1879 5128 crc—

278 5140 429 5193 didit
476 5138 756 5204 Petavius,
793 5152 847 5196 et
892 5142 1125 5198 fortasse
1172 5157 1293 5199 esse
1332 5143 1615 5207 legendum
1652 5142 1688 5197 ἃ
1723 5144 1767 5196 δ’
1790 5145 1877 5208 ἄν,

276 5210 752 5281 quemadmodum
779 5212 831 5265 in
858 5210 1095 5267 Panario
1122 5212 1316 5281 legitur
1347 5214 1415 5268 ad
1442 5229 1592 5268 num.
1633 5213 1665 5267 8
1704 5213 1879 5269 haereo

279 5294 417 5353 seris
448 5280 535 5333 74.
568 5283 639 5353 At
671 5281 913 5351 suspicio
958 5298 1079 5339 esse
1121 5280 1305 5353 posset
1343 5283 1701 5339 correctionis
1732 5284 1879 5339 illius

279 5350 495 5404 nullam
526 5350 721 5407 adesse
748 5350 1153 5408 necessitatem.
1192 5351 1258 5406 Et
1287 5354 1436 5407 nulla
1467 5355 1683 5409 adesset
1727 5355 1771 5409 si
1804 5355 1879 5409 nil

279 5428 513 5506 {staret
526 5420 663 5506 illud
691 5424 729 5506 ό.
744 5422 789 5475 δ’
803 5422 1119 5506 referri-ad.
1138 5424 1315 5506 magni
1340 5425 1562 5506 consilii
1575 5424 1837 5506 Angelum
1860 5442 1876 5492 ;

277 5489 378 5565 ita
407 5497 468 5543 ut
497 5492 823 5565 gqnivaleat
851 5492 1076 5559 dicenti,
1097 5494 1125 5546 ὁ
1160 5492 1218 5565 δὲ
1232 5489 1488 5565 ’μεγάλης
1535 5489 1729 5565 βουλῆς
1750 5489 1881 5565 ΪἋΥτ

502 5557 775 5641 εἷεψωηι
806 5564 959 5641 locus
980 5557 1375 5641 emendandus,
1404 5557 1546 5619 forte
1580 5557 1878 5641 ct_ref_erre

280 5630 447 5706 illum
478 5645 587 5686 non
612 5632 957 5706 incommode
988 5648 1273 5706 possemus
1305 5634 1371 5688 ad
1409 5649 1596 5691 vocem
1634 5634 1875 5706 Πνεῦμα,

281 5707 349 5755 ct.
390 5700 567 5772 legere
592 5703 652 5755 τὺ
676 5701 719 5755 δ’
747 5703 830 5759 ἀν.
883 5700 1236 5761 Dissimulare
1266 5713 1445 5761 tamen
1478 5719 1586 5759 non
1617 5700 1879 5761 debemus

2023 4864 2218 4917 lnrium
2243 4859 2525 4915 numeroh
2553 4860 2651 4930 μέν
2680 4867 2735 4914 et
2772 4858 2808 4913 ἃ
2845 4858 2922 4926 δέ,
2959 4874 3191 4930 quorum
3224 4862 3452 4930 alterum
3487 4878 3567 4919 re-

2025 4880 2218 4917 Iurlum
2243 4880 2525 4915 ηυηιεῐοα
2553 4880 2651 4930 μεν
2680 4880 2735 4914 ει
2772 4880 2808 4913 α.
2845 4880 2922 4926 οε,
2959 4880 3191 4928 quorum
3224 4880 3452 4916 alterum
3487 4880 3565 4919 re-

1983 4880 2155 4989 fertur
2184 4932 2252 4987 ad
2280 4930 2366 5000 «at
2384 4930 2546 4984 λοιπά
2576 4930 2881 5000 πνεύματα,
2909 4939 2963 4984 et
2982 4930 3032 4982 oi
3073 4929 3250 4983 λοιποὶ
3326 4929 3565 4999 ἄγγελοι.

1986 5000 2216 5055 alterum
2249 5000 2316 5055 ad
2349 4998 2608 5070 Spiritum
2639 4998 2911 5065 sanctum,
2936 5015 3095 5070 quem
3130 5000 3289 5070 paulo
3312 4998 3563 5070 superius

1986 5017 2216 5055 alterum
2249 5017 2316 5055 aa
2349 5017 2387 5055 δ
2426 5017 2608 5055 tritum
2639 5017 2911 5065 sanetum,
2936 5017 3095 5070 quem
3130 5017 3289 5070 paulo
3312 5017 3373 5055 sn
3415 5017 3563 5058 ertus

1986 5076 2350 5144 appellaverat
2374 5017 2599 5144 Ηνεῢμα
2618 5072 2715 5144 τῆς
2753 5070 3009 5143 ἀληθείας
3036 5078 3093 5144 et
3114 5070 3352 5144 μεγάλης
3370 5017 3588 5144 ἑὶουλῆςι

1990 5140 2273 5222 Ἄγγελος.
2306 5140 2429 5197 llaec
2450 5140 2758 5222 Petavianae
2779 5140 3175 5222 emendationis
3206 5142 3373 5222 ratio;
3400 5140 3563 5222 quam

1984 5209 2272 5284 prebarem
2300 5227 2453 5284 sane,
2485 5212 2531 5267 si
2570 5214 2913 5284 exploratum
2954 5212 3084 5284 mihi
3121 5218 3296 5284 esset,
3332 5209 3565 5284 Epipha-

1985 5280 2078 5339 iiio
2116 5282 2272 5337 nefas
2303 5282 2474 5337 fuisse
2502 5282 2585 5336 vel
2629 5280 2817 5344 semel,
2861 5282 2915 5334 in
2964 5280 3230 5350 principio
3265 5283 3564 5349 praesertim

1984 5354 2131 5408 illius
2156 5353 2501 5416 ἀντιθέσεως,
2533 5351 2795 5420 singulari
2836 5365 3064 5405 numero
3094 5351 3383 5419 appellare,
3417 5351 3560 5419 quod

1984 5437 2187 5492 revera,
2227 5422 2501 5492 singulare
2538 5428 2641 5475 est.
2696 5421 2991 5491 Sequentia
3040 5434 3189 5492 vero,
3216 5421 3565 5492 ἀνεπινόητον

1985 5493 2096 5563 ἔχει
2141 5491 2240 5563 τὴν
2291 5488 2465 5563 ἀρχὴν
2494 5492 2593 5563 καὶ
2642 5491 2703 5543 τὸ
2740 5488 2962 5563 κράτος.
3003 5488 3199 5563 redde,
3230 5488 3567 5563 Ainexcog’ita'

1987 5558 2285 5636 Uita/iubet
2332 5558 2647 5636 principium
2701 5570 2750 5615 et
2778 5558 3193 5636 '[ortitudinentL
3228 5558 3562 5636 Principium

1985 5632 2265 5704 videlicet,
2290 5645 2400 5704 qua
2435 5632 2614 5704 magni
2645 5633 2857 5704 egusilii
2889 5632 3127 5704 Angelus
3162 5631 3397 5704 Spiritus
3414 5631 3559 5691 ἐλη-

1986 5712 2110 5762 ctus
2134 5698 2390 5761 ineffabili
2423 5698 2583 5759 modo
2613 5718 2642 5757 a
2673 5700 2835 5759 Patre
2858 5712 2909 5760 et
2942 5698 3078 5760 Filio
3101 5698 3366 5775 procedit.
