3992 6198
348 248 451 309 ίὸὸ

1759 252 1815 308 S.
1860 251 2199 308 ΕΡΙΡΗΑΝΙΙ

3502 246 3605 303 156

340 384 518 441 Spem,
561 369 931 439 cbaritatem;
970 371 1279 444 praeterita,
1335 371 1658 442 praesentia,
1700 372 1923 440 futura;

2034 374 2120 428 τοῦ
2165 373 2224 428 ἐν
2251 374 2322 445 τῇ
2368 372 2667 427 ἀπεκδύσει
2696 371 2789 425 τοῦ
2845 370 3096 443 σώματος
3140 370 3248 425 τῶν
3297 368 3599 441 ἁμαρτιῶν.

342 462 605 516 szecuium
644 464 851 530 saeculi,
889 463 1089 519 saecula
1133 460 1459 517 saeculorum
1486 502 1501 527 ,
1544 463 1768 519 sabbata
1802 464 1929 519 sab-

338 556 628 611 batorum:
666 555 1140 612 circumcisionem
1182 556 1366 610 carnis
1390 596 1405 622 ,
1444 556 1917 612 circumcisionem

340 647 547 712 cordis,
569 647 1047 703 circumcisionem
1075 645 1280 701 Christi
1300 647 1354 701 in
1372 647 1770 717 exspoliatione
1798 662 1922 701 cor-

343 741 494 808 poris
509 745 854 809 peccatorum
874 738 916 804 ¹;
936 736 1172 808 denique
1201 736 1525 809 sibimetipsi
1554 738 1810 794 universa
1829 753 1920 792 re-

342 838 559 900 purgat.
584 836 692 883 tam
718 844 839 900 quae
874 828 1047 884 videri
1083 837 1382 900 nequeunt,
1412 845 1576 899 quam
1616 845 1737 901 qua
1768 844 1921 899 aspe-

342 922 562 976 ctabilia
602 929 752 985 sunt,
786 920 1016 977 thronos
1042 960 1057 986 ,
1094 920 1530 986 dominationes,
1556 922 1917 992 principatus,

340 1018 659 1082 potestates,
684 1012 936 1066 virtutes.
954 1010 1013 1066 ln
1040 1012 1298 1067 omnibus
1332 1026 1462 1066 vero
1485 1011 1675 1066 eadem
1704 1011 1924 1082 sapien-

343 1104 415 1155 tia
435 1109 491 1157 et
542 1110 732 1158 sancta
790 1117 895 1157 vox
931 1117 961 1157 a
1020 1102 1194 1173 gloria
1236 1104 1291 1157 in
1344 1103 1605 1174 gloriam,
1670 1101 1920 1165 Sanctus,

2032 466 2276 521 Καθόλου
2312 464 2369 519 δὲ
2401 464 2760 536 καθαροποιεῖ
2793 464 2956 535 ἑαυτῇ
2988 464 3056 518 τά
3082 462 3280 528 πάντα,
3304 460 3375 515 τά
3398 461 3604 534 ἀόρατα

2027 559 2121 611 καὶ
2150 556 2219 612 τά
2244 556 2438 628 όρατά,
2464 555 2706 628 θρόνους,
2737 555 3087 627 κυριότητας,
3111 553 3306 625 ἀρχὰς,
3335 550 3602 617 ἐξουσίας,

2025 644 2306 716 δυνάμεις.
2344 644 2434 700 Ἐν
2468 646 2603 699 πᾶσι
2630 643 2687 697 δὲ
2714 645 2748 717 ή
2784 643 2924 715 αὑτὴ
2955 642 3107 714 φωνὴ
3144 642 3278 712 ἀγία
3316 641 3425 696 ἀπὸ
3449 639 3606 709 δόξης

2027 738 2110 801 εἰς
2144 737 2325 804 δόξαν,
2353 738 2571 809 Ἄγιος,
2622 736 2808 806 ἅγιος,
2842 735 3008 805 ἅγιος
3056 733 3343 804 φωνοῦσα,
3387 733 3608 803 Πατέρα

2028 829 2087 882 ἐν
2117 828 2252 900 Υἰῷ,
2301 828 2431 883 Υἱὺν
2478 829 2538 882 ἐν
2585 828 2759 898 Harp!
2802 828 2898 881 σὺν
2940 827 3080 898 ἁγίῳ
3134 825 3450 896 Πνεύματι·
3479 817 3524 893 ᾧ
3570 825 3607 895 ἡ

2025 920 2153 987 δόξα
2195 920 2290 974 καὶ
2342 920 2405 974 τὸ
2439 920 2641 992 κράτος
2675 920 2756 983 εἰς
2800 920 2928 983 τοὺς
2969 918 3169 982 αἰῶνας
3218 917 3327 971 τῶν
3373 915 3608 971 αἰώνων.

2041 1012 2239 1083 Ἀμήν.
2282 1012 2390 1066 Καὶ
2438 1014 2557 1084 ἐρεῖ
2597 1013 2626 1064 6
2675 1010 2820 1065 οὕτω
2864 1011 3172 1067 πιστεύων·
3215 1010 3467 1076 Γένοιτο.,
3514 1007 3609 1077 γέ-

2032 1119 2177 1155 νοιτο
2194 1103 2207 1156 l

341 1210 579 1263 sanctus,
613 1202 872 1253 sanctus’
920 1200 1273 1265 exclamans,
1306 1214 1367 1254 ac
1404 1196 1617 1255 Patrem
1674 1201 1729 1253 in
1774 1197 1952 1266 Filio,
2005 1196 2203 1253 Filium
2263 1196 2320 1256 ia
2371 1197 2532 1252 Patre
2578 1213 2702 1252 cum
2759 1196 2968 1269 Spiritu
3020 1205 3211 1252 sancto
3255 1195 3610 1267 prazdicans:

340 1288 433 1345 cui
485 1288 653 1358 gloria
718 1296 773 1344 et
832 1288 1120 1358 imperium
1186 1296 1242 1342 tn
1311 1292 1510 1343 secula
1565 1288 1915 1342 saeculorum.
1957 1287 2152 1342 Amen.
2190 1286 2252 1340 Et
2292 1287 2437 1342 dicet
2468 1287 2561 1357 qui
2599 1288 2673 1341 ita
2699 1288 2906 1343 credit:
2939 1286 3083 1352 Fiat,
3111 1285 3236 1341 flat!

413 1394 650 1451 LXXIV.
694 1395 768 1451 De
794 1393 1063 1451 Trinitate
1096 1396 1287 1468 igitur,
1330 1404 1386 1453 et
1430 1396 1622 1453 eadem
1662 1396 1844 1452 Patris
1869 1405 1925 1452 et

342 1481 468 1538 Filii
507 1498 571 1538 ac
616 1482 854 1554 Spiritus
920 1485 1098 1540 sancti
1145 1486 1474 1553 substantia,
1509 1502 1613 1542 nos
1667 1486 1923 1542 imbecilli

343 1574 474 1628 licet
517 1588 583 1629 ac
635 1575 802 1630 rudes
832 1576 952 1631 sine
994 1576 1107 1630 ullo
1140 1575 1264 1631 fuco
1298 1577 1772 1648 cavillationeque,
1811 1592 1922 1632 non

344 1669 405 1715 ut
436 1663 729 1733 praestigiis
778 1664 1059 1720 hominum
1100 1682 1202 1722 nos
1235 1682 1662 1737 opponeremus,
1694 1666 1789 1722 sed
1834 1681 1923 1719 ar-

2103 1398 2222 1452 OA'.
2276 1398 2385 1451 Καὶ
2445 1397 2576 1470 περὶ
2624 1397 2724 1469 μὲν
2786 1397 3017 1469 Τριάδος
3060 1396 3156 1451 καὶ
3198 1394 3616 1467 όμοουσιότητος

2029 1487 2166 1542 Θεοῦ
2198 1490 2414 1562 Πατρός
2438 1490 2533 1543 καὶ
2562 1488 2696 1543 Υίοῦ
2723 1491 2818 1544 καὶ
2840 1489 2995 1560 ἁγίου
3029 1488 3347 1559 Πνεύματος
3377 1488 3425 1541 οἰ
3453 1486 3615 1540 ἀσθε-

2030 1579 2143 1643 νεῖς
2175 1580 2310 1649 ήμῖν
2360 1581 2455 1634 καὶ
2492 1579 2701 1635 ἰδιῶται
2743 1581 2909 1652 μηδὲν
2954 1580 3329 1650 σοφιζόμενοι.
3377 1577 3510 1650 μηδὲ
3541 1579 3612 1649 τῇ

2027 1668 2137 1723 τῶν
2164 1669 2473 1741 ἀνθρώπων
2504 1671 2701 1744 κυϐείᾳ
2733 1672 2961 1735 ἐαυτοὺς
2986 1670 3315 1734 ἀντιθέντες,
3347 1670 3412 1722 ἐκ
3448 1667 3613 1722 θείων

343 1755 565 1808 cessitis
592 1772 621 1809 e
651 1753 938 1825 Scriptura
986 1758 1322 1813 testimoniis
1365 1758 1431 1813 ad
1479 1773 1671 1813 eorum
1715 1758 1809 1828 qui
1854 1757 1924 1812 iis

2034 1718 2861 1834 ἦεζσᾙιῖειίᾇνῖιᾷξέυρἷέ
2871 1718 3315 1831 ’ἓῦνζέᾷἦςζρὲὶέ
3330 1762 3443 1824 τοῖς
3478 1759 3611 1830 βου-

346 1842 424 1896 uti
484 1844 719 1908 vellent.
787 1845 1065 1911 fructum,
1139 1849 1329 1904 saltem
1394 1864 1460 1903 ex
1521 1856 1673 1919 parte
1742 1848 1924 1903 disse-

344 1932 599 1998 ruimus,
657 1951 767 2005 quo
815 1944 870 1992 et
916 1936 1170 1993 ﬁdelibus
1244 1940 1360 1993 haec
1415 1941 1469 1993 in
1532 1947 1784 2009 promptu
1840 1954 1929 1992 es-

344 2029 487 2086 sent,
521 2032 574 2078 et
600 2025 844 2083 inﬁdeles
877 2043 943 2083 ac
974 2030 1258 2083 vanissimi
1299 2030 1549 2085 homines
1593 2030 1765 2085 refelli
1805 2044 1930 2099 pos-

343 2123 485 2169 sent.
532 2114 681 2170 Fidei
735 2118 937 2189 quippe
990 2123 1045 2173 in
1094 2118 1301 2189 Spiritu
1349 2128 1544 2176 sancto
1594 2135 1787 2190 magna
1846 2122 1928 2174 vis

341 2217 446 2272 est,
489 2222 611 2277 qua:
663 2211 838 2265 sacris
886 2212 1143 2267 onmibus
1194 2212 1246 2266 in
1304 2211 1527 2267 Litteris
1581 2226 1691 2266 non
1736 2210 1927 2266 eodem

341 2296 504 2350 rn-ido
559 2295 911 2366 praedicatur.
975 2296 1082 2352 Sed
1141 2300 1404 2369 quoniam
1470 2302 1670 2356 salutis
1725 2309 1929 2357 nostrae

264 2426 281 2443 .
342 2384 743 2439 ﬁrmamentum
779 2401 940 2439 omne
981 2386 1037 2440 in
1074 2397 1225 2441 certa
1274 2390 1671 2445 incarnationis
1714 2390 1931 2445 Domini

345 2474 541 2536 nostri,
590 2485 999 2545 assumptaaque
1028 2478 1099 2531 ab
1127 2492 1192 2533 eo
1219 2487 1428 2531 natura:
1457 2479 1805 2534 confessione
1861 2494 1929 2534 ac

342 2561 462 2632 spei
504 2562 927 2617 conﬁrmatione
964 2564 1143 2634 posita
1186 2573 1293 2629 est,
1342 2581 1449 2636 qua
1489 2576 1543 2620 et
1588 2575 1927 2623 iiiuirtuorum

343 2653 813 2705 resurrectionem
845 2661 900 2707 et
931 2653 1297 2708 instauratam
1341 2654 1746 2725 quodammodo
1775 2672 1933 2726 geuec

344 2738 616 2796 rationem
665 2744 825 2799 nobis
871 2743 1233 2814 pollicemur;
1276 2745 1536 2816 deinceps
1568 2748 1831 2802 nonnulla
1862 2748 1930 2804 ad

343 2844 660 2904 susceptum
700 2835 943 2891 laborem
990 2840 1309 2893 accessione
1338 2838 1507 2902 facta,
1544 2839 1737 2895 iisdem
1772 2856 1803 2896 e
1837 2856 1930 2897 sa-

341 2926 454 2980 cris
501 2925 721 2983 Litteris
762 2943 1055 2999 corrogare
1077 2968 1093 2993 ,
1138 2938 1193 2984 et
1230 2930 1298 2983 ad
1334 2947 1577 3001 praesens
1613 2948 1754 3003 Opus
1787 2934 1932 3004 adji-

343 3029 469 3070 cere
534 3017 848 3070 testimonia
908 3031 1239 3087 pcrgemus;
1303 3035 1426 3088 qua:
1474 3021 1531 3075 in
1588 3036 1779 3075 eorum
1836 3023 2000 3117 quic

347 3106 614 3160 attentius
658 3107 838 3176 legere
877 3106 985 3162 ista
1029 3108 1235 3173 volent,
1273 3109 1560 3165 utilitatem
1593 3112 1918 3169 redundent.

346 3196 843 3269 Quandoquidem,
910 3206 970 3252 ut
1037 3216 1104 3255 ex
1162 3203 1538 3271 superioribus
1594 3204 1932 3273 didicimus,

349 3288 619 3345 Dominus
671 3290 926 3360 ipseﬁo
959 3304 1148 3346 noster
1195 3294 1250 3347 in
1302 3293 1595 3366 Evangelio
1645 3296 1933 3367 discipulis

346 3380 463 3435 suis
511 3379 586 3433 ita
639 3380 1165 3451 praecepit:Euntes
1215 3384 1484 3455 baptizata
1526 3404 1705 3443 omnes
1754 3400 1931 3458 gentes

343 3471 398 3528 in
432 3471 637 3526 nomine
664 3472 842 3527 Patris
873 3483 921 3526 et
954 3472 1084 3528 Filii
1109 3484 1158 3530 et
1199 3475 1431 3545 Spiritus
1454 3485 1651 3546 sancti,
1690 3480 1933 3537 docentes

342 3579 431 3616 eos
466 3577 673 3617 servare
701 3574 1096 3637 praeceptaque
1129 3568 1377 3622 mandavi
1400 3571 1544 3624 vobis
1570 3572 1614 3625 ³.
1662 3571 1807 3632 llaec.
1843 3574 1928 3627 in-

343 3667 543 3724 quam,
592 3666 1007 3712 sacrosanctum
1061 3657 1157 3713 Dei
1217 3658 1452 3715 Verbum
1501 3676 1566 3715 ac
1617 3662 1932 3719 subsistens

345 3744 507 3811 dixit,
561 3754 615 3801 et
674 3762 704 3803 a
748 3748 908 3804 Patre
962 3750 1300 3820 procedens,
1352 3768 1449 3823 per
1493 3753 1639 3823 quod
1691 3764 1935 3825 tempora

350 3845 819 3909 tempestatesque
862 3842 1143 3914 producta:
1184 3851 1353 3910 sunt;
1404 3859 1513 3899 non
1554 3846 1699 3900 enim
1733 3843 1933 3900 Filium

347 3934 563 3997 tempus
613 3930 784 3985 ullum
827 3941 922 3987 aut
980 3942 1279 4005 tempestas
1339 3937 1659 3992 antecessit.
1709 3935 1844 3991 Nam
1887 3936 1935 3992 si

352 4030 571 4091 tempus
599 4020 739 4077 Filio
768 4026 920 4094 prius
946 4029 1274 4096 exstitisset,
1303 4026 1443 4083 Filio
1475 4028 1724 4098 profecto
1754 4028 1935 4098 majus

347 4122 513 4170 esset.
542 4113 790 4183 Quonam
826 4133 957 4174 vero
993 4130 1173 4189 pacto,
1214 4136 1307 4189 per
1348 4123 1519 4189 ipsum
1554 4121 1700 4189 facta
1749 4129 1937 4177 essent

348 4207 550 4269 omnia,
580 4218 627 4263 et
659 4210 773 4263 sine
806 4210 918 4277 ipso
956 4211 1087 4263 nihil
1125 4212 1325 4280 factum
1348 4220 1517 4277 esset,
1547 4211 1687 4282 quod
1734 4212 1935 4281 factum

350 4298 501 4355 est‘?
552 4298 825 4365 Quoniam
875 4300 1139 4371 quidquid
1196 4303 1399 4357 factum
1450 4314 1554 4368 est,
1607 4320 1703 4374 per
1753 4304 1930 4372 ipsum

2028 1853 2281 1923 λομένοις
2328 1855 2408 1919 εἰς
2450 1854 2668 1925 εὕρεσιν
2705 1854 2914 1909 πιστῶν
2947 1857 3043 1910 καὶ
3079 1854 3394 1927 ἀντίρρησιν
3434 1870 3610 1907 κακοε-

2030 1946 2238 1999 πίστων
2280 1946 2375 2000 καὶ
2435 1946 2759 2011 κενοδόξων,
2795 1948 2903 2001 ἀπὺ
2948 1949 3149 2019 μέρους
3210 1948 3611 2017 συνηγάγομεν.

2030 2035 2208 2107 Πολλὴ
2244 2035 2349 2108 γὰρ
2389 2038 2424 2107 ή
2473 2037 2573 2108 τῆς
2623 2037 2861 2103 πίστεως
2900 2039 2957 2092 ἐν
3008 2037 3283 2108 Πνεύματι
3337 2037 3477 2106 ἁγίῳ
3520 2035 3616 2089 δύ-

2028 2144 2226 2199 ναμις,
2259 2130 2317 2183 ἐν
2363 2128 2604 2190 ἀπάσαις
2655 2127 2828 2193 θείαις
2868 2129 3111 2201 Γραφαϊς
3140 2126 3410 2199 διαφόρως
3442 2142 3615 2194 κεκη-

2034 2217 2295 2290 ρυγμένη.
2347 2218 2566 2291 Ἐπειδὴ
2605 2219 2661 2273 δέ
2698 2219 2799 2290 τῆς
2833 2219 2991 2291 ήμῶν
3038 2218 3314 2290 σωτηρίας
3344 2216 3618 2286 ἀσφάλειά

2032 2312 2182 2363 ἐστιν
2206 2312 2239 2380 ή
2274 2310 2405 2382 περὶ
2433 2310 2534 2381 τῆς
2557 2310 2652 2363 τοῦ
2680 2310 2936 2383 Σωτῆρος
2964 2310 3121 2382 ήμῶν
3145 2309 3615 2383 ἐνανθρωπήσεως

2030 2401 2126 2453 καὶ
2158 2401 2423 2472 ἐνσάρκου
2464 2401 2771 2473 παρουσίας
2817 2401 3067 2473 ἀσφαλὴς
3100 2400 3361 2472 ὁμολογία
3403 2418 3463 2453 τε
3516 2399 3617 2454 καὶ

2034 2487 2321 2557 βεϐαίωσις
2354 2489 2568 2553 ἐλπίδος
2599 2492 2695 2545 καὶ
2724 2492 2857 2563 περὶ
2905 2491 3258 2553 ἀναστάσεως
3280 2490 3490 2562 νεκρῶν
3519 2490 3617 2544 καὶ

2030 2580 2129 2650 τῆς
2154 2580 2431 2653 ἡμετέρας
2470 2581 2911 2652 παλιγγενεσίας,
2947 2578 3107 2646 αὖθις
3133 2582 3313 2652 ὀλίγον
3338 2582 3489 2635 αὐτοὶ
3519 2582 3617 2635 ἐπὶ

2030 2668 2206 2740 τούτῳ
2237 2669 2315 2741 τῷ
2351 2672 2605 2743 ἡμετέρῳ
2632 2673 2866 2743 καμάτῳ
2904 2672 3255 2744 προσθέντες,
3280 2674 3393 2735 τοῖς
3430 2670 3615 2741 βουλο-

2036 2757 2220 2827 μένοις
2287 2758 2678 2832 ἀκριδέστερον
2736 2761 3125 2832 ἐντυγχάνειν,
3168 2762 3232 2815 ἐκ
3281 2761 3389 2815 τῶν
3430 2760 3615 2814 αὐτῶν

2033 2848 2195 2903 θείων
2224 2850 2458 2921 Γραφῶν
2490 2852 2826 2924 ἐπιμένομεν
2868 2854 3273 2923 συναγαγόντες
3314 2871 3372 2909 τε
3410 2852 3503 2906 καὶ
3534 2852 3619 2924 τῷ

2032 2940 2176 3013 λόγῳ
2218 2941 2623 3011 προστιθέντες.
2665 2943 2819 2997 Ἐπεὶ
2851 2942 2983 3015 γὰρ,
3012 2943 3088 3007 ὡς
3130 2942 3487 3014 ἐδιδάχθημεν
3514 2942 3620 3014 ήδη

2034 3034 2092 3087 ἐν
2123 3036 2237 3097 τοῖς
2274 3034 2816 3105 προγεγραμμένοις,
2864 3034 3029 3096 αὐτὸς
3056 3035 3085 3089 ό
3125 3034 3329 3106 Κύριος
3368 3033 3525 3105 ήμῶν
3558 3035 3623 3089 ἐν

2033 3127 2111 3199 τῷ
2137 3128 2456 3199 Εὑαγγελίῳ
2498 3128 2663 3182 αὐτοῦ
2705 3128 2887 3198 φήσας
2931 3129 3045 3190 τοῖς
3079 3126 3270 3180 ἐαυτοῦ
3320 3125 3615 3197 μαθηταῖς,

2047 3221 2430 3287 Ἀπελθόντες
2453 3221 2799 3286 βαπτίσατε
2822 3219 3021 3275 πάντα
3050 3220 3123 3275 τὰ
3155 3220 3299 3287 ἔθνη
3321 3221 3407 3287 εἰς
3431 3218 3624 3286 ὄνομα

2035 3313 2266 3380 Πατρός
2317 3312 2417 3366 καὶ
2482 3312 2617 3366 Υἱοῦ
2652 3312 2752 3366 καί
2796 3312 2969 3382 ἁγίου
3021 3312 3402 3380 Πνεύματος,
3454 3308 3626 3362 διδά-

2033 3414 2289 3467 σκοντες
2328 3400 2554 3467 αὐτοὺς
2594 3400 2797 3469 τηρεῖν
2840 3402 2948 3468 τὰς
2992 3399 3244 3466 ἐντολὰς
3295 3397 3368 3465 ἃς
3398 3399 3624 3453 ἐνετει-

2033 3490 2236 3561 λάμην
2270 3491 2414 3562 ὑμῖν
2436 3508 2451 3523 ·
2486 3492 2649 3556 αὐτὸς
2687 3494 2716 3547 ό
2751 3492 2908 3562 ἅγιος
2945 3492 3305 3556 ἐνυπόστατος
3355 3493 3385 3545 6
3416 3494 3480 3545 ἐκ
3508 3492 3629 3545 Πα-

2033 3581 2163 3651 τρός
2192 3582 2491 3653 προελθὼν,
2520 3583 2588 3637 δι’
2618 3576 2679 3637 οὗ
2708 3584 2904 3648 αἰῶνες
2930 3584 3207 3654 γεγόνασι,
3240 3584 3307 3637 δι’
3337 3576 3398 3635 οὗ
3436 3584 3625 3653 χρόνοι

2035 3674 2129 3726 καὶ
2162 3675 2365 3745 καιροί.
2396 3675 2471 3728 Οὐ
2499 3675 2608 3745 γάρ
2634 3670 2702 3745 ἦν
2730 3675 2921 3746 καιρὸς
2949 3674 3075 3729 οὔτε
3104 3676 3294 3747 χρόνος
3332 3675 3438 3747 πρὸ
3460 3674 3617 3731 Υἱοῧ.

2035 3768 2098 3819 Εἰ
2127 3767 2235 3838 γὰρ
2266 3762 2334 3839 ἦν
2363 3768 2555 3839 χρόνος
2583 3768 2689 3839 πρὸ
2719 3766 2875 3832 Υίοῦ,
2900 3766 3009 3839 ἀρα
3038 3767 3239 3838 μείζων
3262 3769 3292 3820 ό
3314 3767 3500 3838 χρόνος
3521 3766 3621 3819 τοῦ

2035 3852 2195 3911 Υἰοῦο
2240 3857 2333 3909 καλ⁴
2375 3856 2493 3919 πῶς
2531 3855 2607 3909 δι’
2649 3856 2839 3911 αὐτοῦ
2890 3855 3114 3923 πάντες
3154 3854 3462 3924 ἐγένοντο,
3514 3855 3622 3909 καὶ

2035 3945 2211 4016 χωρίς
2236 3947 2421 4001 αὐτοῦ
2465 3940 2701 4017 ἐγένετο
2740 3947 2925 4002 οὐδὲν
2965 3948 2997 4001 6
3042 3948 3328 4017 rérorer;
3359 3948 3441 4001 ὅτι
3472 3946 3525 3999 εῐ
3562 3964 3625 4001 τι

2035 4036 2250 4106 γέγονε,
2280 4037 2347 4091 δι’
2378 4038 2543 4092 αὑτοῦ
2566 4040 2810 4109 γέγονεν,
2841 4039 3003 4103 αὐτὸς
3029 4039 3087 4093 δὲ
3112 4040 3372 4103 άκτιστος
3398 4039 3493 4093 καὶ
3530 4038 3624 4093 ἀεὶ

2035 4124 2133 4188 ὢν,
2154 4126 2241 4178 ὃτι
2262 4128 2290 4179 6
2325 4125 2515 4197 Πατήρ
2548 4127 2635 4181 ἀεὶ
2664 4123 2752 4198 ἧν,
2789 4129 2883 4182 καὶ
2912 4128 2974 4181 τὸ
3004 4126 3158 4197 ἅγιον
3194 4127 3359 4182 αὐτοῦ
3392 4124 3625 4197 Πνεῦμα

2036 4216 2122 4272 ἀεὶ
2145 4210 2233 4288 ἦν.
2265 4218 2327 4270 Εἰ
2349 4218 2458 4289 γάρ
2477 4213 2545 4289 ἦν
2578 4219 2769 4291 χρόνος
2793 4220 2901 4291 πρὸ
2934 4220 3085 4281 Υίοῦ.
3115 4220 3483 4293 ζητηθήσεται
3508 4221 3625 4293 ἄρα

2037 4301 2233 4367 πάλιν,
2283 4302 2350 4356 δι’
2389 4299 2450 4358 οὗ
2504 4306 2600 4358 καὶ
2640 4307 2669 4358 6
2701 4307 2793 4360 ἐπὶ
2826 4306 2918 4359 τοῦ
2953 4307 3086 4362 Υίοῦ
3136 4309 3327 4379 χρόνος
3366 4304 3467 4381 ἦνς
3522 4309 3626 4363 καὶ

352 4389 555 4443 factum
580 4400 663 4443 est
695 4410 708 4444 :
739 4392 857 4460 ipse
910 4408 1037 4447 vero
1086 4394 1363 4449 increatus
1410 4410 1473 4449 ac
1525 4397 1923 4467 sempiternus,

2037 4393 2252 4465 μυρία⁸
2282 4395 2468 4449 λοιπὸν
2516 4398 2595 4458 εἰς
2645 4398 2947 4466 φαντασίαν
2990 4398 3392 4470 ἐνδομυχοῦσαν
3442 4402 3499 4452 ἐν
3546 4403 3621 4472 τῇ

351 4498 417 4536 eo
435 4481 581 4550 quod
614 4489 727 4535 tum
755 4481 938 4550 Pater,
969 4492 1085 4541 tum
1116 4483 1354 4555 Spiritus
1378 4495 1606 4545 sanctus
1634 4488 1701 4542 ab
1726 4497 1932 4542 aeterno

353 4572 595 4631 fuerunt.
634 4573 789 4640 Quod
826 4578 869 4630 si
909 4584 1124 4645 tempus
1163 4587 1311 4633 esset
1355 4576 1497 4635 Filio
1537 4580 1711 4650 prius,
1762 4580 1931 4651 quaeri

353 4661 549 4717 merito
589 4671 797 4734 posset,
846 4680 941 4735 per
970 4679 1261 4735 quemnam
1312 4667 1567 4735 superius
1613 4665 1746 4721 illud
1793 4664 1932 4722 Filio

356 4766 569 4828 tempus
596 4766 944 4829 procreatum
975 4758 1184 4815 fuerit?
1223 4758 1401 4831 Atque
1424 4761 1497 4813 ita
1533 4758 1762 4813 miriﬁca
1790 4775 1931 4829 quie-

354 4849 478 4904 dam
522 4851 755 4905 stultitia
793 4862 1090 4921 occupatas
1130 4862 1344 4909 mentes
1379 4862 1601 4910 nostras
1634 4855 1701 4909 ad
1744 4855 1932 4909 absur-

355 4942 477 4993 dam
514 4942 809 4995 vanitatem
855 4943 909 4995 iu
953 4942 1232 4996 hominum
1281 4944 1441 4999 sitam
1483 4943 1741 5013 opinione
1795 4960 1927 4998 con-

353 5039 568 5095 t'ertet;
618 5032 735 5087 sive
773 5031 960 5101 potius
988 5033 1054 5087 ad
1081 5033 1356 5102 quoddam
1388 5034 1781 5103 cogitationum
1820 5035 1925 5088 mi-

352 5126 501 5181 nime
562 5136 839 5182 castarum
894 5128 1220 5183 adulterium
1278 5128 1589 5185 transferet.
1647 5128 1917 5197 Quocirca
1990 5129 2204 5186 nullum
2259 5140 2385 5185 ante
2441 5130 2651 5186 Filium
2698 5140 2915 5204 tempus
2982 5134 3246 5189 exstitit:

2036 4483 2146 4537 τῶν
2176 4484 2478 4554 ἀνθρώπων
2512 4486 2782 4558 ὑπολήψει
2833 4489 3023 4560 τρέψει
3071 4490 3160 4544 τὸν
3212 4490 3475 4562 ήμέτερον
3529 4490 3624 4544 λο-

2037 4575 2519 4647 γισμὸνιήμᾶλλον
2552 4579 2635 4641 εἰς
2672 4581 2929 4652 πορνείαν
2974 4581 3382 4653 διανοημάτων,
3422 4582 3515 4635 καὶ
3550 4583 3621 4636 οὐ

2037 4668 2167 4739 περ),
2211 4668 2585 4742 σωφροσύνης.
2620 4672 2735 4726 Οὐκ
2773 4668 2840 4743 ἦν
2869 4673 3049 4727 τοίνυν
3088 4675 3280 4745 χρόνος
3319 4674 3423 4747 πρὸ
3449 4673 3578 4726 Υίοῦ
3602 4692 3621 4707 ο

2037 4759 2224 4831 ἐπειδή
2255 4760 2316 4813 οὐ
2346 4760 2435 4814 διὰ
2466 4762 2673 4833 χρόνων
2705 4765 2734 4817 6
2762 4765 2891 4828 Υἱὸς
2922 4765 3167 4835 γέγονεν,
3206 4765 3341 4819 ἀλλά
3363 4766 3450 4819 διά
3482 4763 3621 4819 Υίοῦ

2035 4851 2218 4925 χρόνοι
2252 4853 2347 4906 καί⁸
2381 4855 2432 4907 οἰ
2461 4854 2683 4923 ἄγγελοι
2722 4857 2817 4910 καὶ
2840 4856 2907 4910 τά
2934 4857 3068 4911 ἄλλα
3101 4859 3278 4913 πάντα
3316 4857 3623 4927 κτίσματσ.

2033 4944 2148 4997 Οὐκ
2170 4939 2239 5015 ἦν
2264 4945 2457 5014 χρόνος
2488 4946 2620 4999 ποτὲ
2659 4947 2748 5003 ὅτε
2780 4950 2880 5003 οὐκ
2911 4945 2982 5020 ἦν
3008 4952 3036 5002 6
3068 4950 3212 5015 Υἰὸς,
3238 4950 3360 5003 οὐδὲ
3391 4944 3461 5019 ἦν
3484 4964 3620 5002 ποτε

2033 5034 2122 5089 ὅτε
2152 5034 2253 5087 οὐκ
2280 5031 2349 5106 ἦν
2384 5035 2632 5105 Πνεῦμα.

3326 5139 3614 5203 propterea

355 5216 501 5286 quOd
536 5235 658 5275 non
689 5236 786 5290 per
816 5227 1061 5289 tempora
1090 5219 1295 5283 Filius,
1328 5220 1422 5276 sed
1464 5236 1560 5291 per
1621 5219 1819 5275 Filium
1887 5230 2133 5290 tempora
2180 5228 2237 5276 et
2287 5223 2491 5292 angeli,
2536 5234 2835 5296 creataque
2881 5234 3076 5281 caetera
3119 5227 3383 5296 producta
3456 5232 3613 5279 sunt.

353 5304 571 5362 Nullum
638 5326 880 5381 unquam
930 5318 1145 5382 tempus
1198 5311 1299 5367 fuit
1330 5352 1344 5376 ,
1400 5328 1510 5385 quo
1558 5328 1670 5368 non
1715 5320 1862 5369 esset
1932 5311 2106 5368 Filius
2162 5330 2178 5368 :

352 5393 592 5453 sisteret.

430 5592 450 5625 ¹
477 5593 597 5650 Col.
630 5612 697 5663 II,
724 5598 807 5655 Η.
886 5604 905 5633 ’
933 5600 1035 5659 ιω.
1066 5618 1145 5669 vn,
1178 5604 1230 5658 3,.

2264 5313 2515 5380 nullum,
2580 5330 2693 5386 quo
2748 5332 2858 5372 non
2920 5316 3165 5386 Spiritus
3218 5324 3448 5374 sanctus
3510 5326 3625 5370 ex-

1310 5606 1329 5634 ³
1363 5604 1550 5662 nauli.
1602 5617 1795 5669 simul,
1844 5602 1930 5669 i9,
1960 5602 2051 5657 20.
2135 5602 2153 5634 "
2181 5600 2340 5661 Joan.
2371 5618 2408 5669 ι,
2434 5602 2486 5657 3.
2565 5606 2584 5635 ⁵
2621 5601 2680 5655 F.
2714 5601 2916 5678 μωρία.
