3992 6198
332 223 438 280 €57

1754 244 2201 307 ANCORATUS.

3497 265 3601 325 {58

404 345 524 447 O-E'.
564 344 867 465 ngiCozc?
894 350 953 405 δὲ
988 355 1505 427 παραγινώσκοντες
1534 362 1648 437 (27)
1692 367 1789 421 mi
1828 370 1896 441 μὴ

2089 372 2303 430 LXXV.
2347 374 2547 434 Verum
2601 380 2739 437 falsa
2784 383 3023 454 quadam
3069 388 3427 462 intelligentia
3457 410 3599 465 pra:-

332 436 583 531 νοοῦντες
610 438 946 531 διαστέλλειν
973 443 1086 516 (28)
1111 448 1211 520 τὴν
1239 450 1545 521 ἀνάγνωσίν
1582 436 1730 522 τινες
1751 460 1810 512 ὲν

331 527 513 581 εἰπεῖν
533 545 547 559 ⁸
579 528 778 585 Πάντα
799 531 877 584 δι’
898 537 1087 591 αὐτοῦ
1110 538 1369 610 ἐγένετο,
1396 546 1494 600 καὶ
1523 547 1715 617 χωρὶς,
1730 527 1918 606 αὐτοῦ

332 618 579 687 ἐγένετο
606 622 811 676 οὐδέν’
844 623 950 690 ἕως
979 622 1082 682 ὦδε
1111 631 1467 701 ἀππιθέντες
1493 639 1555 692 τὸ
1587 642 1771 711 ῥητὸν,
1794 643 1920 697 ὑπό-

337 727 494 764 νοιαν
516 711 859 785 βλασφημίας
886 719 967 782 εἰς
993 720 1055 773 τὸ
1087 722 1313 796 Πνεῦμα
1338 726 1399 781 τὸ
1439 728 1593 799 ἅγιον
1626 732 1878 799 λαϐόντες
1899 750 1913 765 ·

345 804 668 873 σφάλλονται
696 812 829 881 περὶ
854 811 955 884 τὴν
992 814 1320 884 ἀνάγνωσιν,
1342 820 1436 874 καὶ⁵
1471 822 1580 876 ἀπὸ
1618 824 1714 878 τοῦ
1744 825 1915 896 σφάλ-

336 914 509 967 ματος
539 900 637 971 τῆς
674 902 1039 972 ἀναγνώσεως
1088 907 1412 975 σκάζουσιν,
1444 915 1524 977 εἰς
1566 914 1915 987 βλασφημίαν

328 990 678 1060 τρεπόμενοι.
727 994 795 1047 Ἠ
842 994 898 1049 δὲ
941 997 1251 1065 ἀνάγνωσις
1301 1000 1476 1067 οὕτως
1526 1004 1671 1076 ἔχει’
1710 1007 1915 1062 Πάντα

324 1078 407 1133 δι’
441 1082 631 1136 αὑτοῦ
669 1082 931 1153 ἐγένετο,
961 1088 1060 1141 καὶ
1091 1092 1275 1159 χωρίς
1318 1095 1506 1152 αὑτοῦ
1536 1095 1774 1167 ἐγένετο
1810 1101 1913 1154 οὺ-

323 1168 456 1236 ὄὲν,
491 1171 524 1224 ὃ
556 1171 809 1244 γέγονεν
843 1176 1118 1244 ἐναύτῷο
1146 1181 1423 1237 τουτέστιν
1449 1186 1530 1239 ὅτι
1564 1186 1618 1240 εί
1663 1206 1714 1241 τι
1750 1188 1910 1258 γέγο-

325 1277 387 1313 νε
410 1261 545 1332 (ἓ9),
574 1262 643 1317 δι’
666 1265 835 1320 αὐτοῦ
870 1269 1105 1337 ἐγένετο.
1139 1272 1330 1327 Τοίνυν
1360 1275 1549 1348 Πατὴρ
1567 1273 1635 1349 ἦν
1668 1280 1775 1343 ἀεὶ,
1815 1281 1909 1334 καὶ

323 1351 389 1404 τὸ
412 1353 638 1425 Πνεῦμα
665 1356 732 1410 ὲκ
759 1359 974 1430 Πατρὸς
994 1361 1088 1414 καὶ
1120 1363 1250 1417 Υἱοῦ
1276 1366 1426 1419 πνέει
1454 1368 1566 1439 ('50)
1589 1385 1605 1398 ·
1643 1373 1738 1424 καὶ
1779 1370 1905 1425 οὔτε

320 1444 357 1497 6
390 1444 522 1509 Υἱὸς
552 1448 790 1512 κτιστὸς,
815 1450 940 1505 οὔτε
970 1452 1032 1505 τὸ
1056 1453 1283 1526 Πνεῦμα
1310 1458 1527 1514 κτιστόν
1546 1478 1561 1493 ο
1589 1461 1660 1515 τὰ
1688 1462 1744 1516 δὲ
1770 1463 1909 1534 μετά

322 1538 552 1610 Πατέρα
586 1542 680 1595 καὶ
726 1542 858 1596 Υἱὸν
893 1545 990 1598 καὶ
1034 1545 1190 1615 ἅγιον
1235 1549 1463 1622 Πνεῦμα
1498 1553 1677 1609 πάντα
1712 1555 1907 1610 κτιστά

319 1630 421 1681 καὶ
452 1631 679 1703 γενητὰ,
713 1632 814 1686 οὐκ
841 1633 971 1689 ὄντα
992 1637 1144 1703 ποτὲ,
1173 1639 1394 1707 ἐγένετο
1417 1642 1525 1695 ἀπὸ
1560 1640 1774 1713 Πατρδς
1809 1646 1904 1699 καὶ

2021 465 2122 521 diti
2177 468 2359 523 locum
2406 470 2560 525 illum
2620 471 2919 545 Scriptura:
2972 481 3219 535 nonnulli
3270 482 3346 537 ita
3399 483 3598 541 distin-

2025 574 2193 629 guere
2224 561 2404 616 solent
2435 580 2451 628 ;
2503 571 2561 617 ut
2596 579 2720 619 cum
2774 566 2978 622 dicitur
3006 587 3019 624 :
3052 570 3243 625 Omnia
3284 589 3379 641 per
3423 575 3596 643 ipsum

2018 649 2168 718 facta
2201 659 2345 715 sunt,
2372 662 2423 706 et
2443 654 2557 707 sine
2586 654 2698 723 ipso
2724 656 2925 723 factum
2954 668 3033 712 εει
3065 661 3217 724 nihil,
3262 662 3339 718 ibi
3372 675 3595 721 senten-

2020 744 2150 798 tiam
2181 746 2530 812 concludant,
2581 756 2636 803 et
2686 748 2902 818 plenam
2954 754 3299 809 contumelia;
3328 756 3382 809 in
3418 756 3592 827 Spiri-

2019 843 2133 891 tum
2161 847 2413 893 sanctum
2463 840 2777 911 opinionem
2827 844 3142 914 concipiant
3174 863 3188 899 :
3224 847 3317 916 qui
3362 862 3485 901 cum
3521 850 3593 904 ab

2017 941 2146 980 vera
2181 928 2416 985 lectione
2454 930 2731 995 aberrent,
2762 947 2828 987 ex
2855 933 3127 1002 ejusmodi
3156 950 3345 991 errore
3375 936 3581 991 claudi-

2013 1024 2202 1074 cantes
2251 1019 2319 1072 ad
2365 1020 2756 1089 blasphemiam
2797 1021 3110 1077 deﬂectunt.
3162 1024 3430 1081 Caeterum
3461 1042 3588 1097 ger-

2014 1121 2177 1160 mana
2218 1107 2381 1162 lectio
2416 1108 2489 1162 ita
2514 1110 2873 1178 concipienda
2906 1118 2989 1167 est
3022 1130 3036 1166 :
3069 1112 3264 1167 Omnia
3290 1130 3383 1183 per
3412 1116 3586 1184 ipsum

2011 1194 2157 1264 facta
2203 1205 2347 1264 sunt,
2385 1206 2435 1251 et
2464 1200 2577 1252 sine
2626 1199 2739 1267 ipso
2771 1200 2972 1268 factum
3019 1210 3095 1255 εει
3139 1203 3292 1267 nihil,
3331 1205 3469 1274 quod
3504 1206 3589 1275 [a-

2011 1296 2153 1339 ctum
2206 1296 2285 1341 εει
2332 1288 2387 1341 in
2439 1290 2576 1358 ipso,
2630 1290 2735 1344 hoc
2780 1300 2887 1357 εει,
2942 1292 3205 1364 quidquid
3229 1294 3430 1349 factum
3478 1306 3585 1360 est,

2010 1395 2107 1449 per
2138 1379 2316 1449 ipsum
2355 1379 2559 1435 factum
2590 1390 2693 1435 est.
2725 1381 2868 1452 Ergo
2901 1390 2956 1437 et
2989 1392 3254 1455 perpetuo
3295 1385 3455 1441 Pater
3487 1402 3586 1442 ex-

2007 1467 2165 1535 etitit,
2198 1476 2252 1523 et
2279 1466 2517 1539 Spiritus
2557 1484 2587 1523 a
2621 1469 2781 1525 Patre
2812 1469 3060 1542 Filioque
3101 1488 3316 1544 semper
3342 1474 3583 1544 aspirat;

2007 1574 2185 1629 neque
2219 1567 2440 1615 creatus
2486 1568 2571 1616 est
2627 1560 2821 1625 Filius,
2853 1578 3028 1633 neque
3070 1574 3292 1620 creatus
3345 1563 3584 1636 Spiritus

2007 1658 2253 1705 sanctus.
2298 1649 2505 1706 Caetera
2533 1652 2674 1706 infra
2705 1651 2941 1719 Patrem,
2971 1653 3167 1709 Filium
3207 1654 3586 1728 Spiritumque

318 1718 456 1773 Υίοῦ
484 1721 581 1817 καὶ
613 1722 774 1791 ἁγίου
808 1724 1151 1797 Πνεῦματος,
1182 1728 1271 1783 διὰ
1296 1731 1389 1784 τοῦ
1426 1732 1514 1786 ἀεὶ
1549 1733 1701 1798 ὄντος
1728 1735 1896 1805 Λόγου

2005 1750 2254 1797 sanctum
2298 1753 2480 1799 creata
2520 1744 2702 1800 omnia
2754 1745 3127 1817 productaque
3160 1756 3326 1816 sunt;
3364 1749 3584 1806 eadem-

320 1808 421 1861 σὺν
449 1807 530 1880 τῷ
555 1811 645 1864 ἀεὶ
679 1810 793 1865 ὄντι
843 1814 1039 1887 Πατρί.
1080 1818 1158 1869 Δι’
1194 1818 1361 1872 αὐτοῦ
1397 1821 1577 1874 τοίνυν
1597 1821 1902 1893 τοῦ-Λόγου

318 1901 503 1955 πάντα
530 1901 601 1955 τά
627 1904 823 1957 κτιστά
851 1905 1062 1974 γέγονε,
1086 1906 1181 1961 τοῦ
1207 1908 1473 1979 βασιλέως
1498 1911 1592 1966 τοῦ
1628 1914 1900 1985 οὐρανίου,

316 1990 416 2045 τοῦ
464 1993 849 2049 ὲνυποστάτου
883 1996 1095 2065 Λόγου,
1144 1997 1240 2053 τοῦ
1300 2002 1555 2074 Σωτῆρος
1595 2006 1753 2075 ἡμῶν
1807 2007 1903 2060 καὶ

320 2082 638 2154 εὐεργέτου.
662 2085 840 2151 Αὐτὸς
861 2086 970 2159 γὰρ
1001 2091 1029 2142 6
1056 2090 1246 2162 Σωτὴρ
1269 2094 1297 2145 6
1341 2093 1496 2162 ᾶγιος
1523 2094 1619 2147 ἀπ’
1655 2097 1900 2167 οὐρανῶν

317 2175 620 2243 κατελθὼν,
641 2178 671 2230 6
698 2179 757 2231 ὲν
786 2180 1133 2253 ἐργαστηρίῳ
1162 2183 1417 2255 παρθένῳ
1439 2185 1782 2252 καταξιώσας
1800 2187 1900 2259 τὴν

316 2267 599 2339 ἡμετέραν
634 2271 968 2341 ποιήσασθαι
1006 2274 1305 2346 σωτηρίαν,
1346 2276 1376 2328 6
1412 2277 1475 2330 ὲκ
1500 2277 1720 2347 Μαρίας
1743 2274 1899 2344 αὖθις

316 2361 736 2430 γεγεννημένος,
785 2362 875 2417 διά
902 2364 1222 2437 Πνεύματος
1274 2368 1432 2436 ἁγίου
1482 2368 1834 2442 συλληφθεὶς,
1867 2371 1897 2423 6

314 2449 419 2519 τὴν
450 2450 631 2522 σάρκα
675 2451 878 2517 λαϐὼν,
901 2455 931 2507 6
965 2457 1156 2526 Λόγος
1196 2456 1352 2524 σὰρξ
1389 2460 1728 2528 γενόμενος,
1758 2462 1787 2514 6
1821 2461 1898 2534 μὴ

315 2541 550 2611 τραπεὶς
581 2542 683 2615 τὴν
712 2543 896 2613 φύσιν,
917 2546 945 2598 6
974 2546 1071 2599 σὺν
1106 2549 1172 2617 τῇ
1210 2546 1421 2620 θεότητι
1456 2547 1635 2604 λαϐὼν
1664 2550 1760 2622 τὴν
1800 2552 1897 2605 ἀν-

316 2631 670 2705 θρωπότητα,
708 2634 913 2700 τέλειος
954 2636 1032 2689 ὼν
1075 2637 1183 2690 ἀπὸ
1220 2638 1457 2710 Πατρὸς,
1496 2641 1525 2693 ὁ
1557 2640 1657 2711 τὴν
1690 2640 1898 2697 τελείαν

313 2722 632 2793 οἰκονομίαν
658 2724 974 2795 πληρώσας,
996 2721 1161 2797 ἦλθεν
1187 2728 1268 2792 είς
1304 2728 1401 2787 τὸν
1428 2729 1631 2801 κόσμον
1660 2731 1725 2785 δι’
1748 2734 1780 2805 ἠ
1790 2733 1898 2802 μᾶς

316 2814 411 2865 καὶ
440 2811 530 2866 διὰ
574 2813 673 2885 τὴν
700 2815 981 2886 ἡμετέραν
1015 2817 1321 2889 σωτηρίαν*
1363 2821 1391 2874 6
1441 2820 1542 2893 τὴν
1587 2821 1766 2893 σάρκα
1803 2823 1898 2877 καὶ

313 2902 497 2973 ᾴυχὴν
552 2906 656 2976 τὴν
696 2906 1046 2979 ἀνθρωπίνην
1097 2908 1280 2963 λαϐὼν
1305 2949 1321 2973 ,
1370 2911 1575 2977 τέλειος
1618 2913 1694 2966 ὢν
1747 2914 1897 2987 παρά

2002 1851 2110 1906 (ιιιε
2164 1851 2287 1891 cum
2344 1836 2642 1907 aliquando
2691 1853 2800 1893 non
2845 1840 3209 1908 exstitissent,
3263 1858 3293 1896 a
3332 1841 3497 1899 Patre
3527 1852 3584 1899 et

2001 1926 2141 1983 Filio
2198 1937 2254 1984 et
2311 1927 2519 1998 Spiritu
2590 1939 2785 1984 sancto
2838 1946 2937 2000 per
2988 1934 3385 2003 sempiternum
3444 1933 3579 1990 illud

2001 2019 2241 2076 Verbum
2298 2020 2565 2090 originem
2620 2020 2957 2085 habuerunt,
3006 2024 3149 2092 quod
3199 2039 3325 2079 eum
3377 2025 3581 2094 sempi-

2001 2118 2160 2167 terno
2212 2110 2376 2167 Patre
2407 2112 2683 2167 subsistit.
2721 2112 2904 2179 Quare
2932 2128 3033 2184 per
3064 2114 3198 2170 illud
3232 2114 3407 2184 ipsum
3447 2114 3583 2171 Ver-

1999 2200 2130 2255 bum
2174 2208 2375 2254 creata:
2415 2214 2506 2256 res
2543 2215 2737 2255 omnes
2761 2202 3131 2269 exstiterunt;
3162 2218 3258 2273 per
3294 2187 3577 2259 caelestem

1999 2290 2177 2353 illum,
2216 2290 2460 2361 inquam,
2503 2305 2687 2361 regem
2727 2293 2833 2362 81
2873 2309 2938 2349 ac
2967 2292 3276 2349 subsistens
3315 2293 3578 2362 Verbum,

1998 2388 2053 2437 et
2081 2381 2426 2437 Servatorem
2469 2388 2719 2435 nostrum
2763 2397 2828 2437 ac
2874 2383 3198 2439 beneﬁcum.
3264 2383 3366 2440 Hie
3430 2386 3579 2441 enim

1998 2471 2093 2527 ille
2123 2472 2508 2528 sanctissimus
2542 2471 2794 2528 Salvator
2824 2482 2929 2540 est,
2975 2474 3071 2545 qui
3111 2490 3143 2530 e
3186 2475 3327 2530 caelo
3368 2476 3577 2546 lapsus,

1999 2562 2058 2617 in
2088 2561 2331 2632 Virginis
2360 2563 2577 2618 oﬂicina
2626 2565 2861 2620 salutem
2901 2576 3143 2621 nostram
3194 2567 3579 2623 administrare

2000 2651 2262 2722 dignatus
2295 2661 2403 2710 est.
2446 2654 2550 2719 Qui
2584 2671 2651 2710 ex
2680 2655 2849 2710 Maria
2881 2657 3122 2728 genitus,
3173 2667 3335 2727 atque
3378 2674 3410 2713 e
3449 2658 3576 2729 Spi—

1997 2746 2104 2799 ritu
2152 2754 2347 2800 saneto
2404 2755 2709 2816 conceptus
2741 2755 2863 2815 est;
2902 2749 2994 2818 qui
3031 2763 3251 2804 carnem
3288 2750 3484 2814 induit,
3522 2758 3578 2805 et

2007 2833 2233 2888 Verbum
2271 2852 2399 2889 caro
2428 2835 2628 2904 factum
2658 2847 2775 2902 est;
2806 2838 2898 2906 qui
2934 2848 3129 2892 natura
3162 2839 3297 2893 nihil
3324 2840 3579 2896 immuta-

1998 2932 2109 2993 tus,
2142 2926 2210 2982 ad
2240 2924 2581 2982 divinitatem
2616 2942 2775 2982 suam
2812 2936 3062 2982 naturam
3105 2928 3345 2984 hominis
3374 2930 3575 2998 adjun-

314 2996 554 3067 Πατρδς,
580 2997 1009 3071 ἑνανθρωπήσας
1027 3001 1086 3052 ὲν
1117 3002 1249 3072 ἡμῖν
1274 3002 1335 3055 οὐ
1367 3002 1607 3076 δοκήσει,
1628 3005 1744 3059 ἀλλ’
1765 3007 1896 3078 ἀλη-

2002 3018 2102 3084 xit,
2133 3034 2165 3072 a
2194 3017 2355 3073 Patre
2378 3018 2657 3089 perfectus
2683 3020 3000 3085 exsistens;
3029 3020 3123 3090 qui
3154 3028 3215 3073 ut
3237 2996 3576 3077 [unctionem

312 3084 466 3155 Θείᾳ,
498 3086 705 3140 τέλειον
745 3090 826 3152 είς
868 3088 1062 3144 ἑαυτὸν
1104 3093 1433 3169 ἀναπλάσας
1462 3095 1748 3167 ἄνθρωπον
1789 3099 1897 3153 ἀπὸ

312 3177 538 3248 Μαρίας
561 3180 665 3250 τῆς
708 3180 964 3237 θεοτόκου
996 3183 1085 3238 διὰ
1115 3185 1433 3257 Πνεύματος
1483 3188 1638 3257 ἁγίου
1658 3207 1672 3222 ·
1703 3190 1803 3244 οὐκ
1837 3193 1896 3246 ἐν

310 3267 589 3340 ἀνθρώπῳ
619 3271 870 3343 οίκήσας,
899 3273 976 3337 ὡς
1007 3274 1196 3348 εἴωθεν
1233 3278 1291 3330 ἐν
1333 3280 1644 3350 προφήταις
1692 3280 1893 3349 λαλεῖν,

315 3363 591 3415 κατοικεῖν
618 3377 679 3416 τε
723 3363 784 3417 ιν
813 3363 1041 3437 δυνάμει
1072 3368 1165 3421 καὶ
1202 3370 1476 3441 ἐνεργεῖν
1522 3371 1636 3425 ἀλλ’
1673 3372 1834 3438 αὐτὸς
1865 3374 1894 3427 6

311 3449 507 3519 Λόγος
540 3451 699 3521 σὰρξ
732 3453 1073 3524 γενόμενος,
1112 3456 1431 3529 οὐπτραπεὶς
1450 3458 1542 3512 τοῦ
1573 3456 1712 3514 εἶναι
1735 3462 1893 3533 σὰρξ,

310 3541 373 3593 οὗ
410 3542 731 3610 μεταϐαλὼν
768 3544 869 3617 τὴν
904 3545 1133 3617 θεότητα
1177 3550 1257 3613 εἰς
1295 3549 1722 3622 ἀνθρωπότητα,
1756 3553 1893 3608 ἀλλὰ

313 3634 418 3687 σὺν
450 3632 530 3703 τῷ
578 3634 694 3705 ἰδίῳ
744 3635 957 3707 σώματι
998 3640 1099 3709 τῆς
1150 3639 1314 3694 αὑτοῦ
1354 3640 1638 3712 θεότητος,
1690 3643 1783 3697 καὶ
1824 3647 1890 3717 τῇ

310 3724 426 3797 (BL;
473 3726 772 3783 ὑποστάσει
822 3729 922 3785 τοῦ
973 3730 1108 3785 Θεοῦ
1163 3732 1340 3801 Λόγου
1378 3733 1474 3787 καὶ
1526 3734 1893 3790 ὲνυποστάτου

310 3818 741 3889 συμπεριλαϐὼν
762 3821 824 3873 τὸ
846 3817 983 3876 εἶναι
1005 3822 1310 3894 ἄνθρωπος.
1333 3823 1652 3895 ’Ἄνθρωπον
1672 3826 1729 3880 δὲ
1750 3825 1893 3896 λέγω

309 3906 542 3971 τέλειον,
570 3909 669 3962 ὅσα
698 3912 759 3964 ἐν
786 3911 1083 3984 ἀνθρώπῳ,
1120 3913 1216 3967 καὶ
1254 3906 1343 3967 οἷα
1370 3912 1679 3986 ἄνθρωπος,
1718 3917 1813 3970 καὶ
1843 3917 1898 3971 ετ

303 4015 363 4051 τι
393 3998 546 4051 ἐστὶν
578 4000 878 4072 ἄνθρωπος.
908 4002 1110 4057 Τοῦτον
1136 4000 1266 4076 ἦλθε
1301 4006 1395 4059 καὶ⁵
1424 4005 1615 4060 ἔλαϐεν
1649 4007 1678 4059 6
1716 4008 1891 4061 Move-

301 4088 499 4160 γενὴς.
547 4092 632 4145 τνα
662 4094 722 4146 ἐν
759 4094 838 4165 τῷ
877 4094 1068 4167 τελείῳ
1109 4095 1380 4171 ἀνθρώπῳ
1419 4096 1640 4161 τελείως
1681 4097 1741 4151 τὸ
1783 4099 1892 4153 πᾶν

302 4181 413 4250 τῆς
441 4182 719 4254 σωτηρίας
747 4184 881 4248 Θεὸς
914 4184 990 4238 ὢν
1020 4187 1340 4260 ἐργάσηται,
1392 4188 1559 4259 μηδὲν
1595 4188 1893 4259 ἀπολειψας

1997 3109 2253 3166 omnibus
2281 3110 2588 3166 absolutam
2615 3112 2860 3166 numeris
2896 3112 3157 3182 expleret,
3202 3119 3427 3182 propter
3468 3126 3576 3168 nos

1996 3210 2061 3249 ac
2090 3205 2307 3266 propter
2330 3207 2574 3252 nostram
2625 3200 2857 3253 salutem
2886 3198 3169 3255 descendit
3194 3199 3248 3254 in
3279 3199 3573 3255 mundum:

1995 3285 2088 3355 qui
2122 3285 2415 3340 humanam
2440 3302 2663 3342 carnem
2718 3299 2882 3359 atque
2921 3289 3159 3342 animam
3194 3291 3513 3359 assumpsit,
3542 3304 3577 3345 a

1997 3375 2158 3433 Patre
2188 3376 2466 3447 perfectus
2493 3378 2807 3446 exsistens;
2853 3389 2906 3433 et
2949 3378 3003 3433 in
3043 3378 3208 3434 nobis
3255 3378 3421 3433 homo
3463 3393 3576 3433 non

1997 3466 2179 3536 specie
2208 3467 2350 3532 sola,
2382 3466 2476 3523 sed
2510 3467 2742 3523 veritate
2771 3467 2987 3523 lactus:
3021 3469 3158 3524 adeo
3189 3478 3244 3523 ut
3274 3468 3580 3540 perlectum

1996 3556 2051 3612 in
2079 3574 2200 3615 sese
2253 3558 2529 3614 hominem
2560 3576 2592 3615 e
2618 3559 2790 3615 Maria
2828 3559 2919 3617 Dei
2951 3561 3222 3632 genitrice
3266 3576 3362 3631 per
3396 3559 3577 3631 Spiri-

1995 3655 2112 3702 tum
2149 3658 2400 3705 sanctum
2431 3650 2731 3721 efﬁngeret.
2773 3649 2961 3720 Neque
2993 3666 3123 3706 vero
3153 3652 3207 3705 in
3240 3650 3460 3705 homine
3493 3651 3582 3706 sic

1995 3737 2262 3794 duntaxat
2290 3738 2578 3806 habitavit,
2614 3739 2690 3794 uti
2722 3740 2776 3794 in
2823 3740 3107 3811 prophetis
3155 3741 3326 3809 loqui,
3376 3753 3442 3793 ac
3478 3755 3579 3810 per

1994 3833 2104 3886 vim
2133 3832 2426 3903 quamdam
2462 3832 2713 3887 habitare
2753 3840 2918 3902 atque
2944 3847 3104 3901 agere
3134 3829 3441 3895 consuevit,
3476 3828 3582 3886 sed

2006 3920 2227 3976 Verbum
2256 3923 2431 3992 ipsum
2461 3938 2587 3975 caro
2618 3923 2817 3991 factum
2837 3931 2952 3977 est:
2980 3938 3089 3977 non
3119 3921 3241 3976 ideo
3270 3930 3573 3977 commuta-

1993 4018 2107 4067 tum
2131 4022 2190 4066 ut
2210 4028 2341 4068 caro
2365 4012 2536 4075 ﬂeret,
2555 4028 2662 4067 non
2685 4012 3023 4067 divinitatem
3053 4012 3225 4082 ipsam
3256 4012 3309 4067 in
3334 4011 3577 4067 hominis

1994 4111 2249 4159 naturam
2299 4111 2649 4167 convertens,
2686 4103 2780 4159 sed
2822 4119 2946 4158 eum
2991 4104 3214 4174 proprio
3247 4119 3473 4177 corpore
3502 4103 3573 4160 ad

1994 4195 2332 4253 divinitatem
2360 4202 2414 4250 et
2440 4195 2505 4250 ad
2536 4195 2862 4267 peculiarem
2884 4195 3054 4250 divini
3082 4194 3242 4251 Verbi
3268 4188 3579 4251 subsisten-.

380 4376 497 4445 (27)
537 4380 965 4463 lVoyr'Covat_6‘é
1001 4386 1580 4463 aqprsrta'c'iqxo-rjtsc.
1613 4385 1891 4463 Legem—

2001 4394 2072 4449 De
2104 4394 2377 4455 Trinilate,
2403 4408 2525 4463 cap.
2550 4392 2603 4459 6,
2628 4410 2779 4447 num.
2804 4392 2859 4448 6.

305 4448 844 4527 ριναγινιέρςτκοντεςἶ
857 4448 1113 4527 -υεΑνιιιιίΞι
1144 4448 1244 4511 Ieci
1276 4458 1422 4513 illius
1446 4448 1892 4527 interpunvetiune

299 4517 523 4591 erudite
549 4520 800 4591 disputat
828 4523 1173 4581 ilaldonatns
1204 4535 1410 4582 noster.
1442 4517 1649 4581 Pen'v.

379 4586 494 4655 (28)
532 4586 969 4659 Μὴ⁷νοοῦντες
1010 4595 1414 4651 διαστέλλειν.
1458 4597 1891 4652 Pnenmatoma-

300 4656 447 4735 chos
495 4659 905 4735 distinctionem
941 4656 995 4719 et
1038 4666 1533 4735 interpunctioncm
1581 4667 1765 4721 studio
1806 4671 1887 4722 vi-

302 4727 721 4806 tiavisse‘illius
765 4732 869 4787 loci
911 4727 1259 4806 evangelista:
1285 4735 1533 4795 Joannis.
1575 4735 1768 4792 Omnia
1797 4753 1890 4805 per

302 4797 485 4864 ipsum
530 4798 675 4865 facta
718 4813 872 4866 sunt,
927 4797 1082 4863 etc;
1104 4808 1455 4862 crediderunt
1506 4806 1572 4862 de
1610 4797 1887 4863 veteribus

302 4868 558 4946 nonnulli
601 4872 749 4946 quod
772 4873 1029 4946 _lneretiei
1065 4876 1140 4929 illi
1198 4878 1270 4930 ita
1305 4879 1483 4932 locum
1521 4877 1886 4946 exponebant,

304 4947 366 4989 ut
396 4937 519 4993 inde
551 4937 941 5015 concluderent
984 4944 1244 5015 Spiritum
1288 4955 1536 5001 sanctum
1573 4937 1698 5002 esse
1727 4937 1885 5002 ereao'

301 5016 620 5086 tum,_esse
661 5010 900 5086 factum,
944 5010 1111 5085 atque
1168 5016 1559 5086 comprehendi
1600 5033 1709 5086 una
1759 5032 1883 5071 cum

299 5080 793 5155 omnibus_ereatis
826 5086 991 5139 rebus
1020 5080 1071 5139 in
1106 5102 1172 5140 eo
1200 5080 1310 5155 quo
1336 5087 1561 5149 dieitur,
1582 5083 1774 5139 Omnia
1793 5102 1886 5155 per

298 5147 475 5213 ipsum
505 5149 780 5225 (Verbum
813 5159 1039 5225 nempe)
1076 5147 1231 5224 facta.
1251 5166 1392 5211 sunt.
1441 5157 1511 5209 At
1542 5147 1884 5225 Qumcunque

302 5228 544 5286 ponatur
572 5220 857 5279 distinctio
885 5220 1175 5281 verborum
1209 5220 1621 5290 JoannisJacile
1646 5234 1729 5281 est
1755 5220 1877 5280 illo-

300 5302 426 5363 rum
453 5290 837 5363 haereticorum
871 5297 1153 5363 audaciam
1186 5298 1493 5355 retundere,
1527 5304 1580 5350 et
1606 5295 1879 5350 inscitiam

300 5356 523 5435 ridere,
556 5362 625 5435 ‘si
679 5378 1009 5433 reponamus
1043 5360 1229 5420 revera
1290 5382 1384 5435 per
1423 5364 1658 5421 Verbum
1698 5368 1879 5421 omnia

301 5428 449 5482 facta
494 5429 697 5502 fuisse.
728 5428 850 5502 quae
891 5443 1097 5490 aeterna
1126 5442 1180 5490 et
1226 5428 1465 5491 inéreata
1518 5451 1628 5490 non
1681 5445 1876 5491 erant:

298 5513 413 5576 non
445 5508 626 5555 autem
648 5500 926 5576 Spiritum
968 5514 1243 5570 sanctum,
1289 5507 1487 5576 quippe
1513 5506 1879 5573 quiaaternus

299 5565 451 5647 ρειιε
476 5586 603 5647 tuin
638 5565 756 5647 iam
790 5582 1169 5647 esset,neque
1198 5565 1657 5645 ci'ea'ri'pote'rat,
1704 5593 1880 5647 neque

304 5637 448 5694 ﬁeri.
476 5635 614 5697 Vide
639 5635 925 5701 Pctavium
946 5635 1014 5704 de
1045 5635 1146 5703 hac
1175 5663 1233 5705 re
1263 5635 1586 5703 tractantem
1615 5635 1670 5704 iu
1707 5635 1805 5705 lib:
1836 5663 1875 5703 ιι

2064 4464 2178 4531 (29)
2219 4465 2348 4517 Ὅτι
2399 4461 2553 4517 εἴτι
2585 4463 2829 4533 γέγονε.
2871 4461 3070 4518 Eadem
3103 4472 3184 4518 est
3232 4471 3286 4518 et
3337 4461 3574 4533 aliorum

1991 4533 2214 4588 Patrum
2247 4534 2540 4604 sent_entia.
2577 4531 2634 4604 S.
2673 4531 2997 4587 Ambrosius
3023 4535 3075 4587 in
3121 4533 3300 4604 capite
3327 4532 3575 4587 secundo

1993 4605 2115 4659 libri
2148 4604 2306 4673 primi
2353 4601 2658 4673 DeASpirim
2694 4612 2899 4673 sancto.
2930 4618 3065 4667 rem,
3100 4604 3167 4659 de
3193 4601 3565 4673 quaagimus,

1991 4670 2218 4729 versans
2254 4675 2366 4727 ait:
2404 4670 2597 4726 Omnia
2623 4688 2714 4740 per
2745 4670 2947 4725 Filium
2979 4670 3257 4740 Scriptura
3283 4670 3409 4725 dicit
3430 4687 3565 4735 εεεε,

1988 4760 2105 4813 qui?
2137 4744 2280 4813 facta
2302 4751 2464 4796 sunt:
2496 4758 2615 4794 eum
2649 4750 2822 4813 autem
2857 4742 3033 4809 factus
3060 4760 3165 4813 non
3198 4741 3411 4813 dicatur
3449 4740 3569 4807 Spi-

1990 4810 2370 4890 ritus'sanclus
2391 4850 2405 4874 ,
2436 4813 2613 4880 utique
2634 4827 2726 4890 nec
2756 4811 3101 4890 inter_omnia
3132 4810 3349 4879 probari
3373 4817 3564 4890 potest,

1986 4885 2077 4951 qui
2109 4900 2270 4952 neque
2299 4882 2472 4952 factus
2505 4878 2582 4935 εει
2612 4883 2747 4952 sicut
2778 4881 2978 4952 omnia,
3016 4897 3105 4934 nec
3134 4878 3567 4952 creatus'USimi-

1988 4949 2061 5006 lia
2094 4949 2254 5008 habet
2277 4952 2335 5006 ὃ.
2359 4951 2656 5022 Gregorius
2684 4950 3067 5022 Nazianzenus
3092 4960 3232 5004 orat.
3250 4949 3341 5014 57,
3362 4949 3567 5022 diserte

1985 5037 2244 5079 asserens
2276 5039 2383 5077 non
2411 5016 2593 5076 omnia
2629 5023 2925 5077 univcrsim
2966 5021 3107 5076 facta
3132 5036 3252 5076 esse
3294 5034 3391 5079 per
3427 5016 3565 5073 Ver-

1987 5094 2140 5158 bum,
2181 5108 2287 5172 non
2322 5092 2487 5172 Deum
2518 5093 2757 5152 Patrem.
2778 5108 2885 5146 non
2916 5106 3254 5172 quacunque
3289 5092 3429 5172 laeta
3456 5104 3562 5172 non

1986 5171 2157 5230 sunt,
2195 5164 2289 5218 sed
2326 5165 2500 5219 solum
2532 5178 2889 5232 quaecunque
2919 5158 3061 5216 facta
3102 5158 3253 5232 sunt.
3293 5159 3369 5212 En
3402 5158 3565 5232 verba

1985 5228 2184 5319 illius:
2231 5232 2443 5315 [Ιάντα
2495 5228 2798 5319 τίᾲρῃὸσα
2826 5230 3112 5319 faterer,
3166 5228 3441 5319 είρξγταΣι-,ᾐ
3465 5228 3527 5319 οῦ

1985 5304 2171 5367 ἁπλῶς
2217 5302 2471 5357 ἅπαντα.
2504 5299 2653 5357 Ὀὐδὲ
2684 5301 2793 5371 γὰρ
2835 5299 2865 5356 6
2904 5299 3141 5371 Πατὴρ,
3185 5299 3294 5352 οὐδ’
3343 5300 3445 5353 ὅσα
3489 5316 3529 5369 μ

1983 5373 2311 5451 γέγρῖει-.
2506 5441 2553 5451 ..
3512 5436 3527 5451 .

2054 5437 2167 5510 (50)
2193 5441 2385 5507 Πνέει,
2426 5441 2589 5496 redde
2634 5442 2837 5510 spirat.
2872 5440 2951 5494 En
2983 5438 3128 5493 aliud
3167 5438 3221 5492 in
3263 5437 3566 5510 Epiphanio

1982 5508 2365 5583 documentum
2416 5508 2760 5582 procedentis
2818 5509 3059 5583 Spiritus
3104 5510 3278 5565 sancti
3338 5525 3368 5563 a
3398 5508 3560 5565 Patro

1983 5594 2035 5640 et
2060 5581 2213 5638 Filio.
