3916 6196
359 243 461 303 159
1726 254 1783 312 S.
1824 255 2169 316 EPIPH'ANII
3520 262 3644 322 (130‘

355 365 540 434 tisque
584 379 902 436 personam,
950 366 1082 423 illud
1130 369 1308 438 ip'sum
1350 368 1517 425 homo
1557 379 1617 427 ut
1656 382 1804 430 esset
1841 379 1929 433 ad-

2042 379 2137 435 τοῦ
2165 380 2454 453 ἀνθρώπου
2473 422 2489 449 ,
2528 382 2616 437 ἵνα
2652 384 2726 455 μὴ
2754 383 2816 438 τὸ
2845 382 3167 453 ἀπολειφθὲν
3209 381 3374 455 μέρος
3403 382 3485 449 εἰς
3520 384 3631 459 μές-

350 454 617 527 jungens.
678 457 964 515 Hominem
998 475 1163 529 porro
1190 460 1316 516 dico
1345 464 1669 533 perfectum,
1715 467 1832 522 hoc
1857 478 1929 525 est

2051 487 2142 543 ρος
2164 472 2325 525 πάλιν
2352 473 2577 544 γένηται
2613 454 2901 547 βρώματος
2931 474 3201 527 διαϐόλου.

353 564 698 620 quaecunque
734 553 921 608 insunt
952 552 1005 606 in
1035 553 1276 621 homine,
1315 572 1379 612 ac
1420 558 1730 629 cujusmodi
1764 563 1931 619 homo
1968 572 2023 619 et
2068 566 2337 637 quidquid
2402 569 2566 624 homo
2611 577 2715 625 est.
2766 569 3068 639 Ejusmodi,
3134 568 3380 639 inquam,
3412 562 3625 623 homi-

354 660 481 701 nem
526 647 722 702 unicus
763 646 859 701 Dei
902 648 1070 705 Filius
1104 652 1169 705 ad
1202 667 1304 707 nos
1350 654 1577 711 veniens
1620 656 1834 724 induit;
1872 670 1931 714 ut
1968 661 2023 716 in
2053 663 2299 732 perfecto
2326 664 2548 718 homine
2594 664 2736 720 Deus
2766 664 2883 734 ipse
2950 663 3188 735 perfecte
3241 673 3415 720 totum
3470 665 3625 721 salu-

355 738 430 792 tis
470 747 670 794 nostrae
695 740 973 809 negotium
1008 756 1308 811 procurare
1335 754 1542 816 posset,
1615 748 1769 803 nulla
1832 751 2069 811 hominis
2107 762 2264 823 parte
2310 755 2594 821 derelicta,
2641 770 2711 811 ne
2750 769 2815 811 ea
2858 757 2976 825 ipsa
3037 755 3253 811 deserta
3282 755 3353 811 ad
3415 756 3620 813 diaboli

353 827 537 882 cibum
574 829 943 901 pabulumque
966 834 1289 902 pertineret.

426 918 661 977 LXXVI.
703 922 913 990 Quodsi
947 926 1000 981 id
1027 941 1058 981 a
1086 931 1367 987 nonnullis
1413 933 1731 1004 obiiciatur,
1761 937 1938 993 solam

353 1011 479 1067 sine
497 1013 682 1068 anima
716 1030 941 1072 carnem
970 1022 1343 1091 assumpsisse
1369 1022 1673 1091 Christum,
1708 1036 1766 1082 ut
1797 1029 1934 1085 falsa

354 1104 603 1173 quaedam
641 1105 944 1179 Scripturis
968 1111 1198 1182 illigent,
1230 1129 1436 1185 easque
1461 1118 1526 1171 ad
1559 1119 1933 1190 ineptissimas

353 1196 572 1254 fabulas
602 1209 927 1256 convertant
952 1222 964 1257 :
995 1204 1070 1258 illi
1097 1204 1263 1276 igitur
1287 1223 1351 1262 ex
1380 1223 1443 1262 ea
1472 1209 1774 1282 Scripturte
1806 1228 1930 1268 sen-

352 1290 523 1343 tentia
552 1309 565 1344 :
600 1290 716 1346 Nos
758 1302 984 1348 mentem
1020 1293 1220 1350 Christi
1268 1298 1523 1355 habemus
1552 1302 1588 1366 ¹,
1624 1302 1932 1375 intelligant

349 1394 447 1434 eos
479 1381 571 1451 qui
606 1381 751 1436 istud
783 1384 993 1449 dicunt,
1029 1384 1143 1440 Nos
1172 1398 1393 1442 mentem
1424 1388 1628 1445 Christi
1658 1392 1930 1458 habemus,

351 1487 509 1527 suam
560 1474 821 1532 habuisse
864 1486 1123 1543 mentem,
1161 1496 1263 1535 nec
1297 1498 1417 1536 eam
1453 1486 1761 1554 exspuisse.
1792 1484 1931 1541 Cum

356 1564 529 1634 igitur
565 1575 674 1621 tam
721 1584 900 1636 suam,
945 1587 1109 1641 quam
1134 1574 1338 1629 Christi
1373 1583 1609 1631 mentem
1642 1578 1962 1644 habentes,‘

2114 937 2250 1005 OG".
2273 938 2384 993 Καὶ
2435 939 2529 993 ἐὰν
2564 938 2762 993 εἷπωσξ
2801 956 2965 1006 τινες,
2994 939 3075 993 ὅτι
3124 939 3303 1013 σάρκα
3335 942 3505 1015 μόνην
3533 944 3622 998 εἴ.

2039 1026 2203 1099 ληφε,
2266 1029 2444 1100 ψυχὴν
2482 1030 2540 1083 δὲ
2576 1028 2636 1084 οὒ
2676 1030 2809 1101 (51),
2844 1029 3289 1102 παρα-πλέκοντες
3331 1035 3616 1104 μυθωδῶς,

2040 1121 2136 1174 καὶ
2169 1120 2269 1191 τὴν
2320 1121 2542 1192 Γραφὴν
2582 1124 2663 1185 εἰς
2712 1120 2913 1191 μύθους
2957 1121 3337 1192 ἐκτρέποντες,
3385 1125 3493 1180 ἀπὸ
3518 1126 3616 1180 τοῦ

2041 1212 2207 1283 ῥητοῦ
2249 1213 2363 1281 τοῦ,
2408 1213 2599 1283 Ἡμεῖς
2647 1214 2705 1270 δὲ
2741 1212 2892 1267 νοῦν
2933 1212 3194 1282 Χριστοῦ
3225 1214 3473 1285 ἔχομεν’
3518 1218 3621 1273 ἀπ’

2036 1304 2203 1359 αὐτοῦ
2253 1305 2347 1358 τοῦ
2418 1302 2584 1375 ῥητοῦ
2640 1303 3057 1371 καταλάϐωσιν,
3104 1306 3187 1358 ὅτι
3233 1305 3284 1358 οἱ
3336 1305 3613 1376 λέγοντες,

2046 1394 2238 1465 Ἡμεῖς
2264 1399 2323 1452 δὲ
2373 1396 2527 1450 γοῦν
2576 1396 2833 1464 Χριστοῦ
2854 1397 3091 1466 ἔχομεν,
3126 1396 3218 1451 τὸν
3245 1398 3408 1452 αὑτὸν
3437 1399 3460 1431 ⁷
3491 1399 3617 1455 νοῦν

2034 1481 2202 1556 εἶχον,
2232 1487 2327 1539 καὶ
2372 1485 2561 1539 τοῦτον
2597 1487 2696 1539 οὐκ
2747 1485 3127 1551 ὲξεπτύκασιν.
3165 1489 3227 1541 Ei
3260 1489 3317 1541 δὲ
3350 1490 3441 1544 τὸν
3485 1491 3619 1545 ἴδιον

2037 1578 2252 1650 ἔχοντες
2283 1578 2380 1632 σὺν
2422 1576 2502 1649 τῷ
2544 1578 2639 1632 τοῦ
2671 1577 2910 1650 Χριστοῦ
2947 1579 3042 1649 νῷ,
3078 1579 3406 1653 ἀμφοτέρων
3429 1582 3617 1650 ἐνεφο-

352 1664 590 1727 utraque
637 1662 902 1715 cumulati
957 1662 1157 1731 forent,
1207 1667 1282 1720 ita
1332 1674 1393 1721 ut
1435 1676 1487 1723 et
1536 1668 1743 1724 Christi
1775 1686 1929 1727 mens

2041 1669 2249 1741 ροῦντο,
2310 1668 2403 1722 τοῦ
2460 1669 2556 1739 μὲν
2596 1668 2688 1722 νοῦ
2730 1668 2966 1739 Χριστοῦ
3012 1668 3254 1740 βελτιοῦν
3293 1672 3613 1743 δυναμένου,

352 1748 607 1803 meliores
638 1750 788 1821 ipsos
815 1753 1028 1809 ellicere
1055 1765 1261 1825 posset,
1292 1767 1346 1812 et
1372 1774 1470 1813 sua
1503 1759 1748 1827 ipsorum
1776 1777 1932 1817 mens

354 1847 504 1895 recte
563 1841 916 1913 intelligendo
961 1851 1287 1919 perciperet,
1343 1852 1534 1907 eodem
1578 1853 1742 1907 modo
1780 1863 1834 1908 et
1867 1853 1933 1910 de

352 1926 575 1983 Christo
620 1939 863 1988 statuere
892 1935 1091 1990 debent
1122 1955 1135 1990 :
1186 1937 1353 1992 Deum
1392 1940 1567 2008 ipsum
1597 1940 1850 1995 videlicet
1878 1945 1933 1994 et

352 2032 477 2084 qua;
504 2018 557 2070 in
598 2018 717 2087 ipso
765 2037 922 2077 mens
976 2024 1176 2087 inerat,
1230 2025 1469 2080 hominis
1522 2035 1757 2081 mentem
1804 2042 1930 2081 cum

350 2120 519 2186 carne
551 2109 846 2179 animaque
879 2111 985 2165 sibi
1023 2113 1335 2181 copulasse.
1372 2114 1491 2167 Non
1534 2114 1699 2184 igitur
1740 2120 1933 2184 quate-

351 2212 456 2251 nus
511 2197 674 2252 homo
723 2209 863 2264 erat,
906 2210 1143 2257 mentem
1175 2203 1483 2274 repudiavit
1527 2204 1802 2272 hominis;
1835 2203 1930 2260 sed

352 2290 521 2342 menti
551 2289 668 2359 ipse
697 2292 807 2360 82
840 2295 1159 2350 moderatus
1198 2306 1304 2360 est,
1348 2310 1413 2349 ac
1456 2296 1679 2363 direxit,
1733 2297 1931 2351 melio-

349 2390 577 2446 remque
607 2381 881 2448 prazstitit.
934 2379 1403 2444 Quemadmodum
1430 2386 1575 2439 enim
1601 2386 1678 2438 ita
1706 2380 1929 2440 carnem

352 2464 550 2551 induit,
600 2466 825 2523 minime
854 2476 914 2521 ut
945 2484 973 2522 a
1003 2484 1167 2524 carne
1192 2473 1500 2527 vinceretur
1532 2492 1546 2528 :
1582 2474 1664 2529 sic
1692 2483 1928 2531 mentem

353 2558 459 2611 sibi
506 2557 636 2612 dum
686 2560 959 2630 adjunxit,
990 2578 1101 2617 non
1131 2572 1215 2619 est
1246 2579 1275 2617 a
1301 2575 1484 2621 mente
1516 2577 1823 2638 superatus.
1861 2568 1931 2620 At

350 2649 428 2703 illi
459 2663 490 2704 e
518 2652 796 2705 contrario
845 2654 1017 2709 multo
1062 2656 1240 2726 magis
1287 2671 1473 2712 secum
1520 2659 1623 2728 ipsi
1659 2666 1926 2730 pugnant,

350 2755 415 2794 ac
467 2757 588 2798 sese
635 2743 1105 2801 inextricabilibus
1152 2747 1565 2805 dillicultatibus
1620 2751 1926 2821 implicant.

349 2831 561 2888 Etenim
588 2849 759 2890 sacrae
784 2833 1000 2892 Litterae
1030 2839 1231 2909 ubique
1251 2839 1457 2896 diserte
1482 2841 1783 2896 clamantes
1817 2855 1926 2895 non

351 2924 620 2981 adversus
674 2936 936 2996 mentem,
988 2929 1082 2984 sed
1137 2930 1402 2986 adversus
1454 2947 1675 2988 carnem
1730 2946 1927 3001 aspera

2033 1760 2127 1813 τοῦ
2160 1760 2203 1812 δ’
2234 1760 2415 1814 αὐτῶν
2444 1759 2620 1831 ὀρθῶς
2643 1760 2919 1823 νοοῦντος
2948 1760 3007 1813 τὸ
3037 1760 3080 1812 δ’
3116 1761 3248 1814 αὐτὸ
3286 1764 3377 1815 καὶ
3405 1763 3497 1815 ἐπὶ
3516 1762 3615 1816 τοῦ

2033 1848 2272 1920 Χριστοῦ
2322 1849 2761 1918 γινωσκέτωσαν,
2800 1850 2882 1902 ὅτι
2930 1848 3004 1902 ὢν
3044 1848 3178 1913 Θεὸς
3234 1851 3323 1903 καὶ
3358 1853 3415 1903 έν
3459 1850 3612 1922 αὖ.τῷ

2032 1937 2108 1991 ὢν
2124 1938 2269 2002 νοῦς,
2301 1934 2412 2008 εἶχε
2445 1939 2536 1992 τὸν
2557 1938 2651 1992 τοῦ
2689 1938 2977 2010 ἀνθρώπου
3008 1938 3134 1993 νοῦν
3165 1941 3301 2011 μετὰ
3345 1942 3442 2010 τῆς
3477 1959 3614 2010 σαρ-

2033 2027 2148 2091 κδς,
2180 2028 2272 2081 xal
2304 2028 2482 2099 ψυχὴν
2533 2028 2757 2100 εἴληφεν
2805 2029 2941 2100 (32).
2975 2028 3184 2083 Οὔκουν
3217 2030 3618 2101 ὠςυᾶνθρωπος

2033 2120 2195 2173 αὐτὸν
2218 2118 2532 2191 ἐξέτρεπεν,
2581 2120 2717 2174 ἀλλὰ
2745 2120 2913 2184 αὐτὸς·
2942 2120 3034 2174 τοῦ
3066 2121 3157 2174 νοῦ
3190 2122 3483 2192 κοσμήτωρ
3517 2122 3616 2174 καὶ

2032 2212 2276 2285 ὀρθωτὴς
2314 2212 2410 2266 καὶ
2445 2211 2739 2283 βελτιωτὴς
2763 2210 2993 2281 ἐγίνετο.
3032 2211 3120 2274 Ὠς
3149 2210 3257 2281 γὰρ
3302 2211 3403 2283 τὴν
3433 2211 3617 2282 σάρκα

2033 2304 2193 2357 ἔλαϐε
2246 2302 2322 2376 μὴ
2366 2304 2471 2357 ὑπὸ
2530 2303 2733 2374 σαρκὸς
2762 2302 3038 2374 ἡττηθεὶς,
3075 2301 3218 2355 οὕτω
3242 2301 3337 2355 καὶ
3362 2301 3452 2355 τὸν
3484 2302 3619 2356 νοῦν

2032 2392 2267 2465 εἰληφὼς
2293 2394 2392 2464 οὐχ
2419 2393 2525 2446 ὑπὸ
2549 2393 2668 2458 νοὸς
2697 2394 2950 2465 ἥττηται.
2980 2392 3299 2446 Τούναντξον
3318 2393 3495 2447 τοίνυν
3518 2393 3623 2446 καὶ

2035 2485 2217 2555 μεῖζον
2239 2486 2288 2538 οἱ
2306 2483 2533 2537 τοιοῦτοι
2563 2484 2817 2555 χαλεπῶς
2841 2486 2921 2549 εἰς
2946 2485 3294 2554 ἐναντιότητα
3318 2485 3623 2555 ἐμπίπτου-

2034 2595 2137 2632 σιν.
2173 2579 2321 2631 Ἀνω
2364 2577 2473 2649 γὰρ
2517 2579 2610 2632 καὶ⁸
2630 2577 2781 2631 κάτω
2811 2580 2869 2632 αἱ
2898 2578 3039 2632 θεῖαι
3062 2579 3277 2653 Γραφαὶ
3312 2578 3621 2649 διαρρήδην

2034 2668 2258 2739 βοῶσαι,
2307 2668 2369 2721 οὑ
2419 2668 2562 2722 κατὰ
2588 2669 2682 2722 τοῦ
2716 2668 2808 2722 νοῦ
2838 2668 2907 2722 τὰ
2933 2670 3146 2740 χαλεπὰ
3181 2667 3617 2738 διαγορεύουσιν,

2031 2757 2166 2811 ἀλλὰ
2230 2757 2368 2811 κατὰ
2412 2758 2512 2825 τῆς
2569 2758 2799 2830 σαρκός·
2849 2757 2971 2827 Τῆς
2996 2760 3103 2831 γὰρ
3141 2759 3385 2827 σαρκὸς,
3425 2758 3619 2828 φησὶν,

2030 2850 2089 2902 οὶ
2136 2848 2370 2916 καρποὶ,
2420 2851 2689 2918 πορνεία,
2743 2851 3002 2920 μοιχεία,
3044 2851 3349 2918 ἀσέλγεια,
3405 2850 3501 2903 καὶ
3540 2848 3619 2903 τὰ

2029 2940 2254 2993 τούτων
2302 2938 2503 3009 ὅμοια’
2560 2941 2688 3005 καὶ,
2734 2944 2797 2995 Ol
2852 2941 2922 2993 ἐν
2958 2940 3139 3009 σαρκὶ
3168 2939 3237 2993 δὲ
3289 2941 3457 3006 ὄντες
3489 2938 3618 3003 Θεῷ

349 3016 442 3071 illa
485 3032 549 3072 ac
593 3020 823 3074 molesta
874 3022 1277 3090 pronuntiant:
1311 3021 1507 3077 Carnis
1536 3023 1706 3086 enim,
1750 3022 1929 3092 inquit

2038 3030 2244 3098 ἀρέσαι
2277 3032 2348 3083 οὐ
2383 3030 2701 3085 δύνανται·
2729 3030 2846 3095 καὶ,
2881 3030 2942 3086 Ἠ
2974 3030 3131 3099 σὰρξ
3160 3030 3433 3099 ἐπιθυμεῖ
3462 3030 3618 3084 κατὰ

350 3108 670 3176 Apostolus,
704 3111 907 3178 [ructus
950 3121 1093 3176 sunt,
1136 3113 1442 3181 fornicatie,
1486 3114 1829 3181 adulterium,
1862 3115 1928 3169 li-

350 3198 472 3252 bido
492 3209 541 3253 et
576 3200 656 3254 his
681 3204 881 3256 similia
904 3206 946 3268 ';
978 3213 1032 3260 et
1052 3225 1064 3261 :
1088 3205 1194 3271 Qui
1225 3207 1278 3259 in
1306 3222 1466 3260 carne
1483 3214 1629 3270 sunt,
1659 3205 1767 3260 Deo
1806 3206 1930 3275 pla-

348 3303 464 3342 cere
520 3300 777 3360 nequeunt
808 3292 859 3360 ⁸;
905 3293 1081 3349 item:
1119 3294 1259 3350 Caro
1305 3296 1629 3363 concupiscit
1677 3297 1928 3353 adversus

348 3381 596 3448 spiritum
623 3382 666 3437 ⁸.
713 3382 787 3439 De
818 3394 999 3441 mente
1040 3402 1172 3442 vero
1217 3388 1300 3443 sic
1364 3388 1644 3457 lorpuitur:
1679 3388 1926 3443 Psallam

350 3472 561 3540 spiritu,
610 3474 841 3542 psallam
874 3486 923 3530 et
950 3488 1119 3533 mente
1140 3480 1195 3546 ⁵;
1240 3481 1368 3535 item
1396 3498 1409 3534 :
1440 3480 1590 3534 Mens
1622 3482 1929 3549 mealinfru-

349 3574 534 3622 ctuosa
572 3566 656 3621 vel
701 3571 975 3638 fructuosa
1012 3580 1088 3625 est
1113 3573 1153 3624 ⁸.
1180 3571 1397 3637 Quibus
1427 3572 1479 3626 in
1509 3573 1646 3627 locis
1682 3583 1921 3629 mentem

426 3722 489 3776 ¹1
525 3724 652 3779 Cor.
696 3740 759 3790 ll,
805 3724 892 3780 16.

348 3792 371 3830 '
406 3794 464 3851 F.
498 3794 699 3850 αὐτῶν.

1005 3728 1024 3758 ¹
1052 3725 1225 3781 Colat.
1264 3744 1317 3791 γ,
1368 3726 1455 3782 19.

425 3914 536 3983 (51)
568 3913 785 3982 Ψυχὴν
822 3911 891 3983 δὲ
926 3911 1019 3967 οὔ.
1057 3910 1354 3983 Error_ille
1388 3910 1925 3983 Apollinaristarum,

353 3978 825 4054 deutt'ilnisa'guiit
854 3981 1110 4037 Socrates
1130 3990 1184 4036 ct
1215 3978 1587 4054 So‘zome’nus;
1622 3982 1710 4054 ille
1739 3983 1821 4054 lib
1866 3998 1925 4054 ιι,

351 4051 478 4124 cap;
506 4054 595 4114 46,
629 4051 732 4109 iste
763 4054 902 4107 libro
934 4071 1007 4119 vr,
1060 4068 1180 4121 cap.
1226 4052 1316 4107 ΞΒ.
1354 4054 1529 4124 Agunt
1563 4058 1632 4124 et_
1659 4052 1749 4105 alii
1788 4071 1800 4105 :
1834 4051 1929 4106 sed

350 4119 461 4194 prae
503 4126 714 4178 caeteris
765 4124 1033 4194 videndus
1091 4119 1431 4194 potissimum
1481 4123 1537 4194 S.
1596 4119 1930 4192 Epiphanius

351 4192 540 4250 noster
572 4194 625 4246 in
656 4194 846 4246 lueresi
888 4193 974 4252 77,
1020 4208 1249 4244 numero
1283 4192 1443 4253 90ml
1476 4193 1753 4260 deinceps.

424 4264 535 4331 (52)
564 4264 673 4331 Τὸν
706 4262 811 4313 τοῦ
856 4260 1169 4331 ἀνθρώπου
1196 4260 1348 4331 γοῦν
1373 4262 1522 4327 μετὰ
1546 4262 1655 4327 τῆς
1683 4260 1929 4329 σαρκὸς,

352 4329 996 4399 καὶψυχὴννεῖληφεν.
1040 4329 1427 4383 Animadverte
1483 4331 1635 4395 juxta
1702 4346 1923 4385 sensum

355 4402 457 4453 lori
488 4398 657 4466 hujus
700 4398 756 4452 S.
788 4399 1147 4469 Epiphanium
1185 4400 1587 4469 Apollinaristis
1616 4402 1929 4468 permittere

352 4470 761 4523 distinctionem
790 4470 958 4529 illam,
982 4485 1087 4537 qua
1113 4468 1346 4520 animam
1379 4470 1428 4521 in
1464 4469 1679 4523 homine
1706 4479 1930 4521 amento

352 4539 729 4594 secernebant.
765 4538 1072 4593 Debebatnr
1093 4539 1372 4592 distinctio
1405 4539 1496 4591 illa
1524 4551 1760 4595 veterum
1782 4537 1932 4592 Cra:-

352 4626 543 4664 eorum
588 4610 961 4679 philosophia),
1001 4624 1119 4676 quae
1174 4617 1369 4676 quarto
1408 4617 1461 4663 et
1509 4611 1700 4679 quinto
1736 4609 1933 4662 decur-

351 4688 505 4735 rcnte
549 4680 805 4734 Ecclesia:
851 4682 1050 4734 saeculo
1093 4679 1269 4732 adhuc
1310 4680 1361 4732 in
1394 4696 1495 4732 usu
1545 4690 1693 4743 erat,
1732 4694 1831 4733 nec
1864 4680 1933 4733 ab

349 4767 412 4807 ca
468 4751 659 4805 Patres
720 4751 1085 4803 abhorrebant
1142 4750 1388 4803 ornnino.
1430 4750 1545 4815 Qua
1592 4751 1659 4806 de
1704 4765 1762 4803 re
1814 4750 1932 4804 fuse

350 4829 599 4892 agentem
629 4821 831 4892 videsis
862 4821 1131 4875 hominem
1170 4821 1419 4892 su'culari
1454 4826 1577 4874 licet
1627 4820 1932 4875 eruditione

349 4890 723 4967 pollentem._a
764 4890 1024 4967 Romanae
1061 4900 1240 4944 tamen
1295 4890 1757 4967 lﬁeclesiaansacris
1802 4892 1934 4967 alic-

349 4960 790 5029 iiumJarobum
847 4960 1181 5013 Bruckerum
1229 4976 1493 5028 nuperum
1533 4961 1785 5015 llistoria'
1830 4962 1934 5012 cri-

352 5034 470 5086 tica:
533 5030 883 5099 philosophim
934 5032 1257 5100 scriptorem
1306 5032 1359 5083 in
1419 5038 1563 5083 tomo
1602 5031 1686 5095 Ill,
1724 5032 1815 5085 ubi
1866 5030 1934 5084 de

348 5110 592 5154 veterum
638 5102 1075 5154 Christianorum
1121 5101 1464 5170 philosophia
1509 5109 1728 5164 tractat,
1769 5110 1824 5155 et
1858 5100 1925 5154 de

350 5170 443 5225 illa
483 5181 799 5241 sanctorum
840 5170 1085 5241 Patrum.
1122 5168 1494 5241 VEXpIoratum
1526 5171 1790 5224 habemus
1832 5185 1926 5225 ve~

352 5249 495 5295 teres
531 5240 924 5365 Pz'thagoreos,
970 5239 1301 5302 Platonicos,
1341 5239 1572 5303 Stoicos,
1609 5252 1701 5293 aut
1737 5242 1922 5310 plures

352 5311 407 5363 in
440 5326 549 5365 uno
597 5314 799 5365 nomine
832 5311 1082 5365 posuisse
1116 5313 1360 5365 animas:
1403 5318 1495 5365 aut
1534 5312 1697 5365 unius
1730 5311 1922 5365 animai

352 5311 407 5363 in
440 5326 549 5365 uno
580 5311 799 5365 homine
832 5311 1082 5381 posuisse
1116 5313 1360 5373 animas;
1403 5318 1495 5365 aut
1534 5312 1697 5365 unius
1730 5311 1924 5365 animai

347 5380 858 5453 plurescredidisse
900 5380 1162 5451 quasdam
1213 5382 1378 5436 veluti
1414 5388 1596 5451 partes
1623 5398 1651 5435 a
1689 5397 1749 5437 se
1784 5381 1922 5453 invi-

349 5464 467 5502 cem
510 5452 820 5523 distinctas.
867 5454 1116 5518 Ipsorum
1156 5468 1285 5507 vero
1327 5453 1676 5522 partitionem
1729 5452 1925 5523 princi-

350 5531 511 5598 puam
566 5521 736 5577 fuisse
795 5524 849 5577 in
900 5539 1020 5598 eam
1073 5523 1510 5598 animamhquam
1557 5521 1824 5598 viviﬁcam
1871 5528 1927 5576 ct

352 5593 566 5662 ratione
622 5600 894 5647 carentem
962 5593 1239 5659 dicebant,
1305 5594 1541 5662 ζωτικὴν
1591 5603 1644 5648 et
1696 5594 1925 5659 ἅλογονς

358 5665 521 5733 atque
551 5659 605 5715 in
631 5675 747 5717 eam
779 5677 939 5733 quam
972 5663 1219 5735 λογικήν,
1254 5664 1304 5720 id
1332 5674 1415 5721 est
1440 5659 1784 5732 rationalem,
1816 5664 1927 5720 sive

1566 3727 1766 3783 aRom.
1806 3743 1929 3794 vm,
1980 3727 2034 3783 8.

2034 3121 2140 3175 τοῦ
2166 3122 2519 3191 πνεύματος.
2551 3123 2689 3193 Περὶ
2712 3122 2767 3175 δὲ
2803 3121 2897 3175 τοῦ
2922 3121 3014 3177 νοῦ
3058 3140 3221 3194 φησιν
3242 3164 3255 3187 ,
3293 3123 3375 3177 ὅτι
3425 3120 3613 3176 Tala-3'

2033 3208 2115 3275 τῷ
2145 3212 2458 3281 πνεύματι,
2490 3211 2668 3279 ψαλῶ
2718 3208 2787 3263 δὲ
2816 3210 2896 3276 τῷ
2930 3211 3061 3264 νοτ*
3104 3213 3219 3275 καὶ,
3254 3212 3336 3266 ὅτι
3372 3213 3427 3265 '0
3457 3206 3629 3279 νοῦς

2030 3318 2149 3372 μου
2192 3301 2480 3370 ἄκαρπος,
2509 3302 2567 3373 ἢ,
2603 3300 2903 3370 ἕγκαρπός
2934 3301 3125 3356 ἐστιν.
3148 3303 3171 3324 '
3190 3301 3356 3356 Εθετο
3383 3302 3492 3372 γὰρ
3519 3302 3620 3355 τὸν

2034 3390 2179 3458 νοῦν,
2196 3392 2363 3464 ὅνπερ
2379 3391 2567 3445 εἴωθεν
2586 3393 2619 3464 ἡ
2639 3392 2830 3463 Γραφὴ
2850 3391 3033 3447 καλεῖν
3052 3392 3323 3461 καρδίαν,
3340 3392 3614 3463 ἡγεμόνα,

2031 3482 2105 3547 ὠς
2133 3485 2326 3546 εἰπεῖν,
2356 3484 2451 3537 καὶ
2477 3483 2690 3553 ἡνίοχον
2719 3482 2813 3535 τοῦ
2836 3482 3037 3546 παντὸς
3055 3482 3300 3545 σκεύους,
3326 3482 3620 3554 διακριτὴν

2029 3573 2248 3642 ἀγαθῶν
2296 3590 2355 3626 τε
2397 3573 2490 3627 καὶ
2530 3573 2765 3643 φαύλων,
2811 3562 3143 3644 δοκιμαστὴν
3175 3573 3284 3626 τῶν
3312 3574 3369 3626 ἐν
3393 3574 3526 3643 ἡμῖν
3549 3568 3618 3625 εὗ

2142 3728 2164 3760 ⁸
2189 3728 2365 3785 Galat.
2399 3745 2456 3795 v,
2489 3726 2575 3783 Π.
2685 3726 2749 3782 ⁵1
2782 3727 2909 3783 Cor.
2964 3728 3050 3794 14,
3120 3730 3206 3783 15.
3288 3727 3468 3784 ‘ibid.
3521 3728 3619 3783 M.

2034 3919 2270 3967 mentem
2324 3913 2688 3983 appellabant.
2746 3914 3020 3971 Doctrina:
3064 3915 3229 3983 hujus
3283 3915 3618 3971 documenta

2022 3984 2172 4039 satis
2203 3992 2387 4051 aperta
2420 3985 2578 4038 nobis
2640 3997 2938 4039 occurrunt
2980 3988 3034 4040 in
3068 3987 3268 4048 Tullio,
3320 3985 3618 4040 Plutarcho

2039 4061 2092 4125 et
2135 4053 2276 4125 aliis.
2324 4051 2500 4125 Porro
2550 4068 2613 4107 eo
2664 4055 3082 4125 philosophandi
3129 4070 3326 4124 genere
3370 4055 3615 4109 imbutus

2035 4122 2366 4195 Apollinaris
2410 4132 2639 4195 uterque
2666 4122 2894 4189 luerat,
2945 4134 3099 4195 pater
3136 4122 3195 4178 et
3235 4126 3410 4186 ﬁlius;
3453 4131 3616 4177 erant

2036 4193 2181 4245 enim
2222 4207 2321 4247 soa
2359 4202 2517 4247 celate
2548 4194 2888 4263 doctissimi;
2943 4193 3256 4249 Christiana
3299 4195 3461 4247 etiam
3498 4194 3617 4261 pie~

2037 4268 2148 4316 tate
2188 4264 2491 4332 praestitere
2514 4264 2805 4333 aliquando
2834 4283 2846 4318 :
2878 4275 3074 4319 etcum
3114 4264 3178 4317 ad
3228 4264 3473 4317 lneresim
3514 4278 3619 4317 no-

2038 4347 2157 4385 vam
2177 4333 2514 4386 condendam
2549 4348 2607 4386 se
2640 4335 2992 4388 contulerunt
3024 4333 3236 4401 quodin
3257 4333 3615 4401 philosopho-

2035 4416 2155 4473 rum
2188 4402 2390 4457 scholis
2410 4403 2784 4457 hauserantad
2815 4404 3141 4473 theologiam
3170 4403 3613 4457 Christianorum

2035 4470 2405 4541 traducentes.
2450 4481 2706 4535 mentem,
2763 4474 2866 4527 hoc
2899 4482 2983 4528 est
3007 4470 3141 4525 eam
3172 4474 3432 4537 animam,
3492 4488 3617 4541 qua:

2034 4539 2226 4611 λογική
2252 4544 2570 4604 vocabatur,
2596 4542 2817 4597 Christo
2851 4542 3077 4595 Domino
3107 4543 3468 4605 abstulerunt,
3507 4539 3615 4595 rati

2036 4625 2237 4665 munus
2272 4613 2419 4666 illius
2468 4628 2495 4664 a
2536 4612 2716 4666 Verbo
2764 4628 2886 4667 esse
2918 4614 3247 4681 suppletum.
3300 4611 3376 4663 Ita
3426 4612 3617 4666 miseri

2037 4694 2182 4751 caeco
2210 4696 2397 4735 errore
2433 4682 2644 4751 abrepti
2677 4681 2813 4737 Filio
2854 4681 2946 4736 Dei
2975 4680 3080 4735 non
3114 4682 3384 4734 hominem
3416 4680 3617 4750 junges

2034 4749 2189 4813 bant,
2239 4750 2334 4804 sed
2398 4749 2631 4806 hominis
2682 4754 2871 4807 avulsa
2920 4761 3099 4806 mente
3135 4759 3412 4804 truncum.
3457 4749 3617 4815 Quod

2035 4833 2134 4892 ceu
2200 4821 2424 4892 impium
2476 4822 2671 4876 refellit
2727 4823 3227 4892 Epiphaniusitum
3271 4821 3380 4892 hic,
3414 4822 3614 4892 tumin

2043 4890 2234 4943 literesi
2277 4891 2361 4955 7'1,
2394 4894 2638 4947 numeris
2670 4893 2739 4946 9.5
2769 4890 2932 4946 i196.
2968 4890 3103 4944 Illud
3140 4906 3269 4944 vero
3297 4890 3364 4944 de
3405 4890 3613 4959 duplici

2038 4961 2292 5032 hominis
2330 4962 2533 5026 anima,
2591 4964 2736 5032 quod
2778 4977 2926 5016 mera
2969 4968 3116 5016 esset
3161 4961 3616 5032 philosophorum

2036 5030 2225 5099 Opinio
2266 5031 2337 5102 fin
2392 5030 2619 5102 scholis
2660 5033 2903 5102 ipsorum
2956 5032 3271 5101 disputata;
3311 5046 3408 5102 nec
3432 5031 3616 5099 aliqua

2035 5108 2183 5171 esset
2216 5101 2394 5154 adhuc
2435 5100 2693 5157 Ecclesiae
2742 5100 3061 5156 deﬁnitione
3112 5101 3455 5171 proscripta;
3507 5115 3615 5152 non

2038 5183 2069 5221 a
2092 5169 2310 5223 Patrum
2345 5172 2703 5227 universitate
2732 5174 2930 5241 rejecta
2956 5190 2970 5238 ;
3018 5188 3088 5227 ne
3114 5169 3614 5241 adversariismo-

2037 5241 2361 5294 lestuscitra
2391 5245 2772 5297 necessitatem
2789 5237 3068 5304 evaderet,
3085 5242 3345 5294 intactum
3369 5237 3618 5292 modeste

2036 5310 2311 5382 reliquit._
2340 5312 2409 5365 At
2457 5314 2647 5382 quinto
2682 5315 2897 5367 labente
2939 5313 3197 5366 Ecclesia:
3232 5312 3437 5382 saeculo
3467 5308 3616 5361 Gen-

2037 5381 2234 5435 nadius
2264 5380 2619 5438 Massiliensis
2650 5383 2861 5436 inlibro
2893 5382 2969 5436 De
2993 5380 3364 5435 ecclesiasticis
3405 5380 3618 5447 dogma-

2040 5450 2201 5513 tibus,
2234 5452 2375 5506 inter
2426 5452 2677 5522 dogmata
2732 5451 2867 5522 illud
2912 5458 3160 5505 recenset
3206 5465 3327 5518 cap.
3373 5450 3462 5522 15,
3498 5465 3619 5522 non

2038 5538 2151 5575 esse
2182 5522 2316 5575 duas
2382 5519 2590 5575 animas
2621 5522 2676 5575 in
2702 5537 2807 5575 uno
2849 5520 3075 5585 homine,
3107 5536 3266 5573 unam
3301 5519 3618 5580 animalem,

2038 5607 2143 5661 qua
2172 5593 2433 5645 animetur
2457 5606 2666 5660 corpus,
2696 5601 2745 5646 et
2771 5592 3007 5645 immista
3047 5592 3113 5645 sit
3138 5590 3429 5659 sanguine;
3464 5599 3515 5642 et
3536 5588 3621 5643 a5.-

2039 5674 2205 5718 teram
2231 5663 2543 5733 spiritalem,
2569 5677 2686 5733 qum
2719 5663 2975 5718 rationem
3015 5662 3297 5717 ministret.

3632 5723 3646 5756 ί
