3916 6196
310 266 415 326 161

1740 267 2184 327 ANCUltATUS.

3488 277 3597 340 162

316 375 640 450 γινομένων.
690 376 855 445 Νοῦς
896 378 997 450 μὲν
1034 378 1148 449 γὰρ
1176 378 1418 450 ῥήματα
1464 381 1771 451 διακρίνει,
1804 385 1893 439 λά-

2014 383 2162 437 illam
2206 383 2674 450 commemoravit,
2720 401 2884 456 quam
2937 390 3224 463 Scriptura
3274 395 3450 451 cordis
3496 415 3595 451 nu-

311 468 471 539 ρυγξ
529 467 597 521 δὲ
640 468 783 522 σῖτα
822 471 1075 539 γεύεται.
1124 473 1469 540 Διακριτικὺς
1506 475 1561 527 δὲ
1599 475 1628 526 ὁ
1680 476 1803 540 νοῦς
1849 480 1906 532 ὲν

314 564 396 631 τῷ
438 559 727 633 ἀνθρώπῳ,
752 560 906 615 οὔπω
958 562 1015 616 δὲ
1067 565 1660 637 συγκαταθετικδς,ὲὰν
1705 569 1779 640 μὴ
1829 572 1907 634 εἰς

318 652 535 724 τροπὴν
559 653 746 706 ἑαυτὸν
775 653 885 724 δῴη
896 695 910 708 .

2018 478 2166 530 mine
2196 477 2505 546 signiticare
2530 481 2667 533 solet
2698 503 2707 534 ;
2745 497 2865 550 qua:
2892 486 3057 542 totius
3091 488 3326 544 hominis
3353 489 3463 544 dux
3487 499 3593 554 est,

2016 578 2076 623 ut
2108 570 2180 623 ita
2204 571 2405 635 dicam,
2440 582 2493 625 et
2526 574 2755 643 auriga;
2784 591 2907 643 qua:
2941 577 3083 632 bona
3116 595 3181 634 ac
3218 582 3359 635 mala
3390 583 3597 637 discer-

2012 668 2116 731 nit,
2166 675 2220 723 et
2276 684 2464 723 eorum
2518 685 2638 737 qua:
2691 669 2746 722 in
2800 672 2960 725 nobis
3006 674 3271 741 pratclare
3326 682 3595 743 geruntur

322 750 601 819 probatrix
634 758 735 805 est.
787 749 940 804 Mens
1000 766 1147 805 cntm
1196 753 1352 806 verba
1396 754 1699 823 dijudicat;
1758 767 1937 827 guttur
1967 778 2084 817 vero
2136 765 2277 816 cibos
2331 763 2640 833 degustat‘.
2716 764 2887 821 Porro
2940 781 3093 821 mens
3157 768 3209 819 itt
3246 767 3467 821 homine
3514 767 3595 819 di-

322 846 511 899 scendi
562 846 664 899 vim
734 846 929 913 habet;
976 848 1219 902 nondum
1275 857 1455 904 tamen
1504 866 1625 907 sesc
1676 853 1743 906 ad
1795 858 2207 912 assentiendum
2257 858 2532 925 inclinat,
2598 860 2707 914 nisi
2764 862 3125 923 semetipsam
3176 868 3478 914 commutet
3527 873 3593 913 ac

317 947 624 994 conteriat.

391 1042 505 1096 ΟΖ’.
549 1047 617 1099 Τί
644 1042 748 1103 οῦν
789 1048 934 1116 ἔδοξέ
974 1070 1085 1106 τισι
1130 1055 1318 1110 τοῦτον
1357 1059 1465 1112 ἀπὸ
1508 1061 1607 1130 τῆς
1645 1062 1915 1133 ἐνανορω-

311 1140 539 1206 πήσεως
566 1139 666 1192 τοῦ
702 1142 910 1211 Κυρίου
956 1147 1390 1216 παρεκόάλλειν;
1419 1152 1484 1203 Τί
1524 1152 1582 1204 δὲ
1621 1154 1911 1225 ὠφέλησαν

2088 1062 2349 1117 LXXVII.
2395 1062 2528 1129 Qum
2565 1080 2688 1118 eum
2736 1064 2810 1117 ita
2856 1064 2988 1130 sint,
3032 1066 3162 1134 quid
3198 1067 3414 1122 tandem
3446 1083 3588 1122 non-

2017 1154 2186 1207 nullis
2225 1154 2278 1206 in
2311 1155 2553 1207 animum
2587 1154 2802 1217 incidit,
2836 1162 2895 1207 ut
2930 1154 3000 1207 ab
3032 1167 3311 1226 assumpta
3350 1159 3589 1216 hominis

308 1228 407 1281 τὸν
439 1227 578 1297 βίον,
609 1233 688 1294 είς
720 1235 1129 1290 ἀκαταστασίαν
1186 1240 1385 1308 μᾶλλον
1422 1243 1753 1313 τρέψαντες
1792 1245 1822 1314 ἢ
1859 1262 1888 1296 τ

2012 1260 2041 1297 a
2074 1245 2293 1298 Christo
2335 1256 2531 1299 natura
2577 1254 2813 1299 mentem
2845 1248 3245 1302 excluderent?
3282 1249 3399 1315 Qua
3435 1252 3490 1304 in
3530 1266 3589 1305 re

311 1320 478 1373 τοῦτο
498 1321 730 1392 ἔϐλαψεν
750 1326 895 1394 ἡμᾶς
922 1326 954 1395 ἢ
982 1327 1263 1399 ὠφέλησεν
1286 1348 1300 1397 ;
1328 1333 1392 1384 ἵν’
1414 1333 1585 1397 οὕτως
1606 1336 1742 1387 εἴπω
1765 1337 1901 1404 (53),

314 1411 634 1483 βοηθήσωσι
665 1414 739 1485 τῷ
762 1416 1017 1486 Χριστῴ;
1060 1419 1091 1489 ἢ
1148 1421 1236 1474 ἵνα
1273 1424 1432 1493 χάριν
1465 1425 1610 1494 αὑτῴ
1638 1427 1904 1497 ποιήσωσι

312 1504 570 1575 μεγάλην
591 1504 811 1574 ταύτην,
851 1509 946 1561 καὶ
974 1509 1198 1563 εἴπωσιν
1220 1512 1389 1583 αὐτῷ,
1412 1515 1527 1568 υὺκ
1550 1515 1709 1568 ἔλαϐε
1740 1516 1863 1571 νοῦν
1885 1536 1900 1583 ;

306 1596 585 1651 Γαλάται
630 1599 729 1668 μὲν
769 1598 878 1670 γὰρ
918 1600 1179 1669 ἀνόητοι,
1224 1604 1319 1655 καὶ
1354 1602 1585 1671 Κρῆτες
1632 1606 1721 1659 ἀεὶ
1754 1606 1903 1674 ψεῦ-

2014 1344 2107 1389 aut
2138 1350 2301 1404 quam
2328 1337 2545 1391 demum
2579 1338 2853 1392 communi
2889 1339 3009 1392 vita:
3050 1340 3333 1393 utilitatem
3383 1343 3587 1410 impor-

2012 1431 2221 1488 tarunt,
2255 1441 2418 1494 quam
2453 1426 2629 1481 turbis
2671 1427 2855 1493 potius
2890 1442 2954 1481 ac
2989 1428 3313 1483 tumultibus
3348 1431 3589 1486 miscue-

2010 1515 2185 1569 runt?
2225 1515 2390 1580 Quid,
2438 1516 2688 1585 inquam,
2728 1530 2792 1570 ea
2833 1532 2922 1570 res
2956 1516 3269 1571 detrimenti
3304 1519 3484 1582 nobis,
3528 1527 3588 1573 ut

2008 1608 2081 1659 ita
2103 1606 2299 1671 dicam,
2327 1616 2422 1660 aut
2441 1608 2793 1661 emolumenti
2817 1610 3033 1662 attulit?
3052 1624 3121 1663 an
3147 1617 3204 1663 ut
3226 1610 3445 1665 Christo
3471 1612 3588 1681 opi-

308 1705 475 1750 σται,
517 1690 615 1742 καὶ
652 1691 901 1759 Ἐφραῒμ
943 1693 1265 1761 περιστερὰ
1299 1693 1485 1759 ἄνους
1506 1713 1519 1724 ’
1557 1697 1584 1747 ὁ
1612 1696 1667 1749 δὲ
1697 1697 1893 1769 Κύριος

2008 1696 2331 1760 tularentur,
2384 1696 2489 1751 ista
2543 1696 2845 1751 dixerunt?
2897 1712 2967 1751 an
3022 1706 3081 1752 ut
3132 1714 3386 1769 magnam
3423 1702 3493 1755 ab
3519 1716 3586 1755 eo

306 1780 471 1851 ἡμῶν
517 1781 946 1853 ὲνανορωπήσας
978 1786 1057 1847 είς
1103 1785 1194 1837 τὸν
1232 1785 1345 1854 βίον
1372 1785 1440 1838 τὰ
1479 1787 1655 1840 πάντα
1684 1789 1904 1854 τελείως

306 1871 593 1942 ἀνείληφε,
628 1872 831 1941 μᾶλλον
860 1874 918 1926 δὲ
970 1873 1129 1927 ἔλαϐε
1170 1876 1331 1938 αὑτὸς
1357 1876 1451 1929 τοῦ
1487 1876 1687 1932 ἑαυτοῦ
1718 1879 1903 1951 σώμαο

307 1980 402 2026 τος
423 1962 665 2031 γεγονὼς
689 1964 955 2036 πλάστης,
974 1966 1137 2029 αὑτὸς
1154 1967 1332 2036 ἐαυτῷ
1360 1968 1540 2022 λαϐὼν
1574 1970 1672 2041 τὴν
1701 1970 1900 2043 ψυχὴν,

311 2052 431 2121 ἦτοι
485 2052 679 2117 ἐνθείς.
736 2055 892 2117 Τινὲς
918 2056 975 2107 δὲ
1014 2055 1327 2127 βουλόμενοι
1355 2058 1552 2129 ἐλλιπῆ
1598 2064 1771 2113 ποιεῖν
1804 2061 1901 2131 τὴν

309 2144 577 2217 ἐνσαρκον
630 2145 871 2217 Χριστοῦ
915 2148 1219 2219 παρουσίαν
1260 2150 1355 2203 καὶ
1402 2150 1616 2204 τελείαν
1655 2154 1712 2205 ὲν
1753 2152 1899 2223 αὑτῷ

309 2236 645 2307 οἰκονομίαν,
699 2237 800 2291 οὐκ
850 2232 968 2291 οἶδα
1024 2238 1078 2291 τί
1127 2240 1519 2311 διανοούμενοι,
1576 2242 1677 2294 οὑκ
1724 2242 1901 2314 ὀρθῶς

310 2320 489 2389 εἷπον,
507 2325 632 2380 νοῦν
648 2327 739 2379 τὸν
760 2328 999 2398 Χριστὸν
1019 2330 1093 2401 μὴ
1109 2330 1411 2400 εἰληφέναι.
1441 2330 1767 2385 ’Υπόστασιν
1784 2332 1897 2404 (54)

309 2415 369 2469 δὲ
397 2406 547 2469 οὗτοι
570 2417 663 2470 τὸν
692 2418 819 2471 νοῦν
841 2419 1155 2489 νομίζουσιν
1176 2416 1340 2485 εἶναι,
1364 2423 1459 2475 καὶ
1476 2422 1635 2491 φύσει
1660 2422 1899 2494 τολμῶσι

310 2505 489 2574 λέγειν
540 2506 603 2559 τὸ
644 2506 835 2571 εἰωθὸς
861 2510 920 2564 ὲν
956 2512 1023 2581 τῇ
1060 2511 1251 2581 Γραφῇ
1291 2510 1568 2579 λέγεσθαι,
1610 2512 1669 2566 ὲν
1699 2511 1775 2583 τῷ
1805 2514 1899 2566 ἀν-

312 2596 517 2668 θρώπῳ
569 2599 806 2670 πνεῦμα,
851 2599 926 2663 ὡς
958 2600 1105 2669 λέγει
1143 2604 1172 2655 ὁ
1223 2602 1543 2666 Ἀπόστολος
1568 2622 1581 2635 ·
1609 2606 1742 2660 Ἵνα
1766 2605 1899 2658 ὀλό-

310 2694 545 2758 κληρον
562 2690 731 2760 ἡμῶν
757 2691 824 2746 τὸ
844 2693 1080 2762 πνεῦμα
1107 2693 1205 2746 καὶ
1235 2695 1273 2762 ἡ
1291 2694 1464 2767 ψυχὴ
1497 2696 1597 2748 καὶ
1620 2696 1687 2748 τὸ
1726 2695 1900 2765 σῶμα

308 2780 380 2834 ἐν
422 2779 499 2849 τῇ
546 2781 737 2851 ἡμέρᾳ
794 2784 900 2837 τοῦ
931 2784 1155 2852 Κυρίου
1193 2782 1363 2852 ἡμῶν
1407 2785 1610 2851 ’1ησοῦ
1642 2786 1898 2855 Χριστοῦ

310 2873 610 2942 τηρηθείη.
661 2873 992 2941 Σφάλλονται
1054 2869 1169 2930 οὖν.
1214 2876 1277 2929 El
1338 2875 1447 2946 γάρ
1499 2877 1617 2928 ἐστι
1660 2877 1785 2941 νοῦς
1839 2877 1898 2931 τὸ

309 2962 550 3034 πνεῦμα,
571 2963 667 3016 καὶ
695 2962 756 3015 τὸ
785 2964 1000 3035 πνεῦμα
1016 2964 1161 3029 νοῦς,
1190 2966 1264 3030 ὡς
1287 2967 1382 3020 καὶ
1407 2966 1561 3020 αὐτοὶ
1589 2967 1894 3038 νομίξουσι,

306 3056 454 3127 ψυχὴ
483 3056 541 3109 δὲ
586 3056 719 3128 ἄλλη
773 3056 925 3126 παρὰ
967 3057 1059 3111 τὸν
1099 3055 1223 3111 νοῦν
1257 3058 1350 3112 καὶ
1380 3057 1532 3129 παρὰ
1567 3058 1629 3112 τὸ
1657 3059 1895 3130 πνεῦμα,

307 3146 491 3200 οὑκέτι
546 3145 639 3198 δύο
665 3145 994 3209 ὑποστάσεις
1026 3146 1141 3217 (35)
1176 3148 1233 3199 ὲν
1257 3146 1335 3217 τῷ
1369 3144 1662 3217 ἀνθρώπῳ,
1699 3148 1757 3201 ἐν
1798 3148 1897 3218 μιᾷ

309 3239 675 3307 συναγόμεναι
730 3237 1057 3290 ὑποστάσει·
1120 3238 1304 3291 οὐκέτι
1349 3238 1712 3302 ὲνυπόστατος
1759 3239 1896 3309 μόνη

305 3330 452 3400 ψυχὴ
476 3330 573 3383 καὶ
602 3331 965 3383 ὲνυπόστατον
992 3328 1052 3382 τὸ
1082 3328 1261 3399 σῶμα,
1298 3328 1412 3383 ἀλλ’
1447 3329 1761 3401 εὑρήκαμεν
1790 3329 1901 3383 λοι-

308 3417 413 3470 πον
443 3418 718 3490 τέσσαρας
739 3435 753 3449 ·
782 3417 907 3481 νοῦς
944 3417 1042 3489 μία
1080 3417 1398 3485 ὑπόστασις,
1434 3417 1582 3490 ψυχὴ
1618 3418 1754 3489 άλλη
1776 3418 1901 3472 ὑπό-

306 3523 520 3569 στασις,
549 3507 770 3577 πνεῦμα
801 3508 937 3578 ἄλλη
967 3507 1287 3571 ὑπόστασις,
1324 3506 1483 3578 σῶμα
1506 3507 1639 3577 άλλη
1665 3509 1899 3562 ὑπόστα-

307 3613 416 3660 σις.
452 3598 560 3649 Καὶ
588 3598 683 3651 ἐὰν
724 3598 886 3652 πάλιν
937 3599 1342 3669 ἑρευνὴσωμεν,
1376 3598 1469 3651 ἐπὶ
1516 3598 1675 3652 πλέον
1705 3598 1895 3653 ἔσται’

305 3688 499 3758 ἐπειδὴ
547 3688 658 3759 γὰρ
707 3688 878 3742 πολλὰ
935 3690 1176 3760 ὀνόματα
1215 3687 1478 3758 κέκτηται
1525 3690 1553 3741 ὁ
1588 3688 1892 3761 ἄνθρωπος,

302 3778 407 3831 καὶ
462 3781 495 3831 d
530 3780 652 3832 ἔσω
683 3779 993 3847 ἄνθρωπος
1036 3781 1129 3833 καὶ
1174 3781 1207 3833 ὁ
1261 3778 1377 3842 ἕξω
1421 3779 1762 3847 ἅνθρωπος·
1802 3779 1894 3833 καὶ

301 3868 483 3921 ταῦτα
512 3870 689 3924 πάντα
713 3872 746 3942 η
773 3872 811 3922 Γ
817 3870 962 3941 ραφὴ
980 3871 1170 3941 εἴρηκε
1202 3870 1572 3941 νοηματικῶς,
1598 3870 1891 3940 περισφίγ-

303 3976 490 4028 γουσα
524 3962 678 4030 ἡμῶν
718 3961 817 4032 τὴν
858 3961 1117 4025 διάνοιαν,
1153 3962 1239 4014 ἵνα
1274 3961 1439 4031 μηδὲν
1478 3960 1893 4030 καταλείψωμεν

296 4051 412 4122 τῆς
431 4054 721 4123 σωτηρίας,
748 4053 881 4124 μηδὲ
909 4053 1182 4125 πρόφασις
1201 4054 1334 4122 ἡμῖν
1360 4052 1582 4122 γένηται
1601 4050 1695 4103 τοῦ
1728 4051 1891 4122 ὲκὸἧ-

294 4160 397 4199 ναι
450 4142 545 4197 τοῦ
592 4147 976 4216 προκειμένου.
1034 4145 1189 4197 Ἔστι
1226 4142 1336 4215 γὰρ
1381 4144 1559 4198 ταῦτα
1588 4145 1645 4198 ἐν
1682 4143 1759 4216 τῷ
1790 4143 1888 4199 ἀν-

392 4321 412 4355 ί
439 4321 546 4379 Job
584 4338 689 4389 xu,
722 4324 810 4378 tl.
888 4325 908 4355 '
939 4322 1058 4379 Cal.
1092 4326 1173 4391 ni,
1206 4324 1259 4379 1.

378 4478 493 4546 (33)
519 4476 701 4533 Locus
732 4480 984 4533 vitiosus.
1019 4477 1176 4534 Eutr.

377 4548 491 4618 (54)
522 4550 900 4602 ἰ’πόστασιν.
926 4549 1120 4603 Narrat
1144 4546 1549 4618 Epiphaniusin
1574 4546 1766 4604 hmresi
1793 4548 1882 4610 77,

297 4632 389 4679 se,
418 4617 725 4689 Antiochia:
750 4633 872 4673 cum
894 4627 1060 4681 esset,
1096 4617 1426 4689 colloquium
1466 4618 1726 4689 habuisse
1750 4632 1881 4689 cum

297 4688 766 4765 épollinaristiue
788 4698 965 4765 secta:
984 4687 1349 4765 primoribus,
1369 4702 1507 4765 quos
1528 4688 1669 4765 inter
1697 4687 1884 4765 aderat

298 4754 506 4829 Vitatis
529 4758 621 4829 ille
659 4758 946 4829 presbyter
978 4754 1069 4828 qui
1107 4774 1136 4811 a
1176 4754 1761 4813 Meletio'Antiocheno
1788 4758 1886 4810 de-

299 4826 501 4880 ﬁciens
526 4827 623 4897 ad
659 4826 861 4883 'eorutit
916 4826 1296 4897 haereticorum
1336 4836 1648 4883 accesserat
1676 4834 1882 4897 partes.

296 4895 763 4964 quemadmodum
812 4898 971 4953 nobis
1027 4896 1365 4953 Sozomenus
1429 4905 1618 4950 narrat
1676 4894 1749 4949 11.
1812 4896 1875 4949 Ε.

298 4966 446 5037 libro
472 4981 702 5037 vincap.
746 4966 836 5020 25.
872 4966 948 5021 Eo
976 4968 1141 5037 igitur
1172 4969 1224 5021 in
1259 4981 1558 5036 congressu
1590 4974 1879 5037 postquam

297 5035 503 5107 multa
543 5034 761 5091 fuerant
802 5037 871 5091 ab
915 5034 1149 5107 utraque
1197 5046 1347 5107 parte
1374 5034 1445 5089 'in
1488 5034 1727 5107 medium
1757 5049 1882 5107 pro-

297 5104 435 5167 lata,
473 5104 740 5178 homines
782 5107 907 5163 illos
954 5104 1254 5178 interrogat
1312 5105 1668 5176 Epiphanius,
1725 5104 1883 5178 quid-

297 5188 445 5245 nam
472 5174 548 5228 illi
574 5177 863 5231 crederent
915 5193 1039 5233 esse
1065 5174 1189 5231 eatti
1241 5174 1499 5245 mentem,
1535 5191 1697 5245 quam
1725 5175 1884 5228 Chri-

299 5251 394 5297 sto
416 5243 791 5316 denegabant?
822 5263 951 5301 num
972 5246 1268 5299 ὑπόστασιν
1295 5243 1576 5316 aliquant?
1608 5244 1682 5298 Ea
1708 5245 1883 5316 inter-

296 5314 587 5383 rogatione
616 5317 853 5387 perculsi
906 5317 1176 5387 principio
1211 5314 1509 5387 admittunt
1541 5315 1882 5387 hypostasim

296 5397 449 5457 esse,
483 5384 1199 5457 eutn'videlicet—spiritum,
1232 5387 1325 5456 qui
1368 5384 1682 5457 hominibus
1716 5386 1771 5438 in
1800 5384 1884 5437 di-

300 5452 447 5506 vinis
488 5454 788 5524 Scripturis
837 5452 1119 5511 tribuitur.
1182 5452 1353 5509 Instat
1389 5455 1751 5526 Epiphanius,
1791 5469 1883 5507 ur-

298 5530 499 5595 ﬁetque
532 5528 785 5594 spiritum
812 5528 961 5580 illum
988 5541 1113 5582 esse
1139 5540 1168 5579 a
1194 5533 1375 5581 tuente
1389 5525 1707 5580 distinctum
1727 5525 1881 5595 juxta

297 5593 437 5665 illud
474 5593 533 5649 Β.
570 5593 747 5649 ῬίωΙί
785 5595 1069 5650 :Psatlam
1110 5596 1326 5665 spiritu,
1382 5595 1610 5665 psallunt
1638 5604 1687 5649 et
1715 5593 1884 5665 ruente

299 5660 350 5729 (ι
368 5662 499 5720 Cor.
535 5680 648 5735 xiv,
675 5665 810 5739 15).,
837 5666 921 5723 Ad
951 5667 1064 5726 haec
1096 5660 1322 5726 hatsisse
1354 5660 1478 5725 illos
1510 5672 1697 5724 narrat
1737 5664 1882 5724 idem

2008 1786 2111 1840 hac
2165 1788 2378 1843 ratione
2430 1790 2662 1858 gratiam
2723 1790 2863 1844 inire
2913 1799 3159 1860 possent,
3192 1806 3315 1845 cum
3347 1802 3586 1848 mentem

2006 1878 2054 1933 ei
2088 1878 2477 1935 detraherent?
2501 1878 2709 1934 Galatia
2738 1881 2959 1951 quidem
2991 1883 3289 1951 insipientes
3309 1885 3349 1949 ³,
3379 1892 3433 1938 et
3461 1884 3588 1941 Cre-

2008 1976 2081 2021 tes
2117 1986 2319 2039 semper
2349 1970 2626 2024 mendaces
2650 1971 2691 2033 ³,
2724 1980 2777 2024 et
2804 1970 3060 2040 Ephraim
3080 1972 3323 2026 columba
3355 1973 3586 2028 stolida‘

2005 2058 2062 2110 in
2114 2058 2398 2128 Scriptura
2454 2061 2841 2133 appellantur;
2896 2062 3163 2118 Dominus
3223 2080 3348 2119 vero
3393 2076 3585 2120 noster

2004 2156 2261 2202 naturam
2307 2150 2550 2205 hominis
2601 2154 2656 2206 in
2710 2152 2812 2206 hoc
2844 2154 3051 2207 mundo
3089 2156 3419 2223 suscipiens,
3460 2172 3586 2226 per—

2005 2245 2143 2296 tecte
2175 2244 2477 2313 assumpsit
2519 2245 2725 2313 omnia,
2765 2245 2869 2312 vel,
2914 2255 2975 2301 ut
3024 2248 3204 2303 verius
3232 2249 3434 2314 dicam,
3475 2249 3582 2304 sibi

2006 2331 2319 2401 conjunxit,
2345 2340 2530 2402 utpote
2544 2334 2637 2403 qui
2655 2350 2815 2389 suum
2835 2334 2939 2390 sibi
2960 2350 3162 2406 corpus
3184 2336 3412 2403 ellinxit,
3448 2338 3585 2393 sibi-

2006 2438 2117 2492 que
2148 2424 2385 2477 animam
2414 2424 2531 2494 ipse
2559 2425 2818 2494 sumpsit,
2853 2426 2936 2480 vel
2971 2427 3152 2496 potius
3184 2427 3400 2483 indidit.
3450 2426 3585 2495 Qui-

2003 2514 2129 2569 dam
2161 2530 2292 2570 vero
2346 2514 2555 2570 Christi
2587 2515 2805 2573 Domini
2844 2517 3279 2576 incarnationem
3311 2528 3366 2576 et
3395 2536 3584 2578 susce-

2005 2613 2153 2677 ptatn
2186 2606 2254 2661 ab
2284 2621 2350 2660 eo
2377 2616 2632 2661 naturam
2675 2608 2915 2664 hominis
2958 2624 3209 2664 mancam
3255 2610 3466 2667 ellicere
3493 2627 3584 2666 ευ-

2005 2698 2239 2767 pientes,
2261 2699 2448 2753 nescio
2466 2698 2597 2769 quid
2619 2699 2673 2753 in
2692 2700 2934 2755 animum
2952 2701 3305 2769 induxerunt,
3324 2710 3381 2757 ut
3398 2718 3585 2773 perpe—

2003 2801 2121 2840 ram
2152 2785 2432 2841 Christum
2461 2804 2573 2841 non
2593 2789 2964 2857 assumpsisse
2989 2801 3223 2846 mentem
3248 2798 3580 2847 assererent.

2003 2874 2105 2941 Qui
2140 2874 2359 2945 quidem
2390 2886 2626 2931 mentem
2665 2878 2981 2947 bypostasin
3018 2880 3309 2951 quamdam
3344 2894 3410 2934 ac
3456 2897 3585 2952 per-

2003 2980 2197 3019 sonam
2244 2980 2367 3021 esse
2412 2966 2515 3020 sibi
2558 2966 2931 3035 persuadent;
2982 2978 3036 3023 et
3078 2968 3146 3021 ad
3208 2968 3263 3022 id
3314 2970 3576 3040 spiritum

2004 3058 2156 3112 illum
2182 3057 2274 3128 qui
2306 3058 2363 3111 in
2397 3055 2699 3127 Scripturis
2724 3060 3143 3114 commemorari
3168 3060 3326 3124 solet,
3363 3076 3581 3119 accom~

2006 3148 2230 3203 modare
2280 3162 2391 3202 non
2444 3146 2737 3214 dubitant;
2796 3149 2963 3203 veluti
3006 3164 3129 3203 cum
3169 3149 3302 3203 dicit
3341 3151 3581 3220 Aposto-

2006 3238 2091 3293 lus
2122 3257 2134 3292 :
2169 3236 2236 3291 Ut
2270 3239 2468 3309 integer
2508 3247 2686 3291 noster
2728 3240 2945 3308 spiritus
2999 3250 3048 3293 et
3081 3241 3261 3294 anima
3300 3251 3350 3295 et
3388 3258 3579 3312 corpus

1998 3327 2107 3402 83
2162 3332 2215 3384 in
2249 3330 2335 3384 die
2383 3329 2598 3384 Domini
2646 3331 2814 3385 nostri
2856 3329 2985 3385 Jesu
3029 3330 3229 3387 Christi
3280 3329 3579 3391 servetur‘.

2004 3420 2208 3475 Verum
2250 3420 2342 3475 isti
2378 3421 2730 3477 vehementer
2754 3422 3013 3492 opinione
3042 3421 3166 3479 falsi
3191 3433 3353 3492 sunt;
3376 3426 3581 3482 etenim

1999 3509 2044 3567 si
2095 3526 2251 3565 mens
2301 3510 2443 3565 idem
2488 3516 2574 3566 est
2617 3527 2681 3566 ac
2726 3514 2977 3583 spiritus,
3012 3522 3069 3568 ut
3108 3522 3163 3569 et
3205 3514 3282 3569 illi
3328 3525 3576 3580 censent,

1997 3600 2180 3654 anima
2211 3614 2340 3655 vero
2386 3610 2582 3670 praeter
2610 3606 2847 3655 mentem
2898 3615 2965 3655 ac
3014 3601 3272 3671 Spiritum
3318 3603 3423 3655 alia
3456 3610 3570 3657 est:

1996 3707 2106 3745 non
2144 3692 2256 3761 jam
2294 3706 2541 3761 persona:
2574 3692 2629 3745 in
2662 3691 2883 3748 homine
2926 3691 3067 3756 dum,
3098 3700 3151 3747 et
3180 3693 3235 3746 in
3262 3708 3423 3747 unam
3452 3708 3576 3761 per-

1994 3799 2183 3839 sonam
2223 3783 2471 3838 conllatze
2511 3790 2659 3848 sunt,
2703 3799 2880 3853 neque
2932 3783 3047 3837 sola
3085 3784 3195 3852 jam
3237 3783 3417 3835 anima
3458 3796 3573 3836 cor-

1993 3889 2162 3944 pusve
2180 3873 2443 3926 subsistet
2468 3891 2483 3936 ;
2512 3870 2607 3927 sed
2635 3880 2871 3941 quatuor
2896 3871 2995 3923 hac
3026 3869 3236 3924 ratione
3261 3868 3571 3924 subsisten-

1993 3966 2079 4018 tia:
2120 3971 2486 4032 consurgent;
2513 3978 2665 4016 mens
2712 3963 2857 4015 enim
2900 3960 3259 4015 subsistentia
3293 3960 3399 4014 erit
3428 3974 3570 4027 una;

1990 4063 2105 4109 tutn
2131 4054 2313 4108 anima
2337 4052 2699 4119 subsistentia
2750 4051 2854 4106 erit
2897 4051 3105 4118 altera;
3171 4051 3332 4106 tertia
3385 4051 3570 4106 subsi-

1992 4143 2191 4197 stentia
2218 4140 2448 4212 spiritus
2476 4141 2618 4208 erit;
2663 4138 3131 4211 corpusdenique
3181 4148 3378 4211 quarta
3433 4141 3569 4196 sub-

1334 4323 1355 4356 ⁸
1386 4322 1495 4380 Tit.
1527 4338 1569 4393 t,
1594 4322 1680 4379 12.
1755 4322 1779 4354 ⁵
1807 4321 1936 4379 Ose.
1971 4338 2068 4388 vn,
2105 4320 2188 4375 ll.
2261 4318 2282 4352 ⁸
2304 4318 2347 4375 ll
2376 4316 2569 4376 Thess.
2601 4335 2685 4386 ιιι,
2709 4316 2801 4375 ‘23.

1921 4483 1962 4537 ι)
1991 4474 2457 4557 .Epiphaniusn‘et
2504 4476 2810 4557 implicatos
2861 4476 2960 4541 nil,
2994 4475 3164 4557 _quod
3217 4482 3571 4557 reponerent,

1988 4545 2293 4618 invenisse.
2350 4545 2486 4618 ilice
2522 4545 2767 4618 narratio
2810 4562 2911 4618 nos
2975 4545 3147 4618 docet
3180 4545 3457 4618 quomodo
3515 4557 3575 4602 et

1988 4632 2095 4685 qua
2114 4617 2407 4671 occasione
2437 4615 2676 4669 dixerint
2704 4616 3110 4685 Apuliinuristae
3141 4615 3381 4673 hominis
3411 4632 3571 4671 men-

1988 4684 2097 4740 tem
2157 4700 2281 4740 esse
2346 4685 2727 4755 hypostasim,
2757 4684 2877 4749 Quo
2931 4695 3135 4755 autem,
3169 4701 3333 4755 sensu
3382 4700 3571 4739 vocent

1986 4756 2136 4809 illam
2171 4753 2576 4824 usurpaverint,
2609 4754 2765 4824 tacile
2790 4769 2899 4807 nctt
2926 4763 3009 4808 est
3038 4753 3581 4823 deiinire.‘Petavius,

1986 4824 2076 4879 cui
2120 4822 2453 4894 suﬂragatur
2499 4822 2870 4894 Thomasius,
2895 4824 3289 4894 interpretatur
3331 4828 3401 4877 de
3445 4822 3573 4893 per;

1985 4909 2140 4965 spna.
2182 4891 2315 4961 Quae
2343 4908 2468 4965 vero
2496 4894 2679 4965 paulo
2715 4891 2947 4965 inferius
2981 4891 3171 4965 eodem
3215 4894 3318 4965 hoc
3348 4894 3404 4947 in
3435 4891 3572 4965 loco

1988 4962 2328 5035 Epiphanius
2351 4962 2536 5035 habet,
2572 4962 2815 5035 indicare
2853 4964 3107 5035 videntur
3145 4962 3570 5035 Apollittaristas

1989 5033 2341 5098 ὑποστάσεως
2372 5034 2590 5089 nomine
2620 5033 3008 5102 substantiam,
3049 5034 3166 5089 sive
3191 5033 3378 5087 οὐσίαν
3408 5033 3572 5088 intel-

1988 5104 2207 5160 texisse.

2060 5174 2320 5245 (ὅὸλΔύο
2351 5172 2741 5245 ὑποστάσεις.
2780 5178 2999 5229 Auente
3025 5175 3225 5245 cogita,
3252 5166 3567 5245 vide,_quid

1989 5240 2337 5307 ὑποστάσεως
2380 5245 2599 5297 nomine
2650 5244 2761 5314 illic
2796 5246 2868 5298 sit
2914 5240 3353 5314 intelligendum.
3392 5240 3448 5296 Si
3474 5241 3566 5314 οὑ-

1990 5314 2113 5368 σίαν
2137 5314 2613 5383 intelligas,_recte
2651 5328 2710 5367 se
2743 5313 2905 5367 habet
2936 5313 3075 5368 duas
3096 5312 3226 5369 esse
3259 5314 3312 5367 in
3344 5312 3565 5367 homine

1991 5399 2101 5437 uno
2132 5381 2380 5437 naturas.
2424 5381 2541 5435 Non
2577 5390 2757 5436 autem
2802 5384 2939 5437 bene
2982 5384 3235 5453 sequitur
3266 5384 3403 5453 duas
3442 5382 3567 5438 illas

1990 5464 2217 5523 naturas
2247 5455 2305 5523 in
2332 5466 2492 5505 unam
2522 5452 2833 5523 coalescere
2888 5451 3163 5523 naturam.
3197 5451 3302 5507 Sed
3334 5466 3566 5523 parcen.

1988 5522 2119 5576 dum
2146 5522 2444 5583 veteribus,
2467 5518 2665 5588 quibus
2698 5531 2954 5574 accurata
3002 5522 3189 5576 deerat
3218 5518 3368 5579 vocis
3415 5522 3565 5578 illius

1988 5593 2163 5664 notio.
2195 5593 2273 5646 Ex
2303 5593 2406 5646 hoc
2437 5592 2556 5664 loco
2583 5591 2792 5643 videtur
2831 5590 3128 5664 ὑποστασιν
3161 5595 3409 5663 posuisse
3436 5590 3566 5664 Epi-

1989 5662 2250 5736 pltanium
2282 5677 2381 5735 pro
2407 5661 2704 5721 cssistcnte
2726 5675 2804 5729 re,
2840 5660 2923 5719 vel
2948 5660 3277 5723 substantia.
