3916 6196
322 318 429 381 ωδ
1724 319 1782 375 s.
1825 318 2165 377 EPIPHANII
3484 291 3595 388 tot

322 437 596 496 sistentia.
625 437 742 495 lmo
770 436 816 493 si
854 435 1169 509 diligentius
1212 435 1581 507 inquiramus,
1633 453 1897 495 numerus

2011 440 2209 515 Βρώπῳ
2233 456 2247 472 ⁸
2284 440 2346 495 οὗ
2393 440 2498 513 χρὴ
2531 426 2607 494 δὲ
2640 440 2737 495 καὶ
2792 440 3297 513 πολυπραγμονεῖν.
3323 440 3518 510 Ὅμως
3539 446 3600 500 δι

322 528 428 587 iste
459 530 689 585 ulterius
718 529 935 585 extendi
967 527 1163 598 poterit
1191 545 1204 581 :
1238 527 1439 597 quippe
1464 529 1716 598 pluribus
1742 529 1905 585 homo

2012 536 2154 590 κατὰ
2175 536 2268 590 τὸν
2290 533 2514 588 ἐκείνων
2542 532 2721 602 λόγον,
2752 534 2801 587 εί
2826 533 2881 587 δὲ
2904 534 2933 586 6
2957 533 3083 598 νοῦς
3117 536 3235 588 ἐστι
3252 534 3317 589 τὸ
3350 535 3600 609 πνεῦμα,

325 621 786 692 appellationibus
839 618 1092 689 insigniri
1150 618 1309 685 solet,
1359 627 1419 673 ut
1481 636 1606 675 cum
1674 622 1895 675 interior

2011 627 2105 679 καὶ
2142 624 2203 678 τὸ
2256 623 2473 694 πνεῦμα
2508 623 2537 675 6
2582 622 2729 688 νοῦς,
2780 622 2950 676 ταῦτα
2987 623 3045 677 δὲ
3080 623 3236 689 ἐκτὸς
3279 625 3380 697 τῆς
3419 625 3606 697 ψυχῆς

325 724 490 787 atque
546 719 779 771 exterior
816 715 968 768 homo
1014 714 1253 771 dicitur:
1288 731 1408 786 quae
1447 718 1629 772 omnia
1666 716 1901 788 spiritali

2011 716 2266 787 ὑπάρχει,
2322 716 2486 770 πάλιν
2544 716 2649 770 τίνι
2688 716 2831 787 λόγῳ
2860 716 3027 785 λέγει,
3067 715 3250 771 Ψαλῶ
3298 718 3379 784 τῷ
3422 721 3606 775 aret?-

324 810 559 877 quodam
594 824 758 863 sensu
786 807 838 861 in
869 805 1169 878 Scripturis
1198 819 1553 881 usurpantur,
1584 818 1644 864 nt
1684 826 1748 865 ea
1791 826 1881 864 ra-

2011 826 2172 879 ματι,
2218 806 2397 877 ψαλῶ
2452 808 2551 862 καί
2596 806 2676 874 τῷ
2711 810 2838 873 rat;
2881 808 2981 862 Διὰ
3011 808 3170 863 τοῦτο
3202 808 3313 882 γὰρ
3344 810 3603 879 ἀπέδειξε

324 899 474 953 tione
507 910 715 954 mentes
756 906 976 954 nostras
1010 904 1340 973 astringant,
1369 920 1479 973 quo
1519 904 1722 957 nullam
1756 904 1903 958 salu-

2011 903 2086 973 μὴ
2124 900 2184 954 τὸ
2242 898 2460 973 πνεῦμα
2509 896 2649 954 εἶναι
2698 900 2789 955 τὸν
2843 899 2969 954 νοῦν
2995 939 3010 965 ,
3065 900 3200 972 μηδὲ
3230 900 3323 955 τὸν
3372 901 3498 957 νοῦν
3535 902 3603 955 τὸ

325 992 396 1046 tis
425 999 630 1045 nostra:
656 1000 866 1061 partem
904 996 1321 1063 praetermittere
1365 996 1631 1060 velimus;
1667 1010 1767 1051 nec
1792 996 1902 1049 ulla
2009 992 2246 1064 πνεῦμα.

337 1085 499 1139 nobis
523 1084 743 1139 occasio
777 1086 859 1140 vel
894 1087 1046 1142 color
1078 1088 1441 1159 relinquatur,
1479 1099 1538 1145 ut
1566 1092 1635 1146 ab
1663 1106 1729 1147 eo
1757 1090 1904 1161 quod
1945 1091 2281 1161 propositum
2324 1095 2431 1156 est,
2477 1087 2820 1144 excidamus.
2859 1086 3033 1160 Igitur
3081 1087 3273 1145 insunt
3335 1089 3427 1144 illa
3467 1088 3597 1160 qui-

322 1176 445 1231 dem
474 1177 527 1231 in
553 1176 793 1242 homine,
820 1178 913 1233 sed
944 1179 1221 1236 curiosius
1245 1182 1469 1238 minime
1511 1182 1913 1252 perscrutanda
1951 1191 2098 1236 sunt.
2131 1179 2519 1236 Verumtamen
2543 1187 2598 1235 et
2638 1180 2856 1235 illorum
2914 1196 2979 1235 ex
3012 1182 3302 1245 sententia,
3346 1181 3391 1235 si
3439 1195 3599 1237 mers

324 1272 551 1342 spiritus
576 1280 679 1337 est,
716 1274 1069 1345 vicissimque
1102 1277 1329 1348 spiritus
1364 1293 1540 1345 mens,
1577 1288 1740 1350 atque
1771 1278 1887 1333 haec
1924 1286 2076 1333 extra
2117 1278 2357 1332 animam
2388 1283 2556 1331 sunt:
2590 1290 2691 1331 cur
2747 1276 2822 1331 ita
2882 1275 3101 1331 tandem
3162 1275 3456 1345 Apostolus
3509 1275 3589 1329 lo-

330 1368 562 1438 quitur:
600 1365 847 1421 Psallam
886 1370 1101 1437 spiritu,
1142 1370 1372 1442 psallam
1400 1380 1451 1426 et
1491 1372 1744 1428 mente“!
1784 1371 1995 1439 Quibus
2032 1371 2214 1428 verbis
2253 1369 2568 1442 signiﬁcare
2619 1369 2773 1426 visus
2821 1375 2907 1424 est
2951 1384 3132 1439 neque
3174 1367 3427 1439 spiritum
3469 1382 3597 1423 esse

327 1465 592 1521 mentem,
622 1472 802 1527 neque
830 1468 1064 1514 mentem
1091 1475 1214 1517 esse
1236 1461 1512 1531 spiritum.

392 1546 673 1603 LXXVIII.
693 1547 1222 1626 Prteterea,Anima,
1259 1551 1458 1623 inquit.
1492 1569 1615 1624 quae
1644 1568 1906 1625 peccave-

2081 1547 2208 1604 Oll'.
2240 1543 2377 1603 Εἶτα
2398 1545 2580 1610 πάλιν,
2595 1544 2758 1615 Ψυχὴ
2792 1546 2826 1615 ὴ
2852 1542 3421 1617 ἀμαρτὰνουσα,αῦτη
3453 1547 3595 1603 dno-

321 1640 418 1705 rit,
450 1641 568 1712 ipsa
587 1642 852 1697 morietur
871 1644 912 1695 ³.
932 1632 1072 1705 Non,
1096 1645 1311 1714 opinor,
1340 1645 1408 1701 de
1427 1646 1607 1700 anima
1628 1662 1657 1699 a
1675 1661 1907 1717 corpore

2012 1640 2273 1703 Θανετται,
2302 1638 2403 1693 οὐκ
2445 1637 2600 1700 ἐκτὸς
2640 1635 2734 1688 τοῦ
2761 1634 3377 1708 σώματος,ἀττεφήνατο.
3396 1634 3595 1694 Ἦσαν

323 1732 569 1803 seiuncta
598 1732 812 1789 locutus
845 1742 950 1790 est.
978 1732 1167 1802 Erant,
1206 1736 1303 1798 ait,
1332 1735 1387 1789 in
1422 1738 1541 1791 navi
1571 1738 1906 1807 septuaginta

2012 1733 2143 1804 γὰρ,
2178 1731 2364 1803 φησὶν,
2392 1730 2464 1784 ἐν
2490 1729 2570 1796 τῷ
2593 1729 2784 1795 πλοίῳ
2810 1729 2892 1795 ὠς
2917 1729 3328 1799 ἐϐδομήκοντα
3358 1734 3558 1804 ψυχαί
3574 1750 3590 1766 ·

323 1825 531 1879 circiter
584 1825 841 1883 animte'.
899 1825 1007 1881 Nec
1067 1828 1253 1898 utique
1334 1829 1587 1900 corporis
1653 1838 1905 1900 expertes

2011 1825 2104 1879 καὶ
2130 1823 2194 1876 οὑ
2220 1822 2438 1886 πάντως
2465 1820 2635 1893 ψυχαὶ
2669 1816 2810 1894 ἦσαν
2844 1820 2974 1875 ἄνευ
3013 1821 3289 1891 σώματος,
3318 1823 3455 1878 ἀλλὰ
3484 1823 3592 1879 σώ-

323 1915 520 1971 animte
567 1915 738 1975 fuisse
774 1919 1050 1983 dicuntur,
1083 1919 1177 1974 sed
1226 1922 1465 1976 animata
1504 1920 1755 1976 videlicet
1783 1937 1907 1975 cor-

2011 1933 2155 1984 ματα
2188 1915 2285 1969 σὺν
2329 1914 2549 1985 ψυχαῖς.
2580 1914 2691 1967 Καὶ
2739 1911 2903 1966 πάλιν
2954 1911 3148 1965 εἴωθεν
3173 1913 3206 1984 ή
3235 1913 3590 1985 ἀνθρωπότης

326 2023 477 2078 pora.
515 2008 718 2064 Eodem
752 2017 807 2065 et
848 2009 983 2065 illud
1015 2012 1274 2082 pertinet,
1328 2013 1475 2084 quod
1521 2012 1801 2068 communi
1851 2020 1906 2068 et

2011 2005 2192 2061 καλεῖν
2237 2006 2327 2060 τὸν
2382 2004 2670 2076 ἄνθρωπον
2722 2003 2831 2057 ἀπὸ
2870 2002 2967 2056 τοῦ
3013 2003 3131 2067 ἑνὸς
3169 2004 3459 2075 ὀνόματοςο
3506 2008 3595 2060 ὅτι

326 2101 527 2153 usitata
583 2100 841 2170 loquendi
892 2103 1105 2158 ratione
1153 2104 1432 2160 hominem
1470 2104 1637 2159 unius
1666 2106 1908 2176 appella-

327 2190 481 2245 tione
514 2191 687 2260 partis
716 2192 998 2249 declarare
1028 2195 1291 2262 solemus,
1318 2203 1376 2249 ut
1417 2203 1548 2266 puta
1591 2211 1716 2252 cum
1764 2196 1907 2252 dici-

324 2294 484 2335 mus:
513 2280 779 2339 Dominus
808 2292 895 2341 est
928 2286 1204 2355 octoginta
1259 2300 1593 2357 corporum;
1643 2302 1752 2342 non
1799 2290 1909 2343 uti-

325 2387 434 2443 que
485 2374 795 2429 animarum
838 2376 1167 2445 expertium.
1208 2376 1480 2442 Quocirca
1526 2377 1752 2432 Verbum
1780 2395 1907 2433 caro

327 2463 529 2531 factum
558 2474 637 2519 est
658 2465 703 2529 ⁵,
744 2479 854 2519 non
899 2465 1039 2520 citra
1080 2467 1318 2521 animam
1352 2482 1417 2522 ac
1451 2475 1625 2522 totum
1656 2468 1789 2523 illud
1821 2485 1911 2525 ne-

327 2554 556 2625 gotium.
584 2554 720 2609 Nam
749 2572 873 2612 cum
902 2555 1037 2611 dicit
1070 2559 1337 2622 animam,
1375 2558 1496 2613 sine
1528 2573 1758 2629 corpore
1785 2573 1909 2615 esse

327 2660 440 2701 non
477 2648 831 2717 pronuntiat;
884 2664 1063 2719 neque
1091 2665 1214 2705 cum
1244 2664 1477 2721 corpora
1517 2651 1774 2719 dicimus,
1815 2666 1910 2707 ca-

330 2751 455 2792 rere
487 2736 687 2792 animis
735 2738 1115 2809 intelligimus.
1164 2736 1307 2803 Quid
1353 2737 1520 2809 igitur
1560 2738 1651 2794 isti
1696 2739 1909 2809 COgita-

329 2837 483 2895 runt,
517 2828 611 2900 qui
648 2840 883 2886 mentem
920 2829 990 2884 ab
1024 2836 1281 2900 suscepta
1311 2828 1555 2885 hominis
1583 2837 1781 2885 natura
1824 2843 1911 2883 re-

325 2919 499 2991 jicere
551 2921 879 2977 voluerunt?
935 2928 1029 2975 aut
1081 2920 1217 2992 quid
1275 2935 1339 2975 ea
1392 2936 1481 2977 res
1526 2920 1801 2976 commodi
1853 2920 1907 2975 in

330 3008 635 3065 Eccle‘siam
683 3009 954 3066 contulit?
999 3007 1113 3063 lmo
1148 3025 1280 3065 vero
1321 3009 1455 3081 quid
1487 3023 1597 3064 non
1640 3008 1909 3064 tumultus

329 3100 842 3172 discordiarumque
883 3101 1188 3157 conscivit?
1224 3099 1415 3156 Nonne
1442 3102 1533 3172 qui
1574 3100 1689 3155 haec
1725 3100 1909 3156 animo

328 3194 591 3259 concipit,
644 3207 898 3247 mancam
935 3202 987 3248 et
1018 3193 1331 3247 inchoatam
1362 3193 1631 3248 duntaxat
1674 3192 1907 3248 salutem

329 3294 573 3342 nostram
598 3300 722 3341 esse
747 3285 1072 3340 constituit?
1099 3284 1257 3353 Quod
1286 3286 1433 3341 enim
1463 3285 1532 3341 ad
1559 3300 1662 3341 nos
1693 3286 1907 3354 attinet,

329 3386 566 3434 mentem
588 3376 736 3432 aliud
766 3376 1027 3448 quiddam
1050 3392 1115 3433 ac
1141 3376 1419 3434 diversum
1450 3378 1768 3436 existimare
1800 3395 1910 3436 non

328 3483 651 3541 possumus,
696 3483 872 3540 neque
914 3469 1306 3525 subsistentem
1342 3485 1440 3541 per
1468 3484 1589 3526 sese
1616 3485 1908 3541 personam

327 3575 600 3624 asserere,
628 3560 722 3615 sed
757 3560 890 3615 illud
927 3560 1106 3615 solum
1138 3560 1288 3632 quod
1323 3562 1688 3631 compositmn
1719 3567 1825 3626 est,
1854 3568 1911 3617 et

326 3653 564 3707 rationis
615 3652 909 3723 particeps,
963 3658 1015 3709 et
1070 3652 1127 3707 in
1174 3650 1288 3724 84
1344 3666 1673 3723 unoquoque
1719 3666 1909 3708 eorum

326 3744 491 3801 ctiam
519 3743 614 3814 qui
646 3758 836 3799 errore
863 3744 1160 3810 ducuntur,
1212 3744 1482 3816 sapientia
1529 3744 1911 3817 intelligentia-

327 3852 435 3907 que
482 3837 789 3907 praeditum.
841 3838 1017 3909 Atque
1066 3845 1127 3892 ut
1176 3836 1383 3908 aliquid
1429 3836 1650 3893 atteram
1687 3852 1755 3892 ex
1810 3836 1911 3892 bu-

327 3942 487 3983 mana
555 3928 890 3999 cogitatione
948 3928 1333 4000 depromptum
1378 3947 1393 3984 :
1444 3928 1907 4001 quemadmodum

326 4019 475 4073 oculi
509 4019 565 4073 in
592 4035 820 4091 corpore
847 4028 997 4084 sunt,
1024 4020 1099 4074 ita
1121 4020 1349 4077 mensin
1373 4022 1577 4087 anima,
1595 4037 1909 4094 quanquam

326 4127 398 4167 ne
430 4110 579 4167 istud
626 4111 846 4182 quidem
882 4112 1230 4169 contentiose
1264 4128 1329 4167 ac
1363 4114 1714 4182 pertinaciter
1744 4130 1907 4170 usur-

326 4216 552 4274 pamus;
603 4203 698 4259 sed
754 4203 1082 4272 simpliciter
1114 4218 1240 4258 esse
1279 4211 1513 4258 mentem
1550 4188 1788 4259 dicimus
1826 4204 1910 4259 in-

327 4291 609 4361 telligendi
644 4292 699 4344 in
730 4290 953 4346 homine
991 4290 1327 4345 facultatem.
1370 4289 1512 4355 Quid
1552 4291 1717 4361 igitur
1746 4292 1909 4347 homo

324 4382 548 4437 tandem
573 4381 699 4436 est?
724 4380 941 4444 Anima,
975 4395 1198 4450 corpus,
1223 4394 1400 4443 mens,
1436 4387 1490 4436 et
1521 4379 1568 4436 si
1599 4381 1730 4451 quid
1759 4380 1907 4436 aliud

2008 2097 2287 2170 Δεσπότης
2338 2097 2487 2151 ἐστὶν
2542 2095 2871 2167 ὀγδοήκοντα
2942 2095 3229 2165 σωμάτων,
3269 2098 3330 2149 οὐ
3374 2098 3596 2163 πάντας

2008 2188 2135 2242 ἄνευ
2164 2184 2372 2256 ψυχῶν.
2427 2186 2491 2240 '0
2523 2186 2716 2255 Λόγος
2742 2183 2921 2238 τοίνυν
2964 2184 3123 2253 σὰρξ
3164 2185 3454 2257 γενόμενος
3490 2187 3596 2243 οὐκ

2010 2276 2167 2340 tm;
2193 2276 2390 2348 ψυχῆς,
2425 2276 2527 2330 οὐκ
2554 2276 2710 2339 ἐκτὸς
2740 2274 2922 2346 πάσης
2949 2275 3354 2347 πραγματείας.
3385 2277 3459 2331 οὐ
3482 2278 3597 2350 γὰρ

2013 2370 2105 2423 ὅτε
2156 2369 2324 2438 λέγει,
2372 2370 2518 2455 ψυχὴ
2543 2409 2557 2432 ,
2605 2368 2734 2422 ἄνευ
2771 2367 3023 2440 σώματος
3078 2369 3430 2440 ἀπεφήνατοο
3471 2370 3598 2423 οὐδὲ

2014 2460 2105 2514 ὅτε
2135 2460 2386 2531 λέγομεν,
2415 2458 2668 2531 σώματα,
2695 2458 2823 2514 ἄνευ
2847 2460 3024 2531 ψυχῆς
3051 2459 3182 2513 ὅντα
3209 2458 3595 2531 διανοούμεθα.

2011 2551 2077 2606 Τί
2099 2547 2193 2607 οὖν
2220 2552 2365 2619 ἔδοξε
2416 2555 2529 2616 τοῖς
2563 2552 2907 2624 βουλομένοις
2947 2553 3126 2623 λέγειν
3173 2553 3298 2624 (εἰς)
3338 2552 3431 2606 τὸν
3468 2550 3601 2606 νοῦν

2011 2642 2525 2715 παρεκσεσλῆσθαις
2557 2642 2590 2714 ἢ
2618 2643 2671 2695 τί
2696 2641 2856 2697 τοῦτο
2886 2642 2984 2715 τὴν
3018 2642 3347 2709 Ἐκκλησίαν
3376 2640 3601 2713 ὠφέλη-

2013 2751 2136 2802 σεν;
2186 2734 2219 2805 ἢ
2266 2735 2321 2788 τί
2348 2734 2547 2806 μᾶλλον
2587 2736 2688 2789 οὐκ
2716 2733 2976 2806 ὲτάραξες
3020 2733 3145 2797 Πῶς
3175 2734 3231 2787 δὲ
3264 2735 3363 2787 οὐκ
3403 2733 3599 2807 ἐλλιπῆ

2011 2829 2246 2881 ποιεῖται
2301 2827 2398 2899 τὴν
2433 2826 2591 2898 ἡμῶν
2623 2827 2900 2898 σωτηρίαν
2934 2826 2963 2878 6
2994 2825 3065 2879 τὰ
3096 2824 3322 2879 τοιαῦτα
3352 2824 3601 2879 sum-

2016 2934 2215 2988 μενος;
2254 2908 2445 2989 Ἡμεῖς
2496 2917 2605 2989 γὰρ
2636 2917 2695 2970 οὐ
2721 2916 2996 2988 δυνάμεθα
3039 2915 3366 2970 διανοεῖσθαι
3406 2916 3600 2987 ἓτερον

2010 3009 2103 3064 τὸν
2133 3010 2255 3065 νοῦν
2271 3009 2430 3077 εἶναι,
2453 3012 2573 3064 οὐδὲ
2594 3010 2889 3065 ὑπόστασιν
2910 3009 3097 3065 τοῦτον
3114 3008 3392 3080 δυνάμεθα
3419 3008 3600 3078 λέγειν

1937 3129 1979 3185 C
2013 3101 2135 3155 καθ’
2168 3102 2378 3167 ἑαυτὸν,
2432 3099 2569 3155 ἀλλὰ
2624 3102 2686 3154 τὸ
2722 3100 2973 3155 σύνθετον
3019 3101 3133 3173 (56)
3164 3101 3258 3154 καὶ
3287 3100 3349 3154 τὸ
3378 3100 3601 3169 λογικὸν

2013 3194 2106 3248 καὶ
2135 3193 2365 3267 φρονοῦν
2395 3194 2453 3247 tv
2499 3194 2714 3265 ἑκάστῳ
2756 3194 2865 3247 τῶν
2915 3193 3350 3266 πεπλανημένων
3381 3195 3403 3226 ⁸
3432 3211 3447 3225 '
3481 3187 3598 3247 οἷον

2012 3288 2188 3340 εἰπεῖν
2226 3286 2406 3359 νόημα
2432 3286 2526 3340 τοῦ
2566 3284 2878 3358 ἀνθρώπου,
2902 3286 2977 3350 ὡς
3007 3285 3273 3357 ὀφθαλμοὶ⁸
3306 3287 3363 3339 tv
3384 3285 3462 3357 τῷ
3488 3286 3601 3339 σώο

2016 3395 2164 3449 ματι,
2195 3375 2369 3441 οῦτως
2395 3376 2519 3441 νοῦς
2553 3378 2610 3430 tv
2644 3376 2789 3448 ψυχῇ
2822 3376 2934 3448 (57)
2960 3392 2976 3407 '
3000 3375 3161 3431 πάλιν
3194 3377 3251 3431 δὲ
3283 3376 3402 3430 οὐδὲ
3435 3377 3600 3431 τοῦτο

2013 3469 2303 3542 ἐριστικῶς
2332 3485 2532 3539 φαμεν,
2558 3468 2674 3523 ἀλλ’
2712 3467 2899 3532 ἁπλῶς
2929 3468 2991 3522 τὸ
3016 3470 3324 3540 ἑννοητικὸν
3350 3468 3459 3524 τῶν
3495 3471 3601 3523 ἀν-

2013 3559 2267 3633 Θρὼπων.
2297 3560 2364 3614 Τί
2388 3556 2480 3615 οῦν
2511 3563 2657 3614 ἐστιν
2679 3560 2997 3632 ἄνθρωπος-ξ
3030 3561 3198 3631 ψυχὴ,
3230 3561 3411 3631 σῶμα,
3448 3561 3599 3630 νοῦς.

2012 3652 2107 3707 καὶ
2134 3650 2252 3705 εττι
2291 3652 2439 3705 ἐστὶν
2474 3651 2682 3722 ἕτερον.
2710 3651 2775 3705 Τί
2805 3652 2985 3705 τοίνυν
3018 3645 3180 3723 ἦλθεν
3208 3653 3237 3704 6
3260 3651 3461 3723 Κύριος
3487 3651 3567 3707 σῶ

2014 3759 2139 3809 σαι;
2179 3741 2467 3814 ἄνθρωπον
2512 3741 2716 3795 τέλειον
2744 3741 2984 3805 πάντως.
3020 3743 3162 3812 Ἀρα
3187 3738 3281 3796 οὖν
3314 3742 3495 3797 πάντα
3524 3743 3599 3797 τὰ

2012 3834 2070 3887 tv
2102 3832 2254 3903 αῦτῷ
2280 3832 2501 3897 τελείως
2538 3831 2726 3885 ἐλαϐεν
2745 3848 2759 3863 ·
2792 3832 2915 3885 ἐπεὶ
2944 3831 3109 3887 πόθεν
3151 3830 3325 3887 ταῦτα
3354 3833 3413 3885 tv
3443 3832 3598 3905 αὐτῷ

2011 3923 2348 3995 ἐπληροῦντο
2391 3924 2462 3978 τὰ
2510 3926 2591 3988 είς
2639 3923 2928 3996 ἄνθρωπον
2960 3923 3069 3978 ἀπὸ
3092 3923 3185 3978 νοῦ
3219 3924 3314 3978 καὶ
3343 3923 3598 3996 σώματος

2012 4017 2104 4069 καὶ
2124 4016 2323 4088 ψυχῆς.
2346 4016 2441 4070 καὶ
2462 4017 2641 4089 πάσης
2660 4016 3125 4091 ὲνανθρωπήσεως
3147 4016 3276 4071 ἄνευ
3296 4017 3594 4089 ἁμαρτιας

2011 4108 2107 4161 καὶ
2135 4107 2539 4181 προεφητεύετο
2586 4109 2683 4162 καὶ
2734 4108 3062 4177 ἁνελογεῖτο.
3103 4106 3298 4177 Σαφῶς
3323 4109 3432 4179 γὰρ
3463 4108 3596 4178 ἡμῖν

2012 4201 2325 4257 ὑποτίθεται
2371 4202 2400 4255 6
2461 4201 2604 4265 θεῖος
2638 4200 2817 4269 λόγος,
2846 4200 3025 4269 λέγων
3048 4215 3061 4229 ·
3105 4198 3252 4254 Ἰδοὺ
3274 4198 3539 4266 συνήσει
3561 4200 3597 4252 d

2010 4292 2158 4371 Παῖς
2190 4310 2311 4363 μου
2350 4295 2383 4347 ό
2426 4292 2754 4362 ἀγαπητὸς,
2792 4292 2865 4347 ὃν
2893 4290 3162 4361 ᾑρέτισα,
3187 4289 3282 4361 ἐφ’
3306 4290 3379 4343 ὃν
3409 4290 3595 4359 ηὐδό-

2011 4398 2203 4452 κησεν
2225 4384 2264 4451 ἠ
2302 4382 2474 4453 ψυχή
2490 4403 2631 4455 μου.
2673 4384 2850 4453 Θήσω
2873 4382 2939 4437 τὸ
2959 4381 3203 4452 Πνεῦμά
3233 4399 3376 4451 μου,
3404 4381 3497 4434 καὶ
3524 4380 3596 4435 τὰ

325 4482 431 4529 est.
487 4471 627 4538 Quid
689 4470 855 4541 igitur
903 4469 1157 4527 Christus
1198 4471 1253 4525 in
1287 4470 1517 4527 salutem
1544 4473 1908 4529 restituturus

2013 4476 2163 4547 ἑξῆς.
2190 4478 2333 4548 Ἀρα
2388 4472 2483 4531 οὖν
2512 4477 2604 4530 τοῦ
2645 4476 2883 4530 συνιέναι
2922 4476 2943 4507 ⁸
2974 4473 3078 4527 ποῦ
3124 4473 3501 4544 πεπλήρωται,
3543 4474 3595 4526 εί

327 4563 597 4619 accessit?
638 4562 964 4629 Perfectum,
994 4563 1212 4634 opinor,
1247 4562 1546 4621 hominem.
1599 4563 1741 4637 Ergo
1779 4580 1905 4636 quae

328 4658 383 4713 in
416 4673 481 4713 eo
511 4665 641 4713 sunt
673 4658 859 4714 omnia
897 4646 1137 4730 perlecte
1191 4659 1456 4731 suscepit.
1509 4658 1729 4731 Alioqui
1772 4674 1907 4730 quo-

327 4749 490 4805 modo
536 4749 652 4805 haec
703 4749 758 4806 in
812 4750 905 4805 illo
948 4766 1075 4806 vera
1123 4766 1246 4808 esse
1304 4751 1635 4821 potuissent,
1682 4766 1802 4823 qum
1840 4752 1908 4807 de

326 4840 550 4897 homine
576 4857 643 4897 ex
677 4851 879 4906 mente,
919 4856 1172 4912 corpore,
1206 4842 1416 4904 anima,
1451 4856 1517 4895 ac
1548 4840 1755 4911 reliqua
1797 4840 1903 4895 ltu-

328 4951 504 4992 mana:
532 4937 655 4990 vita:
690 4936 1005 4991 conditione
1048 4943 1242 5004 przeter
1280 4942 1561 5003 peccatum
1588 4939 1898 4996 constante,

328 5045 359 5084 a
393 5029 673 5100 prophetis
704 5028 962 5098 praedicta
989 5026 1458 5097 pronuntiataqne
1500 5024 1672 5080 sunt?
1719 5022 1903 5092 Siqui-

328 5121 449 5177 dem
482 5122 770 5178 manil’cstc
800 5120 1081 5191 Scriptura
1115 5133 1216 5173 nos
1248 5118 1334 5173 his
1369 5118 1551 5173 verbis
1593 5116 1853 5172 admonet
1883 5133 1897 5171 :

328 5212 461 5270 Ecce
484 5214 736 5286 intelliget
760 5212 902 5268 Puer
929 5228 1072 5266 meus
1098 5211 1342 5276 dilectus,
1368 5225 1518 5280 quem
1543 5210 1693 5278 elegi,
1723 5210 1776 5263 in
1803 5226 1905 5280 quo
1958 5262 1965 5267 ,

398 5328 415 5357 ⁸
446 5324 467 5379 1
495 5327 622 5384 Cor.
655 5344 768 5396 xtv,
792 5326 877 5383 l5.
956 5325 976 5355 ⁸
1006 5322 1205 5379 Ezech.
1246 5338 1399 5389 xvnt,
1446 5323 1499 5377 4.
1590 5322 1611 5353 ⁸
1646 5324 1767 5378 Act.
1802 5338 1976 5387 xxvn,

329 5400 589 5454 συνιέναι.

399 5509 513 5581 (36)
549 5510 620 5581 Τό
670 5512 986 5575 σύνθετον,
1048 5509 1424 5580 conjunctum,
1466 5507 1678 5564 unitum
1720 5507 1901 5579 potius

331 5580 521 5651 hoc_in
548 5580 669 5651 loco
695 5581 929 5645 diceres,
962 5596 1125 5651 quam
1158 5581 1545 5651 compositum.

398 5648 513 5720 (57)
549 5648 745 5716 οὕτως
768 5652 915 5717 νοῦς
934 5647 1003 5705 ἐκ
1022 5650 1214 5720 ψυχῇ.
1249 5647 1479 5720 Mentem
1501 5647 1676 5720 igitur
1704 5647 1901 5720 anima:

330 5718 718 5793 proprietatem
744 5734 867 5777 esse
894 5718 1043 5778 recte
1091 5718 1325 5778 credidit
1362 5718 1720 5791 Epiphanius.
1753 5718 1907 5784 Quo-

2019 4571 2115 4642 μὲν
2147 4571 2229 4635 είς
2283 4568 2384 4642 τὴν
2416 4570 2665 4642 ϐιότητα,
2700 4568 2884 4640 ἐνδεὴς
2906 4567 3016 4638 ἄρα
3052 4568 3086 4638 ὴ
3118 4565 3311 4637 θεότης
3342 4564 3436 4618 τοῦ
3466 4581 3598 4618 συν-

2015 4664 2187 4731 ιέναι;
2213 4665 2304 4736 Μὴ
2334 4664 2571 4733 γένοιτοῑ
2606 4662 2774 4717 Τοῦτο
2802 4663 2911 4735 γὰρ
2945 4664 3026 4726 είς
3059 4660 3150 4714 τὸν
3188 4660 3466 4732 Κυριακδν
3497 4660 3601 4715 ἄν·

2012 4757 2229 4829 ορωπον
2256 4754 2578 4827 πληροῦται.
2610 4756 2674 4809 El
2699 4754 2756 4809 δὲ
2781 4755 2874 4808 ἐπὶ
2892 4755 2984 4809 τὸν
3006 4751 3284 4825 Κυριακόν
3308 4749 3599 4822 ἄνθρωπον

2009 4844 2389 4917 πεπλήρωται,
2422 4843 2541 4907 πῶς
2595 4845 2815 4915 συνήσει
2855 4841 3270 4915 ὲνανθρώπησις
3312 4840 3442 4895 ἄνευ
3477 4840 3601 4905 νοὸς

2009 4936 2364 5008 ὑπάρχουσα;
2396 4935 2655 4990 ἀδύνατον
2686 4936 2876 4990 τοῦτο’
2911 4936 2959 4989 εἰ
3002 4935 3111 5007 γὰρ
3154 4934 3291 4997 ὅλως
3335 4934 3397 4987 τδ
3444 4948 3599 4988 συν-

2009 5026 2147 5091 ήσει
2182 5027 2273 5079 ἐπὶ
2296 5027 2388 5081 τὸν
2407 5026 2641 5097 Χριστὸν
2674 5026 3029 5098 ἀναφέρεται,
3058 5026 3293 5097 Χριστὸς
3313 5024 3368 5079 δὲ
3391 5024 3601 5079 ἄνωθεν

2012 5114 2144 5175 Θεὸς
2168 5115 2358 5184 Λόγος,
2394 5114 2530 5186 σὰρξ
2559 5114 2615 5168 δὲ
2641 5115 2932 5187 γενόμενος
2974 5115 3082 5170 ἀπὸ
3114 5115 3354 5186 Μαρίας,
3396 5115 3491 5168 καὶ
3511 5114 3604 5167 tv-

2016 5207 2379 5279 ανθρωπήσας
2423 5210 2554 5279 ἡμῖν
2586 5209 2996 5280 συνανεστράφη
3020 5207 3161 5263 κατὰ
3187 5206 3248 5260 τὺ
3276 5204 3605 5277 γεγραμμέ-

2008 5323 2095 5378 57.
2212 5324 2232 5354 ⁸
2258 5322 2415 5379 Joan.
2441 5339 2481 5390 ι,
2518 5324 2604 5379 Μ.
2714 5326 2731 5355 ⁵
2763 5322 2819 5381 F.
2858 5323 3279 5394 πεπλασμένων.
3388 5322 3409 5353 ⁸
3442 5320 3500 5376 l~‘.
3537 5324 3606 5375 τὸ

2012 5507 2332 5576 ticscunquc
2367 5508 2533 5578 igitur
2566 5507 2804 5562 animam
2860 5523 2888 5561 a
2936 5516 3117 5562 mento
3147 5506 3465 5578 distinctam
3495 5501 3603 5578 ad—

2008 5579 2222 5633 mittere
2248 5574 2487 5644 videt'nr,
2523 5594 2596 5650 ex,
2627 5578 3072 5631 adversariorum
3106 5577 3366 5650 opinione
3413 5574 3601 5647 loquiv

2008 5656 2115 5719 tur,
2151 5664 2258 5706 non
2290 5664 2445 5705 suam
2476 5649 2627 5720 ponit
2670 5650 3021 5704 sententiam.
