3916 6196
255 256 360 316 165
1683 245 2123 304 ANCORATL'S.
3423 249 3529 305 £66

251 393 364 442 νον,
411 376 522 446 ἄρα
570 373 966 445 ἀναμφιῦόλως
1005 374 1100 427 σὺν
1151 372 1233 443 τῷ
1274 372 1352 442 νῷ
1392 374 1492 443 τὴν
1534 372 1846 443 οἰκονομίαν

1960 370 2053 424 tibi
2082 369 2265 422 anima
2296 385 2412 422 mea
2437 369 2662 436 placuit.
2684 365 3161 433 PonamSpiritum
3186 370 3525 437 meum',etc.

253 467 498 533 ἐδέξατο,
542 467 732 536 ἐπειδὴ
785 465 937 536 αὐτῷ
994 465 1306 536 συμπρέπει
1340 465 1402 518 τὸ
1439 465 1700 519 συνιέναι.
1746 465 1846 518 Διά

1960 461 2064 516 Hoc
2092 461 2258 532 igitur
2279 462 2477 531 ipsum,
2498 460 2821 532 intelligere,
2850 461 3072 516 ubinam
3101 462 3382 531 impletum
3410 469 3526 523 est.

253 553 420 608 τοῦτο
473 553 580 624 γὰρ
629 554 757 623 περὶ
804 552 972 607 αὑτοῦ
1007 571 1141 625 φησι
1177 554 1238 606 τὸ
1276 554 1640 623 Εὑαγγὲλιον’
1682 559 1848 622 Προ-

1960 556 2002 608 in
2033 570 2142 624 quo
2181 553 2397 607 tandem
2443 567 2502 606 re
2541 553 2659 622 ipsa
2707 551 3005 622 perlectum
3048 553 3176 608 est?
3212 553 3258 607 si
3295 553 3350 608 in
3389 552 3528 607 divi-

257 646 482 700 έκοπτε
518 646 697 714 σοφίᾳ
756 646 854 699 καί
903 645 1112 714 ἡλικίᾳ
1137 663 1150 676 ·
1185 645 1284 715 οὐχ
1314 647 1347 715 ἠ
1385 645 1575 717 θεότης
1629 647 1847 716 ἡλικίας

1960 645 2140 711 nitate,
2191 660 2323 716 ergo
2380 645 2469 699 illa
2515 644 2783 698 hactenus
2837 645 3194 715 intelligentia
3249 652 3523 700 caruerat.

263 737 619 808 ἐπιδεχομένη
653 740 691 801 ί,
721 737 846 791 οὔτε
885 738 1079 807 σοφίας
1120 736 1422 807 ὑστεροῦσα
1451 739 1485 808 ἡ
1523 733 1656 790 οὖσα
1686 737 1852 808 σοφία

1960 736 2058 791 Sed
2092 738 2233 792 absit
2267 745 2326 790 ut
2359 736 2500 790 istud
2540 736 2829 790 dicamus!
2872 736 3013 789 Nam
3061 736 3192 790 illud
3245 737 3300 790 in
3343 737 3529 789 Domi-

261 827 382 898 δλη.
416 830 600 898 Σοφίᾳ
652 829 710 883 δὲ
759 828 1132 896 προέκοπτεν
1159 828 1254 880 τοῦ
1284 828 1534 898 Σωτῆρος
1577 828 1845 899 ἐνανθρώ-

1960 830 2072 883 nico
2120 829 2335 883 homine
2387 828 2689 897 perfectura
2747 837 2848 881 est.
2910 826 3066 892 Quod
3122 829 3167 880 si
3230 827 3286 880 in
3345 826 3530 880 Domi-

261 935 448 988 πησις.
475 918 573 971 οὐκ
597 919 753 981 ἐκτὸς
788 917 880 970 νοῦ
927 919 1269 986 ὑπάρχουσα,
1314 917 1500 987 ἐπειδὴ
1539 917 1659 970 οὐδὲ
1689 916 1845 986 σοφί-

260 1008 458 1062 σασθαι
505 1007 741 1077 ἠδύνατο
765 1023 777 1036 ·
813 1008 905 1061 καὶ
953 1007 1162 1073 ἡλικίᾳ
1203 1007 1592 1075 προέκοπτεν,
1619 1008 1845 1079 ἀδρυνο-

261 1100 426 1171 μένου
453 1099 546 1153 τοῦ
583 1100 821 1164 παιδίου,
851 1099 926 1162 ὡς
961 1099 1106 1153 ἐστιν
1135 1099 1352 1169 ἀληθές.

1950 921 2078 975 nico
2118 921 2340 975 homine
2388 920 2691 989 Perfectum
2734 927 2856 985 est,
2903 919 3178 989 quomodo
3207 919 3324 974 sine
3349 929 3530 974 mente

1951 1012 2226 1066 exsistens
2262 1020 2461 1065 natura
2495 1011 2732 1063 humana
2766 1009 3070 1078 intelligere
3114 1010 3335 1079 potest?
3382 1007 3527 1064 Fieri

1956 1105 2147 1173 nequit
2189 1105 2449 1168 omnino;
2492 1119 2615 1156 nam
2657 1103 2703 1156 si
2734 1102 2956 1156 verbum
2993 1101 3146 1165 illud,
3179 1101 3526 1169 intelligendi,

260 1191 333 1247 ad
379 1193 664 1247 Christum
721 1193 948 1247 omnino
1013 1192 1208 1247 referri
1257 1193 1462 1256 debet,
1514 1193 1771 1249 Christus
1833 1205 2014 1251 autem
2068 1198 2208 1253 Deus
2266 1213 2296 1252 e
2357 1198 2498 1252 caelo
2551 1196 2807 1262 Verbum,
2849 1212 2880 1251 e
2937 1195 3106 1249 Maria
3149 1209 3279 1249 caro
3326 1194 3529 1250 factum

257 1295 368 1350 est,
415 1285 802 1353 hominemque
848 1284 1113 1353 suscepit,
1167 1291 1220 1338 et
1275 1285 1586 1350 nobiscum,
1661 1297 1718 1340 ut
1772 1288 1849 1340 ait
1891 1287 2198 1358 Scriptura,
2243 1299 2496 1345 versatus
2539 1288 2714 1344 est‘:
2763 1303 2869 1342 non
2926 1287 3153 1342 dubium
3209 1293 3331 1351 est,
3397 1287 3530 1356 quin

258 1386 521 1432 naturam
573 1378 814 1433 hominis
859 1378 964 1433 sibi
1011 1393 1119 1431 una
1163 1393 1288 1433 cum
1335 1387 1518 1434 mente
1549 1381 1844 1451 copularit,
1884 1398 2007 1438 cum
2063 1386 2365 1456 intelligere
2415 1386 2520 1455 ipsi
2576 1385 2884 1439 conveniat.
2921 1380 3056 1436 Nam
3110 1381 3181 1436 ob
3232 1372 3286 1435 id
3353 1381 3531 1450 ipsum

256 1474 622 1544 Evangelium
648 1473 714 1528 de
741 1489 808 1529 eo
831 1473 907 1528 ita
935 1481 1207 1529 testatur:
1238 1473 1566 1528 Procedebat
1629 1478 1891 1532 sapientia
1927 1489 1975 1533 et
2018 1490 2174 1534 aetate
2203 1481 2246 1534 ⁷.
2308 1479 2428 1533 Non
2483 1479 2744 1534 divinitas
2797 1480 2913 1550 ipsa
2971 1483 3340 1538 accessionem
3391 1483 3536 1552 cepit

254 1565 482 1629 atatis,
547 1580 724 1636 neque
778 1565 1060 1636 sapientiae
1120 1566 1458 1622 incrementa
1516 1566 1846 1624 desideravit
1906 1586 2027 1641 quae
2083 1579 2198 1625 tota
2259 1571 2524 1641 sapientia
2566 1582 2668 1628 est.
2715 1570 2912 1627 Verum
2957 1574 3193 1628 humana
3233 1572 3534 1629 Salvatoris

258 1662 438 1716 nostri
493 1669 690 1715 natura
743 1661 1008 1730 sapientia
1072 1658 1535 1730 progrediebatur;
1598 1680 1708 1718 non
1741 1665 1830 1718 illa
1869 1664 2092 1735 quidem
2128 1667 2330 1721 mentis
2358 1682 2575 1737 expers,
2606 1668 2811 1738 alioqui
2867 1684 2936 1724 ne
2985 1671 3254 1741 sapientia
3308 1670 3530 1740 quidem

260 1751 491 1822 praedita
534 1765 660 1806 esse
705 1751 1021 1820 potuisset:
1055 1749 1331 1805 eademet
1374 1755 1532 1802 astate
1587 1753 1922 1818 procedebat,
1985 1771 2109 1811 cum
2172 1772 2362 1813 revera
2410 1774 2545 1828 puer
2595 1758 2918 1816 adolescens
2973 1776 3036 1816 ac
3093 1760 3300 1816 ﬁrmior
3352 1759 3539 1816 redde-

263 1854 382 1901 ι’(ιω
391 1861 437 1899 I'.

334 1935 449 1988 08'.
490 1934 554 1986 Ei
584 1932 640 1986 δὲ
674 1931 785 2002 (38)
811 1931 899 1985 διὰ
923 1931 984 1985 τὸ
1011 1930 1296 2003 εἰληφέναι
1320 1934 1414 1988 τὸν
1447 1934 1572 1990 νοῦν
1603 1935 1851 2007 ἁμαρτία

2023 1934 2261 1993 LXXIX.
2301 1935 2421 2003 Jan]
2454 1953 2584 1992 vero
2617 1937 2662 1992 si
2695 1955 2760 1994 ex
2790 1953 2856 1993 eo
2881 1939 3024 2009 quod
3071 1949 3307 1996 mentem
3352 1957 3538 1998 susce-

260 2024 432 2094 αὕτην
489 2023 663 2077 Θεῖται
707 2025 748 2088 ⁸,
802 2023 998 2077 οὐκοῦν
1051 2025 1454 2097 περισσοτέρως
1502 2025 1597 2079 ἐὰν
1652 2028 1835 2098 δῶμεν

260 2117 423 2171 αὑτὸν
456 2114 738 2184 εἰληφέναι
783 2114 983 2185 σάρκα,
1039 2109 1107 2185 ἦς
1158 2115 1314 2178 ἐκτὸς
1354 2115 1597 2186 ἁμαρτία
1645 2117 1706 2168 οὐ
1752 2134 1843 2170 τε-

262 2211 440 2262 λεῖται
460 2224 473 2237 ο
510 2207 740 2275 Φανερά
789 2206 857 2258 δὲ
903 2207 975 2259 τὰ
1004 2205 1148 2274 ἔργα
1178 2205 1290 2274 τῆς
1335 2208 1562 2276 σαρκός
1583 2223 1596 2237 ο
1629 2208 1847 2271 πάντως

261 2299 348 2350 ὅτι
393 2295 567 2366 δῶμεν
607 2297 700 2348 καὶ
736 2298 793 2348 ὲν
832 2297 994 2366 σαρκὶ
1025 2296 1238 2367 ἥμαρτε
1283 2295 1463 2348 λαϐὼν
1497 2298 1596 2368 τὴν
1643 2297 1844 2368 σάρκα.

264 2383 412 2440 Οἶδα
458 2387 588 2455 γὰρ,
639 2386 804 2456 φησὶν
852 2386 881 2436 ὁ
927 2386 1266 2450 ’Λπόστολος,
1303 2388 1391 2440 ὅτι
1425 2390 1535 2442 οὐκ
1583 2389 1734 2443 οίκεῐ
1777 2390 1849 2443 ἐν

262 2478 390 2544 ἐμοὶ
425 2477 608 2530 οὐδὲν
647 2476 893 2544 ἀγαθὸν,
943 2477 1258 2532 τουτέστιν
1286 2479 1356 2532 ἐν
1383 2478 1458 2547 τῇ
1497 2481 1679 2548 σαρκί
1703 2499 1844 2550 μου.

264 2567 363 2629 Τίς
390 2567 448 2618 δὲ
478 2566 740 2636 τολμήσει
761 2566 962 2635 λέγειν,
997 2565 1086 2620 διὰ
1112 2566 1174 2618 τὸ
1195 2567 1284 2620 τὸν
1309 2569 1538 2640 Σωτῆρα
1568 2569 1847 2639 εἰληφέναι

265 2664 470 2732 σάρκα,
519 2663 684 2731 σαρκὶ
731 2661 1093 2731 συναπῆχθαι,
1135 2661 1228 2716 καὶ
1278 2663 1346 2716 τὰ
1392 2665 1491 2734 τῆς
1523 2666 1722 2735 σαρκὸς
1747 2667 1850 2718 οὐκ

261 2754 465 2822 εὔλογα
510 2754 900 2808 ἐπιτελέσαντα
928 2757 1008 2818 εἰς
1055 2758 1074 2788 ³
1121 2755 1218 2826 τὴν
1255 2749 1580 2820 τοῦπαντὸς
1626 2757 1850 2820 σκεύους

261 2845 359 2898 τοῦ
414 2845 544 2898 ίδίου
573 2844 927 2909 ἀκολουθίαν;
978 2847 1127 2915 ὅμως
1177 2845 1273 2899 καὶ
1305 2846 1514 2915 φαύλην
1558 2846 1847 2915 ἐσχηκότα,

263 2937 363 2991 καὶ
399 2937 582 3007 σάρκα
630 2932 796 2990 οὖσαν
833 2937 1200 3007 ἀνθρωπίνην,
1254 2937 1368 2991 ἀλλ’
1411 2937 1586 2990 οὐδενὶ
1624 2937 1850 2989 πταίου-

264 3047 390 3084 σαν.
437 3030 496 3082 Ὀ
531 3029 664 3090 Θεὸς
695 3028 804 3098 γὰρ
837 3027 1006 3094 Λόγος
1039 3027 1244 3081 ἄνωθεν
1276 3027 1384 3080 ἀπὸ
1418 3026 1630 3098 Πατρός
1660 3025 1851 3097 προελ-

265 3119 400 3182 θὼν,
431 3119 732 3190 εὐδοκήσας
767 3121 826 3172 ὲν
871 3117 1033 3188 σαρκὶ
1064 3117 1328 3185 γίνεσθαι,
1370 3117 1761 3187 ὲχαλιναγώγει
1791 3115 1852 3170 τὸ

269 3213 486 3275 σκεῦος,
520 3212 636 3276 καὶ,
675 3212 752 3275 ὠς
802 3210 1016 3282 ἢθελεν,
1062 3210 1279 3280 ἐπέχειν
1331 3210 1462 3262 αὐτὸ
1516 3209 1623 3261 ἀπὸ
1669 3207 1852 3278 πάσης

1951 2027 2114 2096 perit,
2154 2029 2207 2080 in
2246 2027 2458 2096 peccati
2493 2035 2816 2096 potestatem
2853 2031 3064 2082 venisse
3093 2029 3331 2092 dicatur,
3363 2032 3535 2084 multo

1953 2132 2084 2172 sane
2132 2118 2304 2187 magis
2338 2118 2388 2170 id
2419 2133 2483 2172 ex
2519 2133 2583 2171 eo
2625 2128 3016 2187 consequetur,
3074 2119 3120 2172 si
3171 2133 3392 2173 carnem
3452 2120 3537 2174 in-

1952 2207 2137 2262 duisse
2170 2206 2460 2272 fateamur,
2497 2209 2635 2262 citra
2677 2224 2840 2278 quam
2883 2217 3164 2278 peccatum
3194 2209 3380 2278 perlici
3425 2225 3532 2264 non

1955 2309 2132 2371 potest
2160 2321 2172 2356 :
2207 2301 2496 2370 Manifesta
2527 2313 2648 2357 sunt
2688 2305 2825 2357 enim
2868 2321 3023 2371 opera
3075 2306 3252 2358 carnis
3275 2306 3332 2372 ';
3364 2322 3536 2376 quare

1954 2393 2366 2448 concedendum
2423 2403 2477 2448 et
2531 2395 2662 2449 illud
2716 2397 2840 2458 erit,
2892 2411 2991 2465 pro
3032 2412 3097 2450 eo
3132 2395 3276 2466 quod
3312 2412 3535 2451 carnem

1957 2486 2250 2554 acceperit,
2307 2487 2361 2540 in
2406 2501 2572 2540 carne
2620 2503 2878 2557 peccasse
2918 2506 2931 2542 :
2977 2488 3098 2541 Scio
3155 2489 3316 2551 enim,
3362 2489 3538 2558 inquit

1954 2573 2272 2642 Apostolus,
2323 2575 2586 2644 quodnon
2635 2575 2834 2630 habitet
2861 2578 2914 2630 in
2956 2593 3036 2630 me
3079 2575 3272 2631 bonum
3306 2579 3536 2642 nullum,

1955 2664 2051 2717 hoc
2085 2675 2161 2717 est
2204 2665 2257 2716 in
2299 2682 2455 2718 carne
2506 2682 2620 2718 mea
2641 2667 2678 2719 ’.
2716 2665 2852 2730 Quis
2876 2675 2959 2721 est
2987 2674 3170 2720 autem
3201 2667 3336 2721 adeo
3367 2678 3536 2722 tente-

1956 2755 2159 2818 rarius,
2210 2766 2266 2808 ut
2312 2766 2543 2819 asserat,
2579 2773 2641 2810 ex
2675 2772 2739 2810 eo
2768 2756 2876 2825 85
2905 2757 3048 2825 quod
3092 2771 3314 2811 carnem
3349 2755 3540 2812 Salva-

1957 2853 2044 2899 tor
2094 2845 2357 2911 induerit,
2396 2847 2580 2901 carnis
2616 2847 2890 2901 illecebris
2937 2847 3276 2912 abductum;
3321 2857 3380 2901 ut
3417 2861 3540 2917 quae

1961 2935 2108 2991 illius
2152 2937 2372 3006 propria
2421 2951 2598 3005 neque
2638 2950 2765 2989 cum
2808 2943 2956 2990 recta
2994 2936 3205 2990 ratione
3252 2947 3541 2990 consenta-

1959 3043 2058 3081 nea
2092 3037 2244 3093 sunt,
2277 3027 2556 3082 elliccret?
2598 3027 2818 3082 tametsi
2863 3027 2994 3081 illud
3026 3043 3188 3084 omne
3219 3029 3302 3083 vel
3335 3029 3540 3084 vilissio

1959 3135 2106 3172 mum
2142 3119 2446 3188 suSCcperit
2472 3117 2614 3187 quod
2641 3132 2765 3171 cum
2801 3131 3031 3187 corpore
3051 3118 3404 3186 coniunctum
3432 3126 3538 3177 est.

1962 3214 2367 3281 humanamque
2410 3211 2545 3265 adeo
2598 3225 2858 3271 carnem,
2912 3209 3009 3264 sed
3061 3209 3314 3264 criminis
3359 3210 3541 3263 omnis

268 3303 598 3376 ἀχρειώδους
622 3301 828 3368 τάξεως
868 3301 1134 3371 σαρκικῆς
1164 3299 1412 3370 ἠδύνατο.
1448 3300 1508 3352 Εί
1547 3299 1604 3352 δὲ
1645 3298 1854 3369 ἢθελεν,

1963 3314 2261 3374 expertem.
2310 3303 2520 3373 Quippe
2574 3301 2717 3357 Deus
2755 3300 2994 3357 Verbum
3037 3303 3259 3357 cmlitus
3299 3317 3330 3355 a
3379 3301 3542 3358 Patre

271 3395 524 3450 ἐνεδίδου·
554 3393 790 3447 ἐνεδίδου
807 3393 864 3445 δὲ
893 3393 971 3456 είς
995 3392 1094 3455 τὰς
1116 3391 1368 3460 εὐλόγους
1389 3391 1483 3444 καὶ
1505 3407 1568 3442 συ
1577 3389 1852 3460 μπρεπούο

270 3505 372 3551 σας
388 3491 456 3558 τῇ
472 3485 637 3540 αὑτοῦ
655 3485 869 3556 θεότητι
887 3483 1205 3554 σωματικὰς
1223 3483 1431 3554 χρείας.
1451 3480 1586 3534 Οὔτε
1601 3481 1708 3551 γὰρ
1723 3480 1860 3550 ἔχων

267 3580 365 3634 τὸν
397 3578 526 3631 νοῦν
557 3580 616 3631 ἐν
645 3575 894 3646 ἀληθείᾳ,
934 3574 1121 3645 ὥσπερ
1152 3575 1280 3646 ὃλην
1308 3574 1408 3645 τὴν
1450 3571 1861 3642 ἐνανθρώπησιν

271 3673 330 3725 ἐν
380 3670 607 3741 ἀληθείᾳ.
652 3669 814 3738 ἔχων,
846 3668 926 3737 (ὃν
957 3666 1072 3735 σοῦ)
1121 3665 1468 3719 ἐπεκτείνετο
1512 3665 1591 3727 εἰς
1634 3662 1861 3731 ἀλόγους

269 3762 592 3832 ἐπιθυμίας,
631 3761 754 3815 οὔτε
787 3760 854 3814 τὰ
901 3759 1002 3830 τῆς
1051 3758 1252 3829 σαρκὸς
1285 3755 1382 3810 ἴσα
1427 3759 1562 3827 ἡμῖν
1597 3756 1862 3827 ἔπραττεν

270 3856 307 3924 ἢ
343 3853 655 3921 ἐλογίζετο·
692 3852 807 3908 ἀλλ’
838 3852 913 3914 ὡς
958 3851 1092 3914 Θεὸς
1139 3852 1198 3903 ἐν
1230 3849 1394 3919 σαρκὶ
1435 3848 1662 3918 ἀληθινῇ
1707 3845 1862 3915 γενό-

273 3946 460 4017 μεναδ
489 3947 592 3998 ἀπὺ
614 3944 884 4017 παρθένου
899 3944 1116 4015 Μαρίας
1146 3941 1380 4013 ἔπραττε
1413 3939 1574 4010 σαρκὶ
1603 3938 1698 3991 καὶ⁵
1715 3937 1861 4008 ψυχῇ

268 4039 372 4092 καὶ
409 4035 486 4108 νῷ
519 4039 609 4091 καὶ
650 4039 757 4109 ὅλῳ
803 4035 882 4107 τῷ
934 4034 1118 4089 σκεύει
1160 4034 1468 4104 ἐνδημῆσας
1513 4031 1593 4102 τῷ
1623 4029 1734 4083 τῶν
1769 4030 1865 4082 ἀν-

271 4127 512 4200 θρώπων
542 4131 709 4198 γένει.
744 4129 949 4185 ἀνωθεν
974 4129 1039 4181 ὲκ
1071 4126 1302 4198 Πατρὸς,
1334 4125 1700 4185 ἐνυπόστατος
1732 4120 1866 4184 Θεὸς

277 4222 468 4290 Λόγος.
516 4221 679 4274 Ἀλλά
729 4221 804 4292 μὴ
855 4218 1182 4291 σοφίσωνταί
1221 4235 1364 4280 τινες
1410 4211 1866 4285 καταχρηστικῶς

273 4313 432 4369 τοῦτο
464 4312 782 4384 λεγόμενον,
820 4313 896 4376 ὡς
927 4313 1010 4378 τὸ,
1040 4313 1234 4376 Σύνες
1273 4307 1382 4376 τῆς
1427 4305 1695 4377 κραυγῆς
1720 4321 1865 4374 μου.

274 4405 349 4457 Ti
385 4405 481 4474 μὲν
530 4405 640 4475 γὰρ
686 4400 1141 4474 καταχρηστικῶς
1186 4399 1253 4453 δι’
1293 4397 1456 4468 εὐχὴν
1503 4397 1738 4466 εἴρηται,
1772 4392 1868 4446 καὶ

271 4495 435 4566 δῆλόν
485 4498 636 4549 ἐστιν
680 4498 715 4566 ὴ
764 4496 998 4566 χρῆσις·
1039 4493 1100 4545 τὸ
1142 4493 1199 4546 δὲ
1248 4491 1554 4559 ὑπόδειγμα
1599 4485 1868 4557 σαρκικῆς

274 4586 445 4641 αὑτοῦ
477 4590 781 4658 παρουσίας
824 4587 1258 4658 προεφήτευταιο
1303 4582 1366 4636 τὸ
1401 4581 1529 4653 γὰρ,
1575 4578 1683 4634 Καὶ
1722 4594 1867 4646 προ-

272 4678 534 4732 ἔκοπτεν
567 4678 792 4746 ἡλικίᾳ,
831 4677 977 4730 εστιν
1009 4675 1226 4746 ἀληθές.

1959 3395 2335 3458 descendens,
2386 3410 2449 3448 ac
2493 3410 2715 3448 carnem
2767 3393 2835 3448 de
2885 3409 2984 3448 sua
3029 3394 3313 3450 voluntate
3361 3395 3544 3449 susci-

1960 3486 2137 3556 piens,
2167 3501 2366 3555 corpus
2395 3501 2554 3540 suum
2591 3488 2738 3540 velut
2779 3484 3015 3556 quodam
3069 3485 3226 3541 freno
3285 3487 3542 3557 regebat;

1959 3586 2013 3631 et
2049 3577 2120 3630 ab
2153 3576 2332 3630 inutili
2359 3577 2509 3630 omni
2541 3577 2728 3632 carnis
2767 3579 3006 3643 actione,
3034 3587 3196 3648 prout
3229 3578 3410 3643 vellet,
3448 3593 3543 3631 co-

1964 3668 2149 3721 hibere
2193 3675 2449 3737 poterat;
2508 3677 2695 3737 atque,
2757 3668 2848 3721 ubi
2893 3669 3108 3722 libitmn
3166 3677 3306 3734 erat,
3374 3669 3546 3723 libere

1964 3760 2094 3814 ferri
2145 3760 2496 3829 permittebat
2521 3761 2586 3813 ad
2617 3775 2712 3814 eas
2743 3759 3013 3814 duntaxat
3066 3761 3312 3829 corporis
3352 3775 3546 3814 neces-

1963 3849 2179 3911 sitates,
2205 3865 2327 3919 qua:
2366 3847 2568 3903 rationi
2595 3848 3012 3911 convenientes,
3044 3863 3106 3900 ac
3138 3861 3250 3900 sua:
3272 3845 3544 3900 divinitati

1964 3942 2347 3996 consentaneae
2377 3940 2712 3993 viderentur.
2774 3938 2962 4007 Neque
2991 3953 3119 3993 vero
3145 3946 3326 3993 mente
3355 3953 3546 3992 revera

1968 4032 2232 4103 prteditus
2265 4037 2322 4084 ut
2372 4038 2426 4083 et.
2462 4029 2676 4084 caneris
2729 4029 2982 4082 humana:
3022 4035 3232 4081 naturae
3273 4027 3542 4098 partibus,

1967 4123 2024 4178 in
2055 4121 2288 4177 rationis
2323 4127 2580 4190 expertes
2609 4119 2942 4190 cupiditates
2976 4134 3098 4174 sese
3133 4118 3544 4185 committebat;

1966 4230 2068 4271 nec
2098 4228 2160 4269 ea
2194 4228 2315 4283 qua:
2367 4211 2556 4266 carnis
2613 4211 2838 4281 propria
2885 4218 3037 4275 sunt,
3093 4209 3318 4279 perinde
3348 4223 3410 4264 ac
3444 4224 3550 4266 nos

1968 4314 2064 4361 aut
2091 4305 2283 4372 agebat
2313 4311 2406 4357 aut
2439 4302 2624 4357 animo
2654 4301 2966 4372 cogitabat;
3018 4301 3115 4356 sed
3164 4299 3247 4356 sic
3283 4309 3548 4371 tanquam

1967 4399 2112 4454 Deus
2155 4399 2210 4452 in
2247 4411 2374 4452 vera
2421 4410 2589 4450 carne
2633 4409 2664 4449 e
2711 4393 2878 4449 Maria
2909 4393 3134 4465 Virgine
3181 4393 3395 4464 genitus
3437 4393 3552 4448 haec

1971 4488 2205 4543 faciebat
2249 4501 2438 4551 carne,
2481 4485 2688 4548 anima,
2745 4493 2952 4550 mente,
2999 4493 3210 4539 etcum
3257 4490 3373 4538 toto
3402 4485 3554 4537 vtlut

1973 4579 2214 4634 hominis
2277 4578 2646 4632 instrumento
2696 4577 2840 4630 inter
2887 4576 3138 4631 homines
3192 4575 3428 4646 degens,
3489 4592 3554 4629 ac

1891 4653 1935 4706 Ῑ)
1961 4671 2178 4728 coalitus
2213 4685 2240 4723 a
2276 4667 2438 4723 Patre
2487 4667 2790 4737 procedens
2828 4667 3247 4736 subsistensque
3290 4666 3382 4720 Dei
3415 4665 3552 4721 Ver-

276 4775 434 4829 bum.
490 4771 677 4845 Neque
726 4789 858 4827 vero
910 4771 1157 4827 cavillari
1211 4770 1484 4842 quispiam
1537 4771 1722 4837 debet,
1764 4777 1859 4824 aut
1935 4768 2173 4839 quadam
2224 4766 2493 4822 abusione
2543 4763 2694 4818 vocis
2740 4762 2946 4816 dictum
2985 4761 3264 4823 arbitrari,
3331 4759 3558 4830 perinde

275 4876 448 4937 atque
494 4865 636 4922 istud
673 4884 688 4922 :
723 4865 965 4936 Intelligo
1018 4865 1302 4919 clamorem
1353 4881 1524 4918 meum
1567 4865 1632 4918 “.
1683 4862 1896 4919 Etenim
1944 4862 2051 4918 hoc
2100 4859 2319 4932 quidem
2375 4859 2431 4914 in
2489 4859 2610 4912 loco
2665 4853 2957 4910 manifesta
3007 4860 3090 4910 est
3122 4851 3273 4907 vocis
3340 4851 3554 4916 abusio,

350 5044 370 5076 ⁸
405 5043 468 5098 F.
500 5045 854 5116 ἐπιδεομένη.
919 5047 938 5076 ’
965 5043 1282 5116 Ρ.ἀμαρτίᾳ
1309 5043 1689 5116 αὐθεντεῖται.
1744 5043 1764 5075 ³

1966 5081 1993 5116 ._
2053 5040 2072 5072 ⁸
2093 5037 2154 5116 F.
2181 5040 2493 5112 γενόμενος.
2570 5038 2591 5069 ⁸
2623 5037 2876 5102 lsaactt,
2897 5036 2947 5091 l.

3041 5031 3311 5087 ‘Baruch.
3345 5045 3422 5093 tu,
3465 5028 3555 5084 38.

282 5113 460 5169 ‘Luc.
495 5130 558 5178 tt,
601 5102 699 5170 52..
764 5116 786 5147 ⁸
812 5102 994 5170 'Galat.
1017 5102 1185 5181 ν,’19’.
1256 5102 1284 5146 ”
1313 5115 1468 5168 Rom.
1504 5130 1599 5180 vn,
1634 5114 1720 5169 l8.
1799 5114 1843 5145 ¹⁰

1960 5113 2018 5167 ιι.
2045 5128 2096 5176 v,
2129 5112 2183 5167 ἓ.

352 5291 464 5361 ('58)
506 5292 606 5344 Διὰ
643 5293 706 5345 τὸ
739 5292 1048 5361 εἰληφέναι
1077 5292 1183 5345 τὸν
1224 5292 1395 5347 νοῦν.
1435 5292 1528 5346 Dei
1575 5291 1770 5346 Filium
1804 5289 1858 5344 in

277 5363 624 5433 humanitate
677 5375 930 5433 suscepta
977 5381 1007 5416 a
1070 5372 1294 5433 peccato
1344 5365 1639 5417 immunem
1691 5361 1860 5416 fuisse

275 5432 392 5484 dici
441 5448 468 5484 a
519 5433 678 5488 nobis
707 5449 815 5486 non
849 5432 1031 5502 posse,
1075 5432 1127 5487 'si
1170 5449 1273 5486 una
1314 5449 1438 5486 cum
1473 5433 1710 5486 hominis
1739 5447 1862 5485 cor-

278 5517 416 5570 pore
454 5513 507 5556 et
557 5505 737 5555 anima
787 5515 1024 5556 mentem
1067 5505 1228 5556 etiam
1281 5504 1384 5557 sibi
1423 5502 1713 5570 juuxiSset,
1753 5503 1863 5555 bla-

278 5571 530 5642 sphemia
564 5581 671 5634 est,
716 5588 879 5642 quam
928 5588 1177 5628 evomere
1215 5580 1614 5628 consueverant
1655 5571 1863 5641 Apolli-

279 5643 536 5705 naristaz,
598 5651 656 5697 ut
708 5659 820 5698 sua:
866 5643 1132 5700 hmreseos
1177 5646 1542 5701 ratiunculam
1606 5642 1863 5698 aﬂ‘errent

1965 5289 2227 5360 aliquam.
2276 5287 2472 5342 Mentis
2519 5289 2701 5360 enim,
2738 5286 3061 5340 dictitabant
3095 5283 3212 5360 _i_|_li,
3247 5296 3369 5360 qttte
3401 5279 3558 5334 nobis

1963 5353 2109 5415 inest
2145 5360 2478 5418 hominibus,
2522 5359 2802 5426 prOprium
2855 5366 2938 5409 est
2985 5353 3380 5426 cupiditatibus
3429 5365 3557 5402 con-

1965 5432 2097 5492 cuti,
2153 5427 2435 5481 aﬂectibus
2480 5423 2764 5495 eiagitari.
2805 5425 2926 5479 llaec
2978 5432 3031 5478 et
3081 5423 3281 5495 similia
3322 5424 3376 5476 in
3423 5436 3558 5495 prae:

1967 5488 2107 5556 scuti
2146 5498 2345 5551 rel'utat
2384 5488 2743 5566 Epiphanius,
2791 5500 2989 5566 refutat
3050 5502 3106 5566 et
3154 5493 3209 5548 itt
3261 5488 3455 5566 haeresi
3497 5488 3564 5540 ’Π

1967 5571 2034 5623 ad
2070 5583 2328 5622 numeros
2358 5563 2511 5622 26'et
2554 5567 2646 5619 2'1.
2680 5564 2896 5620 Videsis
2929 5564 3208 5618 Petavium
3253 5563 3328 5618 De
3364 5563 3561 5618 lucar-

1968 5641 2179 5694 natione
2215 5638 2353 5693 libro
2383 5655 2458 5703 ιιι,
2494 5639 2672 5708 capite
2704 5637 2939 5703 decimo,
2973 5647 3200 5690 numero
3232 5635 3318 5690 i5.
