3916 6196
336 267 440 324 $67
1748 257 1805 315 S.
1844 253 2185 312 EPlPllA‘Nﬂ
3412 312 3415 315 ς
3488 242 3625 303 168.

340 395 462 449 quae
502 379 759 449 precandi
798 394 967 434 causa
1037 376 1215 448 posita
1280 382 1398 442 est;
1468 380 1525 429 at
1570 373 1718 429 illius
1767 374 2076 429 incarnatio
2118 387 2243 427 vere
2292 378 2377 425 est
2425 368 2815 439 prophetarum
2857 356 3098 420 oraculis
3154 360 3449 433 praedicta:
3517 360 3593 414 si-

337 472 555 542 quidem
589 482 644 526 et
675 473 829 537 illud,
864 471 1189 524 Procedebat
1224 478 1399 534 wtate,
1432 486 1557 524 vere
1588 462 2171 539 preprieque°dicitnr.

348 546 353 551 ’
411 566 623 621 LXXX.
669 568 941 633 Quidnam
976 576 1157 619 autem
1196 564 1390 619 aﬂcrre
1415 580 1474 619 se
1503 565 1593 619 isti
1632 581 1794 634 posse
1822 581 1918 634 pu-

2088 566 2174 617 ﬂ'.
2226 563 2389 615 Ἀλλὰ
2433 561 2487 615 τί
2533 561 2583 614 οἱ
2631 559 2862 612 τοιοῦτοι
2919 555 3201 626 νομίζουσι
3252 552 3458 617 λέγειν.
3500 553 3598 604 ἐὲν

340 670 477 724 tant,
526 661 572 714 si
603 659 903 728 perfectum
942 657 1227 712 hominem
1259 673 1289 711 ε
1316 656 1485 709 Maria
1518 659 1764 727 genitum
1792 672 1920 712 esse

2052 657 2264 726 ῖπωμεν
2302 655 2505 709 τέλειον
2541 653 2827 726 ἄνθρωπον
2868 652 2933 702 ἐκ
2982 647 3200 719 Μαρίας
3231 645 3323 699 τὸν
3364 646 3601 716 Χριστὸν

338 752 644 813 Christum,
701 757 794 802 aut
846 756 1028 802 mente
1082 747 1371 818 praeditum
1427 746 1781 801 asset-amns?
1836 748 1921 800 An

2045 748 2306 816 τεγονότα,
2364 748 2396 817 ἢ
2449 745 2720 816 ἐσχηκότα
2756 745 2812 808 6;
2870 743 2963 812 Μὴ
3015 739 3387 810 ὑπονοήσομεν
3437 737 3601 790 αὐτὸν

338 840 644 913 periculum
695 846 798 903 est,
849 854 917 891 ne
964 838 1114 891 illum
1151 838 1390 907 peccatis
1418 836 1714 892 (diuortium
1751 835 1924 890 fuisse

2045 840 2319 910 ιμαρτίαις
2348 837 2723 900 ὑποπεσόντα;
2759 835 2844 904 Μὴ
2870 834 3107 903 γένοιτοί
3146 833 3463 901 Ἀλιαρτίαν
3493 831 3601 901 γὰρ

342 928 733 1000 suspicemur?
785 928 972 983 Absit!
1039 928 1325 982 Peccatum
1384 930 1585 999 quippe
1629 946 1734 983 non
1774 930 1920 998 fecit,

342 1040 432 1077 nec
454 1024 687 1075 inventus
722 1030 799 1074 est
826 1020 979 1074 dotus
1010 1022 1063 1073 in
1089 1038 1177 1074 ore
1201 1021 1312 1089 ejus
1337 1022 1375 1073 ⁸.
1396 1020 1528 1074 Nam
1555 1021 1602 1074 si
1634 1022 1740 1075 vim
1771 1035 1924 1074 suam

342 1113 547 1169 sanctis
594 1112 926 1182 quibusdam
968 1113 1100 1167 viris
1141 1112 1437 1177 alllaverit,
1493 1114 1588 1182 qui
1637 1123 1927 1183 propterea

342 1205 617 1260 constanti
672 1205 983 1259 testimonio
1033 1206 1243 1271 sancti,
1293 1204 1464 1274 justi,
1514 1213 1569 1259 et
1615 1213 1779 1260 aetate
1828 1220 1927 1260 sua

344 1297 589 1368 provecti
622 1298 759 1349 citra
792 1297 1276 1365 reprehensionem
1308 1297 1472 1350 ullam
1506 1296 1712 1351 vixisse
1743 1296 1927 1350 dican-

349 1398 457 1450 tur,
521 1395 728 1454 quanto
781 1386 955 1456 magis
998 1388 1087 1441 ille
1130 1388 1245 1456 ipse
1275 1406 1287 1440 :
1317 1386 1382 1440 In
1412 1403 1513 1456 quo
1550 1388 1720 1441 omnis
1758 1388 1929 1457 pleni-

357 1478 479 1530 tudo
510 1477 807 1529 divinitatis
829 1476 1068 1530 habitare
1093 1477 1440 1546 corporaliter
1476 1478 1698 1541 voluit’,
1737 1494 1933 1547 quam-

366 1568 444 1619 vis
463 1580 645 1619 veram
678 1581 707 1619 e
740 1565 910 1618 Maria
935 1576 1152 1636 semper
1171 1567 1379 1635 virgine
1399 1582 1619 1621 carnem
1649 1575 1701 1620 et
1737 1567 1931 1620 huma-

355 1673 481 1710 nam
507 1658 740 1710 animam
767 1672 889 1711 cum
920 1667 1099 1712 mente
1118 1674 1179 1711 ac
1200 1658 1414 1713 caneris
1433 1659 1667 1714 hominis
1689 1659 1934 1729 Partibus

351 1748 647 1818 acceperit,
692 1748 745 1801 in
782 1748 967 1818 scipso
1021 1748 1095 1801 ita
1139 1750 1423 1806 continere
1478 1752 1686 1818 omnia,
1749 1762 1937 1823 utpote

350 1834 516 1903 Deus,
554 1839 753 1907 potuit,
794 1846 854 1892 ut
886 1854 1062 1908 neque
1093 1841 1148 1893 in
1176 1842 1476 1910 nequitiam
1526 1854 1933 1913 spargerentur,

2025 933 2137 985 οὐκ
2160 930 2473 997 ἐποίησεν,
2508 929 2650 983 οὐδὲ
2680 927 2890 996 εὑρέθη
2922 925 3101 989 δόλος
3133 925 3204 976 ἐν
3234 922 3312 987 τῷ
3350 924 3604 991 στόματι

2026 1020 2233 1079 αὐτοῦ.
2280 1021 2345 1076 Et
2394 1020 2502 1091 γὰρ
2553 1020 2652 1091 τὴν
2697 1018 2861 1073 αὑτοῦ
2912 1016 3138 1085 δύναμιν
3170 1014 3458 1067 ἐνέπνευσε
3490 1015 3604 1074 τοῖς

2028 1117 2222 1184 ἁγίοις,
2255 1115 2350 1168 καὶ
2382 1115 2438 1165 ἐν
2467 1106 2549 1174 οἷς
2578 1110 2866 1162 ἐνέπνευσε
2911 1104 3309 1179 μαρτυροῦνται
3347 1106 3428 1157 ὅτι
3462 1099 3605 1175 ἦσαν

2031 1208 2196 1276 ἅγιοι,
2232 1190 2449 1269 δίκαιοι,
2488 1199 2889 1272 προϐεϐηκότες
2919 1200 2975 1250 ἐν
3003 1199 3122 1261 ταῖς
3160 1197 3393 1267 ἡμέραις
3426 1195 3605 1247 αὐτῶν

2031 1300 2331 1370 ἄμεμπτοι,
2364 1295 2515 1364 πόσῳ
2539 1310 2602 1361 γε
2633 1292 2833 1363 μᾶλλον
2861 1290 3023 1351 αὐτὸς
3049 1289 3203 1352 ὅλως,
3245 1289 3339 1341 Ἐν
3367 1280 3415 1353 ᾦ
3438 1286 3609 1341 εὐδό-

2032 1403 2187 1453 κησε
2219 1386 2344 1439 πᾶν
2381 1384 2449 1437 τὸ
2480 1382 2773 1450 πλήρωμα
2804 1380 2914 1447 τῆς
2947 1380 3225 1446 θεότητος
3255 1375 3610 1445 κατοικῆσαι

2030 1478 2398 1550 σωματικῶς,
2456 1477 2556 1531 κᾶν
2583 1493 2650 1531 ,τε
2699 1475 2876 1546 σάρκα
2907 1472 3162 1543 ἀληθινὴν
3204 1471 3341 1542 λάϐῃ
3391 1473 3453 1523 ἐκ
3487 1472 3613 1525 Ma.-

2038 1570 2158 1638 ρίας
2203 1569 2301 1639 τῆς
2326 1567 2706 1639 άειπαρθένου,
2757 1556 2851 1617 καὶ
2889 1562 3066 1633 ψυχὴν
3105 1560 3445 1633 ἀνθρωπείαν
3477 1560 3612 1630 ἀλητι-

2037 1660 2197 1725 θινῶς
2246 1660 2342 1713 καὶ¹
2387 1658 2510 1711 νοῦν
2559 1658 2652 1710 καὶ
2692 1656 2745 1708 εἴ
2788 1670 2841 1707 τι
2894 1654 3040 1706 ἐστὶν
3078 1652 3264 1722 ἕτερον
3299 1653 3356 1704 ἐν
3400 1650 3478 1721 τῷ
3518 1652 3612 1703 ἀνι

2039 1753 2264 1825 θρώπῳ,
2295 1751 2457 1814 αὐτὸς
2488 1752 2547 1803 ἐν
2578 1747 2757 1818 ἐαυτῷ
2802 1746 2941 1817 ἔχων
2972 1744 3042 1797 τὰ
3073 1744 3191 1808 ὅλα,
3231 1746 3447 1813 κατεῖχε
3476 1743 3613 1807 Θεὸς

2039 1845 2136 1911 ὢν,
2159 1845 2233 1915 μὴ
2267 1843 2599 1915 μεριζόμενα
2630 1840 2764 1909 πρὸς
2789 1838 2886 1908 τὴν
2915 1837 3132 1899 κακίαν,
3165 1835 3237 1906 μὴ
3266 1834 3612 1905 θρυπτόμενα

350 1946 529 2000 neque
574 1930 797 2001 maligni
846 1931 1023 1986 hostis
1059 1930 1252 1987 fraude
1300 1932 1512 1989 deliciis
1564 1936 1933 2005 infringeret:—

2045 1913 2291 1990 άπὸ-τοῦ,
2334 1913 2599 2005 πονηροῦ,
2644 1932 2718 2003 μὴ
2756 1929 3085 1998 ἁλισκόμενα
3123 1930 3179 1981 ἐν
3210 1929 3274 1997 τῇ
3317 1927 3495 1997 ἡδονῇ,
3533 1925 3613 1996 μὴ

351 2030 463 2085 tur,
515 2035 691 2088 neque
745 2020 1084 2090 voluptatum
1128 2021 1406 2078 illecebris
1459 2033 1809 2093 caperentur,
1838 2037 1941 2079 nec

353 2112 551 2167 Adami
606 2111 807 2166 delicto
869 2113 1325 2183 subjicerentur?
1385 2112 1498 2185 86
1553 2104 1651 2182 Ob.
1686 2114 1741 2168 id
1795 2115 1941 2168 enim

351 2198 656 2275 Apostolus
711 2198 905 2259 dixit:
964 2203 1166 2260 FaCtus
1217 2204 1314 2260 sub
1371 2206 1479 2276 lege
1518 2206 1573 2273 ³;
1628 2206 1811 2261 item:
1872 2204 1943 2259 Et

354 2292 540 2349 habitu
594 2292 832 2349 inventus
883 2304 940 2348 ut
991 2294 1145 2350 homo
1168 2296 1209 2349 ⁵.
1262 2295 1395 2362 Quae
1457 2296 1662 2360 verba,
1718 2295 1942 2363 habitu,

355 2394 411 2441 et
455 2386 550 2440 sub
600 2387 730 2457 lege,
781 2385 1041 2456 utrinque
1093 2387 1366 2453 collecta,
1422 2394 1531 2441 tam
1566 2396 1776 2443 natura:
1822 2403 1945 2457 per-

357 2474 651 2530 fectionem
715 2475 1060 2543 signiﬁcant,
1113 2489 1276 2543 quam
1336 2486 1612 2551 expertem
1668 2477 1945 2548 passionis

359 2574 587 2621 statum.
644 2564 858 2619 Etenim
905 2580 970 2619 ex
1014 2580 1079 2620 eo
1125 2565 1273 2635 quod
1315 2565 1493 2634 factus
1550 2567 1770 2634 dicitur,
1821 2586 1946 2641 per.

362 2657 539 2712 fectus
581 2655 752 2711 fuisse
795 2656 1147 2725 declaratur;
1211 2657 1347 2713 illud
1405 2668 1610 2727 autem,
1669 2662 1764 2715 διώ
1812 2662 1942 2734 lege,

359 2758 471 2800 non
531 2743 655 2800 ﬁcte
710 2746 935 2814 solaque
986 2747 1168 2817 specie
1212 2747 1491 2804 hominem
1544 2749 1717 2806 fuisse
1763 2751 1947 2808 decla-

361 2847 485 2905 rat;
520 2845 798 2907 postremo
849 2838 1059 2892 habitus
1108 2838 1295 2909 ﬁgura:
1338 2841 1710 2896 constantiam
1736 2860 1751 2910 ;
1780 2852 1948 2913 atque

360 2930 516 2992 illud,
551 2938 609 2982 ut
666 2928 841 2996 homo,
882 2931 1184 2985 immunem
1219 2947 1249 2985 a
1302 2940 1530 3002 peccato
1573 2935 1945 3003 conditionem

360 3022 721 3077 demonstrat.
753 3020 887 3088 Quae
937 3038 1060 3077 cum
1094 3022 1169 3076 ita
1210 3036 1269 3076 se
1303 3022 1573 3091 habeant,
1627 3041 1788 3081 nemo
1829 3027 1948 3080 ina-

361 3114 525 3168 nibus
601 3109 796 3167 fabulis
854 3112 1110 3183 decipiat.
1190 3111 1325 3165 Nam
1384 3114 1433 3170 si
1500 3114 1643 3169 idem
1709 3116 1802 3171 ille
1850 3118 1945 3187 qui

362 3216 584 3259 Sursum
638 3219 765 3259 vere
810 3214 895 3259 cst
935 3219 966 3257 a
1013 3203 1176 3259 Patre
1229 3205 1468 3274 genitus,
1518 3208 1683 3261 etiam
1716 3223 1747 3261 a
1775 3207 1947 3264 Maria

362 3296 579 3367 genitus
607 3300 707 3362 est,
747 3304 855 3349 tam
889 3312 1133 3362 sursum,
1168 3312 1333 3368 quam
1380 3297 1524 3352 infra
1559 3315 1691 3354 vere
1726 3302 1945 3371 genitus

364 3395 468 3441 est.
506 3383 562 3440 Si
593 3401 811 3441 sursum
840 3387 1193 3457 imperfectus
1232 3396 1337 3455 est,
1386 3388 1527 3443 infra
1575 3405 1792 3460 quoque
1842 3391 1947 3445 erit

365 3478 755 3548 imperfectus;
798 3481 842 3534 si
879 3496 1098 3535 sursum
1132 3481 1431 3550 perfectus,
1465 3483 1630 3538 etiam
1657 3482 1801 3537 infra
1833 3500 1949 3553 per-

370 3570 549 3626 fectus
573 3572 695 3625 erit.
745 3566 934 3641 Neque
977 3588 1107 3626 vero
1161 3573 1215 3626 in
1270 3574 1378 3627 alio
1422 3574 1660 3643 quodam
1706 3574 1949 3645 perfecto

372 3661 655 3717 habitasse
695 3660 917 3725 dicitur,
962 3663 1057 3717 sed
1092 3664 1147 3718 in
1182 3666 1363 3734 seipse
1403 3665 1699 3735 perfecisse
1743 3666 1946 3721 omnia.

366 3749 725 3807 Postmodum
768 3767 900 3807 vero
949 3753 1029 3807 sic
1072 3769 1102 3808 a
1147 3754 1382 3809 mortuis
1431 3756 1733 3811 resurrexit
1757 3764 1950 3811 utnon

368 3844 604 3915 amplius
650 3846 706 3899 in
754 3860 955 3914 corpus
990 3846 1045 3900 in
1089 3847 1364 3916 sepulcro,
1406 3854 1462 3902 et
1491 3847 1855 3912 divinitatem,
1895 3854 1951 3902 et

373 3938 611 3989 animam
664 3937 768 3991 sub
816 3945 965 3992 terra
1025 3937 1337 4008 dividatur;
1396 3955 1574 4009 neque
1618 3940 1950 3995 contrectari

262 4096 269 4101 ἱ
370 4028 608 4098 amplius
642 4030 851 4099 possit;
890 4046 1071 4101 neque
1100 4046 1265 4102 porro
1298 4032 1533 4088 discedit
1563 4033 1819 4103 amplius,
1854 4032 1951 4088 sed

370 4120 610 4177 occlusis
661 4121 874 4177 foribus
918 4124 1239 4194 ingreditur,
1278 4132 1331 4179 et
1358 4124 1580 4180 Thema:
1606 4125 1790 4195 digitis
1818 4140 1953 4179 con-

374 4211 628 4282 tingitur,
673 4228 742 4267 ne
780 4211 921 4268 falsa
971 4214 1207 4282 quadam
1259 4215 1517 4284 imagine,
1575 4214 1670 4269 sed
1721 4214 1952 4268 veritate

360 4296 626 4356 "constare
662 4302 944 4357 credatur.
972 4303 1071 4357 Cui
1104 4304 1323 4373 quidem
1353 4313 1545 4374 postea
1569 4304 1809 4361 Thomas
1838 4306 1955 4375 ipse

374 4388 536 4445 ﬁdem
591 4390 825 4447 habuit:
860 4392 951 4447 ubi
1004 4392 1138 4447 illud
1196 4394 1476 4464 impletum
1524 4402 1655 4450 est:
1702 4395 1953 4451 Manibus
2001 4418 2003 4420 ·

372 4480 501 4534 meis
543 4479 711 4533 Deum
755 4483 989 4552 quwsivi,
1046 4492 1097 4537 et
1146 4500 1250 4538 non
1290 4501 1406 4538 sum
1450 4485 1695 4554 deceptus
1721 4488 1765 4542 ⁵.
1808 4486 1952 4543 Idem

2040 2027 2415 2083 ὑποπίπτοντα
2459 2025 2539 2096 τῷ
2566 2023 2661 2078 τοῦ
2706 2022 2875 2093 Ἀδὰμ
2905 2018 3344 2092 παραπτώματις
3383 2017 3490 2069 Καὶ
3521 2016 3618 2069 διὰ

2039 2120 2195 2175 τοῦτό
2225 2135 2389 2189 φησιν
2413 2121 2442 2173 ὁ
2487 2114 2826 2178 ’Δπόστολος,
2870 2112 3206 2180 Γενόμενος
3250 2107 3368 2162 ὑπὸ
3396 2108 3615 2176 νόμον

2040 2214 2137 2267 καὶ
2182 2212 2367 2276 πάλιν,
2425 2212 2521 2264 Ἐν
2548 2207 2810 2279 σχήματι
2859 2204 3119 2273 εὑρεθεὶς
3160 2203 3242 2267 ὼς
3286 2201 3616 2268 ἄνθρωπος.
3718 2278 3721 2279 ν

2041 2304 2117 2361 Τὸ
2142 2305 2199 2359 δὲ
2223 2302 2511 2374 σχήματι,
2543 2301 2639 2355 καὶ
2669 2298 2730 2352 τὸ
2761 2297 2878 2352 ὑπὸ
2916 2297 3124 2365 νόμον,
3177 2294 3244 2346 δι’
3294 2290 3622 2363 ἀμφοτέρων

2044 2394 2429 2464 συναγόμενον,
2463 2389 2776 2459 τελειότητα
2807 2384 3062 2457 σημαίνει
3094 2382 3188 2435 καὶ
3216 2379 3481 2434 ἀπάθειαν
3500 2393 3514 2407 ·
3551 2377 3624 2429 Et!

2043 2483 2136 2539 τοῦ
2170 2483 2510 2555 γενόμενος,
2549 2479 2611 2532 τὸ
2661 2473 2800 2530 εἶναι
2831 2474 3061 2535 τέλειος’
3094 2470 3186 2524 καὶ
3215 2467 3310 2522 τοῦ
3357 2466 3473 2522 ὑπὸ
3520 2466 3629 2555 νόει

2041 2552 2189 2647 μον,
2209 2574 2271 2627 τὸ
2305 2573 2380 2645 μὴ
2417 2572 2665 2640 δοκήσει’
2712 2569 2805 2621 καὶ
2833 2563 2912 2631 τῷ
2949 2564 3230 2633 σχήματι,
3260 2560 3358 2631 τῆς
3389 2558 3530 2620 ἰδέας
3559 2552 3630 2609 τδ

2047 2668 2263 2740 βέϐαιον
2283 2682 2298 2698 ·
2332 2663 2429 2719 καὶ
2455 2663 2519 2716 ἐκ
2542 2660 2634 2715 τοῦ
2661 2661 2740 2725 ὡς
2767 2658 3095 2725 ἅνθρωπος,
3126 2654 3186 2706 τὸ
3215 2651 3625 2723 ἀναμάρτητον.

2045 2756 2265 2812 Τούτων
2295 2754 2475 2808 τοίνυν
2520 2750 2693 2813 οὕτως
2724 2749 2976 2819 ἐχόντων,
3009 2745 3197 2816 μηδεὶς
3223 2743 3484 2798 ἀπατάτω
3529 2757 3632 2793 κει

2046 2850 2157 2910 νοίς
2189 2845 2377 2916 μύθοις
2406 2842 2540 2914 (59).
2572 2842 2635 2895 Ei
2681 2840 2790 2909 γὰρ
2828 2836 3033 2893 ἀνωθεν
3064 2834 3343 2907 γεννηθεὶς
3374 2833 3481 2887 ἀπὸ
3512 2834 3633 2886 Πα-

2045 2939 2174 3011 τρὸς
2205 2935 2495 3009 ἀληθινῶς,
2538 2932 2804 3005 ἐγεννήθη
2832 2932 2925 2985 καὶ
2956 2929 3066 2984 ἀπὸ
3110 2929 3348 3000 Μαρίας,
3387 2926 3480 2979 καὶ
3510 2924 3634 2981 ἀνω

2046 3030 2321 3098 ἀληθεύει,
2354 3028 2451 3081 καὶ
2484 3027 2634 3082 κάτω
2661 3022 2937 3094 ἀληθεύει.
2970 3021 3079 3076 Καὶ
3117 3019 3170 3072 εἰ
3194 3022 3341 3073 ἐστιν
3368 3018 3478 3071 ἄνω
3503 3017 3637 3069 ἁτεε-

2046 3119 2165 3193 λης,
2199 3120 2294 3174 καὶ
2327 3120 2478 3173 κάτω
2508 3115 2727 3186 ἀτελής.
2771 3114 2834 3167 Εἰ
2868 3112 2927 3167 δὲ
2973 3111 3086 3165 ἄνω
3118 3111 3235 3162 ἐστὶ
3273 3108 3496 3172 τέλειος,
3530 3106 3637 3158 καὶ

2049 3214 2200 3269 κάτω
2236 3213 2353 3266 ἐστὶ
2381 3210 2584 3272 τέλειος
2603 3225 2617 3239 ·
2644 3207 2743 3260 οὐκ
2779 3208 2836 3259 ἐν
2855 3204 2999 3275 ἄλλῳ
3028 3203 3218 3272 τελείῳ
3245 3203 3479 3272 ῷκησεν,
3509 3196 3633 3251 ἀλλ’

2052 3304 2243 3359 ἑαυτὸν
2282 3302 2349 3357 τά
2379 3302 2559 3357 πάντα
2591 3298 2875 3352 ἐτελείωσε
2894 3313 2909 3327 ⁸
2944 3295 3039 3348 καὶ
3077 3294 3272 3364 ἀνέστη
3315 3296 3379 3345 ἐκ
3404 3290 3511 3344 τῶν
3537 3306 3634 3343 νε-

2049 3396 2220 3469 κρῶν,
2276 3393 2472 3465 μηκέτι
2523 3391 2879 3462 μεριζόμενος
2932 3389 2990 3442 ἐν
3041 3387 3283 3458 μνήματι
3318 3387 3397 3448 είς
3443 3383 3633 3452 σῶμα,

2049 3489 2145 3541 καὶ
2175 3487 2423 3557 θεότητα,
2454 3484 2549 3538 καί
2572 3482 2749 3553 ψυχὴν
2778 3483 2836 3534 ἐν
2864 3479 3258 3550 καταχθονίοις,
3296 3476 3488 3548 μηκέτι
3523 3476 3636 3529 ὑπὸ

2051 3579 2196 3649 ἁφὴν
2230 3577 2572 3639 ὑποπίπτων,
2610 3574 2807 3646 μηκέτι
2840 3572 3213 3643 ἀπερχόμενος
3243 3571 3286 3634 ⁷,
3314 3569 3427 3622 ἀλλ’
3452 3568 3635 3638 εἰσερά

2050 3669 2278 3739 χόμενος
2317 3664 2496 3736 θυρῶν
2542 3662 2962 3733 κεκλεισμένων,
2996 3659 3394 3733 ψηλαφώμενος
3434 3659 3492 3711 δὲ
3522 3658 3633 3712 ὑπὸ

2050 3757 2146 3811 τοῦ
2186 3757 2377 3826 eoae,
2411 3756 2497 3809 ἴνα
2534 3754 2609 3825 μὴ
2652 3752 2925 3825 φαντασίᾳ
2970 3751 3299 3821 ἀπεικασθῇ,
3331 3748 3446 3803 ἀλλ’
3496 3749 3635 3821 ἀλη-

2053 3847 2205 3919 θείᾳ·
2245 3850 2274 3900 ό
2302 3847 2405 3899 ὑπὸ
2432 3845 2525 3899 τοῦ
2557 3846 2727 3916 Θωμᾶ
2753 3844 3085 3907 πιστευθεὶς,
3125 3841 3263 3914 μετά
3304 3842 3365 3895 τὸ
3408 3841 3633 3911 πληρωο

2054 3939 2211 4010 θῆναι
2248 3940 2310 3992 τὸ
2356 3938 2769 4011 προειρημένον,
2809 3937 2943 4003 Ταῖς
2981 3937 3154 4005 χερσί
3192 3952 3309 4005 μου
3342 3934 3449 3988 τόν
3482 3932 3634 3987 Θεὸν

2051 4028 2399 4097 ἐξεζήτησα,
2442 4029 2539 4095 καὶ
2573 4029 2685 4083 οὐκ
2720 4026 3058 4097 ήπατήθην.
3105 4026 3162 4079 'O
3206 4026 3369 4088 αὐτὸς
3414 4018 3563 4087 Θεὸς,
3603 4025 3634 4077 ό

2054 4121 2217 4184 αὐτὸς
2267 4119 2574 4190 ἄνθρωπος,
2633 4119 2661 4171 ὁ
2717 4119 2791 4189 μὴ
2846 4116 3105 4187 σύγχυσιν
3153 4113 3631 4185 ἀπεργασάμενος,

2055 4212 2191 4265 άλλά
2217 4211 2286 4265 τά
2312 4211 2406 4265 δύο
2437 4211 2679 4282 κεράσας
2708 4211 2788 4273 είς
2811 4209 2868 4262 ἓν
2888 4226 2900 4238 ·
2930 4210 3028 4261 οὐκ
3053 4209 3132 4271 είς
3157 4206 3499 4277 ἀνυπαρξίαν
3527 4221 3636 4274 χωι

2058 4305 2265 4376 ρήσας,
2319 4302 2456 4356 ἀλλὰ
2501 4300 2923 4372 συνδυναμώσας
2967 4300 3125 4371 σῶμα
3169 4300 3354 4370 γήινον
3395 4300 3461 4367 τῇ
3510 4295 3635 4349 θεό-

2053 4411 2197 4465 τητι.
2251 4396 2330 4459 εἰς
2380 4394 2506 4464 μίαν
2551 4392 2781 4463 δύναμιν
2824 4392 3055 4462 ἥνωσεν,
3099 4392 3179 4453 εἰς
3228 4390 3357 4460 μίαν
3405 4387 3634 4458 θεότητα

2058 4484 2397 4555 συνήγαγεν’
2454 4477 2535 4545 εἷς
2588 4479 2663 4534 ὢν
2713 4480 2938 4551 Κύριος,
2992 4474 3074 4541 εἷς
3120 4477 3371 4549 Χριστὸς,
3423 4475 3484 4528 οὐ
3539 4474 3635 4528 δύο

370 4581 507 4639 ergo
539 4568 683 4625 Deus
717 4578 771 4625 et
811 4572 974 4627 homo
1013 4574 1151 4627 nihil
1188 4574 1512 4646 permistum
1550 4576 1943 4649 confusumque

2057 4576 2303 4648 Χριστοὶ,
2348 4566 2472 4628 οὐδὲ
2509 4573 2603 4626 δύο
2634 4572 2778 4627 Θεοί.
2824 4571 2914 4625 Ἐν
2957 4571 3104 4644 αὑτῷ
3146 4572 3307 4642 σῶμα
3338 4585 3637 4639 πνευματι-

373 4661 649 4734 praestitit,
694 4662 789 4719 sed
832 4664 887 4717 in
940 4681 1108 4720 unum
1151 4667 1312 4721 ambo
1347 4669 1692 4738 temperavit.
1730 4671 1811 4725 Ita
1844 4688 1955 4727 non

374 4752 430 4808 in
474 4752 703 4807 nihilum
745 4754 901 4820 abiit,
944 4756 1041 4812 sed
1089 4764 1365 4812 terrenum
1417 4774 1618 4830 corpus
1670 4760 1955 4819 divinitate

374 4843 710 4898 conﬁrmans
741 4845 796 4899 in
833 4861 995 4899 unam
1040 4847 1148 4900 vim
1190 4847 1642 4918 divinitatemque
1677 4849 1951 4919 conﬂavit,

376 4945 520 4989 unus
562 4934 816 4990 videlicet
864 4932 1153 5003 Dominus,
1203 4954 1451 5008 unusque
1496 4940 1792 5008 Christus;
1842 4958 1953 4996 non

376 5023 487 5079 duo
527 5023 752 5090 Christi,
796 5027 881 5082 vel
933 5026 1035 5083 Dii.
1080 5028 1136 5082 ln
1170 5044 1236 5084 eo
1265 5030 1511 5099 spiritale
1543 5047 1744 5103 corpus
1786 5034 1950 5099 inest,

378 5112 435 5169 in
464 5114 653 5172 eodem
683 5115 943 5173 divinitas
980 5134 1103 5188 qua:
1148 5119 1541 5189 comprehendi
1591 5138 1700 5176 non
1748 5131 1951 5193 potest.

2060 4668 2176 4732 κὸν,
2208 4670 2266 4722 ἐν
2308 4667 2457 4737 αὑτῷ
2500 4667 2690 4737 θεότης
2723 4666 3125 4736 ἀκατάληπτος,
3167 4664 3230 4718 τὸ
3259 4662 3527 4726 πεπονθὸς
3560 4660 3637 4733 μή

2060 4758 2320 4831 φθαρτὸν,
2354 4758 2415 4812 τὸ
2457 4757 2667 4821 ἀπαθὲς
2710 4757 3005 4828 ἄφθαρτον,
3054 4755 3334 4828 ἀφθαρσία
3369 4753 3431 4806 τὸ
3476 4752 3633 4805 ὅλον⁸

2060 4850 2191 4914 Θεὸς
2221 4848 2445 4922 Κύριος,
2480 4850 2844 4922 καθεζόμενος
2886 4851 2945 4904 ἐν
2977 4848 3128 4920 δεξιᾷ
3166 4846 3260 4900 τοῦ
3291 4845 3521 4917 Πατρὸς,
3559 4842 3637 4914 μὴ

2060 4939 2402 5011 παραλείψας
2451 4942 2549 5013 τὴν
2596 4942 2809 5014 σάρκα,
2857 4943 2937 5004 εἰς
2984 4940 3042 4993 ἓν
3083 4939 3142 4992 δὲ
3193 4937 3497 4999 συνενὼσας
3542 4936 3638 4988 καὶ

2058 5033 2136 5093 είς
2166 5031 2295 5101 μίαν
2336 5032 2397 5085 τὸ
2424 5032 2545 5087 ὅλον
2574 5033 2826 5104 θεότητα,
2857 5031 3221 5103 καθεζόμενος
3259 5031 3317 5084 ἐν
3349 5028 3496 5098 δεξιᾷ
3540 5026 3637 5081 τοῦ

2059 5123 2292 5194 Πατρός.

377 5204 456 5263 Ac
510 5207 653 5279 quod
712 5224 936 5280 passum
986 5218 1094 5277 est,
1153 5213 1527 5285 corruptionis
1577 5224 1662 5270 est
1714 5231 1952 5285 expers;
1991 5216 2135 5285 quod
2170 5217 2415 5286 passioni
2441 5233 2551 5274 non
2577 5218 2874 5274 obnoxium
2908 5224 3013 5282 est,
3082 5216 3485 5284 incorruptum,
3554 5208 3642 5264 vel

468 5359 515 5414 'l
545 5361 687 5444 Qetr.
715 5378 799 5444 .n,
833 5361 924 5419 22.
952 5366 1022 5444 ’ᾖ
1058 5363 1174 5419 Col.
1211 5380 1271 5444 ιι,
1306 5365 1361 5422 9.
1438 5367 1458 5398 ³
1481 5365 1751 5436 Galat.|v,
1789 5370 1843 5423 4.
1906 5368 1927 5400 ⁸

2049 5370 2177 5443 lipp.
2211 5387 2272 5437 ιι,
2299 5373 2349 5428 7.
2424 5374 2444 5406 ⁸
2475 5373 2621 5430 Psal.
2648 5389 2830 5435 Lxxvt.
2856 5374 2910 5428 ὃ.
2986 5373 3007 5405 ⁸
3035 5367 3166 5444 Leg.
3192 5368 3319 5425 νοῦν
3344 5365 3639 5439 ἐσχηκότα.

380 5428 403 5464 ⁹
433 5448 525 5498 γρ.
558 5430 915 5506 ἀπεχόμενος.
949 5433 1009 5491 F.
1039 5428 1423 5508 κατεχόμενοςο

454 5578 820 5669 (ξθλξμηόεὶς
851 5587 1131 5669 (irath
1162 5588 1360 5669 κενρῒς
1384 5590 1621 5669 μύθοις.
1657 5594 1703 5648 Α
1736 5592 1943 5653 Petavic

2045 5597 2248 5669 :rtitur,
2316 5596 2488 5658 Nemo
2555 5597 2800 5657 inanibus
2847 5594 3014 5653 verbis
3058 5592 3273 5651 illudut.
3332 5591 3489 5660 Quod
3530 5600 3640 5642 non

382 5642 660 5711 Immerito
679 5642 989 5716 'mut'avisse
1021 5642 1652 5718 Thomasiut'n'constat.
