3916 6196
288 244 388 300 169

1694 232 2133 290 ANCORATUS.

3428 237 3531 294 I70

285 359 468 430 potius
519 361 694 411 totum
739 355 920 426 ipsum
960 352 1302 422 ineorruptio
1339 357 1444 408 est.
1503 349 1646 409 Deus
1713 351 1803 406 ille
1869 351 2136 408 Dominus
2180 351 2248 405 ad
2299 351 2578 408 dexteram
2628 351 2807 407 Patris
2859 351 3157 409 considens
3213 367 3380 409 carne
3429 357 3533 410 mi-

285 453 433 508 nime
479 451 763 516 derelicta,
821 450 915 505 sed
959 457 1071 504 toto
1114 449 1168 504 in
1207 463 1375 502 unum
1426 446 1681 517 idemque
1713 455 1768 502 et
1801 447 1857 502 in
1893 463 2056 503 unam
2115 446 2454 503 divinitatem
2515 447 2858 514 coadunato,
2905 450 2970 505 ad
3026 450 3307 506 dexteram
3353 449 3534 506 Patris

287 543 465 598 sedet.

361 638 492 689 ΠΝ.
533 629 696 697 Οὗτος
734 629 830 688 οὖν
873 636 901 688 6
942 635 1285 706 Μονογενὴς,
1314 636 1342 688 6
1387 635 1609 699 τέλειος,
1641 638 1668 688 6
1715 635 1855 689 ἄκτι-

2045 628 2286 683 ΙιΧΧΧΙ.
2332 629 2541 685 Unicus
2573 630 2849 701 igiturille
2881 629 2974 686 Dei
3011 629 3208 696 Filius,
3234 632 3535 702 perfectus,

293 741 440 787 στος,
475 725 503 776 6
532 722 813 794 ἄτρεπτος,
859 723 889 775 6
925 722 1299 787 ἀναλλοίωτος,
1339 725 1367 776 6
1415 724 1788 794 ἀπερινόητος,
1832 724 1860 775 6

291 811 537 883 ἀόρατος,
562 811 984 883 ὲνανορωπήσας
1013 813 1070 864 ὲν
1111 813 1264 882 ἡμῖν,
1295 815 1388 866 καὶ
1417 812 1652 875 ἀναστὰς
1691 829 1857 866 πνευ-

292 902 553 972 ματικῶς,
578 902 673 954 καὶ
700 900 898 972 μηκέτι
914 901 1291 972 ἀποθνήσκων,
1312 903 1506 973 μηκέτι
1538 902 1851 973 πτωχεύων,

289 997 322 1052 «ις
355 993 429 1046 δι’
459 992 618 1060 ἡμᾶς
667 995 1021 1061 πτωχεύσεις
1078 995 1374 1060 πλούσιος
1421 993 1524 1061 ὢν,
1572 995 1600 1047 6
1643 995 1859 1065 πνεῦμα

284 1086 360 1138 ὣν
392 1085 532 1148 ὅλος,
560 1087 590 1138 6
614 1085 676 1137 τὸ
717 1085 978 1154 σαρκικὸν
1021 1086 1115 1138 καὶ
1157 1085 1217 1137 τὸ
1251 1085 1428 1138 θεῖκδν
1473 1086 1627 1149 ἑνῶν,
1658 1085 1860 1157 Κύριος

287 1170 387 1236 εἷς,
420 1171 693 1241 βασιλεὺς,
742 1171 996 1244 Χριστὸς,
1024 1176 1052 1227 6
1080 1175 1206 1238 Υἱὸς
1250 1173 1341 1226 τοῦ
1373 1175 1527 1239 Θεοῦ,
1565 1178 1621 1228 ὲν
1647 1176 1860 1247 οὐρανῷ

287 1262 574 1324 καθεσθεὶς
606 1265 664 1315 ὲν
683 1262 834 1333 δεξιᾷ
859 1261 952 1315 τοῦ
983 1264 1195 1330 [ἰατρὸς
1219 1263 1418 1318 ἐπάνω
1440 1265 1642 1333 πάσης
1667 1265 1862 1336 ἀρχῆς

284 1353 386 1404 καὶ
434 1350 743 1417 ἐξουσίας,
798 1351 1105 1420 δυνάμεως
1150 1354 1246 1406 καὶ
1295 1353 1519 1420 παντὸς
1573 1356 1862 1424 ὀνόματος

281 1439 741 1507 ὼιομαζομένου,
784 1439 949 1507 φησιν
984 1442 1040 1491 ὲν
1075 1440 1420 1509 Εὐαγγελίῳ·
1470 1442 1862 1505 Ἀπελθόντες

275 1531 624 1593 βαπτίσατε
653 1529 849 1582 πάντα
894 1529 963 1581 τὰ
995 1529 1140 1596 ἔθνη
1167 1533 1250 1594 εἰς
1283 1531 1469 1600 ὄνομα
1503 1533 1731 1600 Πατρός
1760 1533 1858 1587 καὶ

281 1621 427 1674 Υἱοῦ
466 1621 568 1673 καὶ
599 1621 770 1690 ἁγίου
822 1621 1184 1688 ﬂre-Liparae.
1225 1621 1392 1675 Τοῦτο
1437 1622 1512 1687 δὲ,
1563 1623 1680 1686 καὶ,
1733 1625 1861 1678 ἀνα-

286 1711 451 1780 μέσον
478 1712 558 1775 ὃν,
588 1712 650 1763 οὐ
685 1711 974 1782 συναλοιφῇ
1007 1712 1244 1782 ὲσὴμανε
1270 1713 1362 1766 τὸν
1390 1713 1518 1766 Υἱὸν
1551 1715 1628 1784 τῷ
1663 1716 1855 1785 Πατρὶ,

283 1801 420 1854 ἀλλά
457 1802 675 1871 Πατέρα
699 1797 805 1854 οἶδε
841 1801 1059 1871 Πατέρα
1082 1801 1355 1872 ἀληθινὸν,
1385 1804 1476 1856 καὶ
1507 1805 1698 1858 ἑαυτὸν
1727 1805 1860 1876 ἀλη-

284 1891 429 1944 ῡινδν
479 1892 762 1958 ἀπέδειξεν
812 1893 1168 1947 ὲνυπόστατον
1223 1893 1414 1961 Λόγον,
1457 1895 1549 1947 καὶ
1604 1895 1662 1948 τὸ
1706 1894 1859 1963 ἆγιον

1968 719 2281 781 increatus,
2354 724 2655 783 constans,
2717 719 3114 784 immutabilis,
3191 723 3284 791 qui
3359 740 3538 794 neque.

1967 807 2150 862 animo
2202 807 2441 877 concipi,
2502 825 2680 879 neque
2732 809 2902 865 videri
2961 817 3162 881 potest,
3229 812 3375 867 inter
3433 830 3537 870 nos

1967 898 2130 952 homo
2161 898 2358 965 factus,
2397 913 2460 953 ac
2493 901 2812 970 Spiritaliter
2855 916 3164 972 resurgens,
3199 918 3375 974 neque
3415 919 3534 958 mo-

1968 991 2115 1045 riens
2145 991 2400 1061 amplius,
2458 1008 2634 1062 neque
2680 991 3034 1048 mendicans:
3089 994 3289 1049 Nostra
3335 995 3537 1066 quippe

1967 1099 2131 1136 causa
2183 1082 2324 1136 dives
2372 1099 2490 1137 cum
2534 1095 2690 1149 esset,
2732 1086 3028 1140 mendicare
3061 1090 3221 1141 coluit
3250 1089 3300 1143 ‘2
3329 1089 3418 1144 ille
3441 1091 3533 1159 qui

1969 1179 2119 1224 totus
2166 1173 2396 1241 spiritus
2443 1181 2546 1236 est,
2590 1175 2682 1244 qui
2718 1191 2937 1231 carnem
2975 1192 3098 1230 eum
3128 1178 3412 1236 divinitate
3443 1196 3536 1235 co-

1968 1262 2191 1330 pulavit,
2241 1265 2350 1333 37
2390 1280 2558 1344 unus.1
2582 1265 2866 1330 Dominus,
2932 1282 3046 1329 rex,
3102 1268 3371 1336 Christus,
3439 1271 3535 1326 Dei

1968 1351 2171 1416 Filius,
2229 1354 2284 1408 in
2341 1355 2482 1410 coelo
2538 1357 2830 1412 consulens
2890 1356 2956 1410 ad
3019 1355 3198 1420 Patris
3253 1361 3534 1415 dexteram

1967 1459 2132 1511 supra
2173 1445 2525 1514 principatum
2569 1463 2792 1511 omnem,
2842 1457 3153 1516 potestatem
3183 1467 3244 1502 ac
3271 1452 3535 1516 virtutem,

1966 1542 2012 1588 et
2042 1552 2226 1588 nomen
2255 1552 2405 1590 omne
2427 1536 2564 1606 quod
2591 1538 2856 1590 nominari
2890 1549 3056 1605 potest
3084 1542 3104 1571 ²
3127 1581 3141 1605 ,
3180 1541 3252 1593 ita
3285 1539 3339 1594 in
3369 1539 3540 1594 Evan-

1967 1625 2107 1696 gelio
2139 1627 2434 1696 praecepit:
2465 1625 2664 1680 Euntes
2718 1628 2983 1698 baptizate
3025 1647 3202 1686 omnes
3254 1640 3428 1704 gentes
3483 1632 3538 1684 in

1966 1715 2175 1768 nomine
2223 1715 2440 1781 Patris,
2489 1727 2536 1770 et
2584 1715 2741 1783 Filii,
2791 1727 2841 1772 et
2882 1717 3114 1786 Spiritus
3143 1738 3257 1774 sam
3274 1723 3314 1774 ti
3339 1721 3380 1775 ³.
3413 1721 3538 1776 llaec.

1964 1819 2096 1857 vero
2136 1805 2428 1873 copulandi
2479 1807 2764 1876 interjecta
2817 1809 3110 1878 particula,
3151 1822 3222 1878 et,
3257 1829 3364 1868 non
3405 1829 3540 1868 con—

1968 1892 2152 1950 lusum
2200 1909 2326 1950 cum
2373 1895 2534 1952 Patre
2569 1897 2767 1952 Filium
2799 1915 2922 1956 esse
2952 1902 3253 1972 signiticat;
3295 1905 3387 1960 sed
3435 1905 3533 1958 Pa-

288 1980 451 2035 αὑτοῦ
501 1982 728 2053 Πνεῦμα
773 1983 1136 2038 ὲνὺπόστατον
1185 1984 1441 2055 Πνεῦμα,
1493 1985 1586 2039 καὶ
1637 1986 1855 2057 Πνεῦμα

1964 1995 2098 2040 trem
2127 2002 2312 2042 verum
2344 2003 2467 2043 esse
2511 1988 2752 2056 Patrem,
2801 2007 2866 2046 ac
2907 1993 3148 2063 seipsum
3189 2011 3379 2051 verum
3413 2012 3540 2053 0850.

284 2071 562 2141 ἀληθείας,
591 2073 866 2139 ᾶκτιστον,
889 2076 1174 2145 ἄτρεπτον,
1223 2076 1576 2132 ἀναλλοίωτον
1596 2095 1610 2108 ο
1637 2080 1735 2149 οὺχ
1783 2079 1859 2142 ὡς

287 2161 375 2212 iu
399 2179 479 2224 τις
512 2162 789 2235 ὑπονοήσῃ
827 2164 1013 2228 δολίως
1045 2165 1341 2238 φερόμενος
1367 2168 1504 2240 πρὸς
1529 2167 1627 2239 τὴν
1655 2168 1856 2234 πίστιν,

287 2253 381 2305 καὶ
407 2254 530 2316 τοὺς
562 2254 728 2318 πόδας
761 2255 924 2308 αὐτοῦ
951 2257 1341 2326 ἀποκρύπτων,
1373 2259 1468 2312 καὶ
1493 2258 1860 2330 δολιευόμενος

287 2345 422 2415 πρὸς
463 2345 564 2416 τὴν
614 2346 905 2416 ἀλήθειαν·
953 2345 1170 2408 Ἐτάζει
1211 2348 1318 2419 γὰρ
1347 2347 1597 2417 καρδίας
1633 2349 1734 2403 καὶ
1760 2365 1859 2402 νε-

285 2434 464 2501 φροὺς
520 2437 555 2487 ό
606 2436 767 2499 Θεός.
826 2433 928 2488 Καὶ
973 2434 1121 2505 λέγει
1169 2438 1198 2490 6
1246 2437 1553 2507 αἱρετικός·
1607 2437 1858 2508 Δηλονότι

289 2523 526 2576 πιστεύω
556 2525 640 2577 ὅτι
679 2527 707 2578 6
743 2526 932 2597 Πατὴρ
975 2526 1183 2597 Πατὴρ,
1227 2527 1320 2580 καὶ
1353 2529 1379 2580 6
1413 2527 1539 2591 Υίδς
1575 2528 1724 2593 Υἱὸς,
1763 2529 1860 2582 καὶ

285 2615 347 2667 τὸ
377 2617 530 2684 ἅγιον
570 2615 794 2686 Πνεῦμα
838 2617 990 2686 ἀγιον
1023 2617 1247 2688 Πνεῦμα
1268 2635 1282 2649 ·
1315 2619 1410 2673 καὶ
1436 2618 1680 2690 ὁμολογῶ
1710 2623 1859 2691 τρεῖς

286 2707 614 2771 ὑποστάσεις
662 2709 721 2761 ἐν
766 2710 866 2779 μιᾷ
901 2709 1091 2781 οὐσίᾳο
1137 2711 1235 2780 οὐχ
1274 2711 1466 2782 ἑτέραν
1497 2711 1554 2765 δὲ
1596 2713 1740 2782 λέγω
1764 2715 1857 2766 οὐ·

287 2796 406 2850 σιαν
455 2798 610 2868 παρά
635 2797 735 2867 τὴν
769 2797 1020 2869 Θεότητα,
1061 2799 1161 2868 οὐχ
1206 2800 1398 2872 ἑτέραν
1441 2800 1668 2873 θεότητα
1708 2802 1858 2873 παρὰ

284 2887 383 2956 τὴν
426 2888 651 2941 οὐσίανο
697 2887 830 2942 ἀλλά
882 2890 969 2944 διὰ
1011 2889 1072 2942 τὺ
1120 2890 1293 2955 οὕτως
1351 2892 1613 2965 ἀκριϐοῦν
1669 2893 1858 2948 οὐσίαν

285 2977 581 3049 καλοῦμεν,
614 2980 701 3033 ἵνα
741 2980 816 3051 μὴ
848 2979 976 3035 ἄλλο
1014 2981 1109 3036 καὶ
1149 2981 1276 3037 ἄλλο
1316 2979 1454 3047 εἶδος
1486 2984 1728 3056 εἴπωμεν
1759 2987 1860 3053 τῆς

285 3067 542 3140 θεότητος
587 3069 684 3140 τῆς
713 3071 958 3140 Τριάδος.
990 3072 1448 3143 Κρυπταζόμενος
1487 3074 1595 3146 γὰρ
1623 3077 1652 3128 6
1684 3075 1859 3129 τοιοῦ-

284 3168 379 3215 τος
431 3154 508 3216 ὡς
537 3150 708 3220 εἷπον,
739 3157 1089 3229 ρᾳδιούργως,
1133 3161 1226 3214 καὶ
1265 3161 1425 3216 πάλιν
1457 3163 1645 3227 δολίως
1675 3164 1854 3232 λέγει·

1963 2079 2359 2135 demonstravit
2385 2080 2700 2138 subsistens
2732 2082 2990 2148 Verbum,
3026 2101 3090 2141 ac
3120 2086 3381 2156 Spiritum
3405 2104 3534 2144 san-

1963 2179 2110 2225 ctum
2165 2171 2560 2227 subsistentem
2583 2172 2867 2242 Spiritum,
2896 2183 2952 2230 et
2981 2179 3221 2234 veritatis
3244 2179 3531 2248 Spiritum.

1964 2261 2295 2327 increatum,
2351 2262 2746 2319 immutabilem
2795 2280 2860 2321 ac
2906 2275 3249 2323 constantem
3287 2285 3440 2325 :non
3466 2273 3536 2327 ad

1962 2365 2089 2405 eum
2129 2351 2374 2414 modum,
2403 2367 2514 2421 quo
2543 2353 2877 2422 persuadere
2908 2355 3011 2410 sibi
3031 2355 3305 2427 quispiam
3332 2365 3530 2428 potest.

1962 2442 2057 2513 qui
2109 2442 2294 2498 fucum
2344 2442 2468 2499 lidei
2511 2442 2693 2500 facere
2742 2446 2898 2512 velit,
2939 2461 3002 2500 ac
3029 2447 3258 2517 pedibus
3287 2449 3405 2505 suis
3430 2449 3538 2505 dis—

1963 2534 2287 2590 simulanter
2316 2535 2547 2606 ingredi,
2574 2543 2628 2591 et
2663 2536 2945 2594 veritatem
2981 2538 3176 2594 callide
3224 2555 3288 2595 ac
3314 2539 3535 2596 fraudu-

1962 2625 2137 2682 lenter
2169 2627 2466 2698 obtegere:
2491 2627 2633 2682 Deus
2677 2628 2878 2699 quippe
2924 2647 3070 2685 renes
3095 2640 3145 2685 et
3177 2632 3340 2687 corda
3386 2650 3536 2688 scru-

1970 2723 2118 2769 tatur
2135 2718 2176 2772 ‘.
2205 2716 2306 2772 Hic
2338 2718 2470 2772 mihi
2506 2719 2793 2776 haereticus
2826 2721 3015 2791 objicit
3041 2742 3053 2777 :
3082 2722 3344 2794 Equidem
3372 2727 3535 2781 credo

1968 2801 2187 2860 Patrem
2243 2821 2368 2862 esse
2417 2805 2656 2872 Patrem,
2704 2817 2756 2862 et
2805 2809 3000 2864 Filium
3049 2828 3170 2868 esse
3223 2813 3441 2881 Filium,
3481 2825 3535 2869 et

1963 2891 2225 2963 Spiritum
2267 2903 2518 2951 sanctum
2560 2912 2680 2953 esse
2718 2897 2980 2968 Spiritum
3018 2910 3291 2967 sanctum,
3329 2919 3392 2957 ac
3421 2912 3534 2959 tres

1963 2984 2288 3056 hypostases
2345 2988 2399 3042 in
2457 3004 2563 3042 una
2615 2989 2924 3046 substantia
2978 2992 3254 3062 proliteor.
3315 2998 3385 3047 At
3431 3012 3532 3064 ego

1961 3074 2122 3128 aliam
2173 3091 2295 3132 esse
2336 3087 2531 3147 praeter
2557 3079 2891 3136 divinitatem
2947 3097 3087 3153 nego
3143 3083 3528 3147 substantiam,

1960 3172 2054 3218 aut
2098 3175 2294 3235 praeter
2336 3169 2701 3225 substantiam
2737 3171 3076 3228 divinitatem
3122 3175 3306 3240 aliam,
3341 3176 3436 3231 sed
3469 3188 3526 3230 ut

285 3243 535 3296 Πιστεύω
555 3247 638 3298 ὅτι
665 3248 854 3320 Πατὴρ
879 3251 1086 3322 Πατὴρ,
1116 3251 1242 3315 Υἱὸς
1271 3251 1415 3316 Υἱός,
1447 3253 1674 3325 Πνεῦμα
1704 3255 1855 3323 ἆγιον

1963 3257 2277 3316 accuratius
2338 3260 2649 3331 loquamur,
2690 3276 2754 3317 ac
2784 3278 2852 3318 ne
2882 3264 2986 3317 alia
3015 3273 3068 3319 et
3097 3265 3202 3319 alia
3233 3265 3532 3323 divinitatis

284 3332 510 3404 Πνεῦμα
549 3335 738 3404 ἅγιον·
792 3340 1044 3399 ὑπόνοιαν
1070 3341 1128 3395 δὲ
1159 3341 1271 3414 ἔχει
1310 3343 1568 3415 τοιαύτην
1613 3362 1855 3417 κεκρυμ-

1962 3344 2017 3400 in
2059 3345 2329 3405 Trinitate
2381 3352 2555 3406 forma
2603 3353 2838 3422 dicatur,
2883 3356 3244 3412 substantiam
3293 3363 3532 3431 appella-

289 3423 479 3495 μένην,
524 3427 600 3489 ὡς
650 3428 744 3496 ἀφ’
775 3429 930 3500 ἡμῶν
973 3431 1034 3484 τὸ
1058 3432 1210 3487 Θεῖον
1257 3435 1566 3499 ἀπεικάσας
1610 3435 1757 3504 λέγει
1799 3439 1858 3491 ὲν

285 3515 488 3586 ἑαυτῷ,
534 3521 617 3573 ὅτι
663 3521 749 3584 Ὠς
793 3522 900 3592 ἔχω
952 3525 1111 3595 σῶμα
1154 3526 1247 3578 καὶ
1275 3525 1451 3598 ψυχὴν
1503 3528 1595 3580 καὶ
1641 3529 1858 3600 πνεῦμα

281 3602 642 3672 ἀνθρώπειον,
671 3607 814 3662 οὕτω
857 3613 951 3664 καὶ
981 3615 1014 3683 ἡ
1043 3613 1264 3684 Θεότης.
1299 3616 1490 3686 Πατὴρ
1521 3617 1640 3686 μὲν,
1675 3619 1750 3682 ὠς
1780 3621 1858 3672 εί-

285 3696 429 3757 πεῖν,
462 3696 523 3748 τὸ
565 3693 735 3762 εἷδοςυ
775 3701 904 3766 Υἱὸς
944 3703 1000 3756 δὲ
1039 3703 1114 3768 ὡς
1152 3704 1210 3757 ὲν
1247 3705 1326 3776 τῷ
1363 3707 1634 3779 ἀνθρώπῳ
1673 3709 1853 3782 ψυχή·

283 3784 514 3857 Πνεῦμα
558 3789 618 3842 δὲ
661 3789 849 3863 ὥσπερ
892 3795 954 3848 τὸ
1001 3797 1232 3866 ἑμπνέον
1273 3799 1363 3854 διὰ
1401 3799 1494 3852 τοῦ
1541 3800 1852 3873 ἀνθρώπου.

283 3874 448 3939 Τινὲς
489 3877 598 3949 γὰρ
651 3879 1015 3948 δολιεύονται,
1067 3886 1162 3940 καὶ
1214 3887 1388 3952 οὕτως
1436 3889 1714 3960 νομίζουσι
1757 3891 1855 3962 τὴν

278 3965 552 4037 Θεότητα.
592 3970 779 4042 Ἡμεῖς
829 3973 885 4027 δὲ
914 3975 1010 4047 οὐχ
1055 3976 1225 4041 οὕτως
1257 3979 1552 4052 ἐμάθομεν,
1583 3980 1698 4034 ἀλλ’
1742 3981 1853 4034 ἰδοὺ

275 4057 307 4109 6
360 4057 552 4129 Πατὴρ
597 4061 653 4113 ἐν
700 4063 914 4135 οὐρανῷ
958 4065 1044 4120 διὰ
1093 4069 1276 4137 φωνῆς
1324 4073 1622 4143 μαρτυρεῖ·
1673 4071 1782 4124 ἰδοὺ
1826 4074 1855 4124 6

278 4146 415 4210 Υἱὸς
457 4149 517 4200 ἐν
554 4149 823 4224 Ἰορδάνῃ·
860 4155 966 4208 ίδοὺ
1001 4157 1062 4210 τὸ
1090 4157 1314 4229 Πνεῦμα
1355 4161 1418 4215 τὸ
1454 4162 1609 4231 ἅγιον
1641 4163 1700 4215 ὲν
1725 4163 1854 4216 εῖδει

277 4242 616 4310 περιστερᾶς
659 4245 1057 4316 κατερχόμενον
1099 4250 1516 4321 ὲσχηματίζετο,
1551 4253 1688 4307 ἀλλά
1731 4254 1853 4308 καθ’

273 4329 445 4382 ἑαυτὸ
489 4332 904 4402 ὲσχηματίζετο,
953 4339 1074 4391 καθ’
1112 4341 1272 4395 ἑαυτὸ
1304 4343 1598 4408 ὑπόστασις
1622 4344 1704 4408 ὂν,
1752 4346 1855 4399 οὐκ

179 4473 191 4481 ,
277 4419 500 4484 ἀλλοίας
533 4423 688 4492 παρά
731 4426 832 4496 τὴν
878 4428 972 4480 τοῦ
1017 4431 1227 4501 Πατρὸς
1272 4435 1366 4487 καὶ
1394 4433 1546 4498 Υἱοῦ,
1590 4435 1728 4488 ἀλλά
1753 4436 1854 4507 τῆς

273 4508 452 4578 αὐτῆς
479 4513 687 4575 οὐσίας.
718 4515 883 4568 Πάλιν
905 4517 1106 4590 ἑτέρως
1123 4537 1136 4550 ·
1179 4520 1304 4574 Ἰδοὺ
1327 4524 1514 4594 Πατὴρ
1539 4525 1770 4596 κάθηται
1795 4527 1853 4578 ὲν

1962 3452 2106 3494 mus.
2137 3439 2270 3494 Nam
2311 3443 2404 3512 qui
2441 3443 2556 3500 haec
2581 3445 2734 3512 dicit,
2790 3448 2984 3504 callide
3029 3452 3424 3520 tergiversatur
3463 3469 3529 3508 ac

1959 3530 2290 3600 dissimulat,
2328 3544 2382 3590 et
2413 3535 2538 3594 dolo
2585 3540 2729 3594 malo
2779 3541 2859 3596 sic
2903 3530 3145 3612 loqiiitur
3172 3563 3186 3599 :
3213 3545 3390 3602 Credo
3424 3546 3530 3601 Pa-

1960 3623 2098 3673 trem
2129 3634 2252 3677 esse
2277 3621 2515 3688 Patrem,
2549 3634 2604 3681 et
2635 3613 2832 3706 Filium
2864 3645 2987 3685 esse
3013 3629 3234 3698 Filium,
3269 3644 3322 3690 et
3357 3634 3530 3706 Spiri-

1959 3716 2075 3764 tum
2099 3719 2350 3767 sanctum
2379 3731 2504 3773 esse
2534 3704 2796 3787 Spiritum
2827 3729 3077 3777 sanctum
3110 3741 3125 3777 :
3157 3739 3281 3778 cum
3311 3704 3526 3779 interim

1958 3802 2231 3857 occultam
2273 3807 2564 3874 quamdam
2599 3809 2980 3880 cogitationem
3014 3813 3069 3867 in
3099 3813 3282 3868 animo
3323 3814 3523 3878 foveat,

1958 3896 2123 3961 atque
2169 3892 2237 3946 ad
2278 3897 2584 3966 exemplum
2617 3907 2826 3955 naturae
2863 3910 3066 3957 nostrae
3088 3903 3197 3959 tale
3227 3904 3330 3960 sibi
3361 3906 3523 3976 quid-

1957 3979 2080 4033 dam
2111 3981 2178 4035 de
2213 3981 2503 4041 Divinitate
2549 3986 2716 4058 lingat
2742 4007 2756 4044 :
2786 3987 2875 4043 Uti
2906 4005 3008 4060 ego
3053 4005 3300 4062 corpore,
3344 3996 3524 4051 anima

1956 4079 2011 4127 et
2043 4072 2286 4128 lmmano
2313 4091 2434 4131 sum
2471 4079 2662 4148 spiritu
2689 4080 2971 4150 praeditus,
2998 4083 3072 4137 ita
3098 4083 3360 4143 Divinitas
3383 4087 3522 4158 ipsa.

1956 4161 2137 4230 Quare
2161 4163 2322 4221 Pater
2361 4169 2508 4223 velut
2545 4167 2723 4226 forma
2764 4174 3010 4242 quaedam
3042 4183 3146 4241 est,
3181 4184 3241 4232 ut
3266 4179 3340 4234 ita
3375 4180 3525 4236 dixe-

1955 4255 2080 4322 rim,
2110 4272 2176 4312 ac
2201 4259 2452 4326 species;
2484 4261 2656 4320 Filius
2693 4265 2918 4335 perinde
2957 4276 3042 4325 est
3083 4278 3247 4341 atque
3289 4273 3524 4328 hominis

1956 4347 2177 4415 anima;
2230 4347 2470 4420 Spiritus
2513 4353 2686 4411 instar
2718 4356 2840 4426 ejus
2879 4367 2965 4413 est
2995 4361 3089 4430 qui
3122 4377 3220 4432 per
3249 4363 3520 4421 hominem

1955 4441 2148 4511 Spirat.
2196 4441 2307 4498 Nec
2350 4445 2494 4500 enim
2541 4448 2885 4506 cavillatores
2917 4454 3136 4522 quidam
3177 4454 3393 4523 desunt,
3428 4460 3520 4530 qui

1955 4530 2023 4584 de
2048 4530 2336 4588 Divinitate
2364 4535 2730 4604 sicjudicent.
2769 4539 2880 4596 Nos
2927 4553 3107 4599 autem
3150 4547 3310 4619 longe
3364 4549 3522 4606 aliter

272 4601 493 4672 οὐρανῷ
519 4619 533 4633 ο
581 4603 642 4656 τὸ
680 4605 736 4657 δὲ
779 4607 1023 4675 κάθηται
1063 4611 1138 4682 μὴ
1169 4613 1330 4666 πάλιν
1375 4615 1722 4685 ὑπολάμϐανε
1755 4616 1850 4667 ἀν-

1961 4620 2268 4679 didicimus.
2297 4625 2434 4681 Ecce
2470 4627 2567 4682 tibi
2596 4628 2758 4685 Pater
2783 4647 2814 4686 e
2841 4633 2983 4688 caelo
3011 4636 3155 4690 clara
3185 4601 3319 4694 vo‘ee
3353 4647 3518 4694 testa-

272 4692 588 4780 θρωπίνως,
616 4694 729 4747 ἀλλ’
763 4697 1167 4770 ἀνεκδιηγήτως
1194 4704 1288 4756 καὶ
1315 4706 1707 4777 ἀκαταλήπτως
1735 4709 1847 4780 ἔχε.

273 4779 388 4834 Καὶ
428 4785 527 4836 οὐκ
571 4781 748 4847 εἶπεν,
812 4787 1062 4858 Ἀνῆλθεν
1106 4795 1134 4845 6
1167 4794 1294 4857 Υἱὸς
1339 4798 1420 4858 είς
1470 4798 1562 4850 τὸν
1607 4799 1847 4868 Πατέρα,

274 4872 418 4934 ἀλλ’.
465 4873 782 4930 Ἐκάθισεν
818 4880 889 4932 ἐν
918 4879 1085 4947 δεξιᾷ
1117 4883 1222 4936 τοῦ
1262 4889 1511 4954 Πατρός.
1549 4889 1658 4942 Καὶ
1689 4892 1850 4944 πάλιν

273 4961 407 5030 περὶ
444 4963 538 5015 τοῦ
589 4965 906 5036 Πνεύματος
939 4969 1028 5022 τοῦ
1068 4973 1226 5039 ἁγίου
1279 4973 1448 5042 λέγων
1479 4977 1506 5028 6
1546 4976 1852 5050 Μονογενὴς

269 5052 590 5106 ἐδίδασκε-θ’
659 5058 1036 5128 Ἀπέρχομαι,
1077 5064 1351 5132 κάκεῖνος
1390 5067 1736 5133 ἐλεύσεται,
1785 5070 1848 5124 τὸ

267 5144 518 5213 Πνεῦμα
547 5146 616 5199 τὸ
652 5147 847 5217 ἅγιον,
879 5152 946 5204 τὸ
980 5154 1220 5222 Πνεῦμα
1245 5157 1355 5225 τῆς
1391 5159 1693 5227 ἀληθείας.
1743 5165 1850 5218 Ἂν

265 5235 357 5303 μὴ
402 5236 516 5305 ἐγὼ
563 5239 834 5307 ἀπέλθω,
891 5245 1168 5312 κάκεῖνος
1218 5251 1327 5302 οὐκ
1372 5251 1622 5320 ἔρχεται.
1680 5256 1741 5308 El
1790 5256 1848 5309 δὲ

263 5320 344 5393 ἦν
376 5328 436 5380 τὸ
479 5329 705 5398 Πνεῦμα
735 5333 1027 5407 συναλοιφή
1062 5338 1209 5408 αὑτῷ
1239 5338 1315 5409 τῷ
1348 5341 1479 5411 rip,
1513 5344 1610 5396 οὐκ
1639 5344 1704 5398 ἄν
1733 5345 1847 5398 ἕλε-

262 5432 408 5486 τεν,
479 5419 861 5490 Ἀπέρχομαι,
916 5426 1192 5491 κάκεῖνος
1253 5429 1518 5499 ἔρχεται·
1579 5433 1696 5488 ἀλλ’
1761 5436 1846 5490 ἵνα

1957 4716 2075 4776 tur;
2116 4727 2184 4766 en
2229 4711 2400 4770 Filius
2430 4713 2498 4768 ad
2523 4715 2815 4774 Iordanem
2844 4738 2858 4787 ;
2889 4736 2956 4776 en
2996 4721 3232 4793 Spiritus
3258 4729 3521 4784 columba:

1954 4802 2137 4869 specie
2193 4817 2466 4873 apparens
2509 4806 2651 4861 hanc
2688 4824 2783 4878 per
2815 4826 2937 4866 sese
2991 4813 3218 4884 ﬁguram
3268 4816 3447 4870 induit
3474 4821 3517 4885 υ,

1953 4903 2186 4958 persona
2222 4908 2316 4962 per
2338 4909 2458 4949 sese
2495 4910 2592 4951 sua
2622 4904 2906 4965 constans,
2955 4917 3065 4957 non
3097 4919 3126 4957 a
3154 4901 3316 4960 Patre
3351 4904 3520 4960 Filio-

1953 4996 2061 5049 que
2116 4983 2363 5051 diversm,
2412 4989 2507 5043 sed
2557 4990 2796 5060 ejusdem
2839 5009 2962 5049 cum
3012 4997 3120 5053 illis
3173 4999 3514 5056 substantia».

1956 5068 2143 5125 Potest
2184 5083 2238 5127 et
2275 5075 2406 5130 illud
2438 5078 2546 5132 alio
2575 5082 2733 5135 modo
2764 5082 3036 5140 declarari
3065 5106 3078 5142 :
3108 5086 3266 5143 Pater
3299 5091 3352 5146 in
3378 5094 3518 5146 coelo

1954 5165 2202 5222 considet
2230 5187 2242 5223 :
2277 5171 2562 5229 considere
2591 5190 2720 5229 vero
2742 5190 2864 5230 cum
2894 5177 3112 5243 dicitur,
3139 5197 3248 5235 non
3277 5182 3515 5238 humano

1961 5271 2131 5320 ntere,
2173 5260 2269 5314 sed
2302 5262 2676 5332 alia,quadam
2704 5271 2937 5335 ratione,
2966 5286 3086 5340 quze
3112 5287 3210 5326 nec
3233 5275 3514 5343 explicari.

1955 5363 2133 5416 neque
2176 5353 2560 5422 comprehendi
2601 5367 2801 5426 potest,
2842 5361 3096 5432 intellige.
3128 5361 3312 5432 Neque
3337 5365 3508 5422 dixit:

1951 5438 2066 5508 88
2091 5440 2346 5497 Ascendit
2375 5443 2440 5497 ad
2472 5443 2687 5502 Patrem
2725 5449 2912 5517 Filius,
2954 5452 3072 5518 sed,
3106 5452 3259 5510 Sedet
3297 5457 3364 5511 ast
3391 5457 3514 5512 dex-

344 5571 368 5606 ‘
401 5573 445 5630 ll
474 5579 599 5635 Cor.
634 5595 752 5654 vm,
786 5581 839 5635 9.
913 5585 932 5614 ¹
960 5584 1153 5656 Ephcs.
1187 5605 1224 5651 ι,
1254 5589 1342 5644 2i.
1424 5593 1443 5622 ³
1476 5593 1661 5649 Matth.
1695 5611 1851 5662 χχιιι,

1961 5639 1971 5653 .
2050 5598 2072 5630 ⁸
2102 5598 2247 5657 Psal.
2283 5619 2374 5669 vn,
2413 5606 2493 5661 l0.
2573 5610 2594 5644 ³
2630 5609 2818 5667 Matth.
2853 5627 2936 5678 ιιι,
2966 5614 3058 5680 26,
3089 5615 3178 5671 27.

597 5673 866 5740 Parrum.
901 5678 1015 5744 Gn.
1080 5686 1122 5744 Χ
1141 5684 1296 5744 l.lll.

3246 5713 3284 5769 ὓ
