3916 6196
387 286 485 343 {TI

1784 286 1841 340 S.
1883 284 2223 341 EPIPIIANII

3525 296 3630 350 I79.

387 411 553 455 teram
589 398 773 455 Patris
798 402 837 455 ¹.
874 400 948 457 De
976 400 1181 471 Spiritu
1222 414 1349 454 vero
1372 410 1563 455 sancto
1598 402 1677 456 sic
1709 417 1807 457 nos
1836 403 1948 456 uni-

2062 400 2210 473 δείξῃ
2243 402 2537 455 ὑπόστασιν
2558 402 2651 455 καὶ
2683 401 2999 459 ὑπόστασιν.
3035 403 3150 458 Μία
3187 404 3242 457 δέ
3272 407 3388 461 ἐστι
3417 407 3631 480 θεότης,

384 506 483 548 cus
535 490 627 547 Dei
676 490 847 547 Filius
892 492 1104 547 edocuit
1139 509 1152 544 :
1190 489 1297 560 Ego
1329 492 1483 556 vado,
1514 502 1564 546 et
1595 492 1825 561 Spiritus
1856 494 1947 547 ille

2051 488 2133 555 εἷς
2165 493 2317 557 Θεὸς,
2373 493 2470 563 μία
2501 493 2747 564 ἀλήθεια.

385 595 602 638 sanctus
655 585 841 647 veniet,
895 582 1126 649 Spiritus
1172 583 1431 637 rei-italis.
1491 582 1613 637 Nisi
1638 601 1730 654 ego
1758 584 1960 649 abiero,
1995 582 2086 636 ille
2116 600 2219 636 non
2250 584 2477 637 veniet'.
2537 584 2699 652 Atqui
2731 583 2777 638 si
2804 598 2925 637 cum
2969 581 3107 638 Filio
3164 586 3429 640 confusus
3487 599 3637 647 esset

388 676 667 747 Spiritus,
727 689 835 727 non
883 672 1130 736 diceret,
1186 673 1348 739 Abeo,
1400 684 1451 728 et
1507 675 1600 729 ille
1658 677 1857 740 veniet;
1915 675 2009 730 sed
2068 675 2231 728 aliam
2297 684 2460 745 atque
2512 675 2671 729 aliam
2725 690 3013 746 personam
3074 691 3198 732 esse
3254 678 3635 738 demonstrare

386 766 597 821 voluit:
633 778 737 816 una
785 777 949 831 porro
991 762 1246 821 divinitas
1290 772 1393 829 est,
1442 782 1585 821 unus
1638 766 1800 830 Deus,
1842 783 1950 820 una
1983 767 2203 821 veritas.

452 852 707 908 LXXXII.
752 852 877 906 Haec
917 868 947 906 a
989 869 1074 908 me
1127 854 1181 907 in
1212 855 1426 910 illorum
1473 861 1705 928 gratiam
1746 858 1952 927 scripta

384 957 531 1012 sunt,
567 946 661 1015 qui
685 946 808 1001 vita:
834 962 897 1001 ac
932 947 1127 1001 salutis
1157 957 1357 1003 nostra:
1400 964 1700 1020 congruam
1738 958 1792 1005 et
1822 965 1954 1004 con~

382 1043 699 1090 seutaneam
736 1037 1024 1101 rationem,
1061 1045 1112 1091 ct
1153 1039 1515 1093 certissimam
1551 1039 1949 1109 professionem

381 1129 524 1181 scire
579 1128 940 1197 amplectique
988 1130 1298 1195 voluerint;
1363 1144 1485 1198 qua:
1534 1130 1649 1199 jam
1705 1138 1819 1184 tum
1881 1130 1950 1184 ab

382 1214 527 1285 lege,
565 1214 861 1284 prophetis,
900 1213 1229 1285 Evangeliis,
1268 1216 1554 1286 apostolis,
1606 1217 1950 1285 apostolicis-

371 1319 489 1374 .que
516 1302 870 1371 temporibus,
920 1303 985 1356 ad
1017 1304 1129 1358 haec
1167 1314 1352 1359 nostra
1401 1312 1646 1372 tempora
1679 1304 1734 1358 in
1769 1303 1955 1359 Eccle-

375 1394 465 1448 sia
506 1392 773 1446 catholica
821 1392 1137 1462 incorrupta
1173 1401 1422 1447 servatur
1449 1411 1462 1447 :
1488 1408 1716 1463 qumque
1747 1409 1842 1462 per
1873 1394 1957 1448 in-

381 1484 581 1539 vidiam
608 1497 673 1536 ac
701 1483 887 1537 turbas
932 1482 1197 1538 adversus
1242 1500 1405 1538 unam
1451 1500 1516 1539 ac
1560 1500 1744 1539 veram
1793 1483 1951 1539 Iidem

370 1577 680 1631 concitatas
703 1575 932 1645 singulis
963 1575 1270 1644 quibusque
1299 1576 1639 1646 temporibus
1671 1576 1946 1629 variarum

362 1670 664 1724 .hzereseon
695 1666 1057 1720 insectatione
1079 1665 1307 1735 jactata,
1340 1681 1403 1720 ac
1432 1667 1619 1721 multis
1653 1666 1954 1720 incommo-

356 1759 469 1815 -dis
501 1775 689 1814 earum
720 1758 1132 1828 importunitate
1161 1757 1506 1824 conﬂictata;
1560 1758 1670 1821 illa,
1704 1758 1947 1826 inquam,

383 1851 499 1920 ipsa
543 1849 694 1913 ﬁdes,
739 1865 883 1919 spes,
932 1849 1192 1918 salusque
1242 1857 1431 1903 nostra
1478 1849 1531 1902 in
1573 1864 1676 1903 sua
1724 1848 1950 1903 veritate

364 1942 639 2012 perstitit,
688 1956 814 1995 cum
860 1956 922 1995 ex
974 1939 1207 1995 adverso
1243 1941 1479 1995 haereses
1515 1940 1807 1994 identidem
1851 1952 1949 1992 sua

380 2049 441 2088 se
478 2034 599 2087 labe
627 2032 1022 2095 contaminent,
1063 2038 1118 2085 et
1162 2031 1228 2084 ah
1270 2031 1537 2085 Ecclesia:
1571 2030 1833 2084 societate
1865 2043 1952 2082 se-

382 2132 664 2196 parentur.
719 2125 1041 2193 Cujusmodi
1102 2123 1392 2178 nonnullos
1458 2136 1630 2191 nuper
1685 2119 1951 2174 excitatos

380 2230 503 2270 esse
561 2215 954 2285 comperimus,
1009 2213 1211 2284 quibus
1268 2212 1511 2280 plerique
1564 2210 1806 2263 omnium
1857 2208 1951 2277 qui

382 2308 737 2361 monasticam
786 2307 841 2360 in
886 2306 1144 2375 IEgypto,
1182 2301 1457 2355 Thebaide
1497 2301 1819 2369 ueterisque
1867 2315 1953 2353 re-

370 2396 633 2464 gionibus
680 2397 844 2449 vitam
891 2403 1170 2453 exercent,
1228 2392 1385 2447 facile
1424 2392 1630 2461 primas
1675 2390 1950 2444 deferunt.

376 2489 483 2551 Qui
519 2488 572 2541 in
618 2487 807 2542 eodem
843 2501 968 2539 cum
1001 2483 1291 2538 lIieracitis
1322 2497 1510 2536 errore
1541 2490 1847 2546 versantur,
1884 2496 1950 2537 ac

367 2579 604 2647 ,perinde
643 2588 700 2631 ut
733 2577 805 2630 illi
858 2573 1317 2631 resurrectionem
1366 2573 1571 2635 carnis,
1623 2586 1730 2625 non
1783 2571 1949 2641 hujus

378 2683 541 2739 quam
585 2667 850 2721 habemus
891 2665 1072 2729 modo,
1103 2663 1196 2719 sed
1234 2662 1461 2716 alterius
1490 2662 1543 2714 in
1577 2660 1739 2727 hujus
1770 2661 1947 2714 locum

2125 856 2255 911 ΠΒ.
2297 857 2408 911 Καὶ
2440 856 2582 912 οὕτω
2631 859 2889 929 γέγραφα
2932 858 3009 929 τῷ
3052 857 3358 931 βουλομένῳ
3399 862 3500 933 τὴν
3531 866 3634 933 τῆς

2059 948 2204 1017 ζωῆς
2237 946 2395 1017 ήμῶν
2425 948 2767 1011 ἀκολουθίαν,
2818 949 2911 1001 καὶ
2952 948 3175 1017 βεϐαίαν
3204 949 3491 1019 ὁμολογίαν
3532 952 3632 1022 τὴν

2066 1035 2176 1089 ἀπὸ
2219 1034 2314 1088 τοῦ
2348 1035 2511 1106 νόμου
2559 1036 2653 1090 καλ¹
2684 1036 2792 1088 τῶν
2818 1036 3109 1107 προφητῶν
3154 1036 3248 1089 καὶ
3285 1037 3632 1105 Εύαγγελίων

2063 1123 2157 1179 καὶ¹
2212 1124 2545 1190 ἀποστόλων,
2590 1125 2683 1177 καὶ
2716 1124 2823 1176 ἀπὸ
2852 1124 2961 1177 τῶν
3010 1125 3215 1195 χρόνων
3247 1125 3355 1178 τῶν
3401 1127 3632 1179 ἀποστό-

2062 1214 2167 1267 λων
2197 1214 2301 1277 ἓως
2330 1214 2550 1285 ἡμερῶν
2581 1214 2601 1245 ³
2630 1215 2836 1285 χρόνων
2865 1216 2923 1268 ὲν
2963 1218 3030 1284 τῇ
3084 1215 3343 1285 καθολικῇ
3394 1216 3630 1285 Ἐκκλη-

2060 1306 2151 1377 σία
2180 1306 2461 1375 ἀχράντως
2493 1305 2918 1376 πεφυλαγμένην
2948 1322 2965 1337 ο
3022 1307 3110 1361 ἐπὶ
3161 1306 3339 1376 φθόνῳ
3384 1306 3441 1359 δὲ
3491 1308 3633 1362 ἀκα-

2054 1398 2348 1460 ταστασίας
2384 1397 2484 1467 τῆς
2539 1398 2667 1468 μιᾶς
2724 1398 2819 1451 καὶ
2873 1396 3130 1467 ἀληθινῆς
3175 1397 3441 1462 πίστεως,
3488 1400 3632 1453 κατά

2056 1488 2244 1560 καιρὸν
2292 1489 2386 1542 καὶ
2436 1489 2627 1559 καιρὸν
2684 1488 2772 1542 διὰ
2820 1489 2930 1542 τῶν
2978 1490 3244 1560 αἱρέσεων
3299 1489 3398 1561 τὴν
3458 1491 3632 1563 αὑτὴν

2055 1578 2238 1633 πίστιν
2274 1580 2367 1632 καί⁸
2414 1580 2603 1632 ἐλπίδα
2636 1580 2734 1633 καὶ
2780 1579 3053 1650 σωτηρίαν
3097 1579 3255 1649 ἡμῶν
3285 1579 3626 1650 διωχθεῖσαν,

2056 1669 2425 1739 ὑπομείνασαν
2457 1670 2513 1722 δὲ
2546 1670 2603 1721 ὲν
2632 1671 2699 1740 τῇ
2729 1670 2901 1739 αὑτῆς
2928 1668 3157 1740 ἀληθείᾳ
3176 1686 3190 1699 ·
3225 1670 3333 1723 τῶν
3364 1671 3629 1742 αἱρέσεων

2053 1759 2172 1812 καθ’
2214 1760 2441 1813 ἕκαστον
2487 1760 2676 1831 χρόνον
2730 1760 2929 1825 ἑαυτὰς
2982 1761 3344 1831 χραινουσῶν,
3390 1763 3485 1815 καὶ
3519 1762 3631 1816 ἀπὸ

2052 1850 2151 1920 τῆς
2213 1850 2540 1919 Ἐκκλησίας
2589 1851 3150 1923 ἀπαλλοτριουμένων.
3201 1853 3289 1916 Ὠς
3314 1852 3405 1906 καὶ
3451 1869 3627 1923 προσ-

2051 1940 2235 2009 φάτως
2283 1940 2445 1994 πάλιν
2476 1942 2588 2010 (40)
2624 1942 2896 2012 ἀκούομέν
2943 1959 3105 1996 τινων
3139 1942 3246 1996 τῶν
3272 1942 3337 1995 τὰ
3381 1945 3627 2013 πρωτεῖα

2053 2029 2349 2084 δοκούντων
2398 2031 2766 2103 ἀποφέρεσθαι
2799 2032 2949 2103 παρά
2995 2050 3106 2086 τισι
3148 2034 3257 2087 τῶν
3288 2036 3345 2086 ὲν
3368 2034 3630 2105 Αἰγύπτῳ

2064 2121 2322 2192 ἀσκητῶν
2362 2121 2456 2174 καὶ
2498 2121 2722 2190 Θηϐαΐδι
2760 2123 2855 2177 καὶ
2898 2123 3072 2177 ἄλλων
3112 2124 3293 2179 ἄλλοθι
3326 2124 3629 2195 κλιμάτων,

2057 2209 2126 2264 τά
2161 2211 2322 2281 ὅμοια
2354 2214 2465 2273 τοῖς
2507 2211 2829 2281 Ἰερακίταις
2871 2213 2981 2284 (di)
3014 2213 3371 2284 φρονούντων,
3404 2214 3500 2267 καὶ
3541 2214 3633 2267 λε-

2057 2301 2262 2369 γόντων
2335 2302 2626 2355 ἀνάστασιν
2679 2303 2776 2372 μὲν
2826 2303 2925 2374 τῆς
2968 2304 3242 2376 ἡμετέρας
3300 2306 3519 2377 σαρκὸς,
3566 2305 3629 2358 οὐ

2057 2390 2262 2460 ταύτης
2298 2390 2377 2452 δὲ,
2409 2390 2522 2444 ἀλλ’
2565 2390 2731 2461 ἄλλης
2760 2392 2901 2455 τινὸς
2936 2393 3051 2446 ἀντ’
3088 2394 3258 2464 αὐτῆς
3280 2411 3293 2425 ο
3321 2394 3397 2457 ὡς
3433 2398 3634 2464 ἐκτρα-

2058 2478 2269 2533 πέντων
2301 2482 2408 2533 τῶν
2438 2481 2716 2545 τοιούτων,
2750 2484 2845 2535 καὶ
2885 2485 2965 2546 είς
3014 2484 3215 2554 μύθους
3250 2485 3632 2557 ἐπιτρεψάντων

2052 2570 2152 2643 τὴν
2180 2573 2274 2626 τοῦ
2311 2572 2446 2627 Θεοῦ
2478 2574 2759 2644 ἀλήθειαν.
2792 2578 2888 2629 καὶ
2935 2577 3032 2648 τὴν
3084 2578 3307 2648 βεϐαίαν
3350 2577 3503 2649 ἡμῶν
3543 2578 3633 2631 έλ-

2056 2663 2202 2718 πίδα.
2224 2665 2314 2718 Διὸ
2328 2666 2422 2719 καὶ
2451 2667 2579 2737 περὶ
2600 2667 2788 2722 τούτου
2809 2669 3229 2741 ἀναγκαζόμεθα
3256 2664 3410 2732 αὖθις
3425 2668 3630 2736 λέγειν.

379 2760 689 2817 substitutos
717 2758 1034 2828 pradicant.
1073 2754 1178 2821 Qui
1211 2768 1400 2808 omnes
1463 2768 1495 2806 a
1545 2753 1776 2807 veritate
1835 2750 2169 2821 defecerunt,
2233 2771 2297 2811 ac
2319 2755 2412 2811 Dei
2472 2758 2773 2821 Veritatem,
2825 2760 3295 2830 certissimamque
3331 2774 3480 2828 spem
3532 2772 3633 2811 no-

378 2858 549 2905 stram
603 2850 668 2904 ad
727 2864 897 2919 nugas
957 2847 1275 2916 tabulasque
1325 2843 1736 2900 transtulerunt.
1802 2842 2067 2909 Quocirca
2134 2861 2359 2903 necesse
2394 2855 2500 2914 est,
2542 2855 2600 2901 ut
2661 2848 2920 2905 adversus
2967 2850 3090 2905 illos
3143 2848 3373 2905 subinde
3439 2846 3633 2915 dispu-

372 2953 586 2999 demus.

450 3034 732 3091 LXXXIII.
787 3034 1034 3089 [nﬁdeles
1076 3034 1249 3102 igitur
1306 3047 1367 3086 ac
1424 3031 1659 3100 gentiles
1710 3003 1948 3083 resurre-

2134 3024 2256 3076 III".
2297 3025 2546 3078 Ἀπιστοι
2579 3025 2677 3096 μὲν
2704 3025 2812 3098 γὰρ
2843 3026 3128 3098 ἀρνοῦνται
3160 3026 3220 3079 τὸ
3250 3028 3357 3081 πᾶν
3377 3029 3476 3098 τῆς
3497 3028 3633 3083 ἀνα-

374 3131 616 3185 ctionem
647 3128 891 3180 funditus
927 3132 1121 3195 negant
1150 3142 1163 3177 :
1189 3139 1418 3193 quorum
1472 3136 1602 3177 vero
1655 3120 1952 3190 depravata

370 3218 515 3275 dides
544 3227 650 3282 est,
676 3217 879 3287 quique
908 3214 1101 3271 stolide
1131 3223 1182 3269 et
1215 3214 1463 3282 imperite
1490 3227 1548 3266 se
1580 3212 1646 3265 ab
1674 3211 1823 3264 omni
1860 3223 1955 3279 spe

379 3312 636 3367 veritatis
681 3310 1084 3371 abstraxerunt,
1136 3305 1328 3359 horum
1378 3302 1595 3372 propria
1644 3310 1727 3355 est
1759 3301 1851 3353 illa
1886 3298 1954 3354 de

379 3402 788 3457 resurrectione
840 3398 1129 3455 sententia.
1188 3396 1264 3449 Ac
1317 3395 1548 3464 gentiles
1592 3392 1810 3461 quidem
1858 3389 1950 3460 qui

378 3494 834 3549 resurrectionem
898 3491 1101 3545 nullam
1156 3502 1280 3542 esse
1329 3485 1544 3556 penitus
1586 3489 1818 3552 putant,
1879 3481 1951 3535 oh

380 3585 648 3641 scelerum
720 3596 945 3638 suorum
996 3595 1117 3649 quas
1173 3576 1417 3648 quotidie
1476 3581 1791 3646 perpetrant
1848 3573 1952 3625 im-

371 3678 638 3748 pietatem
708 3674 783 3729 ita
840 3672 1092 3727 sentiunt
1154 3688 1166 3724 :
1225 3668 1427 3739 quippe
1494 3664 1944 3720 resurrectionem

379 3767 647 3830 oderunt,
734 3780 830 3835 per
890 3776 1051 3831 quam
1117 3772 1383 3814 summam
1463 3754 1742 3809 infamiam
1800 3753 1953 3821 igno—

378 3853 715 3922 miniamque
803 3849 1039 3905 subituri
1104 3854 1273 3909 sunt,
1352 3843 1498 3914 quod
1573 3844 1738 3896 Deum
1803 3841 1952 3909 ejus-

377 3958 484 4010 que
542 3940 796 3994 mandata
855 3953 1081 4009 prorsus
1150 3935 1562 4006 ignoraverint,
1637 3944 1948 4000 quanquam

373 4035 463 4088 «vel
501 4034 651 4087 inviti
680 4030 993 4086 necessario
1036 4033 1339 4096 resurgeut.
1376 4022 1550 4092 Atque
1580 4021 1705 4075 illos
1732 4020 1950 4089 quidem

370 4132 576 4179 creatte
600 4138 687 4178 res
717 4137 908 4177 omnes
943 4119 1121 4190 palam
1157 4122 1502 4185 coarguunt:
1552 4126 1674 4181 qua:
1708 4109 1951 4179 quotidie

372 4216 613 4285 speciem
644 4212 933 4282 quamdam
960 4206 1378 4263 resurrectionis
1408 4203 1719 4259 ostendunt.
1742 4198 1875 4252 Nam
1898 4205 1951 4252 et

376 4309 493 4359 dies
524 4305 758 4369 occidit,
783 4313 833 4356 et
865 4308 1200 4354 mortuorum
1230 4296 1510 4350 adumbrat
1542 4294 1822 4346 interitum
1839 4289 1951 4359 89

2062 3118 2321 3180 στάσεως,
2343 3117 2687 3171 κακοπίστων
2702 3118 2758 3170 δὲ
2780 3118 3135 3188 συρφετωδῶς
3158 3119 3251 3171 καὶ
3271 3120 3509 3187 ἀνοήτως
3527 3119 3631 3189 τῆς

2057 3206 2198 3260 κατὰ
2221 3207 2481 3277 ἀλήθειαν
2511 3207 2723 3270 ἐλπίδος
2751 3208 3205 3268 ἐκπεπτωκότων,
3230 3208 3291 3259 τὸ
3320 3206 3461 3260 οὕτω
3484 3210 3628 3261 νοεῖν

2056 3300 2183 3369 περὶ
2225 3299 2324 3368 τῆς
2366 3298 2734 3360 ἀναστάσεως.
2776 3299 2886 3351 Καὶ
2922 3297 3179 3367 ’Έλληνες
3207 3298 3302 3367 μὲν
3328 3300 3375 3349 οἱ
3408 3297 3629 3361 τελείως

2055 3388 2377 3459 ἀρνούμενοι
2428 3386 2527 3457 τὴν
2577 3385 2896 3452 ἀνάστασιν,
2946 3384 3034 3438 διὰ
3082 3385 3185 3456 τὴν
3230 3385 3483 3438 ἀσέϐειαν
3532 3383 3628 3437 τοῦ

2054 3479 2293 3547 πλήθους
2327 3478 2438 3530 τῶν
2479 3478 2611 3548 παρ’
2644 3477 2827 3540 αὐτοῖς
2877 3476 3174 3546 γινομένων
3226 3475 3625 3546 ἀνομημάτων

2055 3568 2272 3639 μισοῦσι
2294 3567 2401 3639 γὰρ
2433 3567 2531 3637 τὴν
2568 3565 2886 3631 ἀνάστασιν,
2920 3567 2985 3619 δι’
3013 3562 3080 3636 ἧς
3123 3564 3403 3635 μέλλουσιν
3435 3565 3629 3632 αἰσχύ-

2053 3677 2149 3731 νην
2196 3658 2541 3727 ὑφίστασθαι,
2571 3659 2661 3711 τὸν
2681 3657 2813 3711 Θεὸν
2836 3658 3198 3726 ἀγνοήσαντες
3220 3656 3314 3709 καὶ
3336 3655 3439 3717 τὰς
3461 3654 3626 3708 αὑτοῦ

2052 3750 2287 3811 ὲντολάς.
2327 3748 2473 3819 Πλὴν
2503 3749 2583 3801 ὅτι
2611 3748 3023 3817 ἀναστήσονται,
3066 3745 3166 3799 κᾶν
3199 3745 3271 3815 μὴ
3307 3743 3623 3813 βούλωνται.

2052 3839 2163 3891 Καὶ
2192 3839 2225 3907 ἡ
2272 3836 2449 3898 κτίσις
2480 3837 2629 3889 πᾶσα
2659 3836 2955 3907 διαρρήδην
2986 3834 3183 3896 αὑτοὺς
3219 3834 3451 3902 ἐλέγχει,
3493 3832 3626 3884 ὑπο-

2054 3929 2318 3996 φαίνουσα
2346 3927 2467 3981 καθ’
2500 3928 2735 3998 ἑκάστην
2768 3927 2979 3999 ἡμέραν
3001 3927 3344 3987 ἀναστάσεως
3372 3923 3433 3975 τὸ
3460 3917 3621 3984 εἶδος.

2050 4020 2205 4073 Δύνει
2254 4019 2362 4091 γὰρ
2391 4021 2423 4090 ἠ
2451 4020 2663 4092 ἡμέρα,
2725 4020 2819 4073 καὶ
2870 4020 3076 4089 νεκρῶν
3119 4016 3464 4086 αίνιττόμεθα
3486 4016 3507 4046 ⁸
3532 4013 3623 4067 τὸν

2049 4109 2248 4179 τρόπον
2272 4148 2286 4173 ,
2319 4108 2615 4180 κοιμισμὸν
2646 4108 2985 4179 αἰνιττομένη
3014 4125 3027 4138 ·
3065 4106 3339 4161 ἀνατέλλει
3365 4107 3399 4176 ἡ
3442 4104 3624 4175 ἡμέρα

2052 4202 2200 4271 ἡμᾶς
2245 4202 2613 4267 διῦπνίξουσα,
2661 4204 2755 4256 καὶ
2799 4202 3148 4265 ἀναστάσεως
3201 4197 3623 4253 ὑποδεικνύουσα

2053 4293 2113 4346 τὸ
2144 4296 2387 4363 σημεῖον.
2423 4293 2721 4364 Δρέπονται
2759 4295 2807 4346 oi
2836 4292 3061 4363 καρποὶ,
3095 4291 3247 4360 καὶή
3294 4290 3480 4351 στάσις
3511 4286 3623 4340 τῶν

376 4399 504 4450 dum
539 4409 787 4464 soporem
829 4391 1142 4446 hominibus
1191 4387 1424 4451 indicit;
1456 4391 1509 4437 et
1537 4382 1723 4437 eadem
1755 4396 1946 4435 rursus

2055 4362 2217 4437 ὄντων
2265 4362 2607 4453 ἐκτέμνεται,
2658 4384 2757 4454 τῆς
2805 4383 2959 4453 ἡμῶν
3016 4382 3263 4437 ἐντεῦθεν
3302 4378 3623 4448 ἀπαλλαγῆς

378 4485 643 4546 exoritur,
683 4491 843 4553 atque
866 4497 896 4535 a
930 4494 1126 4536 somno
1154 4494 1255 4533 nos
1281 4478 1522 4541 excitat,
1561 4474 1742 4542 itaque
1768 4486 1950 4527 resur-

378 4578 637 4633 rectionis
683 4575 948 4645 judicium
994 4572 1358 4627 demonstrat.
1410 4567 1790 4636 Decerpuntur
1833 4563 1951 4618 fru-

376 4678 519 4733 ctus,
567 4684 630 4723 ac
677 4683 858 4723 rerum
901 4674 1076 4721 status
1113 4662 1429 4719 exciditur:
1468 4658 1613 4713 unde
1662 4656 1835 4711 nostri
1880 4670 1944 4709 ex

378 4763 479 4815 hac
526 4758 632 4813 vita
671 4759 948 4828 digressus
984 4757 1129 4811 velut
1160 4752 1356 4807 tuodus
1382 4749 1602 4819 quidam
1640 4746 1948 4817 praescribi-

377 4862 498 4914 tur;
538 4858 680 4904 tcrra
707 4848 1114 4918 proseminatur
1146 4858 1210 4897 ac
1241 4842 1495 4911 pullulat,
1532 4838 1790 4907 quoniam
1826 4849 1947 4905 qua:

445 4973 458 5002 ¹
502 4970 714 5023 Coloss.
772 4981 850 5024 ιιι,
891 4964 941 5017 I.
1018 4964 1039 4992 ’
1080 4959 1235 5015 Joan.
1274 4973 1383 5022 xw,
1423 4957 1457 5011 5
1490 4969 1611 5023 sqq.

366 5044 387 5073 ⁸
425 5040 483 5093 F.
514 5040 737 5108 τρόπου.
811 5036 831 5066 ⁶
860 5032 922 5085 F.
955 5031 1294 5101 τετμημένα.

443 5152 553 5223 (40)
623 5148 713 5223 ’ῼς
746 5145 860 5223 zeal
912 5141 1265 5223 προσφάτως
1326 5137 1540 5223 mitti”;
1597 5135 1934 5207 Origenistas

372 5208 710 5292 perstringit,
746 5208 1396 5292 EvagriumgDidvmum,
1427 5208 1701 5292 “oblitum,
1726 5221 1936 5285 ac_mo-

373 5276 581 5347 inachus
616 5276 951 5354 νυόιιιριιιῖυξιε
1010 5276 1351 5354 ΑΞεγιιίιυς,Δ
1388 5280 1478 5347 qui
1546 5276 1933 5354 Epiphaniam,

371 5346 750 5428 Theophilum,
771 5346 835 5428 ἰι-ι
863 5346 1245 5428 llierouﬁnum
1273 5346 1565 5428 agitat-unt.
1611 5346 1739 5399 Vide
1772 5346 1933 5413 epist.

374 5417 655 5499 I'lpipl'tanii
690 5428 756 5499 qd
793 5417 1347 5499 ,1οίιιιιιριη-’Δίίίενυεολ
1382 5417 1615 5499 Pii-PH?“

446 5447 469 5480 ll
514 5447 655 5482 uanu
690 5447 754 5478 au
793 5447 1049 5476 Jumuwm
1092 5447 1347 5473 rucruwr.
1383 5447 1403 5471 ι
1426 5447 1586 5470 ιδιλν.

446 5447 557 5568 (fl;
588 5497 669 5550 Τὰ
697 5496 875 5568 ὅμοια
893 5493 1009 5558 τοῖς
1052 5491 1408 5568 Ἰεραδιίταις.
1453 5480 1938 5568 De‘llieracitisab

374 5552 603 5623 Hierace
656 5552 769 5619 sive
821 5552 1043 5617 Ilieraea
1096 5552 1330 5629 quodam
1371 5552 1439 5609 in
1473 5555 1718 5629 Aigypto
1770 5552 1932 5629 ortis,

372 5622 515 5710 quos
551 5633 845 5689 Brixiensis
892 5622 1180 5702 episcopus
1228 5622 1717 5691 Philastrius’cap.
1769 5622 1838 5676 56
1879 5629 1934 5676 et

1727 4951 1749 4983 ³
1770 4950 1898 5006 Cor.
1947 4948 2244 5020 ἡμετέρων.

2046 4474 2361 4546 ὁριζομένου
2391 4474 2481 4527 τοῦ
2515 4474 2805 4546 προσώπου
2830 4476 2872 4528 ⁸.
2899 4472 3185 4543 Σπείρεται
3206 4474 3239 4541 ἡ
3263 4470 3338 4542 γῆ
3366 4469 3459 4522 καὶ
3491 4468 3620 4537 βλα-

2049 4566 2253 4630 στάνει,
2283 4566 2363 4617 ὅτι
2391 4564 2460 4617 τά
2484 4565 2817 4635 τεθλιμμένα
2848 4566 2867 4596 ⁸
2899 4566 3037 4634 μετά
3062 4563 3157 4633 τὴν
3179 4560 3351 4632 τομὴν
3388 4559 3623 4629 ἀναστή-

2055 4674 2225 4710 σεται.
2276 4657 2460 4727 Ἀκρὶς
2494 4656 2738 4726 τελευτᾷ,
2772 4654 2990 4723 θάψασά
3014 4672 3064 4706 τι
3096 4653 3294 4721 ἑαυτῆς
3317 4647 3621 4717 ἀποϐληθὲν

2054 4747 2241 4817 κύημα
2276 4748 2333 4797 ὲν
2377 4749 2443 4822 τῇ
2484 4749 2586 4817 γῇ⁶
2619 4747 2711 4799 καὶ
2744 4746 2879 4817 μετά
2921 4744 3173 4815 καιρδνή
3215 4741 3284 4811 γῆ
3328 4738 3620 4792 ἀποδίδωσι

2052 4836 2121 4889 τὰ
2154 4834 2489 4905 τεθαμμένα.
2524 4835 2606 4889 Τά
2634 4834 2921 4905 σπέρματα
2957 4833 3063 4886 τῶν
3090 4830 3442 4900 γεννημάτων
3470 4825 3623 4878 σπεί-

2350 4947 2373 4978 δ
2404 4944 2466 5002 F.
2502 4945 2818 5013 αἰνίττεται,
2849 4946 2943 5003 sed
2977 4948 3091 5000 lucc
3120 4948 3376 5010 corrupta
3405 4938 3614 4993 leviter.

2040 5133 2373 5185 Abstinentes
2407 5133 2588 5190 vocat,
2620 5141 2730 5180 non
2769 5124 2949 5179 solum
2982 5121 3083 5175 hoc
3114 5121 3167 5174 in
3195 5120 3317 5174 loco
3349 5118 3457 5189 agit
3486 5117 3616 5187 Epi-

2044 5203 2277 5272 phanius
2318 5205 2537 5272 uoster,
2586 5198 2677 5252 sed
2709 5205 2762 5249 et
2800 5196 2852 5247 in
2888 5193 3143 5255 Panario,
3176 5190 3369 5272 lueresi
3396 5190 3487 5272 θτ,
3524 5190 3619 5241 ubi

2047 5260 2235 5325 eorum
2264 5270 2551 5337 originem,
2579 5274 2631 5319 et
2658 5277 2977 5337 progressus
2985 5260 3621 5337 Jlarrationelatepro-

2046 5340 2313 5409 sequitur,
2341 5326 2393 5391 ἔι
2411 5326 2645 5409 errores
2659 5326 2951 5409 'con'vellit.
2984 5331 3211 5384 Eosdem
3241 5328 3306 5382 de
3328 5326 3619 5409 trinitatis

2046 5400 2305 5480 mysterio
2350 5408 2534 5480 minus
2567 5402 3102 5480 puteum-edidisse,“
3106 5408 3299 5479 testem
3352 5400 3621 5480 habemus

2044 5468 2532 5531 luculentiSsimum
2566 5470 2623 5525 S.
2666 5470 2924 5523 Hilarium
2959 5470 3025 5523 de
3061 5468 3325 5521 Trinitate
3363 5472 3614 5534 agentem

2043 5557 2156 5600 tum
2193 5547 2246 5600 in
2283 5550 2373 5599 hb.
2410 5560 2479 5609 IV,
2510 5558 2657 5595 num.
2686 5540 2751 5592 12
2777 5581 2792 5602 ,
2828 5548 2939 5591 tum
2972 5541 3024 5591 in
3058 5539 3150 5590 lib.
3193 5552 3265 5600 Vt,
3292 5532 3451 5609 ptuit.
3479 5532 3537 5600 5,
3561 5539 3624 5589 et.

2043 5633 2189 5671 num.
2230 5617 2315 5671 12.
2348 5604 2617 5669 Duronius
2648 5612 2714 5665 de
2744 5609 2851 5663 illis
2884 5610 2995 5679 agit
3029 5608 3093 5663 ad
3130 5621 3259 5660 ann.
3287 5604 3417 5664 288.
