3916 6196
285 331 384 385 173i

1706 333 1760 386 S.
1806 331 2141 386 ΕΡΙΡΠᾹΝΙΙ

3439 335 3537 390 ίῒῧ

289 446 504 498 illorum
533 445 857 498 commentis
891 444 1146 508 traditur,
1185 443 1417 497 Alcestis
1444 441 1604 497 Peliae
1635 442 1740 496 filia
1768 460 1864 514 pro

1984 461 2186 512 ρουσιν·
2245 443 2538 516 ’Ἄλκηστιν
2593 446 2689 516 μὲν
2737 446 3138 518 τελευτήσασαν
3193 445 3290 517 τὴν
3347 447 3539 501 Πελίου

290 536 520 591 Admeto
548 537 667 590 viro
698 551 798 590 suo
831 547 1065 597 mortua,
1100 534 1283 587 triduo
1316 542 1505 604 postea
1538 534 1605 588 ab
1638 534 1866 588 llcrcule

290 625 359 680 ad
387 635 616 695 superos
680 625 954 686 excitata,
1014 639 1079 677 ex
1135 624 1431 678 inferorum
1499 627 1866 694 penetralibus

296 720 538 774 emersit.
581 715 733 782 Quod
767 715 904 768 idem
923 715 1179 786 etPelopi
1211 716 1440 786 contigit
1483 715 1695 770 Tantali
1734 716 1863 775 filio.

295 826 418 862 cum
463 809 583 876 ejus
615 822 815 876 corpus
859 807 910 859 in
958 805 1130 861 frusta
1179 809 1461 862 concisum
1505 824 1702 877 parens
1753 808 1868 876 ipse

293 899 444 953 falsis
485 899 698 950 illorum
735 895 1052 951 numinibus
1096 898 1462 967 apposuisset.
1500 896 1720 951 Necnon
1756 897 1866 950 Eu-

289 990 443 1054 cleis,
484 1002 642 1056 quem
675 986 1029 1058 'jEsculapius
1070 990 1342 1042 revocavit
1379 989 1445 1042 ad
1481 989 1667 1041 vitam.
1707 987 1867 1043 Item--

291 1096 396 1150 que
417 1081 610 1133 Castor
631 1078 870 1132 Pollucis
902 1078 1087 1133 fratris
1118 1079 1381 1132 beneficio
1408 1080 1476 1134 ab
1508 1081 1727 1134 interitu
1758 1080 1870 1132 vin-

291 1173 543 1224 dicatur:
579 1171 668 1239 qui
703 1170 929 1223 alternis
960 1184 1082 1222 cum
1115 1185 1179 1223 eo
1213 1170 1376 1223 vitam
1422 1187 1575 1225 suam
1619 1187 1866 1225 commu-

297 1271 413 1315 tare
465 1261 676 1313 maluit.
736 1259 934 1312 Adhzec
977 1257 1318 1313 Protesilaus
1373 1260 1511 1314 idem
1566 1260 1870 1316 Laodamiae

294 1367 458 1422 opera
498 1361 829 1407 consecutus
863 1352 1102 1420 fingitur.
1144 1351 1412 1407 Prmterea
1459 1353 1784 1424 Sisyphum,
1815 1363 1871 1408 et

291 1443 603 1506 Tantalum,
639 1451 693 1498 et
719 1443 947 1498 Caucasi
983 1442 1121 1497 filias
1155 1459 1292 1512 quas
1327 1442 1521 1498 Furias
1555 1453 1772 1508 vocant,
1806 1461 1870 1500 ac

292 1535 529 1605 denique
581 1533 847 1589 Tiresiam
876 1576 890 1600 ,
936 1534 989 1588 in
1039 1543 1246 1588 tartara
1286 1535 1542 1590 detrusos
1601 1537 1868 1591 scelerum

296 1627 405 1680 illic
437 1641 625 1696 pinnas
667 1626 994 1696 expendere,
1029 1635 1082 1680 et
1112 1627 1278 1680 aliutn
1325 1643 1480 1691 saxo,
1508 1628 1674 1681 alium
1710 1640 1826 1681 rota
1851 1671 1867 1694 ,

297 1712 460 1764 alium
495 1713 746 1782 supplicii
783 1711 892 1766 alio
921 1728 1118 1782 genere
1149 1714 1410 1777 cruciari,
1453 1717 1507 1768 in
1544 1731 1718 1785 eoque
1748 1733 1868 1786 per-

1968 535 2109 606 ὑπὲρ
2153 534 2245 588 τοῦ
2297 536 2486 607 ἀνδρὸς
2534 537 2704 606 αὐτῆς
2740 538 3030 608 ’Λδμήτου,
3065 537 3158 589 καὶ
3200 537 3341 607 ὑπὲρ
3381 538 3396 569 ¹
3446 538 3541 591 τοῦ

1979 624 2273 696 Ἡρακλέος
2332 628 2471 698 μετὰ
2517 629 2615 700 (δὲ)
2659 630 2953 700 τριήμερον
3001 629 3396 699 ἐγηγερμένην,
3446 631 3544 682 καὶ

1968 716 2074 768 ἀπὸ
2102 716 2208 768 τῶν
2253 717 2459 771 ἀδύτων
2494 719 2887 789 ἀνηνεγμένην.
2934 719 3152 772 Πέλοπά
3183 736 3240 771 τε
3284 719 3374 771 τὸν
3402 718 3543 771 Tot-ao

1967 807 2128 860 τάλου
2164 808 2300 878 μετά
2333 809 2391 861 τὸ
2417 809 2865 880 κρεωνομηθῆναι
2897 809 3000 861 ὑπὸ
3036 808 3128 860 τοῦ
3167 808 3295 861 ἰδίου
3337 809 3545 878 πατρὸς

1970 901 2011 967 (¹
2052 897 2389 967 Ἀμφιάρεω)
2426 902 2535 961 τοῖς
2557 898 2934 968 ψευδωνύμοις
2959 897 3136 950 αὐτῶν
3177 897 3338 963 Θεοῖς.
3382 901 3490 950 Καὶ
3515 900 3544 950 ὁ

1969 989 2207 1060 Εὑκλεὴς
2243 989 2346 1041 ὑπὸ
2377 991 2470 1041 τοῦ
2528 988 2858 1059 ’Λσκληπιοῦ
2906 989 3387 1058 ἀναζωογονηθείς.
3425 990 3543 1041 Κάν

1971 1099 2116 1152 στωρ
2160 1081 2244 1133 διὰ
2281 1081 2624 1149 Πολυδεύκην
2668 1082 2758 1135 τὸν
2799 1081 3027 1148 ἀδελφὺν
3071 1080 3258 1144 αὑτοῦ,
3288 1080 3362 1142 ὡς
3402 1080 3543 1132 ἑκὼν

1969 1173 2116 1243 αὑτῷ
2143 1174 2241 1244 τὴν
2275 1171 2419 1244 ζωὴν
2461 1174 2589 1243 παρ’
2617 1173 2832 1242 ἡμέραν
2878 1172 3165 1225 ἀλλάσσειν
3206 1171 3397 1223 εἵλετο.
3435 1173 3547 1224 Καὶ

1969 1267 1996 1318 ὁ
2026 1264 2397 1334 Πρωτεσίλαος
2430 1262 2517 1316 διά
2553 1263 2917 1332 Λαοδάμειαν.
2955 1261 3115 1314 Ἀλλὰ
3159 1264 3252 1314 καὶ
3289 1263 3543 1332 Σίσυφον,

1970 1356 2180 1409 καὶτὸν
2218 1355 2508 1418 Τάνταλον,
2536 1355 2629 1408 καὶ
2673 1355 2769 1418 τὰς
2819 1354 3112 1407 Καυκάσου
3147 1353 3450 1424 θυγατέρας
3477 1355 3545 1418 ἃς

1983 1447 2259 1518 Ἐριννύας
2302 1445 2621 1516 κεκλήκασι,
2655 1447 2745 1498 καὶ
2771 1446 3055 1516 Τειρεσίαν
3100 1445 3216 1513 ἅμα
3245 1445 3420 1515 τούτῳ
3444 1464 3545 1498 κα-

1970 1538 2502 1610 τατεταρταρῶσθαι,
2543 1539 2636 1591 καὶ
2661 1538 2840 1590 δοῦναι
2872 1538 3025 1608 δίκην
3074 1539 3271 1600 ἐκεῖσε,
3310 1538 3398 1589 τὸν
3445 1538 3544 1608 μὲν

1970 1633 2055 1686 διὰ
2089 1633 2314 1704 πέτρας,
2347 1631 2436 1682 τὸν
2458 1631 2512 1683 δὲ
2541 1631 2644 1683 ὑπὸ
2673 1630 2885 1701 τροχὸν,
2914 1629 3005 1682 καὶ
3037 1629 3227 1691 ἄλλους
3258 1629 3429 1692 ἄλλως
3458 1647 3545 1680 τε-

1970 1723 2336 1796 τιμωρῆσθαι,
2381 1723 2474 1776 καὶ
2513 1722 2592 1774 ἔτι
2637 1723 2902 1792 ὑπάρχειν
2935 1722 2990 1772 ὲν
3035 1719 3292 1791 τιμωρία,
3342 1719 3416 1783 ὡς
3467 1721 3544 1790 μὴ

297 1821 548 1859 scverare
580 1806 872 1860 commenti
905 1813 1052 1870 sunt,
1081 1814 1138 1859 ut
1160 1822 1268 1859 non
1306 1806 1521 1875 penitus
1551 1808 1603 1860 in
1640 1808 1868 1861 nihilum

1984 1818 2050 1878 εἰς
2080 1815 2417 1886 ἀνυπαρξίαν
2456 1813 2865 1884 κεχωρηκότας,
2898 1812 3238 1882 ὑπάρχοντας
3262 1811 3317 1863 δὲ
3347 1815 3406 1864 ἐν
3438 1810 3545 1863 σώ-

296 1895 500 1950 redacti
537 1896 669 1958 sint,
706 1895 800 1950 sed
832 1912 953 1950 cum
990 1897 1314 1966 corporibus
1345 1897 1640 1951 etiamnum
1677 1914 1873 1968 supero

295 1990 427 2042 sint.
458 1981 596 2040 Nam
623 1986 666 2040 si
699 1997 953 2041 carerent
987 1988 1331 2056 corporibus,
1363 1987 1586 2057 quinam
1617 2004 1752 2041 sexo
1787 2005 1874 2041 ro-

296 2089 416 2131 tave
449 2075 695 2129 damnari
742 2075 1008 2145 possent?
1047 2075 1212 2130 Multa
1263 2075 1314 2130 id
1351 2091 1523 2146 genus
1566 2077 1670 2130 alia
1721 2092 1874 2131 com-

293 2165 555 2235 prehendi
577 2172 848 2234 possunt,
897 2165 1098 2236 quibus
1127 2176 1181 2220 et
1211 2165 1345 2221 ﬁdes
1394 2173 1581 2220 nostra
1615 2169 1878 2223 corrobo-

295 2259 428 2321 rari,
458 2267 514 2314 et
543 2259 758 2312 illorum
787 2259 1036 2314 convinci
1078 2260 1291 2314 falsitas
1323 2260 1521 2329 possit.

366 2349 653 2406 LXXXVI.
698 2350 794 2406 His
844 2351 1126 2421 gentilium
1175 2351 1407 2406 somniis
1457 2361 1510 2405 et
1566 2351 1876 2407 infidelitati

297 2446 509 2515 gemina
547 2451 675 2498 sunt
707 2457 771 2497 ac
795 2456 1072 2512 germana,
1100 2457 1221 2509 qua:
1244 2442 1312 2494 ab
1343 2443 1616 2497 haereticis
1642 2443 1872 2498 afferun-

299 2550 405 2590 tur.
459 2535 699 2600 Quorqu
746 2532 995 2587 nonnulli
1027 2547 1134 2585 non
1175 2547 1490 2603 corporum,
1527 2532 1623 2587 sed
1664 2535 1878 2588 anima-

300 2642 418 2680 rum
467 2624 922 2681 resurrectionem
987 2621 1104 2677 fore
1153 2623 1472 2692 przedicant.
1530 2624 1685 2690 Quod
1737 2624 1877 2680 idem

301 2717 533 2788 gentiles
565 2716 666 2781 illi,
699 2715 766 2770 de
795 2715 994 2784 quibus
1023 2713 1156 2780 dixi,
1192 2715 1450 2786 opinione
1481 2730 1579 2769 sua
1613 2716 1881 2785 profiten-

305 2818 393 2863 tur
423 2829 434 2864 :
464 2808 597 2864 adeo
634 2815 692 2862 ut
720 2809 935 2862 illorum
962 2807 1122 2878 longe
1149 2808 1550 2864 absurdissima
1583 2810 1659 2862 sit
1681 2810 1880 2874 oratio,

302 2907 356 2952 et.
406 2896 470 2951 ad
520 2895 867 2951 excitandum
920 2895 1090 2950 risum
1142 2895 1209 2948 ab
1255 2895 1360 2949 illis
1407 2897 1698 2966 expliz-ata.
1746 2895 1880 2950 Nam

300 2988 446 3058 quod
479 2987 938 3042 resurrectionem
975 2985 1209 3040 haereses
1247 2986 1351 3039 illae
1393 2994 1672 3056 utcunque
1705 2987 1882 3042 faten-

1977 1925 2167 1978 μασιν·
2213 1909 2260 1960 εἰ
2295 1908 2369 1978 μὴ
2414 1905 2522 1978 γὰρ
2567 1905 2790 1975 σώματα
2835 1898 3000 1974 εἶχον,
3046 1904 3158 1968 πῶς
3191 1904 3293 1956 ὑπὸ
3339 1902 3544 1974 πέτραν

1977 1998 2068 2052 καὶ
2093 1997 2283 2068 τροχὸν
2320 1997 2611 2068 τιμωρίαις
2649 1995 2997 2066 παρεδίδοντο
3023 2011 3036 2058 ;
3069 1995 3180 2048 Καὶ
3208 1993 3370 2047 πολλὰ
3396 1993 3545 2048 ἔστιν

1982 2091 2330 2162 περὶτούτων
2366 2091 2565 2158 λέγειν,
2591 2090 2671 2151 εἰς
2718 2088 3059 2159 παράστασιν
3091 2087 3188 2156 τῆς
3217 2089 3273 2140 ὲν
3302 2087 3428 2156 ἡμῖν
3447 2083 3550 2138 πι-

1979 2200 2167 2247 στεως,
2207 2183 2426 2253 ἔλεγχον
2456 2181 2513 2235 δὲ
2540 2181 2630 2234 τὸν
2666 2180 2800 2252 πρὸς
2837 2177 3052 2242 αὐτούς.

2051 2357 2191 2426 ΗΕΓ.
2239 2357 2396 2411 Ἀλλά
2431 2358 2522 2411 καὶ
2576 2359 2623 2410 οἱ
2670 2360 2733 2411 ἐκ
2777 2355 2886 2410 τῶν
2931 2356 3192 2428 αἱρέσεων
3241 2353 3552 2426 ὁρμώμενοι

1979 2452 2182 2521 ἀδελφὰ
2221 2451 2428 2511 τούτῖις
2465 2451 2650 2521 ᾄδουσι
2679 2451 2772 2503 καὶ
2809 2451 3020 2520 συνῳδὰ
3050 2451 3144 2520 τῆς
3179 2449 3457 2514 ἀπιστίας,
3493 2451 3552 2501 ὲν

1979 2542 2056 2612 τῷ
2080 2541 2228 2604 τινὰς
2248 2541 2348 2612 μὲν
2373 2541 2480 2594 τῶν
2505 2541 2794 2612 αἱρετικῶν
2823 2541 2999 2609 λέγειν
3023 2542 3083 2593 οὐ
3112 2540 3361 2610 σώματος
3392 2539 3551 2609 (42'),

1982 2633 2118 2686 ἀλλὰ
2140 2632 2315 2704 ψυχῆς
2344 2632 2637 2685 ἀνάστασιν
2664 2630 2884 2683 ἔσεσθαι
2903 2647 2914 2659 ⁸
2947 2629 3206 2692 ὡσαύτως
3232 2629 3289 2682 δὲ
3314 2629 3406 2682 καὶ
3427 2629 3556 2692 τοὺς

1983 2723 2415 2796 προειρημένους
2451 2723 2721 2794 Ἕλληνας
2765 2723 2825 2774 τὸ
2873 2722 3002 2775 αὐτὸ
3057 2718 3296 2790 νομίζειν
3347 2737 3405 2771 τε
3457 2721 3555 2773 καὶ

1985 2815 2324 2881 συνδοξάζειν
2342 2831 2356 2846 ο
2385 2815 2460 2878 ὡς
2489 2811 2625 2868 εἶναι
2655 2814 2744 2868 τὸν
2773 2813 2928 2881 λόγον
2959 2812 3134 2866 αὐτῶν
3167 2811 3382 2883 ληρώδη
3414 2810 3553 2880 μᾶλ-

1983 2907 2071 2960 λον
2102 2906 2241 2978 ὑπὲρ
2267 2907 2532 2976 κινήσεως
2562 2905 2582 2935 ³
2612 2903 3064 2974 προϐαλλόμενον.
3113 2901 3237 2954 Ἐὰν
3271 2899 3377 2972 γὰρ
3417 2900 3554 2953 ἀνά-

1987 3013 2172 3050 στασιν
2189 2996 2414 3048 εἴπωσιν
2435 2995 2491 3048 αἱ
2508 2994 2764 3065 αἱρέσεις,
2789 2993 2881 3046 καὶ
2899 2993 3034 3055 ὅλως
3053 2991 3344 3045 ἀνάστασιν
3368 2989 3558 3060 ἡγοῦν-

303 3091 393 3135 tur
433 3095 496 3133 ac
543 3079 779 3132 futuram
813 3077 1147 3139 existiment,
1194 3077 1288 3132 sed
1317 3094 1435 3132 eam
1465 3079 1529 3132 ad
1570 3080 1715 3133 solas
1760 3080 1878 3133 ani-

1984 3106 2093 3152 ται,
2126 3087 2252 3159 περὶ
2283 3084 2468 3156 ψυχῶν
2512 3085 2568 3137 δὲ
2607 3083 2763 3138 τοῦτο
2800 3083 3093 3154 ὁρίζονται,
3131 3080 3320 3152 εὔηθές
3348 3083 3463 3132 ἐστι
3497 3081 3558 3132 τὸ

304 3189 420 3227 mas
444 3171 724 3237 referunt;
767 3167 895 3238 fingi
929 3168 1065 3222 nihil
1103 3168 1206 3238 91
1249 3177 1426 3238 potest
1474 3170 1733 3240 ineptius.
1773 3171 1875 3237 Qui

302 3264 448 3316 enim
480 3276 764 3332 resurgere
795 3260 992 3330 poterit
1023 3261 1224 3324 anima,
1262 3277 1383 3331 qua:
1420 3279 1698 3332 nunquam
1735 3266 1876 3320 ceci-

303 3354 482 3410 derit?
510 3356 626 3409 Non
665 3353 813 3407 enim
855 3352 1069 3407 animas
1111 3353 1165 3407 in
1200 3355 1475 3423 sepulcra,
1517 3355 1612 3409 sed
1649 3371 1880 3426 corpora

305 3445 672 3514 deponimus;
711 3444 907 3497 anima:
943 3443 1144 3521 quippe
1187 3459 1297 3499 non
1350 3445 1572 3511 cadunt,
1620 3447 1715 3501 sed
1765 3463 1885 3502 car-

307 3555 432 3604 nes;
470 3537 611 3592 unde
654 3546 706 3592 et
747 3543 1086 3596 mortuorum
1125 3551 1355 3608 corpora
1403 3538 1565 3608 vulgo
1608 3539 1875 3595 cadavera

304 3629 680 3686 nominantur.
711 3629 1076 3695 Quamobrem
1105 3631 1149 3684 si
1181 3645 1288 3699 qua
1334 3629 1478 3700 apud
1521 3631 1646 3686 illos
1674 3642 1756 3686 est
1791 3648 1879 3686 rc-

303 3722 664 3780 surrcctionis
699 3722 857 3789 fides,
898 3721 1103 3775 nemini
1133 3721 1358 3776 dubium
1390 3729 1475 3776 est
1502 3723 1631 3792 quin
1659 3722 1731 3776 ad
1766 3737 1883 3776 cor-

305 3831 407 3886 pus
440 3813 586 3884 quod
621 3812 839 3878 cecidit,
881 3826 990 3867 non
1021 3813 1086 3866 ad
1129 3812 1369 3866 animant
1404 3813 1578 3883 ipsam
1609 3815 1887 3883 pertinere

306 3908 519 3962 debeat.
561 3905 734 3960 Grazci
775 3920 902 3960 vero
934 3919 998 3959 ac
1030 3905 1259 3975 gentiles
1285 3904 1384 3974 ipsi
1411 3905 1503 3975 qui
1524 3907 1888 3960 resurrectio-

306 4014 431 4054 nem
461 3996 706 4052 funditus
738 4003 958 4066 negant,
993 3996 1077 4050 vel
1102 3995 1205 4050 hoc
1238 4011 1346 4051 uno
1383 4003 1703 4067 argumento
1733 3996 1891 4051 refel-

308 4091 516 4154 luntur,
560 4087 703 4158 quod
744 4087 1079 4142 solemnibus
1119 4101 1258 4156 quos
1301 4094 1499 4141 vocant
1545 4085 1768 4152 diebus,
1811 4087 1889 4141 ei-

308 4184 434 4236 butn
478 4195 542 4234 ac
588 4187 776 4250 potum
827 4177 893 4231 ad
934 4186 1273 4232 mortuorum
1321 4179 1568 4247 sepulcra
1615 4178 1888 4243 deferunt,

308 4276 399 4328 ubi
433 4274 616 4326 cibum
649 4285 864 4324 onmem
895 4267 1129 4322 ﬂammis
1163 4269 1403 4332 adolent,
1447 4277 1502 4323 et
1544 4270 1610 4323 de
1651 4273 1777 4323 vino
1817 4270 1884 4322 li-

314 4369 443 4420 bant
473 4381 484 4416 :
511 4376 618 4431 qua
649 4362 701 4414 in
720 4376 778 4413 re
797 4374 973 4428 neque
1000 4359 1230 4413 mortuis
1256 4368 1509 4428 prosunt,
1542 4369 1597 4413 et
1623 4359 1726 4412 sibi
1755 4360 1889 4430 ipsis

1984 3177 2220 3232 τοιοῦτον
2241 3193 2253 3206 °
2283 3176 2400 3238 πῶς
2423 3176 2526 3246 γὰρ
2547 3175 2691 3245 ψυχὴ
2719 3176 3080 3243 ἀναστήσεται
3102 3172 3180 3242 μὴ
3209 3173 3554 3234 πεπτωκυίαις

1985 3272 2058 3324 Οὐ
2087 3269 2194 3339 γὰρ
2223 3268 2499 3338 θάπτομεν
2525 3269 2623 3328 τὰς
2653 3265 2831 3335 ψυχὰς
2862 3265 2918 3315 ὲν
2951 3266 3063 3326 τοῖς
3092 3263 3396 3332 μνημείοις,
3419 3261 3558 3314 ἀλλὰ.

1983 3361 2053 3414 τὰ
2076 3361 2328 3432 σώματαο
2351 3359 2518 3429 ψυχαὶ
2549 3359 2656 3429 γὰρ
2678 3357 2737 3408 οὐ
2763 3355 3070 3418 πίπτουσιν,
3097 3353 3209 3406 ἀλλ’
3238 3355 3288 3406 αἱ
3321 3353 3519 3423 σάρκες
3538 3369 3554 3384 ’

1985 3453 2060 3515 ὡς
2091 3451 2183 3504 καὶ
2216 3452 2248 3520 ἡ
2278 3449 2534 3519 συνήθεια
2589 3444 2746 3498 εἴωθε
2777 3444 2962 3497 καλεῖν
3001 3443 3067 3495 τὰ
3111 3440 3276 3511 νεκρὰ
3307 3439 3556 3509 σώματα,

1987 3541 2274 3611 πτώματα.
2309 3537 2499 3590 Τοίνυν
2546 3537 2592 3588 εἰ
2637 3536 2932 3596 ἀνάστασις
2971 3531 3098 3602 παρ’
3139 3532 3319 3593 αὐτοῖς
3363 3529 3557 3598 ὁμολο-

1985 3634 2183 3699 γεῖται,
2216 3627 2375 3682 παντί
2419 3644 2494 3697 τῳ
2519 3625 2676 3695 δῆλόν
2711 3627 2856 3678 ἐστιν
2885 3623 2944 3676 οὐ
2973 3620 3172 3692 ψυχῆς,
3213 3619 3345 3672 ἀλλά
3372 3621 3559 3688 σώμα-

1986 3740 2074 3785 τος
2119 3720 2483 3782 πεπτωκότος.
2527 3716 2786 3786 Ἕλληνες
2828 3715 2883 3768 δὲ
2935 3713 3094 3766 πάλιν
3141 3711 3452 3780 ἐλέγχονται
3502 3708 3562 3760 τὸ

1989 3818 2096 3869 πᾶν
2121 3815 2220 3884 τῇς
2248 3811 2594 3874 ἀναστάσεως
2623 3808 2964 3880 ἀρνούμενοι,
2995 3804 3361 3876 ἀποφέροντες
3391 3804 3471 3862 εἰς
3491 3801 3560 3852 τὰ

1992 3907 2246 3977 μνήματα
2278 3903 2543 3975 βρώματά
2568 3921 2625 3956 τε
2659 3903 2752 3956 καὶ
2779 3901 2999 3971 πόματα
3027 3900 3084 3952 ὲν
3119 3899 3236 3960 ταῖς
3259 3895 3560 3964 πανδήμοις

1990 3997 2346 4066 καλουμέναις
2369 3995 2602 4067 ἡμέραις
2627 4010 2640 4023 ·
2671 3991 3020 4046 ὁλοκαυτοῦσι
3050 3989 3148 4060 μὲν
3171 3987 3240 4040 τὰ
3265 3987 3558 4054 ἐδέσματα,

1993 4089 2276 4142 σπένδουσι
2320 4087 2377 4140 δὲ
2409 4088 2534 4150 τοὺς
2575 4084 2773 4148 οἴνους,
2821 4082 2989 4153 μηδὲν
3025 4081 3125 4152 μὲν
3166 4081 3294 4140 τοὺς
3334 4077 3560 4147 νεκροὺς

1991 4180 2344 4250 ὼ·ρε).οὖντες,
2393 4179 2616 4240 ἑαυτοὺς
2657 4175 2714 4228 δὲ
2765 4174 2962 4246 μᾶλλον
3015 4171 3358 4242 βλάπτοντες.
3394 4166 3561 4220 Πάλιν

1991 4271 2388 4340 ἀναγκάζονται
2419 4269 2525 4322 ἀπὸ
2559 4267 2656 4336 τῆς
2687 4265 2975 4336 συνηθείας
3007 4262 3289 4333 ὁμολογεῖν
3329 4259 3428 4328 τὴν
3455 4257 3562 4310 τῶν

1992 4363 2201 4434 νεκρῶν
2227 4362 2518 4414 ἀνάστασιν
2539 4373 2550 4386 '
2579 4357 2710 4411 ἔνθα
2742 4355 2851 4427 γὰρ
2891 4353 3047 4424 ἐτέθη
3082 4353 3149 4406 τά
3197 4350 3424 4422 σώματα
3452 4349 3562 4415 (43)

313 4456 696 4510 detrimentum
733 4453 984 4506 afferunt.
1023 4450 1129 4506 Sed
1161 4451 1243 4505 vel
1276 4450 1392 4521 ipsa
1422 4465 1516 4505 eos
1543 4453 1878 4506 consuetudo

1991 4454 2096 4506 τῶν
2125 4450 2560 4523 τελευτησάντων
2600 4448 3015 4520 παραγίνονται,
3050 4444 3144 4498 καὶ
3181 4439 3563 4514 προσφωνοῦσι

313 4547 380 4600 ad
424 4545 787 4600 confitendam
836 4551 1176 4597 mortuorum
1227 4544 1684 4598 resurrectionem
1719 4543 1886 4614 adigit

311 4637 474 4693 etiam
501 4634 702 4688 invitos
730 4652 742 4688 :
771 4632 1038 4703 siquidem
1074 4631 1142 4685 ad
1167 4648 1289 4687 eum
1329 4636 1503 4688 locum
1537 4635 1592 4687 in
1619 4649 1730 4706 quo
1755 4651 1888 4689 con-

311 4729 423 4782 dita
463 4732 591 4782 sunt
635 4735 974 4780 mortuorum
1023 4739 1288 4793 corpora,
1339 4740 1459 4780 sese
1505 4725 1885 4790 conferentes,

311 4819 665 4889 consepultos
695 4818 804 4873 illic
835 4817 1156 4873 nominatim
1193 4817 1492 4871 inclamant
1525 4836 1536 4870 :
1573 4815 1767 4888 Surge,
1803 4819 1888 4872 iu-

384 4979 400 5008 ¹
442 4974 568 5030 Cor.
600 4975 724 5028 ὑπὸ.
797 4976 818 5006 θ
845 4973 1050 5028 Vitium
1087 4973 1271 5029 subest
1319 4973 1447 5028 huic
1491 4975 1630 5029 loco.

386 5099 519 5166 (49.⁸)
561 5098 641 5150 Οὐ
671 5095 963 5164 σώματος.
1003 5093 1136 5148 Vide
1180 5095 1425 5148 h:ercsim
1459 5093 1546 5158 67,
1583 5095 1826 5150 numeris
1857 5096 1880 5146 τι

315 5180 370 5226 ct
401 5169 454 5226 6.
482 5168 846 5238 potissimum.

384 5231 496 5304 (45}
531 5239 722 5291 Ἔνθα
749 5235 861 5304 γάρ
888 5233 1058 5300 ἐτέθη
1099 5233 1171 5286 τὰ
1209 5232 1466 5304 σώματα.
1497 5232 1644 5286 Zeno
1679 5231 1878 5288 Veron.

315 5311 369 5362 in
395 5303 543 5362 rl'sal.
583 5303 900 5360 Xtheron
929 5307 966 5357 ii
1008 5305 1199 5364 solum,
1226 5307 1313 5374 qui
1353 5303 1482 5356 tales
1525 5314 1666 5365 διιιιι,
1702 5303 1890 5371 displi-

316 5389 429 5432 cent
477 5378 578 5430 Ileo
603 5393 619 5439 ,'
647 5374 734 5429 sed
773 5384 821 5429 et
863 5375 964 5436 illi,
1005 5375 1093 5443 qui
1135 5389 1225 5440 per
1275 5374 1515 5438 sepulcra
1543 5375 1886 5436 discurrunt;

317 5449 405 5517 qui
442 5447 622 5515 [elusis
658 5445 895 5514 prandiis
927 5446 1268 5517 cadatjeribus
1295 5447 1602 5517 sacriﬁcant
1645 5457 1884 5517 mortuo-

321 5515 459 5570 rum.
495 5517 828 5583 Augustinus
864 5532 911 5568 vt
947 5515 1101 5580 Conl'.
1145 5530 1262 5584 cap.
1303 5529 1361 5576 ιι,
1420 5516 1610 5568 scribit
1655 5515 1887 5567 Ambro-

319 5587 462 5638 sium
509 5585 792 5640 Mediolani
837 5587 1198 5653 prohibuisse.
1235 5599 1301 5637 ne
1351 5588 1545 5653 pultes,
1578 5599 1794 5652 panem,
1835 5592 1889 5637 et

320 5669 552 5714 merum,
587 5655 724 5707 sient
748 5657 800 5708 in
831 5655 1013 5707 Africa
1039 5657 1148 5708 fieri
1173 5655 1407 5718 solebat,
1441 5655 1507 5707 ad
1543 5653 1892 5707 honorandus

317 5724 700 5781 defunctorum
748 5725 1036 5779 memorias
1083 5725 1366 5788 inferrent,
1413 5740 1473 5778 ne
1526 5723 1636 5778 ulla
1687 5724 1891 5778 occasio

1992 4548 2104 4608 τοῖς
2132 4543 2490 4612 τεθαμμένοις
2519 4542 2730 4611 νεκροῖς
2764 4537 2824 4602 ἐξ
2851 4537 3141 4606 ὀνόματος·
3183 4532 3436 4594 Ἀνάστα,
3472 4530 3568 4598 φά·

1995 4652 2236 4697 σκοντες,
2263 4635 2291 4685 ὁ
2323 4633 2489 4695 δεῖνα,
2521 4631 2659 4700 φάγε
2692 4629 2784 4684 καὶ
2809 4627 2924 4680 πίθι
2949 4626 3043 4680 καὶ
3071 4623 3423 4693 εὐφράνθητι.
3456 4621 3566 4673 Καὶ

1993 4730 2040 4780 εξ
2077 4727 2172 4796 μὲν
2214 4726 2310 4786 τὰς
2344 4723 2521 4793 ψυχὰς
2561 4724 2738 4776 ἐκεῖσε
2781 4721 3092 4791 νομίζουσιν
3130 4713 3564 4786 ἐμπαραμένειν,

1993 4819 2118 4872 ἔνθα
2153 4817 2219 4870 τὰ
2250 4817 2476 4884 λείψανα
2501 4815 2608 4868 τῶν
2646 4812 3086 4884 τελευτησάντων
3111 4809 3396 4873 τέθαπται,
3425 4806 3568 4858 ἀπα·

1738 4975 1757 5007 ³
1795 4974 1856 5030 F.
1891 4976 2031 5046 ὑπέρ
2063 4975 2161 5038 τῆς
2201 4973 2293 5026 τοῦ
2321 4972 2552 5042 γέλωτος
2586 4974 2870 5042 κινήσεως.

1991 5112 2044 5148 se
2081 5093 2438 5162 iugurgitaudi
2480 5089 2988 5164 dureturebriosis;
3018 5097 3066 5141 et
3110 5085 3234 5155 quia
3280 5081 3574 5164 iilanq'uasi

1990 5155 2288 5231 parentalia
2344 5162 2708 5226 sup-"rsttliotti
2740 5160 3014 5231 gentilium
3056 5165 3204 5231 esset
3271 5155 3572 5231 simillima.

1993 5222 2360 5286 il‘ertullianus
2403 5222 2621 5301 Άροίυῃ.
2673 5222 2790 5301 cap.
2831 5230 2931 5282 15:
2965 5227 3102 5291 Quid
3147 5228 3357 5301 omnino
3387 5222 3454 5275 ad
3482 5223 3578 5301 Ito-

1992 5304 2257 5357 noranzlos
2284 5321 2368 5356 eos
2400 5295 2597 5368 facitis,
2632 5295 2768 5370 quod
2795 5316 2895 5351 non
2932 5301 3090 5349 etiam
3125 5296 3361 5370 mortuis
3389 5295 3576 5370 vestris

1991 5374 2320 5441 conferatis?
2354 5362 2520 5424 .zEdes
2557 5362 2775 5437 proinde
2803 5384 2819 5420 :
2868 5385 2990 5419 aras
3026 5366 3264 5430 proinde.
3298 5362 3446 5415 Idem
3479 5364 3581 5411 Ir:-

1993 5444 2154 5508 bilus,
2185 5453 2233 5495 et
2262 5444 2496 5510 insignia
2523 5444 2570 5492 iu
2595 5441 2805 5513 situatio-
2833 5453 2849 5500 ,'
2875 5448 2928 5489 ut
2959 5447 3109 5513 (etas,
3134 5449 3320 5513 nigra,
3344 5443 3396 5513 ut
3423 5449 3581 5513 uege-

1993 5503 2504 5577 lium'mortuivl'uit,
2547 5511 2620 5563 ita
2653 5509 2790 5561 Deus
2828 5517 2922 5580 est.
2961 5506 3078 5580 Quo
3126 5505 3302 5580 iii/fert
3337 5504 3400 5553 ab
3426 5503 3582 5580 epulo

1994 5583 2165 5644 loris,
2211 5573 2598 5634 Silicernium?
2639 5598 2669 5631 (ι
2721 5576 2945 5643 simpulo
2993 5575 3164 5628 abba?
3215 5573 3278 5624 ab
3336 5573 3584 5644 (ιζιικρὶπε

1997 5639 2314 5722 pollinctor?
2348 5651 2485 5703 Nam
2506 5661 2552 5705 ct
2593 5663 2806 5716 aruspcs
2825 5639 3059 5700 mortuis
3092 5651 3328 5713 apparet.
3363 5639 3576 5694 Perav.
