3916 6196
331 275 430 330 177

1748 277 2183 333 ΑΜΖΟΚΛῚἪΞ.

3481 274 3578 327 173

326 392 425 462 θὴς
455 408 537 454 τις
584 390 806 461 τοιαύτη
845 392 949 444 τῶν
983 393 1170 464 ψυχῶν
1216 396 1542 466 προσδοκίαν
1586 396 1909 467 ἐμπαραμέ-

2035 394 2224 464 miunt,
2255 390 2496 446 defuncti
2519 405 2714 444 nomen
2741 389 3095 460 appellantes,
3123 389 3244 443 bibe
3263 397 3316 443 et
3337 391 3580 459 epulare.

325 487 478 532 νοὺσι
511 478 621 552 γὰρ
653 480 753 549 τὴν
797 480 1010 552 ἡμέραν
1045 483 1142 553 τὴν
1175 484 1492 553 μέλλουσαν,
1521 485 1612 539 καὶ
1640 483 1737 554 τὴν
1780 484 1910 537 ἀνά-

332 586 521 623 στασιν
567 569 666 639 τῆς
719 570 1160 639 παλιγγενεσίας,
1191 575 1295 638 ἕως
1340 575 1408 628 τὰ
1457 575 1686 628 σύνθετα
1727 576 1821 627 καὶ
1845 574 1912 627 τὰ

338 663 550 729 σύζυγα
593 662 767 716 αύτῶν
813 663 1130 719 ἀπολάϐωσι
1163 664 1415 736 σώματαο
1469 667 1518 718 εί
1558 668 1652 719 καὶ
1694 665 1911 735 βδελύτ-

339 771 518 806 τονται
541 755 590 806 οἱ
619 754 726 806 τῶν
764 754 1034 825 Ἑλλήνων
1061 757 1248 820 παῖδες
1270 757 1368 829 τὴν
1395 759 1574 830 σάρκα
1605 758 1679 822 ὡς
1706 757 1912 827 φαύλην

341 842 523 909 οὖσαν,
578 847 670 899 καί
730 847 911 900 τέλεον
969 847 1394 920 ἀφανιζομένην.
1453 850 1548 903 καὶ
1600 849 1790 902 ἐλπίδα
1839 848 1913 918 μὴ

340 937 562 1007 ἔχουσαν
592 936 962 1001 ἀναϐιώσεως.
986 939 1049 991 Εἰ
1069 939 1124 991 δὲ
1149 941 1224 1010 μὴ
1248 940 1424 1010 τούτῳ
1444 940 1521 1011 τῷ
1550 941 1733 1012 τρόπῳ
1758 938 1915 993 τοῦτο

339 1028 571 1091 ποιοῦσι,
605 1028 713 1081 τίνι
758 1028 836 1099 τῷ
869 1028 1011 1099 λόγῳ
1047 1028 1143 1092 τὰς
1175 1029 1414 1100 βελτίους
1457 1029 1634 1100 ψυχὰς
1677 1030 1776 1100 τῆς
1807 1027 1913 1082 τῶν

337 1120 609 1189 σωμάτων
635 1121 824 1184 ούσίας
857 1121 1276 1190 ὲγκαταδέοντες
1310 1123 1572 1193 καταδίκῃ
1600 1123 1797 1193 μᾶλλον
1821 1139 1918 1173 περ

335 1210 672 1281 ριὸἀλλουσι,
701 1215 766 1284 τῇ
791 1212 1057 1283 ὑπολήψει
1077 1211 1250 1266 ταῦτα
1271 1213 1576 1284 ὁριζόμενοι
1601 1254 1615 1276 ,
1640 1213 1734 1266 καὶ
1756 1229 1919 1283 προσ-

332 1301 617 1371 εδρεύουσι
647 1305 759 1366 τοῖς
793 1303 1200 1375 τετελευτηκόσι
1248 1305 1550 1375 λειψάνοιςς
1584 1305 1617 1375 ἢ
1660 1305 1753 1358 ἐπὶ
1791 1305 1920 1376 ποίᾳ

336 1392 639 1462 προσδοκίᾳ
684 1391 897 1456 ἐλπίδος
939 1394 1344 1464 παραμένουσι;
1393 1395 1718 1464 λεγέτωσαν.
1760 1393 1919 1447 Ἀλλὰ

334 1481 496 1552 δῆλον
525 1482 605 1534 ὅτι
638 1472 841 1546 ού’τὰς
886 1483 1064 1553 ψυχὰς
1095 1483 1405 1555 νομίζουσιν
1441 1481 1582 1539 εἶναι
1606 1487 1662 1538 ὲν
1701 1485 1920 1556 μνήμα-

337 1588 448 1633 σιν,
498 1573 610 1624 ἀλλ’
651 1575 710 1625 ὲν
753 1574 1001 1646 ταμείοις
1046 1577 1188 1628 τισὶν
1231 1578 1296 1629 ὲκ
1344 1575 1476 1628 Θεοῦ
1523 1576 1736 1648 ἑκάστῃ
1774 1575 1917 1645 ψυχῇ

337 1664 810 1735 ἀποτεταγμένοις
842 1667 962 1718 κατ’
989 1665 1144 1730 ἀξίαν
1175 1659 1248 1719 ὧν
1275 1666 1456 1733 ὲόίων,
1490 1666 1721 1737 ἔδρασάν
1742 1683 1799 1718 τε
1826 1665 1920 1719 καὶ

336 1755 792 1808 ἐπολιτεύσαντο·
829 1753 897 1808 τὰ
933 1754 1246 1826 δὲσὼματα
1277 1756 1434 1820 ἰδίαις
1479 1757 1665 1827 χερσὶν
1692 1755 1918 1818 ἕκαστος
1954 1738 1994 1796 Β

335 1848 433 1898 τοῦ
457 1846 627 1907 πέλας
651 1848 708 1899 ὲν
727 1849 848 1909 ταῖς
873 1846 1065 1916 θήκαις
1088 1848 1193 1902 τῶν
1223 1849 1489 1920 σωμάτων
1511 1849 1686 1902 εἴτουν
1715 1849 1919 1901 ὀστέων

338 1937 655 1990 κατέθεντο.
684 1936 890 2006 Εὖηθες
933 1937 978 1990 δ’
1013 1938 1078 1990 ἂν
1123 1937 1209 2010 εἴη
1252 1939 1403 2010 παρά
1449 1941 1616 1992 πᾶσιν
1649 1937 1786 1992 εἶναι
1825 1937 1921 2009 τὴν

345 2030 474 2100 μίαν
507 2029 777 2100 ὑπόληψιν
811 2030 1015 2083 τούτων
1039 2032 1134 2083 καὶ
1160 2031 1502 2096 ἀκολουθίαν,
1530 2027 1609 2097 οἷς
1635 2034 1697 2084 ἐκ
1721 2049 1924 2084 παντα-

343 2119 501 2189 χόθεν
535 2118 904 2189 ὡμολόγηταιο
942 2120 1093 2193 παρά
1126 2120 1182 2172 δὲ
1211 2123 1319 2183 τοῖς
1349 2121 1596 2183 ἀπίστοις
1622 2121 1925 2173 τούναντίον

341 2210 415 2261 τὰ
453 2209 682 2280 ἀληθινὰ
723 2210 1085 2281 ὲξαρνεῖσθαι,
1123 2211 1216 2264 καὶ
1245 2211 1314 2264 τὰ
1363 2213 1419 2265 ὲν
1447 2211 1564 2282 Θεῷ
1601 2210 1800 2264 δυνατὰ
1848 2213 1925 2275 εἰς

345 2301 562 2365 ἐλπίδας
589 2303 721 2373 παρ’
750 2302 931 2365 αὐτοῖς
963 2304 1037 2373 μὴ
1069 2301 1455 2372 κεκρατύνθαι.

2012 484 2174 554 Atqui
2208 484 2322 538 sive
2350 483 2561 536 animas
2588 482 2828 536 residere
2860 481 2969 534 illic
2997 487 3189 549 putant
3219 481 3309 534 ubi
3339 489 3586 534 mortuo»

2015 590 2135 629 rum
2160 573 2420 644 depositae
2450 579 2580 627 sunt
2609 571 2873 640 reliquiae,
2911 569 3214 624 affectionis
3247 584 3443 638 expers
3469 567 3585 623 ani-

2017 681 2227 719 marum
2259 663 2606 734 exspectatio
2629 664 2718 716 illa
2741 661 2960 716 videtur
2991 679 3004 715 :
3035 662 3302 731 siquidem
3340 661 3582 714 futurum

2016 755 2166 810 illum
2197 755 2340 810 diem
2375 770 2437 808 ae
2479 753 2935 808 resurrectionem
2976 763 3030 806 et
3073 753 3319 806 iteratam
3360 766 3586 822 genera-

2015 849 2216 902 tionem
2245 847 2432 901 tandiu
2458 846 2858 916 prmstolantnr,
2893 845 3067 899 donec
3097 851 3327 912 cognata
3355 857 3417 896 ae
3439 856 3590 896 com-

2016 940 2166 1010 paria
2203 939 2305 994 sibi
2337 952 2566 1007 corpora
2598 935 2884 1005 recipiant,
2917 950 3226 1004 quanquam
3261 932 3436 987 Grzeci
3467 945 3591 986 car-

2016 1045 2137 1085 nem
2165 1037 2420 1098 lanquam
2454 1027 2672 1090 malam,
2703 1027 3027 1096 penitusque
3055 1025 3505 1087 consumendam,
3534 1032 3591 1078 et

2017 1121 2085 1174 ab
2115 1119 2262 1174 omni
2299 1135 2393 1188 spe
2424 1117 2782 1172 reviviscendi
2819 1131 3045 1186 prorsus
3078 1117 3354 1170 exclusam
3389 1114 3592 1168 abomi-

2018 1211 2137 1265 nari
2177 1209 2374 1264 solent.
2423 1207 2548 1261 Sive
2583 1224 2692 1262 non
2726 1208 2930 1262 idcirco
2966 1209 3069 1262 ista
3111 1206 3347 1265 faciant:
3389 1205 3592 1275 quibus

2019 1299 2235 1354 tandem
2260 1299 2326 1354 de
2353 1299 2536 1353 causis
2563 1299 2774 1352 animas
2795 1314 2915 1368 quae
2946 1299 3380 1354 substantiae-con
3397 1312 3589 1366 porum

2020 1399 2296 1460 praestant,
2333 1391 2628 1460 iiligantes,
2663 1389 2921 1444 damnare
2947 1390 3128 1459 potius
3163 1389 3436 1456 videntur,
3463 1388 3592 1443 dum

2022 1482 2332 1536 istiusmodi
2353 1482 2636 1551 opiniones
2663 1482 3000 1552 sequuntur?
3030 1480 3140 1536 Cur
3167 1482 3234 1534 ad
3258 1490 3593 1534 mortuorum

2023 1573 2281 1642 reliquias
2313 1572 2730 1628 adhaerescunt?
2771 1581 2865 1627 aut
2911 1588 3074 1642 quam
3106 1572 3161 1626 in
3215 1587 3365 1640 spem
3412 1570 3499 1625 bis
3540 1569 3597 1622 in

2025 1665 2159 1720 locis
2187 1666 2632 1720 commorantur?
2675 1664 2861 1719 dicant
2909 1667 2952 1720 si
2995 1672 3242 1734 possunt.
3306 1662 3413 1719 Sed
3439 1663 3594 1724 illud,

2026 1759 2240 1826 Opinor,
2278 1759 2623 1812 manifestum
2663 1768 2767 1822 est,
2795 1758 3006 1812 animas
3037 1758 3158 1813 illos
3187 1773 3296 1810 non
3327 1756 3381 1810 in
3412 1754 3599 1824 sepul-

2027 1850 2159 1915 cris,
2189 1849 2284 1903 sed
2312 1851 2477 1906 certis
2500 1851 2553 1904 in
2581 1851 2717 1904 locis
2738 1849 3139 1919 domiciliisque
3164 1848 3452 1914 collocare,
3479 1859 3601 1915 quae

2027 1943 2321 2012 unicuique
2353 1941 2536 1997 aDeo
2565 1957 2664 2012 pro
2707 1957 2896 1998 eorum
2933 1957 3054 2011 qua:
3098 1943 3152 1996 in
3183 1941 3291 1995 vita
3337 1937 3506 2009 gessit
3534 1951 3600 1990 ac

2029 2034 2288 2103 suscepit,
2331 2036 2528 2089 merito
2568 2034 2905 2097 tribuuntur,
2943 2035 3072 2088 dum
3119 2032 3336 2087 interim
3374 2027 3600 2099 quilibet

2027 2127 2455 2194 propinquorum
2501 2141 2725 2181 suorum
2778 2140 3007 2193 corpora
3054 2126 3110 2179 in
3150 2124 3474 2178 cadaverum
3515 2120 3601 2175 vel

2028 2217 2235 2270 ossium
2264 2217 2661 2285 potiusloculis
2690 2217 2986 2288 componit.
3012 2216 3276 2270 Caeterum
3302 2211 3596 2267 ridiculum

2030 2306 2161 2360 illud
2197 2320 2261 2360 ac
2292 2308 2550 2363 stolidum
2585 2317 2687 2372 est,
2727 2325 2849 2363 cum
2871 2308 3123 2362 omnibus
3153 2306 3316 2360 insita
3348 2303 3418 2359 sit
3449 2297 3622 2356 com--

346 2393 528 2446 munis
591 2394 682 2447 illa
741 2393 924 2464 Opinio
977 2410 1041 2448 ac
1089 2395 1250 2449 veluti
1296 2394 1667 2464 praesumptio,
1720 2403 1777 2448 ut
1826 2398 2284 2454 resurrectionem
2336 2400 2575 2454 universi
2623 2401 2782 2470 plane
2823 2399 3126 2464 fateantur,
3179 2398 3248 2452 ab
3293 2396 3604 2452 infidelibus

345 2494 526 2539 tamen
566 2501 634 2540 ex
663 2486 896 2541 adverso
926 2487 1230 2541 certissima
1262 2485 1351 2541 illa
1381 2486 1589 2558 negari,
1649 2493 1702 2540 et
1753 2500 1814 2539 ea
1875 2488 2136 2557 quaeDei
2185 2491 2387 2548 virtute
2431 2492 2678 2560 praestari
2724 2491 2911 2561 utique
2957 2496 3209 2560 possunt,
3260 2502 3602 2559 nequaquam
3678 2492 3682 2496 ’

345 2580 458 2649 ειροὶ
497 2580 749 2635 firmitate
785 2581 1050 2636 roborari.

421 2674 544 2727 IIZ’.
586 2674 745 2726 Ἀλλά
765 2675 1111 2746 περὶτούτων
1151 2676 1312 2730 ἱκανὰ
1328 2673 1533 2746 νομίζω
1565 2676 1838 2748 εἰρῆσθαι,
1865 2677 1929 2728 ἐκ

343 2763 456 2817 τῶν
513 2764 722 2818 πολλῶν
764 2767 1221 2838 παραδειγμάτων
1263 2767 1418 2835 ὀλίγα
1457 2766 1612 2837 ἡμῶν
1653 2766 1928 2836 παραθέν-

343 2853 459 2924 τες(
475 2854 494 2907 ῑ
509 2854 575 2922 ἱ).
591 2855 728 2924 Περὶ
744 2854 850 2908 τῶν
868 2855 1165 2909 δοκούντων
1182 2856 1522 2928 Χριστιανῶν
1539 2851 1698 2922 εἶναι,
1717 2856 1926 2927 Ὠριγέε-

344 2967 428 3001 νει
452 2947 506 3001 δὲ
525 2947 884 3017 πειθομένων,
913 2949 1006 3001 καὶ
1035 2948 1131 3020 τὴν
1157 2948 1254 3016 μὲν
1277 2947 1384 3000 τῶν
1404 2947 1612 3018 νεκρῶν
1636 2947 1927 3001 ἀνάστασιν

340 3038 774 3112 ὁμολογούντων,
815 3038 1020 3110 σαρκός
1049 3055 1108 3090 τε
1141 3038 1246 3108 τῆς
1275 3038 1570 3110 ἡμετέρας,
1601 3040 1694 3091 καὶ
1741 3037 1926 3107 σώμαι

338 3147 439 3192 τος
471 3129 566 3181 τοῦ
615 3129 823 3200 Κυρίου
854 3127 948 3181 τού
982 3129 1136 3197 ἁγίου
1186 3129 1394 3182 ἐκείνου
1432 3121 1526 3183 τού
1557 3130 1664 3182 ἀπὸ
1710 3129 1934 3199 Μαρίας

340 3219 774 3290 ἀνειλημμένου,
820 3218 1024 3290 ταύτην
1069 3218 1126 3271 δὲ
1172 3219 1270 3286 τὴν
1318 3218 1496 3290 σάρκα
1544 3219 1812 3287 λεγόντων
1861 3216 1934 3288 μὴ

343 3310 684 3383 ἐγείρεσθαι,
726 3309 839 3363 ἀλλ’
876 3309 1042 3379 ἄλλην
1081 3309 1192 3380 (45)
1221 3309 1339 3362 ἀντὶ
1366 3310 1570 3381 ταύτης
1599 3313 1664 3363 ὲκ
1695 3309 1829 3362 Θεοῦ
1859 3309 1935 3361 δί-

344 3401 564 3462 δοσθαι,
600 3399 717 3462 πῶς
745 3398 865 3468 οὐχὶ
897 3399 1095 3470 μᾶλλον
1121 3399 1229 3451 τῶν
1265 3398 1440 3453 ἄλλὼν
1467 3401 1714 3469 εἴποιμεν
1746 3399 1931 3452 ἀσεϐε-

346 3492 552 3562 ετέραν
583 3490 730 3560 ἔχειν
772 3489 1062 3561 ὑπόληψιν,
1103 3489 1199 3542 καὶ
1243 3490 1607 3562 εύηθεστέραν
1654 3489 1762 3542 τῶν
1809 3490 1934 3560 παρέ

347 3582 620 3652 "Enna;
648 3582 871 3653 Πρῶτον
906 3581 1003 3651 μὲν
1023 3581 1132 3650 γὰρ
1164 3583 1212 3633 εἰ
1245 3580 1376 3652 ἄλλη
1407 3581 1527 3634 ἀντὶ
1569 3579 1772 3649 ταύτης
1798 3580 1939 3645 ἐγείο

360 3689 517 3742 gerat
553 3672 694 3724 κατά
719 3672 809 3724 τὸν
836 3669 1016 3724 αὐτῶν
1058 3669 1237 3738 λόγον,
1271 3673 1330 3725 οὐ
1363 3672 1608 3744 δικαίαή
1655 3671 1748 3725 τοῦ
1800 3669 1936 3724 Θεοῦ

355 3764 560 3835 κρίσις,
589 3762 756 3832 ἄλλην
791 3763 968 3834 σάρκα
1009 3761 1270 3832 κρίνουσα
1314 3764 1434 3816 ἀντὶ
1476 3764 1576 3834 τῆς
1612 3762 1936 3836 ἁμαρτησάτ-

355 3871 483 3923 της,
515 3855 546 3924 ἣ
572 3854 698 3908 ἄλλο
727 3855 884 3925 σῶμα
918 3855 1158 3927 φέρουσα
1179 3857 1257 3918 είς
1281 3855 1438 3918 δόξαν
1461 3855 1822 3927 κληρονομίας
1847 3855 1940 3908 καὶ

363 3943 638 4012 βασιλείας
653 3944 917 4014 οὐρανῶν,
951 3944 1070 3997 ἀντὶ⁵
1108 3944 1200 3996 τοῦ
1257 3945 1316 3997 ἐν
1344 3943 1619 4014 νηστείαις
1648 3943 1741 3996 καὶ
1771 3943 1941 4014 ἀγρυ-

361 4035 549 4098 πνίαις
579 4038 669 4089 καὶ
701 4037 956 4108 διωγμοῖς
991 4037 1131 4106 ὑπὲρ
1160 4037 1418 4106 ὀνόματος
1436 4037 1569 4090 Θεοῦ
1600 4037 1940 4106 κεκμηκότος

360 4127 637 4198 σώματος.
668 4129 794 4191 Πῶς
819 4128 876 4181 δὲ
914 4129 1008 4182 καὶ
1040 4128 1186 4199 ψυχὴ
1236 4127 1535 4198 καθήσεται
1571 4129 1584 4158 ⁸
1620 4127 1753 4197 μόνη
1801 4127 1942 4181 κατά

351 4217 454 4269 τὸν
480 4217 638 4284 λόγον
667 4216 775 4269 τῶν
808 4217 1094 4288 αἱρέσεων,
1129 4217 1201 4287 μὴ
1234 4217 1498 4288 παρόντος
1538 4217 1629 4270 τοῦ
1665 4233 1943 4288 συναμαρτ

355 4309 627 4378 τήσαντος
676 4307 958 4379 scopa-cog;
1000 4309 1254 4381 Ἀντείπῃ
1297 4309 1404 4381 γὰρ
1454 4311 1486 4379 ἠ
1532 4308 1752 4379 τοιαύτη
1795 4307 1940 4380 φυλὴ
1975 4351 2017 4404 D

355 4402 426 4468 τῇ
459 4397 556 4450 τοῦ
582 4399 719 4451 Θεοῦ
756 4400 955 4470 κρίσει,
999 4401 1283 4469 φάσκουσα
1310 4400 1404 4452 τοῦ
1439 4400 1688 4470 σώματος
1715 4405 1940 4472 γεγενῆ-

359 4475 502 4541 σθαι
524 4489 592 4542 τὰ
626 4490 1017 4560 ἁμαρτήματα.
1057 4491 1209 4560 Ἔχει
1246 4490 1337 4543 καὶ
1363 4489 1460 4559 τὴν
1498 4489 1772 4556 ἀπόδειξιν
1801 4490 1940 4544 κατά

357 4580 456 4632 τὸν
489 4580 790 4650 φιλονεικίᾳ
828 4581 1124 4652 φερόμενον
1157 4581 1431 4649 λόγονκαὶ
1464 4582 1537 4652 μὴ
1561 4581 1820 4652 ἀληθείᾳ·
1851 4582 1942 4634 δύ-

355 4687 524 4723 ναται
553 4671 658 4742 γὰρ
687 4671 865 4738 λέγειν
884 4689 897 4702 ο
930 4673 1043 4725 Οὐκ
1064 4671 1172 4739 ἐγὼ
1203 4673 1472 4742 ἥμαρτον,
1501 4671 1634 4726 ἁλλά
1659 4671 1718 4724 τὸ
1748 4671 1904 4742 σῶμα
1928 4690 1940 4704 ο

359 4761 549 4825 ὲξότου
581 4760 692 4832 γὰρ
720 4761 940 4832 ἐξῆλθον
973 4763 1036 4815 ὲκ
1056 4762 1148 4815 τοῦ
1171 4763 1444 4834 σώματος,
1474 4761 1594 4816 οὔτε
1619 4762 1944 4833 ὲπόρνευσα,

440 4935 457 4968 ³
483 4934 544 4992 F.
581 4936 925 5009 κριθήσεται.

435 5091 554 5162 (Η)
585 5091 897 5162 Legendum
930 5090 1144 5145 videtur
1171 5089 1540 5162 παραθέντων.
1570 5088 1731 5162 -Εοιτε

436 5158 552 5244 (f5)
784 5161 1004 5244 ᾅλληνἲ
1043 5158 1329 5228 Origenem
1375 5158 1620 5244 [flaminis
1657 5159 1942 5244 abreptum

359 5228 714 5303 philoéophia
748 5233 887 5284 inter
911 5240 1104 5285 cmtera
1135 5245 1231 5284 sua
1258 5236 1456 5303 errata.
1487 5238 1542 5282 et
1575 5228 1722 5303 circa
1759 5242 1945 5303 resur-

365 5297 667 5356 rectionem
720 5309 1059 5354 mortuorum
1122 5316 1151 5353 a
1200 5306 1347 5353 recto
1404 5301 1634 5353 sincera:
1682 5297 1944 5351 doctrinae

365 5372 591 5424 tramite
620 5370 934 5431 deﬂexisse,
959 5379 1008 5425 et
1039 5369 1253 5438 quidem
1279 5369 1346 5421 ad
1369 5384 1488 5423 eum
1519 5370 1758 5433 modum,
1779 5381 1940 5438 qli_(nn

371 5442 429 5492 in
469 5442 716 5507 praesenti
747 5442 967 5508 exponit
998 5435 1354 5509 Epiphanius,
1397 5446 1613 5509 constat
1657 5436 1797 5509 apud
1841 5435 1944 5486 Pa-

375 5506 514 5568 tres,
545 5506 940 5578 erEpipbanio
971 5506 1271 5578 praesertim
1301 5515 1414 5578 tum
1447 5507 1535 5578 hic
1569 5507 1622 5559 in
1650 5506 1939 5578 Ancorato,

375 5587 496 5631 tum
519 5578 571 5631 in
604 5575 840 5632 Pandrc'o
870 5578 937 5632 ad
969 5575 1216 5635 haeresim
1247 5577 1316 5630 οι
1337 5619 1350 5640 ,
1383 5590 1445 5629 ex
1485 5575 1795 5644 fragmentis
1822 5589 1945 5642 qua:

377 5654 600 5705 exstant
639 5648 781 5719 apud
818 5649 1174 5721 Epiphaniam
1208 5651 1506 5702 memorata
1535 5643 1588 5699 in
1633 5643 1821 5700 lneresi
1852 5644 1941 5710 (ii,

2104 2676 2212 2747 92
2251 2674 2556 2730 LXXXVII.
2599 2675 2798 2731 Verum
2829 2676 2897 2731 de
2922 2675 3006 2731 bis
3039 2675 3334 2740 hactenus;
3375 2689 3498 2729 nam
3536 2691 3602 2730 ex

2034 2769 2247 2822 infinito
2285 2767 2653 2837 exemplorum
2700 2783 2926 2822 numero
2959 2782 3140 2837 pauca
3175 2767 3420 2836 qtuedam
3459 2783 3489 2820 a
3522 2784 3607 2822 me

2033 2859 2258 2913 collecta
2300 2857 2592 2912 sufﬁciunt.
2645 2856 2762 2912 Jam
2810 2873 2937 2912 vero
2979 2857 3123 2926 quod
3160 2858 3226 2913 ad
3272 2872 3368 2913 eos
3415 2858 3608 2913 attinet

2033 2950 2127 3021 qui
2162 2966 2221 3005 se
2245 2949 2586 3004 Christianos
2622 2948 2963 3020 profitentur,
2993 2956 3046 3003 et
3077 2948 3364 3018 Origenem
3397 2950 3603 3013 secuti,

2036 3050 2372 3096 mortuorum
2403 3040 2622 3111 quidem
2663 3041 3119 3095 resurrectionem
3154 3039 3604 3094 admittuntcum

2033 3135 2214 3189 carnis
2238 3141 2456 3194 nostrai.
2494 3141 2606 3185 tum
2638 3133 2971 3188 sanctissimi
3009 3133 3155 3188 illius
3189 3131 3458 3186 Dominiei
3483 3147 3606 3186 cor-

2035 3228 2180 3296 poris
2231 3225 2374 3295 quod
2420 3240 2451 3279 e
2489 3223 2655 3279 Maria
2701 3232 3017 3293 susceptum
3065 3231 3180 3290 est;
3230 3222 3324 3278 sed
3362 3222 3606 3278 eamdem

2036 3317 2394 3372 nihilominus
2422 3330 2642 3371 carnem
2671 3315 2898 3369 excitari
2931 3330 3041 3369 non
3074 3323 3287 3384 putant,
3323 3315 3416 3370 sed
3440 3315 3609 3369 aliam

2037 3422 2066 3459 a
2109 3405 2218 3461 Deo
2256 3406 2309 3460 in
2333 3406 2454 3476 ejus
2485 3407 2664 3460 locum
2698 3405 2993 3461 substitui:
3037 3421 3218 3461 nonne
3261 3405 3402 3460 hanc
3434 3406 3610 3476 ipsam

2037 3496 2346 3566 opinionem
2377 3503 2608 3550 caeteras
2651 3511 2840 3550 omnes
2885 3495 3163 3566 impietate
3212 3511 3497 3565 superare,
3547 3509 3613 3549 ac

2036 3587 2318 3658 gentilium
2345 3587 2506 3642 etiam
2535 3587 2814 3642 erroribus
2838 3585 3216 3642 absurdiorem
3243 3602 3368 3642 esse
3394 3585 3613 3655 putabin

2041 3678 2195 3732 mus?
2234 3677 2288 3731 In
2319 3677 2510 3747 primis
2541 3677 2684 3732 enim
2736 3678 2788 3732 si-
2831 3677 3226 3747 aliaquazdam
3277 3693 3356 3732 ex.
3397 3677 3612 3730 illorum

2039 3767 2294 3837 opinione
2341 3781 2469 3821 caro
2521 3765 2574 3820 in
2613 3765 2779 3834 hujus
2832 3774 3034 3820 nostrae
3088 3766 3268 3820 locum
3317 3760 3610 3827 Succedit;

2043 3855 2492 3925 minimejustuni
2521 3863 2606 3910 est
2630 3855 2722 3910 Dei
2745 3856 3031 3925 judicium,
3060 3855 3150 3924 qui
3183 3864 3278 3906 aut
3303 3854 3462 3906 aliam
3494 3868 3614 3906 cara

2043 3962 2163 4000 nem
2206 3961 2303 4014 pro
2335 3962 2395 3999 ea
2423 3961 2544 4014 quae
2579 3947 2903 4014 peccaverit,
2956 3945 3300 4012 condemnet,
3332 3952 3424 3997 aut
3466 3943 3614 3998 aliud

2043 4051 2243 4105 corpus
2287 4036 2353 4088 ad
2387 4037 2626 4091 cmlestis
2657 4037 2968 4106 patrimonii
3011 4038 3239 4106 gloriam
3277 4049 3616 4104 regnumque

2044 4127 2323 4196 perducat,
2353 4143 2514 4196 quam
2551 4128 2682 4182 illud
2721 4128 2896 4198 ipsum
2930 4129 3072 4198 quod
3110 4127 3356 4197 jejuniis,
3391 4126 3613 4195 vigiliis,

2046 4219 2496 4274 insectationibus
2528 4218 2620 4274 Dei
2655 4230 2739 4275 est
2767 4237 2932 4276 causa
2963 4219 3352 4276 conflictatum.
3381 4217 3615 4284 Quinam

2045 4324 2174 4363 vero
2215 4313 2487 4373 convenit,
2523 4319 2580 4364 ut
2613 4312 2726 4367 sola
2761 4312 2942 4365 anima
2973 4312 3089 4366 sine
3119 4309 3328 4382 peccati
3376 4310 3524 4365 socio
3555 4323 3621 4360 ae

2048 4399 2312 4468 participe
2355 4400 2783 4455 condemnetur?
2829 4408 2886 4453 ut
2921 4400 3156 4455 haereses
3200 4399 3316 4454 istae
3362 4397 3463 4452 sibi
3499 4411 3618 4465 per-

2049 4488 2301 4544 suadent.
2361 4490 2551 4545 Merito
2584 4492 2784 4562 quippe
2821 4491 2911 4546 Dei
2941 4491 3149 4561 judicio
3181 4489 3450 4560 ejusmodi
3483 4487 3620 4540 resi-

2047 4591 2192 4636 stere
2216 4581 2413 4649 poterit
2436 4581 2638 4645 anima,
2667 4598 2729 4635 ae
2752 4583 2998 4651 corporis
3033 4584 3245 4653 propria
3274 4597 3394 4637 esse
3424 4578 3617 4633 delicta

2047 4670 2282 4724 causari.
2319 4669 2499 4739 Neque
2531 4671 2771 4726 rationes
2807 4672 2856 4724 ei
2895 4687 2958 4724 ae
2997 4671 3335 4725 firmamenta
3368 4669 3616 4726 deerunt,

2050 4763 2096 4816 si
2137 4763 2354 4816 illorum
2397 4761 2589 4832 dogma
2620 4761 2760 4832 quod
2802 4763 3098 4832 pertinacia
3139 4763 3312 4832 magis
3344 4775 3503 4830 quam
3529 4769 3631 4810 vc-.

2049 5088 2178 5143 item
2209 5102 2276 5142 ex
2322 5087 2418 5142 lib;
2457 5085 2531 5140 De
2572 5087 2952 5140 resurrectione
2996 5085 3248 5141 Methodil
3300 5085 3617 5140 Patarorum

2049 5158 2306 5227 primum,
2355 5158 2551 5228 deinde
2606 5155 2739 5228 Tyri
2782 5159 3056 5228 episcopi,
3093 5158 3183 5228 qui
3238 5171 3344 5228 non
3392 5155 3617 5228 longe_a

2049 5225 2387 5296 temporibus
2441 5225 2691 5297 Origeni‘s
2742 5227 2912 5297 vixit;
2959 5225 3184 5281 florebat
3229 5225 3618 5297 euim__szeculo

2050 5294 2307 5351 Ecclesiae
2354 5299 2516 5351 tertio
2543 5294 2811 5350 'exeunte.
2846 5295 3016 5364 Negat
3071 5310 3232 5349 nemo
3262 5294 3615 5364 implicatam,

2050 5367 2361 5428 obscuram,
2405 5367 2725 5435 ambagibus
2777 5362 3032 5434 repletam
3087 5362 3617 5435 inveniri'Origenis

2050 5435 2118 5490 de
2152 5433 2901 5490 resurrectionedoctrinam
2949 5436 3001 5487 iu
3042 5435 3326 5503 ipsiusmct
3374 5433 3615 5502 scriptis,

2050 5507 2231 5574 qualia
2283 5506 2346 5558 ad
2377 5514 2643 5574 fnestram
2687 5518 2978 5574 perrencre
3025 5513 3258 5557 aetatem.
3317 5503 3434 5570 Qua
3465 5503 3531 5559 de
3560 5517 3636 5559 te

2053 5572 2319 5631 adeantur
2349 5573 2526 5629 lluetii
2576 5574 2896 5646 Origeniaua
2922 5572 3015 5628 lib.
3054 5589 3114 5642 ιι,
3147 5581 3336 5644 quccst.
3376 5589 3451 5629 ιι.
