3916 6196
250 241 352 298 I79
1617 247 1675 301 S.
1715 244 2055 302 EPIPIIANII

250 361 413 419 ritate
439 363 654 432 nititur,
691 365 848 422 [idem
882 366 1045 420 ullam
1082 371 1357 420 mercatur
1388 387 1399 420 :
1429 364 1533 422 hoc
1559 367 1703 422 enim
1731 384 1829 438 pro

1935 368 2057 422 οὔτε
2091 369 2407 442 ἐμοίχευσα,
2439 371 2538 424 οὐκ
2587 369 2810 441 ἔκλεψα,
2839 370 2940 424 οὐκ
2973 370 3258 440 ἐφόνευσα,
3293 371 3394 426 οὒκ
3429 373 3511 428 ει-

254 467 314 508 se
343 461 526 523 potest
553 456 784 513 afferre:
811 455 922 527 Ego
951 470 1058 510 non
1086 455 1328 525 peccavi,
1374 456 1468 512 sed
1497 472 1699 530 corpus
1727 477 1740 514 :
1765 475 1830 515 ex

1935 459 2368 541 δωλολάτρευσα,
2398 459 2457 514 οὗ
2489 479 2541 514 τι
2579 461 2688 515 τῶν
2719 461 2906 516 κακῶν
2938 462 3033 515 καὶ
3063 461 3377 534 ἀνηκέστων
3401 466 3514 536 εἱρ-

252 558 365 612 quo
396 547 539 602 enim
564 547 633 601 ab
655 561 722 603 eo
749 544 1001 610 discessi,
1039 543 1458 602 fornicationem
1484 549 1712 612 nullam,
1740 561 1830 605 aut

1935 552 2213 624 γασάμην.
2245 551 2351 607 Καὶ
2385 553 2607 623 εὔλογος
2647 553 3004 627 εὑρεθήσεται
3032 556 3066 626 ἡ
3100 555 3272 626 αὐτῆς
3311 556 3512 609 ἀπολοο

255 634 604 706 adulterium,
640 646 730 692 ant
775 637 1005 701 furtum,
1051 645 1146 692 attt
1197 637 1552 694 homicidium
1596 641 1830 707 admisi;

1935 643 2048 712 γία.
2083 644 2336 713 Εύλόγως
2363 644 2422 698 δὲ
2459 645 2630 716 αὐτῆς
2665 645 3130 717 ἀπολογουμένης,
3164 646 3218 699 τί
3240 648 3509 720 ἐροῦμενς

253 742 320 782 ac
364 730 514 784 nullo
554 744 640 784 me
685 729 954 784 idolorum
986 731 1159 795 cultu,
1190 737 1286 784 aut
1316 732 1530 788 caeteris
1576 732 1629 788 id
1663 748 1830 804 genus

1948 735 2135 807 Ἀργεῖ
2160 737 2325 808 άραή
2363 737 2458 791 τοῦ
2487 736 2623 792 Θεοῦ
2657 738 2868 811 κρίσιςς
2901 739 3015 792 ἀλλ’
3033 739 3234 803 ἀδίκως
3261 739 3515 812 ἐπιφέρει

254 822 592 878 detestandis
639 823 939 879 sceleribus
984 823 1275 878 obstrinxi.
1322 823 1433 880 Nec
1485 824 1690 896 injusta
1737 827 1830 882 de-

1936 826 2036 897 τὴν
2063 826 2232 898 ὀργὴν
2262 828 2291 880 ὁ
2326 827 2459 892 Θεὸς
2481 828 2624 882 κατά
2661 828 2770 882 τῶν
2803 827 3133 901 ἀνθρώπωνς
3162 828 3236 900 μὴ
3262 829 3511 898 γένοιτοι

258 913 428 969 fensio
454 914 554 969 ista
588 913 768 969 fuerit.
795 913 930 969 Cum
966 915 1080 971 haec
1111 915 1274 986 igitur
1302 917 1498 972 merito
1527 916 1595 972 ad
1623 918 1709 975 sui
1754 918 2164 974 excusationem
2219 921 2483 988 attulerit,
2513 921 2646 992 quid
2709 922 2988 979 dicemus?
3024 922 3107 976 An
3163 923 3400 978 otiosum
3448 937 3515 977 ae

255 1020 721 1075 supervacaneum
753 1019 836 1065 est
872 1008 966 1064 Dei
1007 1009 1426 1079 judicium?aut
1470 1009 1675 1081 injuste
1715 1026 1872 1066 suam
1929 1012 1983 1067 in
2061 1013 2309 1069 homines
2351 1014 2488 1069 iram
2543 1030 2798 1072 exercere
2846 1013 3119 1086 putandus
3176 1022 3260 1071 est
3323 1015 3514 1072 Deus?

253 1099 410 1154 Absit
436 1101 448 1154 !

328 1189 659 1246 LXXXVIII.
699 1192 811 1249 Nos
858 1194 1006 1249 enim
1053 1194 1260 1249 scimus
1307 1194 1442 1248 nihil
1489 1208 1598 1248 non
1643 1208 1673 1248 a
1722 1191 1831 1250 Deo

258 1284 370 1338 fieri
405 1299 567 1354 posse
594 1303 606 1336 :
637 1299 701 1340 ac
733 1300 840 1339 non
882 1285 1044 1339 modo
1077 1286 1196 1341 sine
1237 1285 1417 1340 anima
1448 1299 1676 1356 corpora
1707 1300 1834 1356 pro-

259 1375 400 1430 ferre
431 1391 613 1446 posse,
640 1377 735 1431 sed
764 1385 819 1433 et
839 1377 1108 1432 exstincta
1140 1377 1356 1448 penitus
1393 1377 1484 1431 illa
1509 1377 1832 1433 reviviscere

255 1468 436 1522 denuo
459 1481 640 1536 posse,
665 1481 728 1520 ac
753 1482 849 1537 per
868 1483 990 1523 sese
1016 1469 1179 1522 etiam
1205 1483 1311 1522 non
1335 1468 1572 1521 animata
1601 1465 1829 1528 moveri,

255 1558 304 1614 si
331 1558 481 1624 velit,
506 1560 962 1628 quemadmodum
983 1573 1214 1629 corpora
1238 1559 1327 1612 illa
1345 1574 1464 1629 quae
1479 1558 1831 1614 sanctissimo

259 1650 524 1706 Ezechieli
550 1667 646 1722 per
674 1651 848 1708 visum
879 1653 1059 1707 oblata
1088 1659 1238 1713 sunt,
1273 1651 1523 1722 exemplo
1553 1666 1655 1707 suo
1679 1666 1830 1705 com-

2009 1194 2141 1248 l'III'.
2180 1193 2416 1266 Οἴδαμεν
2454 1193 2509 1247 δὲ
2541 1194 2623 1248 ὅτι
2662 1194 2842 1248 πάντα
2880 1192 2959 1264 τῷ
3005 1191 3122 1263 Θεῷ
3153 1191 3376 1256 δυνατὰ,
3416 1193 3517 1246 καὶ

1935 1285 2158 1341 δύναται
2177 1285 2272 1340 καὶ
2295 1285 2452 1357 σῶμα
2468 1286 2654 1358 φέρειν
2673 1287 2802 1340 ἄνευ
2816 1284 3012 1355 ψυχῆς,
3030 1285 3122 1337 καὶ
3137 1284 3203 1337 τὰ
3221 1283 3404 1353 ἀφανῆ
3421 1300 3518 1352 γε·

1937 1379 2130 1448 γονότα
2161 1379 2388 1449 σώματα
2417 1377 2638 1433 δύναται
2674 1377 2836 1431 πάλιν
2867 1375 3145 1442 ἀναϐιοῦν,
3163 1374 3430 1428 κινεῖσθαί
3456 1393 3517 1428 τε

1938 1471 2078 1525 αὐτὰ
2105 1471 2198 1541 ἀφ’
2232 1469 2439 1523 ἑαυτῶν
2461 1469 2586 1523 ἄνευ
2624 1467 2834 1540 ψυχῶν,
2873 1467 2967 1521 ἐὰν
2993 1466 3139 1538 θέλῃ.
3169 1465 3256 1529 Ὠς
3287 1465 3382 1518 καὶ
3413 1466 3516 1537 ήδη

1939 1561 2008 1615 τὰ
2038 1560 2134 1614 τοῦ
2160 1562 2467 1630 ἁγιωτάτου
2504 1559 2763 1633 Ἰεζεκιήλ
2787 1560 2886 1632 τὴν
2919 1557 3171 1630 τοιαύτην
3205 1558 3518 1630 οἰκονομίαν

1940 1651 2218 1720 ἐποίησεν.
2252 1649 2447 1718 Ἔλεγε
2474 1649 2584 1721 γάρ
2615 1649 2694 1720 τῷ
2726 1650 2868 1720 ἁγίῳ
2903 1649 3189 1720 προφήτῃ·
3222 1647 3390 1710 Εἰπὲ,
3425 1645 3519 1700 υἱὲ

257 1743 579 1810 probarunt.
622 1742 755 1798 Nam
784 1759 908 1798 cum
939 1743 1220 1814 propheta:
1245 1742 1479 1798 dixisset
1501 1741 1643 1798 Deus
1670 1763 1682 1796 :
1708 1742 1828 1807 Dic,

1935 1741 2286 1813 ἀνθρώπου,
2335 1741 2562 1796 ὀστοῦν
2608 1740 2756 1810 πρὸς
2805 1739 3049 1805 ὀστοῦν,
3095 1738 3192 1792 καὶ
3225 1738 3520 1807 ἁρμονίαν

256 1833 337 1901 ﬁli
368 1834 620 1897 hominis,
657 1845 714 1890 ut
748 1853 807 1890 os
839 1835 908 1890 ad
942 1852 1021 1901 es,
1056 1846 1104 1889 et
1136 1839 1394 1905 junctum
1433 1836 1502 1889 ad
1521 1835 1832 1905 juncturam

255 1924 436 1978 redeat
464 1925 482 1956 ¹
508 1943 521 1979 :
551 1932 664 1980 tum
699 1923 1027 1996 stupendum
1067 1924 1287 1982 virtutis
1331 1922 1530 1979 divinae
1557 1923 1833 1994 specimen

256 2017 503 2088 contigit,
546 2026 626 2078 ut,
672 2031 797 2072 cum
841 2015 1082 2071 nondum
1131 2015 1330 2070 infusa:
1371 2026 1559 2072 essent
1597 2015 1832 2079 animae,

255 2109 350 2164 sed
403 2108 555 2162 arida
603 2109 869 2164 duntaxat
925 2123 1051 2164 ossa
1100 2117 1474 2179 superessent,
1518 2121 1628 2162 non
1671 2106 1834 2161 modo

256 2200 506 2255 movendi
539 2201 622 2257 sui
654 2200 762 2271 93
801 2201 909 2256 vim
943 2200 1010 2254 ad
1043 2201 1290 2255 divinum
1324 2198 1456 2253 illud
1489 2213 1628 2266 opus
1667 2196 1836 2251 habe-

256 2302 406 2353 rent,
441 2293 535 2349 sed
587 2302 641 2348 et
672 2295 942 2363 sapientia
981 2291 1449 2362 intelligentiaque
1471 2289 1697 2344 minime
1717 2289 1834 2342 vul-

253 2387 372 2456 gari
407 2401 535 2441 ossa
583 2386 673 2438 illa
712 2387 936 2454 praedita
979 2384 1472 2439 viderenturznon
1523 2381 1668 2435 enim
1713 2395 1835 2450 qua:

257 2478 434 2531 vicina
463 2477 629 2547 capiti
660 2485 810 2543 sunt,
845 2477 912 2532 ad
945 2477 1108 2546 pedes
1140 2475 1374 2546 quadam
1409 2472 1682 2529 oblivione
1713 2487 1835 2528 sese

254 2568 637 2635 conferebant;
664 2583 839 2639 neque
871 2569 995 2623 colli
1023 2567 1307 2630 vertebrae,
1332 2564 1399 2618 ad
1425 2563 1658 2618 talorum
1686 2576 1835 2617 com-

255 2662 525 2718 missuras
556 2661 879 2717 oberrantes
908 2661 1089 2715 locum
1117 2657 1437 2730 qumrebant
1468 2674 1482 2711 :
1515 2655 1610 2712 sed
1637 2669 1834 2710 unum-

254 2755 512 2826 quodque
539 2755 748 2810 ossium
780 2754 860 2810 sic
885 2793 900 2818 ,
935 2761 1197 2824 tanquam
1235 2749 1587 2821 intelligentia
1635 2747 1832 2818 praedi-

254 2855 369 2902 tum
411 2855 594 2911 esset,
643 2846 834 2914 agitari
885 2844 1249 2916 progredique
1289 2842 1466 2898 visum
1506 2846 1626 2906 est,
1677 2847 1732 2894 et
1764 2838 1832 2892 ad

254 2953 571 3011 compagem
633 2938 1010 2994 adhaerescere
1075 2952 1256 2992 suam.
1313 2933 1588 3000 Quocirca
1650 2939 1833 3002 potest

255 3029 421 3092 Deus.
467 3031 514 3086 si
556 3029 726 3092 lubet,
772 3029 984 3084 animas
1027 3028 1148 3083 sine
1189 3025 1515 3095 corporibus
1545 3024 1825 3078 excitare:
1858 3067 1904 3129 ϐ

253 3122 348 3192 qni
392 3121 447 3175 in
493 3135 560 3176 co
602 3121 744 3172 viam
785 3133 940 3173 snam
982 3132 1046 3170 ac
1089 3116 1384 3186 potentiam
1417 3112 1827 3182 comprobavit,

253 3211 400 3283 quod
429 3209 576 3266 istud
619 3209 796 3279 ipsum
835 3206 980 3279 quod
1013 3208 1248 3262 maxime
1281 3207 1352 3261 ab
1382 3205 1698 3261 hominibus
1732 3205 1830 3260 de-

254 3308 532 3374 speratum
563 3307 729 3361 esset,
763 3298 1093 3354 reviviscere
1121 3306 1246 3352 ante
1285 3304 1478 3354 caztera
1524 3295 1706 3350 omnia
1730 3309 1831 3350 'vo-

255 3393 418 3448 luerit
450 3407 547 3461 per
587 3391 903 3445 mandatum
949 3389 1080 3443 illud
1133 3389 1276 3458 quod
1322 3387 1592 3443 Ezechieli
1642 3387 1830 3441 datum

252 3491 357 3537 est.
391 3481 576 3552 Neque
611 3495 737 3536 vero
775 3480 949 3534 dixit:
979 3479 1138 3547 Jube,
1183 3480 1255 3534 Illi
1299 3479 1561 3542 hominis,
1595 3480 1828 3550 primum

252 3571 510 3628 advenire
538 3571 789 3642 spiritum
819 3589 832 3624 :
862 3569 957 3626 sed
991 3570 1164 3641 prius,
1209 3570 1355 3641 quod
1384 3569 1654 3624 difficilius
1681 3570 1831 3625 vide-

253 3663 444 3728 batur,
487 3661 848 3718 informanda:
902 3661 1025 3718 fidei
1069 3663 1244 3734 gratia
1292 3664 1515 3734 planum
1561 3679 1625 3716 ac.
1671 3663 1831 3718 facile

252 3755 515 3821 reddidit,
559 3755 662 3812 hoc
700 3763 805 3821 est,
856 3770 1086 3826 corpora
1133 3757 1250 3826 ipsa
1296 3755 1723 3826 conglutinavit,
1765 3771 1830 3810 ac

253 3857 366 3902 tum
402 3849 616 3903 animas
651 3847 705 3901 in
735 3862 967 3918 corpora
1002 3847 1188 3902 subire
1211 3848 1401 3917 jussit.
1462 3847 1526 3901 Et
1571 3848 1826 3915 surrexit,

251 3943 450 4012 inquit,
500 3943 680 4013 ingens
719 3942 874 3996 turba
896 3942 936 3996 ³.
991 3938 1179 4011 Itaque
1227 3957 1352 3995 cum
1404 3939 1568 4006 Deus,
1613 3942 1689 3995 uti
1735 3941 1827 3996 de-

251 4045 616 4091 monstratum
663 4043 779 4103 est,
834 4035 1004 4090 vitam
1051 4034 1300 4106 corporis
1355 4033 1666 4099 instaurare
1711 4035 1831 4091 sine

250 4129 430 4184 anima
465 4129 660 4200 possit,
719 4144 921 4200 corpus
965 4136 1144 4182 tamen
1197 4127 1373 4197 ipsum
1418 4142 1515 4197 per
1553 4143 1676 4182 sese
1711 4129 1830 4184 sine

251 4219 432 4272 anima
463 4218 818 4273 condemnari
857 4232 966 4270 non
1007 4224 1210 4285 potest;
1257 4216 1421 4270 habet
1460 4216 1605 4270 enim
1634 4217 1830 4286 justis—

251 4308 447 4363 simam
484 4307 880 4368 defensionem,
921 4320 1084 4374 quam
1117 4307 1381 4360 adversus
1417 4305 1661 4360 divinum
1689 4308 1831 4377 judi-

1937 1841 2088 1909 πρὸς
2120 1840 2432 1910 ἁρμονίαν.
2486 1837 2593 1892 Καὶ
2642 1832 2711 1908 ἦν
2763 1836 3042 1907 Θαυμάσαι
3086 1834 3184 1904 τὴν
3236 1833 3328 1886 τοῦ
3376 1832 3513 1886 Θεοῦ

1935 1931 2188 2001 δύναμιν,
2215 1931 2296 1984 ὄτι
2339 1930 2566 2000 μηδέπω
2598 1928 2706 1982 τῶν
2742 1927 2932 1998 ψυχῶν
2959 1924 3347 1997 ἐμϐληθεισῶν,
3374 1923 3518 1977 ἀλλὰ

1937 2022 2116 2095 ξηρῶν
2151 2021 2323 2076 ὄντων
2349 2023 2578 2085 ὀστέων,
2609 2021 2670 2074 ού
2706 2020 2868 2092 μόνον
2910 2017 3001 2070 τοῦ
3033 2017 3296 2071 κινεῖσθαι
3331 2015 3470 2086 ἔχων
3493 2015 3515 2046 ³

1933 2115 2164 2186 δύναμιν
2202 2115 2294 2167 ἐπὶ
2326 2113 2427 2184 τῆς
2464 2111 2560 2167 τοῦ
2603 2112 2738 2166 Θεοῦ
2769 2109 3040 2183 πράξεως,
3076 2107 3211 2162 ἀλλὰ
3252 2107 3347 2161 καὶ
3384 2123 3514 2159 συν⁴

1936 2208 2108 2272 έσεως
2160 2207 2229 2261 τὰ
2287 2208 2422 2261 ὀστᾶ
2464 2204 2772 2276 ἐνεπλήσθη
2840 2205 2933 2257 καὶ
2982 2200 3236 2271 γνώσεως
3304 2199 3365 2253 ού
3415 2201 3516 2270 τῆς

1936 2299 2208 2370 τυχούσης
2227 2317 2240 2331 ·
2278 2300 2338 2352 οὐ
2368 2298 2478 2369 γάρ
2502 2296 2573 2350 τὰ
2604 2296 2740 2368 πρὸς
2765 2297 2894 2358 τοὺς
2929 2295 3092 2356 πόδας
3125 2292 3306 2356 ὀστέα,
3347 2293 3519 2360 ἐγγὺς

1933 2391 2034 2460 τῆς
2067 2390 2310 2460 κεφαλῆς
2342 2387 2484 2442 κατά
2520 2387 2694 2460 λήθην
2723 2386 2966 2450 ἐϐάδιζεν
2989 2401 3001 2415 '
3033 2383 3151 2436 ούδέ
3176 2383 3226 2436 οἱ
3260 2380 3355 2436 τοῦ
3379 2399 3514 2452 τρα-

1933 2482 2098 2554 χήλου
2123 2479 2426 2544 σπόνδυλοι,
2449 2480 2579 2551 περὶ
2602 2477 2701 2543 τὰς
2728 2477 2836 2531 τῶν
2865 2473 3223 2548 ἀστραγάλων
3249 2473 3516 2546 ἁρμονίας

1938 2572 2280 2644 πλανώμενοι
2333 2571 2426 2624 τὸν
2469 2570 2632 2624 τόπον
2681 2569 2941 2641 ἐζήτουνο
2986 2566 3100 2620 ἀλλ’
3139 2566 3368 2619 ἕκαστον
3402 2563 3514 2617 τῶν

1935 2664 2138 2718 ὀστέων
2172 2662 2267 2716 καὶ
2309 2661 2532 2733 ἐκινήθη
2568 2661 2663 2715 καὶ
2695 2660 2908 2725 ἐϐάδιζε
2953 2657 3095 2712 κατά
3131 2657 3376 2720 σύνεσιν,
3417 2654 3514 2708 καὶ

1934 2759 2000 2828 τῇ
2033 2755 2197 2810 αὐτοῦ
2231 2755 2464 2827 ἁρμονίᾳ
2491 2753 2858 2825 προσετίθετο.
2884 2752 2946 2805 Εἰ
2974 2749 3102 2820 γοῦν
3129 2748 3274 2804 θέλει
3301 2749 3331 2802 ὁ
3355 2747 3511 2810 Θεὸς,

1934 2845 2158 2900 δύναται
2190 2845 2285 2897 καὶ
2318 2843 2547 2914 σώματα
2579 2841 2708 2896 ἀνευ
2734 2840 2911 2912 ψυχῆς
2947 2841 3177 2911 ἐγεῖραι.
3215 2838 3302 2891 Ἐν
3334 2836 3515 2908 τούτῳ

1934 2937 2043 3010 γὰρ
2076 2937 2138 2990 τὸ
2166 2934 2391 2990 δυνατὸν
2433 2933 2599 2988 αὐτοῦ
2642 2932 2860 2998 ἔδειξεν,
2901 2934 2958 2986 ἐν
2987 2930 3065 3002 τῷ
3103 2931 3166 2984 τὸ
3207 2927 3357 3002 παρὰ
3397 2931 3515 2992 τοῖς

1935 3028 2244 3101 ἀνθρώποις
2275 3026 2709 3100 ἀπηλπισμένον,
2754 3027 2932 3079 ἐκεῖνο
2973 3024 3187 3096 πρῶτον
3231 3019 3510 3085 ἀναϐιοῦν,

1932 3119 2022 3174 διά
2046 3120 2107 3174 τὺ
2137 3119 2214 3192 τῷ
2255 3119 2518 3192 Ἱεζεκιὴλ
2563 3117 3008 3190 προστεταχέναι.
3042 3115 3153 3171 Καὶ
3183 3115 3285 3168 οὐκ
3321 3108 3473 3166 εἶπεν
3493 3128 3511 3143 ο

1931 3212 2086 3276 Εἰπὲ,
2113 3212 2196 3264 υἱὲ
2223 3209 2536 3283 ἀνθρώπου,
2565 3209 2781 3281 πρῶτον
2812 3209 2984 3262 ἐλθεῖν
3012 3207 3073 3260 τὸ
3100 3205 3318 3276 πνεῦμα
3337 3221 3350 3234 ⁸
3373 3202 3512 3258 ἀλλά

1935 3301 2075 3372 μετὰ
2104 3301 2166 3354 τὸ
2202 3300 2575 3373 ὲξευμαρῆσαι
2601 3300 2622 3330 ⁵
2651 3298 2712 3354 τὸ
2749 3297 3009 3370 δυσχερὲς
3041 3296 3130 3351 διά
3173 3297 3272 3366 τὴν
3307 3295 3510 3360 πίστιν,

1933 3395 2076 3466 φημὶ
2116 3394 2173 3448 δὲ
2225 3393 2288 3447 τὸ
2344 3393 2414 3447 τὰ
2473 3393 2703 3464 σώματα
2763 3391 3136 3463 συναφθῆναι,
3164 3389 3286 3442 τότε
3335 3405 3510 3458 προσο

1930 3486 2087 3554 έταξε
2113 3486 2213 3550 τὰς
2236 3484 2412 3556 ψυχὰς
2450 3485 2712 3539 εἰσελθεῖν
2744 3485 2824 3549 είς
2850 3483 2988 3538 αύτά
3009 3482 3078 3537 τά
3105 3481 3353 3554 σώματα.
3399 3480 3512 3534 Kal

1931 3577 2180 3645 ἀνέστη,
2217 3578 2370 3648 φησὶ,
2409 3576 2613 3645 πολλὴ
2652 3574 2999 3647 συναγωγή.
3032 3575 3299 3630 Δύνασθαι
3331 3573 3512 3628 τοίνυν

1930 3668 2022 3722 τὸν
2071 3668 2204 3721 Θεὸν
2248 3669 2472 3740 ποιῆσαι
2512 3667 2650 3739 ἔφην
2693 3668 2788 3722 καὶ
2831 3669 2989 3739 σῶμα
3035 3666 3157 3738 δίχα
3181 3666 3360 3737 ψυχῆς
3379 3667 3513 3720 ἀνα-

1932 3759 2102 3826 ϐιοῦν,
2147 3759 2291 3814 καθά
2340 3760 2717 3832 προδέδεικται
2737 3774 2750 3789 ⁸
2778 3759 2891 3813 ἀλλ’
2917 3759 2976 3812 ού
3011 3758 3231 3812 δύναται
3255 3757 3511 3829 κριθῆναι

1931 3850 2092 3905 ἑαυτὸ
2129 3851 2188 3904 τὸ
2235 3851 2428 3923 σῶμα·
2485 3851 2597 3922 ἔχει
2645 3850 2755 3922 γὰρ
2803 3850 3015 3904 δικαίαν
3060 3849 3356 3918 ἀπολογίαν
3395 3846 3510 3917 (46)

1932 3945 2068 4018 πρὸς
2103 3944 2202 4016 τὴν
2242 3944 2336 3999 τοῦ
2393 3944 2528 3998 Θεοῦ
2575 3945 2778 4017 κρίσιν.
2817 3946 3020 4000 Φάσκει
3063 3943 3175 4016 γὰρ
3223 3943 3318 3996 καὶ
3377 3940 3512 3996 αὐτὸ

1930 4034 2124 4104 λέγον·
2163 4033 2260 4089 Ἐκ
2304 4035 2402 4106 τῆς
2430 4035 2607 4106 ψυχῆς
2655 4034 2869 4106 ἐκείνης
2906 4030 2974 4106 ἦν
3017 4037 3051 4105 ή
3089 4034 3338 4106 ἁμαρτία
3360 4074 3375 4098 ,
3409 4034 3511 4086 οὐκ

1929 4125 2080 4197 ήμην
2134 4124 2306 4178 αἴτιον
2360 4124 2512 4193 ἐγώ⁶
2578 4123 2762 4190 ἐξότου
2809 4124 2916 4196 γὰρ
2973 4123 3156 4195 ἐκείνη
3223 4125 3318 4178 ἀπ’
3373 4122 3510 4194 ἐμοῦ

1931 4211 2162 4283 ἀπέστη,
2191 4210 2266 4283 μὴ
2299 4211 2630 4283 ἐμοίχευσα;
2664 4212 2740 4284 μὴ
2763 4214 3093 4284 ἐπόρνευσα;
3127 4213 3201 4285 μὴ
3229 4211 3509 4280 κέκλοφας

1936 4299 2010 4371 μὴ
2044 4301 2536 4372 είδωλολάτρευσας
2583 4303 2658 4374 μή
2703 4321 2756 4357 τι
2791 4303 2897 4357 τῶν
2929 4303 3182 4358 τοιούτων
3211 4303 3510 4375 ἀμπλακη-

253 4400 398 4453 cium
434 4406 710 4468 opponat:
738 4413 862 4452 nam
893 4405 948 4452 et
988 4396 1164 4466 ipsum
1197 4412 1294 4466 pro
1331 4411 1391 4451 se
1424 4397 1567 4452 istud
1592 4399 1828 4469 allegare

1937 4392 2123 4462 μάτων
2160 4394 2536 4467 είργασάμην;
2582 4396 2693 4450 Καὶ
2724 4395 2877 4450 ἔσται
2907 4395 3050 4450 κατά
3093 4395 3186 4450 τὸν
3217 4395 3324 4449 τῶν
3360 4393 3512 4464 φιλο-

253 4488 582 4559 petest:Ab
631 4488 812 4542 anima
860 4487 948 4540 illa
987 4495 1268 4558 peccatum
1315 4503 1477 4542 omne
1523 4488 1825 4558 profectum

252 4588 339 4636 est
368 4598 382 4634 :
415 4594 516 4650 ego
539 4579 669 4650 quid
699 4579 891 4650 potui?
920 4595 1045 4634 nam
1075 4595 1137 4634 ex
1164 4594 1272 4651 quo
1301 4594 1330 4633 a
1358 4595 1444 4635 me
1475 4580 1588 4635 haec
1613 4581 1830 4639 absces-

253 4671 346 4736 sit,
392 4685 523 4725 num
575 4670 906 4725 adulterium
951 4677 1046 4724 aut
1091 4669 1508 4726 fornicationem
1553 4671 1829 4728 furtumve

251 4762 539 4818 commisi?
576 4778 704 4817 num
737 4762 882 4818 idola
911 4761 1096 4816 colui?
1136 4778 1266 4816 num
1296 4771 1617 4818 cmterorum
1653 4764 1830 4818 crimi-

252 4869 381 4909 num
417 4855 634 4924 aliquod
681 4853 1028 4924 perpetravi?
1077 4853 1151 4907 Ita
1191 4868 1254 4908 ex
1301 4854 1664 4922 pervicacium
1697 4854 1829 4911 isto-

253 4963 374 5002 rum
407 4947 676 5002 sententia
709 4943 798 5002 Dei
825 4946 1094 5016 jndicium
1139 4946 1300 4999 inane
1329 4952 1385 4999 et
1414 4944 1602 5000 inutile
1642 4945 1825 4999 fuerit.

252 5037 522 5105 Quocirca
566 5037 644 5091 uti
691 5051 894 5107 corpus
935 5044 990 5092 et.
1023 5036 1202 5090 anima
1236 5036 1287 5088 in
1323 5051 1488 5089 unum
1535 5035 1826 5104 conjuncta

256 5144 422 5184 unum
464 5128 738 5184 hominem
784 5127 1094 5182 conﬂarunt
1137 5142 1166 5180 a
1206 5125 1315 5180 Deo
1350 5125 1672 5194 productum
1703 5145 1716 5180 :
1746 5129 1826 5182 sic

1935 4489 2131 4543 νείκων
2156 4489 2312 4560 λόγον
2339 4491 2621 4564 ἄπρακτος
2658 4495 2692 4566 ἡ
2720 4493 2812 4547 τοῦ
2835 4492 2968 4546 Θεοῦ
3002 4492 3201 4562 κρίσις.
3235 4486 3334 4540 Διὰ
3351 4484 3513 4539 τοῦτο

1935 4579 2009 4644 ὡς
2033 4577 2102 4652 ἦν
2131 4581 2192 4636 τὸ
2221 4582 2379 4654 σῶμα
2400 4585 2491 4638 καὶ
2512 4587 2545 4656 ή
2568 4585 2713 4657 ψυχὴ
2752 4584 3003 4647 σύνθετος
3026 4578 3107 4646 εἷς
3127 4579 3408 4650 ἄνθρωπος
3445 4577 3513 4630 ἐκ

1935 4672 2070 4727 Θεοῦ
2121 4676 2443 4746 γενόμενος,
2498 4673 2653 4742 αὖθις
2699 4681 2727 4732 ὀ
2762 4676 2966 4740 δίκαιος
3009 4673 3200 4746 κριτὴς
3244 4671 3304 4723 τὸ
3350 4667 3512 4738 σῶμα

1935 4765 2160 4837 ἐγείρει,
2193 4769 2285 4821 καλ⁵
2309 4769 2409 4840 τὴν
2442 4771 2622 4842 ψυχὴν
2667 4768 2832 4824 αὐτοῦ
2881 4770 2940 4822 ἐν
2979 4765 3129 4837 αύτῷ
3157 4764 3375 4824 δίδωσι,
3413 4759 3510 4812 καὶ

1932 4856 2107 4922 οὕτως
2152 4859 2338 4914 δικαία
2364 4863 2654 4933 γενήσεται
2686 4865 2718 4933 ή
2749 4859 2845 4914 τοῦ
2889 4858 3025 4912 Θεοῦ
3075 4856 3258 4927 κρίσις
3279 4894 3294 4917 ο
3329 4853 3509 4921 ἀμφο-

1931 4948 2106 5019 τέρων
2140 4951 2537 5005 κοινωνούντων
2557 4991 2571 5017 ,
2609 4952 2641 5022 ἢ
2674 4952 2773 5021 τῆς
2797 4951 2867 5004 δι’
2901 4947 3175 5019 ἁμαρτίας
3201 4939 3472 5012 τιμωρίας
3491 4976 3509 5001 ,

1931 5038 1963 5106 ἢ
2005 5039 2104 5110 τῆς
2153 5041 2220 5094 δι’
2264 5041 2464 5113 ἀρετὴν
2505 5041 2838 5107 θεοσεϐείας,
2902 5039 2998 5094 καὶ¹
3047 5038 3150 5107 τῆς
3209 5031 3511 5107 μελλούσης

1938 5132 2285 5188 ἀποδίδοσθαι
2321 5138 2434 5199 τοῖς
2475 5135 2650 5204 ἁγίοις
2683 5131 3128 5206 μισθαποδοσίας.

233 5227 430 5292 justus
461 5224 551 5279 ille
611 5223 773 5293 jndcx
817 5237 1018 5293 corpus
1055 5221 1277 5286 excitat,
1339 5235 1403 5275 ac
1443 5237 1598 5277 suam
1640 5221 1715 5274 illi
1758 5224 1996 5279 animam
2034 5227 2290 5283 infundit.
2348 5231 2526 5300 Atque
2588 5230 2690 5284 hoc
2725 5240 2884 5299 pacto
2917 5226 3126 5296 justum
3175 5228 3261 5278 est
3286 5216 3383 5274 Dei
3419 5215 3514 5285 ju-

252 5317 478 5381 dicium,
521 5332 644 5371 cum
687 5316 861 5370 ambze
901 5323 1086 5387 partes
1123 5315 1238 5371 sive
1270 5315 1554 5370 constituti
1606 5327 1832 5386 peccato
1873 5321 2151 5390 supplicii,
2184 5322 2299 5378 sive
2328 5324 2514 5395 pietati
2546 5324 2844 5394 virtutique
2868 5336 2932 5376 ac
2973 5317 3213 5375 sanctis
3249 5311 3504 5370 omnibus

255 5410 536 5478 promissae
561 5409 746 5480 gloria:
774 5407 1158 5464 communione
1185 5407 1506 5478 junguntur.

326 5524 341 5554 ¹
377 5521 574 5578 Ezcclt.
601 5538 808 5589 xxxv",
835 5521 888 5578 7.
962 5525 983 5555 ‘
1013 5521 1144 5579 ibid.
1173 5523 1260 5578 I0.
1338 5522 1358 5554 ³
1388 5521 1448 5577 F.
1477 5517 1642 5594 εἶχον.
1719 5523 1740 5556 ⁸
1768 5525 1830 5580 Rt

1935 5524 2017 5591 ἐξε
2026 5526 2303 5597 ρευνῆσαι.

321 5613 636 5694 (ἆθλἝχει
671 5617 780 5685 γὰρ
818 5614 1060 5670 δικαίαν
1103 5614 1455 5684 ἀπολογίαν.
1508 5615 1581 5672 De
1623 5617 1811 5674 eodem

1935 5633 1948 5675 :
2003 5628 2324 5692 argumento
2352 5621 2474 5678 vide
2501 5636 2790 5678 numerum
2856 5620 2923 5675 72
2958 5618 3230 5678 hmrescos
3295 5613 3386 5683 64,
3448 5612 3507 5672 in

253 5683 508 5740 Penuria.

3834 0 3876 372 κ

3877 423 3888 482 ὶ

3882 485 3896 820 1
