3916 6196
386 284 484 336 185

1794 288 1851 342 S.
1884 288 2225 344 EPIPIIANII

3513 283 3610 342 184

385 398 548 452 tritici
577 414 820 468 granum,
845 399 921 452 uel
950 398 1168 451 alterius
1216 396 1429 451 seminis
1474 416 1491 463 ;
1528 398 1663 454 Deus
1698 417 1816 454 vero
1850 402 1942 455 dat

2061 404 2253 456 τίλλων
2275 399 2627 469 σπερμάτων
2657 399 2788 469 (50),
2814 398 2909 452 καὶ
2934 402 2965 452 ό
2992 398 3133 463 Θεὸς
3154 397 3397 451 δίδωσιν
3419 396 3565 452 αὐτὸ
3585 402 3609 435 ⁸

384 488 467 540 illi
497 503 681 555 corpus
711 495 865 556 prout
895 486 1001 539 vult
1026 488 1065 537 ¹.
1098 485 1209 539 lloc
1238 487 1415 555 ipsum
1447 488 1514 541 ad
1543 505 1729 544 eorum
1754 506 1949 560 reprae-

386 581 708 633 sentandam
741 577 967 645 gloriam
1002 577 1093 645 qui
1132 592 1255 630 cum
1289 578 1381 632 illo
1421 580 1709 648 splendore
1738 596 1800 634 ac
1828 583 1949 636 luce

387 669 747 724 resurrecturi
798 675 947 728 sunt,
1001 666 1206 736 injecit.
1256 668 1432 739 Atque
1477 678 1537 723 ut
1577 687 1803 739 granum
1854 688 1949 742 per

388 760 625 828 seipsum
661 759 726 812 ad
766 772 884 812 eam
923 758 1149 826 gloriam
1184 761 1468 828 pervenire
1497 769 1847 824 monstraret,
1894 763 1949 816 in

388 846 679 918 Evangelio
716 849 854 903 dixit
901 851 1041 904 idem
1078 851 1169 919 qui
1216 860 1271 905 et
1304 853 1357 904 in
1402 852 1572 906 Paulo
1600 853 1666 907 de
1704 869 1951 909 resurre-

386 944 569 997 ctione
598 943 898 997 disseruit:
947 942 1071 997 Nisi
1113 961 1335 1013 granum
1380 946 1631 1014 frumenti
1669 947 1860 1001 cadens
1895 948 1949 1000 in

388 1044 611 1101 terram,
663 1045 928 1089 mortuum
975 1035 1162 1103 fuerit,
1213 1037 1384 1090 solum
1431 1049 1640 1094 manet:
1689 1040 1735 1092 si
1777 1048 1951 1092 autem

386 1135 652 1179 mortuum
696 1126 890 1194 fuerit,
936 1127 1161 1179 multum
1188 1127 1419 1194 fructum
1442 1129 1598 1196 affert
1624 1132 1666 1183 '.
1712 1129 1851 1197 Ergo
1894 1140 1951 1185 et

384 1216 682 1284 Apostolus
714 1231 941 1285 granum
972 1217 1292 1282 nominavit,
1324 1229 1377 1272 et
1404 1219 1545 1272 idem
1577 1235 1803 1289 granum
1837 1235 1953 1274 cor-

388 1306 537 1373 poris
578 1305 827 1359 Salvator
871 1321 966 1375 per
1014 1307 1252 1376 seipsum
1300 1310 1558 1364 ostendit.
1601 1310 1740 1375 Quid
1788 1311 1953 1380 igitur

386 1395 570 1450 dicere
596 1398 929 1464 possumus?
964 1397 1153 1453 Nonne
1186 1400 1464 1468 proprium
1494 1401 1670 1470 ipsum
1698 1401 1807 1471 95
1834 1403 1952 1469 ejus

387 1499 611 1553 corpus,
648 1486 749 1540 hoc
792 1493 896 1549 est,
943 1485 1083 1540 idem
1125 1500 1353 1556 granum
1398 1489 1669 1543 surrexit?
1708 1504 1775 1542 an
1808 1488 1951 1542 aliud

388 1582 473 1628 est
505 1573 649 1643 quod
673 1590 738 1629 ex
775 1576 892 1645 ipso
923 1586 1044 1645 post
1069 1579 1308 1633 triduum
1337 1595 1367 1633 e
1400 1578 1651 1647 sepulcro
1676 1579 1955 1633 surrexit?

390 1672 448 1717 ut
472 1664 646 1733 angeli
683 1672 987 1721 testantur:
1026 1667 1288 1734 Surrexit,
1331 1684 1433 1721 non
1461 1677 1537 1721 est
1568 1667 1650 1720 hic
1681 1667 1738 1721 ':
1772 1676 1862 1720 aut
1898 1666 1951 1721 id

388 1756 530 1823 quod
574 1754 755 1810 Maria:
787 1757 957 1812 dicit:
1009 1757 1138 1811 Noli
1170 1776 1248 1813 me
1281 1768 1525 1827 tangere;
1557 1756 1786 1811 nondum
1814 1757 1952 1810 enim
1985 1742 2024 1794 Β

388 1845 600 1899 escendi
636 1847 705 1899 ad
750 1847 967 1902 Patrem
1008 1866 1179 1902 meum
1204 1850 1255 1916 ‘;
1297 1858 1392 1902 aut
1427 1864 1551 1902 cum
1592 1865 1786 1903 manus
1825 1863 1955 1904 suas

391 1949 456 1987 ac
485 1936 631 1991 latus
662 1935 884 1991 Thomas
912 1952 1035 1990 cum
1084 1937 1169 1991 his
1199 1937 1378 1991 verbis
1417 1935 1790 1990 demonstrat:
1826 1934 1957 1988 Noli

388 2042 500 2078 esse
545 2027 845 2081 incredulus
874 2031 917 2080 ⁸.
970 2027 1075 2082 Sed
1121 2036 1216 2081 aut
1264 2025 1562 2080 inﬁdelium
1603 2036 1687 2079 est
1736 2025 1954 2093 penitus

389 2115 538 2167 illum
574 2118 942 2171 resurrexisse
984 2132 1225 2186 negare:
1277 2125 1367 2169 aut
1405 2130 1593 2170 eorum
1628 2116 1721 2184 qui
1760 2114 1954 2184 depra-

386 2211 565 2258 vatam
596 2205 753 2260 ﬁdem
789 2208 1015 2273 habent,
1046 2222 1291 2262 asserere
1319 2222 1426 2260 non
1459 2206 1599 2260 idem
1630 2206 1772 2275 quod
1807 2221 1953 2260 mor-

386 2304 539 2350 tuum
565 2306 650 2352 est
686 2299 1055 2354 resurrexisse
1081 2314 1313 2369 corpus;
1353 2298 1590 2352 lidelium
1626 2298 1844 2352 demum
1870 2305 1953 2351 est

2052 494 2118 545 τὸ
2161 492 2329 560 σῶμα
2367 493 2446 557 ὡς
2482 491 2761 557 ἠθέλησε.
2802 490 2971 542 Τοῦτο
3014 491 3091 551 εἰς
3128 488 3284 554 δόξαν
3327 487 3434 540 τῶν
3471 490 3614 557 ἐγει-
3645 472 3653 480 ’

2053 582 2294 652 ρομένων
2322 584 2379 633 ὲν
2416 581 2730 652 φαιδρότητι
2766 576 3067 631 εἷπεν.⁰’1να
3110 578 3168 631 δὲ
3206 577 3350 647 δείξῃ
3378 578 3468 630 τὸν
3497 578 3618 632 κόκ-

2054 690 2149 726 κον
2184 672 2667 743 προσλαμεάνοντα
2706 671 2801 741 τὴν
2842 671 2998 734 δόξαν
3026 671 3093 723 δι’
3128 671 3343 735 ἑαυτοῦ,
3378 666 3528 723 εἶπεν
3557 674 3617 726 ἐν

2049 764 2127 834 τῷ
2152 763 2469 833 Εὐαγγελίῳ
2497 765 2524 815 6
2547 763 2641 815 καλ⁵
2674 765 2729 815 ἐν
2748 762 2942 830 Παύλῳ
2962 761 3197 831 λαλήσας
3232 778 3297 813 πε
3308 761 3361 829 pl.
3385 762 3619 815 ἀναστά-

2053 868 2227 915 σεως·
2275 853 2415 905 Ἐὰν
2456 850 2541 919 μὴ
2589 853 2621 903 ὀ
2671 853 2888 915 κόκκος
2918 848 3024 902 τοῦ
3065 849 3239 901 σίτου
3276 848 3480 902 πεσὼν
3528 852 3617 915 εις

2052 942 2167 1007 τὴν
2212 940 2330 1009 γῆν
2374 939 2666 1006 ἀποθάνῃ,
2713 940 2878 1008 φησὶ,
2926 939 3114 1007 μόνος
3163 939 3359 1006 μένει·
3397 940 3506 991 ἐὰν
3549 939 3618 991 δὲ

2054 1031 2347 1098 ἀποθάνῃ,
2379 1031 2578 1085 πολὺν
2605 1031 2837 1098 καρπὸν
2864 1029 3045 1097 φέρει.
3076 1031 3216 1099 ’Ἄρα
3240 1028 3369 1097 γοῦν
3394 1032 3421 1082 6
3461 1031 3618 1082 Ἀπό-

2054 1122 2237 1184 στολος
2266 1122 2462 1174 κόκκον
2498 1121 2687 1191 ἔφησε,
2721 1122 2814 1173 καὶ
2834 1122 2861 1173 ὁ
2891 1119 3079 1191 Σωτὴρ
3109 1120 3200 1173 τὸν
3225 1121 3385 1173 αὑτὸν
3419 1121 3617 1173 κόκκον

2051 1210 2146 1264 τοῦ
2182 1209 2433 1280 σώματος
2474 1211 2542 1263 δι’
2576 1210 2741 1263 αὑτοῦ
2790 1209 3058 1273 ἀπέδειξε.
3093 1210 3157 1262 Τί
3203 1206 3295 1263 οὖν
3343 1210 3614 1281 έροῦμενς

2051 1303 2152 1355 οὐκ
2183 1303 2315 1354 αὐτὸ
2340 1302 2402 1354 τὸ
2449 1302 2654 1373 σπαρέν
2688 1301 2818 1354 ἴδιον
2851 1300 3013 1353 αὐτοῦ
3063 1300 3239 1370 σῶμα,
3289 1300 3561 1352 τουτέστιν
3589 1302 3617 1352 6

2053 1394 2280 1471 κόκκος,
2336 1393 2565 1463 ἀνέστη;
2607 1392 2638 1463 ἢ
2694 1393 2877 1462 ἓτερον
2923 1388 2990 1462 ἦν
3036 1391 3097 1443 τὸ
3148 1391 3207 1453 ἐξ
3259 1390 3422 1442 αὑτοῦ
3478 1390 3615 1458 μετά

2052 1485 2348 1555 τριήμερον
2372 1484 2611 1537 ἀναστὰν
2645 1484 2707 1535 ὲκ
2740 1483 2833 1535 τοῦ
2877 1500 2980 1551 μνη
2992 1481 3177 1549 μείους
3208 1481 3281 1543 ὡς
3314 1482 3360 1532 οἱ
3395 1479 3617 1547 ἄγγελοι

2052 1574 2303 1643 λέγουσιν
2320 1591 2334 1605 ⁸
2375 1575 2637 1640 Ἀνέστη,
2668 1576 2776 1627 οὐκ
2798 1574 2967 1627 ἐστιν
2984 1567 3100 1624 ὧδε
3118 1588 3130 1601 ·
3166 1572 3259 1623 καὶ
3283 1570 3357 1633 ῶς
3383 1588 3511 1639 φησι
3546 1573 3613 1639 τῇ

2053 1667 2272 1738 Μαρίῳ
2330 1665 2423 1731 Μή
2479 1683 2596 1735 μου
2638 1664 2865 1719 ἅπτου·
2920 1663 3082 1715 οὔπω
3126 1664 3234 1730 γὰρ
3280 1658 3616 1726 ἀναϐέϐηκα

2054 1755 2202 1823 πρὸς
2236 1755 2342 1809 τὸν
2371 1754 2603 1822 Πατέρα
2623 1771 2772 1822 μου·
2810 1753 2901 1806 καὶ
2927 1753 2999 1814 ὼς
3030 1752 3264 1804 δείκνυσι
3297 1751 3394 1814 τὰς
3429 1754 3617 1823 χεῖρας

2054 1847 2148 1900 καὶ⁵
2180 1847 2280 1916 τὴν
2318 1844 2558 1916 πλευρὰν
2587 1844 2671 1915 τῷ
2706 1845 2895 1915 Θωμᾷ,
2922 1845 3122 1911 λέγων·
3156 1843 3250 1909 Μὴ
3285 1846 3449 1911 γ’νου
3480 1843 3617 1894 dm-

2054 1952 2220 2001 στος.
2286 1935 2423 1988 Ἀλλ’
2475 1937 2718 1990 ἀπίστων
2772 1936 2890 1988 ἐστὶ
2946 1934 3007 1987 τὸ
3054 1935 3226 1987 εἰπεῖν
3288 1934 3441 1993 ὅλως,
3498 1933 3617 1985 Οὐκ

2054 2027 2253 2097 ἀνέστη
2278 2044 2292 2057 ο
2328 2026 2362 2097 ἢ
2398 2026 2492 2079 καὶ
2514 2026 2857 2079 κακοπίστων
2889 2027 3005 2079 ἐστὶ
3036 2027 3097 2079 τὸ
3122 2026 3315 2087 εἰπεῖν,
3345 2024 3457 2075 Οὐκ
3483 2022 3617 2076 αὐτὸ

2053 2116 2115 2170 τὸ
2144 2118 2405 2189 κοιμηθὲν
2454 2118 2651 2189 ἀνέστη
2674 2134 2687 2147 ·
2724 2118 2932 2171 πιστῶν
2960 2117 3017 2170 δέ
3051 2120 3162 2171 ἐστι
3204 2119 3265 2171 τὸ
3314 2122 3507 2188 εἰπεῖν,
3534 2121 3618 2173 ὅτι

2058 2207 2189 2261 αὐτὸ
2207 2207 2267 2260 τὸ
2295 2207 2454 2277 σῶμα
2480 2207 2700 2278 ἀνέστη.
2750 2210 2858 2261 Kal
2884 2209 2990 2261 ἀπὸ
3012 2209 3106 2261 τοῦ
3131 2210 3291 2263 αὑτοῦ
3320 2210 3573 2281 σώματος
3593 2211 3618 2242 ’

2056 2298 2307 2368 ἠγείρετο
2339 2300 2491 2369 ἡμῖν,
2522 2299 2610 2351 ἵνα
2636 2300 2716 2361 είς
2742 2298 2930 2352 ἐλπίδα
2957 2299 3212 2369 ἀληθείας
3238 2304 3506 2371 καταστῇ.

388 2394 676 2456 alIirmare,
708 2393 849 2447 idem
898 2408 1020 2447 esse
1069 2408 1269 2461 corpus
1306 2393 1622 2445 excitatum.
1687 2390 1857 2445 Porro
1912 2405 2036 2445 cum
2073 2392 2260 2448 eodem
2306 2393 2588 2447 nobiscum
2621 2406 2849 2462 corpore
2889 2393 3112 2447 excitari
3144 2393 3332 2456 voluit,
3373 2400 3431 2446 ut
3463 2407 3615 2463 spem

390 2486 547 2541 nobis
584 2486 831 2540 veritatis
854 2486 1138 2540 tribueret.

461 2575 596 2633 XCI.
636 2577 718 2631 Ad
754 2578 1003 2632 eumdem
1047 2579 1247 2649 quippe
1282 2580 1440 2633 linem
1496 2580 1773 2634 clavorum
1807 2580 1953 2635 cica-

391 2668 559 2723 trices
584 2667 820 2737 reliquit,
848 2684 949 2722 nec
970 2668 1091 2723 illas
1121 2669 1338 2722 aholere
1360 2670 1529 2723 voluit
1550 2685 1726 2740 neque
1752 2672 1954 2726 lancea:

394 2759 700 2828 vestigium,
734 2758 949 2812 tametsi
984 2759 1167 2827 januis
1215 2759 1419 2813 clausis
1471 2769 1617 2815 esset
1652 2762 1952 2831 ingressus.

394 2850 603 2904 Etenim
642 2849 788 2920 quod
833 2850 885 2904 in
927 2865 993 2905 eo
1024 2852 1244 2905 carnale
1285 2866 1485 2920 corpus
1533 2860 1670 2919 erat,
1714 2854 1956 2923 spiritale

393 2941 633 2996 surrexit
664 2959 677 2994 :
707 2940 800 2995 sed
832 2956 938 2995 non
979 2942 1124 2995 aliud
1155 2950 1333 2998 tamen
1366 2952 1561 3012 prseter
1592 2943 1643 2996 id
1672 2959 1781 3013 quo
1820 2960 1956 3013 prae-

2127 2579 2243 2644 ιιΑο.
2283 2580 2377 2643 El;
2409 2578 2567 2632 τοῦτο
2618 2578 2728 2647 (51)
2780 2579 2889 2650 γὰρ
2932 2579 3026 2633 καὶ
3060 2580 3185 2642 τοὺς
3213 2580 3412 2645 τύπους
3465 2583 3616 2635 εἴασε

2054 2669 2163 2722 τῶν
2193 2670 2357 2739 ἥλων,
2395 2669 2468 2740 μὴ
2515 2669 2818 2739 ἀπαλείψας
2863 2670 3057 2733 αὐτοὺς
3081 2708 3096 2733 ,
3147 2671 3277 2740 μηδὲ
3316 2672 3407 2724 τὸν
3446 2673 3617 2726 τύπον

2055 2760 2156 2829 τῆς
2202 2759 2432 2830 λόγχης,
2488 2760 2726 2827 καίτοιγε
2779 2760 3034 2814 εἰσελθὼν
3070 2760 3245 2831 θυρῶν
3294 2762 3617 2832 κεκλεισμέ-

2059 2867 2183 2903 νων.
2215 2851 2288 2902 Τὸ
2322 2851 2430 2921 γὰρ
2457 2852 2716 2921 σαρκικὸν
2764 2850 2927 2904 αὑτοῦ
2981 2850 3343 2921 πνευματικὸν
3380 2851 3613 2922 ἀνέστη,

2059 2941 2172 2996 ἀλλ’
2198 2942 2297 2994 οὐκ
2325 2940 2451 2993 ἄλλο
2479 2941 2627 3011 παρά
2651 2941 2711 2992 τὸ
2731 2940 2811 3001 ὃν,
2833 2942 2911 3003 είς
2936 2940 3159 3010 θεότητσ
3192 2941 3501 3001 συνενωθὲν,
3534 2942 3617 3004 εἰς

391 3034 540 3087 ditus
571 3041 710 3092 erat,
747 3031 892 3100 quod
919 3047 1042 3085 cum
1075 3031 1365 3087 Divinitate
1390 3034 1739 3102 conjunctum
1775 3034 1827 3087 in
1850 3035 1954 3103 spi-

2061 3032 2356 3102 λεπτότητα
2399 3031 2703 3101 πνεύματος
2755 3030 3047 3101 κοσμηθέν.
3083 3032 3145 3083 Εἰ
3187 3032 3284 3101 μὲν
3319 3032 3424 3101 γὰρ
3464 3032 3507 3062 ⁸⁸
3547 3027 3616 3101 ἦν

395 3123 607 3175 ritalem
638 3120 928 3190 quamdam
974 3121 1326 3176 subtilitatem
1371 3124 1608 3178 transiit.
1652 3122 1767 3177 Nisi
1811 3125 1955 3179 enim

393 3212 656 3281 spiritalis
683 3212 770 3265 illa
792 3210 1065 3266 subtilitas
1096 3210 1307 3273 fuisset,
1338 3214 1609 3281 quodnam
1641 3222 1797 3268 terra:
1816 3214 1958 3267 fora-

394 3318 522 3355 men
578 3302 845 3355 tantillum
889 3316 1089 3369 corpus
1141 3303 1481 3371 excepisset?
1529 3304 1633 3358 Sed
1677 3304 1957 3361 declarare

394 3392 542 3447 istud
582 3392 793 3445 voluit:
834 3391 1186 3460 Corruptibile
1228 3402 1463 3446 nostrum
1508 3394 1602 3446 hoc
1652 3410 1839 3462 corpus
1875 3395 1957 3447 in-

394 3484 553 3537 duere
586 3485 1030 3551 incorruptionem
1055 3484 1096 3538 ⁶.
1131 3483 1286 3549 Quod
1314 3486 1417 3537 etsi
1452 3488 1680 3539 mortale
1722 3486 1814 3546 sit,
1856 3485 1957 3538 im-

393 3576 723 3632 mortalitate
752 3577 1000 3631 vestitur.
1029 3576 1238 3631 Idcirco
1268 3576 1477 3633 foribus
1502 3578 1737 3633 occlusis
1775 3579 1956 3649 ingre-

392 3668 563 3733 ditur,
595 3676 655 3722 ut
680 3668 824 3739 quod
859 3683 1107 3723 crassum
1136 3683 1200 3723 ac
1229 3678 1541 3723 concretum
1568 3676 1672 3732 est,
1701 3680 1863 3723 tenue
1893 3683 1957 3722 ac

394 3758 627 3826 subtile;
663 3758 809 3829 quod
830 3759 1057 3813 mortale
1095 3768 1199 3824 est,
1236 3758 1571 3824 immortale;
1602 3759 1744 3828 quod
1763 3773 1955 3813 corru-

393 3850 563 3921 ptioni
582 3851 873 3905 obnoxium
891 3851 1226 3912 est,incorru
1236 3857 1382 3919 ptum
1404 3849 1954 3905 monstraret.Verum

395 3949 454 3995 ut
470 3957 659 3997 omnes
675 3943 1020 3997 convinceret
1035 3941 1126 4010 qui
1144 3942 1303 3996 saluti
1323 3949 1540 4005 nostrae,
1562 3942 1663 3996 hoc
1675 3950 1759 3997 est
1775 3957 1957 3996 resur-

394 4034 626 4089 rectioni
655 4034 923 4099 dillidunt,
957 4034 1097 4089 idem
1139 4034 1231 4089 ille
1257 4035 1347 4104 qui
1377 4050 1577 4105 corpus
1600 4036 1653 4089 in
1680 4036 1956 4090 subtilita-

392 4136 499 4179 tem
539 4134 899 4190 converterat,
936 4132 990 4179 et
1025 4126 1480 4180 resurrectionem
1526 4133 1855 4195 temperarat
1902 4125 1955 4177 in

394 4216 668 4285 spiritum,
694 4217 971 4269 clavorum
997 4215 1279 4270 cicatrices
1306 4224 1397 4267 aut
1422 4216 1620 4269 lancea:
1644 4230 1751 4269 non
1779 4222 1958 4270 sustu-

394 4308 475 4370 lit,
516 4305 610 4360 sed
644 4306 784 4359 idem
824 4320 947 4359 esse
992 4304 1199 4365 docuit.
1244 4304 1387 4373 quod
1430 4305 1486 4357 in
1525 4318 1690 4357 cruce
1734 4317 1955 4371 passum

2057 3124 2319 3191 λεπτότης
2368 3121 2697 3191 πνεύματος,
2740 3123 2867 3175 ποία
2910 3123 3013 3192 γῆς
3060 3123 3165 3193 ὀπὴ
3200 3123 3408 3191 ἐδέχετο
3458 3123 3615 3191 σῶμα

2060 3214 2291 3284 μικρόν;
2330 3213 2467 3271 Ἀλλ’
2498 3214 2583 3266 ἵνα
2610 3213 2755 3283 δείξῃ
2788 3216 2869 3267 ὅτι
2899 3214 3028 3266 αὐτὸ
3061 3215 3135 3269 Τὸ
3162 3214 3423 3282 φθαρτὸν
3450 3213 3617 3281 ἡμῶν

2056 3303 2326 3357 ἐνδύεται
2372 3302 2730 3370 ἀφθαρσίαν.
2783 3302 2846 3354 El
2901 3302 3009 3373 γὰρ
3048 3302 3140 3354 καὶ
3191 3302 3381 3371 θνητόν
3428 3304 3612 3367 ἐστιν,

2057 3394 2350 3448 ἀθανασίαν
2410 3391 2673 3445 ἐνδύεται.
2730 3391 2961 3461 Είσῆλθε
3017 3391 3114 3459 μὲν
3170 3391 3347 3462 θυρῶν
3406 3392 3617 3446 κεκλει-

2059 3484 2305 3553 σμένων,
2345 3483 2433 3535 ἵνα
2472 3480 2617 3551 δείξῃ
2662 3480 2722 3533 τὸ
2768 3480 3077 3550 παχυμερὲς
3118 3477 3477 3548 λεπτομερὲς,
3520 3478 3616 3531 καὶ

2056 3575 2116 3629 τὸ
2144 3574 2333 3645 θνητὸν
2362 3572 2625 3627 ἀθάνατον
2646 3612 2659 3635 ,
2700 3572 2792 3625 καὶ
2820 3570 2881 3623 τὸ
2906 3569 3140 3640 φθαρτὸν
3165 3568 3435 3639 ἄφθαρτον
3457 3586 3473 3599 ·
3530 3569 3617 3621 ἴνα

2056 3668 2112 3719 δὲ
2150 3667 2354 3728 πάντας
2401 3664 2592 3735 ἐλέγξῃ
2624 3663 2748 3726 τοὺς
2792 3662 3151 3722 ἀπιστοῦντας
3194 3662 3271 3721 είς
3328 3659 3426 3728 τὴν
3462 3658 3617 3727 ήμῶν

2059 3757 2352 3827 σωτηρίαν,
2390 3756 2531 3824 φημὶ
2560 3754 2615 3806 δὲ
2654 3752 2751 3823 τὴν
2775 3752 3090 3813 ἀνάστασιν,
3122 3750 3151 3801 6
3191 3750 3271 3810 είς
3318 3748 3618 3817 λεπτότητα

2062 3848 2407 3918 μεταϐάλλων
2456 3845 2515 3897 τὸ
2562 3844 2756 3913 σῶμα,
2802 3843 2894 3895 καὶ
2948 3842 3028 3903 είς
3086 3839 3297 3908 πνεῦμα
3354 3837 3617 3906 συγκερά-

2060 3954 2158 3999 σας
2204 3936 2305 4007 τὴν
2357 3935 2685 3996 ἀνάστασιν,
2721 3931 2819 3983 ούκ
2859 3930 3124 4001 ἀπήλειψε
3165 3929 3263 3991 τὰς
3302 3928 3462 3989 οὐλὰς
3508 3925 3616 3978 τῶν

2057 4028 2200 4098 ἥλων
2221 4066 2235 4089 ,
2269 4026 2388 4079 οὐδὲ
2419 4025 2510 4078 τὸν
2542 4025 2708 4076 τύπον
2737 4022 2832 4090 τῆς
2860 4021 3084 4089 λόγχης·
3114 4019 3226 4073 ἀλλ’
3264 4017 3459 4082 ἔδειξεν
3487 4014 3617 4069 αὐτὸ

2060 4122 2151 4173 ἐπὶ
2197 4119 2290 4172 τοῦ
2344 4115 2577 4187 σταυροῦ
2624 4113 2924 4177 πεπονθὸς,
2980 4114 3061 4165 ὅτι
3123 4111 3222 4163 οὐκ
3266 4109 3391 4162 ἄλλο
3438 4103 3503 4177 ἦν
3557 4105 3617 4157 τὸ

2060 4210 2317 4270 ἀναστὰν,
2345 4209 2465 4261 οὐδὲ
2505 4206 2600 4259 ἀπ’
2628 4204 2792 4257 αὑτοῦ
2839 4204 3024 4273 ἕτερον
3058 4202 3208 4269 φυὲν,
3248 4198 3362 4251 ἀλλ’
3394 4196 3521 4249 αὐτὸ
3560 4195 3618 4248 τὸ

2062 4301 2327 4362 πεπονθὸς
2351 4298 2575 4360 ἀπαθὲς,
2601 4299 2695 4349 καὶ
2714 4294 2874 4356 αὐτὸς
2895 4297 2922 4346 6
2945 4292 3123 4346 πεσὼν
3146 4292 3340 4351 κόκκος
3364 4287 3617 4351 ἀναστὰς,

396 4402 582 4459 postea
614 4394 948 4460 resurrexit;
992 4408 1169 4462 neque
1196 4408 1323 4448 vero
1362 4392 1508 4447 aliud
1538 4408 1603 4446 ex
1637 4392 1755 4461 ipso
1797 4406 1954 4446 coor-

2062 4391 2300 4453 ἀναστάς
2328 4391 2383 4442 δὲ
2426 4389 2719 4458 ἄφθαρτος.
2750 4386 2858 4437 Καὶ
2892 4385 2977 4436 ἵνα
3011 4384 3169 4436 πάλιν
3208 4382 3281 4451 μὴ
3312 4378 3622 4448 νομίσωμεν

395 4494 531 4546 tum,
565 4499 750 4538 verum
778 4484 881 4538 hoc
909 4485 1107 4553 ipsum,
1139 4484 1284 4553 quod
1311 4498 1627 4553 perpessum
1656 4490 1793 4546 erat,
1836 4498 1957 4550 per-

395 4572 669 4640 pessionis
692 4588 887 4640 expers
915 4588 1038 4627 esse
1064 4572 1264 4626 factum
1288 4590 1301 4638 ;
1327 4580 1381 4626 et
1406 4572 1545 4626 idem
1576 4570 1721 4640 quod
1743 4571 1956 4626 cecide-

394 4670 500 4724 rat,
532 4662 627 4716 sed
673 4662 1045 4733 incorruptum
1088 4664 1459 4719 resurrexisse
1491 4677 1742 4731 granum.
1778 4663 1855 4716 Ac
1888 4678 1956 4718 ne

392 4756 533 4809 forte
571 4766 777 4824 partem
819 4756 1085 4810 duntaxat
1116 4755 1260 4811 illius
1287 4756 1571 4811 excitatam
1612 4768 1732 4808 esse
1765 4753 1955 4806 creda-

394 4861 536 4909 mus,
567 4846 694 4900 licet
718 4855 890 4900 totum
928 4848 1105 4917 ipsum
1146 4848 1551 4915 corruptionem
1598 4860 1706 4896 non
1735 4842 1952 4906 viderit,

392 4946 565 4991 totum
594 4938 950 4992 nihilominus
989 4937 1307 4992 resurrexit.
1346 4935 1617 5003 Scriptum
1658 4933 1801 4986 enim
1829 4939 1949 4984 est:

390 5029 674 5095 Surrexit,
719 5045 821 5082 non
850 5038 926 5082 est
960 5028 1041 5081 hic
1062 5029 1105 5081 ⁷.
1138 5028 1276 5082 Vere
1310 5041 1440 5095 ergo
1474 5024 1707 5081 surrexit
1736 5043 1747 5077 :
1780 5036 1954 5091 neque

468 5211 482 5241 ¹
518 5210 559 5261 ll
593 5212 720 5265 Cor.
758 5226 844 5271 xv,
870 5206 1052 5261 56-58.
1163 5208 1182 5236 ’
1205 5206 1362 5259 Joan.
1393 5202 1597 5265 xu,‘24.

1700 5202 1720 5232 ³
1754 5200 1919 5254 Marc.
1949 5216 2059 5264 xvi,
2084 5201 2135 5253 6.

2066 4482 2229 4553 μέρος
2263 4498 2314 4534 τι
2349 4479 2643 4549 έγηγέρθαι
2672 4479 2729 4545 ἐξ
2751 4476 2936 4540 αὑτοῦ,
2963 4476 3093 4529 αὐτὸ
3122 4474 3218 4544 μὲν
3247 4472 3364 4525 ὅλον
3395 4470 3495 4521 οὐκ
3514 4464 3622 4519 εἶδε

2063 4570 2385 4641 διαφθορὰν,
2444 4569 2558 4621 ἀλλ’
2616 4565 2747 4619 αὐτὸ
2804 4564 2924 4616 ὃλον
2992 4562 3209 4630 ἀνέστη.
3269 4559 3428 4627 Λέγει
3470 4557 3617 4627 γάρ·

2074 4659 2340 4725 Ἀνέστη,
2367 4658 2477 4710 οὐκ
2502 4656 2671 4709 ἔστιν
2692 4647 2828 4705 ὦδε.
2870 4650 3159 4720 Ἀληθινῶς
3192 4649 3409 4720 ἀνέστη,
3442 4650 3536 4701 καὶ
3562 4648 3625 4701 ού

2069 4749 2392 4818 σφάλλονται
2421 4747 2475 4800 αἱ
2510 4746 2746 4817 Γραφαὶ,
2783 4740 2937 4797 οὖσαι
2967 4740 3205 4811 ἡμετέρα
3243 4739 3376 4810 ζωή.
3408 4740 3511 4793 Kal.
3541 4741 3629 4792 ἵνα

2070 4841 2143 4911 μὴ
2195 4838 2429 4910 εὕρωσιν
2484 4838 2535 4889 οἱ
2578 4835 2915 4906 ἠπατημένοι
2966 4830 3277 4902 πρόφασιν,
3320 4828 3483 4880 ὀστέα
3532 4830 3631 4880 καὶ

2067 4929 2244 4998 σάρκα
2286 4926 2451 4992 ἔδειξε
2500 4925 2579 4995 τῷ
2626 4925 2823 4994 Θωμᾷ,
2858 4922 2951 4975 καὶ
2986 4924 3097 4984 τοῖς
3146 4919 3408 4989 μαθηταῖς
3459 4915 3627 4968 αὑτοῦ

2061 5020 2272 5089 ἐλεγεν’
2340 5015 2525 5073 ἰδετέ
2583 5033 2659 5085 με
2720 5015 2809 5069 ὅτι
2866 5014 2980 5084 ἐγώ
3028 5016 3174 5082 εἰμι’
3238 5009 3467 5076 πνεῦμα
3514 5004 3630 5074 γὰρ

2240 5198 2439 5254 ‘Joan.
2472 5213 2563 5261 xx,
2600 5195 2687 5247 l7.
2762 5193 2783 5224 ⁵
2811 5192 2939 5247 ibid.
2970 5192 3062 5245 27.
3140 5191 3160 5221 ⁸
3197 5185 3365 5241 lCor.
3398 5200 3486 5250 xv,
3534 5183 3629 5239 53.

388 5279 407 5309 "
452 5278 621 5333 Mare.
657 5296 771 5341 xvr,
799 5270 851 5331 6’.
928 5278 949 5309 ⁸
981 5276 1043 5353 F.
1074 5275 1241 5343 αὐτῷ.
1320 5276 1339 5307 ⁹
1374 5273 1434 5328 F.
1467 5272 1737 5343 χώματος.
1785 5273 1823 5302 ‘°
1858 5270 1918 5325 F.

2061 5270 2183 5340 γάρ.

464 5432 576 5501 (ςέο)
620 5433 675 5485 ln
708 5431 946 5501 Epistula
974 5430 1146 5500 prima
1167 5428 1247 5501 ad
1272 5430 1585 5501 Corinthios
1614 5444 1733 5499 cap.
1761 5426 1965 5501 κιρ-38,

395 5497 649 5563 legimus.
693 5497 841 5554 ’(Υδὲ
875 5497 1009 5564 Θεὸς
1046 5498 1199 5568 αὑτῷ
1232 5499 1413 5552 δίδωσι
1454 5500 1629 5569 σῶμα,
1662 5497 1768 5555 etc.
1817 5497 1969 5552 Unde

392 5570 650 5625 dictionis
684 5572 876 5626 vitium
925 5573 992 5629 ab
1046 5570 1146 5624 hoc
1188 5570 1470 5642 Epiphanii
1518 5572 1639 5626 loco
1676 5583 1968 5639 possumus

394 5653 661 5697 θιιιογυῖε,

2144 5424 2257 5494 (51)
2296 5423 2425 5490 Quae
2452 5422 2639 5494 hocet
2688 5415 3201 5494 sequenti_nu_mer_o
3228 5412 3522 5494 Ancoratus
3544 5407 3635 5494 le-

2076 5480 2445 5563 gtmtu'rfvidc
2467 5492 2673 5563 iisdem
2717 5480 2849 5563 fere,
2884 5486 2967 5538 vel
3016 5484 3286 5563 siritilibus
3323 5480 3631 5563 verbi‘stex-

2076 5547 2250 5633 posita
2279 5547 2331 5633 et
2368 5562 2420 5614 in
2462 5560 2692 5615 Panario
2723 5547 3098 5616 sub’numeris
3139 5552 3206 5609 64
3234 5558 3287 5608 et
3319 5549 3388 5606 65
3441 5547 3637 5618 Orige-

2072 5632 2246 5690 nianm
2280 5632 2563 5687 haereseos.
