3916 6196
276 267 383 326 185

1713 287 2030 346 ANCORA'I
2048 292 2156 348 US.

3460 309 3565 365 ἰεῦ

277 383 466 438 ὀστέα
516 385 614 440 καὶ
653 387 857 456 σάρκα
889 389 1002 444 οὐκ
1033 392 1180 461 ἔχει,
1229 396 1424 462 καθὼς
1465 398 1571 468 ἐμὲ
1617 403 1852 472 θεωρεῖτ

1989 405 2141 462 lalsae
2177 414 2309 462 sunt
2333 407 2654 481 Seripturac,
2687 412 2889 483 quibus
2925 416 3074 472 salus
3099 425 3286 473 nostra
3314 421 3565 476 contine-

275 475 522 544 ἔχοντα.

277 581 413 623 ossa
469 575 630 638 atque
673 583 898 624 carnem
939 571 1168 629 Thomte
1245 592 1310 630 ac
1353 581 1568 637 caeteris
1609 583 1901 655 discipulis
1939 588 2234 644 ostendens
2280 608 2294 645 :

1978 501 2088 551 tur.
2119 498 2223 552 Sed
2256 515 2325 554 ne
2347 500 2621 558 haereticis
2645 505 2954 561 occasionis
2979 508 3313 576 praeberetur
3335 511 3561 581 aliquid,

2358 589 2536 644 Videte
2579 610 2684 659 me,
2741 594 2938 664 inquit,
2981 599 3229 666 quoniam
3280 616 3372 670 ego
3415 618 3561 670 sum;

278 663 507 730 spiritus
535 665 668 717 enim
691 681 816 720 ossa
841 676 891 720 et
921 683 1133 723 carnem
1162 688 1264 725 non
1292 673 1464 740 habet,
1507 677 1644 732 sicut
1677 696 1757 734 me
1793 683 1978 736 videtis
2007 682 2196 738 habere
2217 684 2258 738 ⁸.

359 753 473 820 ι,Β’.
523 756 641 808 Ἐὰν
663 757 720 809 δέ
757 776 841 821 τις
887 761 1241 833 σοφιζόμενος
1280 767 1409 839 εἷπῃ
1431 785 1442 798 ·
1491 769 1653 826 Ἀλλὰ
1681 774 1743 826 τὸ
1778 773 1874 827 τοῦ

282 841 538 912 Σωτῆρος
575 845 727 914 ἡμῶν
785 846 946 917 σῶμα
1002 850 1284 923 ἐξαίρετον
1330 851 1420 927 ἦν,
1471 859 1559 914 διὰ
1607 862 1668 914 τὸ
1714 863 1873 933 μόνον

281 933 634 1001 συνειλῆφθαι
678 937 789 989 ἀπὸ
831 940 1051 1011 Μαρίας
1096 945 1192 997 καὶ
1224 947 1397 1017 χωρὶς
1432 951 1747 1021 σπέρματος
1783 956 1876 1008 ἀν-

275 1023 438 1094 δρός·
474 1025 590 1077 ἀλλ’
618 1027 801 1092 οὐδεὶς
829 1029 942 1100 εχει
971 1033 1134 1086 τοῦτο
1166 1020 1363 1101 ειπεῖν,
1398 1039 1519 1091 οὐδὲ
1565 1041 1871 1108 ἀποδεῖξαι.

288 1115 416 1207 Ἐὰν
450 1114 508 1166 δέ.
550 1134 635 1179 τις
669 1118 830 1173 πάλιν
881 1123 1236 1194 σοφιζόμενος
1285 1129 1411 1200 είπῃ
1435 1147 1447 1160 ·
1485 1131 1558 1185 Τὸ
1591 1133 1687 1187 τοῦ
1734 1137 1871 1207 Χρι-

276 1201 406 1254 στοῦ
443 1204 606 1274 μόνον
627 1207 758 1296 ,ὅλον
786 1211 1014 1283 ἀνέστη,
1055 1213 1119 1266 τὸ
1145 1215 1203 1268 δὲ
1235 1219 1394 1289 ἡμῶν
1432 1221 1532 1276 οὐκ
1567 1224 1697 1278 αὐτὸ
1727 1201 1872 1296 ἐγεί-

275 1305 472 1359 ρεται,
522 1293 639 1347 ἀλλ’
706 1297 823 1350 ἀντ’
874 1300 1041 1355 αὑτοῦ
1101 1303 1322 1377 ἕτερον·
1383 1310 1502 1375 πῶς
1549 1309 1649 1366 οὖν’
1689 1293 1870 1385 λέγει,

286 1382 548 1474 Ἀνέστη
612 1389 870 1456 Χριστὸς
921 1392 1163 1464 ἀπαρχὴ
1218 1396 1336 1451 τῶν
1379 1382 1868 1474 κεκοιμημένωνξ

274 1472 537 1566 Ῑξέκνεστιξ
562 1477 653 1528 καὶ
672 1479 804 1566 auso
831 1481 890 1534 τὸ
915 1483 1073 1554 σῶμα
1089 1486 1332 1556 ἀπαρχὴ
1352 1489 1461 1544 τῶν
1482 1472 1866 1566 ἐγειρομένων.

273 1560 402 1624 Πῶς
426 1561 481 1613 δὲ
505 1563 747 1634 ἀπαρχὴ
775 1567 968 1637 γέγονε
991 1572 1227 1643 Χριστὸς
1252 1573 1371 1628 τῶν
1393 1560 1858 1649 easnotu-querar,

2046 777 2156 847 96
2192 776 2349 832 XCII.
2396 779 2551 844 Quod
2590 781 2636 835 si
2668 781 2792 850 quis
2822 783 3145 838 calumniari
3180 786 3306 839 velit
3340 795 3394 841 et
3428 789 3562 858 obji-

1975 866 2117 931 ciat,
2180 867 2481 925 Salvatoris
2523 872 2698 928 nostri
2755 888 2958 943 corpus
3013 877 3225 930 eximiae
3274 878 3559 947 cujusdam

1983 954 2156 1012 fuisse
2181 961 2535 1027 conditionis,
2583 963 2730 1031 quod
2767 965 2943 1018 solum
2978 980 3008 1019 c
3052 965 3220 1019 Maria
3263 967 3380 1023 sine
3412 969 3558 1024 virili

1976 1057 2103 1102 satu
2136 1059 2455 1120 susceptum
2482 1052 2683 1111 fuerit:
2712 1071 2991 1124 nunquam
3019 1056 3150 1111 illud
3181 1058 3449 1116 aﬁirmare
3476 1063 3558 1116 vel

1976 1142 2360 1197 demonstrare
2389 1145 2610 1213 poterit.
2652 1145 2758 1200 Sed
2805 1147 3042 1203 fortasse
3075 1150 3347 1220 quispiam
3380 1154 3554 1209 cavil-

1975 1231 2076 1285 lari
2107 1233 2266 1289 aliter
2293 1236 2542 1301 studens,
2581 1237 2757 1290 solum
2787 1237 2994 1292 Christi
3027 1255 3227 1310 corpus
3262 1251 3430 1297 totum
3467 1261 3554 1300 re-

1973 1326 2281 1380 surrexisse
2305 1326 2487 1384 dicet:
2515 1335 2766 1383 nostrum
2793 1344 2926 1382 vero
2948 1344 3056 1384 non
3091 1332 3254 1396 idem,
3285 1335 3376 1388 sed
3405 1335 3552 1394 aliud

1971 1414 2092 1483 ejus
2131 1415 2256 1469 loco
2285 1431 2597 1486 resurgere.
2635 1415 2840 1471 Verum
2867 1421 3141 1487 quomodo
3175 1421 3290 1475 haec
3324 1423 3551 1493 intelligi

1973 1514 2230 1575 poterunt
2255 1527 2267 1561 :
2296 1506 2540 1563 Surrexit
2563 1508 2808 1564 Christus
2830 1513 3083 1580 primitia:
3103 1512 3476 1568 dormientium
3493 1517 3551 1569 5?

1976 1595 2117 1651 lllud
2146 1612 2277 1668 ergo
2316 1613 2522 1668 corpus
2564 1615 2755 1655 eorum
2802 1603 2897 1672 qui
2934 1613 3246 1674 resurgunt,
3285 1607 3549 1675 primitias

272 1651 623 1721 μαθέτωσαν,
648 1657 741 1709 καὶ
764 1658 839 1730 μὴ
867 1659 1027 1713 πάλιν
1054 1663 1134 1726 εἰς
1155 1663 1322 1735 ἄλλην
1351 1665 1560 1739 πλάνην
1588 1671 1852 1740 τραπῶσι1

2155 1651 2168 1653 _
2208 1651 2238 1668 υ
2806 1651 2897 1672 γ-
2936 1651 3246 1674 -----,,----,
3285 1651 3549 1675 ,,.-..---...-

1963 1702 2086 1743 esse
2114 1689 2364 1744 conﬁteri
2385 1691 2669 1746 debemus.
2693 1690 2812 1744 Jam
2841 1708 2970 1748 vero
2998 1695 3274 1764 quomodo
3300 1698 3550 1764 primitiae

269 1743 371 1797 καὶ
391 1744 657 1814 νομίσωσι
679 1748 774 1812 τὰς
798 1749 964 1814 ἄλλας
981 1752 1202 1823 Γραφὰς
1225 1755 1536 1825 ψεύδεσθαι.
1562 1761 1676 1831 Πρὸ
1697 1763 1860 1816 αὑτοῦ

268 1834 383 1906 γὰρ
414 1837 603 1906 ἤγειρε
635 1839 727 1892 τὸν
749 1841 1021 1913 Λάζαρον,
1053 1846 1149 1898 καὶ
1181 1847 1273 1901 τὸν
1298 1849 1411 1904 υἱὸν
1439 1852 1536 1922 τῆς
1567 1855 1741 1924 χήρας
1762 1856 1862 1926 τῆς

270 1927 334 1978 ἐν
374 1931 444 1996 τῇ
482 1929 656 1999 Ναῖμ.
697 1932 808 1985 Καὶ
865 1934 1049 1999 Ἠλίας
1089 1937 1277 2008 ἤγειρε
1315 1942 1543 2012 νεκρόν·
1591 1945 1727 1999 ἀλλὰ
1765 1949 1861 2000 καὶ

279 2017 590 2084 Ἐλισσαῖος
611 2019 706 2074 δύο
729 2023 916 2098 ἧγειρε
944 2029 1190 2098 νεκροὺς,
1215 2030 1311 2084 ἕνα
1341 2031 1441 2102 μὲν
1468 2033 1549 2086 ἔτι
1579 2038 1856 2106 περιόντα,

264 2107 369 2161 ἕνα
397 2108 748 2178 δὲηταφέντα.
794 2113 933 2167 Ἀλλ’
965 2118 1164 2170 ἐκεῖνοι
1197 2119 1294 2188 μὲν
1335 2122 1671 2189 ἀναστάντες
1698 2128 1858 2182 πάλιν

259 2200 588 2270 τεθνήκασι,
627 2205 969 2275 προσδοκῶσι
1011 2209 1068 2262 δὲ
1121 2211 1216 2282 τὴν
1263 2212 1392 2282 μίαν
1421 2217 1517 2268 καὶ
1561 2216 1857 2290 καθολικὴν

261 2291 582 2347 ἀνάστασιν.
626 2295 681 2348 ὐ
728 2296 784 2350 δὲ
820 2299 1047 2369 Χριστὸς
1081 2303 1324 2373 ἀπαρχὴ
1352 2304 1472 2359 τῶν
1508 2311 1860 2379 κεκοιμημέ-

258 2399 411 2448 νων,
430 2384 513 2436 ὅτι
543 2386 814 2455 ἀναστὰς
843 2390 1430 2461 οὐκέτιάποθνήσκει
1449 2399 1582 2469 (52),
1599 2400 1856 2469 θάνατος

261 2472 459 2526 αὑτοῦ
481 2475 682 2530 οὐκέτι
709 2481 989 2547 κυριεύει,
1017 2483 1156 2536 κατὰ
1175 2483 1237 2537 τὺ
1255 2490 1655 2559 γεγραμμένον.
1675 2492 1856 2558 "Anci

260 2563 378 2633 γὰρ
417 2566 687 2620 ἀπέθανεν
726 2569 865 2641 ὑπὲρ
907 2572 1085 2642 ἡμῶν,
1123 2575 1426 2646 ὑπομείνας
1453 2580 1513 2632 τὸ
1563 2582 1734 2646 πάθος
1766 2586 1858 2639 διὰ·

256 2657 517 2727 ἡμέτερα
559 2657 704 2730 πάθη
728 2675 742 2690 ο
775 2661 922 2728 ἅπαξ
972 2663 1237 2732 ἐγεύσατο
1285 2667 1552 2734 θανάτου,
1593 2672 1851 2728 θανάτου

256 2741 335 2793 δὲ
361 2745 725 2811 σταυρικοῦ,
766 2743 909 2801 ἑκὼν
941 2750 1010 2803 δι’
1065 2755 1214 2822 ἡμᾶς
1250 2758 1278 2808 ό
1328 2753 1501 2825 Λόγος
1551 2760 1719 2814 ἐλθὼν
1774 2766 1852 2827 εἰς

257 2833 499 2888 Θάνατον
523 2876 538 2901 ,
587 2837 672 2889 ἵνα
715 2838 927 2911 θανάτῳ
957 2842 1187 2899 θάνατον
1236 2846 1556 2923 θανατώσῃ,
1590 2855 1622 2906 ὀ
1660 2856 1856 2924 Λόγος·

261 2927 430 2994 σὰρξ
461 2929 806 2996 γενόμενος,
838 2932 898 2984 οὐ
952 2933 1177 3005 πάσχων
1211 2939 1270 2991 ἐν
1315 2941 1381 3010 τῇ
1434 2940 1670 3011 θεότητι,
1714 2962 1851 3014 συμ-

1963 1775 2340 1831 dormientium
2369 1779 2625 1836 Christus
2657 1780 2842 1846 fuerit,
2876 1783 3116 1846 discant,
3146 1785 3190 1839 si
3217 1786 3424 1854 placet;
3449 1802 3550 1841 nec

1962 1880 2022 1922 se
2059 1869 2180 1923 aliis
2209 1871 2493 1927 erroribus
2517 1871 2824 1940 implicent,
2862 1885 2956 1925 aut
2988 1882 3218 1928 cmteras
3251 1874 3548 1944 Scriptura;

1961 1966 2148 2027 partes
2181 1962 2476 2017 mendaces
2517 1962 2882 2017 arbitrentur.
2920 1964 3064 2018 Ante
3105 1979 3165 2019 se
3191 1966 3336 2020 enim
3373 1966 3547 2021 Laza-

1958 2064 2081 2102 rum
2139 2050 2432 2116 excitavit,
2485 2060 2539 2106 et
2575 2052 2747 2106 vidua:
2799 2069 2922 2122 qua:
2973 2055 3117 2123 apud
3169 2054 3325 2108 Naim
3383 2065 3542 2123 erat,

1963 2140 2160 2194 ﬁlium.
2214 2140 2398 2197 Helias
2437 2143 2566 2197 item
2607 2152 2884 2197 mortuum
2932 2146 3207 2199 revocavit
3237 2147 3302 2198 ad
3339 2147 3541 2215 vitam;

1957 2231 2098 2286 duos
2139 2231 2375 2295 Eliseus,
2416 2234 2648 2288 alterum
2689 2233 2933 2288 nondum
2987 2235 3140 2289 humi
3193 2237 3539 2304 mandatum,

1956 2321 2192 2376 alterum
2224 2322 2338 2391 jam
2376 2324 2672 2393 sepultum.
2720 2325 2827 2380 Sed
2869 2325 2948 2380 illi
2988 2342 3016 2379 a
3047 2327 3282 2383 mortuis
3318 2327 3540 2381 excitati

1957 2419 2190 2468 mortem
2217 2429 2414 2468 rursus
2445 2415 2724 2481 obierunt,
2755 2425 2810 2472 et
2841 2418 3068 2472 alteram
3101 2431 3166 2470 ac
3191 2432 3540 2471 communem

1955 2501 2199 2555 onmium
2239 2503 2700 2558 resurrectionem
2738 2515 3058 2576 exspectant
3085 2524 3097 2560 :
3125 2504 3380 2560 Christus
3411 2519 3543 2560 vero

1951 2593 2198 2659 primitiis
2263 2593 2638 2648 dormientium
2670 2595 2894 2662 dicitur,
2930 2596 3075 2665 quod
3126 2595 3213 2650 ubi
3253 2597 3541 2649 resurrexit

1954 2699 2058 2735 non
2085 2683 2314 2750 amplius
2343 2685 2626 2750 moriatur,
2653 2701 2745 2738 nec
2771 2686 2820 2739 ei
2843 2703 2984 2739 mors
3007 2687 3152 2739 ultra
3172 2687 3472 2740 dominetur
3494 2686 3537 2740 °.

1953 2772 2201 2830 Mortuus
2238 2776 2443 2847 quippe
2475 2775 2644 2831 semel
2676 2784 2793 2841 est;
2830 2787 2884 2832 et
2907 2778 2978 2832 ob
3011 2786 3226 2832 nostras
3253 2778 3542 2847 passiones

1954 2864 2264 2933 passionem
2299 2866 2402 2921 iste
2431 2873 2624 2920 nostra
2652 2880 2819 2921 causa
2846 2867 3137 2921 sustinuit.
3185 2866 3413 2920 Mortem
3447 2883 3539 2921 se-

1952 2957 2058 3012 mel
2081 2957 2411 3027 degustavit,
2436 2967 2655 3012 mortem
2681 2967 2855 3012 autem
2878 2959 3050 3012 crucis
3074 2958 3093 2989 ⁷
3115 2975 3131 3025 ;
3159 2972 3222 3012 ac
3248 2971 3348 3027 pro
3375 2957 3538 3011 nobis

257 3022 494 3088 ’πάσχων
543 3020 600 3073 δὲ
634 3023 772 3092 μετὰ
807 3025 906 3094 τῆς
957 3027 1409 3100 ἀνθρωπότητος,
1456 3034 1628 3099 πάθος
1651 3038 1671 3067 ³
1700 3037 1848 3108 αὐτῷ

257 3105 280 3124 η
395 3108 446 3124 νο
717 3112 728 3124 ι
807 3111 832 3121 ο
870 3113 910 3124 λι
1008 3116 1019 3124 ι
1253 3119 1263 3124 -
1354 3121 1363 3124 _
1385 3120 1400 3124 Α
1563 3123 1569 3124 ,

1961 3046 2097 3100 ultro
2141 3020 2304 3101 morti
2355 3020 2476 3103 sese
2513 3045 2748 3102 Verbum
2803 3046 2938 3101 illud
2985 3020 3207 3115 objeeit,
3249 3020 3322 3099 ἰιι
3361 3053 3540 3100 morte

254 3105 638 3178 λογιζόμενον,
669 3111 835 3164 aii-106
865 3113 921 3167 δὲ
955 3116 1208 3184 μένοντος
1249 3119 1307 3172 ἐν
1341 3120 1609 3194 ἀθανασίᾳ
1632 3143 1645 3154 ·
1687 3127 1848 3190 αὐτὸς

255 3199 371 3269 γὰρ
401 3195 577 3266 εἶπεν,
624 3201 770 3272 Ἐγώ
800 3207 914 3273 εἰμι
951 3208 988 3275 ἠ
1020 3205 1151 3276 ζωή.
1188 3209 1323 3263 Οὔτε
1353 3212 1439 3266 διὰ
1492 3217 1688 3287 σαρκὸς
1717 3219 1847 3288 ἡμῖν

253 3291 294 3360 ἠ
334 3291 524 3354 ἐλπίς·
573 3293 1039 3365 Ἐπικατάρατος
1083 3301 1224 3372 γὰρ,
1273 3303 1468 3373 φησὶν,
1526 3307 1558 3362 ό
1593 3306 1849 3369 ἐλπίζων

253 3379 353 3432 ἐπ’
379 3380 699 3449 ἄνθρωπον
718 3402 732 3414 ·
767 3385 864 3438 καὶ
885 3386 1055 3440 ἔσται
1080 3389 1160 3455 ὼς
1188 3390 1257 3443 ἐν
1289 3392 1700 3464 ἀῃοιομυρίκῃ.

253 3473 457 3544 inquit,
484 3477 593 3530 vita
617 3477 659 3532 ’.
689 3476 874 3548 Neque
922 3481 974 3534 in
1028 3496 1191 3538 carne
1222 3501 1346 3555 spes
1390 3496 1574 3544 nostra
1629 3493 1923 3552 consistit:

249 3567 398 3620 enim
429 3578 681 3637 tanquam
715 3571 768 3624 in
804 3571 1029 3627 silvestri
1063 3577 1262 3644 myrica
1293 3578 1358 3630 ¹⁰.

329 3663 446 3730 tJ".
483 3663 546 3716 Ti
575 3658 667 3716 οὖν
707 3663 939 3736 ἐροῦμεν
964 3683 978 3729 ;
1010 3668 1122 3721 Οὐκ
1152 3668 1433 3740 ἄνθρωπος
1458 3672 1486 3724 ό
1519 3673 1750 3742 Χριστὸς
1780 3676 1845 3729 ἐκ

251 3749 370 3803 τῶν
426 3749 910 3821 προλελεγμένων;
942 3754 1112 3808 Παντί
1139 3756 1160 3786 ³
1208 3775 1286 3828 τῳ
1325 3759 1482 3830 δῆλόν
1531 3762 1718 3828 ἐστιν,
1764 3766 1846 3818 ὅτι

254 3842 649 3910 ἀναμφιϐόλως
679 3843 1049 3915 ὁμολογοῦμεν
1091 3847 1182 3900 τὸν
1205 3848 1410 3920 Κύριον
1440 3853 1611 3922 Λόγον
1639 3855 1849 3926 ἄνθρω-

252 3951 366 3986 πον
419 3937 672 4001 γεγονότα
700 3975 715 3998 ,
749 3938 809 3990 οὐ
840 3937 1058 4008 δοκήσει
1105 3941 1221 3994 ἀλλ’
1266 3943 1510 4016 ἀληθείᾳ.
1574 3947 1713 4000 Ἀλλ’
1747 3949 1846 4002 οὐκ

251 4026 550 4098 ἄνθρωπος
582 4028 750 4083 ἐλθὼν
781 4031 837 4084 ὲν
881 4035 1125 4104 προκοπῇ
1157 4033 1406 4105 θεότητος
1442 4037 1583 4107 (οὐδὲ
1615 4039 1722 4112 γὰρ
1757 4041 1843 4092 ἐπ’

253 4116 534 4189 ἀνθρώπῳ
563 4121 717 4190 ἡμῶν
758 4123 789 4191 ἡ
823 4123 976 4185 ἐλπὶς
1006 4124 1106 4195 τῆς
1154 4128 1446 4198 σωτηρίας.
1501 4129 1689 4193 Οὐδεὶς
1732 4131 1843 4202 γὰρ

255 4213 479 4265 πάντων
513 4213 621 4266 τῶν
668 4214 776 4266 ἀπὸ
826 4215 995 4285 Ἀδὰμ
1047 4215 1348 4285 ἀνθρώπων
1389 4220 1625 4292 ἠδυνήθη
1680 4223 1844 4292 ἐργά-

1956 3150 2056 3191 sua
2082 3144 2313 3190 mortem
2339 3137 2696 3192 interﬁceret.
2734 3136 2957 3192 Verbum
2987 3153 3110 3192 caro
3132 3135 3368 3204 factum'
3389 3179 3403 3203 ,
3427 3150 3538 3204 non

1954 3226 2009 3281 in
2048 3227 2359 3293 divinitate,
2411 3229 2506 3285 sed
2539 3228 2776 3283 humana
2807 3244 2930 3283 cum
2974 3237 3171 3282 natura
3213 3226 3444 3298 patiens,
3482 3235 3539 3283 et

1954 3315 2035 3370 sic
2062 3316 2151 3370 illi.
2188 3325 2272 3373 est
2304 3319 2569 3373 attributa
2601 3319 2908 3388 perpessio,
2945 3329 3003 3374 ut
3035 3320 3090 3373 in
3131 3318 3540 3373 immortalitate

1953 3404 2070 3475 ipse
2093 3407 2447 3475 persisteret;
2479 3423 2607 3462 nam
2635 3408 2752 3477 ipse
2773 3407 2840 3462 de
2866 3424 2926 3463 se
2957 3410 3223 3478 loquens:
3253 3407 3364 3478 Ego
3393 3423 3536 3470 sum,

1961 3499 2282 3556 Maledictus
2332 3503 2474 3557 enim
2517 3514 2593 3558 est
2653 3504 2742 3574 qui
2781 3505 3003 3574 confidit
3043 3505 3096 3558 in
3145 3503 3386 3567 homine;
3437 3503 3538 3556 erit

2020 3675 2203 3731 XClll.
2246 3677 2385 3743 Quid
2420 3678 2583 3748 igitur
2617 3678 2907 3734 dicendum
2944 3681 3068 3734 est?
3103 3695 3175 3734 an
3221 3696 3252 3735 e
3283 3683 3532 3750 superio-

1962 3767 2119 3822 ribus
2149 3767 2430 3822 Christum
2464 3769 2738 3822 hominem
2771 3784 2896 3824 esse
2923 3770 3284 3840 colligemus?
3319 3769 3533 3827 Nemini

1953 3857 2251 3911 obscurum
2283 3873 2404 3913 esse
2434 3867 2588 3927 puto,
2621 3859 2752 3927 quin
2790 3859 2910 3913 sine
2940 3859 3046 3912 ulla
3071 3860 3414 3914 dubitatione
3447 3862 3532 3915 fa-

1956 3956 2188 4015 teamur,
2221 3948 2509 4002 Dominum
2537 3965 2600 4002 ac
2623 3949 2789 4004 Deum
2815 3949 3052 4004 Verbum
3093 3952 3362 4006 hominem
3387 3965 3528 4018 esse,

1952 4051 2062 4090 non
2118 4037 2300 4105 specie
2349 4037 2445 4091 sed
2489 4037 2714 4092 veritate
2756 4045 3126 4094 constantem.
3159 4038 3360 4093 Verum
3410 4054 3520 4094 non

1951 4127 2221 4196 ejusmodi
2253 4128 2416 4182 homo
2445 4143 2568 4184 esse
2597 4129 2901 4185 credendus
2928 4139 3033 4194 est,
3063 4130 3155 4200 qui
3180 4130 3244 4184 ad
3269 4129 3524 4186 divinita

1958 4226 2064 4273 tem
2097 4220 2332 4288 quadam
2368 4220 2750 4288 progressione
2779 4222 3105 4291 pervenerit.
3131 4220 3248 4275 Non
3288 4223 3433 4277 enim
3471 4223 3527 4279 in

259 4303 457 4357 σασθαι
634 4306 949 4377 σωτηρίαν),
973 4307 1108 4360 ἀλλὰ
1140 4309 1270 4372 Θεὸς
1303 4311 1494 4380 Λόγος
1527 4311 1843 4381 ἄνθρωπος

1961 4309 2176 4364 homine
2218 4325 2342 4380 spes
2371 4318 2455 4365 est
2502 4311 2697 4366 salutis
2735 4321 2936 4366 nostrae
2978 4313 3299 4368 constituta.
3345 4311 3530 4382 Siqui-

253 4395 518 4463 γεγονὼς
538 4438 551 4460 ,
576 4396 666 4448 ἴνα
699 4397 774 4466 μὴ
802 4398 834 4466 ὴ
864 4396 1018 4460 ἐλπὶς
1119 4399 1206 4450 ἐπ’
1243 4399 1562 4469 ἄνθρωπον,
1593 4403 1707 4456 ἀλλ’
1746 4405 1842 4457 ἐπὶ

249 4485 388 4537 Θεὸν
422 4483 615 4549 ζῶντα,
641 4487 734 4538 καὶ
766 4487 1014 4556 ἀληθινὸν
1037 4490 1326 4560 γενόμενον
1354 4491 1635 4563 ἄνθρωπον
1655 4511 1667 4525 ·
1699 4497 1829 4563 Πᾶς

248 4577 368 4644 τὰρ
410 4576 602 4643 ἱερεὺς
635 4577 754 4630 ἀπὸ
801 4579 1127 4645 ἀνθρώπων
1165 4583 1653 4653 λαμϐανόμενος,
1688 4587 1840 4656 ὑπὲρ

246 4667 585 4734 ἀνθρώπων
653 4670 1002 4725 καθίσταται
1037 4712 1051 4736 ,
1123 4675 1263 4727 κατὰ
1320 4676 1382 4728 τὸ
1433 4681 1836 4750 γεγραμμένον.

249 4754 425 4808 Ὅθεν
476 4755 583 4808 ἀπὺ
634 4757 734 4827 τῆς
779 4757 937 4827 ήμῶν
993 4761 1193 4830 σαρκὸς
1245 4763 1504 4819 ἀνέλαϐεν
1553 4771 1582 4820 ὁ
1635 4770 1840 4841 Κύριος

247 4846 431 4900 ἐλθὼν
500 4849 596 4919 τὴν
661 4849 874 4920 σάρκα,
931 4852 1025 4904 καὶ
1087 4852 1372 4924 ἄνθρωπος
1420 4857 1642 4927 γέγονεν
1707 4863 1838 4932 ἡμῖν

241 4941 438 5008 ὅμοιος
465 4941 493 4992 ὁ
519 4939 652 5002 Θεὸς
700 4940 873 5008 Λόγος
897 4957 911 4970 ο
948 4941 1033 4995 ἵνα
1090 4943 1145 4996 ἑν
1182 4947 1248 5015 τῇ
1299 4945 1513 5012 θεότητι
1545 4949 1657 5021 δῴη
1705 4954 1835 5023 ἡμῖν

1952 4401 2073 4456 dem
2102 4417 2168 4457 ex
2204 4402 2476 4456 universis
2516 4401 2831 4458 hominibus
2869 4404 2964 4473 qui
2991 4405 3060 4459 ab
3091 4404 3300 4461 Adamo
3329 4420 3530 4475 propa-

1945 4495 2056 4564 gati
2107 4505 2253 4557 sunt,
2289 4495 2519 4549 salutem
2566 4495 2723 4550 nobis
2758 4495 2951 4550 alIerre
3000 4512 3160 4551 nemo
3191 4498 3386 4566 potuit.
3420 4496 3529 4552 Sed

1948 4585 2092 4640 Deus
2121 4585 2385 4640 duntaxat
2417 4598 2470 4642 et
2509 4586 2735 4640 Verbum
2769 4587 2922 4641 homo
2947 4587 3173 4655 factum,
3205 4596 3265 4640 ut
3304 4603 3372 4643 ne
3402 4603 3528 4657 spes

1947 4678 2000 4730 in
2047 4679 2265 4734 homine
2298 4687 2483 4732 nostra
2528 4679 2618 4742 sit,
2655 4678 2749 4732 sed
2793 4679 2846 4730 in
2882 4679 2989 4731 Deo
3031 4679 3155 4731 vivo
3190 4679 3390 4747 posita,
3432 4679 3527 4749 qui

1944 4787 2116 4825 verus
2141 4772 2303 4825 homo
2347 4772 2418 4826 sit
2451 4770 2647 4825 factus.
2678 4769 2786 4839 97
2821 4768 3004 4824 Omnis
3035 4769 3172 4822 enim
3201 4770 3436 4837 pontifex
3461 4785 3528 4824 ex

1945 4860 2244 4914 hominibus
2292 4871 2616 4928 assumptus,
2667 4875 2761 4929 pro
2809 4857 3106 4912 hominibus
3161 4859 3528 4925 constituitur,

1943 4962 2000 5006 ut
2019 4953 2282 5024 scriptum
2307 4965 2390 5007 est
2412 4953 2476 5006 ".
2499 4951 2637 5007 Hinc
2659 4968 2690 5007 e
2709 4959 2897 5006 nostra
2925 4963 3090 5002 carne
3111 4962 3326 5002 carnem
3368 4963 3522 5004 suam

322 5053 338 5084 '
380 5049 440 5139 .
469 5053 524 5139 ἐν
553 5055 708 5139 ἐστὶλ
767 5055 787 5085 ²
905 5056 1141 5139 ἓὰθονς.
1190 5067 1257 5139 et
1285 5058 1662 5139 λογιζομένου,
1690 5067 1772 5139 vel
1804 5065 2168 5139 λογιζόμενος.
2238 5067 2267 5139 _’
2293 5065 2352 5121 F.
2382 5067 2614 5139 Χριστὸς
2635 5068 2698 5139 ὲκ
2727 5065 2835 5119 τῶν
2858 5061 3301 5139 προλελεγμένων
3335 5063 3518 5139 παντί.

241 5122 432 5207 LLuc.
469 5138 613 5187 utv,
640 5125 748 5207 ’ὅθι
798 5126 826 5207 ξ
862 5124 1035 5207 [ρος.
1065 5144 1150 5207 x_v.
1190 5129 1282 5207 2οε
1351 5122 1546 5190 διὶοἱιι.
1587 5122 1662 5200 Vl:
1690 5135 1744 5191 9.
1820 5139 1838 5168 ⁷

1961 5122 2102 5207 ιιῖρμ.
2129 5122 2195 5200 ἰι,
2229 5137 2280 5193 8.
2358 5139 2380 5170 ⁸
2406 5122 2564 5194 Ιόοιι.
2591 5122 2630 5205 ἶ,
2659 5138 2746 5194 14.
2827 5139 2848 5168 ²
2879 5122 3039 5188 δὀειη.
3078 5122 3151 5195 ἱῖ,
3184 5132 3288 5199 25;
3333 5147 3442 5194 xlv,
3464 5134 3519 5187 6.

244 5195 292 5225 “
331 5192 530 5246 Jctem.
555 5211 690 5258 xvn,
717 5194 771 5259 5,
795 5194 849 5248 6.
929 5195 968 5227 ¹¹
994 5195 1158 5251 llebr.
1183 5214 1234 5262 ν,
1264 5199 1312 5255 1.

323 5307 440 5376 (52)
476 5311 603 5361 Ὀτι
652 5309 928 5374 ἀναστὰς
977 5312 1177 5365 οὐκέτι
1231 5312 1628 5378 ἀποθνήσκει.
1686 5312 1846 5368 Hisce

238 5379 437 5433 verbis
487 5380 772 5448 Suhjungit
813 5381 962 5435 illico
1002 5383 1365 5450 Epiphaniqu
1404 5400 1554 5436 num.
1593 5383 1684 5445 65,
1731 5400 1844 5437 me-

239 5457 480 5504 morata:
501 5453 677 5518 nuper
701 5453 975 5505 haereseos
999 5451 1088 5512 64,
1119 5453 1266 5520 quod
1294 5452 1546 5507 Christus
1571 5453 1838 5510 Dominus

243 5520 421 5572 morti
454 5533 563 5573 non
619 5521 856 5589 amplius
894 5522 1166 5575 obnoxius
1221 5525 1607 5587 resurrexerit,
1644 5524 1844 5578 futura:

245 5595 465 5643 nostra:
495 5590 918 5663 resurrectionis
967 5593 1238 5646 rationem
1270 5608 1412 5656 esse,
1447 5594 1652 5656 dotem,
1679 5601 1842 5663 atque

249 5661 680 5732 praerogativam
719 5661 1075 5733 singularem,
1111 5678 1275 5732 quam
1316 5664 1439 5719 vita:
1491 5672 1544 5719 et
1589 5661 1852 5720 humani;

1949 5315 2081 5370 tatis
2119 5315 2405 5384 ipsiusmct
2436 5315 2637 5372 Christi
2672 5315 2889 5370 Domini
2927 5315 3190 5370 beneﬁcio
3236 5323 3518 5384 acceptum

1948 5386 2156 5438 rel'crre
2190 5385 2473 5439 debemus.
2504 5385 2678 5443 Omne
2709 5388 2758 5440 id
2788 5402 2907 5454 qua:
2929 5387 3192 5439 denotant
3219 5385 3377 5439 verba
3412 5402 3526 5437 me-

1946 5462 2158 5527 niorato
2188 5471 2324 5527 ιιιοξ
2350 5456 2403 5507 in
2435 5454 2718 5527 Epiphanii
2755 5457 2873 5527 loco
2894 5466 3043 5527 sunt,
3075 5455 3224 5527 De?)
3253 5454 3523 5527 μέλλουσα

1943 5524 2242 5630 ἀγάστασις
2274 5520 2414 5580 εἶναι
2459 5520 2552 5580 δια
2577 5526 2679 5598 τῆς
2708 5524 2874 5580 αὐτού
2908 5525 3054 5597 ζωῆς
3090 5525 3185 5580 καὶ
3212 5520 3522 5598 ἰᾴιλανθρω-

1942 5612 2088 5659 πίας.
