3916 6196
343 306 451 363 187

1757 309 1815 366 8.
1864 308 2202 363 EPIPIIANII

3507 308 3609 364 188

345 426 614 483 Dominus
644 424 961 496 assumpsit,
991 431 1151 493 atque
1182 422 1346 478 homo
1370 424 1546 478 nostri
1581 424 1777 480 similis
1800 442 1919 481 esse

2027 425 2125 496 τὴν
2159 425 2468 497 σωτηρίαν,
2511 425 2604 480 καὶ
2653 428 2711 480 ἐν
2753 428 2821 497 τῇ
2859 424 3023 480 αὐτοῦ
3054 423 3431 496 άνθρωπότητι
3456 423 3619 497 πάθῃη

346 518 496 575 Deus
538 534 602 573 ac
662 516 898 572 Verbum
946 515 1147 574 voluit.
1201 522 1258 568 ut
1308 515 1616 584 passionem
1668 517 1924 587 passione

346 612 689 671 dissolveret,
722 623 784 661 ac
808 622 905 661 sua
939 615 1111 660 morte
1133 617 1361 662 mortem
1389 608 1780 679 exstingueret.
1817 608 1923 665 Sed

347 701 619 756 divinitati
669 699 883 768 ipsimct
929 705 1013 752 est
1062 700 1322 753 attributa
1359 700 1565 769 passio.
1612 717 1933 772 quanquam.

346 794 416 845 ab
459 792 607 844 onmi
646 789 905 843 immunis
945 797 1029 844 est
1069 791 1322 859 passione
1367 790 1650 857 divinitas,
1684 794 1817 863 quia
1851 793 1922 846 ita

344 895 541 938 sancto
562 890 617 936 et
655 882 724 935 ab
744 881 893 935 omni
921 884 1177 951 passione
1206 884 1579 939 remotissima
1610 884 1719 940 Deo
1747 884 1925 940 Verbo

345 972 586 1025 venienti
612 972 838 1041 placuit.
876 974 1145 1027 Caeterum
1169 972 1441 1042 ejusmodi
1464 981 1549 1029 est
1570 975 1727 1041 illud,
1766 977 1843 1030 uti
1877 976 1923 1032 si

343 1061 475 1129 quis
502 1069 652 1115 veste
683 1062 754 1115 sit
782 1062 1031 1125 indutus.
1069 1078 1190 1132 quin
1216 1079 1439 1133 aspersa
1466 1066 1750 1136 sanguinis
1780 1068 1924 1122 stilla

345 1154 419 1206 sit
468 1152 690 1216 infecta,
740 1154 814 1207 ita
858 1162 918 1208 ut
956 1155 1023 1208 ad
1057 1155 1237 1225 ipsum
1276 1172 1477 1228 corpus
1511 1159 1661 1216 illius
1702 1162 1925 1218 minime

345 1243 691 1310 pervenerit;
726 1250 839 1297 tum
880 1245 1023 1299 enim
1058 1247 1346 1316 sanguinis
1375 1249 1468 1303 illa
1500 1251 1711 1305 macula
1745 1253 1793 1307 ei
1829 1255 1923 1323 qui

342 1333 575 1389 indutus
613 1342 718 1399 cst,
769 1335 1024 1405 imputari
1064 1339 1221 1393 solet.
1281 1339 1370 1395 Sic
1426 1342 1481 1396 in
1524 1357 1691 1399 carne
1729 1361 1924 1415 passus

343 1434 429 1478 est
458 1426 729 1489 Christus,
763 1427 867 1484 hoc
893 1437 997 1491 est,
1031 1429 1247 1486 homine
1276 1431 1578 1499 Dominico,
1597 1452 1757 1506 quem
1784 1437 1925 1494 Deus

355 1514 593 1571 Verbum
629 1519 849 1573 coalitus
883 1520 1149 1590 allapsum
1178 1522 1355 1591 ipsum
1388 1525 1493 1579 sibi
1522 1525 1793 1583 formavit.
1823 1530 1923 1584 Cui

352 1607 573 1677 quidem
609 1608 801 1664 Petrus
829 1610 913 1665 his
948 1612 1130 1666 verbis
1162 1615 1532 1684 astipulatur:
1566 1616 1924 1687 Mortiﬁcatus

344 1700 554 1769 quidem
612 1717 800 1763 carne,
848 1704 1137 1770 vivi/icatus
1191 1715 1366 1760 autem
1423 1709 1694 1777 spiritu’;
1753 1713 1921 1768 item:

2028 519 2167 590 ὑπὲρ
2212 518 2371 589 ἡμῶν
2405 520 2512 572 τῶν
2542 518 2876 590 ἀνθρώπων,
2922 518 3095 581 πάθος
3139 516 3227 570 διὰ
3254 516 3348 570 τοῦ
3399 516 3611 580 πάθους

2026 607 2223 672 λύσας,
2257 607 2355 662 καὶ
2381 607 2610 662 θάνατον
2646 606 2735 659 διὰ
2787 606 3017 659 Θανάτου
3060 604 3153 657 τοῦ
3189 604 3320 656 ἰδίου
3366 600 3612 656 θανατῶ-

2027 715 2147 761 σας.
2184 696 2473 767 Ἐλογίσθη
2498 697 2556 750 δὲ
2598 696 2659 749 τὸ
2708 695 2877 758 πάθος
2912 697 2992 757 εἰς
3040 694 3138 765 τὴν
3172 693 3403 763 θεότητα
3427 732 3443 757 ,
3481 690 3610 744 καί-

2024 807 2115 843 τοι
2136 806 2200 857 γε
2227 789 2326 858 τῆς
2356 789 2607 859 θεότητος
2639 786 2884 850 ἀπαθοῦς
2911 786 3077 857 οῠσης
3095 803 3109 817 ⁸
3147 786 3228 839 ὃτι
3260 782 3433 846 οὕτως
3459 781 3611 836 £666-

2024 898 2194 950 κησεν
2220 880 2387 934 ἐλθὼν
2416 881 2444 932 6
2478 880 2632 949 ἅγιος
2678 882 2775 933 καὶ
2808 879 3023 948 ἀπαθὴς
3054 878 3186 940 Θεὸς
3219 876 3413 943 Λόγος.
3447 875 3621 930 Ἔστι.

2023 973 2082 1027 δὲ
2108 972 2169 1026 τὸ
2200 972 2500 1043 ὑπόδειγμα
2528 972 2727 1025 τοιόνδε
2754 988 2828 1035 τι,
2862 970 2938 1033 ὡς
2967 971 3061 1024 ἐάν
3088 987 3172 1032 τις
3202 969 3421 1038 ἱμάτιον
3456 966 3606 1020 ἐνδε-

2024 1061 2252 1132 δυμένος
2276 1102 2292 1127 ,
2325 1065 2384 1116 ἐν
2419 1062 2476 1116 δὲ
2522 1061 2599 1132 τῷ
2645 1061 2845 1133 ἱματίῳ
2895 1057 3035 1130 αἷμα
3079 1058 3358 1132 ραντισθέν
3402 1057 3611 1130 μολύνῃ

2024 1152 2086 1205 τὸ
2115 1152 2348 1223 ἱμάτιον,
2379 1153 2443 1206 τὸ
2468 1152 2529 1206 δέη
2559 1152 2726 1223 σῶμα
2749 1153 2849 1205 οὐκ
2878 1151 3079 1219 ἔφθασε
3108 1150 3205 1203 τοῦ
3230 1148 3605 1219 ἐνδεδυμένου,

2025 1242 2299 1310 λογίζεται
2324 1244 2382 1297 δὲ
2419 1244 2449 1296 6
2501 1245 2690 1306 σπῖλος
2738 1244 2766 1296 6
2797 1244 2860 1295 ὲκ
2896 1241 2991 1294 τοῦ
3022 1241 3254 1311 αἵματος
3292 1238 3370 1309 τῷ
3399 1237 3609 1292 ἐνδεδυ-

2029 1334 2175 1406 μένῳ
2207 1334 2268 1387 τὸ
2314 1334 2549 1405 ἱμάτιον.
2590 1334 2778 1399 Οὕτως
2829 1335 2887 1387 ὲν
2933 1336 3001 1406 τῇ
3044 1332 3210 1405 σαρκὶ
3256 1329 3525 1383 πέπονθεν
3578 1329 3608 1382 6

2026 1425 2260 1497 Χριστὸς
2282 1466 2297 1492 ,
2333 1428 2391 1480 ἐν
2437 1427 2585 1498 αὑτῷ
2614 1444 2759 1498 φημι
2798 1426 2876 1497 τῷ
2910 1423 3177 1497 Κυριακῷ
3206 1420 3480 1493 ἀνθρώπῳ
3500 1460 3515 1483 ,
3546 1420 3609 1472 ὃν

2027 1521 2191 1584 αὐτὸς
2240 1520 2582 1574 ἀνεπλάσατο
2615 1518 2783 1573 ἐλθὼν
2835 1519 2930 1572 ἀπ’
2963 1514 3208 1588 οὐρανῶν
3234 1516 3263 1567 6
3289 1514 3442 1580 ἅγιος
3476 1509 3608 1574 θεδς

2026 1609 2201 1675 Λόγος
2218 1623 2232 1637 °
2264 1607 2341 1672 ὥς
2366 1624 2529 1680 φησιν
2557 1610 2586 1661 ὁ
2613 1608 2767 1677 ἀγιος
2790 1605 2995 1677 Πέτρος
3019 1643 3035 1669 ,
3066 1601 3434 1665 Θανατωθεὶς
3459 1615 3607 1665 σαρ-

2027 1699 2106 1763 κὶ,
2142 1698 2514 1767 ζωοποιηθεὶς
2542 1699 2611 1752 δὲ
2641 1698 2931 1767 πνεύματι
2949 1712 2963 1727 ·
2998 1695 3092 1749 καὶ
3118 1693 3313 1757 πάλιν,
3341 1687 3616 1760 Χριστοῦ·

346 1788 557 1843 Christo
576 1791 742 1859 igitur
759 1786 917 1859 passo
938 1808 1031 1861 pro
1056 1793 1205 1848 nobis
1226 1812 1402 1864 carne,
1423 1809 1471 1850 rt
1499 1814 1584 1852 vos
1608 1800 1919 1868 cogitatione

2027 1786 2140 1846 οὖν
2170 1791 2467 1858 παθόντος
2512 1790 2665 1859 ὑπὲρ
2710 1787 2880 1859 ήμῶν
2912 1784 3257 1855 σαρκὶ,καὶ
3283 1782 3449 1852 ὑμεῖς
3486 1779 3608 1847 τὴν

344 1881 527 1935 eadem
548 1884 827 1937 armemini
846 1887 885 1938 ⁸.
913 1886 992 1939 Ad
1020 1900 1143 1941 eum
1165 1888 1350 1957 itaque
1384 1889 1605 1944 modum
1640 1893 1927 1962 sanguinis

344 1973 563 2027 macula
588 1973 675 2026 illa
710 1991 831 2044 qua:
862 1978 1109 2031 vestibus
1133 1978 1480 2043 adluerescit,
1499 1982 1548 2035 ei
1578 1982 1671 2051 qui
1704 1984 1929 2040 indutus

344 2072 427 2116 cst
444 2063 756 2119 ascribitur.
782 2067 849 2120 Et
869 2082 993 2121 vero
1011 2069 1194 2124 carnis
1214 2070 1329 2138 ipsa
1352 2074 1631 2141 perpessio
1652 2073 1923 2129 divinitati

346 2154 548 2207 tributa
567 2163 671 2221 est,
691 2156 954 2227 licetipsa
976 2159 1109 2212 nihil
1134 2175 1293 2230 passa
1325 2162 1418 2228 sit,
1447 2172 1505 2218 ut
1528 2180 1595 2219 ne
1618 2166 1671 2219 in
1708 2166 1929 2223 homine

344 2245 584 2300 mundus
615 2262 765 2316 spem
794 2263 857 2302 ac
887 2249 1141 2304 ﬁduciam
1183 2252 1435 2316 collocet.
1469 2253 1564 2308 sed
1594 2256 1647 2308 in
1707 2255 1927 2312 homine

344 2333 651 2400 Dominico,
676 2354 801 2391 cum
834 2339 1084 2395 videlicet
1108 2341 1369 2397 divinitas
1393 2344 1509 2412 ipsa
1542 2344 1795 2413 imputari
1820 2348 1925 2402 sibi

345 2426 658 2492 passionem
694 2429 949 2491 voluerit,
998 2438 1057 2483 ut
1088 2432 1363 2499 passionis
1392 2449 1586 2502 expers
1612 2435 1701 2487 illa
1726 2435 1927 2491 divini-

346 2515 471 2569 tatis
506 2515 747 2570 condilio
791 2518 959 2573 totius
994 2520 1180 2573 mundi
1221 2522 1372 2577 salus
1416 2523 1607 2590 ﬁeret;
1652 2533 1815 2595 atque
1864 2535 1925 2582 ut

345 2603 549 2658 inﬂicta
595 2608 748 2661 carni
791 2609 1529 2683 perpessio,divinitati,qu:e
1548 2615 1681 2669 nihil
1707 2617 1922 2673 interim

344 2695 1047 2763 patiebatur,nihilominus
1078 2702 1445 2758 tribueretur:
1474 2706 1527 2758 in
1592 2720 1701 2775 quo
1776 2711 1922 2780 quod

344 2787 609 2855 scriptum
638 2798 721 2843 est
747 2790 1098 2859 impleretur:
1125 2791 1186 2847 Si
1209 2795 1350 2847 enim
1378 2799 1762 2867 cognovissent,
1787 2817 1925 2855 nun-

341 2894 501 2948 quam
533 2877 815 2933 Dominum
840 2883 1026 2951 gloria:
1048 2884 1436 2954 cruci/ixissent
1455 2888 1497 2953 ³,
1532 2897 1640 2945 etc.

415 2965 597 3021 XCIV.
652 2969 959 3024 Crucilixus
1005 2982 1093 3027 est
1137 2988 1289 3043 ergo.
1339 2977 1638 3033 crucifixus
1680 2989 1786 3046 est,
1840 2981 1921 3037 in-

343 3074 530 3127 quam,
578 3060 876 3124 Dominus;
918 3070 974 3118 et
1016 3080 1117 3119 nos
1157 3068 1476 3123 cruciﬁxum
1526 3071 1821 3131 adoramus
1858 3091 1922 3131 ac

344 3150 639 3219 sepultura.
682 3163 1169 3225 resurgentemque
1209 3160 1367 3212 tertia
1414 3161 1521 3227 die,
1568 3173 1622 3218 et
1668 3165 1721 3219 in
1750 3169 1921 3226 cmlos

342 3241 754 3296 ascendentem.
821 3242 867 3297 0
925 3246 1153 3300 altitudo
1188 3248 1495 3305 divitiarum
1547 3263 1598 3308 et
1651 3258 1925 3326 sapientia:

341 3339 391 3381 et
435 3329 669 3383 scicntia:
711 3331 850 3387 Dei!
884 3341 943 3387 ut
975 3337 1237 3406 scriptum
1275 3350 1360 3394 est
1379 3344 1419 3395 ⁵.
1472 3347 1558 3397 Ea:
1593 3359 1744 3414 parte
1785 3350 1922 3403 enim

343 3419 727 3485 cognoscimus,
765 3430 813 3473 et
858 3436 922 3475 ex
949 3434 1098 3490 parte
1133 3426 1504 3494 prop/tetamus
1524 3433 1563 3499 ',
1604 3441 1863 3505 tanquam
1894 3454 1927 3493 e

344 3502 485 3555 mari
529 3504 728 3557 stillam
777 3507 972 3562 divina:
1020 3511 1263 3567 scientiae
1311 3530 1375 3570 ac
1418 3502 1747 3589 cognitionis
1787 3524 1925 3579 hau-

343 3593 575 3657 rientes,
608 3604 771 3665 atque
798 3598 1063 3666 ejusmodi
1100 3604 1455 3671 providentiae
1487 3619 1540 3664 et
1573 3611 1923 3672 administra-

342 3685 511 3741 tionis
542 3690 851 3758 exemplum
882 3692 1103 3762 aliquod
1136 3699 1397 3766 assecuti,
1439 3716 1503 3755 ac
1530 3703 1766 3776 denique
1806 3708 1921 3777 spei

342 3786 547 3833 nostrae
595 3778 914 3852 liduciaeque
940 3786 1170 3853 gratiam
1205 3804 1366 3843 zeum
1415 3806 1478 3846 ex
1523 3804 1677 3866 grata
1724 3799 1778 3851 in
1822 3815 1920 3855 nos

340 3868 624 3924 voluntate
671 3885 733 3924 ac
763 3876 1131 3929 consensione
1160 3876 1360 3946 Patris,
1392 3890 1447 3936 et
1486 3886 1769 3943 voluntate
1799 3888 1919 3947 Filii

343 3973 409 4012 ac
444 3958 683 4029 Spiritus
707 3964 904 4029 sancti,
940 3973 1114 4021 totum
1158 3972 1261 4025 hoc
1293 3975 1566 4042 negotium
1600 3977 1669 4032 ab
1693 3995 1800 4034 uno
1827 3997 1921 4037 eo-

342 4049 578 4120 demque
604 4051 715 4107 Deo
748 4054 820 4110 sit
850 4056 1315 4116 administratum.
1351 4063 1463 4134 98
1490 4065 1757 4124 Caeterum
1793 4088 1917 4128 cum

342 4140 398 4195 in
430 4144 685 4200 omnibus
728 4146 1026 4220 Scriptum
1069 4154 1205 4209 locis
1249 4157 1481 4224 sparsim
1523 4159 1667 4217 illius
1719 4162 1787 4218 de
1829 4180 1919 4220 re-

342 4238 686 4292 surrectione
731 4239 1003 4309 dogmatis
1034 4244 1232 4311 injecta
1267 4247 1340 4301 sit
1374 4251 1598 4315 mentio,
1645 4254 1919 4309 nihilomi-

340 4340 447 4379 nus
482 4342 695 4380 summa
738 4330 816 4383 rei
856 4345 919 4383 ac
945 4333 1208 4401 perfectio
1252 4336 1320 4389 ad
1370 4339 1725 4397 subsistentia
1753 4344 1918 4400 Verbi

2028 1881 2225 1951 αὐτὴν
2250 1882 2496 1937 ἔννοιαν
2523 1882 2881 1936 ὁπλίσασθε.
2918 1877 3105 1940 Οὕτως
3131 1874 3192 1929 τὸ
3224 1868 3357 1944 αἷμα
3384 1874 3439 1925 ἐν
3473 1872 3621 1940 ἰμα-η

2027 1970 2128 2041 τεῳ
2154 1971 2266 2042 (55)
2295 1970 2575 2039 λογίζεσθε
2604 1972 2626 2003 ⁷
2654 1969 2734 2040 τῷ
2761 1967 3012 2041 φοροῦντι
3033 1983 3047 1996 ⁸
3081 1963 3330 2033 ἐλογίσθη
3358 1960 3506 2030 αὐτῷ
3536 1958 3614 2011 τὸ·

2028 2061 2199 2125 πάθοῖ
2220 2063 2319 2131 τῆς
2349 2061 2553 2134 σαρκὸς
2579 2062 2659 2123 εἰς
2687 2060 2915 2129 θεότητα
2939 2096 2952 2119 ,
3006 2055 3168 2127 μηδὲν
3203 2053 3370 2122 αὐτῆς
3399 2046 3606 2103 παθού-

2029 2170 2130 2222 σης
2153 2191 2168 2216 ,
2201 2153 2286 2206 ἵνα
2314 2153 2388 2224 μὴ
2414 2154 2493 2216 εἰς
2521 2152 2805 2223 ἄνθρωπον
2835 2148 2934 2219 ἔχῃ
2965 2150 2993 2201 ὁ
3029 2146 3232 2217 κόσμος
3261 2144 3360 2214 τὴν
3389 2140 3603 2203 ἐλπίδα,

2027 2242 2141 2295 ἀλλ’
2168 2243 2227 2295 ἐν
2249 2242 2328 2313 τῷ
2366 2241 2628 2313 Κυριακῷ
2671 2240 2971 2313 ἀνθρώπῳ,
3007 2238 3113 2307 τῆς
3135 2235 3387 2305 θεότητος
3417 2230 3609 2286 ἀναδε-

2026 2340 2263 2409 χομένης
2295 2337 2610 2407 λογισθῆναι
2640 2339 2720 2400 εἰς
2771 2336 2941 2408 αὐτὴν
2991 2332 3251 2395 τὸπάθος
3273 2347 3287 2362 ·
3322 2330 3408 2381 ἶνα
3443 2326 3613 2396 γένη·-

2025 2447 2112 2483 ται
2141 2428 2281 2499 ὑπὲρ
2309 2428 2516 2498 κόσμου
2552 2430 2585 2499 ἡ
2625 2429 2733 2481 ἀπὸ
2759 2429 3009 2497 θεότητος
3042 2426 3278 2480 ἀπάθεια
3308 2420 3552 2491 σωτηρία
3588 2434 3611 2449 ·ν

2027 2520 2115 2574 ἵνα
2135 2520 2195 2572 τό
2225 2522 2282 2573 ἐν
2315 2520 2477 2590 σαρκὶ
2503 2520 2793 2591 γενόμενον
2826 2519 2997 2581 πάθος
3029 2519 3109 2580 εἰς
3131 2515 3228 2586 τὴν
3253 2513 3485 2583 θεότητα
3515 2509 3607 2563 λο-

2025 2609 2186 2681 γισθῇ
2215 2651 2229 2675 ,
2285 2611 2461 2664 καίτοι
2495 2628 2558 2679 γε
2591 2612 2758 2683 μηδὲν
2791 2611 3069 2680 παθούσης
3100 2608 3268 2677 αὐτῆς
3290 2623 3306 2638 ·
3353 2606 3445 2658 ἵνα
3464 2602 3613 2671 πλη-κ

2028 2697 2174 2769 ρωθῇ
2221 2698 2255 2768 ἡ
2310 2697 2544 2766 λέγουσα
2576 2700 2797 2770 Γραφή·
2856 2699 2925 2753 El
2975 2698 3087 2768 γὰρ
3124 2696 3441 2764 ἔγνωσαν,
3488 2693 3607 2745 οὐκ

2025 2788 2105 2843 ἂν
2146 2790 2254 2851 τόν
2299 2792 2519 2859 Κύριον
2549 2790 2660 2860 τῆς
2703 2791 2887 2860 δόξης
2929 2788 3358 2858 ἐσταύρωσαν,
3391 2784 3489 2838 καὶ
3534 2782 3626 2838 τά.

2025 2880 2171 2952 ἑξῆς.

2095 3000 2208 3064 ιιΔν.
2250 2996 2598 3070 Ἐσταυρὼθη
2638 2992 2731 3052 οὖν
2752 3036 2769 3065 ,
2816 2995 3133 3070 ἐσταυρώθη
3177 2996 3207 3050 6
3235 2995 3439 3068 Κύριος
3462 3034 3478 3061 ,
3507 2996 3617 3050 καὶ

2026 3088 2443 3160 προσκυνοῦμεν
2481 3090 2572 3143 τὸν
2606 3088 3047 3161 ἐσταυρωμένον,
3079 3088 3170 3142 τὸν
3204 3088 3442 3156 ταφέντα
3464 3126 3479 3151 ,
3507 3087 3605 3140 καὶ

2023 3179 2330 3233 ἀναστάντα
2357 3182 2423 3250 τῇ
2453 3180 2614 3251 τρίτῃ
2658 3178 2867 3251 ἡμέρᾳ,
2897 3180 2992 3232 καὶ
3030 3179 3110 3243 εἰς
3157 3178 3418 3250 οὐρανοὺς
3444 3176 3601 3231 ἀνελε

2024 3268 2201 3323 θόντα.
2255 3269 2324 3321 Ὢ
2365 3268 2559 3335 ,βάοος
2616 3268 2885 3323 πλούτου
2932 3267 3031 3320 καὶ
3064 3266 3286 3335 σοφίας
3323 3266 3423 3319 καὶ

2022 3375 2176 3428 σεως
2201 3360 2349 3415 Θεοῦ
2373 3361 2393 3413 .'
2415 3360 2555 3415 κατά
2581 3360 2640 3414 τὸ
2672 3359 3075 3432 γεγραμμένον.
3117 3360 3213 3411 Ἐκ
3243 3357 3467 3429 μέρους
3493 3356 3603 3427 γὰρ

2022 3451 2425 3520 γινώσκομεν,
2480 3450 2578 3505 καὶ
2622 3451 2691 3504 ἐκ
2735 3450 2957 3520 μέρους
3003 3448 3492 3518 προφητεύομεν,
3527 3448 3607 3510 ὡς

2024 3541 2211 3612 ρανίδα
2245 3542 2352 3598 ἀπὸ
2388 3542 2660 3610 πελάγους
2696 3542 2985 3613 ἀρυόμενοι
3021 3541 3119 3611 τῆς
3149 3539 3242 3593 τοῦ
3281 3539 3414 3593 Θεοῦ
3462 3540 3605 3607 γνώ-

2024 3647 2162 3694 σεως
2179 3670 2193 3697 ,
2225 3631 2318 3684 καὶ
2346 3631 2858 3701 καταλαμϐάνοντες
2879 3632 2978 3702 τῆς
3007 3630 3262 3701 τοιαύτης
3289 3632 3605 3700 οἱκονομίας

2022 3722 2363 3794 ὑπόδειγμα,
2417 3726 2516 3796 τῆς
2564 3722 2723 3795 ἡμῶν
2779 3722 2991 3785 ἐλπίδος
3045 3721 3144 3793 τὴν
3195 3722 3395 3793 χάριν,
3450 3721 3605 3775 εὐδο-

2024 3814 2116 3884 κία
2148 3814 2260 3884 (54)
2306 3816 2556 3885 Πατρὸς,
2616 3814 2832 3886 θελήσει
2868 3812 3001 3868 Υἱοῦ
3049 3813 3146 3881 σῦν
3196 3812 3409 3883 θελήσει
3440 3812 3602 3881 ἁγίου

2022 3904 2371 3976 Πνεύματος,
2421 3906 2521 3976 τῆς
2550 3905 2715 3959 αὐτοῦ
2761 3905 2896 3959 Θεοῦ
2948 3904 3281 3975 οἰκονομίας.
3335 3899 3494 3975 Εἶχον
3543 3904 3604 3956 δὲ

2024 3995 2193 4047 πᾶσαι
2245 3997 2301 4049 αἱ
2354 3996 2566 4065 Γραφαὶ
2615 3996 2889 4067 σποράδην
2926 3996 2987 4050 τὸ
3038 3997 3299 4068 κήρυγμα
3339 3996 3452 4064 (55)
3500 3997 3607 4067 τῆς

2020 4086 2369 4149 ἀναστάσεως
2395 4088 2687 4158 ’ἐτηρεῖτο
2714 4087 2771 4139 δὲ
2819 4087 2878 4139 τὸ
2922 4087 3125 4141 τέλειον
3170 4090 3235 4158 τῇ
3292 4085 3457 4141 αὐτοῦ
3502 4086 3617 4140 toﬁ.

2022 4175 2387 4230 ἐνυποστάτου
2411 4177 2586 4245 Λόγου
2615 4177 2916 4249 παρουσίᾳο
2942 4178 3243 4249 Πλὴρωμα
3270 4179 3378 4249 γὰρ
3409 4180 3602 4247 νόμου

2019 4264 2298 4330 Χριστὸς,
2326 4264 2469 4318 κατά
2500 4266 2560 4318 τὸ
2588 4266 2989 4337 γεγραμμένον.
3034 4266 3144 4320 Ποῦ
3169 4266 3278 4338 γὰρ
3303 4268 3409 4320 οὐκ
3443 4267 3601 4335 ἔλεγε

2020 4350 2080 4402 τὸ
2114 4352 2256 4404 θεῖον
2286 4354 2519 4423 γράμμα
2548 4354 2677 4427 περὶ⁵
2702 4355 3049 4419 ἀναστάσεως
3078 4372 3093 4421 ;
3126 4356 3347 4428 Πρῶτον
3391 4357 3454 4410 τὸ
3502 4356 3599 4409 τοῦ

340 4419 732 4473 reservabatur
773 4420 1085 4501 adventum.
1122 4424 1571 4495 Complementum
1613 4436 1800 4505 quippe
1839 4438 1915 4492 le-

2027 4443 2188 4495 ΙἍϐελ
2217 4419 2356 4514 αἷμα
2396 4419 2653 4517 ιιηρύττει
2672 4460 2686 4475 ο
2732 4445 2870 4517 μετά
2904 4448 3014 4520 γὰρ
3044 4419 3103 4502 τὸ
3134 4419 3425 4503 ἀποθανεῖν
3451 4490 3465 4513 ,
3516 4449 3601 4504 ἔτι

338 4510 421 4577 gis
449 4509 693 4565 Christus
732 4522 832 4577 est,
869 4523 928 4568 ut
958 4515 1241 4587 Scriptura
1274 4529 1507 4578 testatur
1528 4525 1570 4579 ⁸.
1602 4526 1737 4592 Quis
1766 4530 1910 4583 enim

341 4600 496 4656 locus
526 4602 581 4656 in
634 4606 811 4660 sacris
847 4604 1067 4665 Litteris
1106 4620 1210 4677 est,
1251 4613 1304 4667 in
1349 4630 1457 4685 quo
1492 4620 1911 4677 resurrectionis

406 4757 423 4788 ¹
457 4756 475 4810 1
512 4757 656 4815 Petr.
677 4776 756 4825 ιιι,
789 4761 877 4819 18.

336 4826 358 4858 '
393 4826 452 4881 F.
486 4828 773 4898 λογίζεται.

408 4944 521 5015 (55)
582 4947 779 4999 οῦτωο
825 4942 1071 5019 coalita
1125 4950 1196 5002 ἐν
1262 4950 1487 5019 ἱματίῳ.
1530 4953 1615 5007 Ad
1651 4970 1768 5009 eum
1801 4972 1916 5011 mo-

335 5014 463 5086 dum
506 5014 618 5083 quo
671 5018 943 5086 sanguinis
987 5014 1204 5072 'macula
1265 5014 1567 5078 uestimento
1614 5025 1908 5080 adlircrens.

334 5084 507 5161 gaute
530 5123 569 5161 ,_
595 5095 650 5139 et
682 5084 806 5161 cum
859 5087 1175 5161 discrimine
1227 5090 1380 5161 locus
1424 5102 1507 5147 est
1542 5095 1912 5161 accipiendus.

337 5151 454 5206 Non
485 5156 628 5208 enim
681 5155 747 5208 ad
800 5170 921 5209 eum
958 5159 1181 5213 omnino
1231 5160 1451 5214 modum
1500 5162 1594 5218 Dei
1627 5151 1822 5218 Filium
1857 5166 1912 5219 in

335 5238 501 5303 carne
534 5238 755 5304 passum
785 5225 1048 5305 dicimus,
1082 5244 1189 5305 quo
1221 5231 1629 5305 vestismacula
1660 5236 1914 5305 imputa-

337 5300 425 5375 tur
451 5291 499 5347 ei
530 5291 623 5363 qui
655 5307 817 5375 _veste
847 5291 1112 5375 induitur;
1144 5296 1435 5375 intercedit
1477 5305 1605 5357 unio
1658 5291 1911 5375 hyp'osta-

335 5362 464 5438 tica.
493 5362 600 5431 qua
636 5362 1025 5438 dum‘naturaz,
1052 5367 1235 5423 divina
1264 5369 1535 5431 videlicet.
1562 5382 1615 5428 et
1650 5362 1906 5438 humana,

336 5431 585 5515 in.unam
622 5434 1286 5515 subsistunt_pe_rsonam.
1315 5439 1433 5515 Non
1479 5444 1644 5514 igitur
1682 5431 1907 5515 prorsus

336 5499 408 5585 ait
433 5515 552 5553 eum
591 5504 801 5585 modum
823 5545 836 5569 ,
862 5499 1186 5585 sed'aliqua
1234 5499 1714 5585 ra_tione_,valiquo
1745 5515 1907 5568 modo

341 5568 554 5639 adeum
588 5578 819 5627 modum.
848 5576 930 5629 Ab
955 5568 1205 5634 humanis
1233 5582 1397 5636 rebus
1429 5568 1684 5637 derivata!
1713 5585 1906 5639 simili-

338 5637 595 5720 tudines,
633 5656 754 5720 quae
797 5642 978 5698 divina
1032 5660 1160 5720 sunt
1185 5663 1598 5720 repracsentare
1628 5637 1906 5720 adacquatc

335 5719 449 5761 non
480 5708 689 5777 valenti;
725 5711 961 5769 humana
1005 5730 1033 5769 ιι
1089 5708 1289 5774 divinis
1326 5722 1647 5777 immensum
1677 5708 1899 5779 distant.

989 4769 1008 4799 ’
1035 4765 1055 4821 Ι
1087 4765 1235 4824 Petr.
1276 4785 1363 4840 Iv,
1402 4772 1453 4828 1.
1530 4774 1551 4806 ³
1590 4775 1627 4843 Ι,
1653 4774 1781 4831 Cor.
1821 4793 1878 4844 ιι,
1915 4776 1967 4833 8.

2017 4533 2203 4597 λαλεῖ,
2262 4536 2426 4607 φησιν
2464 4538 2497 4607 ἡ
2545 4537 2754 4609 Γραφή.
2824 4536 3006 4608 Ἑνὼχ
3028 4539 3329 4606 μετετέθη,
3356 4541 3449 4591 καὶ
3477 4540 3591 4601 οὐχ

2024 4626 2363 4694 ηὑρίσκετο,
2390 4626 2484 4680 καὶ
2532 4626 2632 4679 οὐκ
2674 4624 2779 4681 εῐδε
2823 4627 3077 4681 θάνατον’
3116 4628 3448 4700 εὐηρέστησε
3484 4634 3599 4697 γᾶρ

2068 4779 2090 4811 δ
2122 4779 2280 4834 Rom.
2318 4795 2396 4847 xi,
2437 4780 2527 4836 35.
2630 4782 2651 4813 ⁵
2681 4778 2703 4835 l
2732 4780 2856 4837 Cor.
2890 4796 3012 4849 XIII,
3053 4781 3107 4836 9.
3212 4781 3406 4837 “Rom.
3446 4794 3501 4843 ι,
3535 4781 3591 4834 4.

2097 4959 2208 5027 (54)
2259 4961 2520 5030 Εὐδοκίᾳ
2542 5002 2557 5028 ,
2608 4972 2743 5033 etc._
2760 4962 2835 5016 Ex
2870 4978 2936 5017 eo
2970 4963 3092 5018 loco
3126 4963 3270 5033 quod
3320 4962 3596 5033 reliquum

2016 5038 2098 5103 est
2128 5047 2298 5103 usque
2332 5033 2397 5085 ad
2451 5029 2637 5087 vacem
2691 5029 2837 5103 εἶχον
2891 5035 2961 5086 ita
3006 5029 3397 5102 interpretatur
3435 5031 3600 5089 Peta-

2017 5100 2137 5173 vius
2164 5101 2386 5173 :‘ldque
2433 5118 2498 5156 ex
2552 5114 2708 5173 grata
2746 5100 2801 5157 in
2832 5121 2924 5157 nos
2953 5100 3246 5164 voluntate,
3278 5121 3341 5157 ac
3369 5120 3595 5158 consen-

2013 5170 2159 5222 sione
2186 5170 2396 5254 Patris,
2424 5184 2473 5226 et
2507 5170 2775 5254 voluntate
2820 5173 2954 5226 Filii
2977 5214 2991 5234 ,
3024 5190 3085 5254 ac
3115 5174 3348 5254 Spiritus
3378 5176 3590 5254 sancti;

2015 5248 2181 5312 totum
2218 5250 2271 5292 ut
2294 5241 2389 5294 hoc
2417 5245 2678 5311 negotium
2712 5244 2776 5296 ab
2816 5260 2918 5296 uno
2952 5249 3231 5312 eodemque
3259 5243 3365 5296 Deo
3399 5244 3467 5297 sit
3498 5245 3594 5296 ad-

2016 5310 2395 5382 ministratur».
2436 5310 2554 5367 Non
2581 5316 2653 5367 ita
2688 5312 3039 5375 Tlmmasius,
3075 5310 3166 5382 qui
3216 5312 3451 5367 fortasse
3486 5329 3592 5369 nec

2014 5380 2239 5452 omnino
2265 5394 2548 5452 assecutus
2575 5394 2656 5437 est
2681 5384 2965 5452 Epiphanii
3008 5399 3075 5437 eo
3095 5380 3164 5436 'in
3196 5384 3312 5437 loco
3338 5398 3597 5439 sensum.

2086 5449 2201 5519 (55}
2252 5450 2569 5535 Κήργγμα,
2608 5449 3104 5535 ιιοιιάοθηιαλεεά
3140 5454 3358 5522 proprie
3385 5468 3593 5535 ρεφερ-

2015 5518 2191 5592 nium,
2248 5523 2393 5589 quod
2428 5518 2712 5590 praeconis
2753 5518 2886 5577 voce
2912 5518 3173 5588 edicitur}
3219 5518 3475 5592 praesenti
3531 5524 3589 5578 in

2013 5588 2133 5664 loco
2159 5588 2461 5664 usurpatur
2475 5592 2544 5664 ad
2575 5592 2943 5664 denotandum
2978 5588 3406 5664 pricdicti'onem,
3440 5608 3589 5663 pra:-

2013 5658 2365 5728 dicationcin,
2405 5662 2491 5719 vel
2526 5660 2877 5719 mentionem.
