3916 6196
183 287 278 343 189

1590 290 2032 349 ANCORATUS.

3343 292 3446 350 190

182 396 254 469 τῷ
280 396 419 467 Θεῷ.
450 397 577 451 Νῶε
631 398 861 452 κιϐωτὸν
891 400 1292 456 κατεσκεύασεν
1324 402 1390 455 ἐκ
1436 401 1571 456 Θεοῦ
1602 421 1767 474 προσ-ο

1874 418 1980 457 non
2037 402 2422 458 meminerint?
2485 400 2722 455 Primum
2793 399 2978 455 Abelis
3032 400 3255 469 sanguis
3298 399 3446 455 illam

181 489 454 559 τάγματος
479 490 497 521 ¹
530 489 711 559 ἑαυτῷ
740 491 1155 559 παλιγγενεσίας
1194 492 1270 563 τῷ
1326 494 1511 565 οἰκείῳ
1538 496 1765 566 ὲργαζὸο

186 595 342 649 μενος
382 579 519 650 οἴκῳ
550 618 566 632 .
617 580 872 652 Ἀϐραάμ
921 580 1188 653 γηραλέος
1244 582 1509 653 λαμϐάνει
1566 585 1764 647 παῖδα,

186 670 593 741 νενεκρωμένου
624 671 725 743 ήδη
766 671 863 724 τοῦ
915 671 1188 743 σώματος.
1243 674 1351 727 Καὶ
1388 675 1453 728 ἐκ
1486 674 1694 747 νεκρῶν
1738 678 1767 730 6

185 758 320 823 Θεὸς
366 760 467 831 τὴν
495 760 678 815 ἐλπίδα
716 762 1070 835 κεχάρισται,
1111 763 1484 835 νεκρωθείσης
1533 765 1768 835 μάλιστα

186 849 287 919 τῆς
344 852 553 922 μήτρας
598 853 853 925 Σάρῤας·
893 854 989 906 καὶ
1038 853 1100 906 τὸ
1150 855 1633 925 πεπαλαιωμένον,
1674 855 1767 909 καὶ

188 940 355 1008 ἐγγὺς
384 942 691 1012 ἀφανισμοῦ
722 944 945 1012 γεγονὸς
976 944 1075 1014 τῆς
1103 947 1223 998 κατ’
1251 944 1475 1015 ἐθισμὸν
1512 947 1769 1015 γυναικὸς

186 1029 504 1093 ἀκολουθίας
529 1071 544 1095 ,
580 1034 615 1102 η
657 1030 985 1103 ξηρανθεῖσα
1014 1034 1167 1105 πηγὴ
1192 1030 1345 1098 αὖθις
1372 1034 1599 1106 δύναμιν
1630 1037 1768 1108 λαμ-

187 1117 335 1170 ϐάνει
364 1121 445 1182 εἰς
476 1121 782 1194 καταϐολὴν
813 1124 1126 1196 σπέρματος
1148 1167 1163 1192 ,
1190 1126 1280 1179 καὶ
1305 1127 1338 1197 ὴ
1365 1128 1609 1197 γηραλέα
1643 1146 1769 1182 vem-

185 1210 315 1279 τέρα
374 1212 609 1266 κυῖσκει.
664 1214 776 1267 Καὶ
837 1216 1023 1269 Ἰσαὰκ
1079 1217 1188 1270 ἀπὸ
1236 1217 1465 1273 Θανάτου
1506 1220 1649 1285 ζῶν,
1690 1219 1767 1291 τῷ

188 1301 353 1371 πατρὶ
388 1302 662 1373 παρεδόθη
680 1321 696 1337 υ
721 1305 750 1356 6
789 1306 898 1377 γὰρ
934 1306 1066 1369 Θεὸς
1098 1306 1158 1371 ἐξ
1186 1308 1534 1373 ἀναστάσεως
1559 1309 1768 1383 νεκρῶν

184 1392 261 1462 τῷ
298 1397 467 1464 πατρὶ
494 1396 584 1448 τὸν
626 1398 793 1451 παῖδα
836 1399 1163 1471 παραδιδοὺς
1196 1400 1374 1465 ζῶντα
1413 1401 1602 1454 ἐλπίδα
1640 1403 1769 1473 ἐκή-

186 1501 405 1555 ρυττεν.
467 1486 663 1557 Ἰωσὴφ
696 1488 938 1543 δείκνυσι
996 1490 1095 1561 τὴν
1133 1492 1515 1561 πραγματείαν
1538 1532 1553 1557 ,
1602 1492 1677 1563 μὴ
1709 1494 1768 1547 ὲν

183 1572 424 1643 δευτέρῳ
455 1575 734 1645 τιθέμενος
782 1578 879 1647 τὴν
907 1578 1016 1631 τῶν
1048 1578 1252 1633 ὀστέων
1306 1580 1490 1632 ἐλπίδα
1515 1597 1528 1609 ’
1566 1581 1771 1651 ἐπεμε-

182 1667 324 1720 λεῖτο
353 1667 459 1737 γάρ
497 1668 602 1720 τῶν
632 1669 886 1723 τοιούτων
908 1710 923 1733 ,
959 1671 1057 1742 οὐχ
1091 1671 1167 1735 ὡς
1196 1672 1582 1743 ἀπολλυμένων
1602 1714 1616 1738 ,
1652 1673 1766 1727 ἀλλ’

1868 493 2127 564 ριιωιιίοιιι
2164 510 2176 546 :
2227 509 2353 547 nam
2414 500 2534 561 post
2580 500 2808 545 mortem
2837 491 3015 545 adhuc
3052 490 3291 559 loquitur
3317 530 3332 552 ,
3386 500 3448 546 ut

1868 584 2035 639 refert
2058 582 2338 652 Scriptura
2357 583 2396 636 ’.
2428 580 2605 636 Enoch
2638 580 2935 633 translatus
2961 588 3063 643 est,
3097 590 3146 632 et
3176 596 3278 632 non
3306 580 3447 633 inve-

1871 675 2142 739 niebatur,
2202 690 2378 744 neque
2434 681 2663 727 mortem
2714 670 2882 732 vidit,
2933 670 3190 740 quoniam
3245 668 3449 739 placuit

1869 764 1981 818 Deo
2007 765 2048 816 ³.
2086 762 2198 819 Noe
2231 764 2320 820 Dei
2353 763 2609 816 mandato
2644 760 2932 815 fabricavit
2972 775 3178 822 arcam,
3217 774 3448 829 eamque

1868 855 2013 909 velut
2065 855 2535 926 regenerationem
2592 853 2811 907 familiae
2864 866 2976 906 sum
3022 850 3242 905 molitus
3288 850 3434 907 eSt‘.

1868 946 2216 1000 Abrahamus
2269 951 2429 999 atate
2478 942 2764 998 confectus
2818 941 2985 995 [ilium
3037 952 3286 995 emortuo
3330 940 3443 1007 jam

1869 1052 2100 1107 corpore
2133 1036 2383 1105 suscipit,
2426 1050 2490 1089 ac
2534 1034 2674 1088 Deus
2715 1048 2867 1107 spem
2902 1048 2932 1088 e
2958 1032 3189 1086 mortuis
3217 1032 3447 1101 largitus

1869 1136 1975 1192 est,
2020 1127 2320 1196 prtesertim
2355 1140 2480 1179 cum
2528 1125 2677 1179 Sara:
2709 1131 2992 1178 emortuus
3041 1132 3185 1179 esset
3221 1133 3445 1186 uterus;

1871 1234 1934 1273 ac
1963 1220 2106 1288 quod
2145 1218 2541 1273 inveteraverat
2568 1222 2624 1269 et
2663 1214 3057 1284 propemodum
3099 1222 3217 1267 erat
3243 1214 3448 1268 exstin-

1870 1318 2042 1372 ctum,
2081 1308 2184 1363 hoc
2228 1318 2331 1371 est,
2377 1306 2704 1377 profluvium
2750 1305 2882 1359 illud
2939 1304 3204 1359 muliebre
3230 1304 3449 1372 jamdu-

1869 1400 1998 1454 dum
2045 1399 2382 1453 exsiccatum
2416 1412 2634 1452 rursum
2666 1396 3029 1457 instauratur,
3059 1404 3111 1449 et
3153 1394 3219 1447 ad
3262 1410 3446 1449 semen

1869 1486 2229 1544 emittendum
2290 1486 2436 1541 vires
2486 1485 2732 1555 accepit;
2787 1499 2927 1539 anus
2981 1484 3216 1553 denique
3258 1484 3449 1553 puellae

1870 1594 2021 1633 more
2056 1577 2349 1648 parturit“.
2393 1576 2457 1630 Et
2495 1576 2644 1632 Isaac
2678 1577 2825 1631 velut
2866 1590 2896 1628 a
2945 1583 3119 1629 morte
3159 1582 3451 1629 revocatus

1872 1667 1938 1721 ad
1965 1669 2128 1722 vitam
2155 1667 2371 1721 oblatus
2400 1675 2485 1722 est
2512 1668 2653 1737 patri
2676 1667 2695 1698 ⁸
2726 1684 2739 1719 :
2773 1666 2974 1736 quippe
3019 1665 3161 1720 Deus
3196 1680 3263 1719 ex
3301 1680 3451 1719 mor-

183 1757 256 1819 ὡς
314 1758 617 1827 μελλόντων
651 1756 809 1824 αὖθις
842 1761 1114 1816 ἀναϐιοῦν.
1166 1762 1278 1815 Καὶ
1310 1763 1608 1817 ἐνετέλλετο
1637 1765 1765 1818 ἀνα-

1874 1767 2089 1813 tuorum
2138 1760 2538 1815 resurrectione
2581 1759 2762 1812 vivum
2792 1758 3001 1828 parenti
3049 1765 3450 1826 repraesentans

184 1847 513 1917 κομισθῆναι
548 1849 612 1900 ἐκ
659 1849 759 1918 τῆς
788 1849 895 1902 τῶν
927 1851 1241 1918 Αἰγυπτίων
1278 1851 1480 1923 χώρας,
1533 1854 1595 1906 οὐ
1622 1870 1765 1925 παρο

185 1936 378 2007 ἐργως.
432 1938 544 1990 Kal.
598 1939 626 1991 6
694 1939 892 2009 Ἰωσὴφ
935 1940 1095 1993 τοῦτο
1149 1943 1424 2013 ἐσήμανε,
1477 1946 1766 1999 Evr-aro!-

183 2026 333 2079 σατέ
392 2044 513 2095 μου
581 2026 653 2081 τὰ
715 2028 867 2083 ὀστᾶ
892 2070 906 2094 ,
957 2029 1179 2097 φάσκων
1215 2045 1228 2059 ·
1294 2030 1599 2100 ἐπισκοπῇ
1657 2032 1767 2101 γὰρ

180 2117 578 2184 ἐπισκέψεται
618 2116 773 2185 ὑμᾶς
812 2120 845 2172 ὁ
875 2119 1107 2186 Κύριος.
1138 2120 1199 2172 Εί
1246 2118 1319 2190 μὴ
1366 2118 1521 2182 ἐλπὶς
1547 2115 1614 2191 ἦν
1639 2121 1768 2173 ἀνα-

183 2208 463 2270 στάσεως,
514 2208 598 2271 τίς
646 2208 845 2261 ὀστέων
892 2210 925 2279 ἡ
978 2209 1262 2278 ἐπιμέλεια
1307 2212 1436 2281 περὶ
1474 2210 1580 2263 τῶν
1612 2210 1766 2279 φθει-

186 2298 434 2369 ρομένων
479 2298 682 2352 ὀστέων
722 2298 1063 2353 ἐντέλλεσθαι
1096 2301 1221 2363 τοὺς
1252 2300 1530 2365 δικαίους;
1565 2302 1762 2372 Πρώτη

182 2390 340 2461 φωνὴ
370 2390 447 2460 τῷ
472 2391 679 2462 Μωῡσῇ
710 2394 742 2461 ἠ
778 2391 873 2445 τοῦ
901 2391 1035 2445 Θεοῦ
1068 2392 1367 2464 μαρτυρία·
1387 2394 1530 2462 Ἐγὼ
1564 2396 1596 2447 ό
1623 2392 1767 2458 Θεὸς

191 2483 453 2551 Ἀεραὰμ
476 2522 491 2543 ,
520 2483 619 2536 καί
650 2487 683 2537 ό
712 2484 859 2550 Θεὸς
899 2484 1127 2551 Ἰσαὰκ,
1161 2484 1258 2538 καὶ
1294 2488 1327 2538 ό
1359 2485 1503 2550 Θεὸς
1539 2484 1764 2549 Ἰακὼϐ,

179 2572 286 2625 τῶν
317 2574 381 2626 ὲν
410 2573 600 2644 κόσμῳ
639 2574 737 2643 μὲν
780 2574 1173 2645 κοιμωμένων,
1209 2576 1338 2646 παρ’
1373 2575 1495 2645 ἐμοὶ
1526 2573 1763 2638 ζώντων.

182 2666 279 2717 Ἕν
312 2663 566 2734 Πνεῦμα,
595 2665 689 2717 καὶ
710 2664 770 2717 τὸ
799 2665 931 2720 αὐτὸ
953 2664 1012 2718 τὸ
1038 2665 1278 2737 λαλῆσαν
1303 2667 1361 2718 ἐν
1389 2666 1566 2736 νόμῳ,
1597 2666 1691 2719 καὶ
1714 2668 1773 2719 ἐν

180 2755 511 2825 Εὖαγγελίῳ
538 2755 789 2810 διδάσκον
813 2775 827 2787 ·
858 2756 1014 2810 τοῦτο
1045 2757 1153 2827 γάρ
1196 2758 1291 2811 καὶ
1325 2756 1698 2821 Σαδδουκαίοις
1743 2759 1773 2811 ὁ

179 2847 377 2919 Σωτὴρ
404 2848 736 2918 ἐσήμαινεν,
782 2849 835 2902 Ὀ
870 2847 1077 2903 λαλῶν
1120 2849 1191 2903 ἐν
1218 2848 1341 2916 τοῖς
1396 2851 1730 2919 προφήταις
1753 2887 1770 2915 ,

177 2939 448 3009 πάρειμι.

1877 1851 2069 1911 tilium,
2101 1866 2252 1920 spem
2284 1850 2706 1906 resurrectionis
2730 1848 2992 1904 ostendit.
3029 1847 3176 1903 Idem
3208 1856 3263 1900 et
3291 1846 3450 1902 Jose-

1872 1940 2016 2011 phus
2064 1956 2165 1995 suo
2200 1941 2343 1997 facto
2376 1940 2773 2010 comprobavit,
2813 1954 2936 1993 eum
2987 1938 3193 1993 ossium
3224 1952 3448 1992 suorum

1873 2046 2023 2100 spem
2047 2038 2102 2085 et
2143 2031 2608 2100 exspectationem
2643 2029 3020 2099 negligendam
3051 2045 3160 2083 non
3195 2028 3445 2095 putavit:

1872 2122 2073 2191 quibus
2115 2137 2224 2179 non
2269 2129 2528 2190 tanquam
2573 2119 2854 2189 perituris,
2907 2118 3002 2174 sed
3045 2130 3105 2172 ut
3152 2119 3280 2171 olim
3328 2118 3450 2171 vita:

1874 2211 2224 2267 restituendis
2264 2226 2453 2266 curam
2498 2210 2780 2275 adhibuit;
2814 2216 2977 2279 atque
3025 2218 3084 2263 ut
3117 2224 3185 2263 ex
3213 2207 3450 2278 Egypto

1874 2305 2299 2374 deportarentur
2320 2305 2486 2359 etiam
2519 2311 2680 2371 atque
2708 2302 2873 2355 etiam
2901 2302 3180 2371 praecepit,
3212 2301 3297 2355 his
3326 2317 3450 2355 ver-

1873 2394 1959 2450 bis
1986 2411 2117 2451 suos
2146 2396 2419 2450 allocutus
2448 2409 2462 2447 :
2497 2392 2811 2461 Exportate,
2835 2394 3034 2463 inquit,
3064 2409 3187 2447 ossa
3214 2409 3330 2446 mea
3360 2408 3452 2446 uo—

1874 2486 2074 2541 biscum
2102 2502 2120 2540 :
2151 2487 2414 2541 visitando
2438 2485 2578 2539 enim
2603 2485 2836 2539 visitabit
2863 2501 2950 2539 vos
2976 2484 3233 2538 Dominus
3256 2485 3298 2537 ⁷.
3357 2486 3455 2537 Αι-

1875 2579 1968 2650 qui
1999 2580 2046 2635 si
2082 2580 2231 2634 nulla
2262 2586 2407 2635 esset
2444 2579 2625 2633 futura
2666 2577 3019 2639 resurrectio,
3054 2590 3317 2646 quorsum
3343 2583 3453 2629 tam

1874 2672 2108 2741 diligens
2136 2672 2344 2726 ossium
2385 2685 2540 2734 cura,
2572 2676 2632 2723 ut
2676 2670 2744 2725 de
2784 2669 3047 2739 perituris
3078 2666 3452 2736 ossibusjusti

1876 2762 2127 2817 homines
2166 2769 2276 2815 tam
2318 2770 2578 2816 accurate
2603 2761 3065 2829 vehementerque
3094 2762 3456 2816 mandarent?

1872 2851 1988 2906 Vox
2020 2851 2110 2905 illa
2147 2852 2322 2921 prima
2370 2865 2493 2920 quae
2525 2850 2696 2921 Moysi
2729 2850 2875 2905 edita
2922 2858 3029 2914 est,
3059 2850 3125 2904 de
3158 2851 3347 2904 eadem
3394 2864 3457 2905 re

1872 2947 1967 3004 Dei
2021 2947 2390 3003 testimonium
2440 2945 2678 2999 habuit:
2730 2942 2840 3014 Ego
2878 2959 3018 3007 sum,
3056 2942 3253 3012 inquit,
3311 2940 3453 2993 Deus

176 3027 483 3094 Abraham,
532 3038 583 3084 et
627 3028 762 3085 Deus
796 3028 974 3097 Isaac,
1021 3039 1073 3085 et
1121 3030 1261 3088 Deus
1303 3030 1471 3087 Iacob
1494 3033 1539 3097 ⁸,
1587 3033 1679 3103 qui
1717 3036 1770 3090 in
1804 3037 2010 3092 mundo
2047 3038 2270 3104 mortui,
2308 3036 2451 3107 apud
2480 3052 2567 3091 me
2597 3034 2810 3090 vivunt.
2876 3032 3027 3087 Unus
3056 3047 3221 3103 porro
3282 3030 3456 3085 idem-

177 3138 287 3191 que
317 3121 591 3192 Spiritus,
625 3125 807 3195 quiin
848 3126 966 3198 lege
1010 3126 1227 3183 locutus
1273 3136 1387 3192 est,
1436 3128 1585 3184 istud
1629 3130 1807 3199 ipsum
1848 3132 1902 3185 in
1946 3130 2240 3202 Evangelio
2286 3145 2504 3200 quoque
2559 3128 2750 3184 docuit
2794 3146 2807 3182 :
2874 3127 3143 3197 siquidem
3192 3124 3454 3180 Dominus

178 3219 511 3276 Sadduczeis
540 3218 685 3273 idem
719 3219 878 3290 plane
907 3218 1236 3290 significavit
1261 3218 1397 3286 :Qui
1422 3220 1672 3289 loquebar
1715 3223 1769 3275 in
1801 3222 2088 3290 prophetis,
2123 3238 2238 3277 ecce
2267 3221 2521 3275 adsum'.

247 3313 379 3380 ι,Εὲ
440 3311 745 3375 Ὑποδείξει
803 3311 860 3363 δὲ
893 3313 926 3379 ή
983 3310 1178 3380 ῥάϐδος
1223 3308 1318 3363 τοῦ
1381 3310 1589 3383 Ἀαρὼν
1636 3311 1769 3382 ξηρά

1952 3310 2115 3369 XCV.
2156 3310 2267 3366 Nec
2297 3312 2481 3370 minus
2515 3308 2580 3363 ad
2616 3307 2748 3363 illud
2781 3304 3271 3362 demonstrandum
3311 3304 3458 3359 valet

176 3400 319 3460 οὖσα
368 3404 582 3457 πολλῶν
609 3404 749 3473 τάχα
783 3402 941 3467 ὲτῶν,
968 3403 1063 3455 καὶ
1100 3403 1158 3456 ὲν
1211 3404 1384 3473 σκηνῇ
1419 3403 1510 3471 ἀφ’
1539 3402 1778 3474 ἑσπέρας

175 3498 276 3551 ut
309 3504 440 3567 ἄχρι
489 3496 591 3565 τῆς
640 3495 716 3547 ’ἐω
770 3493 1215 3563 καταλειφθεῖσα.
1248 3494 1444 3557 Αὐτοῖς
1496 3493 1606 3565 γάρ
1638 3493 1777 3564 μετά

171 3590 453 3659 καμάτων
486 3587 597 3657 (56)
634 3586 704 3639 τά
737 3586 915 3650 ζῶντα
962 3584 1156 3655 δένδρα
1203 3584 1292 3637 διὰ
1323 3583 1547 3636 δεκαδύο
1591 3584 1777 3655 μηνῶν

168 3679 334 3733 κατὰ
361 3677 608 3749 περίοδον
636 3674 883 3730 ἐνιαυτοῦ
913 3675 1289 3746 πληρουμένου
1318 3675 1563 3746 καρποὺς
1590 3676 1773 3745 γεννᾷ.

166 3769 343 3841 ἡλίου
373 3784 431 3820 τε
460 3768 755 3829 θάλποντος
775 3807 790 3831 ,
830 3767 998 3820 ὑετῶν
1030 3766 1367 3837 ἀρδευόντων
1393 3806 1409 3829 ,
1445 3766 1650 3837 δρόσων
1681 3784 1776 3819 πε-

162 3860 537 3915 ταννυουσῶν
556 3900 573 3922 ,
608 3859 799 3922 νυκτός
824 3876 884 3911 τε
913 3860 1006 3912 καὶ
1031 3858 1248 3931 ἡμέρας
1286 3858 1604 3930 τρεφουσῶν
1629 3900 1643 3924 ,
1672 3858 1777 3912 ὑπὸ

164 3953 325 4023 μίαν
364 3950 532 4003 νύκτα
574 3951 633 4003 τὸ
661 3950 919 4022 δυσχερὲς
954 3950 1177 4022 εὐχερὲς
1217 3952 1245 4004 6
1287 3950 1419 4013 Θεὸς
1446 3952 1770 4021 εἰργάσατο·

160 4043 505 4111 ἐϐλάστησε
559 4041 664 4114 γὰρ
701 4042 735 4112 ὴ
767 4040 909 4112 ξηρὰ
931 4040 1125 4112 ῥάϐδος
1148 4080 1163 4104 ,
1194 4041 1288 4094 καὶ
1316 4040 1489 4110 φύλλα
1527 4040 1775 4094 ἐκϐάλλει

160 4138 271 4188 καὶ
338 4134 588 4204 καρποὺς
619 4134 935 4204 πεπείρους.
983 4134 1065 4187 Τὰ
1112 4134 1271 4203 ὅμοια
1304 4134 1411 4205 γὰρ
1446 4132 1720 4199 ὑπέδειξεν
1748 4135 1776 4186 6

156 4227 312 4289 Θεδς
344 4226 451 4295 τῆς
486 4224 789 4296 μελλούσης
817 4225 909 4279 ὑπ’
943 4226 1109 4279 αὑτοῦ
1140 4224 1357 4278 ἔσεσθαι
1404 4224 1772 4287 ἀναστάσεως.

160 4318 726 4390 Συλλαμϐανομένων
762 4318 819 4371 δὲ
870 4317 978 4370 τῶν
1022 4316 1225 4370 παίδων
1266 4315 1405 4370 κατὰ
1451 4317 1540 4369 τὸν
1580 4316 1774 4386 σεμνὸν

1877 3406 2114 3459 Aaronis
2154 3404 2245 3458 illa
2274 3403 2447 3473 virga,
2478 3418 2599 3472 qua:
2640 3401 2828 3455 multis
2847 3400 2958 3469 jam
2991 3399 3150 3454 annis
3189 3398 3452 3463 arefacta,

1877 3502 1933 3551 et
1969 3496 2023 3550 in
2064 3495 2421 3551 tabernaculo
2460 3508 2490 3547 a
2543 3508 2772 3564 vespera
2818 3492 2885 3547 ad
2938 3490 3239 3546 diluculum
3282 3506 3457 3561 usque

1877 3587 2123 3658 deposita
2155 3586 2331 3641 fuerat
2354 3588 2417 3640 “.
2454 3586 2590 3640 Cum
2624 3586 2768 3640 enim
2821 3585 2957 3637 viva:
3009 3583 3237 3637 arbores
3280 3583 3456 3652 spisse

1877 3696 2217 3750 operoseque
2270 3677 2560 3733 duodecim
2616 3677 2748 3731 totis
2778 3675 2892 3745 99
2920 3674 3237 3736 mensibus,
3293 3683 3457 3742 atque

1877 3788 2023 3827 anno
2070 3781 2317 3827 vertente
2367 3771 2579 3824 fructus
2624 3769 2859 3839 pariant,
2912 3783 3033 3822 cum
3087 3768 3221 3822 solis
3260 3764 3456 3819 ardore.

1877 3863 2138 3926 confotze,
2200 3872 2313 3916 tum
2366 3863 2603 3932 irrigata:
2651 3860 2886 3929 pluviis,
2934 3868 3100 3926 atque
3147 3856 3455 3924 explicantc

1878 3971 2001 4011 rore
2036 3955 2302 4025 germina,
2358 3969 2422 4009 ac
2470 3954 2589 4008 dies
2626 3959 2680 4007 et
2712 3959 2901 4004 noctes
2936 3950 3134 4013 alente,
3189 3961 3296 4001 una
3345 3963 3454 4001 non

1878 4045 2112 4114 amplius
2153 4053 2335 4109 nocte,
2385 4043 2529 4113 quod
2581 4041 2803 4095 dillicile
2858 4046 2977 4094 erat
3040 4038 3190 4092 nullo
3238 4038 3456 4107 negotio

1877 4136 2019 4192 Deus
2061 4135 2329 4200 absolvit;
2372 4150 2499 4188 nam
2544 4142 2598 4188 et
2650 4131 2801 4186 arida
2834 4130 2987 4201 virga
3036 4129 3346 4201 pullulavit,
3400 4136 3456 4183 et

1880 4228 2007 4283 folia
2037 4235 2393 4297 maturosque
2424 4226 2634 4281 fructus
2678 4224 2889 4295 peperit
2920 4241 2934 4276 :
2967 4237 3074 4292 qua
3121 4220 3344 4291 quidem
3380 4219 3458 4274 si-

1880 4319 2187 4375 militudine
2230 4318 2468 4372 futuram
2521 4318 2671 4372 illam
2737 4315 2789 4369 vi
2846 4328 2943 4369 sua
2996 4311 3457 4368 resurrectionem

154 4412 369 4483 γάμον
389 4452 404 4475 ,
430 4411 491 4465 δν
523 4414 552 4464 6
584 4410 791 4482 Κύριος
821 4409 1064 4474 ὑπέδειξε
1084 4450 1099 4475 ,
1126 4409 1341 4481 πρῶτον
1375 4408 1769 4463 καταϐάλλεται

1879 4409 2021 4465 Deus
2060 4408 2385 4463 adumbrare
2418 4408 2614 4461 voluit.
2644 4405 2781 4461 Cum
2819 4405 3065 4460 honestis
3098 4402 3299 4473 nuptiis
3322 4416 3458 4472 qua-

154 4506 417 4575 σττὲρμα
469 4503 572 4574 τῆς
619 4500 974 4568 ἀκολουθίας,
1035 4501 1110 4565 ὡς
1139 4502 1444 4566 κατέδειξεν
1487 4504 1515 4555 6
1547 4504 1769 4574 Κύριος,

1878 4516 1997 4556 rum
2029 4508 2223 4556 auctor
2251 4508 2335 4555 est
2379 4498 2544 4562 Deus,
2587 4498 2744 4552 liberi
2784 4505 3180 4567 pmpagantur,
3218 4494 3456 4564 primum

149 4599 319 4651 κατὰ
352 4596 459 4660 τὰς
493 4594 817 4665 γεννητικὰς
848 4596 1087 4665 μητραςο
1117 4593 1293 4665 χρόνῳ
1318 4593 1373 4645 δὲ
1412 4593 1769 4663 άνακυλιόμε-

1882 4594 1938 4648 in
1972 4594 2261 4664 genitalem
2306 4592 2499 4646 matris
2540 4600 2777 4651 uterum,
2808 4588 3265 4658 quemadmodqu
3313 4586 3460 4640 Deus

148 4707 253 4744 νον
290 4689 371 4742 τὸ
406 4686 750 4757 καταϐληθὲν
781 4688 838 4740 ὲν
871 4689 936 4757 τῇ
966 4687 1165 4757 γαστρὶ
1188 4726 1203 4749 ,
1235 4685 1641 4756 τελεσφορεῖται
1682 4684 1769 4739 διὰ

1880 4685 2140 4749 instituit,
2172 4698 2359 4738 semen
2397 4680 2726 4743 infunditur,
2761 4688 2873 4732 tum
2919 4692 3209 4748 progressu
3248 4686 3458 4745 tempo-

142 4783 378 4855 χρόνου
422 4779 811 4850 ἑνναμηνιαίου
833 4794 849 4810 ⁶
890 4778 1033 4848 φημὶ
1061 4777 1117 4830 δὲ
1142 4777 1246 4831 ὑπὸ
1279 4776 1434 4830 ἐννέα
1472 4776 1657 4848 μηνῶν
1683 4776 1769 4830 τὸν

1882 4776 1957 4831 ris
1989 4775 2135 4846 quod
2165 4782 2344 4830 satum
2375 4780 2465 4829 est
2501 4772 2556 4825 in
2584 4779 2762 4837 utero,
2787 4784 2980 4824 novem
3016 4766 3287 4821 mensium
3320 4776 3456 4820 tem-

136 4873 429 4947 ἀριθμὸν
467 4872 925 4940 τελεσιουργεῖται
960 4869 1022 4922 τὺ
1054 4868 1413 4939 κυῖσκόμενον
1446 4868 1541 4919 καὶ
1584 4867 1774 4935 γεννᾶ-

132 4984 263 5020 ται.
325 4962 434 5017 Ἑν
456 4962 514 5015 δὲ
543 4964 609 5032 τῇ
631 4961 925 5015 ἀναστάσει
961 4960 1059 5030 οὐχ
1086 4958 1257 5021 οὕτως
1284 4998 1299 5023 ,
1335 4959 1441 5012 ὑπὸ
1470 4957 1622 5029 θῆξιν
1665 4957 1773 5026 γὰρ

131 5058 201 5111 τὸ
240 5057 442 5128 ἔργον
466 5070 480 5084 ·
513 5053 807 5107 Σαλπίσει
844 5052 993 5121 γὰρ,
1042 5051 1142 5105 καί
1189 5054 1241 5105 οἱ
1288 5050 1488 5119 νεκροί
1534 5048 1776 5119 ἐγερθή-

127 5162 397 5205 σονται
439 5142 730 5213 ἄφθαρτοι
750 5159 761 5173 ⁸
797 5142 869 5206 ὡς
896 5142 1095 5208 ἔδειξεν
1126 5142 1154 5195 6
1184 5140 1388 5213 Κύριος
1414 5141 1473 5193 ὲν
1502 5142 1568 5211 τῇ
1602 5140 1772 5211 σκηνῇ

1880 4882 2011 4938 pore
2050 4866 2355 4937 perficitur,
2392 4879 2457 4919 ac
2503 4864 2723 4919 demum
2758 4862 2813 4915 in
2862 4861 3042 4914 lucem
3076 4856 3366 4913 emittitur.
3395 4854 3454 4908 In

1880 4959 2283 5013 resurrectione
2344 4971 2478 5011 vero
2538 4968 2646 5008 non
2700 4952 2887 5008 eadem
2941 4950 3045 5007 erit
3103 4947 3278 5012 ratio;
3334 4962 3453 5003 mo-

1882 5058 2064 5105 mento
2095 5051 2293 5120 quippe
2325 5063 2413 5103 res
2458 5056 2571 5101 tota
2600 5046 2878 5117 peragitur
2912 5063 2925 5097 :
2962 5041 3167 5096 Etenim
3204 5040 3328 5092 tuba
3366 5053 3457 5090 ca-

1882 5149 1988 5207 uet,
2020 5148 2069 5193 et
2096 5140 2291 5194 mortui
2323 5148 2593 5209 resurgant
2625 5136 3000 5204 incorrupti".
3021 5132 3077 5189 ιιι
3104 5130 3250 5203 quod
3280 5131 3335 5183 in
3360 5128 3454 5182 illo

212 5311 231 5341 ⁸
274 5305 513 5359 Deesse
543 5301 795 5355 nonnihil
836 5300 1069 5355 videtur.
1168 5302 1187 5331 ²
1211 5298 1373 5353 llebr.
1402 5315 1477 5363 xi,
1506 5299 1557 5353 ι.
1666 5297 1686 5329 ³
1715 5295 1847 5351 ibid.
1887 5297 1956 5359 5;
1994 5296 2128 5352 Gen.
2158 5313 2210 5363 v,
2250 5296 2339 5350 2L
2446 5295 2465 5325 ‘
2495 5294 2628 5349 Gen.
2661 5310 2734 5358 vI,
2768 5292 2946 5363 Ssqq.
3048 5290 3081 5363 γ’,
3105 5288 3239 5363 Gen.
3281 5302 3451 5346 XVIII.

129 5383 203 5436 to
240 5357 404 5447 si".
460 5371 686 5447 fﬁeri.
730 5372 1001 5447 xxu.__j2;
1028 5370 1187 5425 llebr.
1229 5386 1302 5434 τι,
1336 5370 1422 5424 l9.
1466 5357 1515 5400 ’⁷
1558 5366 1729 5423 Exod.
1761 5382 1880 5434 xm,
1915 5357 2001 5423 i9.
2077 5357 2293 5421 “Ex'od.
2336 5380 2416 5430 ιιι,
2458 5365 2511 5420 6.
2588 5366 2608 5396 ⁹
2640 5357 2744 5419 ιειι.
2783 5357 2886 5430 ιιι,
2912 5357 2964 5416 6.
3042 5361 3086 5391 ¹⁶
3119 5357 3279 5412 Num.
3318 5370 3453 5423 xvu,

127 5454 163 5504 6
194 5442 367 5521 sqq.
456 5444 497 5474 ¹¹
533 5443 705 5497 lCor.
734 5458 824 5505 xv,
856 5442 941 5496 ὅδὲ.

200 5570 348 5639 (56)
392 5562 567 5639 ιιετὰ
596 5562 913 5639 καματωις,
952 5574 1205 5639 _opcros_e,
1255 5572 1375 5639 cuiu
1425 5555 1767 5639 labore.dAd
1878 5554 2049 5639 pretis
2079 5552 2246 5639 spisse
2279 5562 2720 5639 operoseque'nec
2766 5540 3447 5639 sensum

126 5614 480 5714 Ειξῖᾖῖαἶιιι
508 5614 754 5714 mentem.
776 5614 919 5714 eo
952 5614 1139 5710 locoosi
1169 5614 1770 5714 respiciamusgpti‘me
1878 5614 2060 5682 textus
2093 5614 2336 5690 videtur,
2384 5614 2560 5692 neque
2590 5618 2839 5676 Latinam
2871 5614 3076 5675 redolet
3103 5614 3447 5688 elegantiam.

121 5696 511 5772 rc'dderctur
558 5716 659 5772 per
690 5701 1007 5757 adverbium
1050 5700 1155 5755 vix.
1188 5696 1323 5753 lllud
1382 5697 1554 5753 nostri
1611 5696 1771 5752 inter-
