3916 6196
202 292 309 349 ’193

1593 283 2034 342 ANCORATUS.

3372 297 3475 354 1θῦ

207 403 530 475 νευόμενον,
563 402 651 472 μὴ
685 401 1086 470 ἀνακάμψῃς,
1134 401 1202 471 ἢ,
1237 399 1326 469 μὴ
1365 401 1755 469 προστεθείης
1777 441 1792 466 ,

1902 402 2042 456 braeo
2078 401 2157 457 sic
2182 401 2446 473 scriptum
2475 410 2578 466 est,
2609 405 2895 470 elthotliar,
2927 407 3074 478 quod
3108 407 3244 464 idem
3275 421 3358 465 est
3387 430 3472 478 ae,

205 501 238 570 ἧ
275 498 440 550 πάλιν
464 537 478 558 ,
502 494 587 564 μὴ
625 495 1042 563 περισσεύσῃς
1063 509 1075 521 ’
1103 492 1426 561 ψιλούμενον
1448 491 1503 544 δὲ
1529 494 1593 561 τῇ
1630 491 1794 556 λέξει,

201 587 289 657 μὴ
314 587 597 655 ἐκζὲσῃς·
623 588 670 638 oi
685 587 741 640 δὲ
768 585 1134 654 Ἐρμηνευταὶ
1161 582 1271 652 (59)
1304 580 1571 645 ἐξέδωκαν
1601 581 1794 646 οὕτως.

206 677 325 729 Καὶ
352 676 533 738 θέλεις
571 673 768 744 μαθεῖν’
795 675 877 726 ὅτι
907 673 1060 726 ταῦθ’
1086 671 1258 735 οὕτως
1289 673 1422 742 φησι
1444 713 1457 737 ,
1495 675 1588 726 καὶ
1611 672 1797 727 θανόν-

207 784 306 830 τος
338 769 353 798 ¹
389 767 498 819 ἀπὸ
527 765 724 836 πατρὸς
753 764 983 834 ὡρίζετο
1019 762 1194 833 τούτῳ
1239 762 1602 833 ἡμαρτηκότι,
1628 765 1796 816 Maii)-

210 859 319 928 σῆς
354 875 437 910 σοι
482 856 781 927 σαφηνίσει.
817 854 1068 921 Εὑλογῶν
1113 853 1223 924 γὰρ
1255 852 1415 916 αὐτὸς
1443 853 1538 905 καὶ
1574 853 1672 915 τὰς
1697 851 1798 905 δὼ-

208 947 348 999 δεκα
387 945 587 1013 φυλὰς,
635 944 729 996 ἐπὶ
779 943 872 995 τὸν
933 942 1188 1013 Ῥουόεὶμ
1242 940 1442 1004 ἐλθὼν,
1497 941 1588 994 καὶ
1637 942 1798 1007 γνοὺς

208 1039 291 1090 ὅτι
321 1037 497 1106 ἱερεὺς
521 1035 652 1088 Λευῒ
677 1036 756 1104 (ἐν
786 1035 930 1105 χειρῖ¹
975 1035 1083 1104 γὰρ
1127 1033 1229 1103 τῆς
1278 1033 1578 1103 ἱερωσύνης
1617 1031 1799 1084 ἐλύετο

207 1128 306 1178 καὶ
333 1124 657 1194 ἐδεσμεύετο
681 1126 748 1177 τὰ
776 1127 1203 1194 ἁμαρτήματα),
1236 1122 1369 1192 φησί
1389 1141 1402 1153 ·
1445 1122 1610 1189 Ζήτω
1648 1123 1799 1176 Ῥου-

208 1219 362 1286 (Teia,
421 1217 522 1269 καὶ
572 1216 660 1284 μὴ
697 1215 996 1281 ἀποθάνῃ.
1029 1214 1150 1275 Πῶς
1174 1215 1228 1267 δὲ
1258 1215 1478 1268 ἐδύνατο
1505 1214 1600 1284 ζῇν
1633 1215 1660 1266 ὁ
1695 1215 1798 1282 πρὸ

204 1309 405 1361 ἑκατὸν
439 1309 610 1360 εἴκοσι
658 1307 715 1372 ἓξ
755 1306 892 1357 ἐτῶν
923 1305 1032 1374 (60)
1090 1305 1469 1376 τεΟαμμένος;
1531 1305 1646 1358 ἀλλ’
1678 1306 1798 1358 ἐπεὶ

205 1401 294 1466 (εἰ
324 1399 384 1466 ⁸)
442 1398 537 1450 καὶ
588 1397 689 1467 τὴν
745 1395 1041 1448 ἀνάστασιν
1099 1395 1240 1448 κατά
1295 1395 1470 1448 πάντα
1502 1395 1798 1464 μέλλουσαν

204 1489 433 1542 ἔσεσθαι
458 1528 472 1552 ,
501 1484 604 1540 οἶδε
649 1487 706 1539 δὲ
737 1487 967 1540 θάνατον
1010 1486 1260 1557 δεύτερον
1290 1485 1376 1538 διὰ
1406 1485 1701 1556 καταδίκης
1740 1486 1797 1538 ὲν

203 1584 272 1650 τῇ
306 1565 490 1650 ἡμέρα
534 1579 633 1648 τῆς
664 1579 901 1649 κρίσεως
921 1620 934 1641 ,
989 1577 1312 1648 βουλόμενος
1359 1577 1520 1630 αὐτὸν
1551 1576 1673 1629 ἀντὶ
1701 1577 1805 1644 τῆς.

205 1674 340 1741 μιᾶς
367 1670 639 1740 τιμωρίας
673 1668 927 1737 κουφίσαι
976 1668 1082 1721 ἀπὸ
1131 1668 1236 1720 τῶν
1273 1667 1605 1738 μελλόντων,
1641 1666 1793 1737 φησι,

205 1737 377 1828 έήτω
398 1737 440 1822 ,ν
467 1737 529 1812 ἐν
549 1764 615 1831 τῇ
650 1760 942 1813 ἀναστάσει
973 1760 1253 1828 σημαίνων
1278 1737 1421 1829 (ᾔδει
1458 1759 1565 1827 γὰρ
1592 1758 1672 1811 ὅτι
1701 1757 1794 1826 ζήο
1831 1737 1871 1790 Β

205 1870 392 1906 σονται
431 1850 712 1918 ἅπαντες),
742 1849 839 1902 καὶ
860 1849 946 1918 μὴ
975 1847 1250 1916 ἀποθάνῃ
1273 1887 1288 1912 ,
1321 1849 1569 1902 τουτέστι
1600 1849 1673 1919 μὴ
1709 1866 1800 1900 πε-

207 1940 440 2011 ριϐληοῇ
469 1939 682 2008 θανάτῳ
725 1937 962 2008 δευτέρῳ
989 1937 1066 2007 τῷ
1098 1936 1187 1989 διὰ
1235 1936 1535 2006 καταδίκης
1571 1937 1665 1989 καλ⁵
1711 1935 1801 2006 βα·

205 2031 357 2098 σάνῳ
403 2028 626 2096 αἰωνίῳ.
671 2027 735 2078 Εἰ
790 2026 898 2096 γὰρ
946 2026 1203 2096 περὶτῆς
1253 2026 1456 2095 ζημίας
1505 2025 1604 2095 τῆς
1651 2023 1799 2094 ζωῆς

202 2117 359 2188 αὖτῷ
406 2117 628 2187 ἔμελεν,
656 2116 818 2187 ἢρκει
852 2116 1026 2168 εἰπεῖν
1059 2115 1217 2184 μόνον
1244 2156 1258 2179 ,
1293 2115 1462 2182 Ζήτω
1505 2115 1792 2183 Ῥουϐείμ.

217 2207 442 2278 Ἐπειδὴ
480 2207 536 2259 δὲ
580 2206 709 2276 περὶ
758 2204 865 2258 τῶν
922 2204 1219 2275 μελλόντων
1275 2204 1529 2275 σημαίνει
1554 2243 1568 2268 ,
1618 2203 1787 2272 λέγει,

202 2300 379 2364 Ζιῖτω
427 2296 708 2364 Ῥουϐεὶμ,
735 2295 832 2351 καὶ
861 2295 948 2363 μὴ
984 2293 1280 2363 ἀποθάνῃ.

1898 507 1960 544 ne
1983 490 2188 556 redeas,
2234 490 2370 554 sive,
2407 509 2469 545 ne
2504 493 2773 547 addideris
2797 535 2809 554 ,
2844 496 2950 559 vel,
3001 513 3063 550 ne
3099 499 3472 558 abundaverit.

1897 579 2052 645 Quod
2087 581 2131 635 si
2172 581 2279 634 leni
2309 582 2503 650 spiritu
2545 585 2948 652 pronuntianda
2997 587 3068 640 sit
3109 589 3296 653 dictio,
3332 591 3476 646 idem

1897 678 1980 724 est
2010 685 2102 734 ac,
2131 687 2192 724 ne
2221 672 2491 740 effervens,
2525 689 2685 742 quem
2738 691 2962 730 sensum
3003 679 3336 748 Interpretes
3382 698 3477 736 ex-

1897 769 2238 827 presserunt.
2273 761 2430 826 Quod
2461 763 2506 817 si
2532 764 2646 818 haec
2683 765 2751 818 ab
2782 767 2875 819 illo
2906 767 2979 820 ita
3011 784 3135 824 esse
3159 771 3304 825 dicta
3337 774 3476 828 velis

1897 848 2110 904 discere
2148 862 2350 921 :atque
2392 867 2421 905 a
2468 861 2622 922 patre
2667 856 2715 908 ei
2747 857 2838 925 qui
2884 858 3208 929 deliquerat,
3243 873 3472 917 mortem

1898 952 2072 1006 paena:
2092 940 2220 993 'loeo
2246 943 2605 995 constitutam
2636 943 2824 1007 fuisse,
2857 945 3071 1016 Moyses
3102 950 3196 1001 tibi
3224 949 3474 1004 declara-

1899 1030 1996 1084 bit.
2029 1029 2132 1095 Qui
2167 1047 2289 1084 eum
2316 1033 2602 1088 duodecim
2635 1035 2887 1088 tribubus
2915 1037 3277 1101 benedicerct,
3314 1049 3369 1093 et
3404 1042 3473 1093 ad

1900 1119 2088 1174 Ruben
2121 1124 2478 1191 pervenisset,
2521 1140 2626 1178 non
2665 1126 2925 1194 ignorans
2964 1130 3303 1183 sacerdotem
3351 1146 3474 1185 esse

1899 1212 2025 1267 Levi
2065 1215 2380 1282 (sacerdotii
2416 1219 2557 1270 enim
2597 1218 3073 1274 administratione
3115 1225 3472 1280 solvebantur

1898 1311 1951 1356 et
1999 1305 2382 1374 obligabantur
2424 1313 2670 1378 peccata)
2698 1352 2711 1375 ,
2747 1312 2802 1364 in
2857 1312 2968 1365 haec
3018 1315 3179 1366 verba
3227 1331 3472 1382 pronun-

1898 1392 1998 1444 tiat
2047 1411 2058 1445 :
2122 1393 2269 1447 I'ivat
2313 1395 2513 1460 Ruben,
2559 1407 2607 1449 et
2659 1415 2762 1451 non
2809 1402 3129 1454 moriatur".
3187 1402 3473 1468 Quomodo

1898 1479 2079 1534 vivere
2119 1482 2208 1535 ille
2242 1494 2474 1550 poterat,
2506 1487 2596 1554 qui
2631 1495 2755 1542 ante
2786 1499 3005 1542 centum
3058 1501 3112 1544 ct
3150 1493 3337 1562 viginti
3373 1513 3472 1550 an-

1900 1585 2000 1624 nos
2037 1573 2284 1641 sepultus
2317 1574 2530 1629 fuerat?
2567 1576 2764 1632 Verum
2793 1597 2859 1633 eo
2906 1583 3008 1636 ista
3040 1583 3176 1637 dixit
3209 1586 3354 1654 quod
3387 1604 3471 1642 re-

1900 1663 2292 1717 surrectionem
2325 1668 2545 1721 omnino
2577 1667 2690 1724 fore
2718 1681 3090 1741 cognosceret,
3129 1684 3241 1729 tum
3275 1679 3471 1734 mortis

1900 1752 2128 1806 alterum
2169 1769 2338 1823 genus
2374 1757 2492 1825 ipso
2519 1759 2709 1827 jmlicii
2759 1761 2846 1817 die
2891 1764 3344 1821 condemnatione
3387 1785 3475 1823 se-

1901 1850 2179 1896 cuturum.
2226 1843 2378 1900 Unde
2431 1850 2781 1904 unicoillum
2819 1855 3071 1923 supplicii
3124 1872 3322 1925 genere
3355 1875 3477 1928 per-

1899 1932 2146 1988 functum
2188 1951 2217 1988 a
2263 1936 2461 1993 futuris
2515 1942 2798 1997 exsolvere
2844 1946 3116 2013 cupiens:
3161 1946 3332 2012 I'irat,
3388 1949 3474 2002 iu-

1899 2025 2036 2093 quit,
2079 2026 2133 2080 in
2174 2029 2572 2084 resurrectione
2603 2031 2885 2098 videlicet;
2927 2036 3079 2103 101
3114 2052 3288 2106 neque
3323 2039 3468 2092 enim

1901 2115 2187 2184 ignorabat
2228 2133 2420 2172 omnes
2451 2120 2630 2174 denuo
2677 2137 2799 2176 esse
2841 2126 3102 2179 victuros.
3146 2126 3279 2180 Illud
3317 2143 3469 2193 vero,

1893 2213 1943 2258 ct
1993 2221 2095 2256 non
2137 2208 2416 2271 moriatur,
2471 2209 2610 2263 idem
2663 2219 2746 2265 est
2795 2223 2978 2281 atque,
3039 2213 3116 2268 Ne
3169 2217 3467 2269 SCt'lllitlalll

1893 2291 2366 2348 condemnationis
2399 2302 2452 2348 et
2479 2297 2666 2350 aeterni
2696 2299 2948 2366 supplicii
2981 2309 3210 2355 mortem
3245 2302 3465 2356 subeat.

202 2389 346 2442 Nam
375 2390 420 2444 si
453 2389 523 2443 de
552 2388 839 2458 prmsentis
873 2389 1140 2442 duntaxat
1173 2390 1299 2442 vita:
1335 2389 1552 2460 jactura
1589 2388 1860 2445 sollicitus
1886 2393 2055 2450 esset,
2083 2387 2220 2441 satis
2242 2397 2360 2442 erat
2387 2389 2614 2455 dixisse,
2676 2392 2827 2446 Vivat
2889 2393 3109 2460 Ruben;
3178 2397 3274 2452 sed
3327 2410 3470 2466 quo-

197 2481 356 2534 niam
406 2481 472 2534 ad
505 2481 688 2533 futura
724 2487 1034 2548 respectum
1076 2478 1343 2543 habebat;
1381 2478 1556 2546 Vivat,
1588 2479 1784 2548 inquit,
1809 2474 2009 2537 Ruben,
2037 2483 2085 2528 et
2113 2491 2214 2530 non
2244 2478 2523 2530 moriatur.

281 2572 403 2637 I‘II'.
436 2571 546 2624 Καὶ
568 2569 730 2622 πόθεν
759 2586 841 2632 τις
865 2569 1158 2639 δυνήσεται
1190 2569 1443 2636 συλλέξαι
1470 2570 1569 2633 τὰς
1599 2567 1793 2622 τοσαύο

196 2682 310 2726 τας
346 2662 653 2734 μαρτυρίας
689 2661 816 2729 περὶ
854 2662 951 2730 τῆς
989 2659 1147 2730 ἡμῶν
1179 2661 1392 2723 ἐλπίδος
1430 2662 1524 2714 καὶ
1566 2661 1795 2732 προσδο-

200 2756 334 2817 acia;
380 2755 478 2823 τῆς
517 2753 867 2814 ἀναστάσεως
927 2750 1027 2820 τῆς
1073 2752 1132 2803 ὲν
1175 2751 1422 2822 ἀληθείᾳ,
1472 2751 1564 2804 καὶ
1607 2752 1706 2804 οὐκ
1739 2752 1796 2802 ὲν

197 2847 465 2914 δοκήσει;
510 2842 831 2911 Λεγέτωσαν
877 2841 984 2912 γὰρ
1013 2844 1060 2894 οἱ
1105 2841 1391 2906 κενόδοξοι,
1442 2843 1536 2894 καὶ
1567 2842 1793 2911 φιλονει-

1969 2564 2201 2623 XCVIII.
2243 2567 2445 2638 Ecquis
2469 2585 2597 2624 vero
2623 2576 2732 2624 tam
2757 2570 2968 2628 inllnita
3006 2578 3322 2634 testimonia
3355 2583 3472 2640 col-

1898 2655 2062 2726 ligere
2085 2672 2148 2712 ac
2182 2659 2643 2728 comprehendere
2680 2663 2895 2730 poterit,
2932 2681 3054 2734 quae
3089 2669 3154 2722 ad
3186 2685 3336 2738 spem
3366 2689 3469 2728 no-

1899 2758 2092 2812 stram,
2125 2765 2189 2804 ac
2221 2766 2364 2805 vera:
2405 2758 2459 2805 et
2507 2766 2612 2807 non
2659 2754 2999 2812 adumbrata:
3045 2767 3471 2822 resurrectionis

1901 2837 2150 2892 ﬁduciam
2181 2840 2532 2895 astruendam
2556 2843 2866 2909 pertinent?
2888 2845 3080 2901 Dieant
3104 2853 3247 2905 enim
3279 2855 3472 2913 inanes

201 2934 434 2995 κοῦντες
485 2933 682 3001 μάτην,
730 2929 958 2999 πότεῴν
990 2946 1118 2981 ποτε
1170 2929 1336 2999 μέρος
1372 2930 1655 2982 ἀνίσταται
1687 2930 1795 2982 τῶν

1903 2928 1990 2982 isti
2026 2944 2091 2984 ac
2116 2931 2424 2998 pertinaces
2466 2931 2736 2996 homines,
2772 2941 3083 2990 utrumnam
3119 2954 3248 3007 pars
3286 2945 3471 3013 aliqua

203 3025 506 3095 σωμάτων,
592 3021 808 3074 πάντων
834 3019 935 3073 ἀνὰ
961 3020 1145 3090 μέρος,
1169 3023 1200 3089 ἢ
1231 3020 1390 3073 πάλιν
1416 3021 1576 3074 τινῶν
1598 3021 1656 3074 τὸ
1679 3022 1797 3074 ὅλον

200 3116 508 3186 ἐγείρεται,
540 3113 632 3166 καὶ
649 3113 808 3165 τίνων
838 3112 941 3164 ἀνὰ
966 3112 1128 3182 μέρος
1159 3113 1191 3182 ἡ
1215 3111 1529 3176 ἀνάστασις,
1556 3113 1714 3166 τίνων
1743 3113 1800 3165 δὲ

203 3204 325 3259 510v
365 3207 429 3258 τὸ
483 3205 662 3274 σῶμα.
719 3203 816 3264 Τίς
855 3204 888 3271 ἡ
927 3201 1148 3272 τοιαύτη
1179 3203 1648 3274 προσωποληψίας
1692 3199 1800 3274 ἆρα

200 3295 643 3369 προσωποληψία
662 3294 812 3364 παρὰ.
835 3293 908 3363 τῷ
924 3293 1042 3363 Θεῷ
1061 3310 1076 3358 ;
1108 3293 1181 3364 μὴ
1201 3294 1435 3362 γένοιτοί
1469 3296 1801 3366 Ἐρευνήσω-

206 3407 313 3459 μεν
349 3387 452 3440 ποῦ
490 3387 524 3456 ἢ
556 3387 688 3438 πότε
722 3387 949 3456 ἧγειραν
971 3386 1018 3437 οἱ
1043 3384 1190 3453 ἆγιοι
1222 3385 1412 3457 νεκρὸν
1446 3386 1553 3438 ἀπὸ
1585 3386 1795 3456 μέρους.

205 3480 306 3530 καὶ
339 3477 467 3545 οὐχὶ
507 3475 628 3528 ὅλον
678 3473 739 3526 τὸ
785 3473 944 3543 σῶμα
969 3512 983 3525 .
1024 3475 1081 3526 '0
1127 3475 1243 3538 υίὸς
1283 3475 1382 3544 τῆς
1420 3476 1476 3526 ἐν
1517 3475 1800 3546 Σαραιρῦίᾳ⁴

197 3570 273 3639 χή
285 3584 389 3638 ρας
412 3566 534 3628 ὅλος
564 3546 784 3632 άνέστη,
815 3565 907 3617 καὶ
934 3563 994 3616 οὐ
1035 3565 1202 3635 μέρος
1229 3565 1588 3635 κατελείφϐη’
1628 3566 1656 3618 ό
1686 3567 1799 3629 υἱὸς

200 3660 308 3729 τῆς
338 3655 724 3725 Σουναμίτιδος
753 3655 872 3718 ὅλος
902 3655 1122 3724 ἀνέστη,
1157 3657 1250 3709 καὶ
1273 3656 1424 3708 οὐδὲν
1453 3655 1612 3726 μέλος
1637 3657 1799 3710 αὐτοῦ

201 3752 367 3802 εἴασε
405 3748 480 3817 μὴ
510 3747 773 3800 ἀναστὰν.
807 3747 914 3798 Καὶ
948 3745 1150 3816 Κύριος
1178 3747 1268 3798 τὸν
1302 3747 1548 3818 Λάζαρον
1578 3750 1788 3821 ἤγειρε,

201 3841 304 3892 καὶ
344 3841 448 3891 οὐκ
491 3837 813 3906 ἐγκατέλιπε
859 3836 1111 3905 λείψανον
1157 3837 1212 3888 ὲν
1245 3836 1324 3906 τῷ
1368 3839 1632 3908 μνήματι,
1666 3839 1801 3891 ἀλλὰ

206 3931 369 4002 μετᾶ
399 3930 614 4000 κειριῶν
648 3931 741 3982 καὶ
789 3929 896 3982 τῶν
943 3929 1117 3982 ἄλλων
1148 3928 1462 3998 ἐνδυμάτων
1487 3947 1500 3961 °
1557 3931 1652 3984 καὶ
1681 3931 1801 4001 οὐχὶ

207 4023 444 4082 πάντως
473 4021 576 4074 τῶν
608 4020 839 4091 ἱματίων
865 4019 1024 4090 χρεία
1068 4021 1124 4072 ὲν
1167 4018 1352 4090 ἡμέρᾳ
1392 4019 1644 4090 κρίσεως.
1699 4021 1801 4072 Τὸν

205 4115 332 4166 ei?”
388 4112 487 4181 τῆς
538 4113 594 4164 ἐν
641 4115 707 4180 τῇ
749 4111 888 4164 Ναΐν
943 4112 1062 4164 ὅλον
1113 4111 1334 4181 ἤγειρε,
1388 4109 1486 4182 τὴν
1529 4110 1802 4181 θυγατέρα

204 4204 304 4257 τοῦ
364 4203 841 4272 ἀρχισυναγώγου,
896 4203 994 4273 τὴν
1053 4201 1327 4271 θυγατέρα
1353 4201 1373 4231 ³
1432 4200 1526 4254 τοῦ
1582 4203 1803 4254 ἑκατον-

1900 3037 2190 3090 corporum
2239 3024 2534 3089 excitetur;
2582 3039 2650 3078 an
2702 3026 2946 3080 omnium
2993 3044 3120 3098 pars
3155 3032 3356 3102 aliqua,
3404 3052 3472 3090 an

1900 3115 2260 3182 quorumdam
2303 3121 2476 3168 totum
2519 3132 2722 3186 corpus
2747 3129 2997 3188 resurgat
3028 3139 3040 3175 :
3079 3122 3205 3176 item
3239 3139 3472 3192 quorum

1901 3218 2028 3272 pars
2069 3203 2357 3256 excitanda
2400 3205 2494 3269 sit,
2524 3213 2576 3259 et
2606 3221 2838 3275 quorum
2895 3223 3096 3278 corpus
3125 3210 3303 3278 ipsum
3349 3215 3474 3266 uni-

1902 3310 2138 3350 versum.
2164 3294 2422 3361 Quaenam
2449 3306 2533 3351 est
2558 3298 2662 3352 ista
2689 3314 3046 3367 personarum
3077 3301 3262 3356 habita
3296 3306 3476 3360 ratio?

1903 3385 2094 3441 Utrum
2136 3387 2353 3440 tandem
2395 3387 2539 3443 Deus
2579 3405 2931 3458 personarum
2981 3392 3246 3446 rationem
3276 3393 3476 3449 habet?

1901 3477 2084 3531 Absit!
2124 3475 2469 3548 Inquiramus
2528 3493 2710 3546 porro,
2771 3479 2817 3532 si
2867 3481 3034 3542 lubet,
3088 3481 3311 3536 ubinam
3382 3493 3477 3538 aut

1901 3567 2122 3635 quando
2171 3569 2344 3622 sancti
2400 3578 2674 3622 mortuum
2721 3585 2784 3623 ex
2829 3579 2979 3639 parte
3021 3580 3074 3625 et
3145 3589 3252 3626 non
3301 3581 3476 3629 totum

1902 3657 2078 3725 ipsum
2110 3671 2309 3726 corpus
2339 3657 2650 3711 excitarint.
2698 3657 3093 3726 Sarephtbana:
3125 3661 3304 3717 vidua:
3336 3663 3478 3719 [ilius

1903 3745 2110 3814 integer
2159 3747 2477 3810 surrexit“;
2531 3762 2706 3815 neque
2737 3762 2863 3816 pars
2906 3749 3052 3803 illius
3093 3761 3174 3802 est
3207 3752 3315 3804 ulla
3351 3754 3478 3806 reli-

1901 3844 2010 3890 cta.
2047 3835 2408 3892 Sunamitidis
2454 3837 2596 3891 ﬁlius
2628 3847 2776 3891 totus
2822 3841 3194 3906 resurrexit’;
3248 3857 3350 3896 nec
3395 3845 3478 3896 ul-

1902 3925 2008 3978 lam
2042 3926 2162 3993 ejus
2196 3934 2403 3994 partem
2439 3926 2687 3980 destituit
2714 3929 3139 3984 resurreCtionis
3173 3939 3476 4000 expertem.

1903 4014 2032 4070 Item
2092 4013 2354 4068 Dominus
2400 4015 2666 4068 Lazarum
2722 4018 3035 4083 excitavit',
3094 4035 3193 4074 nec
3226 4022 3364 4078 uilas
3424 4025 3478 4078 in

1902 4107 2241 4160 monimento
2293 4106 2551 4175 reliquias
2610 4121 2896 4174 superesse
2951 4109 3138 4173 voluit,
3197 4111 3292 4165 sed
3351 4130 3477 4168 cum

1905 4199 2094 4254 fasciis
2133 4214 2198 4253 ac
2232 4198 2458 4266 reliquis
2487 4198 2733 4252 vestibus
2778 4200 3073 4265 excitavit;
3107 4203 3257 4271 atqui
3307 4205 3479 4259 vesti-

207 4295 437 4364 τάρχου.
499 4293 609 4346 Καὶ
657 4287 702 4346 ὧ
755 4293 981 4363 μάταιος
1029 4291 1254 4344 ὑπόνοια
1303 4291 1411 4345 τῶν
1467 4292 1535 4344 τὰ
1579 4291 1798 4345 τοιαῦτα

1905 4292 2008 4347 bus
2036 4292 2090 4345 in
2111 4292 2231 4360 ipso
2257 4289 2449 4359 judicii
2475 4288 2562 4344 die
2586 4289 2723 4343 nihil
2755 4304 2894 4360 opus
2923 4292 3048 4346 erit.
3079 4293 3278 4348 Adhmc
3304 4296 3484 4353 vidua:

207 4385 603 4454 λογιζομένων,
639 4386 723 4437 ὅτι
761 4385 923 4455 μέρος
956 4383 1179 4453 ἐγείρει,
1212 4382 1305 4434 καὶ
1341 4382 1504 4452 μέρος
1532 4383 1801 4455 καταλιμ-

207 4477 422 4530 πάνειι
467 4478 691 4546 Ἶδωμεν
719 4475 775 4528 δὲ
807 4473 866 4538 ἐξ
915 4474 1091 4528 αὐτῶν
1135 4473 1526 4542 ὑποκειμένων,
1560 4475 1652 4526 καὶ
1692 4475 1800 4526 τῶν

206 4570 319 4640 ἤδη
369 4568 627 4638 ίσόρῤοπα
660 4567 872 4629 ἐλπίδος
898 4568 1027 4636 ἡμῖν
1050 4563 1452 4635 γεγενημένων.
1485 4563 1655 4633 Ἑνὼχ
1683 4565 1802 4628 ὅλος

210 4658 488 4730 μετετέθη
523 4659 615 4710 καὶ
643 4659 741 4710 οὐκ
773 4653 908 4710 εἶδεν
941 4657 1068 4724 ἄχρι
1099 4655 1198 4720 τῆς
1228 4652 1386 4723 δεῦρο
1416 4652 1643 4706 Θάνατον
1663 4670 1676 4682 °
1715 4655 1801 4706 ἵνα

203 4757 269 4806 ἐν
299 4752 428 4804 δυσὶ
463 4749 591 4813 ζῶσι
622 4749 868 4818 σώμασιν
913 4744 1287 4818 παραστήσωδ
1318 4747 1448 4814 ἡμῖν
1465 4743 1676 4797 τελείαν
1707 4745 1803 4815 τὴν

205 4844 541 4896 ἀνάστασιν.
583 4842 692 4892 Καὶ
727 4840 814 4892 ἵνα
849 4841 921 4908 μή
958 4855 1041 4900 τις
1070 4833 1382 4904 summu
1417 4835 1506 4887 δύο
1529 4835 1806 4905 χαρακτῆ-

210 4949 328 5006 ρας
354 4931 462 4982 τῶν
482 4930 572 4983 δύο
603 4930 964 5000 πρωτοτόκων
995 4929 1093 4996 τῆς
1115 4925 1390 4995 ἡμετέρας
1418 4926 1765 4988 ἀναστάσεως
1787 4942 1800 4957 ⁶

223 5021 411 5091 Ἑνὼχ
444 5018 510 5090 ἦν
544 5023 599 5072 εν
625 5021 980 5091 ἀκροϐυστία.
1009 5018 1100 5069 καὶ
1134 5017 1234 5068 οὐκ
1277 5013 1544 5068 ἐκώλυσεν
1574 5019 1607 5088 ἡ
1637 5019 1804 5088 ἀκρο-

207 5115 422 5169 ϐυστία
451 5114 547 5184 τὴν
577 5114 892 5176 ἀνάστασιν,
917 5110 1036 5164 οὐδὲ
1063 5109 1160 5181 τὴν
1188 5106 1279 5160 τοῦ
1307 5105 1554 5179 σώματος
1581 5111 1665 5164 διὰ
1691 5111 1804 5180 βίου

292 5272 310 5301 ¹
346 5267 404 5320 F.
440 5267 685 5329 θάνατος.
799 5267 819 5296 ¹
851 5265 909 5320 F.
939 5266 1049 5329 ᾔδει

1184 5265 1634 5332 'Ilalluciualur;
1694 5281 1816 5318 nam
1881 5265 2043 5318 παῖδα
2093 5263 2256 5332 scrib.

1906 4400 2028 4454 quae
2073 4384 2127 4437 in
2157 4381 2357 4452 oppido
2393 4381 2546 4436 Naim
2600 4392 2739 4446 erat,
2772 4391 2945 4437 totum
2990 4385 3156 4439 (ilium
3200 4389 3475 4444 revocavit

1907 4475 1974 4528 ad
2005 4473 2234 4527 vitam’.
2273 4471 2416 4526 Idem
2458 4473 2509 4525 in
2545 4473 2808 4542 principis
2846 4473 3146 4544 Syuagogm
3179 4478 3285 4530 lilia
3311 4481 3372 4540 ιο,
3414 4495 3478 4533 ac

1908 4565 2246 4620 centurionis
2298 4578 2514 4632 quoque
2563 4563 2672 4615 ﬁlia
2727 4565 3065 4632 praestitit".
3102 4566 3145 4618 0
3194 4568 3479 4623 ridiculam

1909 4657 2124 4709 illorum
2167 4653 2514 4712 sententiam,
2551 4653 2642 4719 qui
2679 4663 2884 4720 partem
2931 4669 3232 4722 resurgere.
3272 4665 3478 4722 partem

1887 4746 2130 4801 destitui
2181 4743 2436 4797 censent!
2481 4741 2774 4795 Videamus
2821 4757 2986 4810 porro
3031 4759 3094 4796 ex
3129 4744 3220 4795 illo
3272 4746 3389 4813 ipso
3415 4747 3482 4800 de

1913 4855 2022 4908 quo
2085 4837 2318 4906 agimus,
2371 4841 2714 4902 argumento,
2765 4849 2884 4902 qua:
2937 4832 3180 4886 eamdem
3233 4848 3354 4886 cum
3417 4851 3483 4887 eo

1909 4927 2053 4998 quod
2087 4939 2394 4996 speramus,
2425 4926 2530 4978 vim
2556 4925 2619 4977 ac
2652 4934 2982 4977 momentum
3009 4923 3263 4976 habeant.
3297 4924 3481 4978 Eum-li

1913 5018 2210 5072 translatus
2239 5023 2320 5069 est
2349 5025 2516 5076 totus,
2550 5022 2603 5067 et
2637 5011 2701 5065 ad
2748 5013 2887 5066 hanc
2917 5012 3059 5066 diem
3102 5021 3327 5065 mortem
3376 5029 3482 5066 non

1913 5110 2050 5164 vidit
2073 5111 2136 5172 “,
2160 5115 2220 5161 ut
2248 5107 2303 5160 in
2343 5105 2556 5160 duobus
2586 5105 2725 5158 vivis
2761 5103 3086 5172 corporibus
3121 5102 3356 5170 perlecta
3385 5117 3484 5152 no-

2363 5262 2384 5294 δ
2415 5260 2473 5314 F.
2510 5261 2858 5330 παραστήσῃ.
2966 5255 3184 5330 ἓῑξςιιι.-
3207 5259 3482 5330 xxxm,_i_i.

207 5345 230 5372 -
269 5303 365 5393 ιη’
387 5303 687 5406 ﬁliifilii:
719 5335 810 5392 εξ.
851 5303 909 5366 ’ί
937 5303 1161 5407 Νῒίεε.
1189 5303 1648 5401 .v',"-3;~;‘.‘“";31;;.'.;.
1685 5303 1798 5400 ,ΞίΪῖ

1903 5303 2256 5398 ’ἿῗιιὲΪζ-’ίῖξ
2287 5331 2373 5385 tt.
2415 5303 2435 5314 ’
2455 5303 2495 5362 ἕο
2517 5303 2692 5384 REGE
2709 5303 2878 5392 'v'I't‘i'.
2964 5303 3484 5388 ίΓιῖᾇίίιίξῖίίὲίζίδζ

208 5413 260 5444 ⁸³
306 5409 448 5463 Cen.
484 5426 531 5469 v,
563 5409 654 5459 2'2.

291 5518 408 5587 (59)
445 5520 503 5569 οι
529 5516 596 5569 δὲ
625 5509 1028 5579 Ἐρμηνευταὶ.
1053 5513 1401 5587 Septuaginta
1433 5516 1598 5587 illius
1626 5519 1797 5570 Inter-

253 5584 405 5642 ri-tes
464 5589 666 5640 indicat
720 5588 1093 5656 Epiphanius,
1148 5585 1236 5652 qui
1296 5586 1360 5656 in
1412 5584 1641 5656 {I'Igypto
1701 5589 1804 5640 sub

241 5663 521 5714 ’ῑυεοιιιιιιυ
553 5672 673 5726 rege
722 5671 910 5710 sacros
945 5655 1288 5710 "cbt'iIEOI'tlrtt
1326 5654 1563 5712 Codices
1588 5656 1804 5712 Graecos

1912 5515 2107 5651 ΐρῗὲὁέ).
2135 5581 2250 5650 Πρὸ
2299 5581 2514 5636 ἑκατὸν
2555 5583 2746 5635 εἴκοσι
2789 5577 2857 5644 ἐξ
2888 5577 3068 5643 ἐτῶν,
3117 5587 3236 5632 ante
3285 5587 3489 5633 centum

1913 5655 2095 5727 viginti
2120 5669 2210 5709 sex
2243 5670 2431 5708 annos.
