3916 6196
395 246 499 306 195

1802 235 1861 293 s.
1899 191 2243 293 EPlPHANﬂ

3559 223 3663 280 196

396 361 485 418 bis
513 356 846 416 resurrectio
871 354 1294 411 demonstretur.
1321 347 1402 403 Ac
1433 359 1502 401 ne
1521 345 1646 418 quis
1669 359 1960 416 expressas

2094 345 2161 416 ἧς
2203 345 2348 415 ζωῆς
2387 341 2695 414 ὑπομονήν·
2764 337 2948 402 Ἠλίας
2986 339 3046 391 ἐν
3090 337 3395 407 περιτομῇ·
3445 334 3532 390 ἵνα
3585 335 3665 408 μὴ

395 453 454 510 in
482 451 698 507 duobus
727 448 873 504 velut
913 439 1333 499 resurrectionis
1363 448 1565 494 nostra:
1592 437 1970 509 primogenitis

397 552 562 600 notas
591 557 656 596 ac
687 540 893 594 formas
929 536 1173 605 ignoret:
1205 531 1394 586 Enocb
1425 531 1481 585 in
1509 530 1776 601 praeputio
1803 529 1974 596 vixit;

397 651 502 693 nec
537 631 678 691 istud
761 627 1055 697 quominus
1104 631 1418 695 resurgeret
1457 623 1691 686 obstitit,
1723 631 1977 692 autquo-

396 725 581 778 minus
610 721 773 772 vitam
827 715 1007 771 adhuc
1050 728 1205 769 suam
1241 713 1294 766 in
1339 726 1572 781 corpore
1609 718 1976 777 sustentaret;

396 811 542 864 Elias
576 821 706 861 vero
737 821 768 860 e
794 803 1222 859 circumcisione
1248 800 1369 866 fuit,
1429 815 1498 855 ne
1530 799 1858 856 resurrectio
1892 798 1978 854 his

395 905 490 953 aut
523 896 632 951 illis
676 893 999 948 nominatim
1033 891 1367 955 ascribatur,
1413 889 1510 945 sed
1562 889 1872 944 communis
1911 901 1978 942 ac

395 987 668 1058 generalis
727 985 1010 1039 habeatur.
1069 981 1220 1037 Elias
1272 981 1644 1052 virginitatem
1677 979 1866 1044 coluit,
1916 985 1978 1032 ut

396 1080 596 1135 eximia
633 1078 722 1131 illa
753 1074 1085 1147 virginitatis
1135 1073 1383 1144 dignitas
1416 1072 1880 1127 immortalitatem
1923 1078 1979 1125 et

398 1172 776 1238 incorruptum
815 1166 1066 1236 corporis
1109 1173 1314 1220 statum
1362 1164 1568 1219 mundo
1599 1165 1757 1234 102
1783 1163 1980 1233 praedi-

397 1272 570 1318 caret.
609 1260 810 1315 Verum
857 1275 928 1315 ne
969 1258 1267 1330 virginitati
1301 1258 1402 1313 soli
1444 1266 1669 1328 propter
1703 1256 1977 1313 excellen-

2077 436 2374 498 ἀνάστασις
2398 435 2490 488 ἐπὶ
2516 433 2668 497 τινὰς
2693 432 2790 486 καὶ
2817 430 2971 492 τινὰς
3001 426 3301 498 ὀνομασθῇ,
3332 425 3471 479 ἀλλὰ
3522 426 3663 480 καθ·

2077 523 2234 594 ολικὴ
2259 521 2584 594 ὃλη.Ἦλίας
2615 516 2684 590 ἦν
2723 523 2782 574 ὲν
2817 518 3107 590 παρθενίᾳ,
3143 517 3230 571 ἵνα
3264 516 3325 569 τὸ
3365 515 3664 587 πρόκριτον

2080 615 2180 684 τῆς
2205 613 2503 685 παρθενίας
2529 612 2630 683 τὴν
2652 611 2948 666 ἀθανασίαν
2973 609 3184 680 κηρύξῃ
3219 607 3300 678 τῷ
3326 608 3538 678 κόσμῳ,
3569 607 3665 661 καὶ

2079 707 2177 779 τὴν
2208 706 2346 779 μετὰ
2379 705 2632 776 σώματος
2664 703 2996 774 ἀφθαρσίαν.
3034 702 3153 755 Ἵνα
3181 700 3238 754 δὲ
3277 701 3350 770 μὴ
3381 700 3541 770 μόνον
3571 701 3665 752 ἐπὶ

2077 799 2176 867 τῆς
2222 795 2522 868 παρθενίας
2565 793 2796 864 νομισθῇ
2851 787 3010 854 εἶναι,
3055 789 3146 843 διὰ
3188 789 3251 843 τὸ
3285 789 3588 860 ἐξαίρετον,
3627 791 3660 860 ἡ

2079 888 2375 950 ἀνάστασις
2409 886 2502 938 καὶ
2535 884 2784 954 σώματος
2813 884 2847 954 ἡ
2895 879 3210 953 παραμονὴ,
3250 878 3420 949 Ἑνὼχ
3452 881 3558 933 οὐκ
3595 875 3663 950 ἦν

2079 977 2370 1049 παρθένος,
2406 977 2518 1030 ἀλλ’
2567 974 2843 1048 ἐγκρατὴς
2885 973 2979 1027 καὶ
3032 972 3427 1042 παιδοποιήσας
3472 969 3660 1028 τέκνα.

2084 1070 2197 1124 Καὶ
2219 1068 2312 1122 δύο
2349 1068 2446 1140 μὲν
2473 1059 2621 1120 οὗτοι
2641 1067 2700 1120 ἐν
2727 1064 2916 1129 ζῶσιν,
2944 1065 3002 1118 ὲν
3035 1063 3247 1134 σώματι
3267 1062 3362 1116 καὶ
3386 1061 3532 1134 ψυχῇ
3563 1065 3664 1135 ὲμ-

2081 1159 2498 1233 παραμένοντες
2525 1157 2614 1211 διὰ
2638 1156 2739 1229 τὴν
2765 1154 2978 1223 ἐλπίδα,
2997 1153 3096 1207 καὶ
3117 1154 3199 1217 είς
3223 1150 3286 1206 τὸ
3317 1154 3392 1224 μή
3418 1169 3541 1207 τινα
3561 1153 3667 1209 πάσι

2084 1255 2168 1308 λιν
2195 1252 2576 1325 ἀμφιϐάλλειν.

397 1361 528 1412 tiam
592 1370 857 1410 concessa
903 1355 1270 1417 resurrectio,
1339 1353 1424 1408 vel
1481 1353 1681 1422 integri
1749 1351 2002 1423 corporis
2043 1350 2396 1406 conservatio
2439 1347 2755 1412 videretur,
2806 1343 2992 1398 Enoch
3031 1341 3184 1411 virgo
3243 1357 3351 1396 non
3393 1340 3514 1406 fuit,
3567 1340 3667 1397 sed

398 1459 588 1505 castus
648 1463 713 1502 ac
787 1456 1142 1516 temperans,
1211 1445 1467 1514 idemque
1524 1445 1730 1499 liberos
1789 1444 1995 1514 genuit.
2033 1443 2181 1515 Ergo
2225 1442 2302 1496 illi
2345 1441 2459 1494 duo
2513 1439 2658 1493 inter
2713 1436 2867 1491 vivos
2921 1442 3239 1497 censentur,
3286 1440 3343 1487 ct
3399 1431 3468 1486 ad
3513 1447 3668 1502 spem

397 1552 642 1599 nostram
714 1539 1152 1594 conﬁrmandam
1210 1553 1336 1591 cum
1404 1552 1636 1607 corpore
1698 1536 1992 1607 animaque
2027 1542 2397 1607 perseverant.

469 1629 654 1686 XCIX.
704 1627 808 1684 Sed
856 1642 926 1682 ne
969 1627 1226 1682 dubitare
1277 1641 1472 1681 rursus
1517 1626 1719 1696 aliquis
1772 1632 1982 1696 posset,

2161 1625 2275 1692 1,9'.
2313 1625 2424 1677 Καὶ
2448 1620 2640 1684 ἄλλους
2665 1620 2746 1683 είς
2775 1617 2908 1690 ᾷδην
2939 1619 3218 1688 κατήγαγε
3247 1615 3360 1685 (61)
3393 1615 3530 1686 μετὰ
3558 1615 3671 1668 τῶν

398 1725 536 1779 alios
586 1738 710 1778 cum
759 1720 892 1789 ipsis
938 1720 1268 1789 corporibus
1316 1718 1384 1773 ad
1437 1718 1645 1773 inferos
1697 1718 1976 1773 detrusit:

397 1817 601 1885 quippe
649 1821 794 1868 terra
841 1811 1130 1867 dehiscens
1162 1825 1226 1864 ac
1268 1809 1458 1865 fauces
1508 1825 1639 1865 suas
1688 1810 1980 1880 aperiens,

399 1907 614 1960 Dathan
644 1913 698 1959 et
728 1904 935 1958 Abirou
981 1902 1126 1957 lllios
1153 1901 1316 1965 Core,
1345 1910 1399 1955 et
1442 1902 1654 1954 Annam
1683 1901 1984 1971 absorpsit;

398 2011 463 2051 ac
507 2011 739 2065 corpore
785 1995 1074 2062 animaque
1107 1995 1352 2047 viventes
1389 1993 1445 2046 in
1489 1992 1698 2049 inferos
1746 1993 1983 2048 demersi

399 2094 529 2144 sunt
553 2089 591 2140 ⁸.
623 2085 791 2156 Igitur
823 2087 1014 2139 eadem
1039 2083 1174 2136 hora
1203 2082 1550 2137 condemnati
1586 2083 1662 2137 illi
1695 2091 1860 2150 sunt;
1896 2097 1985 2138 ne-

397 2191 509 2247 que
544 2175 832 2230 dissolutis
857 2173 1210 2243 corporibus,
1244 2188 1421 2243 neque
1456 2173 1566 2228 ulla
1607 2173 1798 2228 relicta
1831 2181 1986 2244 parte

399 2261 484 2318 vel
525 2261 794 2331 reliquiis,
832 2259 926 2314 sed
972 2261 1072 2314 toti
1105 2275 1230 2315 cum
1261 2275 1492 2330 corpore
1514 2261 1676 2315 simul
1710 2270 1764 2316 et
1802 2261 1986 2316 anima

401 2349 687 2418 suppliciis
719 2349 920 2403 addicti
961 2356 1112 2403 sunt.
1152 2346 1420 2402 Praeterea
1447 2346 1552 2402 Job
1589 2348 1660 2400 ita
1695 2349 1982 2418 loquitur:

401 2441 580 2496 Donec
616 2455 803 2493 rursus
830 2440 980 2507 ﬁam,
1013 2449 1063 2492 et
1093 2437 1189 2492 hoc
1215 2455 1406 2507 corpus
1434 2439 1572 2510 quod
1600 2441 1706 2492 ista
1733 2442 1982 2505 sustinet,

398 2537 451 2582 et
497 2525 880 2581 instauraveris
927 2541 1008 2577 me
1038 2526 1078 2577 ².
1125 2524 1252 2579 Item
1301 2526 1482 2581 illud:
1528 2527 1882 2599 Renorabi.‘ur
1928 2542 1986 2586 ut

403 2618 600 2687 aquila:
615 2617 867 2686 jurentus
903 2615 1034 2668 tua'
1058 2654 1072 2669 .
1117 2613 1286 2672 Isaias
1330 2631 1530 2686 porro:
1563 2617 1873 2688 Resurgent,
1905 2622 1988 2674 in-

403 2709 558 2778 quit,
608 2706 840 2769 mortui,
884 2717 934 2759 et
975 2705 1351 2759 excitabuntur
1399 2708 1490 2778 qui
1533 2709 1588 2762 in
1637 2711 1987 2766 monumentis

407 2808 533 2854 sunt
561 2798 604 2853 ⁸.
636 2795 801 2852 Venit
827 2797 972 2850 enim
1003 2798 1093 2866 qui
1126 2797 1279 2852 solvit
1314 2799 1514 2854 vinctos
1541 2801 1595 2854 in
1631 2801 1947 2871 fortitudine
1969 2845 1984 2870 ,

406 2890 656 2946 similiter
692 2905 782 2944 eos
836 2891 930 2959 qui
973 2898 1308 2955 exasperant,
1371 2891 1664 2946 habitantes
1715 2894 1770 2947 in
1808 2895 1985 2963 sepul-

2091 1716 2380 1788 σωμάτωψ
2411 1712 2590 1785 ἦνοιξε
2616 1711 2724 1782 γὰρ
2742 1712 2872 1782 ἡ,γῆ
2903 1709 2964 1762 τὸ
2997 1709 3171 1778 στόμα
3197 1707 3388 1776 αὐτῆς,
3421 1707 3514 1760 καὶ
3536 1724 3673 1759 κατ-

2081 1807 2202 1861 έπιε
2223 1805 2402 1860 Δαθάν
2425 1800 2796 1873 καὶἋὸειρὼν
2824 1802 2951 1864 τοὺς
2973 1801 3124 1862 υἱοὺς
3145 1799 3309 1870 Κορὲ,
3339 1798 3429 1851 καὶ
3462 1799 3673 1863 Αὒνᾶν,

2086 1899 2184 1952 καὶ
2210 1897 2520 1967 κατέϐησαν
2561 1896 2644 1958 είς
2685 1892 2818 1964 ᾅδην
2867 1891 3068 1957 ζῶντες
3113 1889 3324 1960 σώματι
3365 1891 3458 1942 καὶ
3489 1889 3676 1960 ψυχῇ.

2096 1991 2216 2045 Ἀπ’
2249 1989 2419 2059 αὐτῆς
2452 1987 2562 2058 γὰρ
2595 1986 2697 2056 τῆς
2745 1985 2896 2054 ὧρας
2939 1985 3019 2044 είς
3053 1983 3234 2054 κρίσιν
3272 1980 3677 2052 παρεδόθησαν,

2089 2083 2230 2154 μήτε
2255 2081 2364 2134 τῶν
2392 2079 2658 2150 σωμάτων
2691 2074 2980 2139 λυθέντων,
3041 2075 3176 2144 μήτε
3203 2070 3456 2142 λειψάνου
3496 2088 3680 2142 παρα.-

2084 2172 2348 2235 δοθέντος,
2376 2170 2409 2242 ῆ
2445 2170 2664 2241 μέρους.
2695 2166 2830 2248 ἀλλὰ
2863 2166 2999 2219 ὅλων
3031 2164 3128 2217 σὺν
3157 2164 3372 2233 σώματι
3405 2163 3499 2216 καὶ
3522 2162 3680 2234 ψυχῇ

2085 2263 2164 2324 εἰς
2191 2259 2461 2330 τιμωρίαν
2503 2254 2938 2329 παραδοθέντων.
3004 2253 3066 2306 '0
3105 2251 3227 2305 ἰώσ
3274 2267 3472 2322 φησιν·
3519 2251 3684 2316 Ἕως

2086 2351 2273 2406 πάλιν
2308 2348 2584 2421 γένωμαι,
2639 2347 2740 2402 καὶ
2781 2345 2848 2400 τὸ
2877 2344 3050 2415 σῶμα
3072 2331 3263 2398 ¹τοῦτο
3305 2343 3372 2398 τὸ
3404 2342 3684 2397 ἀντλοῦν

2085 2443 2293 2506 ταῦτα,
2325 2442 2421 2496 καὶ
2452 2439 2817 2505 ἀνακαινιεῖς
2840 2453 2946 2508 με·
2991 2436 3086 2491 καὶ
3112 2437 3274 2490 πάλιν
3298 2452 3312 2467 ·
3349 2436 3685 2490 ’Λνακαινια

2088 2535 2381 2602 concretae
2425 2532 2506 2599 ὡς
2543 2530 2722 2586 ἀετοῦ
2767 2531 2806 2599 ἡ
2851 2529 3066 2596 νεότης
3110 2545 3247 2582 σου.
3299 2526 3525 2590 Ἠσαίας
3573 2526 3682 2579 δέ’

2100 2625 2570 2694 Ἅναστήσονται
2596 2624 2650 2676 οί
2684 2620 2905 2689 νεκροὶ,
2937 2619 3036 2673 καὶ
3065 2617 3486 2688 ἐγερθήσονται
3519 2619 3574 2671 ol
3603 2618 3690 2671 ἐν

2089 2720 2214 2785 τοῖς
2257 2715 2562 2788 μνημείοις
2609 2713 2741 2782 (62).
2791 2708 2962 2765 Ἦλθε
3031 2709 3141 2782 γὰρ
3200 2711 3234 2763 ό
3276 2710 3442 2763 λύων
3488 2723 3691 2764 nexa-

2090 2808 2388 2878 δημένους
2428 2805 2500 2860 ὲν
2530 2803 2804 2872 ἀνδρείᾳ,
2835 2803 3048 2872 ὁμοίως
3090 2803 3234 2870 τοὺς
3280 2804 3692 2871 παραπικραί-

2090 2916 2329 2965 νοντας,
2377 2897 2519 2963 τοὺς
2563 2895 2995 2960 κατοικοῦντας
3033 2895 3105 2949 ἐν
3146 2893 3373 2964 τάφοις.
3434 2895 3595 2962 Λέγει
3624 2895 3691 2949 δὲ

405 2984 510 3038 eris
533 2984 574 3037 ⁸.
594 2982 749 3048 Quod
782 2992 961 3035 autem
995 2980 1100 3035 Job
1117 2981 1294 3035 dixit:
1331 2981 1503 3038 Homo
1533 2999 1654 3037 cum
1691 2986 1985 3052 darmierit,

2101 2990 2596 3057 Ἰώ6·”Ανθρωπος
2618 2990 2675 3045 δὲ
2703 2985 3004 3054 κοιμηθεὶς
3022 2985 3222 3040 οὐκέτι
3257 2987 3329 3040 οὺ
3346 2984 3432 3054 μὴ
3463 2984 3692 3055 ἐγερθῇ

406 3092 510 3129 non
539 3074 770 3142 amplius
795 3070 1051 3142 reiurget,
1087 3089 1247 3141 neque
1273 3083 1543 3144 cognoscet
1570 3075 1742 3128 locum
1772 3092 1923 3129 suum
1946 3078 1990 3142 °,

409 3167 530 3219 ideo
555 3164 965 3233 pronuntiatum
989 3171 1098 3228 est,
1127 3163 1272 3234 quod
1312 3179 1419 3218 non
1444 3164 1814 3234 quotidic,sed
1842 3174 1993 3221 certa

409 3270 474 3310 ac
502 3254 726 3309 deﬁnita
751 3254 840 3308 die
875 3255 946 3309 sit
977 3253 1160 3308 futura
1200 3255 1559 3309 resurrectio.
1600 3253 1668 3308 Ut
1694 3263 1876 3310 autem
1903 3257 1995 3310 de-

410 3354 746 3402 monstraret
778 3346 1056 3417 quodnam
1103 3347 1168 3400 ad
1206 3355 1425 3416 tempus
1459 3347 1698 3400 futuram
1728 3347 1876 3400 illam
1905 3363 1996 3402 ex-

413 3447 714 3508 spectaret.
746 3439 1103 3508 quaestionem
1140 3437 1369 3492 subinde
1399 3437 1685 3493 dissolvit:
1719 3436 1992 3503 Quandiu,

414 3532 611 3600 inquit,
651 3531 840 3584 cozlum
884 3532 985 3586 erit
1023 3537 1073 3583 et
1104 3537 1269 3592 terra,
1305 3543 1527 3596 corpora
1561 3529 1616 3582 in
1663 3540 1808 3582 terra
1839 3529 1994 3598 jace-

414 3619 564 3673 lmnt.
597 3617 894 3688 Postquam
939 3625 1120 3672 autem
1168 3617 1258 3672 ille
1292 3617 1503 3671 venerit
1533 3616 1628 3685 qui
1656 3616 1844 3670 emtum
1874 3632 1996 3686 per-

414 3711 536 3766 inde
567 3727 631 3765 ae
665 3711 859 3765 librum
896 3709 1176 3775 convolvit,
1209 3726 1273 3763 ac
1309 3719 1505 3764 terram
1544 3709 1774 3764 concutit
1795 3710 1838 3776 ⁷,
1864 3718 1996 3764 tunc

415 3803 511 3875 qui
536 3803 590 3858 in
614 3811 758 3858 terra
786 3809 916 3856 sunt
947 3809 1251 3873 resurgent.
1282 3799 1459 3868 Quam
1495 3801 1572 3855 ob
1604 3815 1829 3856 causam
1861 3801 1997 3856 Eze-

417 3896 579 3951 chieli
618 3896 749 3951 dicit
779 3893 866 3950 :F
869 3895 930 3948 ili
961 3895 1209 3958 hominis,
1259 3894 1470 3964 loquere
1495 3911 1512 3947 :
1538 3891 1908 3964 Conjungatur
1938 3911 1995 3950 as

419 3986 488 4040 ad
529 4003 609 4052 os,
648 3995 697 4040 et
743 4000 1017 4058 compages
1063 3984 1132 4040 ad
1187 4001 1483 4056 compagem
1511 3985 1555 4048 ⁸,
1588 3995 1643 4040 et
1679 3986 1753 4040 ita
1791 3984 1994 4041 factum

417 4085 534 4144 est;
566 4085 619 4132 et
647 4078 701 4132 iu
733 4079 817 4133 his
840 4080 1014 4143 nervi,
1041 4093 1214 4140 venae,
1247 4093 1465 4139 carnes,
1499 4078 1678 4147 capilli
1705 4085 1758 4132 et
1788 4093 1997 4147 ungues

417 4169 592 4224 exorti
628 4177 777 4223 sunt.
815 4169 1046 4222 Rursum
1073 4168 1176 4231 dic,
1202 4168 1399 4236 inquit.
1433 4168 1514 4235 ﬁli
1543 4168 1769 4221 hominis
1794 4183 1812 4220 :
1846 4167 1994 4233 Veni,

417 4258 662 4327 spiritus,
698 4273 730 4309 a
757 4265 987 4326 quatuor
1016 4265 1170 4309 terra:
1201 4256 1433 4324 angulis,
1465 4254 1534 4308 ab
1566 4256 1632 4310 iis
1667 4256 1802 4310 locis
1836 4256 1999 4309 nimi-

2093 3083 2231 3138 οὔτε
2251 3080 2643 3150 ἐπιγνώσεται
2669 3077 2778 3132 τὸν
2806 3079 2994 3131 τόπον
3018 3077 3227 3131 αὑτοῦ.
3269 3077 3379 3130 Καὶ
3407 3075 3515 3145 γὰρ
3543 3076 3696 3147 άλη-

2093 3172 2201 3238 θῶς
2247 3172 2368 3226 καθ⁸
2401 3171 2617 3243 ἡμέραν
2647 3169 2709 3222 οὐ
2749 3169 2953 3238 γίνεται
3007 3169 3040 3239 ἡ
3086 3168 3400 3230 ἀνάστασις,
3447 3166 3561 3219 ἀλλ’
3592 3169 3694 3230 είς

2097 3264 2226 3335 μίαν
2256 3262 2482 3334 ὥρισται
2516 3261 2731 3332 ἡμέραν
2776 3260 2910 3330 (63).
2961 3259 3183 3321 Δεικνὺς
3218 3258 3276 3311 δὲ
3322 3259 3403 3312 ὅτι
3434 3253 3570 3312 οἶδεν
3594 3261 3694 3323 είς

2094 3355 2254 3408 ποίαν
2273 3352 2606 3425 προθεσμίαν
2626 3351 2951 3423 προσεδόκα,
2970 3349 3130 3414 εὐθὺς
3151 3347 3304 3401 ἔλυσε
3327 3349 3386 3401 τὸ
3412 3348 3650 3420 ζήτημα.
3671 3366 3688 3382 ·

2097 3446 2244 3511 Ἕως
2268 3442 2345 3498 ἂν
2370 3446 2404 3496 ό
2432 3443 2689 3512 οὐρανὸς
2722 3441 2821 3496 καί
2867 3443 2906 3510 ἢ
2929 3440 3029 3510 γῆ,
3063 3439 3197 3493 ἔστι
3241 3439 3314 3493 τὰ
3337 3439 3580 3509 σώματα
3614 3441 3699 3494 ἐν

2095 3536 2170 3605 τῇ
2193 3535 2291 3606 γῇ.
2325 3537 2492 3590 Ὅταν
2536 3535 2593 3588 δὲ
2634 3534 2763 3607 ἔλθῃ
2796 3537 2829 3588 ό
2855 3534 3123 3586 ἑλίσσων
3160 3530 3266 3613 τρν
3308 3531 3570 3599 οὐρανὸν
3600 3533 3699 3600 ὡς

2090 3623 2264 3687 sicut
2267 3639 2357 3685 ον,
2382 3621 2478 3675 καὶ
2495 3620 2802 3676 τινάσσων
2813 3619 2926 3689 τὴν
2942 3619 3079 3689 γῆν,
3096 3619 3217 3672 τότε
3234 3618 3628 3690 ἐγερθήσονται
3641 3621 3698 3674 οι

2096 3713 2188 3766 ἐπὶ
2206 3713 2304 3782 τῆς
2327 3713 2450 3783 γῆς.
2468 3713 2567 3766 Διὰ
2584 3712 2743 3766 τοῦτο
2763 3711 2910 3781 λέγει
2928 3710 3007 3782 τῷ
3022 3711 3281 3782 Ἰεζεκιήλ
3299 3725 3314 3740 ⁸
3349 3709 3443 3763 Υἱὲ
3459 3709 3701 3777 ἀνθρώ-

2096 3815 2236 3869 που,
2254 3805 2403 3866 είπὲ,
2426 3804 2878 3872 Συναχθήσεται
2904 3800 3131 3856 ὀστοῦν
3149 3802 3300 3870 πρὸς
3317 3801 3561 3864 ὀστοῦν,
3580 3802 3698 3856 καὶ

2096 3893 2352 3962 ἁρμονία
2383 3893 2533 3961 πρὸς
2585 3892 2881 3961 ἁρμονίαν
2903 3907 2915 3921 ·
2944 3891 3038 3945 καὶ
3070 3890 3285 3960 ἐγένετο
3335 3888 3508 3953 οὕτως
3529 3930 3543 3954 ,
3588 3891 3699 3944 xai.

2098 3983 2351 4052 γενέσθαι.
2396 3985 2484 4038 ἐπ’
2527 3983 2667 4038 αὐτὰ
2710 3982 2876 4055 νεῦρα
2926 3984 3022 4037 καὶ
3062 3982 3286 4052 φλέϐας,
3337 3982 3544 4054 σάρκας
3587 3984 3698 4036 καὶ

2097 4075 2289 4148 τρίχας
2306 4075 2400 4129 καὶ
2415 4075 2628 4148 ὄνυχας.
2644 4075 2755 4129 Καὶ
2785 4075 2946 4129 πάλιν
2969 4091 2983 4105 ο
3011 4073 3180 4136 Εἰπὲ,
3219 4072 3317 4127 υίὲ
3343 4072 3692 4141 ἀνθρώπου,

2111 4165 2303 4232 Ἐλθέ,
2328 4165 2394 4220 τὸ
2427 4166 2680 4235 πνεῦμα,
2713 4165 2831 4220 ἀπὸ
2848 4164 2965 4219 τῶν
2979 4163 3294 4233 τεσσάρων
3322 4163 3548 4234 γωνιῶν
3577 4165 3700 4231 τῆς

2100 4255 2235 4326 γῆς,
2258 4256 2368 4308 τῶν
2391 4256 2570 4310 τόπων
2591 4256 2789 4328 δηλαδὴ
2813 4256 2923 4310 τῶν
2951 4259 3072 4319 ταῖς
3102 4255 3301 4326 ψυχαῖς
3327 4256 3671 4324 τεταμιευμέ
3687 4285 3702 4295 ο

421 4321 542 4402 rum
585 4361 706 4414 qua:
731 4321 933 4400 animis
965 4344 1225 4398 attributa
1264 4321 1412 4398 sunt.
1453 4344 1560 4398 Sed
1603 4358 1703 4398 cur
1734 4344 1989 4403 Dominus

2103 4321 2234 4404 is...
2271 4347 2381 4401 Καὶ
2404 4348 2508 4401 τίνι
2539 4321 3224 4419 τῷλόγῳ-αὐτὺςόΚύριος
3247 4348 3306 4399 οὑ
3343 4321 3510 4414 λέγεί,
3551 4321 3702 4402 ἀλλὰ

422 4439 539 4508 ipse
564 4453 671 4490 non
699 4437 958 4501 l0quitnr,
994 4435 1088 4490 sed
1115 4435 1387 4490 hominem
1416 4435 1660 4505 proferre
1691 4435 1794 4489 ista
1821 4437 2008 4507 jubet?

423 4527 689 4582 Nmirum
735 4528 879 4595 quod
925 4542 1266 4598 quaecunque
1318 4527 1581 4583 Dominus
1619 4527 1772 4594 dicit,
1808 4528 2000 4585 eodem

497 4681 699 4737 'Num.
749 4697 861 4746 xvr,
902 4683 992 4738 55.

1093 4685 1114 4715 ¹
1142 4681 1246 4737 Job
1276 4698 1387 4748 xuv,
1422 4681 1510 4738 M.
1609 4681 1630 4713 ³
1661 4681 1806 4741 Psal.
1836 4699 1933 4750 cu,
1963 4685 2018 4740 5.

422 4752 446 4786 τ
476 4751 578 4810 lsa.
606 4770 776 4820 xxw”
808 4754 861 4810 4.
893 4755 898 4760 ’

956 4754 978 4786 ⁸
1011 4751 1208 4810 Ezech.
1245 4769 1458 4818 xxxv”,
1491 4752 1525 4807 4
1589 4768 1713 4823 sqq.

502 4928 609 5010 (61)
658 4927 986 5010 Ιςατήγατε.
1017 4928 1415 5010 “supplendum
1459 4935 1545 4983 cst
1581 4943 1781 4982 nomen
1835 4927 2000 4994 illius,

425 4997 519 5072 qui
537 5001 860 5072 κατήγαγε,
902 4997 1284 5072 credideritne
1317 4997 1449 5072 Θερς

500 5070 614 5140 (62)
667 5065 730 5122 Ol
763 5069 995 5140 ἐντοῖς
1021 5068 1367 5140 argui-21mg.
1403 5065 1528 5140 llmc
1573 5065 1740 5140 verba
1783 5065 2001 5140 planam

430 5135 753 5208 facilemque
784 5135 1078 5208 admittunt
1094 5135 1373 5208 Thomasii
1404 5135 1930 5208 interpretationem.
1959 5136 2004 5188 A

429 5206 860 5263 Pelavio‘autem
890 5207 1207 5271 redduntur,
1229 5207 1317 5276 qui
1343 5207 1396 5260 in
1423 5206 1675 5275 sepulcris
1703 5215 2000 5261 versantur.

503 5281 614 5349 (63)
645 5278 818 5346 Quam
849 5278 921 5349 ibi
951 5278 1204 5348 proponit
1236 5276 1568 5347 Epiphanius
1601 5277 2002 5349 interpretatio-7

431 5346 556 5403 nem
584 5346 731 5403 allati
777 5348 844 5402 de
875 5346 997 5402 Jobi
1046 5349 1186 5401 libro
1216 5346 1532 5411 testimonii,
1578 5355 1883 5415 sequuntur
1911 5346 2002 5398 alii

432 5419 700 5479 nonnulli,
752 5418 916 5471 etiam
961 5419 1101 5472 inter
1147 5417 1502 5480 recentiores,
1557 5433 1696 5485 quos
1757 5417 2002 5471 laudatos

433 5486 556 5542 vide
599 5503 628 5539 a
663 5487 908 5542 Calmeto
948 5488 1002 5542 in
1035 5486 1442 5541 Commentario
1489 5487 1707 5541 litterali
1751 5487 1818 5539 ad
1860 5485 2000 5538 idem

433 5555 826 5626 testimonium.
886 5555 1087 5612 Verum
1118 5571 1445 5626 quacunque
1483 5557 1707 5626 ratione,
1733 5555 1904 5610 Jobus
1935 5571 2001 5626 eo

436 5623 493 5678 in
522 5624 640 5680 loco
687 5625 1094 5696 interpretetur.
1131 5623 1477 5682 nullum'sibi
1515 5625 1827 5697 praesidium
1859 5625 2000 5680 asci-

2104 4439 2419 4512 κελεύειτῷ
2450 4439 2724 4513 ἀνθρώπῳ
2770 4440 2984 4509 λέγειν;
3045 4440 3166 4492 Ὀτι
3207 4437 3236 4491 ὃ
3277 4437 3423 4506 λέγει
3457 4436 3702 4507 Κύριος,

2108 4531 2225 4603 ἅμα
2272 4532 2366 4585 καὶ
2400 4534 2560 4599 ποιεί,
2602 4533 2695 4585 καὶ
2734 4528 2935 4586 οὐκέτι
2958 4531 3163 4586 λύεται.
3199 4529 3290 4601 Τῷ
3327 4529 3382 4582 δὲ
3417 4529 3710 4602 ἀνθρώπῳ

2115 4686 2136 4715 ⁸
2168 4682 2272 4739 lsa.
2303 4700 2452 4749 xxvr,
2488 4685 2576 4740 19.
2653 4686 2674 4718 ⁸
2704 4683 2847 4740 Psal.
2902 4700 3068 4754 uvu,
3101 4688 3154 4741 7.
3209 4761 3214 4770 Ι
3259 4687 3280 4718 ⁶
3306 4683 3410 4740 Job
3446 4701 3558 4749 xw,
3595 4685 3706 4742 12.

2111 4942 2264 5002 scere
2299 4928 2426 4984 inde
2454 4928 2671 5002 debent,
2713 4931 2806 5001 qui
2833 4947 3126 5002 corporum
3158 4931 3470 4989 inﬁciantnr
3501 4951 3714 4990 resur.

2111 4999 2434 5054 rectionem.
2470 4999 3082 5071 Quandoqiuidem'illud
3119 5021 3218 5056 nun
3251 5007 3474 5070 aniplius
3509 5022 3716 5058 resur-

2111 5077 2192 5136 get
2243 5085 2418 5144 neque
2456 5071 2820 5144 indeﬁnitum,
2855 5088 3028 5142 neque
3069 5073 3400 5127 illimitatum
3446 5078 3717 5144 ponitur,

2113 5147 2172 5190 ut
2211 5140 2634 5212 colligcreinde
2679 5143 2873 5196 mcrito
2916 5140 3121 5204 valeas,
3155 5140 3587 5212 uusquaui'l'orc
3649 5157 3720 5198 ut

2112 5219 2363 5282 resurgat
2406 5209 2501 5279 qui
2533 5220 2780 5265 mortuus
2808 5221 2929 5282 est.
2970 5213 3075 5268 Sed
3122 5209 3342 5282 ponitur
3382 5213 3449 5267 ad
3481 5223 3721 5282 certum

2113 5279 2336 5348 aliquod
2363 5291 2597 5353 tempus;
2631 5282 2816 5334 statim
2847 5281 2992 5336 enim
3016 5279 3366 5353 subiungitur
3389 5285 3546 5352 juxta
3565 5281 3723 5336 Vul-

2110 5356 2315 5417 gatam,
2357 5351 2520 5403 donec
2563 5360 2826 5404 atleratur
2864 5352 3075 5406 ca'lum.
3124 5351 3186 5407 ’ln
3221 5351 3406 5408 Graeca
3441 5354 3726 5408 vet-simne

2111 5421 2264 5495 locus
2293 5420 2614 5495 iu_teger_ita
2637 5437 2695 5476 se
2731 5422 2893 5495 habet
2911 5442 2928 5495 7:
2969 5425 3284 5495 Ἀνθρωπος
3316 5424 3372 5476 δὲ
3408 5423 3725 5491 κοιμηθεὶς

2107 5488 2168 5574 ου
2197 5489 2302 5580 [inv
2328 5488 2556 5580 ἀναστῇ,
2593 5492 2697 5553 ἕως
2725 5491 2802 5580 ἦν,
2814 5488 3176 5580 ὁηοὺρανὺςοςξι
3203 5495 3278 5566 μὴ
3304 5488 3580 5567 συρῤαφῇ
3611 5496 3726 5549 καὶ

2107 5558 2208 5613 οὐκ
2231 5558 2712 5634 ὲξυπνισθήσονται
2744 5561 2804 5628 ἐξ
2834 5558 3004 5619 ὕπνου
3030 5558 3232 5621 αὐτῶν.
