3916 6196
204 274 306 333 191

1592 266 2036 328 ANCORATUS.

3382 270 3485 328 198

206 383 509 460 προσέταξε
554 381 760 453 λέγειν,
789 381 881 438 ἵνα
934 380 1077 453 μετὰ
1126 381 1189 437 τὸ
1228 382 1524 453 ἀναστῆναι
1550 382 1687 455 πρὸς
1713 384 1808 456 τὴν

1914 392 2189 442 momento
2231 385 2383 451 facit,
2429 398 2532 440 nec
2576 385 2821 455 amplius
2855 399 2921 441 ea
2964 383 3188 442 dissolvi
3230 399 3485 455 possunt.

207 479 378 553 ὥραν,
410 475 666 548 σημανθῇ
694 475 794 546 μὲν
830 473 990 546 ἡμῶν
1018 476 1052 546 ἡ
1075 474 1230 539 ἐλπὶς
1254 475 1352 544 τῆς
1374 474 1668 546 σωτηρίας,
1701 476 1798 530 ἀν-

207 570 431 642 θρώπου
478 569 534 621 δὲ
561 568 719 636 λόγος
742 564 913 637 λυθῇ,
944 566 1041 620 καὶ
1077 567 1138 619 οὐ
1160 565 1254 619 τοῦ
1295 566 1498 636 Κυρίου
1520 602 1535 629 ,
1570 563 1801 635 ἤμελλον

208 664 321 733 γὰρ
352 660 515 715 πάλιν
534 658 896 728 ἀποθνήσκειν
918 658 1103 710 ἐκεῖνα
1126 656 1193 709 τὰ
1209 658 1364 709 όστᾶ.
1397 657 1565 709 Ὅταν
1590 655 1646 708 δὲ
1672 655 1803 728 εἴπῃ

214 753 243 805 6
274 751 500 822 Κύριος.
551 746 899 815 Ἀνάστητε,
935 746 1262 817 ἐγείρονται,
1302 747 1396 801 καὶ
1426 746 1526 800 οῦκ
1559 745 1804 817 ἀποθνή-

220 858 450 893 σκουσιο
497 839 628 893 Θεοῦ
661 838 772 907 γὰρ
812 838 973 906 λόγος
1007 837 1067 890 οὐ
1095 837 1403 909 λυθήσεται.

1903 476 2122 531 Ilomini
2174 478 2403 547 proinde
2452 479 2809 548 pronuntiare
2846 480 2948 533 ista
2996 478 3185 546 jussit,
3236 484 3294 530 ut
3334 476 3389 530 in
3419 492 3484 529 eo

1904 570 2047 639 quod
2074 570 2141 623 ad
2172 577 2385 639 tempus
2416 584 2652 639 corpora
2699 569 2790 622 illa
2827 577 3198 634 resurgerem,
3231 584 3355 638 spes
3388 585 3487 621 no-

1905 667 2033 714 stra:
2067 660 2260 715 salutis
2284 661 2747 715 adumbraretur:
2783 660 3021 715 hominis
3060 676 3209 725 vero,
3243 675 3351 714 non
3379 659 3485 711 Do-

1908 748 2040 802 mini
2074 763 2254 804 sermo
2285 749 2715 815 dissolveretur;
2767 750 3034 820 siquidem
3073 765 3200 807 ossa
3250 751 3341 803 illa
3388 749 3484 803 de-

1905 852 2018 891 nuo
2046 839 2394 908 postmodum
2424 848 2585 894 erant
2633 840 2918 895 moritura.
2954 840 3178 905 Quoties
3210 856 3337 895 vero
3366 840 3486 893 Do—

212 925 407 986 minus
444 930 599 995 dicit,
646 930 952 1002 Resurgite,
984 938 1301 1001 resurgunt,
1345 944 1518 999 neque
1554 927 1861 983 moriuntur
1895 929 2164 999 amplius:
2213 944 2340 984 nam
2389 929 2484 985 Dei
2528 944 2709 985 sermo
2738 930 2963 985 dissolvi
3004 930 3351 999 rescindique
3375 947 3486 985 non

292 1032 418 1077 test.

292 1040 345 1077 te
379 1040 418 1077 t.

208 1040 374 1166 pol:
396 1112 495 1165 Διά
518 1111 678 1165 τοῦτο
710 1113 806 1165 καὶ
833 1114 862 1165 6
884 1110 1087 1183 Κύριος
1126 1112 1183 1164 ἐν
1227 1110 1388 1183 σαρκὶ
1420 1106 1590 1163 ἐλθὼν
1614 1112 1799 1183 ἤγειρε

210 1205 465 1275 νεκροὺς,
502 1203 589 1255 ἵνα
617 1203 679 1255 τὸ
706 1202 797 1255 διὰ
826 1204 926 1273 τῆς
960 1201 1161 1273 σαρκὸς
1192 1202 1351 1256 πάλιν
1374 1203 1617 1272 κοιμηθῇ
1655 1243 1670 1267 ,
1696 1204 1802 1267 ἓως

212 1297 353 1366 αὐτὴ
380 1298 414 1365 ἡ
446 1294 582 1364 σὰρξ
605 1295 833 1365 ἀναστῇ,
879 1295 975 1348 καὶ
1022 1293 1222 1364 μηκέτι
1252 1292 1519 1365 ἀποθάνῃ,
1548 1295 1643 1346 καὶ
1670 1312 1797 1347 σιω-

214 1386 372 1455 πήσῃ
395 1385 552 1437 τοῦτο
570 1385 748 1454 λέγειν
775 1384 918 1455 μόνῳ
933 1384 1315 1456 ένὶ,Ἔγειραι,
1330 1383 1508 1453 δεῦρο
1527 1385 1642 1449 ἐξω
1658 1402 1670 1414 ο
1698 1386 1803 1448 ’ἐως

216 1476 289 1530 ἂν
313 1476 464 1549 ἔλθῃ,
492 1479 586 1530 καὶ⁸
615 1476 812 1549 μηκέτι
838 1475 1034 1540 ἑνικῶς
1047 1476 1452 1546 εῐπῃ,Ἕγειρε,
1475 1476 1612 1542 ἀλλ’,
1632 1476 1804 1544 Ἐγεί-

209 1566 381 1637 ρεσθε
405 1568 625 1632 πάντες,
640 1567 739 1638 τὴν
753 1565 1048 1636 καθολικὴν
1080 1566 1376 1619 ἀνάστασιν
1406 1565 1769 1638 ἐργαζόμενος
1787 1581 1801 1595 ·

212 1656 385 1719 αὐτὸς
409 1656 521 1728 γάρ
552 1657 701 1709 ἐστιν
734 1658 768 1727 ἡ
798 1656 1095 1719 ἀνάστασις
1116 1656 1228 1709 τῶν
1257 1656 1487 1727 νεκρῶν.
1524 1656 1581 1710 '0
1610 1656 1668 1708 δὲ
1695 1657 1803 1726 γὰρ

216 1748 360 1818 μετά
388 1747 451 1800 τὸ
471 1748 771 1818 ἀναστῆναι
805 1748 869 1800 ὲκ
900 1746 1009 1800 τῶν
1032 1747 1243 1815 νεκρῶν
1268 1747 1457 1801 οὐδένα
1484 1749 1673 1819 ἤγειρε
1699 1747 1806 1800 τῶν

213 1840 544 1911 προσφάτως
563 1839 1024 1911 τελευτησάντων
1056 1839 1432 1907 Ἀνέστησαν
1446 1839 1502 1892 δὲ
1531 1842 1627 1893 σὺν
1656 1839 1807 1908 αὑτῷ

212 1931 421 1985 πολλὰ
476 1929 724 2000 σώματα
766 1928 884 1983 τῶν
944 1928 1389 1998 κεκοιμημένων
1437 1930 1654 1999 ἁγίων,
1709 1930 1807 1983 καὶ

210 2016 511 2086 ὤφθησαν
549 2016 827 2083 πολλοῖς,
874 2018 993 2087 μετ’
1035 2016 1199 2071 αὐτοῦ
1242 2017 1576 2082 εἰσελθόντες
1609 2020 1689 2080 εἰς
1716 2018 1809 2072 τὸν

208 2107 503 2177 νυμφῶνα,
546 2105 692 2160 κατά
723 2106 791 2160 τά
830 2109 887 2163 ὲν
916 2106 1235 2178 Εὑαγγελίῳ
1260 2108 1647 2179 γεγραμμένα.
1699 2109 1811 2162 Καὶ

208 2199 320 2252 οὐκ
346 2193 522 2261 εἶπεν,
574 2196 800 2268 Ἀνέστη
844 2197 1009 2267 μέρος
1043 2198 1151 2250 τῶν
1187 2197 1454 2267 σωμάτων
1481 2196 1590 2250 τῶν
1613 2196 1805 2265 ἁγίων,

211 2290 376 2354 ἀλλά,
406 2288 651 2358 σώματα
698 2286 818 2341 τῶν
856 2288 1059 2357 ἁγίων,
1097 2288 1190 2341 καὶ
1225 2288 1652 2359 ἐνεφανίσθησαν
1684 2287 1810 2340 πολ-

212 2380 351 2444 λοῖς,
367 2382 467 2434 οὐκ
493 2380 640 2435 ἄλλοι
663 2379 817 2445 ὄντες
844 2379 994 2451 παρὰ
1018 2380 1146 2444 τοὺς
1178 2380 1656 2452 τετελευτηκότας,
1685 2379 1804 2434 ἀλλ’

202 2471 707 2542 ἐπιγινωσκόμενοι
726 2470 877 2542 παρὰ
888 2470 993 2524 τῶν
1020 2470 1165 2525 ίδίων
1186 2471 1236 2523 οἳ
1257 2472 1318 2524 οὐ
1337 2470 1441 2541 πρὸ
1455 2470 1648 2541 χρόνου
1669 2464 1810 2540 ἦσαν

204 2564 682 2634 τετελευτηκότες.
707 2563 820 2617 Kal.
838 2561 1018 2626 ἄλλοις
1036 2561 1205 2627 δεῖξαι
1220 2561 1276 2615 δὲ
1301 2561 1623 2633 βουλόμενος
1644 2563 1673 2613 6
1694 2558 1809 2613 Κύ-

206 2672 335 2727 ριος
370 2654 531 2727 ημῶν
590 2654 653 2707 τὸ
694 2652 911 2724 θαῦμα,
958 2653 1027 2707 τά
1078 2653 1144 2724 δὴ
1195 2653 1430 2725 δυσχερῆ
1489 2653 1673 2706 ἐκεῖνα
1722 2653 1811 2705 εὐο

207 2749 354 2819 χερῆ
382 2747 621 2811 δεικνὺς,
647 2745 909 2799 ἐπετέλει.
941 2746 1050 2799 Καὶ
1071 2746 1161 2799 ὅτε
1186 2746 1284 2816 μὲν
1305 2745 1524 2816 ἔρχεται
1549 2744 1686 2816 πρὸς
1712 2745 1811 2815 τὴν

209 2839 557 2911 προσφάτως
573 2837 970 2909 τελευτήσασαν
991 2836 1162 2908 κόρην
1176 2838 1277 2908 τὴν
1302 2836 1580 2908 θυγατέρα
1594 2835 1687 2889 τοῦ
1710 2837 1812 2908 ἀρ-

210 2928 624 3003 χισυναγώγου,
644 2930 832 3002 ἐπειδὴ
853 2930 990 2999 αὐτῇ
1019 2932 1085 3001 τῇ
1123 2928 1241 3001 ὥρᾳ
1262 2927 1636 2999 τετελεύτηκε,
1681 2944 1814 2981 κατ-

1981 1108 2140 1178 103
2184 1107 2245 1162 C.
2284 1108 2465 1178 Atque
2485 1123 2555 1163 ea
2579 1122 2743 1163 causa
2766 1106 2979 1161 videtur
3003 1121 3143 1169 esse,
3173 1122 3274 1161 cur
3304 1106 3485 1161 Domi-

1907 1216 2011 1257 nus
2032 1216 2154 1255 cum
2186 1214 2353 1254 carne
2398 1200 2623 1255 veniens
2666 1206 2911 1253 mortuos
2960 1200 3231 1263 excitarit,
3256 1207 3315 1251 ut
3338 1200 3486 1269 quod

1907 1292 2091 1347 carnis
2122 1291 2428 1345 interventu
2455 1300 2768 1344 revocatum
2793 1295 2937 1344 esset
2968 1289 3035 1341 ad
3068 1289 3253 1354 vitam,
3290 1291 3484 1344 iterum

1910 1391 2239 1446 moreretur,
2279 1381 2454 1437 donec
2482 1396 2612 1435 caro
2639 1381 2755 1450 ipsa
2787 1395 2894 1434 non
2933 1382 3168 1449 amplius
3218 1383 3487 1436 moritura

1912 1481 2230 1545 consurgat,
2262 1491 2386 1529 cum
2429 1473 2681 1529 videlicet
2715 1488 2824 1527 non
2869 1474 3103 1543 amplius
3133 1474 3226 1527 uni
3261 1474 3362 1529 hoc
3397 1475 3490 1528 ali-

1910 1567 1998 1621 cui
2023 1567 2249 1621 dixerit:
2274 1566 2502 1636 Surge‘,
2522 1567 2633 1619 veni
2652 1566 2799 1634 foras
2822 1567 2863 1629 ’,
2889 1565 3085 1627 donec,
3111 1565 3354 1634 inquam,
3390 1566 3488 1619 ad-

1910 1658 2139 1719 venerit,
2174 1672 2348 1724 neque
2389 1656 2741 1727 singulariter
2772 1657 2918 1710 dicat
2950 1656 3186 1726 amplius
3225 1674 3237 1706 τ
3279 1655 3490 1726 Surge;

1911 1748 2029 1813 sed,
2062 1748 2285 1818 Surgite
2309 1763 2520 1813 omnes,
2553 1764 2617 1802 ac
2647 1763 2995 1803 communem
3030 1750 3489 1804 resurrectionem

1910 1840 2184 1897 universis
2223 1841 2474 1896 indixerit
2518 1859 2533 1895 :
2575 1840 2845 1910 siquidem
2877 1842 2994 1911 ipse
3026 1849 3111 1895 est
3144 1850 3488 1895 mortuorum

1910 1934 2265 1990 resurrectio.
2307 1931 2479 1987 Porro
2529 1933 2623 1987 ubi
2675 1947 2706 1986 a
2752 1933 2983 1987 mortuis
3038 1933 3311 1986 excitatus
3368 1939 3489 1998 est,

1910 2027 2181 2080 neminem
2229 2042 2295 2080 ex
2340 2026 2405 2079 iis
2450 2025 2542 2093 qui
2592 2033 2843 2080 recenter
2894 2024 3165 2087 obierant,
3198 2040 3228 2076 a
3262 2024 3493 2078 mortuis

1909 2114 2218 2168 suscitavit.
2271 2110 2405 2164 Nam
2446 2126 2570 2165 cum
2622 2112 2738 2180 ipso
2782 2112 3003 2181 quidem
3058 2115 3227 2164 multa
3266 2126 3493 2179 corpora

1908 2211 2216 2255 sanctorum
2254 2203 2344 2272 qui
2375 2200 2725 2266 dormierunt,
2772 2211 3194 2265 resurrexerunt,
3234 2212 3282 2255 et
3312 2217 3492 2269 appa-

1909 2300 2126 2342 ruerunt
2166 2292 2348 2344 multis
2374 2331 2390 2356 ,
2420 2304 2544 2345 cum
2574 2290 2628 2343 in
2663 2292 2961 2345 thalamum
2997 2298 3182 2346 essent
3224 2290 3488 2361 ingressi,

1911 2388 1970 2434 ut
2001 2383 2055 2434 in
2097 2379 2390 2450 Evangelia
2436 2380 2666 2449 legimus
2694 2381 2735 2433 ³.
2768 2381 2931 2450 Atqui
2981 2397 3089 2436 non
3135 2382 3274 2435 dixit
3304 2402 3317 2435 :
3354 2381 3492 2437 Pars

1910 2479 2227 2526 sanctorum
2257 2485 2551 2539 corporum
2582 2472 2884 2526 resurrexit
2911 2491 2924 2527 :
2955 2472 3073 2537 sed,
3107 2471 3344 2541 Corpora
3373 2490 3495 2527 san-

1910 2574 2137 2627 ctorum,
2183 2571 2240 2618 et
2279 2563 2596 2618 obtulerunt
2628 2579 2688 2619 se
2716 2564 2939 2631 multis;
2987 2581 3093 2620 non
3128 2566 3196 2620 ab
3228 2567 3295 2621 iis
3326 2567 3420 2637 qui
3460 2584 3493 2623 e

1913 2656 2020 2711 vita
2067 2655 2179 2723 jam
2228 2662 2599 2718 excesserant,
2646 2653 2884 2721 diversi;
2943 2656 3037 2711 sed
3076 2671 3106 2709 a
3152 2658 3269 2712 suis
3323 2658 3494 2728 agniti

1911 2747 2005 2817 qui
2053 2747 2214 2815 paulo
2251 2753 2379 2800 ante
2426 2760 2491 2801 ex
2537 2745 2639 2800 hac
2686 2745 2799 2799 vita
2845 2747 3234 2816 migraverant.
3285 2748 3389 2805 Sed
3436 2760 3496 2803 ut

1911 2838 2053 2893 idem
2089 2837 2351 2893 Dominus
2379 2838 2519 2892 alios
2540 2851 2760 2906 quoque
2789 2838 2925 2890 tanti
2958 2840 3208 2894 miraculi
3239 2842 3494 2898 conscios

1912 2942 1977 2983 ac
2006 2928 2297 2998 participes
2330 2928 2553 2993 faceret,
2590 2925 2825 2982 dillicilia
2852 2927 2941 2980 illa
2968 2928 3225 2983 facillima
3252 2946 3377 2986 esse
3405 2933 3497 2986 dc-

214 3023 451 3094 ηξίωσεν
476 3021 615 3091 αὐτῇ
641 3023 814 3075 εἰπεῖν
830 3038 844 3051 ·
864 3019 1204 3087 Ἀνάστηθι,
1219 3020 1258 3087 ἠ
1278 3019 1442 3085 παῖςο
1458 3016 1532 3086 τῷ
1545 3017 1623 3084 δὲ,
1642 3017 1808 3073 ’Δνά-

1915 3028 2227 3074 monstrans
2276 3018 2454 3088 reipsa
2506 3018 2755 3088 perfecit.
2804 3017 2937 3072 Nam
2982 3035 3107 3074 cum
3155 3020 3221 3074 ad
3257 3024 3493 3092 puellam

211 3115 421 3179 στηθι,
450 3112 811 3183 ίσχυροποιῶν
827 3110 888 3164 τὸ
903 3111 1005 3182 ήδη
1022 3109 1335 3180 λελυμένον,
1353 3107 1540 3177 ἐπειδὴ
1562 3107 1642 3160 ἔτι
1670 3109 1727 3160 ὲν
1744 3110 1809 3179 τῇ

215 3204 380 3275 κλίνῃ
393 3198 485 3273 ἦν.
511 3204 615 3255 Τὸν
630 3203 686 3256 δὲ
708 3202 822 3255 υἱὸν
849 3202 947 3273 τῆς
968 3203 1144 3273 χήρας
1162 3201 1258 3271 τῆς
1275 3202 1333 3253 ὲν
1356 3201 1422 3269 τῇ
1449 3197 1610 3263 Ναῒν,
1627 3197 1812 3268 ἐπειδὴ

214 3295 321 3367 ἠδη
364 3296 425 3347 ὲν
457 3296 524 3363 τῇ
562 3292 708 3365 σορῷ
757 3292 1066 3363 ἐξεφέρετο,
1114 3291 1499 3362 εὐχερέστερον
1549 3290 1809 3359 ῆγειρενο

216 3388 399 3457 ἥψατο
421 3386 533 3457 γὰρ
555 3386 656 3455 τῆς
687 3385 869 3456 σοροῦ,
903 3384 998 3437 καὶ
1027 3384 1128 3438 οὐκ
1161 3380 1281 3436 εἶπέ
1310 3400 1364 3436 τι
1391 3380 1504 3451 (64)
1536 3380 1614 3451 τῷ
1640 3380 1810 3443 παιδὶ,

216 3478 360 3531 ἀλλά
395 3479 555 3547 μόνον
584 3477 762 3546 ἥψατο
792 3476 891 3546 τῆς
931 3474 1114 3545 σοροῦ,
1146 3476 1242 3527 καὶ
1283 3474 1504 3543 ἀνέστη.
1541 3472 1614 3525 Τὸ
1642 3471 1699 3525 δὲ
1731 3470 1813 3525 ἔτι

218 3570 546 3641 βαθύτατον,
571 3569 665 3621 καὶ
690 3568 819 3638 παρ’
847 3568 1036 3621 ἐλπίδα
1059 3566 1155 3620 ἀνθ
1165 3565 1361 3638 ρώπων
1390 3564 1569 3635 πολλῷ
1599 3564 1810 3635 μακρόο

215 3679 405 3733 τερον,
437 3662 528 3714 ὅτε
558 3656 723 3732 ἦλθεν
746 3660 840 3713 ἐπὶ
867 3659 959 3713 τὸν
987 3660 1361 3732 τετραήμερον
1388 3656 1659 3729 Λάζαρον,
1693 3657 1814 3711 οὐδὲ

218 3746 398 3811 εἶπεν.
433 3749 741 3822 Ἀνάστηθι,
767 3749 888 3803 οὐδὲ
916 3750 1095 3820 ἥψατο
1117 3752 1182 3819 τῇ
1210 3748 1354 3819 χειρὶ
1381 3747 1475 3801 τοῦ
1510 3749 1810 3818 μνήματος,

219 3840 339 3893 ἀλλ’
368 3840 542 3903 οὕτως
586 3843 644 3894 ὲν
675 3840 880 3911 ἑτοίμῳ
909 3840 1064 3894 καλεί
1096 3841 1154 3893 ὲν
1190 3842 1254 3910 τῇ
1290 3839 1395 3911 ἰδίᾳ
1421 3838 1659 3911 ἐξουσίᾳ·
1694 3840 1814 3893 Λά-

218 3930 382 3999 ζαρε,
427 3930 605 3999 δεῦρο
644 3931 781 3996 ἐξω.
838 3931 980 3985 Πολὺ
1019 3930 1076 3984 δὲ
1121 3930 1508 4001 εὐχερέστερόν
1555 3932 1671 3982 ἐστι
1718 3931 1814 3983 καὶ

222 4022 573 4092 ἑτοιμότερον
599 4023 681 4087 τὸ,
712 4022 895 4090 Δεῦρο
923 4021 1060 4086 ἔξω,
1095 4020 1248 4093 παρά
1279 4020 1339 4073 τὸ
1377 4019 1638 4089 ἅψασθαι,
1664 4021 1727 4072 τὸ
1757 4020 1815 4072 δὲ

224 4113 467 4185 άψασθαι
501 4115 661 4168 πάλιν
695 4114 1084 4186 εὐχερέστερόν
1118 4115 1234 4165 ἐστι
1279 4111 1413 4164 πολὺ
1444 4111 1537 4165 τοῦ
1564 4110 1813 4179 καλέσαι,

234 4206 304 4260 Ἡ
340 4206 524 4273 παῖς,
550 4206 867 4273 ἀνάστηθι.
898 4202 1024 4258 Ὧδε
1068 4205 1125 4259 δὲ
1173 4204 1350 4259 πάντα
1395 4206 1541 4257 ποιεῖ
1584 4204 1613 4256 6
1659 4202 1815 4273 ἆγιος

224 4296 318 4349 τοῦ
342 4298 480 4353 Θεοῦ
528 4300 726 4369 Λόγος,
760 4299 848 4351 ἴνα
885 4300 1019 4369 ἡμῖν
1068 4297 1167 4369 τὴν
1196 4296 1388 4350 ἐλπίδα
1428 4295 1682 4368 ὑποδείξῃ
1716 4297 1815 4368 τῆς

224 4387 593 4454 ἀναστάσεως.

1913 3112 2059 3166 illam
2106 3108 2405 3181 Synagoga:
2453 3109 2716 3180 principis
2762 3111 2927 3192 tiliam
2980 3125 3175 3166 recens
3219 3123 3494 3167 mortuam

1914 3202 2261 3265 accessisset,
2286 3202 2429 3271 quod
2455 3202 2644 3256 eadem
2671 3212 2819 3257 esset
2848 3203 2980 3257 hora
3005 3213 3241 3268 mortua,
3275 3206 3349 3259 ita
3373 3221 3494 3259 eam

1914 3294 2237 3362 compellare
2258 3293 2511 3362 dignatus
2531 3301 2615 3348 est
2637 3312 2651 3347 :
2674 3294 2860 3364 Surge,
2889 3295 3064 3363 puella
3087 3296 3131 3363 ⁵;
3154 3296 3355 3365 quibus
3378 3313 3498 3351 vero

1915 3383 2000 3437 bis
2038 3381 2183 3453 quod
2218 3382 2330 3451 jam
2366 3383 2692 3447 dissolutum
2721 3394 2859 3450 erat,
2888 3400 3029 3440 novo
3070 3386 3265 3441 robore
3295 3386 3499 3440 confir-

1915 3478 2104 3541 mavit,
2136 3490 2261 3530 cum
2292 3476 2472 3531 adhuc
2502 3479 2555 3530 in
2583 3478 2783 3532 lectulo
2806 3479 3039 3547 jaceret.
3078 3480 3146 3532 At
3179 3480 3353 3533 viduae
3376 3478 3499 3533 Nai-

1915 3567 2117 3622 mitlcaa
2140 3567 2332 3631 tilium,
2357 3566 2502 3636 quod
2532 3567 2585 3621 in
2611 3568 2791 3622 loculo
2810 3569 2921 3638 jam
2946 3568 3253 3633 efferretur,
3282 3572 3496 3627 facilius

1914 3657 2190 3711 excitavit.
2227 3655 2439 3726 Quippe
2472 3657 2710 3711 loculum
2740 3658 2938 3726 tetigit,
2977 3674 3158 3728 neque
3193 3659 3494 3729 quidquam

1916 3763 2086 3817 puero
2124 3747 2264 3801 dixit
2287 3748 2341 3801 ':
2375 3747 2468 3802 sed
2522 3746 2590 3800 ad
2621 3748 2800 3803 solum
2835 3748 3002 3802 loculi
3039 3757 3354 3802 contactum
3405 3748 3496 3801 ille

1916 3835 2175 3889 surrexit.
2209 3833 2367 3900 Quod
2398 3842 2582 3889 autem
2622 3837 2799 3890 multo
2833 3837 2998 3890 altius
3038 3850 3103 3889 ac
3143 3836 3495 3905 praestantius

1915 3935 2025 3989 est,
2060 3936 2114 3981 et
2144 3927 2381 3981 humana
2420 3928 2569 3982 omni
2602 3944 2699 3998 spe
2739 3929 2898 3998 longe
2930 3930 3211 3997 superius,
3257 3943 3383 3982 eum
3426 3929 3495 3983 ad

1913 4018 2335 4086 quatriduanum
2350 4017 2616 4073 Lazarum
2639 4021 3100 4083 accessisset,non
3120 4020 3279 4086 dixit,
3297 4020 3493 4092 Surge.

1915 4124 2017 4164 nec.
2041 4111 2351 4180 sepulcrum
2376 4126 2539 4166 manu
2564 4110 2831 4181 contigit;
2859 4112 2952 4166 sed
2978 4111 3123 4181 quod
3151 4111 3286 4166 adeo
3312 4127 3497 4181 prout-

1917 4210 2069 4273 ptum
2100 4216 2165 4256 ac
2194 4202 2433 4272 proclive
2461 4209 2604 4265 erat,
2641 4218 2738 4272 pro
2769 4217 2868 4257 sna
2902 4207 3174 4272 potestate
3203 4202 3289 4255 his
3314 4203 3497 4257 verbis

1915 4296 2154 4349 excitat:
2184 4292 2409 4359 Lazare,
2447 4295 2561 4349 veni
2590 4295 2737 4365 foras
2756 4295 2797 4347 ‘.
2823 4293 2917 4349 Est
2951 4303 3133 4348 autem
3164 4293 3336 4348 multo
3361 4294 3493 4348 illud

1844 4382 1887 4436 D
1919 4387 2134 4442 facilius
2166 4387 2378 4449 dicere,
2425 4384 2551 4440 Veni
2580 4386 2749 4455 foras,
2789 4401 2952 4457 quam
2998 4385 3253 4440 manibus
3279 4385 3496 4439 contin-

223 4493 382 4546 gere;
428 4477 896 4547 quemadmodum
946 4483 1172 4547 tangere
1223 4474 1438 4531 facilius
1483 4485 1588 4539 est,
1636 4491 1801 4546 quam
1838 4477 2119 4530 evocando
2158 4476 2377 4531 dicere:
2412 4475 2622 4542 Puella,
2671 4494 2845 4548 surge.
2898 4476 3033 4544 Quae
3090 4477 3311 4548 quidem
3380 4494 3498 4533 om-

222 4574 316 4626 nia
345 4580 597 4625 sanctum
627 4572 719 4626 Dei
752 4569 988 4626 Verbum
1013 4572 1135 4626 ideo
1166 4572 1415 4625 molitum
1443 4580 1553 4637 est,
1579 4580 1636 4625 ut
1661 4587 1814 4641 spem
1856 4572 2016 4627 nobis
2051 4571 2472 4626 resurrectionis
2500 4572 2744 4628 offerret.

296 4661 418 4716 PA’.
482 4663 547 4715 Εἰ
607 4662 666 4715 δὲ
732 4661 1049 4733 βουληθείην
1109 4662 1208 4723 τὰς
1256 4663 1434 4726 πάσας
1509 4664 1808 4735 μαρτυρίας

1987 4662 2071 4718 (.‘l.
2118 4662 2317 4718 Verum
2347 4662 2393 4717 si
2420 4664 2778 4719 auctoritates
2804 4681 2994 4721 omnes
3014 4683 3043 4721 e
3070 4669 3246 4721 sacris
3276 4667 3498 4724 Litteris

220 4756 288 4807 ἐκ
334 4755 524 4809 πασῶν
570 4752 682 4807 τῶν
722 4753 954 4825 Γραφόω
1006 4752 1347 4818 ἐκλέξασθαι,
1402 4754 1596 4825 μικρὸς
1642 4753 1741 4824 μὲν
1782 4755 1808 4806 6

1916 4769 2209 4824 excerpere
2256 4755 2519 4819 voluero,
2575 4758 2809 4824 primum
2859 4760 3040 4810 tenuis
3083 4774 3147 4812 ac
3196 4763 3495 4828 perpusilla

218 4847 491 4917 ἡμέτερος
522 4844 670 4909 νοῦς.
703 4845 907 4916 βραχύς
943 4861 1002 4898 τε
1036 4845 1131 4898 καὶ
1165 4844 1383 4915 ἰδιώτης
1404 4862 1417 4875 ο
1446 4846 1596 4914 ὅμως
1625 4844 1713 4897 διὰ
1750 4844 1808 4896 τὸ

1916 4845 2179 4915 rudisque
2212 4861 2367 4901 mens
2409 4853 2492 4901 est
2530 4853 2717 4900 nostra
2754 4863 2767 4899 :
2802 4845 2999 4902 deinde
3035 4864 3227 4903 vereor
3269 4866 3335 4903 ne
3368 4867 3494 4919 pro-

219 4936 428 5005 πλῆθος
464 4939 541 5001 είς
576 4937 709 4990 πολὺ
746 4937 947 4999 πλάτος
982 4935 1288 4990 ὲπεκτείνω
1324 4936 1416 4989 τὸν
1459 4935 1633 5003 λόγον.
1683 4936 1808 4987 Συν-

1916 4941 2039 5005 pter
2060 4936 2274 5003 copiam
2306 4949 2371 4988 ac
2398 4934 2806 4989 multitudinem
2843 4936 3062 5007 longius
3091 4940 3269 4993 oratio
3305 4950 3493 4994 nostra

217 5026 366 5081 ιλὼν
407 5029 466 5081 δὲ
508 5029 657 5099 ἐρῶ,
701 5029 783 5081 ὅτι
812 5031 847 5099 ἡ
889 5028 1045 5099 ἡμῶν
1078 5029 1324 5098 σωτηρία
1351 5026 1613 5096 σύντομός
1640 5027 1808 5092 ἐστιν,

1917 5027 2249 5097 proferatur.
2297 5026 2668 5095 Quamobrem
2717 5028 2943 5099 paucis,
2992 5029 3151 5103 104
3187 5039 3349 5101 atque
3392 5032 3494 5086 hoc

293 5179 312 5210 ’
340 5181 474 5239 Luc.
502 5200 621 5253 vnn,
653 5186 744 5240 54.
820 5187 842 5217 ’
869 5184 1028 5240 Joan.
1056 5201 1132 5250 xt,
1165 5185 1255 5239 45.
1332 5185 1353 5216 ³
1384 5182 1570 5238 Matth.
1608 5199 1778 5248 xxvn,

1980 5186 2003 5216 δ
2032 5183 2165 5241 Luc.
2202 5202 2322 5256 vtn,
2356 5188 2447 5243 56.
2524 5189 2544 5219 ⁸
2587 5186 2721 5243 Luc.
2755 5204 2853 5256 vn,
2893 5188 2979 5246 14.
3053 5190 3075 5221 ⁸
3102 5188 3259 5244 Joan.
3293 5205 3367 5252 xi,
3400 5190 3491 5244 45.

290 5357 407 5430 (σι)
439 5359 546 5412 Kal
567 5361 680 5413 οὐκ
702 5355 833 5430 εἶπέ
858 5377 931 5413 τι.
958 5358 1214 5414 Memoria
1240 5357 1458 5430 labitur,
1483 5357 1640 5430 aliter
1661 5358 1804 5430 enim
1914 5356 2436 5430 tetigisseloculum,
2454 5375 2563 5430 quo
2582 5371 2831 5416 mortuus
2860 5360 3136 5414 ferebatur
3152 5362 3493 5429 adolescens;

219 5428 276 5482 in
314 5428 625 5495 Evangelio.
658 5456 727 5470 -—
774 5429 848 5482 Ea
891 5430 945 5483 in
982 5437 1132 5499 parte
1170 5429 1370 5482 labitur
1405 5428 1687 5498 Epiphanii
1723 5443 1808 5501 ar-
1913 5427 2006 5481 sed
2038 5436 2091 5501 et
2120 5427 2168 5501 ei
2214 5435 2338 5501 item
2356 5427 2596 5501 insuper
2620 5432 2944 5501 prmct-pisse
2979 5440 3035 5501 ut
3059 5444 3323 5501 surgeret.
3360 5427 3493 5485 ναι.

219 5448 276 5482 ιιι
314 5448 625 5495 Lvangetto.
658 5456 727 5470 -
774 5448 848 5482 na
892 5448 945 5483 ιιι
982 5448 1132 5499 parte
1170 5448 1370 5482 tutntur
1405 5448 1687 5498 tuptpnatm
1723 5448 1808 5480 ar-
1913 5448 2006 5481 seu
2038 5448 2091 5481 et
2120 5448 2168 5481 et
2214 5448 2338 5489 item
2370 5448 2596 5498 Insuper
2620 5448 2793 5500 prtem-
2839 5448 2944 5483 tsse
2979 5448 3035 5482 ιιι
3059 5448 3323 5501 surgeret.
3365 5448 3491 5485 vnl-

218 5501 604 5570 gumentatio;
654 5513 775 5570 qua;
821 5507 1001 5570 tamen
1049 5514 1148 5552 nec
1202 5506 1315 5552 tota
1346 5504 1582 5560 corruit;
1618 5498 1804 5570 paucis
1910 5506 2037 5567 gata
2062 5497 2217 5549 habet
2238 5515 2262 5570 ;Δ
2286 5496 2624 5570 Adolescens,
2659 5501 2753 5553 tibi
2778 5448 2927 5553 dico:
2968 5498 3168 5570 Surge;
3196 5503 3281 5556 cui
3309 5504 3491 5557 omni-

218 5565 452 5623 inutstis
482 5565 1322 5645 firmitatifacilehrestitucrotnr
1342 5584 1477 5622 sum.
1508 5565 1661 5636 Apud
1696 5566 1800 5621 Lu-
1910 5565 1981 5645 n2
2032 5566 2323 5645 respondet
2362 5565 2549 5624 erca
2594 5570 2797 5627 dictio:
2849 5565 3154 5638 Νεανίσκε,
3204 5573 3287 5627 σοι
3327 5573 3493 5645 λέγω,

217 5650 348 5691 eam
379 5654 473 5705 vn,
512 5639 598 5704 14,
630 5638 862 5709 legimus
895 5636 1175 5695 Christqu
1216 5637 1401 5695 Jesum
1448 5654 1557 5693 non
1591 5646 1799 5692 tantum

1921 5636 2231 5707 Ἐγέρθητι.
