3916 6196
409 293 509 353 I‘JD
1781 289 1840 346 S.
1875 290 1955 346 El‘

2101 288 2227 345 mn
2270 276 2274 280 ’
3541 279 3647 339 suo

407 426 519 464 uno
558 410 725 464 verbo
759 408 1086 478 complectar
1110 425 1124 460 :
1150 405 1372 459 Brevem
1403 415 1468 456 ac
1504 401 1953 472 compendiarian

2107 423 2130 458 ν
2158 405 2291 458 πᾶσι
2319 402 2376 456 δὲ
2407 403 2463 455 ἐν
2499 400 2597 472 μιᾷ
2630 399 2803 454 ἐλπίδι
2823 400 2923 471 τῆς
2956 397 3302 462 ἀναστάσεως
3331 398 3459 468 ἡμῖν
3487 414 3653 468 κεκη-

409 501 603 555 salutis
628 516 749 554 esse
774 507 978 553 nostra:
1001 497 1164 558 viam,
1192 508 1254 547 ac
1286 507 1398 562 prae
1423 493 1636 547 caeteris
1659 493 1716 546 in
1741 492 1845 546 hac
1866 509 1955 546 un:

2110 497 2378 567 νυγμένης.
2403 495 2586 547 Ταῦτα
2607 493 2665 546 δὲ
2686 490 3001 546 ἀπιστοῦσιν
3025 495 3074 544 οἱ
3097 492 3333 554 ἄπιστοι,
3351 490 3656 561 παραφθεί-

409 590 834 644 resurrectionis
860 601 981 656 qua:
1011 585 1300 654 praidicata
1324 584 1482 638 nobis
1509 592 1615 646 est,
1643 583 1839 638 fiducia
1865 585 1955 638 col

2109 604 2235 639 »ουσι
2269 583 2565 650 κακόδοξοι,
2595 585 2654 637 οὐ
2695 583 2934 653 δέχονται
2970 581 3280 652 φιλόνεικοι,
3311 579 3655 633 ἀπωθοῦνται

410 681 663 734 locatam.
703 679 806 732 Sed
839 678 923 730 his
952 677 1108 730 ﬁdem
1141 677 1404 745 abrogant
1433 674 1701 739 inﬁdeles,
1735 689 1955 729 corrum

2109 675 2363 739 ιενόδοξοι.
2407 675 2531 736 Τοῖς
2572 674 2629 728 δὲ
2661 676 2824 726 πᾶσιν
2865 675 2893 726 ό
2931 673 3062 736 Θεὸς
3098 671 3159 724 τὸ
3186 671 3328 732 έλεος
3361 668 3655 739 παράσχοι,

409 779 543 836 punt
574 765 836 828 hmretici,
866 770 1218 817 contumaces
1251 771 1537 830 respuunt,
1572 763 1693 816 vani
1726 763 1955 816 hominei

2113 768 2177 818 ιαί
2197 765 2478 832 διαυγάσοι
2499 764 2568 817 τὰ
2605 765 2956 834 ζεζοφωμένα
2985 762 3090 816 τῶν
3119 760 3512 830 διανοημάτων.
3531 759 3659 812 Ἔλ-

409 858 682 926 rejiciunt.
728 856 870 910 Deus
918 870 1047 908 vero
1095 854 1531 909 misericordiam
1568 853 1826 908 omnibus
1877 853 1950 905 im

2113 874 2236 927 ηνες
2268 857 2364 926 μὲν
2388 855 2495 926 γὰρ
2513 855 2766 918 λαϐόντες
2789 855 3011 926 Πνεῦμα
3032 855 3203 922 ἅγιον,
3234 851 3654 921 ἐλεγχθήσονται

410 947 597 1016 pertiri
644 947 795 1008 velit,
841 954 894 999 et
930 946 1206 1000 obductas
1243 946 1474 1015 caligine
1506 956 1714 1000 mentes
1761 945 1956 998 illorun

2115 949 2187 999 πὸ
2242 947 2341 1016 τῆς
2395 946 2648 1015 ἀληθείας
2703 947 2796 998 καὶ
2857 945 3045 998 πασῶν
3104 944 3212 996 τῶν
3262 941 3657 1012 προλεχθεισῶν

410 1053 509 1091 sua
539 1037 658 1090 luce
698 1035 1010 1106 perfundat.
1050 1035 1262 1089 Etenim
1285 1036 1546 1106 gentiles,
1580 1036 1672 1089 ubi
1710 1035 1956 1104 Spiritun

2112 1037 2418 1108 ιαρτυριῶν,
2454 1036 2685 1106 μάλιστα
2709 1034 2763 1088 δὲ
2799 1035 2886 1104 ὑφ’
2905 1035 3056 1104 ὑμῶν
3084 1034 3193 1087 τῶν
3215 1034 3344 1088 υἱῶν
3370 1034 3469 1102 τῆς
3495 1033 3658 1100 ἁγίας

409 1135 660 1183 Sanctum
706 1127 1040 1196 acceperint,
1077 1127 1145 1179 ab
1179 1127 1295 1196 ipsa
1326 1127 1555 1182 veritate
1586 1141 1648 1180 ac
1683 1126 1955 1196 superiori

2114 1127 2172 1180 οῦ
2217 1127 2348 1178 Θεοῦ
2382 1125 2704 1195 Ἐκκλησίας
2743 1124 3153 1195 καὶδρθοδόξου
3201 1123 3455 1184 πίστεως.
3505 1123 3659 1174 Διδά-

410 1218 512 1272 bus
561 1219 815 1272 omnibus
864 1218 1012 1271 hisce
1055 1217 1380 1272 testimoniis
1430 1217 1780 1283 refellentur,
1821 1217 1956 1272 sed:

2112 1233 2239 1269 ’κετε
2285 1216 2392 1286 γὰρ
2435 1215 2686 1278 λαϐόντες
2728 1214 2950 1284 Πνεῦμα
3001 1214 3178 1283 ἅγιον,
3231 1213 3658 1277 καταξιωθέντες

409 1309 566 1363 vobis
600 1310 831 1360 maxime
857 1314 1059 1361 sanctae
1086 1308 1178 1360 Dei
1211 1305 1469 1361 Ecclesia:
1495 1323 1557 1362 ac
1581 1307 1703 1361 ﬁdei
1725 1308 1955 1362 orthodo

2109 1307 2239 1373 ,όγου
2274 1305 2491 1358 εὐθέτου
2529 1307 2586 1358 ἐν
2610 1305 2812 1369 ἀνοίξει
2843 1304 2937 1357 τοῦ
2970 1306 3266 1373 στόματοςο
3300 1304 3512 1374 πρῶτον
3536 1305 3655 1369 μὲν,

409 1415 490 1453 x32
517 1399 659 1452 ﬁliis.
696 1397 892 1451 Docete
923 1399 1106 1467 itaque
1137 1412 1232 1451 vos
1261 1399 1352 1466 qui
1385 1397 1589 1466 Spiritu
1630 1406 1821 1453 saneto
1843 1413 1952 1468 pra:

2109 1413 2162 1448 τι
2208 1395 2445 1464 μαθηταὶ
2491 1393 2583 1446 τοῦ
2632 1392 2866 1464 Χριστοῦ
2912 1393 3335 1457 καταξιωθέντες
3381 1387 3520 1446 εἶναι
3562 1393 3655 1446 τοῦ

411 1490 511 1541 (liti
551 1488 709 1548 estis,
746 1488 946 1556 quibus
981 1487 1272 1556 opportuni
1309 1488 1579 1542 sermonis
1612 1503 1873 1543 concessa
1905 1489 1954 1540 fa

2109 1485 2470 1556 ιρχιποιμένος
2503 1485 2596 1538 καὶ
2635 1483 2942 1554 προστάτου
2981 1484 3088 1536 τῶν
3130 1484 3412 1554 ἡμετέρων
3445 1484 3655 1553 ψυχῶν,

409 1581 588 1633 fultas
611 1588 692 1631 cst
727 1594 848 1629 cum
886 1593 949 1632 os
975 1577 1304 1646 aperueritis
1334 1593 1348 1629 :
1381 1579 1611 1647 primum
1640 1579 1783 1647 quod
1816 1579 1952 1633 disci

2111 1592 2156 1636 ›ς
2214 1576 2282 1628 τὰ
2333 1575 2574 1644 τρόφιμα
2629 1578 2740 1637 τοῖς
2788 1573 2881 1626 τοῦ
2932 1574 3169 1644 Χριστοῦ
3224 1575 3492 1643 ποιμνίοις
3544 1577 3657 1636 τοῖς

411 1670 523 1738 puli
562 1684 683 1722 esse
710 1668 912 1722 Christi
952 1668 1230 1723 meruistis
1273 1677 1553 1736 pastorum
1603 1670 1896 1738 principis,
1927 1685 1956 1724 θ

2114 1663 2291 1715 αυτῶν
2355 1663 2503 1726 λαοῖς
2561 1666 2994 1730 συναγαγόντες,
3071 1663 3441 1734 μεριμνῶντες
3510 1663 3659 1724 ὅπως

410 1759 714 1811 animarmn
744 1764 1056 1810 nostrarum
1089 1756 1475 1816 moderatoris.
1502 1771 1567 1810 ac
1593 1758 1859 1825 praesidis,
1894 1765 1956 1810 ut

2116 1753 2310 1816 αυτούς
2357 1770 2415 1806 τε
2459 1754 2552 1806 καὶ
2598 1753 2690 1806 τοῦ
2741 1754 2876 1806 Θεοῦ
2927 1753 3214 1826 θρέμματα
3240 1794 3253 1816 ,
3295 1754 3438 1823 φημὶ
3475 1753 3529 1804 δὲ
3566 1752 3661 1804 τὸν

411 1860 532 1918 pote
563 1850 654 1918 qui
687 1849 888 1902 Christi
940 1848 1228 1917 gregibus,
1278 1848 1380 1901 hoc
1421 1855 1504 1902 est
1534 1849 1844 1903 commissis
1886 1864 1957 1918 po

2117 1842 2409 1913 ουλόμενον
2461 1844 2675 1907 πάντως
2716 1842 3039 1912 ὠφελεῖσθαι
3095 1845 3158 1896 ἐκ
3201 1845 3296 1912 τῆς
3343 1843 3500 1910 ἁγίας
3556 1842 3663 1911 γῆς

411 1939 553 2008 pulis
576 1939 829 1991 alimenta
857 1939 1196 2006 colligentes,
1218 1937 1270 1989 in
1289 1951 1406 1990 eam
1435 1951 1624 1990 curam
1652 1937 1957 1991 incumbitis

2114 1935 2184 2004 ἧς
2231 1932 2381 2003 παρὰ
2433 1935 2640 2005 Μωῦσῇ
2695 1933 3092 2004 αίνιττομένης,
3150 1933 3408 2004 apsente.
3468 1932 3562 1993 Τίς
3601 1930 3660 1982 δὲ

411 2038 470 2083 ιιι
501 2039 609 2082 tam
641 2044 738 2083 vos
770 2029 940 2097 ipsos,
984 2043 1147 2096 quam
1189 2027 1282 2080 Dei
1316 2043 1534 2096 pecora,
1567 2042 1760 2096 nempe
1793 2043 1954 2097 quem

2122 2023 2192 2075 ῶν
2243 2023 2647 2094 εῠῳρονούντων
2680 2026 2759 2086 είς
2802 2025 2944 2094 ὑμᾶς
2995 2026 3120 2086 τοὺς
3159 2022 3405 2083 εὐλαϐεῖς
3442 2021 3534 2073 καὶ
3578 2037 3668 2072 πι-

411 2120 541 2172 libet
588 2119 682 2187 qui
727 2135 792 2172 ex
839 2125 1030 2172 sancta
1081 2118 1170 2170 illa
1212 2125 1356 2171 terra
1399 2131 1520 2186 qua:
1576 2117 1721 2186 apud
1766 2116 1957 2186 Moyse]

2115 2115 2246 2178 τοὺς
2285 2113 2534 2177 σκοπῶν,
2558 2108 2602 2166 ὦ
2628 2113 2895 2184 ὀρθόδοξοι
2932 2113 3024 2166 καὶ
3065 2113 3168 2165 υἱοὶ
3200 2112 3299 2180 τῆς
3335 2111 3661 2177 Ἑκκλησίας

411 2207 774 2278 signiﬁcatur,
808 2208 1040 2260 fructum
1069 2221 1262 2275 capere
1291 2205 1547 2268 voluerit,
1579 2205 1770 2260 sedulo
1796 2220 1957 2274 pasca

2102 2207 2300 2277 (ἐνίους
2327 2206 2434 2277 γὰρ
2461 2205 2654 2274 λέγων,
2674 2207 2880 2270 πάντας
2912 2204 3035 2266 τοὺς
3072 2204 3218 2266 υἱοὺς
3253 2203 3349 2272 τῆς
3383 2200 3637 2270 ἀληθείας

411 2300 503 2355 tis.
541 2299 674 2364 Quis
709 2299 872 2369 igitur
905 2297 1170 2367 prudens,
1205 2298 1252 2353 si
1286 2297 1356 2350 ad
1385 2311 1481 2352 vos
1513 2298 1802 2367 religiosos
1829 2312 1893 2352 ac
1924 2297 1957 2351 ﬁ

2122 2299 2248 2366 έγω,
2284 2297 2424 2350 κατὰ
2445 2296 2506 2349 τὸ
2533 2294 2958 2367 γεγραμμένον),
2983 2295 3071 2358 τίς
3103 2295 3230 2364 περὶ
3259 2292 3462 2345 τούτων
3485 2294 3628 2362 ἀμφι
3647 2321 3667 2333 -

411 2390 562 2446 deles
596 2390 872 2457 respiciat,
912 2404 945 2441 o
987 2388 1244 2442 catholici
1286 2394 1342 2441 et
1391 2386 1649 2440 Ecclesiae
1694 2387 1790 2440 ﬁlii
1841 2388 1957 2456 (cun

2123 2391 2304 2454 mor;
2347 2389 2522 2457 Σοφῆς
2557 2387 2665 2458 γὰρ
2692 2387 2844 2450 ὅντες
2887 2388 2979 2440 καὶ
3021 2386 3399 2456 ἀνδρειοτάτης
3437 2384 3541 2436 υἱοὶ
3560 2400 3669 2450 γυ-

411 2479 622 2545 aliquos
649 2476 894 2538 nomino,
924 2474 1170 2529 veritatis
1193 2489 1384 2527 omnes
1417 2474 1579 2537 ﬁlios,
1610 2475 1688 2527 uti
1721 2475 1957 2543 scriptun

2126 2479 2290 2541 ιιικὺς,
2314 2474 2382 2549 ἧς
2398 2478 2457 2529 τὸ
2481 2477 2634 2539 κλέος
2651 2477 2803 2549 παρὰ
2825 2477 3126 2547 Σολομῶντι
3143 2477 3351 2544 λέγοντι
3373 2474 3672 2528 Τυναῖκα

411 2577 520 2633 est,
546 2565 934 2637 comprehendi
963 2563 1128 2633 volo),
1159 2564 1306 2632 quis,
1338 2562 1581 2632 inquam,
1613 2578 1712 2619 vos
1743 2565 1957 2620 intuens

2133 2567 2372 2636 ι’δρειαν
2396 2567 2488 2633 τίς
2515 2566 2792 2635 εὐρήσει;
2817 2567 2892 2631 ὼς
2921 2568 3147 2631 σπανίας
3177 2567 3362 2637 οὔσης,
3387 2566 3581 2636 μᾶλλον
3604 2566 3674 2618 δὲ

412 2659 480 2713 de
524 2659 717 2712 horum
750 2655 855 2710 ﬁde
883 2653 1184 2708 dubitabit?
1226 2653 1336 2708 Vos
1369 2654 1514 2708 enim
1550 2654 1813 2724 sapientis
1840 2655 1954 2709 illiu

2129 2659 2238 2722 16;,
2260 2657 2322 2710 τὸ
2347 2659 2596 2731 κρεῖττον
2621 2656 2925 2723 ἐκλέξεσθε,
2951 2658 3044 2710 καὶ
3067 2657 3127 2710 τὸ
3149 2657 3425 2727 ὠφέλιμον
3443 2656 3633 2724 άγαπή
3649 2685 3675 2696 -

413 2764 478 2804 ac
509 2748 822 2803 fortissimae
860 2745 1106 2800 mulieris
1151 2745 1286 2800 estis
1335 2745 1466 2811 ﬁlii,
1516 2746 1676 2814 cujus
1724 2746 1892 2801 decus
1933 2761 1959 2801 e

2129 2744 2616 2814 ετε.’Λνδρείανδὲ
2629 2749 2881 2816 γυναῖκα
2896 2748 3064 2801 νοεῖτέ
3094 2765 3184 2818 μοι
3218 2749 3316 2818 τὴν
3341 2746 3675 2816 Ἐκκλησίαν

413 2842 642 2913 gloriam
688 2839 945 2894 Salomon
996 2838 1080 2892 his
1117 2837 1300 2892 verbis
1347 2838 1618 2907 expressit
1656 2857 1669 2890 ι
1709 2836 1959 2892 Mulierem

2126 2842 2178 2895 οῦ
2217 2841 2350 2895 Θεοῦ
2386 2843 2482 2913 τὴν
2516 2843 2668 2913 ὑμῶν
2718 2841 2947 2914 μητέρα,
2977 2836 3046 2912 ἦς
3083 2842 3233 2894 οὐδὲν
3270 2840 3672 2912 ἀνδρειότερον,

415 2934 604 3000 (artem
623 2932 738 2998 quis
767 2928 1025 2984 inveniet‘
1051 2927 1073 2980 ?
1111 2924 1292 2992 Quare
1320 2943 1446 2982 cum
1476 2942 1657 2981 raram
1691 2928 1838 2981 illam
1863 2944 1961 2984 essi

2130 2933 2426 3003 νησκούσης
2486 2933 2606 2988 καθ’
2655 2934 2884 2987 ἕκαστον
2952 2933 3368 3003 ἐπεγειρόμενον
3425 2929 3676 3001 διωγμὸν

415 3023 498 3078 vel
531 3020 859 3090 singularem
892 3018 1073 3086 potius
1097 3016 1338 3084 judicet,
1373 3030 1469 3076 vos
1500 3014 1644 3084 quod
1679 3016 1874 3070 melius
1901 3032 1961 3073 es

1617 3014 1644 3067 d
1679 3016 1874 3070 melius
1901 3026 1986 3073 est
2093 3023 2231 3093 ὑπὲρ
2263 3023 2357 3076 τοῦ
2385 3024 2643 3093 ὀνόματος
2673 3025 2768 3077 τοῦ
2799 3023 2926 3076 ἰδίου
2953 3023 3163 3094 ἀνδρός.

413 3116 612 3181 eligite,
637 3122 692 3168 et
721 3111 865 3181 quod
886 3111 1016 3164 utile
1047 3116 1133 3164 est
1157 3109 1425 3162 adamato.
1463 3107 1678 3162 Fortem
1707 3125 1838 3163 vero
1887 3113 2156 3170 mulierem
2182 3117 2247 3169 ad
2301 3117 2601 3170 Ecclesiam
2646 3117 2763 3184 Dei,
2811 3124 3150 3185 matremque
3198 3123 3432 3170 vestram
3492 3112 3678 3183 perti-

415 3225 547 3264 nere
589 3215 799 3278 putate,
839 3221 948 3276 qua
977 3205 1112 3258 nihil
1148 3219 1271 3259 esse
1311 3212 1491 3274 potest
1531 3204 1750 3269 fortius,
1784 3215 1838 3260 ut
1871 3222 1992 3276 quae
2023 3211 2254 3282 singulis
2282 3212 2591 3282 quibusque
2615 3212 3089 3282 persecutionihus
3138 3226 3236 3280 pro
3291 3210 3393 3264 viri
3418 3209 3501 3263 sui
3558 3221 3674 3261 no-

421 3299 566 3354 mine
604 3304 834 3351 mortem
865 3303 1105 3366 appetat.

486 3383 596 3440 Cll.
640 3383 840 3438 Eadem
879 3398 1011 3438 vero
1045 3381 1433 3437 candidissima
1465 3383 1662 3438 mulier
1687 3384 1752 3439 de
1784 3399 1987 3454 sponso
2014 3397 2032 3454 ί

2158 3389 2276 3440 PB'.
2304 3387 2450 3459 Αὕτη
2495 3384 2588 3442 οῦν
2637 3390 2669 3460 ἡ
2715 3389 3099 3456 ἐπιεικεστάτη
3131 3387 3219 3441 τὸν
3266 3385 3392 3439 ἴδιον
3433 3389 3673 3457 νυμφίον

419 3491 520 3531 suo
553 3475 845 3544 diligenter
884 3473 1198 3528 sciscitatur
1238 3472 1291 3527 in
1325 3473 1611 3528 Canticis:
1643 3473 1741 3527 Ubi
1779 3478 1952 3544 pascis

2128 3477 2330 3547 κριϐῶς
2349 3479 2527 3548 ἐρωτᾷ
2549 3480 2606 3530 ὲν
2636 3480 2701 3548 τῇ
2728 3475 2892 3547 βίϐλῳ
2913 3477 3020 3529 τῶν
3037 3476 3320 3546 ’ᾼσμάτων
3345 3491 3359 3506 ο
3393 3477 3514 3529 Ποῦ
3533 3493 3674 3528 ποι-

417 3565 507 3620 ubi
546 3569 710 3620 cubas
743 3566 799 3618 in
839 3565 1056 3619 meridie
1079 3569 1099 3596 ¹
1121 3565 1143 3618 ?
1169 3565 1422 3620 Christus
1452 3579 1582 3619 vero
1616 3566 1671 3620 in
1713 3573 1858 3620 terra
1897 3567 1963 3620 ill:

2134 3567 2354 3632 αἰνεις;
2378 3568 2495 3620 ποῦ
2518 3567 2800 3633 κατάξεις
2822 3568 2890 3620 ἐν
2905 3567 3274 3635 μεσημϐριᾳ;
3295 3566 3574 3636 Ποιμαίνει
3609 3568 3680 3622 δὲ

419 3674 526 3713 ιιοιι
573 3657 734 3711 modo
778 3657 978 3727 pascit,
1029 3657 1125 3712 sed
1155 3665 1208 3711 et
1242 3667 1524 3726 pastorum
1549 3672 1774 3712 suorum
1826 3659 1965 3727 pede:

2133 3659 2320 3726 ,ριστὺς
2347 3658 2403 3709 ἐν
2432 3660 2502 3727 γῇ
2529 3661 2595 3728 τῇ
2625 3658 2998 3729 προειρημένῃ
3017 3657 3149 3728 (65),
3175 3657 3266 3710 καὶ
3283 3658 3341 3709 οὺ
3368 3656 3522 3727 μόνον
3545 3674 3679 3710 ποι-

419 3749 803 3803 calceamentis
836 3748 964 3802 exui
990 3748 1166 3817 jubet,
1215 3749 1291 3802 uti
1327 3746 1539 3818 Moyses
1583 3749 1850 3818 principio
1889 3749 1958 3803 de

2136 3749 2291 3813 αίνει,
2333 3748 2471 3800 ἀλλὰ
2511 3749 2606 3800 καὶ
2649 3749 2982 3819 προστάσσει
3015 3748 3161 3802 λύειν
3194 3748 3254 3801 τὸ
3282 3749 3530 3818 ὑπόδημα
3554 3750 3680 3802 τῶν

419 3838 651 3893 claravit
674 3838 716 3892 ³.
741 3836 785 3890 Α
819 3852 930 3906 quo
956 3847 1011 3891 et
1037 3853 1134 3893 vos
1165 3838 1427 3892 traditum
1465 3840 1596 3894 illud
1637 3840 1965 3910 accipientes

2121 3837 2264 3891 ιοδῶν
2288 3837 2395 3890 τῶν
2424 3839 2712 3907 ποιμένων,
2735 3839 2808 3902 ὡς
2833 3839 3072 3908 Μωῦσῆς
3096 3838 3311 3909 πρῶτον
3331 3839 3493 3905 λέγει.
3509 3840 3667 3908 Παρ⁹

419 3929 655 3996 primum
691 3941 787 3982 eos
811 3926 906 3996 qui
937 3926 1005 3979 ad
1035 3935 1279 3982 sanctam
1309 3929 1595 3984 scientiam
1628 3928 1958 3983 introducun

2134 3923 2152 3982 5
2189 3926 2286 3998 τὴν
2325 3927 2621 3997 παράδοσιν
2663 3929 3056 3999 παρειληφότες
3094 3929 3186 3998 καὶ
3226 3929 3396 3991 αὐτοὶ,
3433 3930 3558 3991 τοὺς
3582 3929 3680 3990 είς

420 4020 532 4075 tur,
563 4021 681 4065 tuto
710 4012 951 4083 dirigite,
983 4023 1038 4068 et
1075 4023 1134 4068 ut
1170 4017 1398 4085 quilibet
1427 4019 1642 4072 calceos
1675 4025 1838 4072 exuat
1868 4018 1966 4072 dili

2131 4017 2190 4087 ην
2233 4016 2391 4084 ἁγίαν
2420 4018 2728 4088 ἐπιστήμην
2756 4019 3161 4087 εἰσαγομένους,
3190 4019 3443 4087 ἀσφαλῶς
3466 4035 3677 4089 χειρα-

422 4113 611 4172 genter
638 4101 860 4157 “efﬁcite.
889 4101 1034 4156 Varii
1065 4119 1226 4172 porro
1269 4115 1397 4159 sunt
1431 4105 1862 4176 uniuscujusque
1888 4121 1968 4160 not

2131 4106 2318 4173 ωγεῖτε
2339 4105 2450 4178 (66)
2486 4106 2719 4177 πρῶτον,
2747 4106 2816 4160 τὰ
2846 4107 3166 4178 ὑποδήματα
3188 4109 3419 4162 ἑκάστου
3443 4107 3677 4161 ὲπιιλὺε-

421 4202 594 4248 strum
635 4193 803 4248 calcei
829 4210 844 4258 ;
877 4209 1002 4246 nam
1035 4196 1150 4248 suis
1179 4197 1408 4264 quisque
1437 4196 1598 4251 factis
1618 4197 1967 4252 velutcalcea

2132 4197 2215 4249 θαι
2240 4197 2642 4268 ἐπιμελόμενοι.
2664 4197 3013 4269 Ὑποδήματα
3038 4198 3092 4251 δὲ
3122 4199 3350 4252 ἑκάστου
3377 4199 3530 4268 ἡμῶν
3549 4197 3678 4268 ἔχει

421 4285 616 4338 mentis
650 4286 928 4337 subnexus
957 4291 1063 4336 est.
1104 4285 1279 4351 Atque
1311 4286 1465 4352 105
1506 4287 1608 4340 hoc
1643 4288 1807 4342 modo
1835 4287 1967 4340 vohi:

2129 4287 2383 4354 ιαᾳοράν·
2425 4290 2491 4358 τῇ
2536 4288 2643 4357 γὰρ
2675 4289 2778 4358 ἰδίᾳ
2819 4289 2930 4359 (67)
2970 4287 3163 4341 ἑαυτοῦ
3201 4288 3394 4358 πράξει
3424 4288 3675 4351 ἕκαστος

421 4373 624 4426 Christi
654 4371 939 4440 discipulis
959 4381 1011 4426 et
1033 4375 1264 4442 egregiis
1292 4375 1604 4442 pastoribus
1627 4377 1967 4446 obsequente:

2140 4375 2416 4445 πεδήσατο.
2475 4378 2583 4430 Καὶ
2614 4377 2796 4432 λοιπὸν
2831 4379 2982 4449 ὑμῶν
3018 4379 3124 4432 τῶν
3157 4378 3411 4448 μαθητῶν
3446 4380 3536 4431 καὶ
3563 4395 3686 4431 καε-

423 4463 654 4531 singuli,
691 4463 737 4516 si
771 4463 895 4532 quis
943 4463 1211 4517 idolorum
1262 4465 1410 4517 cultu
1446 4468 1593 4519 velut
1632 4467 1816 4520 calceo
1861 4468 1969 4523 sub-

2141 4465 2200 4518 ὒν
2240 4469 2509 4538 ποιμένων
2536 4469 2823 4523 ὑπακούων
2851 4471 3108 4536 ἕκαστος,
3140 4471 3198 4532 ὃς
3227 4471 3323 4539 μὲν
3362 4469 3687 4539 ὑπεδήσατο

425 4551 652 4606 strictus
675 4560 776 4613 est,
803 4552 949 4606 hunc
979 4553 1154 4621 ipsum
1182 4553 1386 4607 cultum
1413 4562 1592 4609 vestra
1615 4555 1971 4610 cohortatiom

2138 4557 2554 4628 ,δωλολατρείαν,
2586 4561 2888 4615 ὑπελύσατο
2917 4565 2982 4632 τῇ
3012 4561 3166 4632 ἡμῶν
3189 4560 3437 4630 νουθεσίᾳ
3457 4577 3470 4590 ·
3501 4559 3684 4624 ἄλλος

426 4642 614 4708 solvit;
657 4643 796 4698 alius
827 4644 1151 4700 adulterium
1185 4647 1352 4709 exuit,
1385 4646 1800 4704 fornicationem
1828 4651 1966 4705 alius

2138 4661 2150 4700 ι
2184 4649 2426 4719 μοιχείαν
2457 4650 2780 4715 ὑπελύσατο,
2811 4652 2995 4722 ἔτερος
3027 4652 3299 4721 πορνείαν,
3341 4650 3496 4714 ἄλλος
3531 4651 3684 4704 κλο-

427 4733 566 4788 alius
592 4732 816 4798 furtum,
851 4735 1198 4804 cupiditatem
1227 4738 1367 4790 alius
1389 4745 1442 4792 et
1467 4740 1768 4794 avaritiam.
1803 4740 1973 4810 Nequt

2141 4741 2218 4811 ὴν,
2255 4740 2312 4803 ὃς
2342 4741 2398 4794 δὲ
2435 4741 2761 4808 πλεονεξίαν.
2788 4743 2862 4795 Οὐ
2896 4745 3053 4813 μόνον
3080 4743 3159 4805 δὲ,
3198 4741 3445 4796 ἀλλὰκαὶ
3482 4741 3687 4809 λόγοις

428 4825 532 4879 1ιοο
563 4832 790 4884 tantum.
824 4826 916 4880 sed
954 4839 1005 4880 et
1037 4827 1414 4882 abominandis
1445 4831 1621 4885 verbis
1647 4845 1710 4884 ac
1737 4833 1974 4899 turpibus

2144 4834 2378 4900 τυγητοίς
2411 4832 2502 4884 καὶ
2532 4835 2771 4904 αἰσχροῖς
2809 4836 3046 4904 ῥήμασιν
3075 4835 3523 4903 ἁποτασσόμενοι,
3559 4851 3690 4901 μα-

427 4916 768 4977 renuntians,
791 4931 885 4984 spe
912 4915 1187 4972 felicitatis
1217 4919 1426 4973 illectus
1457 4922 1836 4990 unusquisque
1867 4937 1973 4978 sesr

2146 4922 2290 4991 ιρίας
2315 4923 2335 4954 ⁵
2359 4922 2577 4977 ἐλπίσιν
2606 4925 2709 4977 ὑπὸ
2731 4927 2888 4994 χεῖρα
2916 4926 3179 4996 κραταιὰν
3201 4925 3294 4978 τοῦ
3321 4923 3524 4992 ἀγαθοῦ
3554 4941 3692 4976 ποι-

432 5005 532 5060 sub
569 5005 918 5058 fortissimam
968 5008 1154 5074 optimi
1206 5009 1441 5076 pastoris
1485 5025 1702 5064 manum
1747 5027 1842 5079 per
1887 5027 1978 5068 vos

2147 5013 2256 5077 ένος
2301 5013 2364 5066 δι’
2401 5014 2553 5082 ὑμῶν
2586 5015 2694 5068 τῶν
2745 5015 2922 5069 καλῶν
2951 5016 3100 5085 (τῶν)
3141 5015 3394 5086 μαθητῶν
3433 5015 3693 5078 ἕκαστος

433 5094 721 5162 prmclaros
763 5093 1060 5162 discipulos
1092 5096 1423 5162 pascendum
1457 5099 1749 5152 committit
1783 5117 1796 5152 :
1831 5115 1979 5156 nemc

2146 5104 2469 5158 >υκολεῖσθαι
2525 5107 2890 5179 παραδίδωσιν
2943 5109 3133 5163 ἑαυτόν
3163 5125 3176 5139 °
3243 5109 3500 5177 ἀφέξεται
3555 5109 3692 5179 γὰρ

500 5251 516 5281 ⁸
548 5247 704 5326 Prov“.
740 5264 887 5315 xxxx,
925 5247 1010 5302 l0.
1098 5250 1118 5279 ²
1141 5248 1297 5306 Cant.
1336 5265 1373 5317 ι,
1409 5251 1460 5304 7.
1538 5251 1557 5284 ³
1593 5251 1760 5306 Exod.
1794 5268 1876 5319 ιιι,
1907 5254 1962 5310 5.
2039 5255 2046 5285 ‘

957 5247 1010 5302 0.
1098 5250 1118 5279 ²
1141 5248 1297 5306 Cant.
1336 5265 1373 5317 ι,
1409 5251 1460 5304 7.
1538 5251 1557 5284 ³
1593 5251 1760 5306 Exod.
1794 5268 1876 5319 ιιι,
1907 5254 1962 5310 5.
2039 5255 2060 5286 ⁵
2098 5252 2160 5310 F.
2187 5258 2500 5329 μακαρίαις.

503 5401 626 5485 (65).
651 5401 772 5485 ,Ἔχ
799 5399 875 5485 τῇ
895 5399 998 5485 ⁸τῇ
1034 5403 1441 5484 προειρημένῃ)
1474 5404 1805 5485 Crediderim
1838 5406 1989 5485 hisce

2308 5410 2736 5485 ἕξιριιγωγοεῖτε,
2777 5429 2937 5485 manu
2989 5413 3198 5478 ducite,
3232 5429 3403 5485 ηιαιιιι
3421 5412 3689 5485 dirigite.

433 5471 489 5550 in
519 5472 696 5550 verbis
723 5472 782 5525 S.
817 5472 1172 5550 Epiphanium
1223 5471 1529 5550 respexisse
1569 5475 1635 5550 ad
1663 5475 1985 5550 Ecclesiam.
2110 5544 2141 5550 ,γ
2168 5471 2278 5548 (67)
2313 5471 2519 5550 Τῇῆιὰρ
2550 5471 2687 5546 ἰδίᾳ,
2721 5471 2830 5538 etc.
2875 5483 3154 5539 Sententia
3186 5471 3694 5542 animadversione

433 5537 612 5618 Nostri
657 5537 975 5618 interpretes
1020 5542 1196 5597 locum
1239 5537 1390 5598 illum
1441 5545 1745 5614 exprimere
1782 5545 1987 5601 Latinis
2093 5537 2274 5618 digna:

435 5607 612 5662 verbis
640 5607 1114 5677 praetehniscrunt.
