3916 6196
208 263 306 323 2ὒ1

1601 267 1833 325 ANCOR
1842 265 1975 326 ATU
1987 266 2044 323 S.

3381 273 3488 330 20?.

206 383 439 445 ἓκαατος
464 380 685 442 πάντως
719 379 820 449 τῆς
849 378 1080 450 πλάνης.
1117 381 1227 435 Καὶ
1254 380 1361 453 πρὸ
1384 381 1680 454 ὀφθαλμῶν
1708 399 1805 437 πα-

1912 381 2053 437 enim
2088 382 2212 447 erit,
2242 383 2336 454 qui
2367 397 2475 438 non
2512 397 2754 439 errorem
2788 383 3032 454 ahjiciat.
3066 381 3176 441 Vos
3206 394 3390 440 autem
3414 389 3487 443 ob

208 472 494 546 ρατίθεσθε
511 471 610 542 τὴν
631 471 914 543 ἀλήθειαν,
929 473 1124 528 εἴδωλα
1147 476 1244 546 μὲν
1265 475 1797 547 παραχαράττοντες,

208 570 313 623 καὶ
339 563 644 634 ἀκαφανδὸν
665 564 766 633 τὴν
792 565 921 636 περὶ
950 565 1130 619 αὐτῶν
1158 566 1366 637 πλάνην
1395 568 1800 638 ἀνακηρύττον-

207 676 322 722 τες.
351 657 493 712 Οὓτε
517 657 623 730 γὰρ
642 659 873 729 νεκροὺς
896 657 1120 722 τούτους
1146 659 1389 729 ἡγεῖσθε,
1418 659 1542 711 ἐπεὶ
1567 661 1640 731 μή
1668 677 1800 712 ποτε

210 750 457 821 ἐζητανο
495 749 622 802 κενά
661 748 718 802 δὲ
753 748 848 800 καὶ
875 747 1080 819 μάταια
1114 749 1209 804 καὶ
1249 750 1350 803 ούκ
1393 750 1542 815 ὄντα,
1575 752 1802 816 εἰκότως

214 843 429 905 πάντας
460 841 683 895 πάντοτε
713 840 1090 904 διδάσκοντες’
1133 841 1192 894 ού
1222 841 1330 914 γὰρ
1354 838 1495 913 ἦσάν
1530 861 1679 908 ποτε,
1716 845 1803 899 ἵνα

209 926 370 987 ὦσιν.
392 933 616 986 Ἐκεῖνοι
642 932 700 985 δέ
730 934 836 985 εισι
866 932 1281 1004 κακοδαίμονες,
1311 933 1656 1005 ἀνθρωπίνης
1689 937 1804 989 δια-

211 1025 364 1088 νοίας
394 1024 717 1096 παράθεσις.
743 1023 946 1094 ἡδονῶν
981 1024 1237 1096 ἀφορμὰς
1261 1025 1634 1096 ὲπιῤῥεύσασα
1653 1027 1765 1100 (68)
1785 1046 1798 1056 ·

210 1120 308 1173 καὶ
332 1118 484 1172 ἔνθεν
509 1120 616 1172 ὑπὸ
638 1117 874 1172 ’ἑκάστου
895 1120 957 1172 τὸ
981 1119 1110 1174 ἴδιον
1131 1121 1302 1184 πάθος
1317 1123 1400 1186 είς
1430 1122 1680 1194 σέϐασμα
1702 1141 1804 1177 κυ-

211 1211 390 1282 ρωθὲν
419 1213 774 1282 τετόλμηται.
794 1211 1018 1283 Πρῶτον
1036 1212 1168 1284 γάρ,
1193 1213 1356 1276 εὐθὺς
1384 1214 1472 1267 ὅτε
1504 1213 1662 1268 τοῦτο
1688 1217 1801 1279 τοῖς

208 1301 524 1373 ἀνθρώποις
565 1302 959 1372 ἐκαινοτόμητο
1007 1303 1094 1356 διὰ
1135 1303 1405 1374 δαιμόνων
1440 1305 1799 1376 κακουργίας,

211 1391 409 1464 πρώτη
453 1388 593 1463 αὕτη
640 1392 866 1463 πορνεία
917 1391 1329 1461 ἀπεφθέγγετο,
1399 1393 1496 1447 καὶ
1544 1410 1802 1466 σκιογρα-

210 1486 368 1554 piat;
383 1483 494 1555 (69)
507 1484 573 1537 τὰ
589 1480 784 1537 εἴδωλα
801 1483 1195 1556 προετυποῦτο.
1207 1485 1438 1539 Ἔπειτα
1469 1485 1666 1558 τέχνην
1696 1487 1795 1558 τὴν

213 1575 377 1638 ἰδίαν,
420 1577 488 1644 ῆν
523 1573 665 1644 μετὰ
694 1576 884 1646 χεῖρας
905 1572 1047 1645 εἶχεν
1074 1576 1328 1643 ἕκαστος,
1346 1576 1412 1630 δι’
1438 1573 1507 1650 ἧς
1532 1578 1631 1649 τὴν
1647 1579 1804 1632 εὐπο-

209 1666 337 1737 ρίαν
360 1665 538 1736 ἔσχεν,
558 1668 638 1729 εἰς
667 1666 914 1737 σέϐασμα
939 1670 1052 1731 τοῖς
1086 1668 1235 1731 ἰδίοις
1261 1669 1542 1740 παρεδίδου
1565 1671 1797 1737 τέκνοις,

1901 473 2097 528 oculos
2152 477 2441 530 veritatem
2499 475 2826 545 proponite,
2883 483 2938 530 et
2967 475 3130 532 idolis
3181 475 3482 545 damnatis,

1903 574 2240 637 quantOpere
2289 566 2550 622 oberrent
2586 567 2620 620 ii
2656 565 2752 636 qui
2793 581 2859 621 ea
2892 576 3253 633 venerantur,
3303 568 3486 638 palam

1902 668 1958 713 et
1988 659 2160 713 libere
2191 657 2502 728 praedicate.
2543 657 2729 728 Neque
2770 658 2914 712 enim
2948 665 3194 714 mortuos
3226 659 3351 715 illos
3376 661 3489 715 exi-

1904 749 2162 816 stimate,
2214 760 2272 804 ut
2320 749 2412 820 qui
2457 750 2624 804 vitam
2678 749 2972 805 habuerint
3023 766 3333 820 nunquam;
3388 751 3483 807 sed

1903 856 2063 905 vana,
2092 841 2296 905 inania,
2331 855 2433 894 nec
2461 856 2693 910 usquam
2720 839 3040 895 exsistentia
3064 840 3262 894 merito
3291 854 3486 896 omnes

1904 947 1966 986 ac
1999 941 2262 1003 perpetuo
2286 932 2508 986 docete:
2538 947 2711 1001 neque
2734 932 2875 985 enim
2910 931 3205 1001 aliquando
3240 931 3487 1000 fuerunt,

1905 1031 1965 1077 ut
1993 1039 2117 1079 esse
2156 1024 2430 1078 dicantur.
2462 1022 2569 1078 Sed
2609 1023 2745 1077 nihil
2778 1022 2924 1076 aliud
2962 1032 3091 1080 sunt
3120 1032 3483 1094 prasterquam

1902 1116 2031 1170 mali
2061 1116 2361 1181 daemones,
2413 1115 2763 1188 cogitationis
2801 1116 3052 1171 humana:
3088 1125 3481 1180 commentum,

1903 1208 2048 1279 quod
2079 1210 2412 1278 voluptatum
2441 1208 2713 1263 illecebris
2737 1208 3059 1264 occasiones
3091 1209 3482 1279 suppeditavit.

1905 1299 2043 1355 Ilinc
2079 1300 2393 1356 affectiones
2441 1300 2675 1371 quisque
2709 1314 2839 1355 suas
2884 1299 3072 1354 divino
3101 1300 3251 1355 cultu
3287 1316 3483 1355 consc-

1902 1406 2062 1447 crare
2105 1407 2274 1447 ausus
2307 1399 2410 1446 est.
2452 1391 2529 1446 Ac
2561 1390 2828 1461 principio
2855 1390 3097 1460 quidem,
3130 1391 3293 1446 simul
3317 1403 3482 1462 atque

1903 1484 2212 1538 daemonum
2252 1482 2602 1553 improbitate
2633 1499 2832 1538 novum
2868 1482 3278 1553 superstitionis
3311 1499 3484 1553 genus

1904 1574 1961 1628 in
2001 1574 2255 1628 homines
2301 1573 2576 1628 invectum
2611 1581 2715 1636 est,
2760 1573 2998 1644 primum
3031 1571 3323 1627 fornicatio
3348 1588 3485 1627 voce

1904 1679 1968 1719 ac
1992 1679 2245 1720 sermone
2267 1663 2468 1719 tradita
2491 1674 2572 1721 est
2588 1705 2602 1730 ,
2629 1680 2692 1720 ac
2712 1664 2835 1719 rudi
2868 1664 3098 1734 pictura
3118 1664 3486 1720 delineatione

210 1759 308 1811 au".
342 1758 432 1811 διὰ
456 1757 558 1826 τῆς
606 1757 737 1827 ὕλης
780 1760 880 1830 τῆς
924 1759 1064 1823 ἰδίας
1118 1761 1478 1831 τεχνουργίας
1515 1761 1670 1826 θεοὺς
1704 1764 1802 1816 ἀν-

1912 1762 2033 1809 sunt
2090 1770 2350 1825 expressa
2407 1756 2721 1811 simulacra.
2772 1754 2977 1812 Deinde
3036 1770 3201 1826 quam
3249 1756 3486 1827 quisque

209 1848 537 1903 επλάσαντο·
573 1849 668 1902 καὶ¹
707 1851 982 1920 κεραμεὺς
1022 1851 1120 1920 μὲν
1163 1853 1229 1904 ἐκ
1257 1851 1452 1922 πηλοῦ,
1497 1852 1706 1906 τέκτων
1734 1854 1797 1906 ὲκ

212 1937 371 2001 ξύλου
398 1939 535 2009 (70),
581 1939 874 2009 χρυσοχόος
907 1940 970 1992 ἐκ
1013 1939 1262 2012 χρυσίου,
1296 1941 1390 1995 καὶ
1420 1942 1797 2011 ἀργυροκόπος

210 2027 493 2094 ὡσαύτως.

286 2293 409 2347 Pl".
439 2294 561 2346 Ἔτι
591 2293 646 2348 δὲ
674 2295 836 2349 πάλιν
868 2295 1096 2361 ἕκαστος
1129 2297 1240 2368 (71)
1263 2296 1325 2352 τὸ
1359 2298 1488 2353 ἴδιον
1519 2300 1692 2364 πάθος
1719 2303 1799 2364 εἰς

216 2385 436 2456 μθρφὴν
466 2385 770 2456 ἐμφερείας
796 2388 812 2418 ⁸
842 2387 950 2440 τῶν
978 2387 1119 2440 ἰδίων
1153 2387 1447 2460 ὀφθαλμῶν
1482 2389 1795 2463 διέγραφεν.

225 2476 291 2527 Ὀ
329 2474 428 2545 μὲν
481 2474 773 2547 αἰμοϐόρος
815 2493 900 2539 τις
945 2477 1084 2548 ἀνὴρ
1110 2479 1280 2549 ’Λρεα
1319 2480 1570 2547 φάσκων·
1615 2483 1800 2553 μοιχὸς

211 2564 276 2618 δὲ
303 2565 336 2636 ἦ
368 2564 562 2634 μοιχάς
606 2566 706 2636 τὴν
754 2564 1072 2620 πολύκοινον
1136 2566 1493 2639 Ἀφροδίτην·
1535 2567 1802 2639 τύραννος

209 2655 276 2707 δὲ
317 2655 495 2725 Νίκην
527 2656 918 2727 ἀναπτερώσας
941 2673 954 2686 ·
993 2655 1287 2729 αὐχμώδης
1308 2658 1417 2730 γὰρ
1446 2659 1539 2712 καὶ
1571 2661 1700 2740 περὶ
1733 2661 1803 2715 τά

213 2746 453 2817 βιωτικὰ
473 2747 738 2817 κεχηνὼς.
762 2747 971 2819 Κρόνου
995 2747 1086 2800 τὸν
1110 2748 1278 2804 τύπον
1307 2749 1512 2822 ἔγραφε
1539 2767 1553 2782 ·
1579 2751 1804 2824 θηλυνό-

211 2857 384 2910 μενος
411 2838 505 2892 ’δὲ
535 2839 787 2908 Κυϐέλην
817 2839 912 2892 καὶ
941 2838 1116 2905 Ῥέαν,
1137 2839 1226 2894 διὰ
1254 2841 1315 2894 τὸ
1345 2841 1591 2912 ρευστὸν,
1624 2839 1799 2913 οἶμαι,

211 2931 317 3000 τῆς
339 2929 448 2984 ἀπὸ
474 2929 585 2982 τῶν
627 2930 893 3000 σωμάτων
928 2929 1251 3001 πολυμιξίας
1272 2947 1285 2961 ·
1322 2930 1479 2993 ἄλλος
1503 2948 1564 2983 τε
1600 2931 1802 3002 ρέμϐος

211 3023 252 3093 ἦ
292 3021 505 3093 ρεμϐἔις
531 3022 794 3092 Ἄρτεμιν
829 3021 1196 3093 κυνηγέτριαν
1224 3020 1668 3093 προετύπου,κα“ι
1704 3023 1803 3094 μέ-

213 3117 385 3169 θυσον
411 3115 690 3178 Διόνυσον,
723 3114 817 3167 καὶ
840 3114 1180 3184 πολύμοχθον
1224 3113 1500 3186 Ἠρακλέα
1520 3129 1534 3145 ⁸
1570 3114 1806 3185 πολύμιξ
1834 3100 1876 3157 C

212 3210 380 3270 δέτις
419 3208 518 3260 Δία
545 3207 641 3260 καὶ
685 3205 1013 3258 Ἀπόλλωνα.
1051 3205 1159 3257 Καὶ
1188 3204 1241 3257 τί
1275 3221 1362 3274 μοι
1394 3203 1464 3257 τὰ
1503 3203 1684 3275 πλήθη
1718 3204 1805 3257 λέ·-

215 3317 337 3365 γειν
357 3298 570 3369 μυρίων
601 3295 790 3349 παθῶν
814 3297 871 3348 ὲν
900 3293 1206 3365 ἀνθρώποις
1231 3294 1584 3365 ὑπαρχόντων
1604 3311 1618 3359 ;
1639 3295 1806 3346 Πλέον

216 3390 275 3443 δὲ
312 3389 533 3450 πάντως
567 3386 857 3455 Αἰγύπτιοι
902 3385 1266 3457 πλανηθέντες
1308 3386 1370 3438 ού
1405 3385 1563 3455 μόνον
1591 3385 1659 3438 τὰ
1701 3385 1807 3438 ἴδια

217 3485 372 3555 πάθη
399 3481 796 3551 ἐσεϐάσθησαν,
820 3479 955 3533 ἀλλὰ
985 3478 1162 3550 πτηνά
1203 3481 1296 3534 καὶ
1335 3480 1660 3551 τετράποδα,
1683 3497 1809 3552 χερ-

221 3576 354 3628 σαῖά
403 3591 464 3626 τε
509 3573 603 3626 καὶ
636 3572 849 3642 ἔνυδρα,
885 3572 979 3624 καὶ
1020 3570 1289 3625 ἀτίθασσά
1329 3589 1448 3625 τινα
1487 3570 1672 3643 θηρία,
1716 3574 1808 3625 καὶ

217 3667 289 3719 τὰ
314 3667 399 3727 είς
420 3663 585 3717 δοῦλα
609 3664 792 3725 αὐτοῖς
825 3663 929 3715 ύπὸ
944 3662 1038 3715 τοῦ
1070 3663 1226 3730 ἁγίου
1243 3662 1378 3715 Θεοῦ
1409 3663 1807 3734 παραδοθέντα,

217 3761 287 3828 τῇ
329 3757 485 3819 τάξει
522 3754 881 3825 μετήλλαξαν,
933 3755 1028 3808 καὶ
1056 3755 1132 3818 ὼς
1151 3753 1304 3816 ὄντες
1336 3758 1401 3825 τῇ
1432 3755 1639 3827 διανοίᾳ
1673 3773 1799 3826 κτη-

218 3849 439 3912 νὼδεις,
493 3847 948 3917 ύπερσέϐουσιτά
997 3846 1108 3911 ζῶα
1153 3847 1222 3899 τά
1265 3849 1394 3918 παρ’
1450 3849 1654 3915 αὐτοῖς,
1691 3848 1809 3901 θεο-

222 3939 537 4005 ποιοῦντες,
570 3941 665 3993 καὶ
699 3941 798 3993 οὐκ
824 3939 1203 4010 αἰσχυνόμενοι
1250 3939 1386 3993 κύνα
1413 3941 1473 3994 τὸ
1498 3941 1807 4006 ὑλακτικὸν,

221 4034 490 4102 αἴλουρον
511 4032 569 4085 τὸ
596 4032 991 4101 ἑρπετοφάγον,
1019 4032 1221 4102 τράγον
1245 4031 1316 4084 -τὺ
1337 4032 1658 4096 ἀκόλαστον,
1680 4035 1808 4104 πρό-

223 4126 399 4179 ϐατον
451 4125 511 4177 τὸ
555 4126 806 4198 βληχρὺν,
864 4125 1201 4196 κροκόδειλον
1244 4126 1304 4178 τὸ
1353 4125 1666 4197 πολυσχιδὲς
1719 4127 1811 4180 καὶ

224 4214 620 4284 ἁμειδέστατον
669 4215 712 4278 ³,
773 4213 880 4267 ἶϐιν
908 4214 1006 4284 τὴν
1056 4215 1284 4285 ἰοϐόρον,
1339 4214 1434 4268 atati.
1476 4217 1669 4282 ίκτῖνα,
1719 4217 1813 4270 καὶ

231 4309 453 4376 ἱέρακα.
519 4308 614 4360 καὶ
673 4308 883 4377 κόρακα
910 4306 979 4358 τὰ
1025 4306 1556 4377 δουλοπρεπέστατα,
1601 4308 1723 4376 ὅφιν
1754 4307 1811 4360 δὲ

223 4400 288 4451 τὸ
319 4399 535 4451 σκολιὸν
566 4399 657 4450 καλ⁵
687 4398 1014 4468 ἀηδέστατον
1038 4413 1051 4424 ·
1099 4397 1193 4450 καὶ
1241 4394 1598 4460 ἁπαξαπλῶς,
1630 4395 1676 4448 ὣ
1713 4396 1812 4466 τῆς

227 4492 481 4562 μεγάλης
519 4490 780 4560 αἰσχύνης
822 4490 928 4543 τῶν
960 4490 1094 4561 μηδὲ
1128 4490 1249 4559 ὄψιν
1281 4489 1388 4542 τῶν
1424 4487 1633 4542 ἑαυτῶν
1657 4487 1812 4556 ἐλέγ-

224 4600 345 4651 χων
381 4582 402 4612 ⁸
433 4578 858 4642 κατανοούντων,
921 4580 1017 4632 καὶ
1067 4579 1142 4648 μὴ
1193 4579 1386 4641 ἀκοαῖς
1422 4578 1520 4648 τὴν
1565 4577 1813 4645 αἴσθησιν

223 4671 796 4744 παραλαμϐανόντων,
857 4669 993 4740 μήτε
1035 4668 1246 4740 διανοίᾳ
1309 4669 1416 4722 τῶν
1461 4671 1592 4740 παρ’
1634 4668 1815 4730 αὐτοῖς

302 4827 317 4855 ¹
380 4840 470 4890 γρ.
516 4820 1010 4894 μορμοεμφερείας.
1147 4823 1283 4892 ’γμ
1337 4819 1654 4890 θηλυνόμος.

219 4894 484 4962 ἔλεγχον.

307 5046 425 5126 (ϐξ)
454 5044 854 5126 Animadverte
897 5061 1019 5115 qua:
1052 5046 1224 5115 prima
1253 5044 1411 5116 juxta
1450 5042 1812 5114 Epiphanium

219 5116 489 5176 Inanium
523 5116 747 5168 deorum
774 5116 942 5186 origo.

305 5186 837 5257 (691Σκιογραέρία,
869 5183 1073 5257 'prima
1118 5185 1210 5239 illa
1239 5183 1655 5257 reidclineatio
1706 5197 1814 5252 qua

263 5255 481 5312 ic'tores
510 5256 563 5309 in
591 5256 772 5308 tabula
810 5255 1165 5325 rei’ejusdem
1200 5256 1435 5325 speciem
1460 5255 1812 5308 adumbrant.

288 5276 481 5311 CIOI'CS
510 5276 563 5309 In
591 5276 772 5308 uiuum
810 5276 885 5308 I'CI
919 5276 1165 5325 ejusuem
1200 5276 1435 5324 SPCCICIII
1460 5276 1812 5308 auumuram.

215 5276 362 5383 “tali
380 5326 673 5380 vernaculo
700 5340 955 5380 sermone
979 5325 1338 5394 nostro,quod
1367 5324 1536 5379 Gra'ci
1573 5338 1822 5393 σκιογρα-

213 5401 621 5469 φίαχγυεαιιι,
648 5393 1246 5469 dicere__consuev_itnus
1267 5393 1640 5469 _cltiaroscuro.

304 5465 425 5532 (70)
467 5465 700 5519 τέκτων
727 5465 796 5516 ἐκ
821 5463 1032 5528 ξύλου,
1059 5461 1235 5517 Faber
1260 5464 1514 5533 lignarius
1535 5479 1600 5517 ex
1628 5463 1768 5533 ligno
1800 5477 1819 5515 :

207 5536 393 5610 qugd
409 5537 587 5610 estin
609 5534 794 5610 [ratina
817 5535 1080 5610 versione
1105 5535 1389 5610 omissum.

304 5605 424 5674 (Ἠ)
453 5606 582 5659 Ἔτι
611 5603 894 5674 defudit»;
919 5604 1195 5674 ἕκαστος.
1243 5603 1560 5674 Clementis
1584 5603 1822 5674 Alexam-

209 5672 571 5735 driui'locus
598 5673 790 5728 eodem
827 5674 1059 5744 pertinet
1099 5672 1392 5729 Slrom.vtt
1431 5691 1444 5729 :
1484 5673 1740 5744 Ἕλληνες
1767 5672 1826 5725 δὲ

563 5769 835 5831 Parum”
865 5771 988 5833 (in.
1033 5771 1257 5835 XLIII.

1786 4821 1807 4850 ³
1855 4817 1915 4874 F.
1970 4818 2329 4873 ἀειδέστατον.

1903 1848 2194 1902 exercebat
2215 1856 2410 1914 artem,
2441 1863 2546 1918 qua
2564 1849 2940 1918 quotidianum
2970 1848 3075 1905 sibi
3103 1850 3303 1904 victum
3338 1865 3488 1920 quaa-

1905 1949 2068 2004 reret,
2097 1939 2459 1994 venerandam
2491 1955 2556 1995 ac
2581 1940 2865 1995 colendam
2893 1939 3080 1996 liberis
3109 1941 3227 1996 suis
3252 1941 3482 1998 obtulit:

1905 2030 2050 2085 unde
2081 2045 2148 2085 ex
2183 2031 2444 2100 peculiari
2491 2031 2630 2086 artis
2679 2046 2794 2085 suae
2849 2031 3077 2085 materia
3125 2031 3326 2101 singuli
3378 2033 3486 2087 sibi

1905 2118 2038 2173 deos
2072 2117 2415 2182 effinxerunt,
2467 2113 2632 2173 veluti
2671 2117 2868 2186 figulus
2908 2131 2939 2173 e
2988 2119 3124 2184 luto,
3173 2119 3384 2173 aurifex
3415 2136 3484 2174 ex

1906 2224 2060 2272 auro,
2103 2219 2155 2264 et
2183 2208 2526 2280 argentarius
2557 2208 2710 2264 faber
2741 2224 2806 2264 ex
2841 2215 3087 2278 argento.

1975 2299 2107 2356 Clll.
2147 2300 2227 2355 Ad
2258 2300 2373 2355 hmo
2408 2299 2754 2356 all‘ectionem
2786 2297 3169 2368 unusquisque
3218 2311 3375 2354 suam
3413 2298 3483 2353 ad

1906 2401 2026 2444 eam
2074 2388 2366 2458 imaginem
2404 2403 2566 2458 quam
2611 2387 2684 2443 ob
2713 2387 2903 2442 oculos
2938 2386 3042 2442 sibi
3086 2397 3481 2459 preposuerat,

1907 2477 2216 2548 descripsit.
2250 2477 2434 2548 Itaque
2461 2478 2703 2534 crudelis
2723 2477 2998 2548 quispiam
3022 2485 3076 2532 et
3098 2478 3485 2549 sanguinarius

1908 2571 2068 2624 deum
2095 2584 2218 2625 esse
2267 2567 2492 2624 Martem
2543 2569 2817 2633 asseruit;
2863 2568 3113 2624 mazchus
3157 2569 3358 2640 aliquis
3391 2579 3488 2624 aut

1909 2660 2142 2728 mte'cba,
2166 2659 2534 2730 promiscuam
2564 2657 2832 2714 Venerem
2857 2675 2872 2725 ;
2896 2665 3163 2730 tyrannus
3188 2658 3484 2715 Victoriam

1909 2751 2105 2822 pennis
2139 2751 2434 2817 instruxit;
2477 2751 2763 2822 squalidus
2797 2750 2887 2805 ille
2919 2766 2982 2805 ac
3008 2751 3164 2807 lucro
3200 2763 3255 2808 et
3286 2753 3486 2824 opibus

1911 2842 2129 2898 inhians
2163 2842 2382 2896 Saturni
2426 2841 2656 2913 efﬁgiem
2703 2843 2910 2913 edidit;
2949 2845 3298 2900 effeminatus
3348 2847 3488 2901 alter

1910 2933 2145 3004 Cybelen
2172 2941 2225 2987 et
2249 2931 2476 2998 Rheam,
2506 2941 2727 3004 propter
2755 2934 2981 2991 rheusin
3009 2935 3127 2991 sive
3156 2934 3486 3004 profluvium

1914 3026 2078 3093 illud,
2121 3025 2335 3096 Opinor,
2376 3026 2519 3098 quod
2557 3026 2612 3081 in
2678 3027 2871 3083 crebra
2913 3043 3208 3099 corporum
3256 3029 3489 3082 cummi--

1912 3118 2094 3172 stione
2131 3126 2337 3186 scatet;
2369 3133 2543 3189 vagus
2568 3118 2704 3175 alter
2733 3127 2972 3190 autvaga
3001 3118 3331 3176 venatricem
3362 3118 3490 3173 Dia-

1913 3224 2037 3264 nam
2069 3210 2324 3274 instituit,
2367 3219 2462 3264 aut
2494 3210 2770 3265 ebriosum
2804 3209 3101 3272 Bacchum,
3127 3219 3221 3264 aut
3252 3210 3491 3264 laborio-

1914 3314 2034 3354 sum
2073 3298 2395 3364 Ilerculcm;
2436 3299 2527 3369 qui
2565 3299 2931 3369 promiscuam
2961 3315 3211 3355 venerem
3242 3301 3492 3356 sectaba-

1901 3399 2026 3467 tur,
2058 3389 2247 3446 Jovem
2279 3401 2332 3444 et
2364 3390 2691 3459 Apollinem.
2733 3389 2875 3456 Quid
2921 3398 3102 3446 autem
3137 3391 3329 3445 attinet
3370 3394 3492 3445 mli-

1914 3481 2155 3534 nitarum
2198 3481 2252 3533 in
2301 3479 2616 3534 hominibus
2667 3479 3013 3534 affectionum
3066 3495 3353 3536 recensere
3393 3495 3492 3536 co-

1915 3572 2102 3642 piam?
2143 3571 2301 3642 106
2339 3569 2445 3625 Sed
2477 3571 2756 3625 natiOnum
2788 3571 3032 3626 omnium
3061 3587 3300 3627 errorem
3334 3571 3492 3625 facile

1915 3671 2244 3734 superarunt
2270 3663 2511 3734 [Egyptii
2541 3682 2554 3719 :
2580 3664 2670 3734 qui
2695 3679 2800 3718 non
2831 3663 3147 3721 affectiones
3175 3665 3336 3719 modo
3361 3682 3492 3719 suas

1915 3753 2140 3810 deorum
2173 3754 2349 3809 instar
2398 3755 2634 3810 venerati
2684 3763 2854 3810 sunt:
2899 3755 2994 3810 sed
3032 3763 3088 3810 et
3140 3757 3391 3810 volucres
3427 3770 3492 3808 ac

1916 3845 2319 3916 quadrupedes,
2345 3846 2628 3900 terrestria
2656 3846 2838 3900 itidem
2867 3853 2921 3898 et
2949 3845 3002 3898 in
3024 3845 3182 3915 aquis
3215 3845 3489 3914 tle-gentia,

1917 3937 2211 3992 nonnullas
2246 3936 2389 3991 feras
2430 3946 2483 3990 et
2517 3949 2761 4006 agrestes
2803 3935 3032 3999 belluas,
3064 3950 3236 4005 eaque
3269 3934 3488 3989 demum

1919 4027 2218 4080 animantia
2268 4041 2387 4094 quae
2425 4026 2528 4080 sibi
2573 4026 2642 4080 ad
2687 4027 3006 4080 servitutem
3059 4042 3089 4079 a
3126 4025 3235 4081 Deo
3286 4028 3492 4080 tributa

1919 4115 2158 4182 fuerant,
2199 4115 2397 4171 divinis
2433 4115 2733 4171 honoribus
2778 4115 3094 4173 affecerunt.
3131 4116 3239 4172 Nec
3273 4134 3368 4172 eos
3407 4121 3492 4173 vel

1919 4208 2071 4264 canis
2104 4209 2358 4264 latrantis
2387 4209 2604 4279 puduit,
2637 4209 2720 4265 vel
2749 4210 2902 4264 :eluri
2936 4211 3028 4280 qui
3060 4210 3344 4280 reptilibus
3393 4226 3494 4282 pa-

1919 4304 2124 4368 scitur,
2153 4301 2236 4356 vel
2277 4302 2413 4356 hirci
2452 4302 2750 4369 libidinosi,
2772 4303 2855 4359 vel
2899 4303 3186 4360 imbecillis
3229 4305 3494 4368 ovicttlm,

1917 4395 2003 4449 vel
2035 4393 2286 4448 multifidi
2321 4403 2376 4450 et
2407 4395 2786 4452 immanissimi
2815 4397 3098 4462 crocodili,
3132 4405 3212 4452 vel
3247 4398 3350 4453 ibis
3375 4413 3496 4468 qua:

1920 4501 2128 4541 veneno
2157 4489 2414 4552 vescitur,
2431 4481 2534 4540 'aut
2558 4488 2749 4556 milvii,
2775 4496 2866 4543 aut
2889 4491 3185 4559 accipitris,
3208 4500 3301 4545 aut
3319 4492 3491 4556 corvi,

1919 4593 2040 4646 qua:
2064 4576 2285 4632 servilia
2328 4577 2382 4630 in
2409 4577 2601 4646 primis
2643 4579 2896 4633 animalia
2931 4589 3080 4643 sunt,
3120 4596 3220 4634 nec
3261 4583 3495 4637 tortuosi

1921 4667 2158 4736 denique
2197 4682 2262 4722 ac
2304 4665 2591 4721 ftedissimi
2635 4669 2927 4736 serpentis.
2967 4668 3033 4721 Et
3075 4679 3136 4722 ut
3170 4671 3359 4738 paucis
3397 4671 3496 4724 ab-

2430 4817 2453 4848 ³
2491 4817 2619 4872 Cor.
2661 4817 2768 4869 τῶν
2809 4817 2933 4889 μηδ’
2959 4817 3078 4886 ὕψει
3149 4818 3242 4870 τὸν
3288 4820 3496 4873 ἑαυτῶν

1922 5044 2112 5115 ὥσπερ
2139 5042 2660 5115 ἀνθρωπομόρφους,
2694 5040 2868 5115 οὕτως
2904 5039 2999 5115 καί
3049 5038 3498 5115 ἀνθρωποπαθείς

1921 5115 2047 5176 τοὺς
2081 5108 2256 5176 θέους’
2293 5108 2674 5165 ὑποτίθενται·
2713 5112 2805 5164 καὶ
2858 5108 3109 5181 καθάπερ
3154 5108 3258 5181 τὰς
3285 5111 3500 5181 μορφάς

1921 5183 2100 5236 αὐτῶν
2138 5183 2328 5271 ὁμοίας
2356 5182 2839 5271 ιὲαυτοῖςἮέρκαστοι
2883 5178 3381 5271 διαςῳγραφοῦσιν,
3425 5179 3502 5265 ῶς

1921 5271 2086 5324 φησιν
2123 5255 2151 5306 ὁ
2172 5248 2501 5324 Ξενοφάνης,
2537 5251 2791 5324 Αἰθίοπές
2821 5250 2920 5320 (τε)
2948 5248 3181 5324 μέλανας
3217 5265 3276 5301 τε
3308 5249 3501 5324 σιμούς

1921 5317 2004 5385 τε,
2044 5323 2258 5396 Θρᾷκές
2281 5317 2337 5396 τε
2358 5317 2597 5396 πυρροὺς
2623 5323 2716 5372 καὶ
2743 5317 3014 5396 γλαυκούς
3035 5317 3250 5396 ’.οὕτως
3277 5317 3376 5371 καῖ
3401 5319 3499 5382 τὰς

1923 5387 2103 5462 ψυχὰς
2136 5387 2598 5462 ’ὁμοιοῦσιν’,’καὶ
2657 5387 2769 5462 τοῖς
2822 5390 3007 5462 αύτοῖς
3047 5387 3500 5462 ἀναπλάττουσιν.

1923 5457 2130 5516 Αὐτίκα
2159 5457 2424 5532 βάρϐαροι
2465 5463 2555 5532 (οἱς)
2588 5463 2693 5532 μὲν
2719 5457 3022 5532 θηριώδεις,
3051 5459 3144 5532 καὶ
3181 5457 3503 5532 ἀγρίους-τὰ

1925 5533 2052 5603 ἢθη,
2076 5525 2554 5602 ἡμερωτέρουςδξ
2583 5525 2860 5603 Ἕλληνες,
2894 5527 3030 5599 πλὴν
3060 5525 3348 5598 ἐμπαθεῖς.
3379 5527 3500 5584 Ila-1;

1928 5599 1996 5659 ad
2018 5599 2206 5658 locum
2233 5599 2556 5672 praesentem
2593 5599 2872 5656 Petavius.

3224 5766 3266 5826 ’1
