3916 6196
310 386 415 442 τις

312 592 503 648 τούτου
540 592 821 664 φθορέως,
871 597 962 648 καὶ
989 596 1256 667 φθορείων
1279 602 1294 631 ¹
1331 601 1687 670 διδασκάλους
1727 601 1801 659 Οἵ)
1832 608 1892 659 τὸ

318 685 510 754 μνῆμα
556 685 649 737 οὐκ
687 682 893 753 ὀλίγοις
936 687 1052 741 ἐστὶ
1096 690 1288 760 δῆλον·
1326 694 1384 746 ἐν
1432 696 1629 766 Κρήτῃ
1670 697 1776 768 γάρ
1824 701 1889 769 τῇ

318 778 467 845 νήσῳ
493 777 547 828 ἐν
594 775 669 844 τῷ
715 776 833 846 ὄρει
872 778 957 847 τῷ
1000 778 1280 851 λεγομένῳ
1326 784 1551 855 Αασίῳ,
1588 787 1691 850 ἕως
1734 787 1893 859 δεῦρο

317 866 858 921 δακτυλοδεικτεῖται.
888 870 1062 939 Ζῆνες
1094 871 1150 923 δὲ
1185 873 1282 943 οὐχ
1310 874 1401 939 εἷς
1430 875 1461 946 ἦ
1490 876 1604 941 δύο,
1635 879 1770 932 ἀλλά
1800 883 1891 933 καὶ

318 958 461 1027 τρεῖς
487 958 578 1009 καὶ
598 958 871 1030 τέσσαρες
889 962 1145 1029 γεγόνασι
1165 962 1256 1015 τὸν
1285 965 1540 1035 ἀριθμόν.
1572 968 1631 1019 Ὀ
1670 968 1891 1040 μὲνγὰρ

311 1041 391 1108 εἷς
437 1047 618 1099 αὐτῶν
655 1048 984 1118 Κρονίδηςό
1013 1053 1433 1123 προειρημένος,
1465 1056 1493 1107 6
1533 1056 1890 1127 ταρταρώσας

308 1138 397 1189 τὸν
446 1138 578 1190 ἴδιον
628 1138 796 1191 αὑτοῦ
842 1140 1058 1212 πατέρα
1111 1143 1170 1195 ὲν
1213 1143 1290 1213 τῷ
1328 1146 1630 1217 Καυκασίῳ
1673 1147 1818 1218 ὀρει·
1865 1150 1891 1200 ὁ

302 1229 349 1280 δ’
382 1227 902 1300 άλλοςΛατριάριος
937 1231 1046 1301 (84)
1076 1233 1387 1304 γενόμενος,
1418 1236 1477 1301 ἐξ
1508 1230 1681 1309 οὗπερ
1718 1240 1765 1290 οἱ
1800 1256 1895 1309 μο-

264 1334 271 1345 *
303 1321 535 1390 νομάχοι
570 1323 860 1390 γεγόνασιν
881 1341 893 1354 ·
926 1324 1083 1389 ἄλλος
1112 1326 1167 1379 δὲ
1201 1330 1229 1381 6
1268 1330 1567 1401 τραγῳδὸς,
1605 1333 1633 1383 6
1662 1332 1757 1385 καὶ
1795 1332 1893 1403 τὴν

303 1416 464 1485 χεῖρα
511 1416 677 1468 αὑτοῦ
712 1404 1145 1489 καύσας·’τάχα
1192 1420 1249 1473 δὲ
1304 1423 1428 1486 θεὸς
1478 1423 1553 1475 ὢν
1599 1424 1895 1478 ἐπελάθετο

301 1507 386 1557 ὅτι
421 1505 608 1559 δάκνει
636 1506 699 1559 τὸ
733 1507 866 1579 πῦρ,
909 1510 1004 1563 καὶ
1037 1511 1137 1564 οὐκ
1173 1506 1285 1581 εἶχε
1315 1514 1415 1583 τῆν
1451 1515 1759 1582 πρόγνωσιν
1797 1517 1890 1569 τοῦ

300 1598 559 1665 λέγοντος
584 1600 771 1670 τράγῳ
794 1601 873 1671 τῷ
896 1601 1121 1674 Σατύρῳ
1148 1606 1363 1676 εὑρόντι
1389 1608 1653 1678 πρότερον
1676 1609 1737 1661 τὸ
1757 1610 1888 1679 πῦρ,

298 1690 398 1743 καὶ
416 1690 769 1761 προσελθόντι
799 1692 1043 1762 φιλῆσαι·
1076 1695 1197 1764 (Μὴ
1223 1696 1357 1768 ἅψῃ,
1388 1698 1578 1767 τράγε’
1602 1699 1882 1769 ἁψάμενος

296 1781 411 1851 γάρ
444 1798 548 1849 μου
569 1784 879 1853 ἐμπρήσεις
906 1783 974 1835 τά
994 1785 1200 1852 γένεια.
1217 1806 1234 1836 ι
1279 1787 1504 1857 Ἀθηναῖ
1520 1789 1576 1841 δὲ
1599 1790 1890 1858 γεγόνασιν

1717 400 2086 458 ΛΝΟΟΠΛΤΟ
2099 399 2154 456 S.

380 505 522 571 PG".
558 494 673 556 Ka‘t
712 505 765 556 τί
820 516 911 574 μοι
954 506 1021 559 τά
1066 508 1242 580 πλήθη
1282 509 1461 580 λέγειν
1501 512 1597 567 τού
1640 518 1887 583 γενναίου
1919 523 1959 576 Α

3467 404 3530 459 2i
3543 406 3574 459 ο

2063 517 2199 573 CVI.
2244 517 2384 584 Quid
2419 520 2507 573 hic
2539 517 2741 590 egregii
2770 518 2917 573 illius
2948 516 3280 587 stupratoris
3322 531 3385 573 ac
3420 532 3575 573 scor-

2002 617 2241 663 tatorum
2277 611 2526 680 magistri
2559 611 2769 664 infinita
2803 610 3006 679 ﬂagitia
3043 607 3439 678 percenseam?
3468 608 3576 665 Cu-

1995 700 2093 768 jus
2134 703 2448 771 sepulcrum
2496 703 2773 772 plerisque
2821 703 3097 771 c0gnitum
3144 710 3276 755 est:
3327 701 3470 771 quod
3519 702 3574 753 in

2000 792 2180 847 insula
2227 794 2389 848 Creta
2428 795 2483 847 in
2520 802 2703 847 monte
2734 794 2893 847 Lasio
2935 793 3000 846 ad
3033 792 3177 845 hanc
3216 807 3390 860 usque
3428 790 3573 845 diem

1999 882 2169 952 digito
2204 884 2573 940 demonstrari
2618 883 2781 939 solet.
2827 883 3099 937 Caeterum
3140 896 3252 934 non
3288 895 3431 933 unus
3479 886 3575 931 aut

2000 971 2139 1023 alter
2174 969 2409 1040 Jupiter,
2448 972 2541 1026 sed
2576 978 2690 1025 tres
2728 974 3033 1039 quatuorve
3071 981 3301 1021 numero
3334 965 3567 1021 fnerunt.

2001 1059 2244 1125 Quorum
2272 1076 2414 1115 unus
2444 1060 2738 1115 Saturnius
2763 1066 2845 1114 est
2874 1059 2983 1117 ille.
3008 1058 3075 1112 de
3105 1073 3212 1127 quo
3240 1057 3571 1111 mentionem

2003 1151 2255 1213 fecimus,
2298 1152 2392 1220 qui
2436 1150 2503 1204 ad
2542 1151 2849 1204 Caucasum
2891 1154 3130 1202 montem
3168 1155 3376 1217 patrem
3411 1161 3570 1201 suum

2002 1239 2054 1293 in
2088 1240 2416 1309 profundum
2447 1239 2744 1303 demersit;
2775 1239 2912 1291 alter
2934 1236 3170 1293 Latiaris
3200 1236 3379 1290 dictus
3405 1244 3509 1300 est,
3541 1251 3571 1289 a

2000 1345 2110 1398 quo
2140 1331 2477 1400 gladiatores
2508 1329 2776 1399 originem
2800 1334 3169 1397 acceperunt;
3212 1327 3408 1381 tertius
3460 1334 3572 1379 tra—

2001 1423 2216 1491 gmdus,
2262 1421 2355 1491 qui
2408 1436 2631 1475 manum
2687 1420 3013 1474 combussit.
3062 1418 3241 1472 Credo
3282 1417 3425 1472 enim
3470 1418 3571 1472 etsi

2000 1516 2137 1568 deus
2188 1520 2327 1577 erat,
2377 1512 2630 1566 mordere
2672 1511 2848 1581 ignem
2897 1510 3103 1565 oblitus
3147 1509 3347 1574 fuerat;
3398 1524 3574 1577 neque

2001 1604 2146 1659 istud
2199 1610 2587 1673 przesenserat,
2624 1602 2771 1671 quod
2811 1602 2964 1655 hirco
3004 1599 3200 1671 Satyro
3232 1601 3324 1668 qui
3366 1598 3574 1667 primus

1999 1698 2176 1766 ignem
2229 1702 2530 1765 repererat,
2584 1694 2649 1747 ad
2697 1692 3061 1747 osculandum
3105 1690 3384 1745 accedenti
3435 1689 3575 1759 ignis

1999 1788 2129 1840 olim
2157 1786 2364 1840 dixisse
2391 1785 2552 1853 109
2577 1784 2782 1838 fertur:
2821 1781 2928 1837 «Ne
2949 1782 3213 1852 attigeris,
3233 1780 3414 1841 hirce;
3449 1795 3572 1832 nam

296 1874 359 1923 οὑ
396 1874 517 1941 μία,
551 1874 686 1926 ἀλλὰ
727 1875 953 1928 πολλαί·
991 1878 1090 1946 μία
1130 1877 1229 1948 μὲν
1264 1880 1599 1951 ῥεμϐομένη,
1638 1883 1731 1935 καὶ
1763 1883 1887 1952 περὶ

1996 1879 2042 1934 si
2086 1895 2172 1933 me
2198 1877 2519 1948 contigeris,
2542 1876 2766 1930 barbam
2797 1886 2946 1930 tuam
2977 1875 3231 1928 adures.»
3276 1872 3392 1925 Jam
3424 1873 3573 1941 quod

294 1963 400 2031 τὴν
423 1964 727 2033 Τριτωνίδα
752 1965 949 2037 λίμνην
977 1967 1233 2039 ἀλωμένη
1251 1984 1265 1999 ο
1293 1969 1426 2041 ἄλλη
1451 1972 1506 2024 δὲ
1538 1974 1572 2042 ἡ
1608 1973 1889 2037 Ὠκεανοῦ,

294 2055 465 2123 ἑτέρα
513 2056 570 2109 δὲ
610 2056 918 2126 ἡΚρόνου,
967 2059 1063 2111 καὶ
1105 2060 1297 2114 πολλαὶ
1331 2061 1511 2117 ἄλλαι.
1574 2065 1890 2135 ’Λρτέμιδες

296 2145 517 2209 πολλαὶ,
547 2147 647 2217 μία
685 2148 783 2219 μὲν
819 2150 851 2220 ή
886 2151 1129 2219 Ἐφεσία,
1166 2152 1300 2227 άλλη
1329 2154 1385 2207 δὲ
1426 2156 1459 2225 ἡ
1492 2155 1585 2207 τοῦ
1616 2156 1758 2219 Διὸς,
1794 2156 1890 2209 καὶ

292 2237 462 2290 ἄλλαι
494 2238 756 2302 ὡσαύτως
792 2241 892 2294 οὑκ
912 2241 1110 2310 ὀλίγαι.
1138 2244 1251 2296 Καὶ
1275 2244 1534 2307 Διόνυσος
1571 2247 1599 2297 6
1629 2246 1886 2317 Θηϐαῖος,

293 2327 464 2390 ἄλλος
495 2328 549 2381 δὲ
592 2331 620 2382 6
655 2330 921 2402 Σεμέλης,
967 2333 994 2383 6
1031 2332 1125 2384 ἐπὶ
1166 2334 1275 2387 τῶν
1315 2334 1700 2405 Κορυϐάντων,
1738 2338 1832 2390 καὶ
1860 2340 1890 2391 6

291 2418 409 2470 ὑπὸ
446 2418 555 2470 τῶν
583 2420 826 2474 Τιτάνων
856 2420 1235 2492 διασπώμενος
1269 2425 1363 2476 καὶ
1402 2427 1704 2496 Κουρήτων
1730 2428 1758 2479 ὀ
1790 2427 1889 2497 τὴν

290 2510 668 2580 κληρονομίαν
701 2512 870 2581 μείων
896 2516 935 2565 ³.
977 2514 1250 2586 Ἡρακλῆς
1284 2515 1341 2567 δὲ
1368 2517 1397 2569 6
1431 2516 1726 2587 λεγόμενος
1755 2520 1887 2590 παρ’

288 2601 491 2664 αὐτοῖς
532 2601 903 2668 Ἀλεξίκακος,
935 2599 996 2657 οὗ
1021 2606 1121 2669 τὰς
1158 2607 1389 2679 πράξεις
1424 2609 1606 2672 πάσας
1643 2611 1888 2663 ἀποσιω-

289 2694 496 2762 πήσω·
532 2694 662 2764 μίαν
694 2696 752 2748 δὲ
793 2696 901 2749 ἀπὸ
954 2699 1142 2751 πασῶν
1171 2699 1282 2753 τῶν
1329 2703 1460 2772 παρ’
1517 2703 1699 2766 αὐτοῖς
1745 2703 1888 2773 τάχα

289 2786 704 2855 ἐπαινουμένην
729 2787 1013 2855 ὑποδείξω.
1052 2790 1302 2861 ’Λρκέσει
1327 2791 1501 2862 τούτῳ
1524 2793 1615 2845 τὸν
1638 2794 1887 2864 κάματον

286 2876 488 2929 τοῦτον
523 2878 851 2949 ὑποστῆναι,
888 2881 974 2934 ἵνα
1006 2882 1083 2953 τῷ
1130 2883 1231 2953 βίῳ
1266 2884 1511 2954 σωτηρία
1534 2884 1779 2955 γένηται.
1824 2887 1888 2939 Et

291 2968 379 3039 μὴ
406 2968 515 3041 γὰρ
538 2968 789 3042 ἔφθειρεν
809 2972 866 3024 ὲν
895 2975 993 3043 μιᾷ
1014 2972 1169 3026 νυκτὶ
1190 2975 1527 3044 πεντήκοντα
1546 2976 1655 3045 (85)
1681 2976 1887 3047 παροέ-

286 3077 443 3123 νους,
473 3060 593 3124 πῶς
623 3063 652 3113 6
677 3062 883 3133 κόσμος
908 3062 1175 3133 ὲσώζετο;
1197 3067 1416 3120 Μᾶλλον
1438 3067 1494 3120 δὲ
1525 3066 1737 3120 ὀλώλει.
1778 3069 1889 3122 Καὶ

286 3149 507 3211 ἁπλῶς,
552 3150 800 3219 ὁμολογῶ
827 3169 943 3217 σοι,
993 3155 1280 3225 περικακῶ
1330 3156 1429 3219 τὰς
1484 3156 1661 3219 κακὰς
1708 3155 1887 3209 αὑτῶν

285 3240 528 3310 πράξεις
580 3243 955 3315 καταλογάδην
1002 3246 1339 3317 ἀναγράψαι.
1390 3249 1511 3301 Ἔτι
1552 3248 1610 3302 δὲ
1647 3248 1884 3318 βασιλεῖς

286 3331 395 3383 καὶ
438 3330 696 3403 τύραννοι
730 3333 1095 3404 ἀπηνέστατοι
1133 3337 1501 3409 ὲπιποθήτους
1533 3338 1687 3401 τινὰς
1724 3339 1886 3410 ἐσχη-

288 3424 477 3488 κότες,
511 3425 607 3476 καὶ
635 3424 859 3489 τούτους
890 3428 947 3478 ὲν
978 3431 1047 3499 γῇ
1079 3429 1499 3499 κατορύξαντες,
1538 3430 1700 3483 πλέον
1726 3447 1779 3482 τι
1809 3431 1883 3502 μὴ

286 3513 515 3579 ἔχοντες
539 3512 750 3575 τούτοις
773 3515 1119 3583 χαρίσασθαι,
1146 3513 1233 3570 οἷα
1258 3518 1323 3589 δὴ
1356 3519 1451 3571 καὶ
1477 3520 1631 3573 αὐτοὶ
1656 3520 1884 3592 φθαρτοὶ

289 3602 421 3653 κατ’
456 3602 657 3666 αὑτοὺς
694 3604 882 3681 ὄντες,
932 3608 1012 3669 είς
1056 3608 1155 3679 τὴν
1203 3610 1432 3663 ἐκείνων
1488 3608 1703 3664 εὔνοιαν
1757 3612 1885 3676 τοῦς

286 3697 506 3764 σπάρους
548 3697 729 3752 αὐτῶν
764 3700 858 3752 ἐπὶ
900 3699 1079 3772 πλάνῃ
1125 3701 1222 3755 τοῦ
1270 3702 1385 3773 βίου
1430 3704 1546 3766 τοῖς
1579 3703 1731 3767 ἰδίοις
1780 3706 1883 3757 ὑπ-

286 3788 487 3855 ηκὼις
509 3789 599 3840 ἐπὶ
623 3793 766 3860 κακῇ
794 3793 1065 3861 προφάσει
1084 3794 1270 3856 κακῶς
1288 3793 1689 3864 θρησκεύεσθαι
1715 3813 1883 3866 παρα-

286 3876 615 3932 δεδώκασιν.
660 3880 748 3943 Ὤς
784 3884 813 3933 6
851 3880 1118 3947 Ἀντίνοος
1148 3884 1175 3936 6
1212 3885 1270 3936 ἐν
1306 3885 1578 3937 Ἀντινόου
1620 3887 1882 3956 κεκηδευ-

298 3968 494 4037 μένος,
515 3970 607 4022 καὶ
639 3970 737 4023 σὺν
768 3970 1033 4042 λουσορίῳ
1063 3972 1233 4042 πλοίῳ
1263 3974 1513 4044 κείμενος
1539 3976 1644 4028 ὑπὸ
1682 3976 1886 4048 Ἀδρια-

286 4058 398 4111 νοῦ
435 4058 602 4125 οὕτως
635 4063 933 4133 κατετάγη.
976 4063 1293 4135 Τιμαγένης
1332 4066 1389 4119 δὲ
1442 4076 1498 4118 εν
1539 4067 1727 4138 Ἀσίῳ
1771 4068 1886 4122 Κά-

287 4151 476 4214 νωϐός
507 4169 562 4205 τε
594 4155 621 4205 6
644 4154 920 4207 Μενελάου
945 4155 1304 4228 κυϐερνήτης,
1334 4158 1428 4210 καὶ
1459 4158 1491 4228 ἡ
1520 4158 1712 4211 τούτου
1746 4159 1884 4231 γυνὴ

291 4242 633 4312 Εὑμενουθὶς
684 4245 739 4297 ὲν
796 4243 1175 4317 Ἀλεξανδρείᾳ
1220 4247 1553 4317 τεθαμμένοι
1613 4249 1884 4318 τιμῶνται

293 4335 437 4405 πρὸς
470 4337 536 4404 τῇ
562 4334 698 4408 ὄχθῃ
743 4335 841 4405 τῆς
882 4335 1179 4406 θαλάσσης,
1205 4337 1313 4391 ἀπὸ
1358 4337 1587 4391 δεκαδύο
1639 4340 1883 4410 σημείων

287 4423 603 4487 διεστῶτες.
626 4425 734 4479 Καὶ
759 4427 989 4498 Μαρνᾶς
1010 4427 1197 4492 δοῦλος
1229 4428 1509 4499 Ἀστερίου
1534 4430 1631 4483 τοῦ
1664 4431 1880 4502 Κρητὸς

1992 1970 2058 2024 ad
2098 1968 2395 2022 Minervam
2448 1967 2707 2036 pertinet,
2759 1982 2862 2019 nec
2912 1966 3004 2018 illa
3036 1965 3273 2033 quidem
3320 1963 3570 2030 simplex,

1991 2059 2084 2113 sed
2113 2058 2356 2127 ejusdem
2392 2056 2630 2110 nominis
2658 2055 2968 2123 complures
2999 2060 3409 2107 enumerantur.
3437 2049 3569 2102 Nam

1990 2148 2097 2200 alia
2129 2160 2264 2215 vaga
2310 2151 2363 2198 et
2405 2144 2470 2197 ad
2498 2142 2801 2195 Tritoniam
2837 2142 3088 2210 paludem
3129 2141 3398 2193 oberrans
3432 2137 3568 2200 fuit;

1990 2236 2231 2293 secunda
2257 2234 2460 2290 Oceani
2488 2234 2593 2287 [ilia
2617 2251 2631 2299 ;
2658 2233 2761 2285 alia
2790 2232 3037 2295 Saturni,
3071 2239 3129 2285 ut
3159 2239 3386 2285 caeteras
3411 2230 3572 2285 omit-

1990 2338 2123 2383 tam.
2169 2326 2355 2381 Dianaa
2396 2334 2655 2398 prmterea
2698 2324 2885 2395 plures
2930 2325 3095 2378 etiam
3140 2324 3491 2378 exstiterunt.
3527 2319 3570 2372 E

1988 2419 2189 2488 quibus
2216 2418 2322 2471 alia
2368 2418 2472 2471 fuit
2503 2415 2760 2486 Ephesia,
2800 2412 2951 2468 Iovis
2983 2414 3150 2467 altera
3188 2412 3316 2475 filia,
3361 2419 3414 2466 et
3450 2410 3570 2464 aliae

1989 2512 2248 2580 deinceps
2274 2510 2418 2564 haud
2442 2523 2647 2579 pauere.
2677 2506 2925 2561 Bacchus
2951 2519 3081 2559 vero
3108 2501 3403 2557 Thebanus
3429 2500 3568 2555 alius

1990 2602 2124 2665 fuit,
2160 2602 2304 2655 alius
2338 2600 2582 2655 Semeles
2616 2597 2782 2658 ﬁlius,
2810 2598 3004 2650 tertius
3032 2594 3402 2663 Corybantum
3435 2606 3569 2660 pra:-

1991 2709 2079 2748 ses
2106 2711 2119 2747 :
2144 2699 2261 2761 tum
2290 2706 2320 2743 a
2348 2689 2642 2743 Titanibus
2665 2696 2721 2743 et
2747 2686 3039 2741 Curetibus
3065 2684 3375 2752 discerptus
3399 2682 3565 2744 alius,

1990 2784 2077 2837 eui
2106 2783 2339 2836 lanienae
2369 2796 2433 2835 ae
2459 2779 2847 2835 viScerationis
2881 2776 3139 2847 mysteria
3175 2776 3265 2828 illa
3295 2774 3560 2829 serviunt.

1989 2870 2240 2926 Herculis
2269 2886 2421 2934 vero,
2473 2884 2633 2940 quem
2683 2868 2773 2923 isti
2826 2868 3201 2920 Averruneum
3256 2866 3563 2927 nominant,

1988 2961 2215 3031 reliquis
2268 2959 2525 3014 omnibus
2578 2955 2811 3027 egregiis
2873 2955 3035 3008 factis
3088 2952 3337 3014 omissis,
3393 2966 3563 3003 unum

1987 3053 2273 3115 duntaxat,
2317 3050 2483 3120 quod,
2537 3057 2595 3103 ut
2642 3048 2856 3118 opinor,
2899 3043 3199 3116 praedicare
3246 3042 3322 3095 illi
3364 3041 3561 3105 solem,

1988 3143 2179 3213 paucis
2208 3142 2493 3211 attingam.
2531 3139 2699 3211 Igitur
2731 3138 2868 3193 satis
2901 3136 2976 3190 illi
3012 3134 3173 3189 fuerit
3208 3133 3273 3187 ad
3314 3132 3565 3185 humanm

1990 3236 2112 3289 vita:
2143 3231 2639 3303 reprmseutandam
2680 3230 2913 3285 salutem
2948 3214 3218 3295 ingentem
3255 3222 3566 3292 susrepisse

1987 3322 2254 3377 laborem.
2305 3320 2420 3376 Nisi
2465 3320 2610 3375 enim
2654 3317 2843 3373 eadem
2883 3323 3047 3369 nocte
3080 3322 3298 3369 centum
3341 3320 3565 3366 constu-

1988 3444 2202 3506 prasset
2242 3434 2517 3504 virgines,
2561 3445 2800 3502 quonam
2850 3435 3012 3499 pacto
3065 3425 3307 3479 mundus
3350 3424 3562 3479 servari

1990 3526 2297 3597 potuisset?
2327 3524 2439 3579 lmo
2467 3538 2597 3579 vero
2641 3520 2891 3575 funditus
2924 3528 3069 3573 esset
3103 3517 3429 3571 exstinctus.
3470 3514 3567 3567 At-

1986 3634 2112 3688 que,
2155 3626 2214 3671 ut
2251 3631 2361 3670 uno
2398 3616 2565 3670 verbo
2594 3614 2795 3675 dicam,
2839 3610 3013 3665 fateor
3044 3624 3131 3663 me
3176 3609 3228 3662 in
3262 3617 3371 3661 tam
3411 3608 3565 3661 dcte-

1988 3709 2202 3764 standis
2233 3708 2450 3762 illorum
2492 3704 2832 3760 facinoribus
2866 3699 3260 3771 persequendis
3306 3712 3427 3752 esse
3465 3696 3562 3751 de-

1988 3803 2218 3857 fessum.
2250 3800 2477 3855 Accedit
2510 3799 2578 3851 ad
2611 3797 2894 3866 superiora
2926 3795 3128 3857 omnia,
3177 3789 3321 3861 quod
3355 3788 3564 3858 princi-

1988 3907 2083 3960 pes
2109 3889 2329 3960 quidam
2353 3896 2407 3943 et
2438 3884 2819 3941 immanissimi
2852 3883 3067 3955 tyranni
3097 3896 3233 3952 quos
3263 3881 3316 3933 in
3352 3877 3564 3932 deliciis

1990 3980 2315 4042 habuerant,
2353 3992 2477 4031 cum
2513 3984 2762 4030 mortuos
2808 3973 3157 4043 sepelissent,
3192 3986 3371 4039 neque
3402 3970 3564 4043 quid-

1986 4085 2148 4140 quam
2185 4068 2253 4122 iis
2284 4068 2521 4138 amplius
2555 4066 2851 4137 gratificari
2886 4072 3131 4135 possent,
3165 4071 3355 4132 utpote
3383 4061 3475 4130 qui
3509 4068 3567 4115 et

1988 4161 2090 4233 ipsi
2120 4160 2383 4215 mortales
2403 4167 2590 4215 essent
2613 4176 2626 4225 ;
2653 4172 2753 4227 pro
2778 4156 3111 4211 inﬂammato
3136 4155 3191 4209 in
3220 4156 3345 4208 illos
3377 4168 3563 4207 amore

1985 4269 2108 4316 suo,
2147 4252 2482 4306 monimenta
2509 4251 2725 4305 illorum
2757 4264 2821 4304 ac
2860 4249 3110 4318 sepulcra
3141 4247 3281 4317 apud
3312 4245 3561 4300 subditos

1984 4344 2089 4399 sibi
2122 4344 2352 4414 populos
2374 4342 2632 4413 pessimis
2666 4342 2733 4397 de
2753 4342 2937 4396 causis
2965 4340 3021 4394 in
3054 4339 3407 4395 veneratione
3440 4351 3565 4393 esse

1996 4436 2315 4501 voluerunt,
2348 4451 2413 4490 ex
2444 4450 2553 4505 quo
2578 4436 2769 4504 ingens
2803 4434 2859 4487 in
2888 4432 3174 4486 hominum
3209 4431 3374 4509 vitam
3409 4444 3566 4484 error

288 4519 449 4586 παρὰ
484 4517 769 4582 Γαζαίοις’
809 4520 1017 4584 Κάσιος
1046 4518 1104 4574 δὲ
1136 4519 1165 4571 6
1212 4519 1529 4593 ναύκληρος
1571 4522 1727 4594 παρὰ
1766 4525 1880 4596 Πη-

1995 4527 2331 4582 introductus
2354 4534 2457 4582 est.
2498 4525 2579 4579 Ad
2608 4526 2754 4580 hunc
2784 4525 3002 4581 modum
3034 4523 3307 4578 Antinous
3343 4522 3395 4575 in
3430 4520 3566 4575 urbe

284 4604 308 4656 ἲ
326 4605 638 4672 ουσιώταις.

1982 4618 2066 4673 sui
2134 4616 2373 4671 nominis
2442 4630 2565 4670 cum
2627 4615 2838 4670 lusorio
2904 4614 3121 4684 navigio
3181 4615 3428 4682 sepultus
3496 4612 3565 4664 ab

288 4699 541 4755 Adriano
574 4702 628 4755 in
661 4702 885 4757 deorum
914 4719 1200 4760 numerum
1231 4708 1435 4764 relatus
1460 4715 1562 4763 est.
1611 4705 1911 4780 Itidemque
1944 4710 2272 4781 Timagenes
2314 4710 2368 4763 in
2391 4707 2541 4774 Asia,
2577 4714 2630 4762 et
2664 4705 2919 4760 Canobus
2967 4704 3193 4759 Menelai
3232 4706 3564 4776 gubernator

286 4808 422 4847 cum
479 4808 648 4848 uxore
684 4808 783 4849 sua
828 4793 1227 4853 Eumenuthide
1302 4798 1371 4853 ad
1422 4799 1809 4854 Alexandriam
1872 4802 2072 4872 sepulti
2115 4816 2283 4872 prope
2327 4801 2482 4854 littus
2542 4796 2871 4852 duodecimo
2918 4796 2988 4849 ab
3037 4795 3173 4849 urbe
3231 4794 3431 4863 lapide,
3477 4793 3563 4846 di-

285 4890 426 4943 vino
462 4890 610 4944 cultu
643 4900 1055 4947 consecrantur.
1086 4890 1303 4949 Marnas
1346 4893 1548 4950 Asterii
1590 4893 1872 4951 Cretensis
1910 4911 2106 4952 servus
2152 4896 2295 4967 apud
2331 4892 2582 4959 Caunos,
2618 4891 2815 4947 (iasius
2863 4890 3162 4945 nauclerus
3198 4904 3241 4943 a.
3274 4888 3561 4944 Pelusiotis

284 4983 516 5036 colitur.

364 5073 484 5129 PZ'.
526 5076 713 5130 Ταῦτα
766 5074 860 5132 οὖν
900 5079 1079 5133 πάντα
1135 5082 1265 5135 ὅταν
1317 5081 1456 5153 μέσῃ
1492 5084 1557 5153 τῇ
1610 5082 1879 5154 ἐκκλησίᾳ

276 5164 617 5236 ἀκριϐοῦται
646 5168 689 5231 ⁸,
723 5168 893 5224 κακὸν
923 5170 1230 5242 ὑπόδειγμα
1263 5173 1568 5243 θανασίμης
1599 5172 1718 5227 ὀδοῦ
1750 5175 1877 5238 τοὺς

277 5255 436 5309 οὕτω
467 5258 840 5328 προαχθέντας
879 5261 1195 5317 ὑπολύεται.
1246 5263 1477 5326 ’Λλλους
1515 5264 1572 5317 δὲ
1616 5264 1726 5317 ἀπὸ
1757 5282 1878 5335 μοι·

278 5346 445 5417 χείας
466 5348 546 5413 τίς
570 5350 926 5422 σωφροσύνην
952 5351 1168 5425 φέρετε,
1207 5354 1300 5407 καὶ
1336 5354 1411 5424 μὴ
1441 5354 1601 5425 μόνον
1622 5353 1717 5407 τοῦ
1748 5355 1875 5408 κλε-

2056 5077 2213 5138 CVII.
2257 5079 2357 5134 His
2387 5078 2644 5134 omnibus
2685 5077 2871 5132 media
2906 5076 2961 5130 in
2996 5076 3240 5131 ecclesia
3272 5076 3559 5145 diligenter

1980 5170 2292 5240 explicat-is,
2338 5170 2499 5241 longe
2539 5169 2839 5241 pessimum
2883 5168 2985 5223 viae
3027 5167 3205 5223 letalis
3251 5169 3556 5239 exemplum

1981 5263 2050 5317 iis
2081 5263 2177 5331 qui
2206 5262 2275 5317 ad
2314 5279 2438 5318 eum
2476 5262 2697 5316 modum
2746 5260 2957 5314 inducti
3006 5259 3398 5329 depravatique
3442 5260 3559 5316 fue-

1981 5355 2111 5421 rint,
2141 5354 2291 5410 velut
2332 5354 2763 5409 calceamentum
2800 5353 3015 5408 solvite.
3049 5352 3200 5408 Alios
3239 5353 3308 5407 ab
3347 5352 3560 5412 adulth

363 5500 379 5529 ‘
410 5499 540 5556 Cor.
576 5501 841 5573 φθορέων.
920 5506 939 5536 ³
966 5503 1095 5561 Cor.
1130 5506 1474 5577 κρεωνομίαν
1510 5508 1679 5579 μυῶν.
1760 5508 1780 5540 ³
1805 5506 1865 5561 F.

1995 5507 2219 5572 ῡιϐοὖτε,
2249 5514 2301 5561 ct
2327 5504 2609 5559 ὑπολύετε.

363 5653 481 5735 εει)
520 5656 585 5709 '0
630 5655 684 5709 δ’
712 5660 909 5735 eum
936 5661 1306 5735 Λατριάριος.
1347 5662 1491 5718 Idem
1534 5662 1735 5735 Sealig.
1768 5665 1877 5717 Aa‘

276 5724 501 5805 ςιᾴριος
530 5728 840 5805 amandavit
873 5724 971 5798 pro
1001 5724 1342 5805 πατρῐάριος,
1369 5749 1530 5805 quem
1566 5741 1623 5787 tu
1650 5724 1876 5791 οόιιειιιο

280 5791 365 5846 ω
393 5791 525 5851 ann.
557 5795 681 5853 876.
718 5791 921 5855 Ρετλν.

2050 5662 2162 5735 (85)
2202 5660 2608 5731 Πεντήκοντα,
2642 5661 3053 5733 quinquaginta,
3086 5677 3193 5718 non
3225 5673 3403 5721 autem
3433 5681 3560 5720 ceu.-

1981 5744 2111 5789 tum.
