3916 6196
233 373 330 428 213

1645 370 2082 428 ANCOBATUS.

3393 370 3499 426 ἳίό

238 492 365 564 μηδὲ
389 490 485 561 τὴν
528 490 654 559 ίσην
700 488 883 542 πίστιν
934 487 1314 559 ἐξενηνοχυίας
1362 487 1495 557 πρὸς
1546 489 1645 559 τὴν
1691 491 1824 543 Σου-

1932 490 2073 560 quod
2134 489 2205 542 ita
2266 489 2509 559 loquitur
2551 506 2564 543 :
2600 488 2699 542 Ubi
2748 488 3000 555 posuistis
3042 488 3347 545 Lazarum?
3401 505 3501 544 nec

246 584 473 651 μανίτιν.
509 580 714 633 Καίτοι
764 595 828 647 γε
854 578 1068 647 ἐκείνης
1104 579 1240 648 πρὸς
1260 578 1541 650 ἄνθρωπον
1567 581 1816 651 ἐχούσης,

239 670 511 724 τουτέστιν
546 669 851 721 Ἐλισσαῖον
895 666 987 719 τὸν
1032 666 1186 736 ἅγιον
1237 657 1562 739 προφήτην,
1608 667 1707 730 τὰς
1761 668 1818 720 δὲ

244 761 367 831 περὶ
394 759 617 829 Μάρθαν
650 758 887 829 ἐχούσας
927 757 1064 829 πρὸς
1090 758 1180 812 τὸν
1210 757 1361 811 Θεόν.
1395 758 1503 811 Καὶ
1538 759 1633 812 ὲάν
1665 757 1816 830 εἴπῃ,

251 849 343 911 Τίς
370 864 487 915 μου
526 846 763 913 ἧψατο;
812 847 914 898 οὐκ
942 846 1152 914 ἀγνοῶν
1191 846 1358 915 λέγει,
1385 846 1498 900 ἀλλ’
1537 847 1623 902 ἵνα
1655 846 1820 919 πείσῃ

243 938 335 1006 τὴν
370 939 591 1003 γυναῖκα
631 936 723 1004 ἀφ’
762 937 963 1007 ἑαυτῆς
1010 935 1381 1007 ὁμολογῆσαι,
1435 937 1521 990 ἵνα
1562 936 1636 1007 μὴ
1690 937 1820 1006 περὶ

240 1025 429 1077 ἑαυτοῦ
484 1027 738 1097 μαρτυρῇ
772 1028 801 1077 ὁ
835 1025 961 1089 Υἱὸς
996 1026 1089 1079 τοῦ
1130 1025 1297 1091 Θεοῦ,
1342 1026 1457 1080 ἀλλ’
1490 1027 1595 1079 ὑπὸ
1645 1027 1818 1081 ἄλλων

238 1115 539 1186 δοξάζηται.
568 1117 679 1169 Καὶ
702 1118 833 1171 ὅταν
856 1118 1006 1191 εἴπῃ,
1039 1119 1241 1186 Ἔχετε
1282 1118 1498 1186 ἄρτους
1524 1118 1652 1187 μεθ’
1682 1118 1818 1172 ἐαυ-

240 1205 391 1270 τών;
444 1206 536 1260 ἐπὶ
592 1208 770 1279 τούτῳ
798 1209 969 1277 λέγει,
1025 1209 1115 1262 ἵνα
1149 1210 1209 1261 τὸ
1262 1209 1435 1280 βραχὺ
1479 1210 1589 1262 τῶν
1639 1209 1817 1278 ἄρτων

239 1302 367 1350 πᾶσι
416 1300 708 1370 σημανθῇ,
759 1301 855 1354 καὶ
896 1302 957 1353 τὸ
1008 1301 1239 1371 μέγεθος
1269 1302 1366 1372 τῆς
1400 1302 1566 1355 αὑτοῦ
1606 1303 1819 1373 θαυμα-

236 1389 489 1459 τουργίας
523 1389 849 1461 θανμασθῇ,
885 1391 975 1445 διὰ
1031 1392 1301 1446 τοσούτων
1344 1393 1524 1465 ἀρτων
1563 1396 1815 1449 τοσούτου

236 1480 531 1549 τραςξέντος
563 1480 740 1550 ὄχλου.
768 1481 879 1534 Καὶ
904 1483 1030 1536 ὅταν
1058 1484 1211 1553 εἴπῃ,
1242 1483 1388 1538 Τίνα
1418 1484 1670 1553 (meite;
1692 1489 1818 1551 τοὺς

236 1570 533 1639 ζητοῦντας
563 1573 835 1625 δείκνυσιν
863 1574 1251 1644 ἠπατημένους
1278 1576 1458 1640 ὄντας,
1492 1580 1586 1630 καὶ
1613 1578 1818 1648 Ἰησοῦν

235 1659 526 1731 ζητοῦντας
557 1664 646 1715 τὸν
682 1664 900 1731 Ἰατρὸν
932 1665 1366 1737 ἑρμηνευόμενον
1412 1668 1506 1722 καὶ
1535 1669 1782 1738 Σωτῆρα
1801 1687 1813 1700 ’

237 1750 293 1800 ἶν’
333 1752 467 1803 ὅταν
499 1752 897 1808 ἀποκτείνωσιν
944 1755 1139 1821 αὐτὸν,
1192 1756 1293 1827 τῆς
1327 1756 1515 1811 τούτου
1547 1762 1818 1832 σωτηρίας

235 1838 487 1909 ληξωσιν.

1926 582 2278 651 Evangelium
2339 596 2518 650 neque
2575 579 2991 635 Testamentum
3045 580 3210 636 Vetus
3262 582 3498 651 ignorat.

1930 671 2029 727 Ubi
2059 674 2314 742 posuistis
2346 674 2553 741 ipsum?
2584 672 2780 741 inquit,
2816 680 2874 726 ut
2906 688 3126 728 sorores
3156 674 3277 727 illas
3305 688 3499 743 argue-

1924 773 2030 828 ret,
2060 780 2182 835 qua:
2213 780 2280 818 ne
2309 764 2573 834 atqualem
2612 762 2830 832 quidem
2871 761 3199 816 Sunamitidi
3235 763 3310 816 illi
3335 762 3496 818 ﬁdem

1926 872 2037 925 prin
2082 872 2141 911 se
2176 854 2401 909 ferrent.
2452 853 2773 923 Quanquam
2817 854 2897 908 illi
2939 869 3062 907 cum
3116 853 3333 907 homine
3359 852 3499 905 dun-

1925 954 2081 1000 taxat
2125 961 2213 1000 res
2268 953 2437 1009 esset,
2493 944 2673 999 Eliseo
2710 959 2902 1013 nempe
2956 943 3256 1013 propheta:
3288 941 3495 995 Martha

1922 1052 2052 1092 vero
2093 1036 2323 1107 ejusque
2376 1050 2536 1091 soror
2579 1049 2705 1087 cum
2756 1033 2867 1087 Deo
2909 1041 3110 1103 ageret.
3163 1032 3297 1086 Nam
3351 1031 3496 1102 quod

1924 1127 2059 1180 alias
2107 1127 2245 1181 dixit
2283 1148 2295 1181 :
2332 1126 2463 1191 Quis
2506 1142 2587 1179 me
2620 1124 2822 1194 tetigit?
2855 1137 2963 1177 non
2996 1124 3097 1177 hoc
3144 1138 3210 1177 ex
3244 1122 3498 1193 ignoran-

1924 1218 1999 1270 tia
2026 1218 2166 1272 dixit
2196 1237 2210 1272 :
2236 1218 2330 1272 sed
2358 1227 2417 1271 ut
2458 1217 2527 1271 ab
2559 1216 2791 1285 ipsamet
2824 1214 3050 1269 muliere
3093 1212 3494 1268 confessionem

1923 1311 2270 1378 exprimeret,
2320 1325 2389 1363 ne
2418 1309 2485 1363 de
2532 1308 2714 1378 seipso
2752 1306 3134 1362 testiﬁcaretur
3170 1304 3262 1359 Dei
3301 1305 3493 1367 Filius,

1924 1399 2019 1454 sed
2047 1401 2278 1454 aliorum
2322 1398 2640 1454 testimonio
2671 1398 3170 1453 commendaretur.
3207 1396 3361 1461 Quod
3393 1412 3490 1449 au-

1924 1498 2033 1545 tem
2062 1492 2129 1545 ad
2160 1492 2263 1546 ista
2302 1494 2537 1563 pertinet
2565 1512 2578 1548 :
2616 1491 2835 1546 Habetis
2864 1506 3023 1559 panes
3050 1488 3350 1543 uobiscum?
3377 1488 3495 1541 ideo

1925 1590 2287 1651 percontatus
2317 1594 2422 1650 est,
2458 1594 2701 1655 utquam
2725 1584 2918 1654 exigua
2954 1581 3111 1651 panis
3142 1586 3289 1634 esset
3315 1579 3495 1647 copia,

1924 1679 1978 1727 et
2006 1672 2345 1729 incredibilis
2375 1679 2512 1729 tanti
2546 1675 2777 1746 prodigii
2810 1670 3129 1744 magnitudo
3154 1670 3500 1725 demonstra-

1927 1774 2110 1834 retur;
2141 1784 2263 1837 quae
2284 1784 2349 1823 co
2386 1776 2532 1823 esset
2579 1768 2974 1831 admirabilior,
3015 1782 3124 1836 quo
3169 1773 3279 1818 tam
3312 1763 3505 1833 paucis

1841 1847 1882 1900 Β
1912 1857 2144 1923 panibus
2195 1864 2276 1912 tot
2318 1858 2485 1911 millia
2523 1858 2806 1911 hominum
2858 1858 3107 1912 aluisset.
3157 1854 3328 1909 Porro
3373 1868 3503 1907 cum

238 1932 536 2001 interrogat
576 1952 589 1986 :
626 1932 791 1997 Quem
842 1936 1127 2004 φιαγὶιὶδῖ
1176 1951 1272 1991 eos
1319 1938 1413 2008 qui
1472 1942 1811 2008 quaerebant,
1850 1946 2108 2018 deceptos
2149 1965 2272 2005 esse
2304 1951 2597 2021 signiﬁcat,
2653 1950 2742 2021 qui
2782 1948 2962 2005 Jesmn
3026 1952 3348 2019 quaererent,
3403 1958 3501 1998 cu-

234 2028 315 2094 ius
352 2044 554 2082 nomen
589 2028 853 2084 Medicum
900 2046 965 2087 ac
1011 2031 1346 2088 Salvatorem
1403 2036 1698 2105 signiﬁcat,
1744 2050 1804 2092 ut
1838 2056 1922 2107 _co
1975 2044 2266 2100 interfecto
2319 2045 2776 2100 communicatam
2841 2044 2909 2098 ab
2941 2059 3007 2098 eo
3040 2043 3270 2098 salutem
3337 2037 3500 2092 amit-

236 2130 430 2175 terent.

298 2214 427 2268 PB’.
466 2214 682 2285 Ὥσπερ
722 2210 815 2270 οὖν
857 2217 926 2271 τὰ
975 2220 1104 2290 περὶ
1138 2220 1237 2291 τῆς
1281 2222 1376 2277 τοῦ
1420 2224 1628 2295 Κυρίου
1661 2225 1820 2296 ἡμῶν

233 2307 546 2376 οἰκονομίας
599 2308 919 2378 ἐδείξαμεν,
955 2310 1225 2381 λεγόμενα
1275 2316 1375 2385 μὲν
1426 2315 1810 2386 ἀνθρωπίνως,

233 2398 327 2448 οὐκ
378 2397 584 2467 ἄμοιρα
618 2396 674 2448 δὲ
733 2399 1092 2468 προγνώσεως
1121 2402 1265 2470 (οὐδὲ
1311 2405 1422 2474 γάρ
1462 2422 1546 2468 τις
1575 2406 1684 2458 τῶν
1729 2406 1822 2458 εὑ-

235 2490 586 2558 φρονούντων
626 2491 758 2562 εἴπῃ
802 2492 1015 2558 ἀγνοεῖν
1048 2493 1211 2545 αὑτὸν
1255 2496 1356 2547 ποῦ
1397 2496 1675 2550 τεθείκασι
1709 2498 1823 2551 Λά-

234 2581 426 2651 ζαρον,
472 2581 641 2647 ἐγγὺς
681 2581 809 2633 ὄντα
851 2582 944 2637 τοῦ
972 2583 1162 2646 τόπου,
1198 2585 1247 2636 εί
1292 2587 1384 2639 καὶ
1417 2587 1483 2640 δι’
1510 2586 1569 2640 ὃν
1599 2588 1824 2657 εἴπομεν

231 2673 437 2741 τρόπον
489 2670 697 2741 ἠρώτα,
734 2673 922 2745 πόρρω
966 2674 1253 2739 Γαλιλαίας
1295 2676 1488 2749 πρώην
1532 2679 1692 2744 ὄντα,
1728 2679 1824 2733 καὶ¹

232 2764 485 2828 δείξαντα
518 2765 609 2831 ἀφ’
638 2765 854 2829 ἑαυτοῦ,
880 2767 962 2819 ὅτι
990 2768 1215 2839 τέθνηκε
1243 2769 1538 2841 Λάζαρος),
1556 2767 1697 2822 οὕτω
1721 2770 1814 2823 καὶ

233 2857 362 2925 περὶ
394 2857 494 2926 τῆς
517 2856 761 2919 Παλαιᾶς
785 2857 1059 2928 Διαθήκης
1085 2860 1258 2913 ταῦτα
1287 2860 1563 2931 εὐφρόνως
1591 2860 1817 2913 ἀναλύο-

236 2961 331 3012 μεν
353 2944 416 2996 τὸ
440 2947 613 2996 εἰπεῖν
636 2945 725 2997 τὸν
747 2945 1096 3014 ΘεόνοἈδὰμ,
1119 2948 1236 3002 ποῦ
1269 2944 1355 3011 si;
1376 2949 1476 3002 οὐκ
1496 2949 1815 3016 ἀγνοοῦντος

236 3032 318 3103 ἧν,
338 3036 481 3088 ἀλλὰ
509 3036 842 3100 δεικνύοντος
865 3036 971 3090 ἀπὸ
994 3038 1105 3090 οἷον
1129 3038 1293 3108 ’ύψους
1317 3040 1451 3111 πρὸς
1474 3043 1624 3093 ποῖον
1653 3040 1814 3110 βάθος

1995 2223 2131 2279 CIX.
2174 2222 2647 2289 Quemadmodum
2696 2220 2862 2289 igitur
2890 2234 3011 2289 quae
3040 2217 3107 2272 de
3152 2216 3357 2270 Christi
3401 2215 3501 2270 Do-

1924 2315 2057 2369 mini
2106 2313 2485 2367 incarnatione
2521 2311 2803 2373 dicuntur,
2849 2308 2915 2362 ad
2949 2308 3243 2361 humanam
3275 2305 3496 2374 quidem

1924 2405 2266 2460 affectionem
2299 2400 2710 2456 accommodate
2746 2414 2870 2453 esse
2910 2406 3195 2465 concepta,
3228 2396 3323 2451 sed
3359 2412 3500 2465 pra:-

1927 2495 2174 2551 scientiae
2234 2506 2579 2562 nequaquam
2652 2489 2895 2558 expertia
3013 2489 3503 2545 demonstravimus

1918 2587 2105 2657 (nemo
2141 2586 2340 2654 quippe
2376 2581 2614 2652 prudens
2639 2580 2923 2650 ignorasse
2973 2587 3086 2631 tum
3132 2575 3281 2630 illum
3319 2575 3504 2630 dicere

1928 2682 2127 2746 potest,
2165 2689 2288 2728 cum
2326 2670 2695 2740 interrogabat
2731 2688 2744 2723 :
2775 2667 2875 2721 Ubi
2900 2668 3151 2736 posuistis
3195 2665 3507 2721 Lazarum?

1924 2762 2369 2834 quandoquidem
2407 2761 2456 2814 ei
2488 2760 2609 2813 loco
2635 2757 2977 2827 propinquus
2999 2764 3136 2819 erat,
3167 2769 3292 2808 cum
3324 2753 3410 2808 his
3438 2753 3506 2808 de

1922 2853 2108 2908 causis
2143 2867 2281 2922 quas
2311 2862 2436 2905 ante
2470 2850 2606 2913 dixi,
2649 2855 3004 2918 percontatus
3039 2845 3242 2900 fuerit:
3277 2860 3506 2914 praeser-

1921 2944 2019 2997 tim
2052 2942 2144 3012 qui
2176 2941 2340 3011 paulo
2374 2946 2501 2994 ante
2540 2939 2735 3009 procul
2770 2952 2799 2990 a
2843 2935 3103 2990 Galilsea'
3138 2932 3368 2988 dissitus
3402 2931 3507 2985 La-

1918 3035 2031 3087 zari
2063 3041 2293 3088 mortem
2323 3048 2419 3102 per
2444 3038 2567 3086 sese
2585 3027 2995 3100 signiﬁcasset):
3025 3027 3101 3079 ita
3132 3032 3185 3078 et
3218 3024 3271 3077 in
3299 3023 3491 3077 Vetere

237 3127 460 3196 αἴσχους
479 3129 508 3179 ὁ
532 3128 703 3197 Ἀδὰμ
718 3126 1226 3193 ὲκπεπτώκει.Καὶ,
1256 3130 1378 3183 Ποῦ
1401 3132 1578 3184 Ἅϐελ
1597 3135 1628 3185 ό
1646 3132 1821 3186 ἀδελ-

1932 3127 2276 3180 Testamento
2314 3138 2434 3192 qua:
2480 3122 2567 3177 his
2609 3120 2789 3173 atlinia
2841 3125 2972 3174 sunt
3002 3115 3299 3185 prudenter
3342 3112 3513 3183 expli-

234 3216 348 3283 ςςός
383 3229 545 3278 σου;
577 3215 659 3267 ὅτι
688 3217 745 3268 ὃν
776 3232 835 3266 σε
862 3214 968 3267 ἔδει
997 3216 1180 3286 φέρειν
1210 3217 1296 3269 ἀεὶ
1324 3218 1381 3269 ὲν
1407 3219 1692 3286 ἀγκάλαις,
1730 3223 1825 3275 καὶ

237 3308 321 3359 ἀεὶ
350 3310 591 3360 συνεῖναι
616 3306 785 3376 αὐτῷ,
809 3299 960 3370 οὗτος
989 3308 1080 3359 ἐπὶ
1103 3309 1206 3377 γῆν
1236 3310 1386 3380 παρὰ
1408 3311 1501 3363 σοῦ
1528 3310 1784 3382 ἔρριπται
1807 3331 1820 3345 ’

236 3398 486 3450 δείκνυσι
523 3396 634 3467 γὰρ
688 3399 751 3451 ὲκ
783 3397 877 3450 τοῦ
918 3398 1281 3468 ἐπαγομένου,
1328 3401 1410 3453 ὅτι
1459 3403 1559 3455 οὐκ
1604 3404 1827 3470 ἀγνοίας

234 3488 400 3559 χάριν
429 3490 641 3559 ἠρώτα,
667 3489 801 3541 ἀλλά
828 3489 1116 3559 διελέγχων
1140 3491 1198 3543 ὲν
1226 3490 1305 3560 τῷ
1328 3493 1518 3557 εἰπεῖν,
1558 3494 1639 3546 ὅτι
1676 3495 1827 3548 Ἐπι-

235 3580 578 3646 ιατὰρατος
614 3582 651 3647 ἡ
685 3580 761 3649 γῆ
795 3582 865 3634 ἐν
894 3579 1021 3645 τοῖς
1053 3581 1248 3651 ἔργοις
1293 3596 1409 3635 σου
1431 3622 1445 3645 ,
1488 3584 1585 3637 καὶ
1625 3585 1828 3639 ἐπικα-

236 3670 495 3736 τάρατος
538 3670 620 3723 σὺ
652 3670 771 3723 ἀπὸ
805 3670 916 3738 τῆς
962 3670 1092 3740 γῆς,
1135 3671 1267 3737 ἣτις
1314 3672 1495 3741 ἔκανε
1535 3674 1602 3727 τὸ
1634 3677 1830 3745 στόμα

230 3760 438 3825 αὐτῆς
470 3760 761 3824 δέξασθαι
790 3760 858 3814 τὸ
891 3757 1033 3830 αἷμα
1056 3762 1161 3815 τοῦ
1187 3761 1455 3831 ἀδελφοῦ
1480 3780 1596 3819 σου
1628 3767 1696 3820 ἐκ
1720 3766 1829 3836 τῆς

234 3854 448 3919 χειρός
476 3870 593 3906 σου
612 3868 627 3881 '
661 3853 790 3907 ἰδοὺ
819 3856 953 3923 γὰρ,
985 3854 1170 3926 φησὶν.
1203 3855 1240 3922 ἡ
1270 3854 1439 3923 φωνὴ
1467 3859 1654 3912 αὑτοῦ
1679 3858 1830 3927 πρὸς

230 3944 337 4010 μέ.
397 3944 525 4006 Καὶ,
568 3944 694 3998 Ποῦ
740 3944 939 4013 Σάρῤα
976 3945 1014 4012 1i
1068 3943 1222 4014 γυνή
1271 3957 1431 4007 σου;
1474 3946 1574 4000 οὑκ
1620 3948 1831 4015 ἀγνοῶν

236 4031 412 4087 εἶπεν
439 4051 452 4065 ο
484 4036 603 4088 ἐπεὶ
631 4036 750 4098 πῶς
781 4036 964 4104 ἠγνόει
996 4037 1024 4088 ὁ
1052 4035 1301 4104 γελῶσαν
1329 4037 1474 4090 ἔνδον
1518 4038 1615 4109 τῆς
1655 4040 1832 4103 οίκίας

236 4126 411 4189 εἰδὼς
444 4128 613 4198 αὑτήν
653 4120 808 4197 (86);
848 4127 959 4180 Οὐκ
1005 4126 1214 4195 ἀγνοῶν
1251 4129 1429 4181 τοίνυν
1475 4128 1682 4198 ἠρώτα,
1716 4131 1831 4184 ἀλλ’

235 4218 332 4269 ἵνα
376 4219 712 4289 παραστήσῃ
747 4221 866 4280 ταῖς
899 4218 1232 4288 θυγατράσιν
1268 4220 1461 4288 αὐτῆς,
1500 4222 1619 4283 ταῖς
1656 4223 1829 4290 ἐπαγ-

238 4310 606 4379 γελλομέναις
634 4309 964 4371 θεοσέϐειαν,
993 4308 1183 4379 μαθεῖν
1210 4310 1310 4381 τὴν
1341 4311 1557 4383 ἐκείνης
1587 4313 1831 4382 ἀγωγὴν,

233 4401 376 4454 ὅταν
410 4402 587 4469 ἁγίοις
636 4404 701 4454 ὲκ
732 4400 841 4455 τῶν
889 4402 1031 4453 ίδίων
1084 4402 1349 4471 καμάτων
1379 4402 1674 4473 ὑπηρετεῖν
1710 4421 1832 4457 πει-

1927 3231 2121 3270 camus
2149 3230 2165 3278 ;
2197 3214 2456 3266 nimirum
2500 3224 2809 3266 sermonem
2843 3208 2994 3262 illum
3026 3204 3119 3259 Dei
3147 3223 3159 3257 :
3192 3202 3386 3265 Adam,
3420 3198 3515 3253 ubi

1926 3312 2023 3364 es?
2066 3324 2174 3361 non
2219 3306 2525 3376 ignorantis
2574 3319 2719 3367 esse,
2765 3300 2859 3356 sed
2904 3298 3200 3352 indicantis
3242 3301 3447 3365 quanta
3479 3306 3510 3346 e

1930 3401 2271 3456 sublimitate
2300 3407 2561 3468 quantam
2594 3398 2648 3450 in
2679 3392 2970 3449 dedecoris
3002 3401 3055 3444 et
3085 3387 3323 3443 infamia:
3350 3398 3509 3439 vora-

1930 3493 2109 3563 ginem
2138 3478 2725 3545 Adamus'incidisset.
2760 3483 3023 3555 Ejusdem
3058 3479 3274 3551 generis
3300 3485 3353 3531 et
3379 3474 3509 3529 illud

1929 3589 2013 3635 est
2043 3599 2055 3635 :
2091 3581 2190 3634 Ubi
2222 3590 2300 3634 est
2334 3579 2461 3633 Abel
2496 3578 2663 3647 frater
2710 3576 2875 3629 tuus?
2905 3587 3101 3640 nempe
3147 3582 3308 3639 quem
3354 3573 3411 3617 tu
3455 3565 3509 3615 in

1932 3673 2077 3728 ulnis
2105 3674 2325 3728 assidue
2364 3679 2577 3743 gestare
2605 3669 2898 3727 debueras,
2948 3671 3151 3718 etcum
3201 3674 3266 3713 eo
3299 3655 3510 3710 versari

1932 3775 2219 3837 perpetuo,
2267 3764 2357 3817 hic
2398 3777 2428 3816 a
2471 3761 2608 3816 tein
2641 3767 2843 3813 terram
2890 3754 3138 3823 ahjectus
3186 3758 3287 3803 est.
3323 3745 3400 3797 Ex
3443 3743 3511 3795 iis

1932 3860 2075 3912 enim
2111 3872 2231 3926 quae
2261 3862 2569 3924 sequuntur
2599 3849 2838 3907 ostendit
2865 3862 2924 3901 se
2946 3859 3054 3900 non
3084 3859 3152 3897 ex
3176 3837 3508 3926 ignorantia.

1939 3925 2396 4013 1121145οά
2416 3948 2472 3992 ut
2491 3939 2764 3993 hominem
2786 3933 3134 3990 convinceret
3154 3929 3256 3982 iSta
3278 3925 3507 3980 dixisse.

1936 4036 2199 4104 Sequitur
2237 4032 2383 4087 enim
2415 4050 2428 4085 :
2460 4029 2753 4082 Maledicta
2793 4034 2934 4078 terra
2982 4025 3034 4075 iu
3087 4018 3328 4089 operibus
3372 4017 3509 4077 tuis;

1934 4138 1981 4181 ct
2008 4138 2062 4180 tu
2100 4128 2211 4195 ipse
2263 4122 2574 4177 maledictus
2610 4138 2641 4174 a
2672 4128 2832 4183 terra,
2867 4132 2984 4187 qua:
3023 4113 3227 4183 aperuit
3269 4128 3325 4165 os
3358 4124 3509 4161 suum

1937 4229 1993 4271 ut
2044 4218 2298 4286 exciperet
2352 4215 2660 4284 sanguinem
2707 4211 2893 4280 fratris
2941 4208 3019 4260 tui
3077 4204 3141 4259 de
3194 4219 3353 4257 manu
3398 4210 3509 4256 tua.

1938 4309 2075 4363 Ecce
2094 4310 2253 4370 enim,
2291 4306 2489 4377 inquit,
2541 4320 2639 4358 vox
2682 4303 2845 4371 ipsius
2883 4299 3080 4353 clamat
3115 4296 3181 4349 ad
3219 4294 3359 4348 me‘.
3394 4290 3513 4346 Jam

1940 4399 2075 4455 illud
2107 4419 2119 4453 :
2158 4397 2258 4453 Ubi
2280 4406 2355 4453 est
2389 4396 2558 4452 Sarra
2592 4410 2727 4449 uxor
2775 4393 2909 4446 tua?
2941 4405 3049 4443 non
3086 4390 3347 4458 ignorans
3386 4397 3515 4453 pro-

235 4492 493 4563 ρῶνται·
547 4493 732 4563 ἐκείνη
780 4492 887 4563 γὰρ
932 4494 991 4546 ὲν
1035 4493 1271 4564 τοσαύτῃ
1330 4472 1603 4566 ὑπηρεσίᾳ
1651 4496 1824 4568 ὑπάρε

1940 4493 2083 4553 tulit,
2118 4492 2212 4547 sed
2244 4498 2302 4543 ut
2327 4488 2694 4559 propagandis
2722 4486 2792 4539 ab
2833 4499 2895 4539 ea
2926 4483 3146 4537 ﬁliabus
3186 4494 3309 4550 qua:
3344 4477 3517 4568 pieta-

233 4599 445 4651 ιοαλσα,
471 4584 611 4653 αὐτὴ
636 4584 763 4645 τοὺς
790 4584 1031 4653 ἀζύμους
1054 4584 1147 4636 καὶ
1171 4584 1298 4646 τοὺς
1320 4586 1647 4657 έγκρυφίους
1667 4588 1833 4658 ἐργα-

231 4672 493 4742 ζομένη,
553 4674 647 4725 καὶ
692 4673 791 4742 τὴν
848 4672 1117 4741 τοσαύτην
1149 4671 1452 4743 ὑπηρεσίαν
1494 4673 1835 4744 ὲξαρτύσασα

229 4766 369 4833 ἃμα
417 4766 528 4828 τοῖς
558 4765 711 4827 ίδίοις
746 4764 916 4834 αὐτῆς
958 4763 1217 4827 οίκέταις,
1256 4763 1544 4834 πρόσωπον
1582 4765 1691 4817 τῶν
1735 4767 1837 4819 ὑπ-

228 4873 265 4925 1;
276 4855 638 4925 ρετουμένων
664 4855 765 4924 οὐχ
797 4853 966 4925 ἐώρα,
1007 4853 1361 4926 σωφροσύνης
1398 4856 1672 4918 ἐπιεικοῦς
1705 4857 1839 4910 ὑπο-

222 4948 518 5018 γραμμὸν
572 4948 695 5009 ταῖς
738 4947 1039 5017 ἡμετέραις
1098 4947 1311 5013 γενεαῖς
1362 4946 1831 5017 ὑπολιμπάνυυσα.

224 5040 357 5092 Καὶ
414 5037 589 5090 ταῦτα
638 5037 739 5107 μὲν
790 5036 1017 5107 ἀρκέσει
1048 5036 1127 5098 είς
1178 5035 1523 5105 παράστασιν
1576 5039 1695 5100 ταῖς
1732 5036 1838 5091 τῶν

224 5144 404 5199 ματα
416 5125 510 5178 ίων
541 5126 893 5195 ἀντιλογίαις.

1942 4590 2046 4635 tem
2094 4579 2503 4651 proﬁterentur,
2533 4577 2884 4648 disciplinam
2930 4574 3097 4633 illius.
3147 4571 3295 4625 velut
3341 4567 3516 4640 quod-

1941 4673 2066 4729 dam
2104 4671 2383 4741 excmplar
2435 4669 2689 4736 oﬁerret;
2721 4669 2789 4723 ad
2841 4667 2987 4736 quod
3038 4663 3383 4733 potissimum
3429 4672 3523 4712 ac-

1943 4765 2281 4822 commodari
2317 4779 2412 4819 eas
2442 4770 2739 4834 oporteret,
2779 4759 2995 4828 quoties
3024 4755 3233 4811 sanctis
3260 4752 3392 4804 viris
3418 4764 3518 4801 suo

1943 4860 2130 4913 labore
2157 4858 2490 4912 ministrant.
2524 4854 2735 4909 Etenim
2771 4852 2859 4905 illa
2891 4857 2999 4903 tam
3032 4845 3314 4915 negotioso
3356 4840 3517 4893 mini-

1947 4948 2115 5003 sterio
2142 4946 2427 5010 distracta,
2459 4960 2581 5001 cum
2608 4957 2829 5014 azymos
2856 4946 2910 4995 et
2933 4934 3328 4994 subcincricios
3347 4946 3515 5000 panes

1945 5038 2064 5108 ipsa
2114 5037 2465 5102 confecisset,
2501 5050 2565 5090 ac
2611 5040 2808 5088 caetera
2857 5045 2981 5084 cum
3030 5025 3249 5081 famulis
3290 5022 3517 5077 obiissct

1946 5129 2151 5193 omnia,
2195 5143 2386 5184 eorum
2427 5128 2629 5199 quibus
2659 5126 2774 5180 haec
2818 5121 3137 5193 apparabat,
3182 5116 3366 5170 vultus
3423 5128 3519 5167 ne-

220 5236 537 5291 quaquam
566 5221 814 5289 aspexit,
852 5233 1030 5289 eoque
1064 5217 1212 5272 facto
1243 5234 1427 5272 rarum
1466 5228 1519 5274 et
1554 5221 1834 5292 singulare
1898 5221 2176 5291 pudicitia:
2237 5236 2302 5276 ac
2349 5220 2631 5276 modestia:
2675 5216 2985 5285 exemplum
3038 5205 3347 5282 posteritati
3389 5205 3518 5259 rcli-

215 5314 387 5386 quit.
450 5310 624 5382 Atque
660 5312 775 5365 hznc
829 5309 1096 5364 adversus
1138 5308 1608 5378 ineptissimorum
1655 5310 1941 5364 hominum
1977 5309 2319 5380 objectiones
2341 5308 2721 5364 demonstrata
2749 5300 3038 5359 suﬁieient.

308 5424 331 5456 ⁸
372 5420 668 5474 Bethania.
745 5422 767 5451 ’
796 5418 935 5474 Gen.
968 5434 1044 5485 Iv,
1073 5418 1133 5473 Η
1178 5432 1310 5488 sqq.

298 5529 451 5602 (86)
510 5530 674 5602 ἐπεὶ
710 5530 1089 5602 manet
1131 5531 1163 5583 ὁ
1200 5527 1478 5602 γελῶσαν
1514 5524 1711 5602 Mor.
1736 5523 1848 5593 τῆς

212 5593 460 5664 dilue
504 5600 675 5666 εἰδὼς
715 5593 950 5668 αὺέήκξ
1020 5593 1224 5652 Horum
1272 5598 1563 5668 verborum
1595 5593 1846 5668 Latinam

218 5662 578 5729 versionem
612 5662 867 5725 omisere
900 5662 1075 5725 nostri
1116 5669 1462 5737 interpretes.
1511 5662 1848 5737 Refergntur

216 5738 447 5813 illam]
470 5741 793 5797 versiculum
819 5740 1092 5797 decimum
1125 5732 1323 5809 Capit-is
1354 5752 1487 5793 svnt
1526 5732 1842 5791 libriGenc-

1953 5540 2077 5582 seos
2100 5543 2115 5591 ;
2140 5540 2239 5579 nec
2265 5522 2649 5594 adEpiphanii
2682 5525 2982 5580 orationem
3010 5521 3261 5577 conferre
3290 5522 3521 5594 multum

1952 5596 2230 5659 videntur,
2267 5597 2311 5649 si
2354 5592 2421 5650 ad
2449 5592 2591 5650 sacri
2615 5596 2762 5652 illius
2791 5595 2896 5651 loci
2931 5594 3215 5650 historiam
3245 5592 3531 5649 attendere

1954 5666 2037 5721 vel
2070 5666 2337 5737 tantisper
2356 5666 2606 5724 velimus.
