3916 6196
187 208 274 264 ξεῖ)
1585 219 2026 282 ANCORATUS.

3341 255 3442 314 2‘26

186 320 388 390 ρισμὸς.
426 319 608 374 Φαλὲκ
637 322 801 391 γεννᾷ
843 321 934 376 τὸν
993 326 1196 396 Ῥαγαῦ
1225 369 1239 394 ,
1290 327 1493 397 Ῥαγαῦ
1533 331 1624 386 τὸν
1675 337 1742 387 Σε

1877 341 1950 395 ris
2005 351 2089 396 est
2141 351 2440 402 exstructa.
2512 345 2690 404 llcber
2743 355 2929 423 genuit
2991 356 3217 426 Phalec,
3285 370 3438 436 cujus

184 412 303 481 ροὺχ
322 455 336 475 ,
369 413 574 483 Σεροὺχ
602 414 696 466 τὸν
719 415 924 486 Ναχὼρ
942 458 955 482 ,
987 417 1190 489 Ναχὼρ
1215 420 1306 473 τὸν
1325 422 1537 493 Θάρρα,
1573 426 1764 498 Θάρῤα

180 502 262 555 τὸν
323 502 612 574 Ἀϐραὰμ,
679 505 932 576 Ἀϐραὰμ
981 509 1074 563 τὸν
1141 512 1368 578 Ἰσαὰκ,
1433 516 1618 571 Ἰσαὰκ
1671 520 1764 573 τὸν

189 590 374 646 Ἰακὼὸ
444 593 535 645 τὸν
595 595 1045 666 ἐπονομασθέντα
1118 602 1335 674 Ἰσραήλ
1370 643 1386 668 ,
1458 607 1517 673 ἐξ
1591 603 1762 681 οὗπερ

188 681 534 752 Ἰσραηλῖται,
579 684 774 740 Ἰακὼϐ
804 687 896 741 τὸν
937 690 1138 746 Ἰούδαν
1160 734 1175 761 ,
1209 694 1411 760 Ἰούδας
1440 698 1532 752 τὸν
1560 702 1759 773 Φαρὲςο

175 772 349 842 Φαρὲς
399 774 490 826 τὸν
541 774 797 846 Ἐσρὼμ,
870 777 1092 849 Ἑσρὼμ
1151 782 1243 836 τὸν
1305 784 1522 857 ’Δρὰμ,
1583 772 1761 861 Ἀρὰμ

176 863 264 915 ὼν
326 864 646 933 Ἀμιναδάϐ,
696 867 994 938 Ἀμιναδάϐ
1045 871 1138 925 τὸν
1184 875 1458 930 Ναασσὼν
1512 878 1609 932 καὶ
1667 881 1760 934 τὸν

179 955 399 1025 Σαλμών
432 957 564 1025 (20).
591 958 742 1029 Αὕτη
774 962 807 1030 ἠ
860 963 1024 1030 γενεὰ
1054 964 1163 1018 τῶν
1195 966 1304 1018 ἀπὺ
1347 967 1468 1039 Σήμ
1497 987 1760 1042 γεγεννη-

181 1048 364 1116 μένων.
402 1048 638 1114 Τούτους
665 1049 760 1106 οὖν
787 1054 1146 1125 ἀδικηθέντας
1178 1058 1284 1110 ὑπὸ
1309 1060 1416 1112 τῶν
1445 1061 1577 1114 υἱῶν
1603 1065 1754 1134 Χάμ,

179 1145 262 1194 καὶ
312 1143 400 1195 τὸν
451 1143 581 1198 ἴδιον
627 1147 792 1200 τόπον
836 1150 1234 1221 ἀφαιρεθέντας
1267 1155 1474 1210 ὲκδικεῖ
1523 1161 1550 1211 6
1598 1160 1752 1225 Θεὸς,

176 1233 550 1305 ὲξολοθρεύσας
579 1238 706 1302 τοὺς
741 1240 836 1293 τοῦ
885 1242 1109 1298 Χαναὰν
1155 1245 1299 1299 κατὰ
1332 1247 1426 1300 τὸν
1455 1249 1617 1321 ὅρκον
1652 1253 1751 1305 αύ-

174 1325 304 1379 τῶνο
335 1329 430 1380 καὶ
462 1328 524 1380 τὸ
551 1331 776 1402 σπέρμα
811 1332 906 1385 τοῦ
945 1334 1069 1404 Σὴμ
1117 1335 1217 1405 τὴν
1252 1337 1390 1392 ἰδίαν
1435 1340 1755 1410 ἀπολαμβά-

174 1434 244 1468 νει
293 1417 501 1489 χώραν.
551 1420 665 1474 Οὐκ
712 1422 968 1492 ἠδίκησεν
1015 1419 1110 1477 οὖν
1167 1427 1196 1478 6
1234 1425 1407 1495 Θεὸς,
1464 1428 1532 1482 τὰ
1570 1429 1751 1485 δίκαια

173 1508 377 1579 ἑκάστῳ
424 1510 563 1582 μέρη
605 1513 620 1541 ί
661 1512 953 1584 ἀπονέμων
977 1532 992 1548 '
1052 1518 1136 1572 Οὐ
1176 1517 1288 1587 γὰρ
1333 1520 1750 1588 μυκτηρίζεται

169 1602 203 1654 ὀ
224 1598 366 1667 Θεὸς
390 1641 405 1666 ,
432 1601 511 1665 ὡς
544 1605 830 1674 προεῖπον.

230 1867 374 1922 ΡΙΕ¹.
421 1867 512 1922 Ἐν
547 1871 616 1938 τῇ
649 1864 743 1922 οὖν
773 1869 937 1940 ἐξόδῳ
973 1870 1308 1942 Συναγωγὴν
1339 1871 1522 1942 ἑαυτῷ
1553 1874 1581 1925 ὁ
1618 1872 1749 1937 Θεὸς

173 1958 413 2029 ἁρμόζων
431 2000 445 2024 ,
477 1961 612 2030 φησὶ
641 1962 851 2032 Μωῦσῇ
874 1978 888 1992 ·
935 1962 1273 2016 ’Υπόλυσαι
1296 1964 1369 2016 τὰ
1393 1963 1751 2033 ὑποδήματα

170 2054 230 2105 ἐκ
267 2051 388 2105 τῶν
414 2052 624 2108 ποδῶν
653 2069 793 2108 σου.
828 2056 953 2119 Πᾶς
988 2054 1099 2126 γὰρ
1145 2057 1174 2108 ὁ
1228 2055 1438 2125 μέλλων
1488 2057 1750 2127 καθαροῖς

171 2140 394 2212 λουτροῖς
429 2144 739 2214 προσιέναι,
786 2144 1005 2214 πρῶτον
1029 2144 1347 2200 ὑπολύεται.
1390 2147 1606 2216 Ἐπειδὴ
1633 2147 1746 2199 τοί-

172 2249 253 2283 νυν
286 2233 478 2303 χρόνος
507 2233 673 2297 πολὺς
701 2233 981 2305 διελήλυθε
1010 2274 1027 2300 ,
1058 2235 1152 2288 καὶ
1203 2236 1312 2299 πᾶς
1350 2252 1435 2298 τις
1463 2237 1520 2289 ὲν
1550 2238 1617 2306 τῇ
1643 2234 1748 2306 ὁδῷ

171 2323 318 2376 αὐτοῦ
342 2325 770 2396 ὲπλανήθημεν,
801 2326 895 2379 καὶ
925 2324 1064 2396 αὕτη
1100 2327 1134 2396 ή
1181 2325 1484 2396 Συναγωγὴ
1533 2327 1590 2379 ὲν
1634 2329 1747 2390 τοῖς

174 2415 305 2480 ἰδίοις
333 2419 529 2479 κακοῖς
562 2415 776 2485 ἔμεινεν
800 2455 815 2480 ,
863 2414 1017 2468 οὔπω
1051 2415 1112 2469 τὸ
1150 2415 1374 2488 λουτρὸν
1418 2419 1447 2470 ὁ
1484 2416 1616 2480 Θεὸς
1647 2417 1747 2488 τῆς

172 2508 581 2578 παλιγγενεσίας
616 2490 1000 2562 ἀπεκάλυπτέν
1027 2524 1042 2539 ο
1098 2508 1215 2562 ἀλλ’
1247 2508 1405 2562 {rem
1455 2508 1555 2580 μὲν
1619 2509 1749 2562 πολ-

171 2598 271 2662 λοίς
294 2600 662 2654 ἀνεδάλλετω
699 2600 926 2670 ὕστερον
963 2599 1020 2652 δὲ
1066 2602 1133 2670 τῇ
1180 2600 1313 2670 itqu
1352 2601 1648 2672 Ἐκκλησία
1687 2600 1748 2654 τὸ

172 2692 418 2759 πανάγιον
446 2691 675 2763 λουτρὸν
725 2689 1076 2759 ἀπεκάλυψεν
1095 2707 1108 2721 ·
1151 2693 1209 2745 ὲν
1243 2693 1342 2761 μὲν
1369 2693 1578 2764 Μωῠσῇ
1611 2693 1747 2747 ὐπο-

170 2782 364 2852 δήματα
395 2783 651 2836 ὑπολύων
676 2801 690 2813 ο
726 2785 785 2836 ὲν
812 2782 875 2836 δὲ
926 2785 1233 2856 προφήταις
1268 2783 1360 2838 τὸν
1411 2783 1610 2850 ἔξωθεν
1661 2801 1747 2855 χι-

171 2875 298 2928 τῶνα
346 2875 605 2929 ἀποδύων
629 2914 646 2938 ,
701 2874 993 2946 περίζωμα
1024 2875 1138 2945 (21)
1171 2889 1173 2891 ‘
1202 2875 1361 2946 μόνον
1413 2876 1747 2946 καταλείψας

172 2964 236 3034 τῷ
271 2966 516 3037 Ἱερεμίᾳ
539 2984 552 2998 ·
580 2967 638 3020 ἐν
669 2966 726 3020 δὲ
778 2966 1000 3040 Ἰωάννῃ
1024 2967 1122 3021 ὅλα
1145 2966 1216 3020 τὰ
1252 2967 1344 3022 τοῦ
1379 2968 1584 3039 κόσμου
1620 2970 1746 3040 ίμά·

175 3072 246 3107 τια
271 3056 567 3111 ἀποϐαλὼν
589 3099 604 3120 ,
636 3059 700 3111 ὲκ
725 3057 929 3129 τριχῶν
963 3057 1211 3130 καμήλου
1250 3059 1740 3131 μετεσχημάτιζεν.

186 3149 256 3201 Ἐν
283 3151 336 3203 δὲ
388 3150 547 3221 αὐτῷ
590 3150 669 3222 τῷ
711 3150 929 3222 Σωτῆρι
959 3151 1052 3204 καὶ
1095 3154 1208 3215 τοῖς
1256 3151 1420 3206 αὐτοῦ
1476 3152 1747 3223 μαθηταῖς

178 3242 359 3312 κόσμου
390 3243 458 3296 τὸ
492 3243 682 3314 σχῆμα
723 3242 974 3307 ὲξέδυσεν
995 3258 1008 3274 ⁶
1058 3243 1264 3298 ἄνωθεν
1285 3244 1343 3297 δὲ
1374 3245 1468 3298 ἀπ’
1491 3247 1747 3317 ὀὐρανῶν

180 3334 297 3400 μετὰ
328 3335 428 3405 τὴν
450 3334 561 3386 τῶν
591 3334 800 3387 ὑδάτων
833 3334 1102 3405 κάθαρσιν
1123 3375 1138 3399 ,
1175 3335 1347 3407 πυρὸς
1370 3337 1462 3390 καὶ
1488 3337 1744 3408 Πνεύμα-

176 3441 250 3488 τος
279 3427 492 3479 ἔνδυσιν
522 3425 880 3480 ὲνεδίδυσκεν.
941 3425 1081 3480 Ἀλλ’
1109 3427 1344 3499 ὁρῶντες
1383 3427 1432 3480 oi
1483 3428 1748 3500 Ἰσραηλῖ-

172 3531 246 3570 ται
298 3519 398 3588 τὴν
449 3518 607 3587 χάριν
640 3517 866 3582 τούτου,
897 3518 997 3571 οὐκ
1041 3517 1282 3587 ἔγνωσαν
1320 3518 1402 3571 ὅτι
1445 3517 1578 3580 Θεός
1605 3519 1743 3572 ἐστι.

171 3603 252 3656 Διὸ
277 3606 372 3657 καὶ
417 3607 448 3658 6
478 3605 765 3677 προφήτης
805 3605 1227 3676 ἑγκληματικῶς
1265 3605 1478 3669 τούτοις
1526 3606 1746 3660 ἀπωδύ-

173 3712 314 3764 ρετο,
341 3697 432 3751 διὰ
466 3697 563 3768 τήν
595 3700 676 3760 εἰς
713 3697 806 3750 τὸν
857 3697 1090 3768 Σωτῆρα
1144 3698 1234 3750 ὑπ’
1267 3696 1446 3750 αὐτῶν
1480 3698 1747 3770 ἐσομένην

170 3787 381 3855 ἀτιμίαν
401 3805 415 3818 ·
456 3789 644 3842 Ταῦτα
669 3789 864 3856 Κυρίῳ
891 3787 1347 3852 ἀνταποδίδοτε,
1374 3787 1525 3854 λαὸς
1547 3789 1747 3858 μωρὸς

172 3878 260 3928 καί
289 3879 606 3947 ἀκάρδιος;
653 3882 769 3934 Οὐκ
821 3881 995 3950 ἔγνων
1044 3881 1155 3953 γὰρ
1201 3880 1388 3935 τοῦτον
1413 3922 1429 3946 ,
1474 3883 1558 3936 ὅτι
1593 3878 1746 3946 οὗτος

171 3962 232 4035 ἦν
260 3971 319 4023 ἐν
349 3970 488 4041 ἀρχῇ
507 4010 522 4034 ,
572 3972 692 4042 μεθ’
733 3964 795 4024 οὗ
831 3971 1018 4043 Πατὴρ
1046 3971 1502 4025 συνεϐουλεύσατο
1526 4013 1539 4036 ,
1569 3971 1747 4037 Ποιή-

174 4076 364 4130 σωμεν
392 4063 501 4133 (22)
553 4064 873 4132 ἄνθρωπον
899 4067 1027 4118 κατ’
1052 4066 1256 4119 altiora
1301 4065 1597 4134 ’ἡμετέραν
1644 4065 1745 4118 καί

173 4157 287 4206 καθ’
324 4156 613 4223 ὁμοίωσιν
637 4197 650 4221 ,
679 4156 874 4224 λέγων.
931 4157 1004 4209 Τὸ
1035 4157 1164 4228 γάρ,
1203 4157 1559 4226 Ποιήσωμεν
1581 4196 1595 4219 ,
1648 4157 1746 4228 οὐχ

176 4244 282 4307 ἑνὸς
319 4246 553 4317 ἀριθμοῦ
586 4249 702 4300 ἐστι
745 4247 1113 4317 σημαντικόνο
1162 4247 1297 4301 ἀλλὰ
1322 4247 1456 4316 γοῦν
1493 4246 1747 4301 συνεϐου-

1870 442 2113 504 tempore
2183 447 2340 491 terra:
2390 453 2453 492 ac
2504 441 2812 511 linguarum
2871 459 2953 502 est
3021 449 3163 504 facta
3213 454 3442 524 divisio;

1867 523 2070 579 Phalec
2133 533 2319 596 genuit
2373 529 2619 600 Rhagau,
2672 532 2895 604 lihagau
2948 537 3177 605 Seruclt,
3233 544 3442 602 Scruch

1864 610 2100 678 Nachor,
2134 614 2352 672 Nacltor
2381 618 2669 682 'l‘harram,
2699 622 2908 678 Tharra
2938 627 3232 696 Abraham,
3270 633 3450 690 Abra-

1864 700 1988 755 ham
2032 702 2204 770 lsaac,
2249 707 2399 763 Isaac
2440 708 2611 765 Jacob
2655 714 2746 781 qui
2798 719 3216 785 Cognominatus
3259 734 3346 779 est
3371 724 3449 781 ls-

1865 791 2000 857 rael,
2042 807 2070 845 a
2111 810 2220 864 quo
2263 795 2540 862 Israelitze,
2577 799 2745 855 Jaeob
2773 803 2988 872 ludam,
3016 807 3187 862 Judas
3213 809 3443 876 Phares,

1861 879 2070 937 Phares
2128 884 2323 950 Esron,
2395 887 2568 944 Esron
2627 892 2816 955 Aram,
2877 896 3040 950 Aram
3098 899 3433 969 Aminadab,

1861 971 2166 1029 Aminadab
2200 974 2420 1033 Naason
2469 988 2524 1035 et
2570 981 2814 1038 Salmon.
2858 983 3128 1044 Hactenus
3161 989 3305 1046 Scmi
3340 1010 3437 1065 ge-

1859 1064 2125 1134 nealogis.
2153 1065 2262 1122 Hos
2281 1069 2463 1140 itaque
2491 1075 2692 1140 posteri
2725 1073 2892 1128 Citam
2918 1093 3039 1131 cum
3068 1064 3433 1150 perinjuriam

1856 1155 2294 1221 oppressissent,
2345 1175 2647 1230 eorumque
2707 1167 3109 1231 possessionem
3167 1169 3431 1237 interver-

1857 1243 2073 1308 tissent,
2118 1246 2260 1302 Deus
2307 1252 2525 1305 tandem
2575 1253 2698 1308 illos
2739 1255 3057 1322 vindicavit,
3101 1275 3165 1314 ac
3215 1262 3431 1318 Chana-

1854 1349 2003 1391 nzeos
2048 1352 2115 1391 ex
2169 1351 2430 1408 concepta
2485 1344 2850 1412 jurisjurandi
2905 1349 3139 1403 l'ormula
3191 1352 3432 1412 funditus

1853 1430 2136 1485 exstinxit.
2194 1431 2273 1486 Ita
2328 1433 2475 1489 Scmi
2533 1439 2822 1506 progenies
2873 1441 2926 1493 in
2983 1444 3235 1512 proprias
3276 1449 3433 1504 sedes

1851 1518 2188 1585 postliminio
2216 1525 2545 1579 restituitur.
2575 1526 2918 1600 Quapropter
2947 1535 3150 1588 nullam
3177 1538 3431 1607 cuiquam

1866 1609 2009 1664 Deus
2052 1611 2308 1681 injuriam
2348 1618 2498 1677 fecit,
2540 1621 2631 1686 qui
2667 1622 2886 1690 utrique
2921 1626 3056 1692 parti
3089 1628 3230 1695 quod
3257 1645 3434 1685 mere-

1776 1699 1820 1753 B
1850 1699 2011 1754 batur
2035 1703 2286 1758 attribuit
2317 1723 2331 1760 :
2367 1708 2528 1777 119
2551 1707 2672 1763 Non
2700 1714 2838 1766 enim
2864 1714 3006 1770 Deus
3027 1717 3281 1774 irridetur
3304 1723 3347 1786 ³,
3373 1732 3432 1776 ιιι

1853 1790 2010 1846 initio
2041 1793 2178 1847 dixi.

1922 1881 2086 1937 CXV.
2130 1886 2401 1940 Caeterum
2455 1890 2558 1944 sub
2613 1889 2978 1950 lsraelitarum
3035 1906 3241 1952 exutum
3303 1915 3427 1956 cum

1855 1971 2198 2064 Sy'nagogatit
2249 1977 2394 2033 Deus
2426 1980 2532 2034 sibi
2566 1982 2908 2053 despondere
2941 1989 3126 2053 vellet,
3173 1991 3248 2045 ita
3278 1992 3430 2064 Moy-

1850 2075 1949 2115 sen
1991 2063 2291 2133 alloquitur
2319 2085 2332 2121 :
2363 2067 2518 2124 Solve
2563 2073 2922 2129 calceamenta
2949 2093 2976 2130 ε
3008 2079 3222 2138 pedibus
3254 2063 3424 2138 tuisi’.

1845 2151 2035 2208 Omnis
2055 2155 2201 2210 enim
2224 2157 2316 2226 qui
2340 2173 2536 2228 purum
2559 2161 2627 2215 ad
2647 2160 2921 2216 lavacrum
2944 2165 3174 2228 accedit,
3194 2179 3244 2234 pi
3261 2167 3428 2219 imum

1843 2246 2212 2304 caleeamenta
2254 2249 2499 2320 deponit.
2532 2253 2734 2309 Verum
2769 2254 2930 2323 longo
2979 2255 3261 2324 interjecto
3291 2266 3429 2314 tern-

1850 2334 2000 2403 poris
2045 2337 2247 2404 spatio,
2297 2354 2422 2391 cuin
2453 2355 2484 2393 a
2515 2342 2598 2393 via
2628 2357 2728 2396 sua
2763 2346 3142 2414 unusquisque
3177 2360 3424 2403 nostrum

1848 2423 2221 2490 aberrasset',
2254 2441 2318 2480 ac
2344 2427 2628 2500 Synagoga
2662 2433 2778 2500 ipsa
2815 2434 2935 2488 suis
2975 2437 3027 2488 in
3059 2439 3218 2494 malis
3253 2439 3426 2494 obso-

1849 2514 2106 2579 lesceret,
2139 2518 2382 2573 nondum
2415 2528 2595 2576 tamen
2635 2521 2776 2578 Deus
2810 2523 3088 2580 lavacrum
3140 2543 3428 2598 regenera-

1851 2603 2016 2660 tionis
2043 2609 2378 2665 ostenderat.
2411 2611 2516 2666 Sed
2541 2626 2666 2666 cum
2698 2614 2884 2682 plures
2908 2617 3020 2684 jam
3053 2633 3227 2673 annos
3257 2621 3429 2677 distu-

1849 2694 2026 2759 lisset,
2080 2701 2428 2764 postmodum
2474 2710 2680 2757 saneta:
2713 2720 2827 2760 sua:
2864 2705 3120 2763 Ecclesia:
3152 2713 3429 2768 sanctissi-

1852 2800 1999 2839 mum
2033 2787 2163 2842 illud
2196 2790 2474 2844 lavacrum
2509 2793 2743 2860 aperuit.
2787 2793 2866 2848 Ac
2891 2796 3124 2863 pritnum
3155 2799 3208 2852 in
3241 2799 3428 2871 Moyse

1848 2878 2222 2934 calceamenta
2269 2881 2471 2937 solvit:
2503 2889 2616 2936 tum
2668 2882 2723 2936 in
2775 2885 3054 2954 prophetis
3100 2891 3424 2945 exteriorem

1853 2968 2095 3022 tunicam
2143 2969 2331 3033 exuit,
2398 2986 2522 3024 cum
2570 2970 2820 3027 Jeremite
2871 2974 3048 3030 solum
3099 2976 3423 3032 cinctorimn

1850 3059 2143 3125 reliquit";
2205 3061 2260 3114 in
2309 3059 2524 3116 Joanne
2581 3078 2747 3132 porro
2797 3067 2982 3119 omnia
3029 3068 3216 3122 mundi
3258 3072 3424 3124 vesti-

1847 3157 2034 3204 menta
2085 3151 2364 3219 rejiciens,
2416 3153 2599 3208 cilicio
2647 3169 2677 3209 e
2726 3155 2918 3210 cameli
2978 3159 3104 3227 pilis
3159 3160 3422 3214 induit“:

1846 3248 2123 3309 postremo
2184 3242 2238 3296 in
2305 3244 2425 3313 ipso
2458 3245 2764 3321 .Salvatore
2811 3258 2866 3304 et
2910 3251 3084 3320 ipsius
3139 3253 3424 3324 discipulis

1847 3331 2037 3386 mundi
2087 3335 2294 3388 cultum
2357 3351 2572 3390 onmem
2630 3337 2983 3409 habitumque
3034 3343 3319 3412 deposuit;
3363 3362 3424 3401 ac

1852 3429 1976 3490 post
2010 3437 2276 3490 aquarum
2312 3425 2703 3494 expiationem,
2748 3427 2891 3496 ignis
2918 3438 2970 3482 et
3003 3427 3242 3500 Spiritus
3270 3432 3420 3487 indu—

1846 3521 2030 3568 mento
2056 3515 2276 3571 coalitus
2331 3516 2526 3571 induit.
2571 3520 2832 3574 lsraelita:
2879 3535 3011 3575 vero
3069 3537 3194 3576 cum
3247 3525 3431 3594 singu—

1846 3604 2017 3660 larem
2064 3607 2215 3662 illius
2248 3607 2482 3676 gratiam
2517 3609 2788 3673 viderent,
2818 3612 3069 3666 eumdem
3101 3612 3269 3667 Deum
3304 3631 3426 3670 esse

1848 3696 2072 3752 minime
2114 3709 2512 3767 cognoverunt.
2562 3699 2643 3754 Οἱ)
2682 3701 2736 3755 id
2768 3700 2982 3772 Moyses
3016 3705 3280 3772 propheta
3316 3721 3424 3759 non

1846 3787 1967 3842 sine
2001 3789 2113 3842 acri
2137 3789 2352 3843 illorum
2387 3790 2791 3861 objurgatione,
2829 3807 2993 3860 quam
3031 3792 3302 3847 Salvatori
3324 3795 3424 3846 im-

1846 3880 2080 3948 posituri
2125 3889 2306 3943 erant,
2361 3882 2716 3950 ignominiam
2765 3882 3012 3950 deplorat
3062 3882 3148 3936 his
3196 3883 3424 3939 verbis:

1851 3969 2097 4024 Hicesiae
2121 3969 2348 4025 Domino
2385 3971 2583 4033 reddis,
2611 3973 2800 4040 popule
2823 3973 2984 4027 stulte
3017 3982 3066 4027 et
3099 3973 3349 4042 insipiens
3369 3975 3426 4028 "3

1843 4060 1965 4116 Non
1997 4062 2145 4116 enim
2176 4063 2571 4115 intellexerunt
2601 4063 2671 4115 ab
2693 4070 2902 4118 aeterno
2936 4065 3086 4118 illum
3119 4066 3423 4132 exstitisse,

1846 4167 2078 4223 quocum
2140 4151 2299 4206 Pater
2343 4152 2459 4222 ipse
2491 4152 2858 4208 deliberarit:
2892 4155 3421 4225 Faciamus,inquit,

1846 4241 2105 4295 hominem
2127 4241 2195 4296 ad
2221 4242 2503 4312 imaginem
2532 4261 2772 4298 nostram
2795 4255 2845 4299 et
2870 4247 2940 4300 ad
2965 4247 3364 4301 similitudinem
3380 4250 3422 4303 ⁸.

173 4334 391 4390 λεύσατο
433 4341 461 4392 6
505 4339 700 4409 Πατὴρ
732 4337 846 4408 Υίῷ
878 4338 972 4392 καὶ
1007 4339 1149 4408 ἁγίῳ
1175 4337 1473 4408 Πνεύματι.
1517 4337 1606 4408 Τῷ
1633 4336 1744 4410 γὰρ

1854 4333 1965 4388 Hoc
2005 4335 2149 4388 enim
2180 4335 2407 4390 verbum
2440 4334 2723 4390 Faciamus
2752 4353 2862 4392 non
2895 4354 3064 4392 unum
3092 4353 3154 4392 ac
3180 4340 3426 4409 singula-

174 4429 330 4496 Λόγῳ
362 4431 584 4497 Κυρίου
618 4433 673 4484 al
732 4429 976 4497 οὐρανοί
1014 4428 1500 4497 ἐστερεώθησαν,
1533 4428 1629 4481 καί
1669 4428 1752 4494 τῷ

171 4519 459 4588 Πνεύματι
485 4519 592 4573 τοῦ
618 4520 918 4588 στόματος
955 4519 1142 4573 αὐτοῦ
1184 4517 1352 4573 πᾶσα
1396 4519 1435 4585 ἡ
1492 4517 1750 4586 δύναμις

170 4609 377 4666 αὐτῶν.
409 4612 531 4666 Οὐδ’
561 4612 627 4666 ἂν
667 4612 778 4683 (23)
815 4613 1082 4683 συνήκασι
1126 4609 1222 4664 τοῦ
1274 4609 1527 4677 λέγοντος
1573 4610 1631 4662 ὲν
1675 4609 1744 4678 τῇ

1852 4441 1969 4480 rem
2001 4424 2294 4496 signiﬁcat.
2335 4424 2574 4482 Proinde
2601 4427 2765 4483 Pater
2791 4446 2916 4485 cum
2950 4430 3090 4487 Filio
3120 4448 3184 4490 ac
3215 4433 3424 4505 Spiritu

1847 4525 2042 4572 sancto
2092 4518 2496 4573 consultabat:
2558 4519 2724 4575 Verbo
2778 4524 2984 4594 quippe
3044 4525 3258 4580 Domini
3311 4531 3427 4583 arti

1848 4608 2054 4676 ﬁrmati
2098 4618 2255 4673 sunt;
2285 4618 2331 4663 et
2361 4607 2566 4677 Spiritu
2610 4613 2719 4666 oris
2768 4615 2882 4683 ejus
2920 4618 3089 4671 omnis
3137 4619 3300 4672 virtus
3341 4637 3430 4674 eo-

233 4766 252 4796 ¹
279 4765 411 4820 Cor.
436 4769 612 4837 μέρει.
690 4768 712 4799 ⁸
733 4765 909 4837 Galat.
930 4781 1005 4830 vr,
1041 4765 1102 4822 7.
1151 4763 1193 4819 λ³
1215 4763 1388 4818 Exod.
1427 4778 1508 4830 ιιι,
1539 4763 1594 4818 5.
1669 4760 1690 4792 ⁸
1713 4758 1748 4816 lt

1854 4776 1976 4827 Lm,
2007 4761 2061 4817 6.
2137 4763 2158 4794 ⁸
2183 4761 2384 4819 Jerem.
2422 4780 2543 4831 xm,
2581 4765 2633 4821 1.
2711 4769 2730 4798 ⁶
2759 4766 2949 4822 Matth.
2987 4783 3071 4832 tu,
3101 4771 3155 4823 4.
3231 4771 3430 4826 7Dcut.

172 4849 333 4902 xxxii,
364 4837 420 4892 6.
497 4836 521 4876 ⁸
553 4837 690 4893 Gen.
718 4853 759 4904 ι,
791 4836 882 4891 26.

233 4986 716 5058 (Ξὺλᾌμιναδὰό
758 4989 866 5042 τὸν
911 4985 1248 5049 Ναασσὼν,
1268 4984 1406 5058 ᾲκαίῃ
1434 4985 1543 5038 τὸν
1593 4987 1744 5058 Σαλ-

168 5055 585 5179 ιιὼνρΝαειὲεοιι
611 5059 796 5131 genuit
821 5059 1066 5120 Salmon,
1095 5072 1206 5112 non
1229 5056 1351 5126 ejus
1383 5055 1553 5110 frater
1582 5055 1746 5110 exsti-

170 5134 248 5179 ιιι.
323 5143 490 5179 xtav.

170 5134 248 5180 ιιι.
280 5134 490 5180 Ρετιν.

231 5196 346 5265 (21)
389 5197 682 5268 ιιερίᾷυμα
710 5239 724 5259 ,
775 5208 1066 5266 campestre
1122 5195 1370 5251 redditur
1393 5212 1450 5268 _a
1494 5195 1738 5252 Petavio.

172 5261 495 5347 Thalassius
523 5261 654 5323 illud
682 5269 826 5347 dixit
852 5261 1170 5347 eine-torium
1204 5266 1584 5347 utensoLa‘tip'a
1621 5283 1743 5347 ver:

175 5335 319 5389 sione
376 5339 632 5392 editionis
682 5337 898 5393 Veteris
959 5336 1294 5392 Testamenti
1337 5337 1472 5390 Sixti
1517 5335 1558 5389 V
1613 5336 1742 5390 anni

177 5402 327 5477 [583.
360 5403 588 5477 Vulgata
623 5409 782 5462 habet
813 5407 1072 5477 lumbare.
1107 5408 1165 5460 S.
1192 5407 1412 5461 llieron.
1450 5405 1660 5460 Proem.
1688 5407 1742 5459 in

180 5471 364 5544 Oscam
410 5471 714 5532 vestimenti
754 5491 925 5544 genus
982 5476 1113 5530 illud
1165 5493 1288 5534 esse
1341 5477 1572 5531 credidit
1623 5492 1742 5528 mu-

199 5543 376 5619 iebre.
411 5543 796 5619 consolantur
847 5545 989 5619 sacri
1060 5546 1405 5619 interpretes.
1463 5547 1742 5619 Cttllﬂclllﬁ

177 5629 290 5670 tum
327 5615 581 5684 p'uribus
637 5616 706 5671 de
744 5615 838 5669 illo
886 5614 1428 5688 imlumento'egisset
1473 5617 1539 5673 ad
1573 5614 1741 5672 Exodi

1849 4998 1970 5053 cap.
2002 4999 2194 5045 xxvtn,
2227 4981 2319 5043 42,
2342 4983 2405 5038 ad
2429 4980 2677 5053 Jeremize
2708 4993 2872 5052 caput
2899 4994 3080 5052 xtu,et
3111 4985 3176 5040 ad
3206 4986 3430 5042 verbum

1848 5052 2088 5107 lumbare
2119 5055 2231 5108 ait:
2289 5053 2415 5108 Herc
2459 5052 2708 5108 Ieremia:
2739 5071 2874 5108 zona
2921 5072 2986 5109 ea:
3023 5058 3088 5110 iis
3136 5074 3236 5110 non
3291 5069 3429 5119 erat.

1855 5124 2042 5194 quibus
2097 5135 2258 5176 vestes
2316 5139 2671 5178 coercentur:
2728 5126 3001 5192 (iittplioris
3050 5144 3198 5181 zona:
3266 5145 3430 5194 genus

1839 5205 1982 5255 erat,
2020 5194 2211 5266 tunictv
2255 5194 2502 5266 muliebri
2527 5195 2741 5256 similis,
2775 5201 2862 5248 sed
2899 5195 3098 5250 brevius
3125 5236 3138 5257 .
3181 5214 3284 5266 qua
3331 5199 3430 5251 viri

1838 5265 2137 5332 pra-serti»:
2167 5264 2266 5316 iter
2303 5264 2556 5331 facientes
2581 5302 2595 5324 ,
2625 5267 2733 5316 sive
2786 5280 2972 5329 agrum
3019 5264 3246 5322 colentes
3267 5305 3282 5330 ,
3335 5283 3430 5322 ceu

1842 5351 1936 5388 nos
1961 5333 2331 5400 subligacnlis,
2356 5351 2417 5385 eo
2446 5343 2603 5388 (etate
2626 5333 2930 5389 utebantur.

1917 5403 2030 5474 (22.)
2058 5402 2261 5474 confer
2284 5418 2406 5472 qua:
2439 5404 2506 5456 de
2527 5403 2717 5474 eodem
2756 5405 3145 5474 illoGenescos
3188 5408 3308 5462 loco
3338 5407 3434 5462 ln-

1846 5471 1937 5546 bet
1962 5471 2309 5546 Epiphanius
2328 5487 2496 5540 supra
2530 5472 2599 5526 ad
2630 5488 2780 5527 num.
2805 5473 2896 5542 28,
2923 5491 3152 5546 quinque
3195 5494 3296 5535 nos
3325 5477 3443 5534 ibt-'

1847 5543 1969 5598 dem
2001 5542 2406 5595 adnotavimus.

1921 5611 2035 5681 (25)
2062 5613 2206 5680 Lege
2229 5608 2318 5669 αὖ.
2349 5609 2508 5666 Ευιτ.
