3916 6196
446 216 549 276 29.7

1815 206 1876 266 Β.
1918 204 2255 263 EPIPHANII

3592 202 3707 257 298

447 357 563 396 rum
588 340 629 393 ί.
682 336 787 393 Sed
838 352 937 395 nec
967 336 1101 392 illud
1134 333 1541 396 intellexerunt,
1565 330 1708 402 quod
1742 332 1796 386 in
1832 331 2020 386 eodem

2128 331 2266 400 αὐτῇ
2324 326 2490 399 βίϐλῳ
2534 323 2698 397 ῥητοῦ
2726 364 2742 389 ,
2792 325 2873 378 ὅτι
2931 321 3169 391 Ἕϐρεξε
3197 321 3409 391 Κύριος
3465 320 3620 388 πῦρ,
3672 317 3706 371 ὁ

444 431 585 486 libro
625 430 886 500 scriptum
920 436 1041 483 est:
1069 425 1216 479 Pluit
1262 425 1433 494 ignem
1462 423 1743 486 Dominus,
1782 421 1829 475 is
1864 421 2028 475 nimi-

445 539 566 577 rum
611 524 705 592 qui
751 521 820 575 ad
857 520 1225 575 Abrahamum
1270 516 1601 577 diverterat,
1633 532 1666 568 a
1694 514 1917 567 Domino
1964 513 2028 565 de

442 614 639 679 δαίθ’,
672 613 740 667 ab
774 627 840 666 eo
871 609 1122 664 videlicet
1162 607 1259 677 qui
1292 622 1415 662 sese
1445 606 1686 661 miserat.
1731 603 1843 659 Nec
1873 602 2026 657 illum

447 703 616 767 fuisse
663 706 984 770 cognorunt,
1008 698 1100 767 qui
1133 712 1193 752 se
1221 697 1288 751 ab
1316 694 1552 767 Egypto
1584 696 1868 750 liberarat.
1915 692 2027 747 Nec

447 796 725 864 prophetae
755 805 944 845 vocem
980 790 1127 844 illam
1190 788 1612 842 intellexerunt:
1650 786 1717 841 Ει
1754 794 1811 839 ιιι
1862 784 2025 838 Beth-

451 887 615 939 lehcm
666 899 994 954 nequaquam
1042 881 1262 935 minima
1307 897 1362 933 es
1386 880 1425 933 ³.
1451 877 1585 932 Nam
1636 878 1726 948 qui
1788 876 2009 931 tandem

448 979 669 1030 minima
704 977 793 1030 illa
822 975 926 1030 dici
952 980 1149 1043 potest,
1180 988 1300 1043 qua:
1323 973 1473 1025 illum
1492 971 1720 1041 ceperit,
1752 970 1846 1040 qui
1877 968 2019 1023 coelo

447 1078 700 1138 terraque
727 1064 1111 1137 comprehendi
1143 1080 1249 1119 non
1279 1064 1491 1135 potest?
1516 1062 1645 1117 Item
1670 1080 1683 1116 :
1705 1060 1789 1115 Ea:
1822 1070 1871 1115 te
1891 1063 2027 1115 exiet

446 1160 577 1214 duc.
636 1160 769 1224 Quis
802 1164 887 1211 est
920 1165 1099 1210 autem
1139 1156 1233 1209 ille
1269 1154 1361 1224 qui
1405 1153 1754 1208 Bethlehemo
1788 1153 2004 1224 egredi-

444 1254 579 1307 tur?
606 1250 777 1305 llomo
807 1256 909 1303 est.
942 1246 1086 1301 Deus
1112 1262 1240 1300 vero
1273 1261 1370 1300 cur
1396 1244 1628 1299 dicitur?

516 1340 704 1395 CXVI.
745 1338 857 1391 lloc
898 1338 1042 1391 enim
1089 1335 1165 1388 illi
1214 1335 1622 1405 perturbantur,
1668 1331 1812 1402 quod
1861 1326 2014 1388 Deus

447 1432 590 1487 idem
628 1438 682 1484 et
725 1429 886 1483 homo
926 1426 1018 1481 sit.
1052 1424 1187 1479 Nam
1234 1425 1288 1478 in
1332 1424 1554 1479 eodem:
1604 1423 1858 1493 Egressus
1908 1423 2021 1492 ejus

445 1531 570 1575 sunt
600 1538 634 1575 a
666 1518 994 1589 principio,a
1022 1514 1379 1586 procreatione
1426 1514 1628 1577 mundi,
1676 1514 1834 1583 120
1873 1513 2020 1583 quod

444 1615 669 1687 quidem
698 1629 809 1667 non
838 1612 948 1681 jam
986 1608 1052 1663 ad
1086 1608 1384 1670 hominem,
1405 1605 1500 1659 sed
1533 1605 1599 1658 ad
1635 1604 1802 1658 Deum
1847 1605 2019 1659 refer-

447 1715 558 1759 tur.
608 1702 792 1772 Neque
826 1714 956 1754 vero
999 1699 1158 1753 istius
1195 1694 1409 1750 oraculi
1455 1693 1853 1748 recordantur:
1886 1691 2020 1746 Ecce

446 1795 590 1863 uirgo
623 1790 899 1858 concipiet,
939 1797 988 1841 et
1025 1786 1193 1855 pariet
1224 1785 1419 1854 ﬁlium,
1461 1792 1508 1836 et
1539 1782 1793 1836 vocabunt
1837 1799 2021 1837 nomen

444 1886 561 1954 ejus
596 1882 908 1937 Emmanuel
930 1880 971 1934 ⁸.
1003 1878 1159 1945 Quod
1187 1878 1436 1941 verbum,
1482 1875 1759 1939 vocabunt,
1807 1878 2019 1946 piorum

447 1991 513 2029 ac
566 1975 803 2029 ﬁdelium
862 1970 1119 2025 Ecclesiae
1182 1968 1415 2022 ﬁliorum
1466 1982 1672 2022 morem
1722 1968 2018 2036 signiﬁcat.

446 2065 581 2119 Nam
609 2064 688 2129 hi,
726 2062 929 2117 Judaeis
968 2059 1176 2115 Christi
1216 2057 1429 2111 Domini
1470 2056 1912 2112 interfectoribus
1955 2058 2023 2112 de

447 2157 731 2211 Salvatore
769 2152 1204 2215 sciscitantibus,
1234 2166 1335 2206 cur
1362 2150 1417 2204 in
1444 2164 1569 2205 eum
1594 2148 1689 2219 qui
1714 2150 1868 2204 cruci
1905 2148 2023 2204 suf-

447 2243 589 2298 ﬁxus
617 2249 702 2297 est
729 2242 954 2297 credere
995 2255 1115 2296 sese
1174 2238 1538 2309 proﬁteantur
1558 2278 1574 2303 ,
1608 2238 1681 2291 ita
1717 2238 1903 2295 ﬁdeles
1933 2254 2023 2294 re-

446 2333 757 2404 spondent:
787 2332 878 2385 ille
910 2332 1029 2400 ipse
1057 2331 1152 2399 qui
1197 2329 1339 2399 apud
1379 2344 1477 2383 vos
1505 2329 1558 2382 in
1597 2344 1819 2383 crucem
1864 2338 2021 2385 actus

445 2432 562 2488 est,
601 2422 872 2475 uobiscum
913 2420 1055 2473 Deus
1094 2428 1193 2472 est.
1234 2418 1502 2472 Przeterea
1545 2433 1723 2487 neque
1761 2418 2017 2474 Davidem

446 2512 697 2571 audiunt,
728 2524 830 2563 nec
869 2509 1121 2562 timorem
1172 2507 1319 2562 illius
1365 2507 1699 2577 intelligunt,
1731 2524 1893 2577 quem
1941 2511 2021 2563 vi-

445 2599 582 2654 dens
608 2612 705 2668 per
730 2596 993 2666 Spiritum
1024 2602 1275 2651 sanctum
1307 2594 1546 2659 dicebat,
1581 2595 2019 2652 contremiscens

445 2688 692 2759 ejusdem
728 2686 940 2742 Domini
985 2685 1224 2740 futuram
1272 2686 1733 2751 incarnationem,
1781 2686 2014 2744 dicens:

446 2780 598 2834 Dixit
629 2778 883 2833 Dominus
917 2777 1142 2833 Domino
1177 2793 1309 2842 meo,
1350 2776 1481 2833 Sede
1512 2795 1543 2831 a
1570 2779 1769 2833 dextris
1804 2780 1932 2833 meis
1955 2779 1978 2811 '
1998 2817 2016 2845 ,

444 2880 556 2929 etc.
600 2870 740 2942 Ergo
781 2880 965 2925 vetera
1010 2869 1099 2924 illa
1147 2867 1387 2923 Sabbata
1432 2871 1814 2939 praeterierunt
1859 2887 1874 2923 :
1921 2885 2020 2940 pro

2131 422 2268 493 πρὸς
2309 417 2562 491 Ἀϐραὰμ
2613 416 2883 487 ἐληλυθὼς
2908 456 2923 479 ,
2983 414 3143 483 παρὰ
3187 414 3409 481 Κυρίου
3444 413 3545 468 ἀπ’
3602 418 3709 470 οὐ⁴⁸

2121 512 2315 583 ρανοῦ
2336 552 2352 575 ,
2380 510 2477 564 τοῦ
2506 509 2669 562 αὐτὸν
2702 507 3142 569 ἀποστείλαντος.
3172 504 3306 558 Οὑδέ
3340 506 3583 573 ἔγνωσαν
3608 504 3710 558 αῦ-

2128 605 2218 657 τδν
2273 603 2367 657 ἀπ’
2405 600 2683 669 Αἰγύπτου
2728 596 3090 661 ἐκϐάλλοντα,
3148 595 3269 649 οὐδὲ
3323 595 3563 663 συνῆκαν
3610 595 3709 650 τοῦ

2127 694 2407 766 προφήτου
2447 689 2693 758 λέγοντος
2718 704 2731 720 ·
2768 687 2876 742 Καὶ
2912 686 3014 751 σὺ,
3044 683 3336 754 Βηθλεὲμ,
3375 684 3514 752 οὐχί
3566 686 3707 739 ἐλα-

2128 788 2329 857 χίστη.
2362 783 2487 847 Πῶς
2520 781 2629 852 γὰρ
2649 776 2759 833 οἷόν
2787 797 2846 832 τε
2858 776 3384 850 ἐλαχίστην-καλεῖν
3413 777 3566 831 πόλιν
3595 798 3704 849 χω-

2129 879 2373 951 ρήσασαν
2392 874 2451 927 ὃν
2480 870 2708 945 οὐρανὸς
2732 870 2827 924 καὶ
2848 872 3025 923 πάντα
3051 870 3245 940 χωρεῖν
3275 868 3335 922 οὐ
3355 868 3665 939 δεδύνηνται
3686 889 3699 930 ;

2126 969 2261 1035 Καὶ,
2296 969 2373 1021 ὅτι
2420 966 2516 1019 Ἐκ
2546 962 2663 1018 σοῦ
2716 979 2817 1032 μοι
2846 961 3227 1026 ἐξελεύσεται
3254 961 3601 1030 ἡγούμενος.
3636 962 3703 1014 Τί

2124 1059 2181 1113 δὲ
2232 1059 2340 1111 ἀπὸ
2367 1055 2615 1127 Βηθλεέμ
2654 1051 3052 1126 ἐκπορεύεταις
3086 1051 3199 1106 Καὶ
3245 1050 3527 1121 ἄνθρωπός
3564 1053 3700 1115 ἐστι,

2125 1151 2221 1203 καὶ
2245 1148 2362 1211 πῶς
2388 1146 2756 1215 θεολογεῐταις

2195 1324 2357 1389 Ριςῖν.
2391 1320 2666 1391 Ταράσσει
2706 1317 2907 1381 αὐτοὺς
2947 1317 3006 1371 τὸ
3034 1313 3173 1370 εἶναι
3210 1316 3342 1370 Θεὸν
3370 1316 3462 1369 καὶ
3493 1317 3705 1387 ἄνθρω-

2124 1425 2245 1464 πον.
2287 1409 2375 1461 Ἐν
2398 1406 2579 1476 ταυτῷ
2610 1405 2717 1476 γάρ
2742 1442 2759 1469 ,
2798 1409 2867 1460 Δί
2894 1404 3151 1469 διέξοδοι
3179 1405 3366 1459 αὐτοῦ
3396 1401 3701 1474 ἀπαρχῆς,

2123 1497 2243 1553 ἀπὸ
2281 1498 2531 1562 κτίσεως
2571 1496 2836 1563 κόσμου’
2877 1493 3035 1547 τοῦτο
3080 1493 3136 1546 δὲ
3185 1494 3284 1547 οὐκ
3326 1494 3471 1547 ἐστιν
3514 1495 3706 1547 οὐκέτι

2124 1592 2411 1665 ἀνθρώπου
2433 1631 2447 1655 ,
2498 1591 2632 1645 ἀλλά
2657 1588 2815 1643 Θεοῦ.
2847 1588 2922 1642 Οὐ
2954 1587 3251 1658 μέμνηνται
3296 1586 3385 1650 δὲ,
3427 1586 3507 1638 ὅτι
3550 1585 3701 1639 Ἰδοὺ

2122 1683 2417 1751 παρθένος
2452 1682 2522 1736 ἐν
2552 1681 2762 1751 γαστρὶ
2794 1679 2918 1744 ἕξει
2938 1718 2952 1743 ,
2988 1678 3086 1731 καὶ
3124 1677 3354 1741 τέξεται
3399 1676 3530 1730 υἱὸν
3551 1717 3564 1739 ,
3598 1676 3707 1728 καὶ

2123 1775 2457 1829 καλέσουσι
2502 1775 2569 1827 τὸ
2611 1774 2798 1842 ὄνομα
2841 1771 3029 1825 αὐτοῦ
3081 1770 3474 1839 Ἐμμανουήλ.
3516 1769 3588 1822 Τὸ
3614 1769 3703 1834 δὲ,
3746 1796 3751 1797 ν

2123 1866 2479 1930 καλέσουσι,
2516 1864 2771 1935 σημαίνει
2799 1864 2889 1915 τὸν
2916 1862 3115 1934 τρόπον
3145 1861 3253 1913 τῶν
3279 1862 3447 1928 ἁγίων
3474 1861 3567 1913 καὶ
3600 1880 3707 1915 πι-

2123 1956 2264 2010 στῶν
2303 1955 2412 2009 τῶν
2452 1954 2584 2007 υἱῶν
2608 1953 2710 2023 τῆς
2752 1951 3096 2022 Ἐκκλησίας.
3147 1950 3556 2020 Ἐξεταζόμενοι
3587 1951 3707 2022 γὰρ

2124 2048 2229 2102 ὑπὸ
2252 2048 2357 2103 τῶν
2388 2046 2767 2117 Κυριοκτόνων
2812 2045 3081 2101 Ἰουδαίων
3115 2045 3242 2115 περὶ
3288 2042 3380 2097 τοῦ
3410 2044 3697 2113 Σωτῆρος,

2123 2139 2205 2192 ὅτι
2255 2139 2379 2201 Πῶς
2399 2140 2476 2202 είς
2504 2138 2597 2191 τὸν
2627 2136 3011 2207 σταυρωθέντα
3033 2134 3413 2206 όμολογοῦσιν;
3439 2136 3707 2190 ἀκούουσι

2123 2230 2274 2300 παρά
2293 2229 2403 2283 τῶν
2429 2228 2611 2282 αὐτῶν
2634 2227 2863 2290 πιστῶν,
2896 2228 2977 2279 ὅτι
3003 2226 3137 2296 Παρ¹
3172 2226 3299 2296 ὑμῖν
3332 2225 3703 2296 ἐσταύρωται,

2115 2321 2246 2388 μεθ’
2266 2314 2509 2388 ἡμῶνᾶ
2542 2320 2686 2384 Θεός
2704 2319 2857 2377 ἐστι..
2887 2316 2994 2370 Τοῦ
3021 2316 3077 2370 δὲ
3113 2315 3276 2369 Δαϐὶδ
3298 2316 3398 2369 οὐκ
3434 2317 3703 2386 ἥκουσαν,

2122 2410 2218 2462 καὶ
2246 2410 2347 2461 οὐκ
2380 2409 2627 2477 ἔγνωσαν.
2669 2408 2833 2462 αὐτοῦ
2858 2408 2949 2461 τὸν
2974 2407 3137 2477 φόϐον
3156 2448 3172 2473 ,
3197 2406 3257 2459 ὃν
3300 2404 3439 2475 ὁρῶν
3467 2409 3524 2460 ἐν
3554 2407 3712 2474 ἁγίῳ

2120 2499 2395 2569 Πνεῦμα-ει
2423 2538 2439 2563 ,
2494 2497 2682 2568 ἔλεγε,
2718 2500 2956 2571 φρίττων
3000 2498 3100 2571 τὴν
3150 2496 3314 2551 αὐτοῦ
3362 2497 3454 2550 τοῦ
3486 2497 3711 2565 Κυρίου

2123 2591 2420 2663 μέλλουσαν
2448 2591 2663 2645 ἔσεσθαι
2696 2591 3039 2661 οἰκονομίαν,
3068 2590 3242 2659 λέγων
3259 2606 3277 2624 ⁸
3309 2586 3497 2645 Εἶπεν
3519 2593 3552 2644 ό
3579 2591 3709 2644 K13-

2111 2699 2245 2751 ριος
2274 2682 2358 2746 τῷ
2384 2682 2581 2750 Κυρίῳ
2603 2699 2743 2751 μου,
2772 2680 2969 2739 Κάθου
3000 2681 3069 2735 ἐκ
3098 2680 3313 2745 δεξιῶν
3332 2698 3469 2749 μου,
3503 2681 3598 2735 καὶ
3629 2682 3710 2735 τὰ

2120 2772 2268 2843 ἑξῆς.
2288 2772 2541 2826 Σάϐϐατα
2565 2773 2744 2826 τοίνυν
2768 2773 2836 2826 τά
2862 2774 3063 2842 ἀρχαῖα
3091 2770 3453 2842 παρελήλυθε,
3476 2771 3709 2826 Σάϐϐα-

2118 2881 2210 2919 τον
2235 2864 2293 2918 δὲ
2331 2865 2581 2936 ἀληθινὸν
2614 2867 2743 2937 παρ’
2782 2866 2914 2936 ἡμῖν
2966 2865 3316 2935 κηρύττεται.
3361 2865 3612 2934 Ἥργησε
3642 2864 3709 2918 δὲ

445 2963 646 3034 quibus
671 2977 859 3017 verum
900 2975 931 3013 a
966 2960 1126 3014 nobis
1158 2960 1491 3029 praedicatur
1524 2958 1847 3016 Sabbatum.
1883 2959 2015 3015 Item

2124 2960 2156 3031 ἠ
2208 2957 2401 3029 πρώτη
2460 2957 2728 3028 περιτομὴ
2790 2955 2849 3029 ἓν
2924 2956 3086 3026 μέλος
3136 2956 3491 3027 σμικρότατον
3540 2974 3710 3027 περι-

445 3054 597 3122 prior
625 3052 719 3106 illa
751 3051 963 3105 sublata
991 3057 1046 3103 et
1075 3051 1359 3119 antiquata
1389 3050 1739 3106 circumcisio
1767 3060 1872 3114 est,
1897 3066 2021 3120 qua:

448 3157 612 3196 unam
651 3156 715 3195 ac
758 3140 1105 3210 perexiguam
1137 3148 1347 3209 partem
1383 3142 1631 3210 corporis
1681 3140 2019 3211 amputabat.

444 3229 602 3284 Nunc
633 3244 762 3284 vero
800 3228 1040 3283 cmlcstis
1071 3228 1164 3283 illa
1193 3229 1546 3294 circumcisio
1577 3245 1699 3300 quas
1733 3230 1799 3285 ad
1847 3239 2019 3286 totum

445 3336 649 3391 corpus
688 3321 941 3391 pertinet,
977 3320 1135 3391 longe
1174 3327 1257 3375 est
1300 3320 1697 3377 eﬁicacissima.
1735 3322 2018 3393 Siquidem

446 3428 603 3483 aquae
624 3422 678 3467 et
710 3413 981 3467 invocatio
1003 3420 1192 3467 sancta
1214 3426 1324 3467 non
1359 3428 1525 3466 unum
1556 3413 1823 3469 duntaxat
1845 3430 2020 3470 mem-

445 3504 604 3558 brum
640 3503 879 3558 hominis
916 3510 1211 3573 occupant,
1254 3503 1347 3559 sed
1398 3505 1666 3575 integrum
1709 3520 1910 3575 corpus
1940 3521 2023 3561 re-

445 3602 701 3665 purgant,
740 3594 1177 3659 circumcidunt,
1235 3609 1300 3649 ac
1340 3596 1499 3651 malis
1544 3596 1798 3652 omnibus
1836 3598 2022 3654 exsol-

445 3693 603 3739 vunt.
636 3684 915 3755 Ejusmodi
947 3685 1206 3756 mysteria
1234 3696 1600 3742 sacrosanctae
1628 3686 1723 3743 Dei
1759 3687 2019 3744 Ecclesiae

357 3802 365 3809 -
447 3771 646 3825 tradita
679 3780 826 3826 sunt.
854 3770 1056 3827 Verum
1083 3772 1348 3829 adversus
1373 3774 1518 3828 illam
1548 3777 1879 3832 atrocissimi
1908 3779 2024 3848 (ιυίς

445 3862 569 3915 dam
604 3862 789 3917 hostes
826 3862 1047 3917 excitati
1084 3873 1232 3927 sunt,
1263 3864 1358 3934 qui
1398 3866 1683 3921 domestici
1726 3868 2020 3923 nominan-

447 3960 556 4013 tur,
587 3964 711 4003 cum
748 3950 815 4004 ad
846 3950 1219 4020 apostolorum
1252 3950 1466 4006 Domini
1499 3968 1684 4009 veram
1716 3956 2023 4011 sinceram-

445 4056 553 4110 que
592 4040 749 4097 ﬁdem
795 4043 945 4097 nullo
986 4043 1148 4097 modo
1179 4044 1522 4113 pertineant;
1551 4045 1598 4099 si
1627 4047 1772 4101 enim
1803 4063 1870 4102 ex
1914 4049 2022 4104 illis

445 4144 655 4197 essent,
691 4150 815 4189 cum
859 4135 965 4189 illis
1019 4138 1207 4206 utique
1245 4137 1681 4205 permansissent
1713 4138 1757 4192 '.
1794 4137 1899 4193 Sed
1935 4140 2023 4192 ni-

446 4224 647 4274 mirum
693 4222 867 4289 spurii
907 4222 1131 4290 quidam
1165 4238 1229 4276 ac
1271 4224 1569 4291 promiscui
1601 4226 1817 4294 generis
1848 4225 2021 4296 Egy-

2122 3050 2412 3121 τέμνουσα,
2435 3050 2648 3120 ἐνεργεῖ
2670 3048 2726 3101 δὲ
2750 3043 2809 3111 εὖ
2838 3048 2981 3119 μάλα
3006 3048 3041 3118 ὴ
3068 3049 3381 3118 ἐπουράνιος
3402 3050 3704 3120 περιτομὴ,

2122 3144 2241 3197 ὅλον
2285 3142 2346 3196 τὸ
2392 3141 2552 3207 σῶμα
2601 3142 3025 3213 περιτέμνουσα,
3064 3141 3145 3194 Τά
3180 3143 3288 3213 γὰρ
3319 3140 3485 3195 ῦδατα
3517 3141 3617 3194 καὶ
3667 3142 3705 3212 ἠ

2123 3235 2253 3304 ἁγία
2279 3234 2561 3305 ἐπίκλησις
2599 3234 2704 3288 οὐκ
2751 3234 2809 3287 ἐν
2861 3233 2938 3288 ἐνὶ
2984 3233 3133 3305 μέλει
3158 3233 3251 3286 τοῦ
3291 3232 3575 3304 ἀνθρώπου
3606 3234 3708 3301 γί-

2121 3344 2271 3380 νεται
2299 3365 2314 3390 ,
2371 3324 2486 3379 ἀλλ’
2517 3325 2639 3379 ὅλον
2679 3323 2742 3377 τὸ
2784 3323 2941 3394 σῶμα
2987 3323 3271 3395 ἀνθρώπου
3321 3324 3706 3388 καθαροποιεῖ,

2122 3415 2459 3487 περιτέμνει,
2493 3415 2711 3468 πάντων
2732 3414 2845 3475 τῶν
2863 3413 3049 3468 κακῶν
3076 3413 3426 3468 ἀπαλλάττει.
3467 3416 3530 3468 Ἡ
3561 3414 3709 3482 γοῦν

2120 3508 2252 3577 ἁγία
2324 3505 2617 3577 Ἐκκλησία
2668 3506 2943 3577 παρέλαϐε
3018 3505 3191 3560 ταῦτα
3250 3506 3319 3559 τὰ
3374 3506 3660 3576 μυστήρια
3686 3518 3707 3537 ⁸

2122 3596 2499 3667 ἐπανέστησαν
2532 3594 2590 3648 δὲ
2619 3595 2758 3665 αὐτῇ
2782 3595 2876 3648 καὶ
2911 3594 3073 3649 δεινοὶ
3096 3595 3278 3665 ἐχθροὶ
3307 3594 3569 3647 οίκειακοὶ
3610 3594 3709 3648 λε-

2121 3685 2340 3756 γόμενοι
2360 3724 2376 3750 ,
2405 3686 2479 3756 μὴ
2505 3684 2657 3748 ὄντες
2677 3684 2735 3738 δὲ
2764 3686 2829 3739 ἐκ
2860 3685 2958 3756 τῆς
2981 3684 3087 3739 τῶν
3111 3685 3421 3739 ἀποστόλων
3455 3684 3547 3736 τοῦ
3576 3685 3711 3739 Κυ-

2125 3777 2241 3849 ρίου
2289 3775 2522 3848 ἀληθοῦς
2553 3776 2786 3840 πίστεως
2808 3792 2823 3808 ο
2854 3778 2904 3829 εί
2946 3777 3055 3846 γὰρ
3079 3772 3219 3847 ἦσαν
3262 3775 3322 3840 ἐξ
3347 3774 3525 3828 αὐτῶν
3545 3814 3560 3837 ,
3598 3792 3712 3845 μευ

2124 3868 2428 3939 μενήκεσαν
2474 3867 2540 3921 ἂν
2597 3870 2715 3938 μετ’
2746 3868 2945 3922 αὐτῶν.
2990 3868 3153 3921 Ἀλλά
3202 3867 3345 3921 νόθοι
3394 3867 3548 3928 ὅντες
3602 3867 3710 3919 καὶ

2124 3959 2461 4031 σύμμικτοι,
2515 3960 2811 4031 ἐπιθυμίαν
2861 3960 3037 4031 κακὴν
3091 3958 3192 4030 τῆς
3247 3958 3315 4011 δι’
3351 3957 3547 4028 ἰχθύων
3603 3958 3711 4013 καὶ

2124 4050 2325 4104 συκιῶν
2349 4051 2659 4120 Δίγυπτίων
2680 4051 2879 4122 ὀδωδῆς
2905 4050 3067 4105 πάλιν
3088 4049 3435 4119 ἐπιθυμοῦσι,
3460 4048 3710 4117 βλασφηο

2127 4142 2352 4212 μοῦντες
2396 4144 2509 4196 ἀνω
2536 4143 2628 4195 καὶ
2676 4143 2825 4196 κάτω
2854 4142 2947 4195 τὸν
2986 4143 3113 4195 Υίὸν
3145 4140 3239 4194 τοῦ
3271 4140 3407 4193 Θεοῦ
3432 4156 3446 4170 ·
3494 4140 3713 4208 Ἀρειο-

2128 4233 2384 4301 μανῖται,
2441 4230 2534 4293 οῦς
2584 4232 2684 4301 ἤδη
2728 4233 2787 4284 ἐν
2839 4234 2951 4295 τοῖς
3005 4231 3112 4302 πρὸ
3159 4229 3349 4283 τούτου
3378 4230 3557 4295 λόγοις
3584 4230 3710 4298 (2-4)

449 4312 687 4378 ptiorum
718 4312 912 4363 iterum
960 4311 1191 4378 piscium
1224 4326 1290 4365 ac
1329 4326 1682 4366 cucumerum
1717 4316 2020 4371 odorando-

2126 4320 2623 4391 ἐστηλιτεῦσαμενο
2687 4322 2837 4383 ἄλλοι
2886 4322 2943 4374 δὲ
2988 4320 3286 4374 Σαϐέλλιοι.
3337 4320 3449 4375 Καὶ
3498 4322 3545 4375 οἱ
3600 4321 3712 4389 μὲν

449 4415 569 4452 rum
611 4406 940 4468 praepostera
968 4399 1264 4469 cupiditate
1304 4407 1579 4464 tenentur,
1613 4416 1677 4456 ac
1705 4402 1795 4457 Dei
1821 4403 2019 4458 Filium

2124 4409 2402 4463 Σαϐέλλιοι
2433 4410 2616 4469 τέλεον
2660 4410 2948 4481 ἀρνοῦνται
2997 4409 3089 4463 τοῦ
3131 4406 3271 4465 εἶναι
3300 4408 3393 4462 τὸν
3423 4407 3551 4462 Υἱον
3605 4409 3718 4461 καὶ

449 4489 675 4544 inﬁnitis
719 4489 924 4559 passim
974 4490 1326 4546 contumeliis
1375 4499 1626 4546 onerant.
1680 4491 1839 4549 Tales
1891 4504 2020 4549 sunt

2124 4499 2280 4567 ἅγιον
2330 4499 2555 4570 Πνεῦμα
2582 4538 2598 4565 ,
2653 4498 2900 4567 λέγοντες
2932 4499 3013 4551 ὅτι
3060 4500 3089 4553 ὁ
3123 4498 3251 4561 Υίὸς
3299 4496 3459 4560 αὑτός
3491 4498 3647 4549 ἐστιν
3684 4497 3718 4549 ὁ

445 4578 837 4644 Ariomanitae,
878 4595 1017 4651 quos
1052 4580 1105 4635 in
1153 4581 1527 4652 superioribus
1573 4582 1732 4639 libris
1778 4586 2020 4655 proscri-

2124 4588 2348 4660 Πατὴρ,
2402 4590 2499 4643 καὶ
2554 4592 2584 4643 ό
2627 4591 2817 4661 Πατὴρ
2858 4590 3019 4653 αὐτός
3074 4591 3220 4643 ἐστιν
3271 4590 3299 4642 ὁ
3328 4589 3491 4653 Υἱὸς,
3520 4589 3621 4641 καὶ
3649 4589 3724 4642 τὸ

447 4673 677 4743 psimus.
711 4672 872 4729 Tales
905 4683 1107 4729 suntet
1132 4672 1375 4731 Sabellii.
1406 4674 1511 4741 Qui
1540 4676 1757 4745 quidem
1791 4674 2016 4732 Sabellii

2125 4681 2278 4749 ἅγιον
2325 4680 2549 4751 Πνεῦμα
2578 4682 2740 4745 αὐτός
2788 4684 2935 4735 ἐστιν
2987 4684 3013 4735 ὁ
3053 4683 3275 4753 Πατήρο
3325 4681 3401 4743 ὡς
3451 4680 3524 4751 μὴ
3559 4676 3723 4734 εἶναι

448 4764 642 4819 Filium
677 4782 743 4821 ac
779 4764 1043 4837 Spiritum
1084 4777 1331 4823 sanctum
1368 4783 1595 4837 prorsus
1623 4784 1653 4825 e
1687 4771 1863 4825 medio
1913 4770 2019 4824 tol-

2128 4774 2258 4827 Υἱὸν
2284 4774 2376 4826 καὶ
2418 4772 2571 4841 ἆγιον
2593 4773 2836 4844 Πνεῦμα.
2873 4772 3124 4842 Δεύτεροι
3165 4772 3432 4832 Ἰουδαῖοι,
3464 4770 3555 4822 καὶ
3589 4770 3727 4822 Ku-

446 4857 561 4912 lunt
587 4876 599 4911 :
626 4870 877 4915 asserunt
912 4861 1058 4915 enim
1090 4858 1308 4927 Filium,
1337 4862 1511 4931 ipsum
1544 4877 1664 4917 esse
1690 4860 1936 4929 Patrem,
1966 4870 2020 4917 et

2131 4864 2395 4936 ριοκτόνοι
2421 4865 2870 4935 ἀπελεγχόμενοι.
2918 4865 3321 4935 ’Λρειομανῖται
3372 4861 3429 4913 δὲ
3464 4863 3513 4912 oi
3565 4861 3726 4913 πάν-

445 4949 685 5014 l’atrem,
730 4952 906 5020 ipsum
932 4967 1056 5007 esse
1089 4951 1315 5017 Filium,
1349 4966 1402 5008 et
1431 4953 1695 5023 Spiritum
1728 4963 1981 5011 sanctum
2003 4994 2020 5020 ,

2130 4972 2237 5009 των
2271 4955 2625 5009 ἀσεϐέστατοι
2644 4995 2661 5023 ,
2691 4956 2741 5008 ot
2772 4955 2862 5008 τὸν
2894 4955 3020 5007 Υίὸν
3047 4955 3156 5009 ἀπὸ
3181 4956 3279 5024 τῆς
3328 4950 3588 5023 πατρῴας
3620 4953 3731 5004 οὐ-

446 5041 622 5109 ipsum
662 5056 786 5096 esse
826 5040 1043 5097 Patrem
1069 5060 1082 5096 :
1115 5058 1385 5114 nusquam
1413 5054 1474 5098 ut
1502 5046 1573 5101 sit
1601 5044 1770 5101 Filius
1801 5062 1865 5103 ac
1896 5048 2020 5117 Spi-

2133 5048 2255 5111 σίας
2308 5047 2534 5118 διαιρεῖν
2595 5047 2689 5103 καὶ
2744 5045 3140 5117 ἀπαλλοτριοῦν
3198 5043 3504 5114 τολμῶντες
3528 5081 3545 5106 ,
3609 5043 3733 5097 οὐκ

518 5218 707 5277 ¹Ρεο1.
737 5236 908 5285 um,
940 5221 993 5275 6.
1070 5222 1090 5252 ²
1130 5220 1266 5277 Gen.
1298 5237 1413 5287 xxx,
1448 5221 1540 5281 24.
1617 5223 1639 5263 ³
1665 5220 1827 5279 Μὶοιι.
1865 5239 1918 5287 v,
1957 5221 1992 5274 2

2127 5256 2145 5274 .
2217 5220 2240 5252 ⁸
2268 5219 2372 5275 Isa.
2402 5234 2500 5289 ru,
2526 5219 2613 5275 u.
2689 5221 2710 5253 '
2740 5219 2887 5277 Psal.
2922 5233 3035 5286 cu,
3068 5219 3119 5274 l.
3220 5220 3241 5251 ⁶
3268 5217 3287 5273 1
3314 5216 3477 5273 Joan.
3519 5232 3579 5281 ιι,
3618 5219 3736 5275 ‘29.
3774 5248 3781 5252 -

516 5399 624 5469 (Si)
663 5401 768 5470 Ἐν
808 5400 931 5467 τοῖς
985 5399 1096 5468 πρὸ
1148 5401 1361 5454 τούτου
1406 5403 1628 5470 λόγοις.
1678 5400 2011 5455 Crediderim

2124 5400 2293 5455 libros
2347 5400 2610 5455 adversus
2640 5400 3010 5456 Ariomanitas
3060 5399 3176 5455 sive
3214 5398 3470 5470 Arianos.
3531 5395 3738 5470 Ρᾳηορ

443 5480 565 5539 esse
591 5467 921 5524 reddendum
948 5467 1054 5524 non
1087 5472 1141 5524 in
1183 5467 1545 5539 superioribus
1573 5471 1725 5524 libris
1746 5512 1759 5531 ,
1794 5470 1888 5525 sed
1916 5484 2011 5539 po-
2124 5471 2262 5522 rium
2285 5507 2300 5532 ,
2335 5470 2425 5524 ubi
2460 5470 2698 5525 haeretici
2734 5471 2808 5524 illi
2837 5471 3210 5533 confutantur,
3241 5467 3736 5539 quemadmodum

445 5537 554 5589 tius
583 5540 635 5589 in
664 5539 1019 5610 superioribus
1051 5541 1208 5608 hujus
1242 5536 1367 5593 libri
1404 5540 1665 5607 partibus.
1708 5539 1822 5594 Non
1869 5536 2014 5610 enim
2125 5554 2234 5592 non
2271 5540 2436 5610 semel
2471 5541 2819 5610 monuimus,
2873 5541 3094 5597 biennio
3138 5536 3429 5610 postquam
3459 5536 3737 5595 Ληουίτα-

442 5615 659 5661 constat
685 5607 1045 5678 Epiphanium
1074 5607 1202 5665 ante
1242 5610 1566 5663 Ancoratum
1611 5611 1748 5665 alios
1775 5609 2018 5666 edidisse
2127 5619 2236 5662 tum
2266 5608 2544 5678 emiserat,
2574 5609 2837 5680 scripsit.
