3916 6196
223 225 320 279 ⁸229

1619 223 2058 284 ANCORATUS.

3371 195 3542 298 250'

226 339 430 407 ἀξιοῦσι
472 338 564 395 τὸν
617 340 745 396 Υἱὸν
781 340 1041 414 ὁμότιμον
1082 337 1221 396 εἶναι
1250 342 1329 415 τῷ
1356 342 1530 415 Πατρὶ
1549 383 1567 410 ,
1591 342 1712 397 οὐδὲ
1742 345 1807 397 ὲκ

1913 344 2053 400 ritus
2082 351 2342 411 sanctus;
2371 344 2545 402 Judaei
2583 346 2805 418 quidam
2837 348 2994 406 alteri
3017 364 3081 406 ac
3117 349 3329 407 Domini
3354 367 3480 424 par-

227 433 318 502 τῆς
373 433 563 496 οὐσίας
594 435 690 486 τοῦ
739 433 953 506 Πατρδς
1005 434 1167 488 αὑτὸν
1205 435 1585 506 γεγεννῆσθαι.
1622 435 1808 490 ’Λλλοι

227 527 276 579 δὲ
322 525 527 578 τούτων
580 525 813 594 ἔκγονοι,
851 528 902 578 oi
943 527 1048 598 πρὸ
1088 527 1279 580 τούτου
1313 529 1451 598 μετὰ
1496 529 1603 582 τῶν
1632 529 1807 583 ἄλλων

228 616 328 669 τῶν
383 617 799 689 προταχθέντων
829 657 845 681 ,
899 616 1007 671 εἴθε
1061 619 1203 673 κατὰ
1267 620 1558 684 Ἰουδαίους
1611 621 1806 685 αὐτοὺς

231 709 590 780 ἁπηρίθμουν,
630 710 760 771 τοὺς
778 707 1236 780 βλασφημοῦντας
1265 711 1328 764 τὸ
1355 710 1509 780 ἅγιον
1540 711 1766 783 Πνεῦμα
1787 725 1802 740 ⁸

233 799 468 870 δεύτεροι
492 799 832 854 Σαδδουκαῖοι
884 801 978 855 καὶ
1013 803 1378 874 Σαμαρεῖται,
1416 803 1510 856 καὶ
1537 801 1801 872 ἄγνωστοι

236 891 412 959 νεκροὶ
448 893 535 942 καὶ
568 891 806 948 ἄπιστοι.

235 985 478 1056 prehensi
513 994 671 1038 sunt:
697 1002 833 1056 quos
872 987 1082 1041 utinam
1111 987 1251 1042 inter
1268 987 1484 1043 Judteos
1510 989 1662 1058 121
1689 988 1878 1043 saltem
1910 1003 2195 1044 recensere
2228 987 2309 1044 fas
2341 997 2520 1045 esset:
2549 1002 2674 1042 nam
2707 986 2972 1057 Spiritum
3006 1001 3253 1044 sanctum
3281 996 3479 1043 contu-
3591 1041 3595 1049 _

1905 435 2109 489 ricidze.
2145 435 2253 490 Sed
2293 437 2643 495 Ariomanitae
2688 447 2919 496 caeteros
2971 455 3161 498 omnes
3205 441 3480 511 impietate

1908 534 2192 596 superant,
2225 527 2316 598 qui
2348 527 2544 584 Filium
2571 545 2600 584 a
2624 530 2786 587 Patre
2815 533 3125 590 substantia
3159 535 3402 590 dividere
3423 543 3480 590 et

1907 618 2222 674 abalienare
2255 620 2393 674 nihil
2428 621 2606 687 veriti,
2639 623 2903 692 aequalem
2940 623 3089 678 Patri
3124 623 3321 682 Filium
3353 640 3480 682 esse

1908 707 2231 776 diffitentur;
2264 724 2365 764 nec
2386 725 2511 765 eum
2542 717 2738 780 putant
2766 727 2796 766 e
2825 710 3006 768 Patris
3030 727 3152 768 esse
3173 713 3479 770 substantia

1908 802 2171 872 genitum.
2214 801 2318 855 Alii
2350 809 2479 856 sunt
2527 803 2746 857 illorum
2777 805 2926 860 velut
2971 805 3198 876 posteri,
3229 807 3325 876 qui
3352 815 3478 861 ante

1911 894 2016 950 hoc
2063 902 2279 964 tempus
2326 894 2525 950 emersi
2594 910 2629 949 n
2675 903 2996 951 cactcrorum
3051 912 3278 952 numero
3327 911 3480 952 com-

233 1076 398 1130 tueliis
437 1086 754 1146 aspergunt,
786 1077 942 1132 alteri
977 1078 1199 1147 quidam
1240 1077 1521 1132 Sadduczei
1564 1086 1657 1132 aut
1697 1078 2003 1140 Samaritae,
2040 1086 2094 1133 et
2121 1077 2345 1134 obscuri
2381 1077 2580 1131 mortui
2606 1083 2660 1132 et
2689 1075 2954 1132 inﬁdeles.

293 1170 437 1223 PIZ'.
469 1169 588 1220 Ἵνα
616 1169 672 1222 δὲ
710 1169 784 1241 μὴ
811 1169 897 1223 διὰ
930 1170 1158 1242 μέλανος
1183 1172 1278 1223 καὶ
1308 1171 1510 1240 χάρτου
1538 1170 1637 1233 τὰς
1664 1170 1806 1226 κατὰ

229 1259 424 1312 τούτων
468 1260 772 1330 μαρτυρίας
813 1260 902 1314 διὰ
946 1260 1141 1314 πολλοῦ
1189 1260 1587 1332 ποιησώμεθα,
1629 1261 1710 1324 είς
1743 1259 1804 1314 τὸ

233 1349 300 1419 μὴ
353 1352 678 1420 περικακεῖν
719 1351 847 1414 τοὺς
903 1349 1415 1419 ἀναγινώσκοντας,
1473 1351 1801 1420 ἀρκέσουσιν

229 1442 427 1504 αὐτοῖς.
462 1440 835 1505 Σ-αὸελλιανοῖς
861 1441 960 1513 μὲν
985 1442 1122 1513 μετὰ
1150 1442 1257 1496 τῶν
1281 1443 1454 1498 ἄλλων
1485 1443 1801 1516 μαρτυριῶν

229 1533 259 1600 ἡ
292 1529 566 1600 μαρτυρία
601 1528 697 1582 τοῦ
741 1530 1002 1600 Ἰορδάνου
1028 1570 1043 1594 ,
1086 1531 1162 1594 ὡς
1193 1531 1292 1603 ἠδη
1319 1525 1491 1584 εἷπον.
1529 1532 1657 1595 Υἱὸς
1695 1531 1805 1602 γὰρ

229 1623 282 1675 ὲν
339 1622 582 1694 Ἰορδάνῃ
638 1622 854 1692 άληθῶς
894 1622 1284 1693 παραγίνεται,
1341 1621 1474 1686 Θεὸς
1521 1623 1806 1696 ἄνθρωπος

229 1711 467 1779 γεγονὼς
489 1752 504 1777 ,
543 1713 602 1765 οὗ
642 1712 851 1784 τροπὴν
884 1713 1158 1776 ὑποστὰς,
1193 1713 1329 1767 ἀλλὰ
1376 1713 1556 1784 σάρκα
1599 1713 1802 1779 λαϐὼν,

231 1803 285 1855 οὗ
314 1802 407 1855 διὰ
435 1803 751 1873 σπέρματος
796 1802 989 1873 ἀνδρὸς
1008 1842 1022 1865 ,
1055 1802 1170 1857 ἀλλ’
1197 1803 1304 1856 ἀπὸ
1333 1803 1433 1874 τῆς
1462 1803 1622 1871 ἁγίας
1659 1804 1806 1875 Παρ-

231 1893 380 1946 θένου
411 1894 573 1964 σῶμα
597 1892 905 1965 ἀνειληφὼς
924 1935 939 1957 ,
981 1894 1047 1948 δι’
1075 1893 1231 1963 ἁγίου
1263 1892 1580 1964 Πνεύματος
1613 1894 1807 1964 συλλη-

231 1984 356 2052 φοὲν
385 1985 546 2056 σῶμα
579 1986 816 2049 τέλειον,
856 1984 1130 2038 τουτέστιν
1158 1985 1444 2058 ἄνθρωπον
1472 1985 1679 2038 τέλειον
1704 1986 1808 2056 ψυ-

231 2081 290 2147 χῇ
321 2078 420 2130 καὶ
455 2077 688 2147 σώματι.
721 2077 951 2146 Γέγονεν
991 2073 1085 2130 οὖν
1116 2077 1146 2128 ό
1205 2076 1337 2141 Θεὸς
1382 2078 1479 2130 καὶ
1520 2076 1808 2147 ἄνθρωπος

230 2168 364 2238 πρὸς
427 2167 682 2237 Ἰωάννην
740 2169 800 2221 ὲν
869 2166 948 2238 τῷ
1010 2167 1284 2241 Ἰορδάνῃ,
1331 2161 1412 2229 εἷς
1466 2165 1541 2219 ὢν
1577 2167 1606 2218 ό
1647 2165 1809 2226 αὐτὸς

230 2260 352 2322 Υἱὸς
407 2260 502 2313 xui.
553 2259 789 2332 Χριστὸς
848 2259 942 2313 καὶ
993 2258 1218 2331 Κύριος.
1262 2259 1450 2329 Πατὴρ
1499 2258 1555 2311 δὲ
1603 2257 1808 2312 ἄνωθεν

231 2351 322 2421 βοᾷ
344 2395 359 2414 ,
394 2349 686 2421 μαρτυρῶν
712 2350 789 2422 τῷ
814 2350 928 2422 Υἱῷ
956 2350 1032 2422 τῷ
1060 2354 1117 2404 ἐν
1143 2349 1220 2421 τῷ
1265 2350 1504 2422 Ἰορδάνῃ
1535 2349 1806 2418 γεγονότι·

230 2439 420 2509 Οὗτός
450 2443 622 2497 ἐστιν
657 2447 691 2498 ὀ
728 2444 864 2510 Υιός
886 2461 1005 2514 μου
1038 2447 1072 2498 ὀ
1099 2443 1418 2513 ἀγαπητός.
1463 2443 1535 2498 Τὸ
1564 2443 1620 2497 δὲ
1657 2444 1810 2512 ἅγιον

229 2531 454 2602 Πνεῦμα
490 2535 546 2587 ἐν
598 2533 725 2586 εῖδει
772 2535 1099 2607 περιστερᾶς
1159 2535 1476 2589 κατέϐαινεν
1527 2537 1613 2588 ἐπ’
1645 2534 1809 2588 αὑτὸν

226 2625 304 2686 είς
345 2625 416 2674 τὰ
444 2623 612 2676 ῦδατα
637 2623 1040 2695 κατεληλυθότα
1072 2627 1112 2693 ¹,
1155 2625 1245 2680 ἵνα
1271 2627 1484 2698 καθαρὰ
1510 2626 1649 2680 αὐτὰ
1677 2627 1812 2679 ἀπο⁶

226 2711 374 2784 δείξῃ
411 2713 527 2781 (25)
549 2751 565 2776 ,
597 2713 784 2767 ἕνεκεν
814 2715 922 2767 τῶν
951 2715 1251 2786 μελλόντων
1282 2717 1361 2780 είς
1401 2716 1570 2786 ὄνομα
1597 2717 1812 2786 Πατρὺς

228 2802 317 2854 καὶ
353 2799 488 2853 Υίοῦ
519 2801 613 2853 καὶ
642 2801 798 2869 ἁγίου
831 2802 1148 2873 Πνεύματος
1187 2792 1576 2872 βαπτίζεσθαι·
1604 2805 1718 2865 τοῖς
1753 2802 1812 2856 δὲ

238 2894 542 2964 Ἀρειανοῖς
591 2892 727 2963 μετὰ
760 2893 867 2946 τῶν
901 2893 1302 2965 προλεχθεισῶν
1328 2893 1441 2964 (9.6)
1483 2893 1707 2965 ἀρκέσει
1733 2892 1811 2965 τῷ

225 2987 406 3039 εἰπεῖν
443 2984 536 3038 τὸν
575 2986 702 3039 Υίόν
727 3002 742 3016 ο
788 2985 929 3056 Ἐγὼ
958 2987 1028 3040 ὲν
1069 2986 1148 3053 τῷ
1179 2986 1379 3056 Πατρί,
1406 2987 1504 3041 καὶ
1544 2989 1578 3041 ό
1609 2985 1812 3057 Πατὴρ

1986 1167 2195 1225 CXVII.
2241 1167 2437 1224 Verum
2471 1183 2540 1228 ne
2573 1168 2641 1222 ad
2682 1168 2806 1223 illos
2840 1167 3248 1224 convincendos
3286 1177 3478 1235 aucto-

1910 1263 2100 1318 ritates
2131 1277 2195 1317 ac
2225 1261 2535 1318 testimonia
2571 1261 2787 1330 longius
2813 1275 2974 1334 quam
3009 1276 3108 1332 par
3138 1270 3222 1316 est
3256 1265 3478 1335 scriptis

1909 1363 2072 1424 atque
2100 1360 2408 1407 atramento
2445 1367 2770 1422 prosequar,
2800 1366 2869 1406 ne
2899 1350 2953 1404 id
2998 1350 3294 1408 lectoribus
3331 1353 3480 1410 lasti-

1909 1445 2057 1498 dium
2102 1443 2336 1498 afferat:
2378 1440 2640 1497 adversus
2687 1441 3026 1498 Sabellianos
3071 1442 3289 1513 quidem
3339 1447 3480 1500 inter

1912 1536 2014 1588 alia
2045 1531 2357 1589 testimonia
2390 1533 2526 1588 satis
2564 1532 2668 1587 erit
2702 1531 2864 1611 illud,
2906 1531 3051 1602 quod
3091 1533 3157 1586 ad
3187 1531 3479 1590 Jordanem

1911 1631 1995 1679 est
2041 1623 2273 1688 editum,
2319 1630 2379 1676 ut
2414 1631 2576 1678 antea
2619 1621 2753 1676 dixi.
2803 1621 3016 1692 Quippe
3055 1619 3226 1679 Filius
3254 1638 3380 1680 vere
3413 1624 3481 1679 ad

1904 1708 2194 1765 Jordanem
2239 1708 2494 1772 accessit,
2546 1708 2688 1765 Deus
2737 1707 2904 1762 homo
2956 1708 3156 1776 factus,
3194 1711 3312 1768 sine
3365 1713 3480 1767 ulla

1905 1811 2083 1856 tamen
2112 1799 2414 1854 mutatione
2438 1799 2547 1866 sui,
2575 1798 2669 1854 sed
2698 1814 2862 1855 carne
2887 1799 3152 1855 duntaxat
3176 1810 3480 1873 assumpta,

1903 1908 2029 1949 cum
2060 1895 2208 1948 nullo
2233 1895 2392 1965 plane
2423 1894 2567 1948 virili
2592 1902 2713 1950 satu
2743 1895 3010 1964 genitum,
3039 1895 3134 1951 sed
3164 1907 3478 1967 susceptum

1904 1999 1935 2039 e
1964 1983 2133 2039 Maria
2165 1983 2388 2056 Virgine
2418 1986 2688 2056 integrum
2721 2000 2922 2055 corpus
2950 1987 3214 2054 induerit,
3249 1989 3352 2043 hoc
3373 1997 3480 2054 est,

1908 2074 2183 2128 hominem
2225 2090 2256 2137 ις
2291 2090 2522 2144 corpore
2577 2076 2869 2144 animaque
2923 2075 3244 2144 perfectum.
3302 2076 3485 2142 Quare

1909 2163 2052 2220 Deus
2084 2164 2224 2220 idem
2263 2173 2316 2220 et
2347 2166 2532 2230 homo,
2565 2181 2729 2232 unus,
2768 2165 3013 2235 inquam,
3054 2171 3108 2218 et
3139 2165 3278 2220 idem
3311 2164 3484 2221 Filius

1909 2270 1973 2310 ac
2013 2256 2267 2312 Christus
2305 2265 2361 2312 et
2397 2256 2658 2313 Dominus
2689 2255 2884 2312 Joanni
2925 2270 3044 2310 sese
3081 2255 3148 2309 ad
3189 2253 3484 2310 Jordanem

1909 2348 2125 2404 obtulit.
2178 2347 2341 2403 Pater
2366 2364 2497 2404 vero
2527 2349 2748 2404 caelitus
2776 2349 3092 2404 exclamans
3121 2346 3187 2402 de
3218 2346 3356 2402 Filio
3391 2348 3485 2418 qui

1911 2440 1978 2496 ad
2025 2438 2316 2496 Jordanem
2361 2448 2502 2505 erat,
2554 2440 2654 2494 hac
2689 2454 2822 2495 voce
2863 2438 3226 2496 testificatur:
3262 2437 3365 2496 llic
3409 2447 3518 2496 est.

1912 2528 2089 2584 Filius
2119 2547 2263 2585 meus
2301 2529 2523 2585 dilectus
2550 2533 2591 2585 ³.
2631 2528 2871 2600 Spiritus
2900 2531 3135 2605 denique
3175 2539 3400 2588 sanctus
3430 2532 3487 2588 in

1911 2620 2161 2678 eumdem
2193 2637 2316 2676 cum
2348 2621 2414 2676 ad
2439 2637 2612 2693 aquas
2641 2621 3036 2686 descendisset,
3069 2623 3337 2678 columbae
3363 2639 3487 2694 spe-

1911 2711 1996 2767 cie
2046 2712 2304 2782 delapsus
2352 2722 2458 2776 est,
2503 2712 2584 2766 uti
2637 2726 2804 2780 puras
2835 2711 2954 2767 illas
2995 2727 3166 2782 aquas
3206 2713 3261 2768 in
3295 2730 3487 2769 eorum

1911 2803 2142 2874 gratiam
2182 2803 2516 2866 ostenderet,
2549 2803 2642 2873 qui
2672 2803 2727 2856 in
2752 2801 2952 2867 Patris,
2985 2803 3106 2858 Filii
3139 2820 3204 2859 ac
3247 2804 3491 2875 Spiritus

1912 2895 2090 2952 sancti
2143 2896 2364 2951 nomine
2412 2895 2604 2950 iisdem
2644 2903 2832 2950 essent
2875 2894 3148 2949 initiandi.
3191 2894 3346 2962 Quod
3419 2899 3488 2952 ad

1913 2984 2149 3042 Arianos
2181 2991 2411 3055 spectat,
2440 2983 2546 3040 hoc
2571 2984 2835 3040 adversus
2857 2999 2952 3041 eos
2981 2986 3118 3041 satis
3138 3001 3261 3042 esse
3285 2997 3489 3058 potest,

224 3079 294 3128 ἐν
329 3074 501 3143 ἐμοί·
557 3075 776 3147 ἰσότητα
825 3075 933 3147 γὰρ
981 3075 1215 3130 ἐνταῦθα
1257 3061 1398 3148 πρὸς
1436 3076 1656 3148 Πατέρα
1708 3078 1810 3132 ἀπ-

1915 3075 2060 3147 quod
2095 3076 2326 3146 ipsemet
2359 3074 2531 3132 Filius
2558 3075 2696 3130 dixit
2725 3094 2739 3130 :
2783 3075 2895 3143 Ego
2920 3077 2975 3130 in
3011 3075 3190 3142 Patre,
3238 3087 3290 3131 et
3329 3077 3491 3132 Pater

225 3164 394 3230 ἔδειξε
439 3166 538 3220 καὶ
565 3163 920 3236 γνησιότητα.
951 3163 1075 3228 Τοῖς
1101 3165 1347 3234 ἐκγόνοις
1375 3165 1482 3219 τῶν
1520 3165 1810 3237 ’Δρειανῶν

1913 3168 1968 3223 in
2005 3184 2086 3222 me
2127 3177 2205 3223 est
2229 3167 2269 3222 ³.
2303 3167 2514 3234 Quibus
2542 3166 2722 3222 verbis
2757 3167 3024 3237 aequalem
3055 3182 3178 3223 esse
3213 3165 3360 3222 Patri
3402 3166 3493 3222 Fi—

223 3259 338 3320 τοῖς
387 3258 450 3310 τδ
480 3259 636 3326 ἅγιον
666 3256 890 3328 Πνεῦμα
935 3256 1315 3328 βλασφημοῦσι
1337 3299 1350 3324 ,
1400 3258 1693 3330 ἀρκέσουσι
1722 3257 1810 3313 δύο

1913 3260 2046 3315 lium
2068 3273 2133 3314 ac
2156 3259 2456 3332 legitimum
2484 3258 2847 3314 demonstrat.
2875 3255 3020 3311 Nam
3040 3257 3308 3314 adversus
3335 3258 3494 3313 Aria-

231 3348 535 3419 μαρτυρίαι
585 3351 643 3403 αἱ
684 3349 784 3420 ἤδη
842 3349 1242 3421 προτεταμέναι
1310 3349 1451 3421 μετὰ
1498 3349 1598 3414 τὰς
1650 3349 1816 3415 ἄλλας

230 3439 574 3508 μαρτυρίας·
626 3440 726 3508 μία
754 3439 852 3510 μὲν
877 3439 985 3493 ἀπὸ
1009 3439 1102 3492 τοῦ
1130 3439 1327 3511 Δανιὴλ
1357 3438 1530 3504 οὕτως
1575 3440 1772 3510 ἔχουσα
1798 3457 1812 3472 ο

238 3529 328 3580 Ἐν
360 3533 424 3600 τῇ
452 3530 669 3600 καμίνῳ
687 3531 782 3586 τοῦ
811 3531 981 3602 πυρὸς
1005 3530 1241 3602 Σεδρὰχ,
1267 3532 1473 3595 Μισὰκ,
1513 3530 1817 3601 ’Δϐὄεναγὼ

224 3621 514 3684 αἰνοῦντες
540 3623 631 3675 τὸν
659 3623 814 3688 Θεὸν,
842 3608 1422 3697 συμπεριλὶμϐάνουσι
1458 3624 1577 3696 μεθ’
1608 3626 1816 3680 ἑαυτῶν

225 3710 332 3780 τὴν
385 3714 563 3765 πᾶσαν
595 3713 690 3767 τοῦ
735 3713 871 3770 Θεοῦ
925 3713 1139 3780 κτίσιν,
1192 3716 1285 3768 καὶ
1314 3714 1591 3783 λέγουσιν·
1629 3718 1819 3772 Εὐλο-

223 3803 425 3873 τεῒτε,
478 3804 672 3859 πάντα
718 3805 790 3860 τὰ
838 3805 982 3876 ἔργα
1012 3807 1271 3876 Κυρίου,
1306 3805 1414 3860 τὸν
1446 3808 1690 3876 Κύριονο
1724 3807 1820 3861 καὶ⁹

222 3893 549 3965 ἠρίθμησαν
576 3896 839 3967 οὐρανοὺς
874 3898 966 3950 καὶ
995 3897 1281 3966 ἀγγέλους,
1313 3899 1407 3952 καὶ
1441 3898 1692 3970 σελήνην,
1725 3900 1818 3952 καὶ

223 3983 413 4052 ἥλιον,
444 3987 536 4038 καὶ
560 3986 837 4058 δυνάμεις,
868 3987 973 4057 γῆν
1003 4004 1060 4040 τε
1088 3989 1182 4042 καὶ
1198 3987 1492 4052 Θάλασσαν,
1519 3989 1611 4042 καὶ
1640 3988 1820 4042 πάντα

223 4074 297 4128 τὰ
328 4075 395 4127 ὲν
424 4076 599 4140 αὐτοῖς
622 4117 637 4141 ,
676 4079 771 4132 καὶ
810 4078 1047 4149 οὐδαμοῦ
1075 4078 1202 4133 Υἱὸν
1225 4120 1241 4147 ,
1275 4081 1371 4134 καὶ
1413 4081 1568 4148 ἅγιον
1594 4078 1820 4149 Πνεῦμα

223 4167 651 4239 συνηρίθμησαν
700 4173 821 4234 ταῖς
879 4172 1111 4227 κτίσεσι.
1162 4172 1246 4226 Τὰ
1300 4173 1542 4245 σεραφὶμ
1607 4170 1820 4241 ἁγιάζει

223 4259 444 4327 Τριᾰδα
475 4261 601 4326 ἴσως
631 4262 731 4333 οὐχ
762 4262 907 4330 ἅπαξ
928 4304 943 4328 ,
991 4264 1052 4317 οὐ
1098 4263 1178 4328 δὶς
1202 4304 1218 4329 ,
1269 4265 1330 4318 οὐ
1357 4265 1616 4336 τέταρτον
1639 4305 1654 4332 ,
1684 4263 1822 4318 ἀλλὰ

227 4347 355 4416 τρὶς
387 4349 448 4400 τὸ
470 4350 664 4418 Ἄγιος
697 4351 948 4419 λέγοντα.

1914 3366 2110 3406 norum
2151 3357 2423 3420 posteros,
2458 3348 2550 3419 qui
2586 3348 2824 3418 Spiritus
2854 3348 3033 3404 sancti
3063 3348 3314 3418 dignitati
3349 3364 3491 3403 con-

1917 3442 2210 3499 tumeliose
2249 3440 2568 3507 detrahunt,
2612 3440 2724 3496 duo
2760 3441 2852 3496 illa
2895 3440 3209 3496 testimonia
3241 3441 3494 3498 sullicere

1917 3543 2168 3607 possunt,
2219 3549 2340 3604 qua:
2381 3540 2504 3604 post
2545 3533 2651 3587 alia
2682 3532 3040 3601 subiecimus.
3076 3531 3322 3599 Quorum
3357 3534 3494 3588 alte-

1917 3644 2038 3684 rum
2083 3643 2114 3682 e
2168 3625 2386 3681 Daniele
2439 3623 2822 3696 depromptum
2870 3631 2956 3678 est
3005 3623 3320 3692 huiusmodi
3352 3642 3366 3678 :
3401 3621 3492 3677 Si-

1917 3717 2109 3780 drach,
2159 3716 2324 3770 illisae
2383 3722 2437 3769 et
2465 3713 2759 3785 Abdenago
2807 3711 2975 3768 Deum
3021 3713 3073 3766 in
3105 3726 3371 3768 succensa
3403 3711 3492 3764 illa

1920 3809 2142 3866 fornace
2190 3804 2590 3867 collaudantes,
2647 3803 2900 3858 conditas
2949 3803 3017 3856 ab
3049 3817 3115 3857 eo
3162 3818 3252 3857 res
3297 3816 3495 3858 omnes

1919 3911 2103 3954 secum
2139 3893 2207 3947 ad
2243 3891 2649 3962 praedicandum
2690 3891 2776 3945 his
2805 3891 2989 3945 verbis
3022 3889 3296 3944 invitant:
3330 3889 3496 3946 Bene-

1917 3984 2097 4048 dicile,
2145 3982 2321 4036 omnia
2351 3994 2507 4046 opera
2534 3977 2772 4041 Domini,
2823 3977 3047 4032 Domino
3072 3977 3116 4033 ⁸.
3151 3977 3288 4033 Tum
3324 3979 3496 4034 cmlos

1919 4084 1972 4131 et
2002 4073 2241 4144 angelos,
2265 4079 2318 4126 et
2341 4070 2545 4132 lunam,
2585 4076 2638 4123 et
2661 4067 2853 4132 solem,
2881 4075 2936 4122 et
2975 4068 3224 4133 virtutes,
3269 4077 3493 4134 terram,

1919 4181 2090 4230 mare,
2133 4179 2197 4220 ac
2237 4159 2499 4231 quidquid
2543 4173 2610 4213 ea
2647 4158 2964 4222 continent,
3007 4158 3326 4229 singillatim
3359 4173 3499 4213 enu-

1921 4267 2158 4322 merant;
2193 4253 2390 4310 Filium
2431 4267 2582 4317 vero,
2611 4266 2676 4306 ac
2707 4248 2970 4320 Spiritum
3007 4259 3258 4305 sanctum
3287 4266 3374 4305 res
3409 4250 3498 4303 in-

1920 4358 2005 4407 ter
2041 4357 2252 4407 creatas
2286 4345 2537 4416 nuspiam
2585 4341 2853 4400 referunt.
2900 4341 3173 4398 Prmterca
3219 4342 3499 4414 scraphim

224 4437 558 4494 Trinitatem
578 4444 861 4512 aequaliter
884 4444 1183 4511 celebrant,
1215 4461 1279 4501 ac
1303 4462 1412 4504 non
1433 4447 1602 4503 semel
1628 4461 1806 4518 neque

1913 4461 1930 4502 ι
1970 4457 2148 4514 neque
2203 4446 2433 4511 quater,
2485 4436 2583 4495 sed
2621 4444 2707 4493 ter
2757 4435 3000 4502 omnino,
3037 4435 3302 4504 Sanctus,
3365 4451 3498 4508 pro-

221 4532 495 4586 nuntiant
518 4534 562 4588 ⁵.

295 4620 462 4674 Ρ1Η⁹.
514 4623 818 4691 Ἐλεγξάτω
855 4623 913 4678 δὲ
965 4626 1124 4680 πάλιν
1152 4627 1376 4693 τούτους
1413 4630 1621 4702 Πέτρος
1647 4630 1810 4682 ὲπιτι·

1998 4618 2230 4678 CXVlll.
2273 4611 2513 4670 Accedat
2543 4611 2610 4665 ad
2641 4610 2764 4666 illos
2801 4608 3121 4666 refutandos
3153 4610 3296 4668 Petri
3343 4614 3499 4671 insu-

219 4713 354 4783 μῶν
391 4717 504 4777 τοῖς
552 4718 680 4786 περὶ
725 4717 992 4785 Ἀνανίαν,
1033 4721 1127 4774 καὶ
1175 4720 1382 4790 λέγων’
1440 4698 1823 4789 Ἐεέειράσατε
1923 4729 2020 4786 per
2053 4709 2388 4768 θιιέιοτίιεες
2425 4702 2516 4772 qui
2551 4701 2819 4790 Αηειηίθξη
2849 4706 2903 4753 εί
2939 4698 3264 4770 δίιρυίιίνῖιτη
3310 4706 3499 4772 οίδίητδ

213 4808 288 4859 τὸ
319 4807 504 4874 ἅγιον
534 4809 795 4878 Πνεῦμα.
834 4810 940 4862 Καί
972 4827 1137 4881 φησι’
1178 4789 1299 4867 Οὔκ
1338 4812 1685 4881 ἐψεύσασθε
1711 4812 1820 4866 ἀν-
1919 4821 2078 4879 gans.
2126 4798 2415 4861 Τεηιαδιίδι
2461 4794 2638 4862 inqu"
2671 4830 2686 4855 ν
2748 4789 3004 4881 δΡίνίηυη
3047 4801 3308 4881 “imum
3360 4793 3498 4848 Tum

215 4896 472 4962 Ορώπῳ,
504 4899 663 4952 cum
694 4899 774 4964 τῷ
800 4898 940 4966 Θεῷ.
1082 4902 1140 4955 δὲ
1173 4879 1493 4968 Ἀπόστολος
1535 4899 1695 4968 οἶδεν,
1740 4903 1810 4970 ὡς

1922 4894 2146 4965 subiicit
2175 4911 2189 4947 :
2216 4888 2340 4944 Non
2375 4883 2579 4940 mentiti
2615 4881 2740 4936 estis
2783 4880 3002 4952 homini,
3036 4879 3260 4954 scd/Deo
3288 4882 3329 4935 °.
3364 4884 3499 4938 nam

211 4989 323 5039 καὶ
364 4988 628 5054 πολλάκις
654 4990 902 5061 εἴπομεν,
933 4991 995 5044 τὸ
1021 4991 1246 5063 Πνεῦμα
1278 4993 1352 5066 μὴ
1375 4993 1652 5065 ἀλλότριον
1675 4991 1810 5047 εἶναι

1919 4985 2293 5062 Apostolus,ut
2305 4994 2446 5049 saepe
2461 4972 2794 5040 monuimus,
2808 4971 3066 5041 Spiritum
3087 4972 3241 5042 122
3253 4979 3504 5027 sanctum

211 5080 316 5132 τοῦ
352 5077 519 5146 Θεοῦ,
550 5080 756 5150 λέγων·
799 5082 1048 5152 Ἑρευνᾷ
1073 5084 1170 5138 καὶ
1202 5084 1276 5138 τὰ
1296 5084 1460 5151 βάθη
1493 5083 1600 5138 τοῦ
1637 5082 1810 5137 Θεοῦ⁴

1927 5095 1959 5136 a
2002 5079 2162 5134 Patre
2192 5090 2300 5130 non
2329 5071 2568 5126 alienum
2599 5080 2723 5121 esse
2753 5071 2960 5127 censet,
2994 5079 3117 5119 cum
3149 5079 3270 5119 eum
3303 5067 3504 5119 asserit

204 5173 276 5225 τὸ
307 5174 380 5227 δὲ
433 5173 502 5244 μὴ
525 5173 586 5227 ὃν
613 5175 680 5227 ὲκ
714 5173 812 5246 τῆς
842 5176 1030 5239 οὐσίας
1072 5176 1168 5230 τοῦ
1206 5176 1364 5242 Θεοῦ,
1414 5174 1672 5231 ἀδύνατόν
1706 5175 1810 5228 ἐστι

1928 5169 2026 5226 Dei
2055 5165 2322 5240 profunda
2345 5157 2640 5218 scrutari’.
2662 5154 2796 5210 Nam
2831 5153 2971 5228 quod
3005 5170 3036 5210 e
3069 5155 3375 5210 substantia
3411 5154 3504 5210 ιιυι

293 5309 310 5338 ⁸
365 5305 975 5377 ὃτι-ἱίιηκατεληλυθός.
1048 5311 1070 5342 ⁹
1102 5308 1289 5366 Matth.
1323 5326 1408 5377 ιιι,
1440 5311 1528 5365 l7.
1604 5309 1625 5342 ³
1652 5307 1810 5364 Joan.

1913 5323 1966 5371 ν,
1999 5306 2089 5362 lt).
2167 5305 2190 5338 δ
2218 5303 2358 5356 Dan.
2389 5312 2472 5362 ιιι,
2503 5293 2574 5349 5⁵1
2602 5306 2726 5362 sqq.

206 5380 244 5433 5
274 5393 429 5446 sqq.
506 5377 524 5406 ⁷
555 5376 573 5428 l
604 5379 730 5431 Cor.
767 5393 824 5438 ιι,
857 5377 942 5431 to.

288 5489 436 5557 (25)
471 5488 605 5542 ἰνα
659 5491 886 5557 καθαρὰ
930 5489 1084 5544 αὐτὰ
1123 5486 1434 5553 ἀποδείξῃ.
1495 5485 1619 5540 llaec
1652 5485 1810 5557 verba

1926 5484 2051 5557 lices
2065 5482 2136 5557 ‘in
2161 5477 2608 5557 eorumlgratiam
2634 5473 3151 5557 emcerflvg‘ttta

205 5535 1818 5634 pax-ﬁ..s"§;dJaai{'n:..§;336.333,;'_ai'.er;.;'_;,,'an:
1929 5535 2109 5634 χωρ)
2134 5535 2471 5634 ,ιρδρηιιιῑιιιι
2525 5535 2739 5600 videtin
2789 5535 3232 5610 προλεχοέντων,
3278 5549 3334 5595 οι
3384 5553 3507 5597 mox

203 5631 453 5685 dantur
480 5642 510 5681 a
545 5624 873 5694 Thomasio;
908 5630 986 5684 ait
1013 5624 1160 5685 enim
1191 5647 1205 5683 :
1243 5625 1336 5682 Uti
1381 5641 1539 5695 puros
1581 5627 1700 5680 illo:
1739 5625 1821 5678 ια.
1925 5624 1987 5677 τὸ
2010 5624 2208 5675 εἰπεῖν.
2240 5624 2398 5675 Enn.

2831 5289 2852 5321 ⁸
2882 5288 2985 5344 lsa.
3020 5303 3098 5353 vr,
3122 5291 3178 5344 5.
3255 5291 3276 5322 ⁸
3296 5294 3424 5344 Act.
3451 5308 3508 5356 ν,

1925 5621 1987 5677 τὸ
2010 5622 2208 5675 εἰπεῖν.
