3916 6196
417 267 516 326 9.51

1807 253 1866 307 S.
1908 249 2248 307 EPlPliA'Nﬂ

3566 243 3672 300 252

421 403 534 444 non
582 393 689 446 est,
738 383 857 452 ejus
897 376 1163 447 profunda
1212 379 1442 424 scrutari
1490 382 1596 419 non
1647 377 1843 436 potest.
1896 366 2005 421 Nos

2134 365 2181 418 ·ὰ
2213 363 2375 430 ,ϐάθη
2426 361 2530 416 τοῦ
2587 361 2734 413 Θείῦ
2788 359 3061 428 ἐρευνᾷν.
3123 360 3316 429 Ἡμεῖς
3357 357 3414 411 δὲ
3455 357 3676 430 οἴδαμεν

424 483 594 551 igitur
629 476 849 530 Patrem
876 473 1189 540 prolitcmur
1215 479 1338 517 esse
1364 461 1578 513 Patrem
1605 477 1618 522 ;
1654 458 1876 525 Filium,
1911 456 1999 510 Fi-

423 573 594 635 lium;
649 566 913 636 Spiritum
971 566 1219 611 sanctum
1275 552 1512 620 denique
1566 551 1830 620 Spiritu.n
1878 566 2001 604 esse

425 671 716 717 sanctum:
752 655 856 708 hoc
885 658 987 708 est,
1022 643 1346 700 Trinitatem
1382 645 1436 696 in
1473 645 1681 697 unitate
1746 643 2000 712 positam.

426 748 733 819 Singularis
764 743 962 813 quippe
993 737 1171 791 Patris
1200 751 1262 788 ac
1296 734 1418 788 Filii
1459 743 1514 789 et
1552 733 1794 803 Spiritus
1827 735 2004 786 sancti

423 842 608 894 unitas
647 842 760 898 est,
808 846 915 884 una
952 829 1282 894 substantia,
1329 827 1643 880 dominatus
1680 841 1857 886 unus,
1898 842 2006 878 una

423 930 706 982 voluntas:
726 937 835 976 una
865 919 1132 981 Ecclesia,
1162 918 1452 985 baptizatus
1489 931 1644 980 unus,
1677 932 1783 968 una
1811 915 1940 983 ﬁdes
1961 915 2005 967 ¹.

424 1016 768 1083 Proindeque
805 1013 1060 1066 desinant
1095 1011 1186 1063 isti
1219 1017 1469 1063 sanctam
1501 1006 1708 1061 Christi
1741 1007 2006 1076 virginem

424 1123 491 1162 ac
530 1105 899 1160 castissimam
942 1116 1260 1171 oppugnare
1298 1112 1580 1168 sponsam,
1626 1107 1876 1164 matrem,
1921 1098 2010 1150 in-

425 1215 618 1270 quam,
649 1205 898 1250 nostram
939 1193 1273 1258 Ecclesiam;
1317 1192 1477 1261 cujus
1527 1192 1616 1244 lilii
1655 1206 1686 1244 a
1733 1192 2013 1246 sanctissi-

426 1294 530 1348 mis
554 1292 671 1345 suis
688 1287 969 1352 Patribus,
989 1286 1091 1339 hoc
1113 1294 1197 1339 est
1243 1283 1526 1354 apostolis,
1553 1297 1677 1335 cum
1701 1281 2013 1336 custodien-

425 1385 550 1438 dam
591 1383 775 1447 ﬁdem,
813 1390 931 1434 tum
962 1379 1078 1433 suis
1106 1391 1325 1447 quoque
1359 1374 1546 1430 liberis
1593 1372 1917 1428 tradendam
1950 1387 2015 1427 ac

427 1474 831 1548 praedicandam
869 1476 1225 1541 acceperunt.
1271 1468 1516 1534 Quorum
1560 1482 1591 1521 e
1633 1465 1870 1519 ﬁliorum
1913 1481 2014 1518 nu-

433 1584 586 1624 mero
616 1569 742 1620 date
768 1578 986 1633 operam
1015 1570 1074 1615 ut
1099 1561 1242 1623 sitis,
1273 1558 1469 1612 fratres
1499 1555 1835 1618 cbarissimi,
1864 1570 2015 1609 eam-

428 1658 659 1725 demque
696 1651 1002 1706 doctrinam
1035 1651 1090 1702 in
1126 1649 1325 1703 liberos
1366 1654 1580 1702 vestros
1624 1642 2010 1698 transfunditc.

2105 458 2327 526 Πατέρα
2377 455 2618 523 Πατέρα,
2671 454 2795 506 Υίδν
2841 453 2989 516 Υίον,
3041 452 3194 518 ἀγιον
3241 449 3464 519 Πνεῦμα
3529 453 3680 520 ἅγιον

2105 548 2351 616 Πνεῦμα,
2395 545 2599 615 Τριάδα
2650 546 2707 597 έν
2751 544 2979 614 ἑνότητι.
3031 543 3145 596 Μία
3192 539 3302 612 γὰρ
3334 541 3523 611 ἑνότης
3566 544 3684 596 ἐστι

2106 637 2318 709 Πατρὶς
2349 637 2442 690 καὶ
2476 635 2607 688 Υίοῦ
2642 636 2736 688 καὶ
2779 635 2935 703 ἁγίου
2985 632 3322 702 Πνεῦματος,
3373 632 3470 702 μία
3505 631 3683 700 οὐσία,

2109 731 2208 801 μία
2250 732 2526 802 κυριότης,
2563 727 2620 782 ἓν
2669 727 2908 797 θέλημα’
2945 727 3042 796 μία
3084 724 3377 794 Ἐκκλησία
3401 765 3417 788 ,
3465 724 3536 776 ἓν
3559 725 3682 788 ,ϐά-

2107 837 2357 890 πτισμα,
2402 822 2512 890 μία
2556 821 2780 884 πίστις.
2835 817 2942 871 Καὶ
2996 815 3396 869 παυσάσθωσαν
3442 815 3492 867 oi
3546 817 3694 869 κατὰ

2107 913 2207 982 τῆς
2234 912 2394 980 ἁγίας
2425 910 2697 982 παρθένου
2726 907 2819 961 τοῦ
2840 907 3099 978 Χριστοῦ,
3133 906 3227 958 καὶ
3247 905 3463 974 νύμφης
3492 905 3690 978 ἁγνῆς,

2108 1004 2353 1056 τουτέστι
2388 1004 2486 1073 τῆς
2523 1002 2727 1073 μητρὸς
2777 1001 2932 1070 ἡμῶν
2980 999 3082 1068 τῆς
3123 998 3282 1066 ἁγίας
3341 997 3689 1066 Ἐκκλησίας.

2108 1094 2426 1166 Παρέλαΰον
2452 1093 2559 1163 γάρ
2604 1094 2654 1145 οἱ
2686 1091 2891 1162 ταῦ-της
2926 1091 3113 1151 παῖδες
3143 1089 3294 1160 παρὰ
3324 1088 3493 1158 ἁγίων
3517 1090 3693 1142 Πατέ-

2112 1205 2243 1258 ρων,
2282 1187 2529 1239 τουτέστι
2561 1184 2667 1237 τῶν
2704 1183 2872 1249 ἁγίων
2904 1181 3236 1247 ἀποστόλων,
3275 1180 3455 1234 πίστιν
3487 1182 3691 1250 φυλάτ-

2111 1295 2223 1330 τειν
2246 1294 2260 1307 °
2305 1276 2422 1346 ἅμα
2457 1276 2514 1328 δὲ
2562 1277 2656 1329 καὶ
2688 1278 2799 1338 τοῖς
2848 1274 3058 1328 ἑαυτῶν
3089 1272 3299 1336 τέκνοις
3342 1274 3693 1343 παραδιδόναι

2111 1384 2172 1419 τε
2222 1367 2317 1420 καὶ
2365 1366 2753 1433 ἀπαγγέλλειν.
2803 1365 2891 1432 Ἐξ
2920 1357 2995 1417 ὧν
3028 1365 3124 1416 καὶ
3170 1364 3326 1417 αὐτοὶ
3369 1365 3476 1416 υἱοὶ
3512 1363 3694 1434 ὑπάρ-

2113 1475 2260 1528 χετε,
2305 1456 2626 1528 τιμιώτατοι
2659 1457 2899 1526 ἀδελφοὶ,
2941 1455 3035 1509 καὶ
3083 1458 3196 1518 τοῖς
3248 1456 3453 1508 ἑαυτῶν
3481 1454 3699 1517 τέκνοις

2113 1545 2318 1616 ταῦτην
2349 1548 2449 1616 τὴν
2495 1545 2842 1600 διδασκαλίαν
2885 1545 3264 1617 παραδιδόατε.
3305 1545 3489 1599 Ταῦτα
3520 1544 3696 1608 οῦτως

2114 1635 2385 1704 λέγοντες,
2418 1635 2512 1687 καὶ
2539 1635 2606 1688 τά
2636 1635 2846 1698 τούτοις
2883 1637 3042 1705 ὃμοια
3087 1635 3193 1688 ἀπὸ
3218 1634 3326 1688 τῶν
3351 1635 3508 1688 θείων
3550 1636 3689 1706 Γρα-

430 1749 558 1803 11ωο
575 1723 704 1816 quae
742 1744 1008 1797 hactenus
1043 1739 1191 1804 dixi,
1236 1746 1400 1807 atque
1446 1739 1531 1792 his
1577 1735 1777 1789 similia
1821 1733 2018 1802 prazdi-

2134 1726 2236 1794 Ιτῶν
2265 1725 2561 1795 βεὸαιῶσαι
2591 1725 2789 1788 αὐτούς
2819 1743 2878 1779 τε
2925 1727 3018 1778 καί
3054 1726 3180 1788 τοὺς
3221 1725 3511 1790 ἀκούοντας
3539 1727 3700 1794 ὑμῶν

432 1839 629 1905 cando,
664 1845 826 1905 atque
853 1849 883 1888 e
912 1832 1085 1887 sacris
1130 1829 1351 1883 Litteris
1391 1827 1754 1895 vosmetipsos
1805 1825 2024 1878 audito-

433 1947 633 2000 resque
670 1938 882 1982 vestros
923 1922 1248 1976 conﬁrmare
1330 1917 1600 1981 docendo,
1654 1915 2022 1978 instituendo,

435 2018 768 2075 moderando
799 2014 960 2069 ﬁnem
1004 2013 1210 2066 nullum
1248 2010 1430 2073 faeite,
1465 2008 1649 2062 ﬁdeles
1675 2015 1729 2061 et
1761 2005 2019 2060 catholici

435 2111 559 2165 Viri.
603 2109 835 2179 Pergite,
865 2108 1110 2174 inquam,
1150 2111 1394 2158 sanctam
1427 2101 1568 2153 hanc
1615 2098 1871 2155 Ecclesia
1903 2111 2032 2151 con-

439 2215 662 2257 servare
705 2199 887 2261 ﬁdem,
919 2211 1082 2264 quam
1113 2201 1462 2248 sacrosancta
1498 2205 1561 2244 ac
1597 2189 1900 2259 singularis
1935 2185 2028 2240 Dei

443 2293 596 2362 virgo
629 2292 699 2346 ab
733 2290 995 2359 apostolis
1041 2285 1254 2338 Domini
1304 2283 1408 2337 sibi
1454 2281 1716 2338 creditam
1765 2279 2026 2348 accepit:

443 2381 695 2448 idemque
726 2374 1136 2431 catechumenis
1174 2373 1432 2424 omnibus
1473 2369 1566 2438 qui
1603 2369 1668 2422 ad
1699 2368 2030 2436 baptismum

445 2485 569 2526 sese
597 2473 939 2535 comparant,
992 2463 1264 2514 inculcate
1308 2461 1619 2527 diligenter.
1669 2457 1857 2526 Neque
1903 2457 2031 2511 ﬁliis

452 2557 654 2612 vestris
678 2556 735 2608 in
759 2552 989 2606 Domino
1020 2549 1072 2602 id
1105 2548 1396 2617 pratciperc
1425 2548 1689 2599 duntaxat
1718 2553 1777 2597 ut
1805 2543 2032 2598 credant

447 2655 686 2718 oportet,
722 2643 818 2697 sed
846 2652 898 2695 et
924 2641 1046 2694 illos
1072 2638 1269 2692 (locere
1300 2646 1356 2690 ut
1383 2637 1522 2690 hanc
1552 2635 1838 2689 formulam
1869 2649 2032 2703 quam

451 2745 693 2791 vestrum
731 2742 1092 2800 nostrumque
1138 2729 1383 2782 omnium
1425 2736 1600 2782 mater
1644 2725 2030 2796 amplectitur,

453 2839 712 2896 expresse
744 2824 1055 2892 diserthuc
1082 2820 1268 2874 dicant
1299 2836 1314 2874 :

527 2917 710 2973 CXIX.
751 2915 1039 2972 Credimus
1087 2916 1140 2968 in
1182 2928 1350 2966 unum
1401 2910 1567 2966 Deum
1604 2909 1816 2963 Patrem
1858 2907 2035 2963 omni-

2126 1816 2486 1880 διδάσκοντες,
2530 1817 2915 1880 ὁδοποιοῦντες,
2956 1817 3341 1887 κατηχοῦντες,
3391 1819 3464 1888 μὴ
3494 1819 3703 1872 διαλεί-

2129 1927 2287 1980 πητε,
2315 1909 2362 1961 οἱ
2396 1909 2576 1961 πιστοὶ
2604 1909 2698 1961 καὶ
2725 1908 3014 1978 ὀρθόδοξοι,
3041 1909 3245 1978 ταύτην
3274 1909 3372 1978 τὴν
3399 1909 3556 1976 ἁγίαν
3601 1911 3700 1960 πί-

2131 1999 2250 2052 στιν
2292 2000 2392 2068 τῆς
2441 1997 2734 2068 καθολικῆς
2797 1996 3146 2067 Ἐκκλησίας,
3190 1997 3266 2061 ὼς
3313 1999 3618 2068 παρέλαϐεν
3662 2003 3705 2071 ἠ

2130 2089 2262 2157 ἁγία
2308 2091 2402 2142 καὶ
2443 2091 2580 2159 μόνη
2613 2089 2880 2159 παρθένος
2929 2088 3023 2140 τοῦ
3053 2088 3186 2141 Θεοῦ
3233 2089 3340 2142 ἀπὸ
3383 2091 3490 2141 τῶν
3529 2090 3708 2157 ἁγίων

2131 2180 2442 2233 ἀποστόλων
2464 2180 2556 2232 τοῦ
2588 2181 2791 2250 Κυρίου
2823 2179 3136 2248 φυλάττειν·
3163 2181 3256 2231 καὶ
3279 2178 3449 2242 οὕτως
3475 2181 3711 2232 ἕκαστον

2130 2272 2239 2324 τῶν
2271 2272 2689 2342 κατηχουμένων
2721 2272 2840 2324 ’τῶν
2887 2271 3187 2340 μελλόντων
3219 2270 3295 2340 τῷ
3325 2272 3463 2341 ἁγίῳ
3495 2271 3709 2343 λουτρῷ

2133 2364 2416 2435 προσιέναι
2465 2365 2526 2417 οὗ
2580 2365 2738 2433 μόνον
2791 2365 3153 2432 ἀπαγγέλλειν
3194 2365 3434 2433 ὀφείλετε
3490 2365 3549 2417 τὸ
3608 2384 3708 2417 πι-

2133 2455 2346 2508 στεύειν
2383 2458 2496 2519 τοῖς
2537 2456 2748 2508 ἑαυτῶν
2782 2457 2916 2518 υἱοῖς
2942 2458 2999 2507 ὲν
3025 2456 3235 2527 Κυρίῳ.
3267 2455 3401 2509 ἀλλά
3428 2456 3520 2508 καὶ
3558 2456 3716 2509 διδά-

2135 2562 2286 2598 σκειν
2317 2547 2494 2616 ῥητῶς
2534 2546 2610 2610 ὡς
2639 2548 2855 2601 πάντων
2887 2548 2920 2618 ὴ
2958 2547 3094 2618 αὑτὴ
3131 2549 3312 2622 μήτηρ
3343 2548 3494 2620 ὑμῶν
3520 2566 3580 2602 τε
3609 2549 3726 2603 καὶ

2133 2637 2313 2706 ἡμῶν,
2341 2638 2402 2690 τὸ
2434 2639 2636 2707 λέγειν’

2204 2904 2352 2958 ΡΙΘ’.
2392 2905 2729 2977 Πιστεῦομεν
2774 2909 2853 2972 εἰς
2904 2908 2998 2961 ’ένα
3038 2909 3192 2974 Θεὸν,
3245 2909 3462 2983 Πατέρα
3511 2929 3725 2971 raw-a-

460 3018 763 3082 potentem,
814 3007 1078 3060 factorem
1114 3004 1239 3058 ωειί
1283 3011 1338 3056 et
1376 3011 1555 3067 terrm,
1587 3001 1884 3055 visibilium
1919 3017 2029 3053 om-

2137 2991 2396 3069 κράτορα,
2454 2998 2684 3069 ποιητὴν
2729 3000 2958 3071 οὖρα-φοῦ
2990 3019 3049 3054 τε
3096 3002 3190 3056 καὶ
3235 3004 3358 3074 γῆς,
3403 3007 3613 3075 ὁρατῶν
3643 3027 3721 3062 τε

463 3105 612 3156 nium
649 3110 702 3153 ct
731 3098 1108 3152 invisibilium.
1143 3094 1206 3146 Et
1241 3095 1294 3146 in
1329 3109 1498 3147 unum
1531 3092 1818 3145 Dominum
1849 3091 2034 3146 Jcsum

463 3191 742 3245 Christum
771 3187 967 3238 Filium
1003 3185 1092 3238 Dei
1131 3185 1500 3254 unigenitum;
1547 3198 1612 3237 ex
1646 3181 1808 3237 Patre
1849 3191 2037 3235 natum

467 3289 593 3332 :mte
625 3277 810 3329 omnia
844 3276 1063 3333 saecula.
1101 3275 1203 3328 hoc
1230 3283 1334 3340 est,
1371 3290 1436 3329 ex
1479 3275 1788 3330 substantia
1820 3274 1996 3328 Patris
2018 3314 2034 3337 ,

470 3373 652 3422 lumen
679 3368 747 3422 de
780 3367 1006 3427 lumine,
1039 3365 1205 3419 Deum
1247 3381 1432 3420 rerum
1466 3367 1532 3420 de
1580 3366 1687 3419 Deo
1715 3379 1864 3426 vero,
1899 3363 2042 3434 geni-

468 3468 721 3526 tum,non
746 3458 971 3520 factum,
1005 3457 1528 3510 consubstantialem
1557 3457 1736 3510 Patri:
1764 3472 1859 3525 per
1879 3470 2039 3525 quem

469 3554 650 3605 omnia
678 3549 816 3602 facta
845 3555 974 3603 sunt
998 3562 1118 3616 qua!
1144 3547 1198 3600 in
1229 3547 1383 3601 caelis
1409 3555 1462 3600 et
1502 3562 1622 3616 quae
1648 3548 1700 3599 in
1745 3556 1886 3599 terra
1917 3560 2044 3598 con-

469 3644 732 3694 tinentur.
773 3640 874 3704 Qui
911 3647 1131 3707 propter
1173 3654 1272 3692 nos
1309 3638 1556 3692 homines
1588 3646 1641 3692 et
1680 3645 1902 3707 propter
1951 3651 2044 3691 n0-

468 3738 639 3784 stram
677 3729 905 3783 salutem
948 3728 1225 3783 descendit
1273 3727 1339 3781 de
1385 3728 1572 3792 uelis,
1621 3735 1674 3782 et
1723 3729 2042 3782 incarnatus

466 3821 648 3876 estde
693 3820 899 3890 Spiritu
935 3829 1128 3874 sancto
1174 3836 1236 3873 ex
1286 3819 1452 3873 Maria
1493 3818 1738 3889 Virgine,
1784 3827 1838 3873 et
1879 3819 2043 3872 homo

469 3913 648 3965 factus
685 3920 788 3966 est.
831 3910 1140 3965 Cruciﬁxus
1173 3911 1335 3963 etiam
1381 3925 1478 3979 pro
1513 3910 1670 3965 nobis
1709 3911 1810 3964 sub
1848 3909 2043 3963 Pontio

466 4001 664 4065 Pilato,
704 4017 900 4071 passus
929 4010 982 4056 et
1016 4001 1266 4072 sepultus
1301 4013 1382 4055 est
1415 4019 1430 4055 :
1460 4008 1516 4055 et
1549 4002 1849 4056 resurrexit
1885 4003 2044 4054 tertia

471 4094 561 4148 die
595 4094 894 4148 secundum
929 4093 1279 4164 Scripturas;
1333 4102 1386 4147 et
1431 4094 1676 4150 ascendit
1717 4095 1769 4147 in
1808 4094 2042 4155 cmlum,

469 4192 525 4238 et
560 4183 712 4237 sedet
755 4183 821 4236 ad
862 4183 1142 4236 dexteram
1183 4182 1396 4249 Patris;
1444 4193 1496 4236 ct
1540 4183 1734 4237 iterum
1781 4192 2045 4238 venturus

463 4283 548 4328 cst
594 4289 717 4326 cum
764 4274 932 4341 gloria
971 4272 1220 4339 judicare
1273 4273 1427 4324 vivos
1468 4280 1521 4324 et
1563 4282 1839 4335 mortuos;
1889 4272 2044 4342 123

2139 3092 2357 3143 πάντων
2386 3091 2480 3144 καὶ
2527 3091 2794 3162 ἀοράτων.
2842 3095 2952 3146 Καὶ
2985 3097 3063 3158 είς
3113 3097 3206 3148 ἕνα
3253 3096 3454 3171 Κῦριον
3502 3099 3728 3169 Ἰησοῦν

2139 3183 2371 3251 Χριστὸν
2416 3182 2506 3234 τὸν
2555 3182 2683 3236 Υίὸν
2715 3184 2810 3237 τοῦ
2850 3184 2984 3237 Θεοῦ
3031 3186 3123 3239 τὸν
3173 3191 3452 3258 μονογενῆ,
3502 3190 3593 3243 τὸν
3643 3193 3730 3245 ἐκ

2140 3272 2233 3324 τοῦ
2288 3274 2500 3345 Πατρδς
2533 3274 2863 3344 γεννηθέντα
2908 3277 3013 3346 πρὸ
3062 3277 3280 3332 πάντων
3328 3281 3434 3334 τῶν
3476 3280 3724 3346 αἰώνων,

2139 3363 2414 3416 τουτέστιν
2446 3366 2510 3417 ἐκ
2541 3365 2640 3435 τῆς
2663 3365 2852 3428 οὐσίας
2881 3365 2974 3418 τοῦ
3002 3369 3234 3442 Πατρος,
3272 3369 3386 3438 φῶς
3421 3372 3483 3422 ἐκ
3512 3370 3729 3438 φωτὸς,

2141 3447 2273 3501 Θεὸν
2330 3449 2580 3521 ἀληθινὸν
2638 3454 2703 3504 ἐκ
2763 3452 2896 3505 Θεοῦ
2955 3454 3228 3522 ἀληθινοῦ,
3276 3457 3618 3526 γεννηθέντα,
3651 3463 3731 3514 εὖ

2143 3540 2453 3609 ποιηθέντα,
2493 3543 2777 3611 ὁμοοῦσιον
2827 3543 2905 3613 τῷ
2947 3545 3156 3616 Πατρί’
3210 3545 3277 3598 δι’
3317 3541 3377 3599 οῦ
3423 3548 3488 3601 τὰ
3537 3551 3737 3610 πάντα

2143 3631 2378 3699 ἐγένετο,
2431 3634 2501 3685 τά
2552 3651 2610 3684 τε
2663 3634 2721 3686 ἐν
2761 3637 2872 3698 τοῖς
2901 3635 3148 3705 οὐρανοῖς
3187 3639 3279 3689 καὶ
3315 3638 3380 3690 τὰ
3414 3641 3470 3691 ὲν
3508 3642 3572 3710 τῇ
3606 3650 3688 3710 γῇ
3717 3661 3730 3672 ~

2143 3723 2234 3775 τὸν
2267 3723 2334 3776 δι’
2364 3725 2511 3793 ἡμᾶς
2535 3725 2662 3787 τοὺς
2705 3724 3026 3796 ἀνθρώπους
3059 3727 3152 3780 καὶ
3197 3727 3284 3780 διὰ
3315 3729 3408 3800 τὴν
3443 3730 3734 3802 ἡμετέραν

2147 3814 2420 3884 σωτηρίαν
2456 3815 2784 3868 κατελθόντα
2815 3819 2878 3870 ὲκ
2921 3818 3028 3870 τῶν
3072 3819 3337 3890 οὐρανῶν,
3366 3823 3458 3874 καὶ
3503 3839 3734 3893 σαρκω-

2146 3904 2306 3958 θέντα
2335 3907 2399 3958 ὲκ
2425 3906 2738 3977 Πνεύματος
2761 3907 2915 3976 ἁγίου
2946 3910 3038 3961 καὶ
3061 3908 3273 3981 Μαρίας
3294 3911 3390 3981 τῆς
3417 3911 3729 3982 Παρθένου,

2147 3998 2241 4050 καὶ
2290 3997 2802 4068 ἐνανθρωπήσαντα,
2861 4001 3238 4069 σταυρωθέντα
3282 4020 3339 4054 τε
3387 4004 3524 4073 ὑπὲρ
3559 4006 3731 4074 ἡμῶν

2148 4091 2239 4142 ἐπὶ
2267 4089 2493 4142 Ποντίου
2526 4090 2781 4153 Πιλάτου,
2812 4092 2904 4144 καὶ
2937 4091 3191 4158 παθόντα,
3217 4093 3308 4146 καὶ
3341 4096 3595 4163 ταφέντα,
3623 4098 3735 4149 καὶ

2147 4183 2458 4235 ἀναστάντα
2490 4186 2555 4253 τῇ
2589 4184 2745 4254 τρίτῃ
2793 4183 2995 4254 ἡμέρᾳ,
3033 4185 3173 4237 κατά
3210 4185 3308 4249 τὰς
3350 4186 3589 4256 Γραφάς,
3621 4191 3735 4241 καὶ

2149 4273 2440 4326 ἀνελθόντα
2469 4276 2546 4336 εἰς
2598 4276 2724 4338 τοὺς
2749 4276 3046 4346 οὐρανοὺς,
3099 4278 3192 4328 καὶ
3241 4277 3600 4347 καθεζόμενον
3655 4282 3737 4334 ἐκ

465 4364 625 4428 cujus
655 4362 807 4429 regni
841 4375 947 4413 non
989 4361 1094 4413 erit
1124 4359 1269 4414 ﬁnis.
1321 4359 1385 4412 Et
1415 4361 1468 4412 in
1499 4359 1762 4429 Spiritum
1791 4370 2029 4415 sanctum

2147 4363 2335 4427 δεξιῶν
2375 4365 2467 4416 τοῦ
2497 4366 2728 4436 Πατρὸς.
2764 4368 2857 4419 καὶ
2886 4367 3046 4421 πάλιν
3073 4368 3365 4437 ἐρχόμενον
3398 4369 3535 4438 μετά
3559 4369 3739 4441 δόξης

465 4448 754 4502 Dominum
799 4456 854 4501 et
894 4449 1280 4516 viviﬁcantem,
1322 4451 1414 4518 qui
1456 4465 1520 4504 ex
1573 4448 1729 4504 Patre
1764 4451 2043 4520 procedit,

465 4539 557 4607 qui
594 4553 717 4591 cum
751 4536 909 4592 Patre
944 4546 996 4592 et
1027 4537 1165 4592 Filio
1215 4539 1377 4593 simul
1409 4540 1666 4593 aduratur
1698 4549 1751 4594 et
1781 4542 2045 4611 conglori-

468 4632 683 4693 ﬁcatur,
716 4629 808 4698 qui
841 4628 1055 4684 locutus
1083 4639 1166 4685 est
1191 4647 1287 4700 per
1323 4632 1636 4700 prophetas.
1669 4630 1735 4686 Et
1766 4632 1820 4685 in
1852 4647 2039 4697 uuam,

466 4729 741 4787 sanctam,
799 4721 1126 4776 catholicam
1182 4730 1237 4776 et
1297 4723 1654 4792 apostolicam
1719 4721 2040 4779 Ecclesiam.

463 4812 800 4868 Conﬁtentur
842 4829 1008 4866 unum
1040 4814 1312 4882 baptisma
1347 4813 1400 4866 in
1437 4814 1815 4869 remissionem
1850 4830 2044 4884 pecca-

463 4912 668 4957 torum.
697 4906 1093 4971 Est-spectamus
1123 4904 1579 4957 resurrectioaem
1611 4913 1953 4958 mortuorum
1989 4913 2044 4962 et

463 4996 629 5046 vitam
662 4993 828 5046 futuri
867 4994 1071 5046 sreculi.
1105 4995 1302 5047 Amen.
1356 4993 1464 5048 Eos
1501 5009 1630 5048 vero
1677 4996 1770 5064 qui
1810 4996 2042 5050 dicunt:

464 5083 588 5137 Fuit
612 5084 906 5153 aliquando
936 5099 1059 5138 cum
1088 5101 1194 5138 non
1217 5093 1390 5149 esset;
1425 5095 1498 5149 et,
1526 5086 1831 5157 Antequam
1859 5089 2046 5158 gigne-

463 5184 614 5228 retur
639 5191 747 5228 aon
771 5183 916 5242 erat;
950 5175 1088 5237 sive,
1110 5174 1186 5229 Ex
1213 5191 1319 5230 non
1353 5178 1698 5232 exstantibus
1737 5179 1914 5234 lactus
1938 5190 2042 5243 est,

458 5266 547 5318 vel
591 5280 658 5319 ex
705 5267 808 5318 alia
855 5266 1134 5336 Iiypostasi
1189 5267 1272 5321 vel
1322 5267 1662 5334 substantia;
1714 5270 1916 5339 quique
1951 5268 2046 5322 Dei

464 5351 659 5409 Filium
713 5359 968 5411 llueutem
1025 5366 1121 5410 aut
1172 5359 1491 5414 mutabilem
1541 5375 1663 5414 esse
1709 5359 2042 5424 defendunt;

464 5441 566 5499 bos
591 5461 780 5502 omnes
803 5449 1144 5506 anathemate
1174 5449 1398 5505 damnat
1429 5453 1700 5508 catholica
1731 5459 1785 5507 et
1819 5459 2045 5521 aposto-

550 5594 570 5629 ¹
605 5594 804 5665 Epltes.
842 5616 915 5664 tv,
953 5601 1008 5658 5.

2141 4455 2324 4524 κρῖναι
2369 4454 2578 4518 ζῶντας
2629 4457 2721 4508 καὶ
2756 4458 3011 4528 νεκρούς·
3053 4453 3114 4512 οὗ
3153 4459 3251 4529 τῆς
3298 4458 3568 4528 βασιλείας
3614 4463 3739 4515 οὐκ

2146 4541 2296 4595 ἔσται
2330 4543 2502 4606 τέλος.
2552 4545 2662 4598 Καὶ
2713 4547 2792 4608 εἰς
2833 4546 2893 4599 τὸ
2927 4546 3148 4617 Πνεῦμα
3189 4549 3247 4600 τὸ
3293 4548 3465 4616 ἆγιον,
3513 4550 3742 4618 Κυριον

2145 4633 2242 4686 καὶ
2286 4634 2582 4698 ζωοποιὸν,
2639 4637 2698 4688 τὸ
2745 4638 2808 4689 ἐκ
2856 4637 2949 4689 τοῦ
3001 4638 3215 4709 Πατρὸς
3267 4640 3740 4711 ἐκπορευόμενον,

2145 4723 2206 4776 τὸ
2237 4725 2332 4776 σὺν
2364 4726 2536 4797 Πατρὶ
2569 4726 2661 4778 καὶ
2705 4726 2817 4797 Υίῷ
2845 4728 3430 4800 συμπροσκυνοῦμενον
3475 4731 3566 4782 καὶ
3597 4749 3748 4784 συν-

2147 4813 2519 4885 ὼξαζόμενον,
2578 4817 2637 4870 τὸ
2679 4815 2917 4888 λαλῆσαν
2964 4817 3050 4871 διὰ
3094 4820 3200 4873 τῶν
3259 4821 3567 4892 προφητῶν.
3625 4822 3746 4888 Εἰς

2154 4905 2282 4974 μίαν
2315 4905 2477 4973 ἁγίαν
2511 4905 2802 4979 καθολικὴν
2835 4910 2928 4963 καὶ
2966 4910 3327 4982 ἀποστολικὴν
3374 4911 3746 4980 Ἐκκλησίαν.

2164 4995 2563 5067 ὐμολογοῦμεν
2614 4997 2671 5049 ἓν
2721 4999 3001 5068 βάπτισμα
3051 5004 3130 5064 είς
3175 5001 3366 5070 ἄφεσιν
3417 5002 3747 5071 ἁμαρτιῶν,

2152 5089 2540 5159 προσδοκῶμεν
2583 5089 2875 5143 ἀνάστασιν
2902 5093 3129 5162 νεκρῶν,
3165 5093 3259 5145 καὶ
3289 5092 3430 5163 ζωὴν
3463 5092 3552 5146 τοῦ
3591 5095 3751 5162 μέλ-

2153 5177 2335 5239 λοντος
2367 5179 2581 5242 αἰῶνος.
2624 5181 2815 5252 ’Δμήν.
2849 5182 2988 5244 Τοὺς
3017 5183 3074 5235 δὲ
3122 5183 3410 5250 λέγοντας·
3452 5179 3558 5236 Ἦν
3591 5202 3751 5239 ποτε

2151 5268 2239 5319 ὅτε
2267 5269 2366 5320 οὐκ
2397 5264 2486 5339 ἦν,
2518 5271 2629 5334 καὶ,
2661 5270 2798 5342 Πρὶν
2841 5272 3165 5341 γεννηθῆναι
3200 5273 3298 5325 οὐκ
3333 5269 3421 5343 ἦν,
3461 5271 3492 5342 ἦ
3518 5273 3600 5324 ὃτι
3633 5275 3756 5342 Ἐξ

2148 5357 2248 5409 οὐκ
2295 5357 2464 5411 ὄντων
2499 5361 2732 5428 ἐγένετο,
2763 5362 2794 5431 ἢ
2833 5364 2889 5428 ἐξ
2939 5363 3131 5432 ἐτέρας
3177 5364 3523 5425 ὑποστάσεως
3562 5363 3596 5432 ἢ
3628 5366 3752 5419 οὓς

2149 5449 2292 5515 σίας,
2341 5452 2648 5520 φάσκοντας
2693 5451 2832 5508 εἶναι
2880 5455 3100 5525 ρευστὸν
3128 5456 3160 5526 ἢ
3193 5455 3480 5510 ἀλλοιωτὸν
3507 5455 3602 5510 τὸν
3631 5459 3761 5513 τοῦ
