3916 6196
504 342 610 401 Ειῦὅ

504 460 791 533 prophetis
834 457 1116 528 aspiravit,
1150 464 1203 508 et
1236 454 1290 506 in
1334 452 1443 507 illis
1480 453 1694 507 locutus
1727 460 1829 518 est,
1868 451 2074 506 eﬂ‘ccit-
2106 456 2147 509 Α

509 570 614 623 que
665 551 961 621 quidpiam,
1011 545 1105 600 sed
1161 546 1325 596 homo
1380 541 1652 612 perfectus
1697 557 1819 598 esse
1859 544 2074 597 voluit:

520 642 742 695 Verbum
786 638 986 708 quippe
1020 650 1145 686 caro
1184 634 1383 701 factum
1412 642 1488 687 est
1523 635 1576 699 ¹;
1614 648 1789 703 neque
1822 642 1915 687 aut
1960 650 2078 687 tnu-

508 731 763 782 tationem
791 725 954 778 ullam
984 731 1067 775 est
1102 732 1407 790 expertum,
1436 730 1529 776 aut
1552 723 1891 777 divinitatem
1922 739 2075 778 suam

508 819 563 870 in
600 825 851 886 naturam
895 813 1161 867 convertit
1208 813 1466 877 hominis,
1515 814 1611 870 sed
1653 817 1707 868 in
1747 829 1912 869 unam
1952 831 2078 871 san-

505 914 648 981 ctam
692 904 1081 974 perfectionem
1111 904 1559 974 divinitatemque
1590 904 1892 975 copulavit;
1937 921 2077 961 unus

503 1002 587 1051 est
614 990 759 1050 enim
790 994 1051 1051 Dominus
1080 992 1242 1050 Jesus
1273 985 1547 1059 Christus,
1584 1012 1691 1050 non
1728 996 1876 1062 duo;
1930 996 2072 1050 idem

504 1085 668 1149 Deus,
700 1084 841 1139 idem
875 1082 1162 1148 Dominus,
1194 1085 1446 1154 idemque
1477 1101 1592 1140 rex.
1630 1084 1732 1150 Qui
1769 1100 1964 1155 passus
1993 1094 2076 1140 est

502 1178 559 1231 in
596 1191 780 1240 carne,
825 1184 878 1230 et
911 1177 1230 1240 resurrexit,
1268 1184 1321 1231 et
1349 1174 1548 1230 corium
1582 1191 1704 1229 cum
1728 1176 1917 1231 eodem
1952 1192 2077 1230 cor—

504 1281 633 1335 pore
671 1267 1023 1332 conscendit;
1072 1274 1123 1320 et
1167 1265 1236 1319 ad
1284 1265 1563 1320 dexteram
1610 1267 1791 1320 Patris
1839 1268 2075 1337 gloriose

501 1355 783 1419 consedit;
820 1365 872 1409 et
900 1369 1025 1408 cum
1057 1354 1247 1408 eodem
1279 1368 1511 1423 corpore
1540 1365 1800 1409 venturus
1832 1363 1915 1410 est
1948 1369 2071 1409 cum

500 1444 670 1514 gloria
696 1443 943 1511 judicare
976 1444 1128 1499 vivos
1166 1452 1222 1499 et
1255 1452 1535 1508 mortuos;
1579 1443 1739 1513 cujus
1771 1444 1922 1515 regni
1964 1458 2073 1497 non

499 1536 605 1588 erit
651 1535 791 1589 linis.
839 1532 1217 1589 Credimus'et
1252 1534 1305 1586 in
1351 1531 1611 1602 Spiritum
1665 1542 1935 1596 sanctum,
1980 1532 2073 1602 qui

503 1608 717 1679 locutus
741 1633 825 1679 est
860 1626 913 1678 in
953 1627 1091 1694 lege,
1125 1635 1178 1679 et
1206 1640 1302 1693 per
1328 1625 1624 1693 prOphetas
1653 1623 1989 1693 praedicavit,
2022 1631 2076 1677 et

500 1717 565 1771 ad
599 1715 892 1772 Jordanem
929 1716 1232 1792 descendit,
1264 1716 1318 1768 in
1355 1717 1617 1785 apostolis
1642 1716 1858 1769 locutus
1879 1722 1983 1779 est,
2020 1720 2076 1768 et

498 1808 554 1862 in
580 1810 786 1865 sanctis
809 1809 1033 1862 habitat.
1064 1807 1141 1861 Ita
1169 1824 1333 1877 porro
1353 1823 1453 1864 nos
1478 1809 1531 1862 in
1556 1809 1734 1877 ipsum
1759 1808 2066 1861 credimus:

499 1900 763 1969 Spiritum
816 1915 940 1955 esse
988 1908 1261 1965 sanctum,
1314 1898 1576 1969 Spiritum
1626 1898 1746 1962 Dei,
1808 1898 2070 1969 Spiritum

500 1989 823 2058 perfectum,
859 1988 1123 2060 Spiritum
1158 1989 1525 2058 Paracletum,
1558 1991 1882 2056 increatum,
1911 2005 1941 2045 a
1970 1989 2073 2044 Pa-

496 2089 579 2134 tre
605 2079 1010 2150 procedentem,
1044 2069 1404 2150 accipientem
1439 2094 1471 2134 a
1498 2078 1656 2146 Filio,
1690 2081 1744 2135 in
1771 2096 1930 2150 quem
1950 2096 2072 2135 crc-

495 2171 697 2225 dimus.
745 2169 1012 2225 Prwterea
1054 2171 1335 2226 credimus
1365 2172 1420 2225 in
1456 2187 1619 2225 unam
1652 2173 1975 2227 catholicam
2019 2181 2073 2228 ct

494 2261 849 2330 apostolicam
903 2260 1236 2324 Ecclesiam,
1288 2270 1342 2314 et
1392 2261 1447 2314 in
1502 2277 1669 2315 unum
1738 2263 2073 2331 pmtiitentiae

497 2350 848 2418 baptismum,
896 2358 951 2402 et
991 2348 1046 2402 in
1089 2352 1545 2406 resurrectionem
1592 2362 1957 2417 mortuorum,
2006 2368 2070 2406 ac

490 2442 696 2509 justum
759 2440 1065 2493 animarum
1119 2455 1522 2511 corporumque
1569 2443 1873 2513 judicium,
1916 2453 1972 2499 et
2014 2445 2069 2498 iu

495 2546 722 2601 regnum
763 2532 1053 2595 caelorum,
1096 2539 1149 2585 et
1185 2531 1240 2584 in
1276 2531 1443 2585 vitam
1474 2540 1754 2588 aeternam.
1788 2532 1895 2588 Eos
1942 2548 2069 2588 vero

493 2621 584 2690 qui
617 2619 806 2675 dicunt
850 2620 1019 2677 fuisse
1060 2620 1354 2692 aliquando
1403 2622 1529 2676 cum
1562 2612 1671 2677 non
1720 2631 1865 2678 esset
1897 2621 2069 2678 Filius

492 2720 583 2767 aut
615 2712 851 2782 Spiritus
896 2721 1121 2769 sanctus
1142 2754 1156 2779 ,
1190 2721 1283 2768 aut
1313 2728 1343 2769 e
1373 2713 1545 2767 nihilo
1575 2729 1697 2769 esse
1732 2712 1953 2779 factum,
1985 2712 2068 2767 vel

490 2814 557 2851 ex
592 2799 763 2853 altera
788 2799 1069 2870 hypostasi
1096 2809 1190 2854 aut
1218 2800 1527 2856 substantia
1557 2820 1569 2855 :
1599 2800 1804 2872 quique
1839 2817 2069 2856 convcr-

490 2888 633 2943 sioni
676 2895 767 2941 aut
805 2884 1093 2943 mutationi
1138 2889 1434 2943 obnoxium
1465 2904 1588 2945 esse
1623 2891 1812 2945 dicunt
1856 2889 1947 2945 Dei
1977 2888 2067 2943 Fi-

489 2977 622 3031 lium
651 2986 744 3030 aut
771 2976 1036 3046 Spiritum
1059 2984 1311 3031 sanctum
1334 3018 1349 3044 ,
1383 2977 1483 3033 hos
1507 2994 1699 3033 omnes
1724 2979 2067 3035 anathemate

487 3069 709 3123 d‘amnat
765 3068 1031 3122 catholica
1084 3077 1138 3123 et
1186 3070 1484 3138 apostolica
1552 3069 1833 3136 Ecclesia,
1893 3082 2136 3150 materc

487 3166 670 3212 vestra
713 3172 777 3211 ac
829 3168 1035 3213 nostra.
1090 3158 1531 3217 Condemnamus
1579 3162 1741 3217 etiam
1796 3163 1920 3219 illos
1968 3165 2060 3234 qui

487 3258 829 3304 mortuorum
896 3252 1353 3307 resurrectionem
1407 3253 1631 3309 minime
1694 3253 2060 3320 conﬁtentur,

487 3354 700 3395 necnon
735 3350 788 3395 et
831 3341 1065 3397 haereses
1107 3357 1321 3406 omnes,
1356 3357 1476 3412 qua:
1525 3343 1653 3399 huic
1697 3354 1901 3400 sancta:
1940 3344 2063 3400 ﬁdei

488 3431 713 3487 minime
740 3439 1122 3487 consentanem
1153 3441 1301 3488 sunt.
1335 3432 1619 3489 Postremo
1655 3449 1750 3489 vos
1783 3449 1973 3490 omnes
1999 3450 2064 3489 ac

482 3532 715 3578 caeteros
749 3522 886 3577 ﬁlios
921 3534 1137 3579 nostros
1162 3524 1432 3594 ejusmodi
1470 3525 1572 3579 lide
1598 3525 1874 3595 prmditos,
1913 3526 2063 3580 [idei-

482 3628 592 3683 quc
630 3613 882 3669 mandata
929 3624 1230 3679 servantes,
1265 3632 1364 3685 pro
1395 3617 1553 3671 nobis
1599 3626 1861 3685 perpetuo
1891 3616 2060 3673 Deum

487 3715 804 3777 precatui-os
830 3706 1175 3774 conti-limus,
1210 3718 1269 3762 ut
1298 3709 1354 3763 in
1384 3709 1574 3764 eadem
1600 3708 1705 3764 [ide
1732 3717 1786 3765 et
1815 3711 1871 3765 in
1901 3726 2062 3766 man-

483 3798 736 3853 datorum
760 3799 904 3853 illius
926 3806 1073 3854 sorte
1098 3806 1306 3869 partem
1322 3799 1619 3857 habeamus
1639 3800 2062 3873 aliquam.125

485 3882 592 3943 Pro
624 3908 707 3945 me
737 3892 918 3962 itaque
950 3890 1239 3947 Dominum
1272 3902 1424 3947 orate
1450 3903 1559 3947 tam
1586 3908 1685 3949 vos
1722 3909 1888 3963 quam
1913 3893 2055 3964 quis-

485 3982 610 4049 quis
644 3982 717 4035 ita
755 3982 930 4037 credit
962 3999 1026 4038 ac
1064 3982 1275 4039 Domini
1317 3986 1604 4055 praeceptis
1632 3986 1975 4058 obsequitur,
2007 3990 2062 4043 in

2106 1776 2147 1830 Β

1904 341 1961 398 S.
2004 340 2341 395 EPIPHANII

3619 355 3704 410 εἶξό

2179 452 2496 520 ἐνήργησεν,
2533 447 2676 503 ἀλλὰ
2717 452 2936 516 τελείως
2972 452 3493 526 ἐνανθρωπήσανταο
3537 451 3588 512 ’0
3623 463 3709 534 γάρ

2181 542 2369 608 Λόγος
2393 540 2548 607 σὰρξ
2584 541 2840 609 ἐγένετο,
2867 544 2927 596 ού
2967 545 3174 614 τροπὴν
3205 546 3461 612 ὑποστὰς,
3492 549 3598 602 οὐδὲ
3634 570 3711 621 με-

2178 628 2424 683 ταϐαλὼν
2467 632 2564 701 τὴν
2617 631 2808 684 ἑαυτοῦ
2835 633 3062 704 θεότητα
3099 638 3179 698 εἰς
3225 638 3621 708 ἀνθρωπότητα.
3650 644 3714 703 εἰς

2182 720 2309 789 μίαν
2347 720 2722 775 συνενώσαντα
2758 722 2951 775 ἑαυτοῦ
2996 724 3155 790 ἁγίαν
3185 726 3497 797 τελειότητα
3542 746 3593 781 τε
3637 732 3716 782 καὶ

2179 813 2406 883 θεότητα
2424 829 2436 840 ⁸
2467 807 2546 875 εἷς
2572 814 2680 884 γάρ
2707 816 2854 867 ἐστιν
2886 815 3088 885 Κύριος
3146 817 3350 886 Ἰησοῦς
3395 820 3615 888 Χριστὸς
3640 821 3716 872 καὶ

2176 906 2236 957 ού
2267 903 2381 966 δύο,
2408 908 2436 957 ὁ
2466 905 2627 969 αὐτὸς
2651 905 2804 968 Θεὸς,
2845 908 2874 959 ό
2898 907 3059 971 αὐτὸς
3090 909 3310 977 Κύριος,
3353 910 3381 961 ό
3410 911 3566 974 αὐτὸς
3592 911 3716 981 βασι-

2178 994 2324 1058 λεύς.
2373 996 2621 1050 Παθόντα
2666 996 2722 1049 δὲ
2766 997 2856 1050 τον
2911 998 3074 1051 αὑτὸν
3120 1000 3178 1051 ἐν
3239 1002 3420 1069 σαρκὶ,
3473 1003 3561 1054 καὶ
3610 1003 3717 1055 ἀνα-

2178 1086 2407 1148 στάντα,
2455 1088 2549 1140 καὶ
2586 1086 2874 1140 ἀνελθόντα
2921 1089 3001 1151 είς
3042 1088 3167 1150 τοὺς
3199 1090 3459 1158 οὐρανοὺς
3499 1093 3552 1142 ὲν
3593 1091 3717 1160 αὐτῷ

2177 1173 2251 1243 τῷ
2280 1173 2512 1244 σώματι,
2541 1175 2764 1241 ἐνδόξως
2791 1175 3091 1228 καθίσαντα
3128 1179 3186 1230 ἐν
3213 1176 3361 1247 δεξιᾷ
3390 1177 3483 1229 τοῦ
3515 1179 3716 1247 Πατρὺς,

2176 1262 2467 1333 ἐρχόμενον
2501 1265 2559 1315 ὲν
2587 1263 2737 1333 αύτῷ
2786 1263 2864 1334 τῷ
2898 1263 3110 1334 σώματι
3144 1267 3201 1318 ἐν
3228 1265 3354 1335 δόξῃ
3394 1268 3572 1337 κρῖναι
3600 1266 3719 1330 ζῶν·

2173 1371 2271 1416 τας
2316 1354 2408 1407 καὶ
2440 1355 2665 1424 νεκρούς
2685 1368 2697 1381 ’
2729 1349 2790 1407 οὗ
2821 1357 2918 1425 τῆς
2958 1354 3230 1424 βασιλείας
3256 1356 3354 1407 ούκ
3384 1356 3535 1410 ἔσται
3570 1355 3715 1415 τέλος.

2176 1445 2285 1499 Καὶ
2329 1446 2407 1509 είς
2438 1447 2499 1519 τδ
2545 1446 2699 1514 ἆγιον
2740 1447 2968 1515 Πνεῦμα
3008 1447 3357 1516 πιστεύομεν,
3403 1448 3465 1499 τὸ
3512 1447 3724 1518 λαλῆσαν

2176 1534 2234 1585 ὲν
2270 1532 2459 1604 Νόμῳ,
2496 1535 2587 1587 καὶ
2612 1535 2853 1605 κηρύξαν
2882 1538 2941 1587 ἐν
2969 1536 3083 1597 τοῖς
3110 1538 3434 1605 προφήταις,
3465 1539 3557 1589 καὶ
3583 1554 3725 1588 κατα-

2177 1621 2278 1675 ϐὰν
2326 1625 2419 1675 ἐπὶ
2457 1624 2549 1676 τὸν
2607 1626 2899 1696 Ἰορδάνην,
2947 1624 3138 1678 λαλοῦν
3185 1628 3243 1677 ὲν
3289 1627 3618 1690 ἀποστόλοις,
3654 1627 3725 1678 οἱ·

2176 1713 2306 1767 κοῦν
2354 1715 2412 1767 ἐν
2446 1714 2639 1782 ἁγίοις.
2669 1714 2856 1777 Οὕτως
2903 1716 2959 1767 δὲ
3009 1715 3333 1785 πιστεύομεν
3362 1716 3420 1768 ὲν
3448 1716 3613 1785 αὐτῷ,
3655 1717 3725 1768 ὅτι

2176 1805 2294 1858 ἐστι
2338 1807 2565 1875 Πνεύμα
2601 1803 2774 1871 ἀγιον,
2809 1806 3034 1876 Πνεῦμα
3065 1804 3223 1870 Θεοῦ,
3260 1804 3484 1876 Πνεῦμα
3522 1807 3726 1867 τέλειον,

2175 1892 2397 1962 Πνεῦμα
2450 1893 2836 1964 Παράκλητον,
2895 1894 3183 1960 ἀκτιστον,
3248 1897 3311 1948 ὲκ
3377 1895 3469 1948 τοῦ
3536 1896 3731 1965 Πατρὸς

2176 1984 2623 2053 ἐκπορευόμενον,
2651 1984 2742 2035 καὶΙ
2771 1984 2835 2035 ὲκ
2868 1982 2959 2035 τοῦ
2990 1984 3118 2036 Υίοῦ
3146 1984 3729 2055 λαμϐανόμενον³ὦθ),

2174 2072 2265 2125 καὶ
2294 2074 2680 2142 πιστευόμενον
2707 2089 2720 2103 ο
2747 2074 2826 2135 είς
2855 2073 2981 2143 μίαν
3010 2072 3301 2143 καθολικὴν
3334 2075 3427 2127 καὶ
3459 2072 3731 2126 ἀποστολι-

2174 2163 2274 2233 κὴν
2331 2164 2688 2231 Ἐκκλησίαν·
2745 2164 2839 2216 καὶ
2877 2165 2955 2226 είς
2999 2162 3055 2215 ἓν
3102 2163 3382 2233 βάπτισμα
3435 2163 3732 2233 μετανοίας,

2172 2256 2266 2307 καὶ
2317 2257 2397 2317 εἰς
2442 2254 2732 2309 ἀνάστασιν
2766 2253 2994 2324 νεκρῶν,
3036 2255 3129 2306 καὶ
3162 2255 3342 2324 κρίσιν
3387 2254 3605 2308 δικαίαν
3645 2256 3737 2323 ψυ-

2172 2344 2280 2413 χῶν
2324 2346 2416 2397 καὶ
2452 2345 2739 2414 σωμάτων,
2775 2345 2985 2408 καὶ-εἱς
3031 2343 3306 2413 βασιλείαν
3353 2346 3617 2415 οὐρανῶν,
3652 2344 3736 2396 καὶ

2168 2436 2251 2497 είς
2280 2434 2423 2504 ζωὴν
2451 2434 2686 2488 αἰώνιον.
2723 2436 2861 2497 Τοὺς
2893 2434 2948 2487 δὲ
2981 2434 3234 2502 λέγοντας
3279 2438 3361 2488 ὅτι
3389 2430 3457 2505 ἦν
3502 2452 3631 2488 ποτε
3658 2435 3739 2487 ὅτε

2168 2524 2269 2578 ούκ
2283 2521 2349 2595 ἦν
2365 2526 2392 2576 ὁ
2409 2525 2533 2587 Υἱὸς
2554 2526 2586 2596 ἢ
2618 2526 2677 2578 τὸ
2692 2525 2915 2595 Πνεῦμα
2932 2524 2991 2577 τὸ
3017 2525 3189 2592 ἀγιον,
3206 2524 3238 2595 ἢ
3257 2526 3336 2577 ὅτι
3365 2525 3423 2590 ἐξ
3449 2527 3555 2577 οὐκ
3583 2525 3742 2577 ὄντων

2170 2611 2404 2681 ἐγένετο,
2434 2610 2466 2683 ἢ
2496 2613 2553 2679 ἐξ
2598 2614 2789 2683 ἑτέρας
2813 2613 3216 2684 ύποστάσεωςῆ
3250 2613 3434 2675 οὐσίας
3462 2612 3605 2681 (51),
3649 2612 3746 2680 φάο

2173 2716 2397 2763 σκοντας
2447 2693 2584 2752 εἶναι
2630 2700 2864 2770 τρεπτδν
2921 2699 2955 2770 ἢ
3004 2698 3293 2753 ἀλλοιωτὸν
3343 2699 3434 2752 τὸν
3480 2700 3617 2759 Υίρν
3655 2697 3745 2750 τοῦ

2171 2774 2305 2843 θεοῦ
2336 2789 2369 2861 ἢ
2404 2788 2464 2841 το
2510 2788 2664 2855 ἅγιον
2712 2785 2969 2856 Πνεῦμα·
3019 2780 3243 2849 τούτους
3275 2784 3672 2857 ἀναθεματίζει
3715 2786 3750 2851 ὴ

2170 2877 2431 2949 καθολικὴ
2471 2879 2564 2931 καὶ
2603 2874 2931 2947 ἀποστολικὴ
2970 2872 3344 2946 Ἐκκλησία,ἡ
3385 2877 3576 2945 μήτηρ
3601 2871 3749 2943 ὑμῶν

2168 2986 2227 3023 τε
2272 2970 2367 3023 καὶ
2408 2968 2586 3039 ἡμῶν.
2638 2968 2749 3020 Καὶ
2802 2964 2962 3020 πάλιν
3004 2962 3471 3035 ἀνάθεματίζομεν
3517 2965 3649 3027 τοὺς
3679 2960 3754 3032 μὴ

2168 3059 2560 3131 ὁμολογοῦντας
2589 3059 2882 3111 ἀνάστασιν
2916 3055 3146 3126 νεκρῶν,
3182 3056 3277 3108 καὶ
3317 3057 3501 3119 πάσας
3534 3055 3637 3116 τὰς
3671 3055 3754 3105 αἱ-

2173 3150 2347 3221 ρέσεις
2376 3150 2477 3211 τὰς
2510 3148 2584 3219 μὴ
2626 3149 2692 3201 ὲκ
2720 3148 2923 3217 ταύτης
2953 3147 3051 3218 τῆς
3083 3143 3246 3217 ὀρθῆς
3277 3145 3519 3208 πίστεως
3562 3142 3749 3204 οὔσας.

2184 3241 2366 3311 ’Υμῶν
2386 3240 2442 3293 δὲ
2464 3240 2557 3293 καὶ
2580 3238 2686 3291 τῶν
2709 3237 2866 3308 ἡμῶν
2892 3239 3116 3302 τέκνων,
3147 3234 3581 3306 μακαριώτατα,
3615 3233 3757 3287 οὕτω

2172 3329 2552 3393 πιστευόντων,
2585 3329 2678 3381 καὶ
2707 3326 2806 3391 τὰς
2852 3329 2916 3380 ὲκ
2951 3326 3150 3394 ταύτης
3180 3326 3283 3395 τῆς
3329 3326 3577 3388 πίστεως
3607 3327 3753 3378 ἐντο-

2169 3424 2263 3486 λὰς
2322 3421 2744 3485 ἐπιτελούντων,
2798 3419 3087 3490 ἐλπίζομεν
3141 3417 3547 3490 ὑπερεύχεσθαι
3601 3416 3759 3487 ήμῶν

2168 3535 2422 3597 πάντοτε,
2450 3532 2593 3601 ἔχειν
2622 3531 2814 3602 μερίδα
2842 3530 2935 3583 καὶ
2966 3528 3163 3605 κλῆρον
3193 3528 3250 3579 ὲν
3274 3529 3338 3597 τῇ
3372 3528 3513 3596 αῦτῇ
3548 3527 3758 3581 πίστει,

2170 3625 2265 3678 καὶ
2305 3625 2363 3676 ἐν
2410 3623 2489 3692 τῷ
2536 3623 2722 3693 κλήρῳ
2748 3621 2855 3674 τῶν
2895 3618 3064 3690 αὐτῆς
3095 3618 3343 3672 ἐντολῶν.
3376 3617 3489 3669 Καὶ
3526 3612 3765 3683 εὔχεσθε

2172 3716 2312 3785 ὑπὲρ
2340 3714 2494 3785 ήμῶν
2520 3714 2679 3783 ὑμεῖς
2705 3729 2763 3763 τε
2796 3712 2891 3765 καὶ
2932 3714 3038 3774 πᾶς
3059 3714 3092 3764 ό
3120 3708 3293 3770 οὕτως
3316 3705 3624 3765 πιστεύων,
3668 3702 3765 3754 καὶ

2169 3808 2267 3869 τὰς
2293 3805 2513 3868 ὲντολάς
2538 3804 2631 3856 τοῦ
2655 3802 2860 3873 Κυρίου
2888 3802 3190 3869 φυλάττων,
3227 3801 3282 3850 ὲν
3311 3795 3540 3867 Χριστῷ
3580 3792 3768 3863 Ἰησοῦ

2168 3896 2245 3968 τῷ
2277 3886 2464 3966 Κυρίῳ
2491 3894 2680 3965 ἡμῶνο
2708 3893 2774 3945 δι’
2816 3887 2876 3946 οὗ
2904 3894 2999 3945 καὶ
3042 3890 3157 3961 μεθ’
3191 3884 3252 3941 οὗ
3288 3887 3366 3958 τῷ
3410 3886 3601 3958 Πατρὶ
3633 3884 3767 3947 δόξα

2171 3988 2265 4041 σὺν
2294 3985 2431 4056 ἁγίῳ
2452 3983 2729 4055 Πνεύματι
2760 3984 2837 4045 εἰς
2866 3983 2990 4045 τοὺς
3021 3981 3239 4043 αἰῶνας.
3293 3978 3487 4048 ’Λμήν.

483 4075 704 4130 Christo
733 4075 861 4131 Jcsu
890 4076 1116 4131 Domino
1144 4086 1332 4133 nostro
1357 4097 1371 4133 :
1401 4094 1493 4148 per
1516 4094 1676 4150 quem
1716 4088 1770 4133 et
1796 4095 1919 4135 cum
1959 4096 2068 4151 quo
2101 4083 2248 4138 Patri
2275 4080 2445 4149 gloria
2468 4093 2597 4132 cum
2627 4076 2831 4146 Spiritu
2863 4081 3056 4129 sancto
3092 4074 3143 4124 in
3176 4070 3396 4126 srecula.
3435 4068 3649 4120 Amen.

555 4168 670 4238 Ego
702 4185 850 4231 vero,
880 4170 1073 4226 fratres
1097 4172 1430 4234 charissimi,
1455 4173 1707 4241 quamvis
1736 4175 2061 4231 tenuissima

2250 4172 2393 4241 Ἐγὼ
2418 4174 2494 4237 δὲ,
2524 4170 2796 4239 ἀγαπητοὶ
2826 4168 3061 4236 ἀδελφοὶ,
3094 4169 3127 4236 ἡ
3160 4164 3433 4235 βραχύτης
3463 4161 3643 4233 ἡμῶν
3673 4163 3776 4216 καὶ

487 4257 746 4310 facultate
773 4264 826 4311 et
852 4257 1138 4312 imbecillis
1169 4259 1375 4312 viribus
1402 4260 1603 4329 ingenii
1636 4263 1739 4314 sim
1772 4263 2062 4331 praeditus,

2176 4265 2401 4334 ἀσθενὴς
2442 4262 2542 4333 τῆς
2589 4260 2824 4322 διανοίας
2873 4257 3100 4327 δύναμις
3144 4253 3464 4325 ἠναγκάσθη
3521 4254 3771 4322 φθάσαι,

485 4348 641 4399 adea
665 4360 749 4399 me
773 4347 1023 4401 conierre
1049 4346 1407 4402 humanitatis
1438 4349 1837 4420 probitatisque
1868 4361 2062 4408 vestra:

486 4432 867 4490 eoliortatione
906 4450 1026 4490 sum
1060 4444 1284 4491 coactus
1313 4455 1324 4489 :
1354 4453 1474 4506 qua:
1517 4452 1639 4502 nos,
1682 4440 1807 4494 licet
1842 4442 2063 4497 minime

486 4526 735 4591 idoneos,
774 4542 940 4596 supra
973 4536 1190 4597 captum
1229 4528 1557 4600 modumque
1600 4541 1846 4584 nostrum
1879 4531 2063 4588 elierri

485 4618 768 4685 compulit,
820 4619 955 4674 adeo
994 4626 1054 4671 ut
1100 4620 1155 4673 in
1205 4626 1353 4671 tanta
1397 4622 1749 4676 contentione
1796 4623 2059 4692 singulari

484 4705 723 4775 quodam
770 4706 1026 4776 prresidio
1070 4708 1231 4763 nobis
1265 4725 1403 4781 opus
1443 4709 1626 4765 fuerit.
1670 4709 1866 4765 Verum
1902 4711 2055 4765 novit

484 4797 670 4851 omnia
701 4799 794 4868 qui
835 4799 889 4852 in
924 4798 1064 4854 ςωὶο
1095 4796 1267 4854 ﬁdelis
1304 4807 1407 4855 cst.
1452 4801 1703 4853 Attamen
1738 4816 1839 4871 pax
1876 4800 2055 4855 omni-

482 4888 588 4943 bus
632 4897 752 4943 esto
793 4891 882 4957 qui
930 4890 1031 4944 hac
1078 4892 1263 4960 regula
1312 4906 1450 4945 verae
1498 4906 1560 4945 ac
1606 4894 1887 4947 catholica:
1934 4892 2057 4945 ﬁdei

484 4980 650 5048 hujus
686 4980 963 5039 incedunt.
994 4990 1047 5035 et
1076 4997 1242 5051 super
1271 4980 1434 5036 Israel
1466 4980 1557 5036 Dei
1584 4985 1621 5034 ⁸.
1658 4981 1903 5037 Salutate
1930 4996 2055 5036 san-

483 5081 603 5126 ctos
635 5088 825 5127 muncs
856 5074 910 5126 in
941 5071 1191 5127 Domino.
1236 5075 1488 5128 Salutant
1518 5091 1613 5129 vos
1644 5074 1860 5129 Domini
1886 5072 2052 5135 servi,

483 5167 783 5237 praesertim
831 5182 933 5237 ego
976 5165 1260 5220 Anatolius
1301 5166 1393 5235 qui
1440 5166 1584 5222 hunc
1630 5168 1811 5236 ipsum
1854 5167 2051 5220 librum

483 5256 701 5323 scripsi,
738 5256 824 5309 cui
860 5258 1124 5309 Auroram
1156 5270 1352 5309 nomen
1388 5264 1509 5319 est;
1544 5272 1749 5326 vosque
1781 5272 1970 5310 ontncs
2004 5257 2055 5308 in

482 5342 715 5401 Domino
743 5348 924 5401 valere
959 5363 1154 5417 precor
1182 5358 1343 5416 atque
1377 5354 1525 5417 OplO.

555 5438 573 5469 ¹
599 5438 759 5492 Joan.
794 5440 944 5500 1,14.
1014 5442 1033 5471 ²
1067 5439 1241 5494 Galat.
1272 5458 1346 5505 vi,
1373 5443 1456 5495 16.
1536 5443 1555 5472 ³
1581 5440 1639 5493 F.
1668 5439 2027 5510 λαμϐάνοντα.

554 5528 667 5601 (ὅθ)
708 5528 815 5583 Kal
876 5532 942 5585 ἐκ
985 5532 1091 5585 τοῦ
1150 5534 1285 5588 Υίοῦ
1328 5536 1801 5601 λαμϐανόμενον,
1850 5552 1880 5585 a
1916 5532 2056 5586 Filio

488 5598 843 5684 accipientem,
880 5602 982 5656 hoc
1024 5611 1108 5684 est
1149 5604 1311 5684 juxta
1366 5598 1933 5684 Qﬁmctirum’i’atrum
1972 5605 2051 5684 lu-

490 5668 684 5745 qnendi
722 5683 947 5730 morem,
983 5688 1014 5722 a
1046 5668 1191 5745 lj'm‘o
1217 5674 1593 5745 procedentem.
1644 5670 1773 5725 Vide
1803 5688 1921 5740 quae
1953 5675 2050 5727 ad-

487 5740 790 5790 notavimus
821 5751 984 5805 supra
1014 5740 1078 5791 ad
1108 5756 1257 5793 num.
1295 5742 1359 5794 Vl

2166 4355 2263 4423 τῆς
2315 4352 2470 4421 ὑμῶν
2516 4349 2919 4417 καλοκαγαθίας
2967 4344 3419 4417 προτρεψαμένης
3470 4345 3669 4415 ἡμᾶς,
3727 4346 3780 4397 ει

2166 4441 2258 4495 καὶ
2307 4439 2591 4502 ἀνικάνους
2632 4439 2769 4509 ὑπὲρ
2816 4437 2876 4489 τὸ
2907 4434 3115 4489 ἑαυτῶν
3163 4435 3357 4504 μέτρον
3389 4432 3776 4502 παρίστησιν,

2164 4534 2303 4586 ὥστε
2332 4530 2544 4585 δέεσθαι
2572 4529 2817 4599 βοηθείας
2848 4524 3317 4594 ἐπεκτεινομένης.
3375 4522 3547 4576 Ἀλλὰ
3579 4523 3787 4577 πάντα

2162 4617 2301 4673 οἶδεν
2345 4622 2373 4673 ὀ
2420 4620 2477 4671 ἐν
2517 4616 2732 4688 ούρανῴ
2780 4616 2985 4678 πιστός.
3034 4614 3180 4683 Πλὴν
3225 4614 3416 4683 εἰρήνη
3452 4615 3649 4665 παντὶ
3700 4612 3789 4681 τῷ
3826 4611 3830 4614 ’

2166 4709 2466 4779 στοιχοῦντι
2513 4708 2592 4777 τῷ
2621 4708 2804 4762 κανόνι
2832 4707 3005 4775 τούτῳ
3036 4706 3133 4774 τῆς
3162 4702 3423 4773 ἀληθινῆς
3457 4703 3570 4756 καὶ
3606 4703 3793 4774 ὀρθοσ-

2166 4802 2317 4868 δόξου
2346 4803 2548 4871 ταύτης
2574 4802 2828 4863 πίστεως,
2854 4799 2947 4852 καὶ
2975 4799 3065 4850 ἐπὶ
3088 4798 3180 4850 τὸν
3216 4795 3431 4866 Ἰσραὴλ
3457 4795 3572 4847 τοῦ
3606 4796 3795 4848 Θεοῦ,

2180 4892 2517 4946 Ἀσπάσασθε
2557 4896 2763 4955 πάντας
2807 4894 2930 4953 τοὺς
2959 4889 3145 4958 ἁγίους
3187 4889 3243 4939 ἐν
3287 4886 3500 4956 Κυρίῳ.
3552 4887 3795 4939 ’Δσπά-

2164 4982 2344 5045 ζονται
2374 4986 2516 5053 ὑμᾶς
2540 4986 2591 5036 οἱ
2634 4984 2729 5037 τοῦ
2772 4982 2975 5052 Κυρίου
3023 4981 3217 5041 δοῦλοι,
3268 4977 3508 5047 μάλιστα
3552 4978 3626 5030 δὲ
3671 4978 3805 5046 ἐγὼ

2163 5074 2191 5123 ό
2230 5074 2550 5137 Ἀνκτό).ιος,
2581 5076 2607 5126 ὁ
2637 5075 2851 5144 γράψας
2879 5072 3035 5124 τοῦτο
3072 5073 3134 5124 τὸ
3161 5067 3363 5138 βιϐλίον
3389 5065 3485 5119 τοῦ
3542 5068 3805 5137 Ἀγκυ-

2156 5167 2346 5233 ρωτοῦ
2398 5165 2874 5236 ὲπωνομασθέντος
2913 5164 3090 5231 λόγου,
3138 5163 3228 5214 καὶ
3278 5156 3578 5232 ἐρρῶσθαι
3636 5160 3813 5229 ὑμᾶς

2164 5260 2221 5311 ἐν
2248 5260 2436 5329 Κυρίῳ
2462 5257 2711 5328 εὔχομαι.
2784 5309 2786 5312 ,

2237 5532 2344 5601 (51)
2399 5529 2497 5601 Ἐξ
2556 5526 2757 5594 ἐτέρας
2807 5523 3200 5601 ὑποστάσεως
3254 5520 3291 5585 ἣ
3352 5517 3628 5601 οὺσζιις.
3724 5520 3825 5576 En

2162 5592 2263 5654 νοτ
2324 5592 2855 5667 ὗπόστασιςίψετιθ
2892 5594 3019 5667 _hoc
3068 5592 3132 5667 in
3178 5592 3322 5667 low.
3350 5592 3632 5667 sumitur
3704 5607 3826 5667 pro

2158 5672 2337 5732 οὐσία,
2374 5670 2440 5721 ad
2483 5656 2732 5721 naturam
2776 5664 3056 5728 nimirum,
3092 5661 3205 5717 sive
3240 5656 3656 5714 substantiam
3706 5656 3828 5715 ile—

2163 5739 2478 5795 notandam.
