3916 6196
516 339 627 396 $59

517 541 735 595 dotimte
762 581 777 604 ,
829 539 1134 609 signiﬁcat;
1184 534 1426 589 eamdem
1460 550 1591 589 vero
1621 550 1649 587 ιι
1686 533 1869 587 LXXII
1915 533 2100 587 luter-

519 631 761 701 pretibus
813 629 929 682 sine
964 625 1404 695 interpretatione
1448 626 1910 694 przetermissam;
1958 624 2101 694 quod

519 723 575 775 in
634 722 738 775 illis
787 720 917 787 ipsis
977 717 1110 771 locis
1159 717 1358 771 caedem
1405 732 1565 771 voces
1613 718 1696 771 bis
1747 732 1809 770 ac
1845 732 2102 787 superva-

517 826 619 866 cue
656 815 988 878 repetantur.
1033 806 1186 873 Quod
1224 808 1441 877 quidem
1492 808 1682 877 paucis
1722 810 1882 861 modo
1919 807 2100 862 deela-

520 902 748 955 randum
771 909 873 965 cst,
922 908 981 952 ut
1010 914 1075 953 ex
1107 899 1209 953 hoc
1256 914 1363 952 uno
1396 907 1591 952 caetera
1626 914 1949 967 cognoscas.
1988 898 2102 951 Sub

520 991 735 1045 initium
787 989 1017 1044 Genesis
1068 988 1332 1045 llebraice
1388 990 1491 1043 ista
1547 990 1839 1059 leguntur:
1880 990 2102 1044 Ounecei

519 1078 690 1131 Adam
728 1077 956 1133 Salosim
986 1078 1233 1132 Sameoth
1260 1094 1393 1131 sana
1421 1079 1460 1131 ί.
1498 1077 1653 1143 Quod
1695 1078 1764 1130 ita
1812 1092 2103 1145 possumus

521 1171 893 1239 interpretari,
934 1179 995 1223 ut
1029 1178 1083 1222 et
1117 1169 1310 1237 Aquila
1344 1167 1617 1221 reddidit:
1654 1167 1725 1219 Et
1764 1168 1890 1220 vixit
1931 1166 2102 1219 Adam

521 1260 740 1328 triginta
774 1259 928 1311 anuis
962 1266 1009 1311 et
1032 1255 1300 1325 nongentis
1323 1256 1499 1309 annis.
1522 1254 1588 1308 At
1615 1251 1803 1309 LXXII
1834 1253 2104 1323 Interpre»

512 1359 604 1405 tes
634 1349 702 1402 ab
734 1348 974 1403 Hebraeis
1007 1346 1248 1409 oriundi,
1283 1352 1335 1399 ct
1362 1360 1390 1397 a
1426 1345 1628 1399 tenetis
1659 1345 1967 1413 unguiculis
1996 1344 2101 1398 Ile--

524 1442 726 1498 braicis
776 1443 993 1505 litteris,
1034 1442 1143 1495 imo
1188 1450 1241 1495 et
1292 1438 1495 1494 Grrecis
1537 1440 1780 1509 apprime
1831 1441 2101 1509 perpoliti,

524 1548 633 1586 non
696 1533 872 1586 solum
935 1530 1198 1586 lli-braice
1263 1538 1555 1599 conceptas
1616 1545 1804 1585 sacras
1873 1531 2105 1587 Litteras

524 1622 715 1677 Grznco
760 1638 1012 1677 sermone
1052 1621 1449 1675 reddiderunt:
1484 1637 1669 1675 verum
1722 1624 1883 1677 etiam
1936 1624 2004 1676 iis
2050 1624 2104 1677 in

524 1714 772 1777 vocibus,
800 1728 919 1782 quae
942 1714 995 1766 in
1025 1712 1247 1767 IIebrreo
1281 1714 1518 1782 repetita:
1547 1728 1610 1765 ac
1638 1714 1922 1783 geminata:
1953 1723 2103 1777 sunt,

526 1805 931 1875 perspicuitatis
962 1804 1229 1859 rationem
1279 1804 1582 1858 habendam
1614 1813 1891 1873 putarunt.
1929 1805 2107 1871 Quare
2142 1804 2175 1865 ’Ἴ

526 1910 649 1949 cum
683 1895 767 1949 bis
808 1909 1073 1949 annorum
1114 1908 1312 1947 nomen
1350 1892 1679 1947 inculcatum
1723 1895 1813 1948 illo
1850 1894 1969 1948 loco
2012 1894 2104 1956 sit,

526 1986 695 2040 semel
760 1986 1023 2039 duntaxat
1077 1984 1455 2047 aseribentes,
1522 1984 1859 2037 incomlitum
1923 1985 2108 2037 neseio

525 2090 686 2144 quem
740 2089 933 2129 sonum
990 2072 1389 2141 stridoremque
1439 2072 1770 2127 mollierunt.
1826 2070 1916 2125 Sie
1964 2072 2106 2126 enim

524 2175 806 2222 verterunt
839 2184 851 2220 :
894 2164 1042 2219 Vixit
1077 2174 1252 2217 autem
1283 2163 1452 2217 Adam
1486 2165 1703 2234 triginta
1736 2173 1783 2216 et
1825 2173 2108 2233 nongentos

526 2275 713 2312 annos.
776 2256 850 2311 Ita
911 2272 1087 2327 neque
1140 2256 1437 2326 quidquam
1495 2255 1762 2311 orationis
1815 2255 2107 2324 integritati

525 2350 897 2411 detraxerunt,
923 2356 976 2401 et
1004 2362 1125 2401 eam
1161 2346 1517 2400 nihilominus
1562 2346 1886 2414 apertiorem
1916 2345 2109 2401 clario-

526 2452 751 2505 remque
798 2433 1172 2488 reddiderunt.
1225 2432 1380 2498 Quod
1432 2432 1486 2485 in
1551 2431 1777 2485 Hebraeo
1818 2443 1963 2485 tanta
2018 2447 2111 2485 ex—

528 2525 689 2596 primi
724 2524 989 2578 brevitate
1018 2523 1226 2593 nequit,
1250 2520 1463 2591 qualem
1489 2518 1677 2574 LXXII
1718 2524 2107 2591 prmstit-‘runt.

537 2611 683 2667 Vixit
719 2611 891 2664 Adam
918 2610 1137 2679 triginta
1162 2616 1213 2663 et
1249 2618 1536 2676 nongentos
1567 2627 1753 2662 annos.
1794 2609 1895 2663 Sed
1930 2628 2026 2664 nec
2057 2612 2109 2664 iu

528 2702 752 2769 Graeco;
789 2699 1247 2771 quemadmodum
1286 2699 1481 2769 Aquila
1515 2699 1799 2769 superliric
1840 2708 1997 2755 tenus
2033 2702 2113 2754 in-

528 2778 905 2864 terpretatur:
945 2789 1088 2844 Vixit
1132 2790 1303 2843 Adam
1361 2800 1644 2861 nongentos
1694 2808 1858 2843 annos
1919 2801 1966 2845 et
2014 2792 2110 2844 tri-

524 2886 677 2956 ginta
720 2899 909 2937 annos.
948 2880 1109 2937 Vides
1156 2883 1323 2946 enim,
1356 2884 1569 2951 Opinor,
1622 2882 1868 2951 quisquis
1900 2899 1959 2937 es
1992 2890 2106 2937 stu.

527 2976 738 3041 diosus,
766 2989 928 3045 quam
972 2973 1235 3027 insulsam
1271 2987 1336 3025 ac
1365 2972 1551 3026 rudem
1587 2974 1885 3025 orationem
1921 2989 2115 3029 concc-

529 3067 692 3136 perit,
744 3066 872 3119 dum
929 3062 1309 3132 superstitiosa
1360 3062 1635 3131 diligentia
1686 3062 1825 3117 idem
1874 3071 2114 3134 repetere

529 3156 853 3210 vocabulum
901 3153 1110 3219 maluit,
1141 3167 1302 3223 quam
1344 3150 1592 3207 lectionis
1625 3154 1998 3222 perspicuitati
2050 3170 2113 3207 ac

530 3240 777 3297 facilitati
807 3241 1113 3296 consulere.
1145 3241 1321 3312 Atque
1364 3241 1507 3296 istud
1537 3242 1712 3312 ipsum
1752 3243 1895 3312 apud
1928 3242 2115 3297 LXXII

524 3334 857 3404 'Interpretes
880 3333 1177 3390 desiderari
1212 3334 1455 3389 nonnulli
1484 3334 1728 3390 sentiunt
1754 3352 1768 3400 ;
1799 3337 1939 3405 quod
1974 3337 2115 3405 apud

531 3426 780 3496 Aquilam
831 3431 884 3480 et
943 3422 1327 3495 Symmachum
1395 3442 1459 3481 ac
1526 3427 1738 3481 caeteris
1786 3428 2118 3483 editionibus

533 3518 816 3586 suppletur
842 3536 855 3569 :
892 3529 1015 3569 cum
1034 3527 1100 3566 ne
1114 3512 1255 3582 apud
1278 3510 1463 3565 LXXII
1485 3513 1700 3583 quidem
1718 3514 1859 3570 desit
1892 3518 2115 3587 aliquid.

532 3606 667 3660 Nam
709 3605 851 3676 apud
888 3604 1135 3675 Aquilam
1172 3621 1281 3658 non
1319 3605 1438 3660 sine
1483 3605 1615 3660 vitio
1662 3606 2119 3675 pronuntiatmnis

535 3696 749 3751 duobus
790 3705 872 3751 est
918 3696 972 3749 in
1014 3696 1151 3750 locis
1198 3696 1371 3750 otiose
1400 3696 1575 3766 posita
1605 3712 1728 3763 vox,
1764 3712 1886 3751 cum
1923 3698 1975 3751 in
2011 3714 2119 3753 uno

535 3790 801 3843 redditam
835 3803 959 3843 esse
995 3786 1267 3842 sullieerct
1299 3806 1312 3841 :
1341 3804 1534 3851 annos,
1563 3789 1805 3859 inquam,
1834 3797 1887 3844 et
1927 3805 2117 3843 annos.

538 3880 698 3950 160
720 3878 849 3945 Qua:
880 3879 1029 3933 ratio
1045 3877 1227 3934 LXXII
1247 3875 1576 3946 Interpretes
1605 3880 1851 3940 adduxit,
1906 3882 1979 3933 uti
2032 3895 2120 3934 sc-

537 3973 640 4024 ntel
687 3986 955 4025 annorum
1010 3984 1197 4023 vocem
1253 3968 1609 4025 ascriberent.
1665 3969 1974 4025 Secundum
2022 3971 2120 4025 Ilus

535 4062 751 4131 Aquila,
776 4061 1066 4132 caeteriquc
1100 4060 1169 4115 ad
1206 4059 1644 4130 interpretandas
1682 4059 1997 4130 Seripturas
2031 4075 2116 4112 ac-

536 4153 795 4209 cedentes
827 4168 951 4207 cum
990 4168 1055 4207 ea
1086 4151 1847 4222 quataLXXllpraatermissa
1883 4150 2118 4215 fuerant,

536 4244 857 4307 edidissent,
917 4244 1094 4297 otiosa
1145 4256 1212 4298 ac
1258 4256 1662 4311 supervacanea
1706 4242 1800 4297 illa
1844 4254 1970 4297 sunt
2021 4243 2119 4295 Ita-

540 4334 670 4387 bita.
711 4332 988 4386 Successit
1039 4331 1124 4386 bis
1174 4330 1438 4401 Origenes
1485 4348 1497 4383 :
1543 4332 1637 4400 qui
1678 4332 1970 4400 unicuique
2003 4333 2121 4385 loco

1911 333 1969 389 s.
2011 330 2356 387 EPII’HANII
2836 382 2869 399 κ

517 449 707 520 Aquila
729 458 781 505 et
804 447 1128 520 Symmacho
1156 457 1485 515 expressam,
1527 458 1650 498 raro
1677 443 1839 498 etiam
1870 458 1900 497 a
1924 444 2099 500 Theo-

2216 444 2295 496 *αἱ
2328 439 2627 510 Συμμάχῳν
2654 440 2891 504 σπανίως
2918 440 2973 494 δὲ
2996 440 3089 494 καὶ
3122 441 3271 513 παρὰ
3302 441 3741 515 Θεοδοτίωνιίδϐ),

2394 216 2421 243 κ

3644 341 3739 397 239

2202 533 2262 585 Οί
2280 530 2336 584 δέ
2363 529 3234 601 ἘὅδομηκονταδύοἙρμηνευταὶ
3260 536 3531 604 παρῆκαν,
3554 538 3641 588 καὶ
3661 540 3749 609 οὐχ

2202 622 2561 691 ἑρμήνευσαν,
2608 619 2683 683 ὡς
2716 620 3211 691 δισσολογουμένων
3252 623 3358 674 τῶν
3392 626 3636 677 τοιούτων
3674 628 3747 680 λο·

2200 710 2355 778 γίων,
2378 710 2471 762 καὶ
2507 711 2570 761 ἐκ
2601 709 2859 779 περισσοῦ
2890 712 3429 781 ἀναγινωσκομένων.
3455 715 3673 767 Λεκτέον
3702 720 3749 769 δὲ

2201 802 2287 853 διὰ
2333 788 2587 871 βραχείας
2632 800 2831 863 λέξεως
2852 841 2866 864 ,
2917 803 2995 864 είς
3026 802 3084 853 τὸ
3116 802 3223 854 ἀπὸ
3255 802 3455 872 ταύτης
3507 807 3629 876 περὶ
3660 809 3751 861 τῶν

2202 893 2403 945 λοιπῶν
2449 910 2504 944 σε
2557 893 2776 959 γνῶναι.
2811 894 3001 945 Κεῖται
3054 894 3111 945 ἐν
3154 896 3293 963 ἀρχῇ
3333 896 3430 964 τῆς
3466 896 3746 960 Γενέσεως·

2208 984 2442 1037 Οὺαεεεὶ
2482 983 2653 1050 Ἀδὰμ
2690 984 2975 1052 σαλωεὶμ,
3024 984 3271 1053 σαμηὼθ
3292 984 3470 1039 card.
3507 989 3571 1038 Ὀ
3603 989 3750 1057 ἑρμη-

2204 1074 2437 1137 νεύεται,
2484 1066 2528 1140 ᾧ
2572 1074 2664 1125 καὶ
2716 1074 2946 1137 Ἀκύλας
2998 1074 3361 1145 ἠκολούθησε·
3412 1076 3522 1129 Καὶ
3566 1076 3752 1143 ἔζησεν

2218 1164 2387 1231 Ἀδὰμ
2422 1163 2735 1231 τριάκοντα
2763 1167 2915 1230 ἔτος,
2942 1165 3039 1218 καὶ
3073 1166 3399 1219 ἐννακόσια
3437 1168 3588 1231 ἔτος.
3615 1170 3753 1222 Ὅθεν

2205 1256 2253 1306 oi
2297 1254 2787 1323 Ἐϐδομηκονταδύο
2821 1256 3183 1326 Ἐρμηνευταὶ
3210 1256 3268 1322 ἐξ
3308 1258 3573 1327 Ἐϐραίων
3598 1260 3756 1330 ὁρμώ-

2210 1361 2379 1414 μενοι,
2418 1345 2511 1396 καὶ
2536 1345 2595 1409 ἐξ
2630 1345 2855 1398 ἁπαλῶν
2895 1346 3101 1415 ὀνύχων
3132 1348 3228 1416 τήν
3264 1364 3324 1400 τε
3349 1347 3456 1400 τῶν
3492 1350 3753 1419 Ἐὁραίων,

2205 1434 2265 1486 ού
2301 1433 2407 1503 μὴν
2448 1433 2581 1485 ἀλλὰ
2609 1435 2703 1487 καὶ
2739 1434 2847 1487 τῶν
2895 1435 3159 1506 Ἑλλήνων
3211 1438 3451 1507 ἀκριϐῶς
3485 1442 3755 1494 πεπαιδευ-

2211 1524 2359 1592 μένοι
2404 1522 2614 1593 φωνὴν,
2666 1523 2726 1576 ού
2786 1524 2947 1594 μόνον
2992 1525 3091 1596 τὴν
3144 1528 3206 1579 ἐκ
3245 1529 3342 1598 τῆς
3375 1529 3643 1599 Ἑϐραῖδος
3689 1532 3756 1593 είς

2220 1614 2494 1684 Ἑλληνίδα
2520 1616 2875 1686 ἡρμήνευσαν
2902 1616 3145 1686 Γραφὴν,
3184 1617 3319 1671 ἀλλὰ
3354 1620 3446 1672 καὶ
3475 1620 3575 1690 τὴν
3613 1623 3664 1673 ἐν
3699 1624 3756 1690 τῇ

2221 1704 2460 1775 Ἐὃραῖδι
2491 1705 2579 1758 διά
2628 1706 3003 1775 δισσολογίας,
3040 1709 3458 1779 ἐκφωνουμένην
3506 1710 3759 1764 διάλεκτον

2209 1798 2274 1866 τῇ
2300 1796 2589 1865 τρανότητι
2619 1796 3014 1867 ἑρμηνεύοντες
3043 1800 3385 1867 παρήγαγον.
3413 1802 3523 1853 Καὶ
3551 1802 3658 1853 ἀντὶ
3678 1800 3758 1853 το]

2210 1888 2290 1949 εἰς
2322 1886 2413 1939 δᾶο
2444 1888 2639 1949 τόπους
2673 1887 2886 1939 κεῖσθαι
2924 1888 2983 1940 τὸ
3022 1887 3193 1958 ὄνομα
3223 1890 3316 1941 τοῦ
3350 1890 3501 1953 ἔτους
3536 1893 3610 1944 ἐνὶ
3634 1892 3760 1959 τόπῳ

2210 1979 2568 2049 χρησάμενοι,
2608 1978 2707 2048 τὴν
2740 1977 3004 2031 δοκοῦσαν
3044 1974 3183 2031 εἶναι
3219 1980 3483 2049 βόμϐησιν
3530 1983 3606 2044 εἰς
3639 1982 3761 2034 λειό-

2209 2084 2347 2138 τητα
2382 2068 2694 2137 μετέϐαλον,
2725 2070 2996 2138 φήσαντες
3018 2085 3031 2099 ⁸
3066 2070 3281 2135 Ἔζησε
3317 2070 3385 2123 δὲ
3430 2072 3602 2141 Ἀδὰμ
3628 2072 3763 2141 τριά-

2211 2174 2395 2212 κοντα
2434 2158 2532 2211 καὶ
2563 2159 2891 2211 ἐννακόσια
2928 2158 3053 2225 ἔτη.
3098 2158 3236 2212 Οὔτε
3292 2159 3507 2223 ἐλλιπές
3550 2179 3597 2213 τι
3628 2163 3764 2230 noti,-

2214 2264 2404 2310 σαντες
2436 2247 2512 2317 τῷ
2537 2247 2700 2318 λόγῳ,
2731 2247 2867 2301 ἀλλὰ
2898 2249 2990 2300 καὶ
3016 2252 3095 2312 εἰς
3124 2251 3425 2319 τρανότητα
3448 2252 3764 2319 κατέστησαν

2212 2340 2309 2409 τὴν
2348 2339 2649 2407 ἀνάγνωσιν
2670 2380 2682 2402 ,
2712 2340 2849 2409 ὅπερ
2872 2342 2930 2393 ἐν
2966 2343 3032 2409 τῇ
3078 2340 3315 2408 Ἐϐραΐδι
3347 2340 3405 2391 ού
3432 2340 3651 2393 δύναται
3691 2340 3765 2391 διὰ

2211 2426 2308 2495 τῆς
2338 2428 2626 2496 συντομίας
2647 2428 2897 2496 λέγεσθαι
2915 2429 3105 2495 οὕτως,
3122 2430 3195 2493 ὼς
3224 2432 3272 2482 oi
3299 2430 3768 2500 Ἐϐδομηκονταδύο

2212 2518 2481 2587 λέγουσιν,
2526 2520 2607 2573 ὅτι
2634 2521 2887 2587 Ἕζησεν
2935 2522 3105 2589 Ἀδὰμ
3135 2521 3450 2589 τριάκοντα
3480 2524 3582 2575 καὶ
3618 2523 3769 2576 ἐννα-

2213 2612 2391 2664 κόσια
2422 2612 2546 2678 ἐτη.
2584 2611 2718 2665 Ούτε
2744 2615 2810 2683 τῇ
2855 2612 3138 2683 Ἑλληνίδι,
3167 2614 3242 2676 ὡς
3271 2616 3298 2665 ὁ
3340 2614 3574 2677 Ἀκύλας
3606 2616 3769 2685 ἡρμή-

2213 2717 2401 2754 νευσεν
2450 2701 2507 2767 ἐξ
2552 2702 2839 2772 ἐπιστολῆς
2862 2705 2903 2765 ³,
2936 2703 3141 2770 λέγων·
3196 2702 3442 2771 Ἔβερ-εν
3480 2706 3651 2774 Ἀδὰμ
3688 2704 3769 2758 er-

2213 2793 2470 2845 νακόσια
2506 2794 2639 2858 ἔτος
2683 2795 2779 2847 καὶ
2820 2794 3137 2861 τριάκοντα
3182 2794 3333 2859 ἔτος.
3373 2795 3543 2865 Ὁρᾷς
3584 2795 3704 2865 γάρ,
3730 2787 3771 2848 ὦ

2216 2881 2482 2949 φιλολόγε,
2514 2882 2588 2945 ὡς
2637 2883 2939 2953 ἀπρέπειαν
2987 2884 3214 2955 παρέχει
3258 2885 3336 2956 τῷ
3382 2884 3564 2956 λόγῳ,
3612 2886 3668 2936 οὐ
3712 2886 3769 2953 τῇ

2214 2972 2499 3041 τρανότητι
2535 2971 2628 3023 τοῦ
2675 2972 2833 3039 λόγου
2876 2974 3175 3043 προσέχων,
3210 2974 3346 3027 ἀλλά
3374 2978 3439 3045 τῇ
3474 2975 3578 3045 τῆς
3612 2975 3774 3027 δευτε-

2220 3060 2466 3130 ρολογίας
2520 3062 2791 3132 ἀκριϐείᾳ.
2868 3064 2978 3116 Καὶ
3024 3064 3167 3129 εδοξε
3215 3063 3374 3117 τοῦτό
3434 3082 3583 3131 τισι,
3638 3064 3773 3134 παρὰ

2221 3153 2318 3223 μὲν
2344 3155 2455 3217 τοῖς
2491 3152 2986 3225 Ἑϐδομηκονταδύο
3016 3154 3250 3219 ἐλλιπῶς
3283 3157 3521 3222 κεῖσθαι,
3553 3157 3691 3226 παρὰ
3722 3155 3775 3207 δέ

2228 3243 2449 3314 Ἀκύλᾳ,
2478 3245 2572 3297 καὶ
2611 3243 2923 3314 Συμμάχῳ,
2975 3247 3068 3299 καὶ
3113 3246 3299 3310 ἄλλαις
3344 3248 3624 3301 ἐκθέσεσιν
3651 3246 3775 3298 ἐλλι-

2218 3334 2335 3396 πῶς
2361 3333 2379 3364 ³
2408 3334 2814 3405 ἡρμηνεῦσθαι·
2851 3337 2986 3407 ὅπερ
3019 3336 3141 3389 ούδέ
3188 3338 3337 3409 παρὰ
3370 3341 3497 3401 τοὺς
3537 3340 3775 3407 Ἐεδομη-

2219 3426 2478 3479 κονταδύο
2507 3428 2770 3483 ἐνέλιπεν.
2809 3430 2969 3483 Ἀλλὰ
3004 3429 3097 3482 καὶ
3122 3429 3228 3481 ὑπὸ
3254 3428 3362 3483 τῶν
3395 3433 3529 3500 περὶ
3566 3430 3777 3484 Ἀκύλαν

2224 3516 2358 3587 μετά
2400 3518 2615 3588 καὶτῆς
2652 3521 2999 3589 κακοφωνίας
3031 3520 3307 3589 περισσῶς
3342 3524 3543 3588 κεῖται,
3583 3524 3637 3574 ἐν
3670 3517 3778 3572 δυσὶ

2218 3605 2404 3667 τόποις
2429 3606 2544 3658 ἀνθ’
2580 3606 2727 3670 ἐνὸς,
2765 3609 3039 3661 τουτέστιν
3090 3610 3209 3661 ἀντὶ
3246 3608 3337 3662 τοῦ
3395 3609 3511 3678 ἔτη,
3544 3611 3671 3672 ἔτος-
3697 3609 3782 3661 καὶ⁵

2222 3696 2357 3760 ἔτος.
2386 3697 2485 3751 Διά
2526 3699 2685 3753 τοῦτο
2716 3701 2772 3753 ἐν
2809 3700 2890 3754 ἐνὶ
2939 3701 3084 3771 τόπῳ
3120 3701 3182 3753 τὸ
3230 3702 3323 3754 τοῦ
3351 3701 3503 3765 ἔτους
3547 3704 3709 3771 ὄνομα
3738 3701 3783 3752 οἱ

2233 3788 2725 3858 Ἐϐδομηκονταδύο
2756 3791 3074 3862 παρέλιπον.
3111 3790 3403 3845 Ἐλθόντων
3422 3793 3479 3844 δὲ
3506 3793 3784 3862 μετέπειτα

2220 3878 2326 3931 τῶν
2357 3880 2481 3949 περὶ
2514 3879 2766 3943 Ἀκύλαν,
2800 3884 2893 3933 καὶ
2922 3882 2992 3934 τὰ
3022 3882 3125 3934 ὑπὸ
3154 3882 3262 3934 τῶν
3302 3881 3785 3953 Ἐὅδομηκονταδύο

2221 3970 2656 4041 παραλειφθέντα
2689 3973 3083 4036 ἐκδεδωκότων,
3118 3973 3334 4026 ἐδόκουν
3373 3970 3516 4027 εἶναι
3554 3972 3787 4045 περιττά

2221 4076 2370 4130 τερα.
2407 4060 2687 4131 Ὠριγένης
2721 4060 2776 4112 δὲ
2813 4061 2950 4130 μετὰ
2984 4060 3155 4113 ταῦτα
3188 4060 3355 4113 ἐλθὼν
3382 4061 3783 4128 ἀποκατέστησε

2220 4150 2296 4221 τῷ
2326 4151 2539 4221 ἑκάστῳ
2572 4151 2721 4221 τόπῳ
2752 4151 2845 4203 τὸν
2880 4150 3194 4204 ἐλλείποντα
3226 4151 3399 4219 λόγον.
3439 4151 3713 4222 Παρέθετο
3736 4148 3786 4201 δὲ

2220 4241 2368 4311 αὐτῷ
2423 4241 2513 4295 τὸν
2559 4241 2914 4312 ἀστερίσκον·
2980 4243 3077 4313 οὐχ
3118 4242 3193 4305 ὼς
3245 4243 3434 4313 χρείας
3485 4242 3653 4313 οὔσης
3702 4240 3784 4293 τοῦ

2224 4328 2439 4395 πάντως
2468 4332 2765 4402 ζητηθῆναι
2792 4334 2882 4386 τὸν
2931 4334 3102 4401 Λόγον
3131 4334 3421 4404 (περιττὸς
3450 4335 3560 4405 γάρ
3589 4336 3728 4386 ἐστιν
3748 4330 3788 4399 ),

536 4421 685 4492 quod
715 4421 903 4476 deerat
928 4421 1200 4491 adjunxit,
1235 4422 1395 4491 eique
1428 4422 1677 4476 asterisci
1713 4432 1897 4475 notam
1932 4422 2111 4490 appin-

2225 4421 2454 4475 ἀλλ’ἵνα
2484 4420 2560 4491 μὴ
2600 4420 2914 4494 παραλείψῃ
2967 4420 3240 4483 Ἰουδαίοις
3288 4421 3381 4473 καί
3431 4420 3792 4490 Σαμαρείταις

539 4512 640 4576 xit,
672 4525 781 4564 non
820 4511 962 4581 quod
1003 4512 1182 4567 addita
1236 4513 1326 4567 illa
1376 4512 1639 4567 vocabula
1687 4511 1973 4565 admodum
2025 4529 2118 4565 nc-

539 4601 778 4657 cessaria
822 4602 952 4667 sint,
1008 4617 1132 4657 cum
1185 4616 1521 4671 supervacua
1576 4602 1881 4666 videantur,
1922 4602 2014 4656 sed
2056 4618 2121 4657 ne

537 4693 740 4752 Judaeis
786 4709 849 4748 ae
891 4693 1251 4753 Samaritanis
1305 4696 1471 4750 ullam
1524 4692 1888 4750 calumniandi
1936 4708 2120 4749 sacras

539 4785 773 4842 Litteras
826 4787 1023 4858 quibus
1084 4788 1138 4841 in
1203 4786 1461 4843 Ecclesiis
1508 4788 1731 4849 utimur,
1776 4785 2116 4839 occasionem

538 4878 886 4949 relinqueret,
935 4894 1059 4933 cum
1102 4880 1234 4933 nihil
1282 4880 1335 4933 in
1393 4879 1688 4934 subtractis
1732 4877 1839 4930 illis
1894 4877 2118 4929 vocibus

538 4974 731 5022 contra
772 4966 929 5021 ﬁdem
977 4974 1143 5032 esset,
1194 4968 1338 5035 quod
1392 4966 1714 5036 rrpreltcudi
1768 4966 1961 5019 merito
2000 4981 2122 5034 pos-

540 5066 644 5113 set.
694 5057 784 5112 Bis
834 5059 1001 5120 enim,
1044 5058 1118 5111 uti
1169 5058 1303 5122 dixi,
1362 5058 1602 5128 repetita)
1651 5065 1777 5111 sunt
1829 5072 1893 5111 ac
1934 5072 2125 5125 supcr-

541 5150 681 5213 Iluzc,
715 5158 775 5202 ut
807 5166 873 5204 ex
902 5150 994 5203 illo
1025 5149 1164 5212 loco,
1198 5166 1360 5219 quem
1392 5151 1775 5220 proposuimus
1819 5151 1884 5203 de
1914 5151 2122 5203 Adamo

539 5244 769 5314 ejusque
826 5244 957 5307 vita,
1022 5244 1311 5313 colligitur.
1372 5243 1504 5297 Nam
1562 5260 1624 5298 ex
1681 5244 1975 5313 perexiguo
2030 5243 2121 5294 illo

538 5334 838 5407 Specimine
888 5334 953 5389 de
1000 5334 1224 5405 reliquis
1263 5336 1573 5403 conjectura
1615 5336 1733 5405 cepi
1772 5341 1969 5404 potest,
2003 5349 2122 5402 qua:

614 5489 628 5517 ³
658 5487 792 5543 Gen.
834 5505 887 5554 ν,
924 5489 975 5542 5.
1065 5493 1085 5521 ¹
1121 5490 1181 5544 F.
1212 5490 1271 5555 ἐξ
1298 5490 1580 5561 ἐπιπολῆς.
1668 5490 1688 5520 ³
1733 5489 1789 5543 F.
1830 5490 2058 5553 ἐλλιπές.

614 5640 725 5703 (56)
762 5644 1035 5708 Σπανίως
1057 5643 1124 5695 δὲ
1146 5644 1241 5696 καὶ
1272 5646 1427 5711 παρὰ
1446 5644 1813 5698 Θεοδοτίωνι.
1848 5642 2113 5695 Nmirtttn

537 5711 684 5779 quod
717 5716 924 5779 priores
958 5715 1030 5766 ιιιί
1056 5716 1160 5768 duo
1193 5716 1516 5782 interpretes
1542 5714 1844 5782 exprimere
1878 5714 2099 5767 verbum

2226 4510 2689 4581 ἐπιλαμϐάνεσθαι
2708 4510 2816 4564 τῶν
2846 4513 2901 4563 ἐν
2924 4514 3041 4573 ταῖς
3065 4510 3246 4579 ἁγίαις
3271 4511 3620 4580 Ἐκκλησίαις
3642 4510 3793 4563 θείων

2225 4602 2477 4675 Γραφῶν,
2499 4602 2724 4672 μηδενὸς
2752 4602 3082 4673 ἐπιληψίμου
3110 4602 3432 4673 πράγματος
3459 4602 3795 4674 ὑπάρχοντος

2226 4694 2365 4747 κατὰ
2413 4695 2512 4763 τῆς
2552 4693 2785 4757 πίστεως
2829 4696 2886 4746 ἐν
2934 4696 3048 4757 τοῖς
3095 4693 3561 4763 ἀπεστερημένας
3600 4692 3795 4758 λόγοις.

2227 4785 2478 4854 Περιττοὶ
2506 4784 2613 4855 γάρ
2643 4786 2769 4848 εἱσι,
2805 4784 2900 4836 καὶ
2925 4784 3412 4853 δισσολογούμενοι,
3446 4783 3523 4847 ὡς
3562 4783 3672 4836 ἀπὸ
3708 4783 3803 4850 τῆς

2228 4876 2586 4945 ἀναγνώσεως
2643 4876 2963 4945 ἐδιδάξαμεν
3013 4875 3140 4947 περὶ
3186 4873 3277 4927 τοῦ
3334 4873 3506 4942 Ἀδὰμ
3561 4872 3659 4925 καὶ
3708 4872 3803 4937 τῆς

2228 4968 2392 5021 αὑτοῦ
2447 4969 2632 5037 ζωῆς*
2667 4967 2741 5030 ὡς
2789 4968 2882 5020 καὶ
2935 4967 3042 5020 ἀπὸ
3098 4966 3190 5019 τοῦ
3245 4966 3587 5037 βραχυτάτου
3650 4965 3804 5031 λόγου

2223 5061 2446 5114 δυνατόν
2483 5078 2539 5113 σε
2590 5064 2702 5123 τοῖς
2735 5060 2942 5124 λοιποῖς
2996 5060 3285 5127 ἐπιστῆναι
3332 5058 3550 5125 λόγοις,
3594 5057 3723 5109 ἔνθα
3759 5056 3805 5107 οἱ

2224 5152 2535 5223 ἁστερίσκοι
2590 5154 2970 5223 παράκεινται.
3012 5153 3128 5204 Ἵνα
3165 5152 3222 5203 δὲ
3262 5152 3356 5203 καὶ
3396 5148 3557 5201 τοῦτο
3606 5149 3803 5218 μάθῃς,

2224 5244 2310 5296 διὰ
2360 5244 2413 5295 τί
2464 5244 2822 5315 ἀστερίσκους
2874 5241 3143 5314 παρέθετο
3188 5244 3301 5304 τοῖς
3348 5240 3528 5308 λόγοις
3572 5239 3802 5299 τούτοις.

2226 5332 2470 5402 ἀφθόνως
2521 5334 2614 5385 καὶ
2663 5332 2820 5386 τοῦτο
2864 5329 3113 5403 λέξομεν.
3160 5330 3481 5383 Ἐπίστασαι
3524 5326 3709 5390 τοῦτο,
3765 5320 3809 5380 ὦ

2224 5642 2290 5693 de
2327 5641 2490 5711 Verbo
2517 5641 2844 5705 studueriut,
2872 5648 2929 5695 ut
2960 5641 3036 5695 ait
3070 5640 3465 5711 Hieronymus;
3498 5636 3810 5694 Tlteodoﬁo

2216 5710 2351 5765 LXX
2390 5711 2647 5766 Seniores
2689 5713 2861 5782 magis
2898 5720 3120 5767 secutus
3159 5710 3251 5765 sit.
