3916 6196
199 299 276 356 ιιι
1121 299 1320 357 LIBER
1363 302 1449 358 DE
1488 301 1841 360 MENSURIS
1881 305 1968 360 ΕΤ
2006 304 2460 365 PONDERIBUS.

3304 316 3410 372 252

195 406 436 479 ἀκροατὰ,
487 407 569 462 δτι
625 410 683 462 ἐν
735 409 813 482 τῷ
861 414 1201 486 στερεώματι
1254 417 1348 471 τοῦ
1409 418 1640 491 οὐρανοῦ
1687 421 1736 473 οε

1857 423 2104 477 tsterisco
2157 431 2431 478 notantur.
2493 421 2599 477 Sed
2644 430 2702 476 ut
2728 423 2860 479 illud
2912 424 3072 480 etiam
3121 424 3411 499 intelligas,

196 503 390 572 ἀστέρες
420 501 557 564 εἰσὶ,
602 504 703 557 κᾶν
735 522 794 556 τε
841 507 945 559 ὑπὸ
996 509 1234 579 νεφελῶν
1283 512 1316 582 ἢ
1369 512 1520 582 ήλίου
1572 513 1737 567 καλυο

196 593 371 662 φθῶσιο
403 595 575 666 τούτῳ
597 596 676 666 τῷ
712 598 944 669 νοήματι
969 604 997 655 ὁ
1022 601 1147 666 τοὺς
1175 605 1530 678 ἀστερίσκους
1562 624 1738 678 παρα-

195 684 291 749 θεὶς
313 685 574 757 ἐποίησεν,
607 687 694 742 ἵνα
727 706 807 742 σοι
841 690 973 764 δόξῃ
1021 733 1035 759 ,
1067 695 1149 747 ὅτι
1179 697 1226 749 οἱ
1258 696 1426 766 λόγοι,
1459 693 1540 761 οἷς
1563 700 1739 771 παρά⁴

195 792 377 828 κεινται
403 778 446 828 οἷ
477 778 813 850 ἀστερίσκοι,
845 788 1127 856 πεπήγασι
1161 787 1258 858 μὲν
1285 789 1340 841 έν
1367 793 1490 853 ταῖς
1523 790 1740 862 Ἑϐραῖ-

196 868 308 929 καίς
327 866 545 933 λέξεσιν,
571 869 764 944 ὥσπερ
822 874 871 926 οί
912 876 1141 948 ἀστέρες
1177 879 1234 932 ὲν
1279 880 1357 950 τῷ
1399 881 1739 953 στερεώματι

195 953 278 1006 τοῦ
302 956 516 1026 οὐρανοῦ
535 1001 550 1024 ,
584 961 973 1035 ὲκαλύιρθησαν
1003 966 1058 1019 δὲ
1095 968 1200 1020 ὑπὸ
1226 969 1334 1022 τῶν
1383 971 1740 1044 Ἐὅδομηκον-

194 1044 333 1098 radio
357 1048 674 1119 έρμηνείας¹
691 1088 706 1115 ,
724 1051 772 1103 οἱ
801 1054 1029 1126 ἀστέρες
1051 1057 1157 1110 ὑπὸ
1182 1058 1289 1112 τῶν
1309 1062 1545 1129 νεφελῶν
1576 1062 1739 1116 καλύ-

195 1151 413 1190 moveat.
437 1137 585 1210 Αὕτη
611 1141 644 1211 ἠ
667 1141 923 1208 ὑπόθεσις
946 1145 1040 1198 τοῦ
1074 1148 1422 1219 ἁστερίσκου.

1841 515 2042 583 quibus
2075 515 2140 568 de
2183 516 2361 570 causis
2395 515 2688 570 asteriscos
2731 514 3040 571 istiusmodi
3085 516 3220 574 locis
3265 518 3415 574 adbi-

1841 606 2040 672 buerit,
2073 606 2302 660 libenter
2333 621 2362 660 a
2393 621 2478 660 me
2516 604 2661 660 istud
2695 605 3072 674 explicabitur.
3110 606 3228 662 Non
3268 608 3417 678 igno-

1843 712 1954 759 ras,
2010 697 2257 766 quisquis
2303 711 2383 758 es,
2419 695 2653 758 auditor,
2709 695 2764 749 in
2809 696 3015 751 caelesti
3074 697 3416 754 ﬁrmamento

1845 788 2028 842 stellas
2067 802 2208 850 esse,
2246 787 2370 842 licet
2414 801 2444 840 a
2490 787 2603 842 sole
2652 786 2737 842 vel
2776 786 3011 840 nubibus
3049 787 3411 844 obducantur.

1844 877 1925 933 Ad
1972 893 2160 932 eorum
2216 885 2448 932 mentem
2497 877 2881 933 asteriscorum
2935 885 3076 930 notae
3124 877 3228 931 illae
3274 878 3416 933 refe-

1845 968 2026 1023 renda:
2074 976 2218 1028 sunt.
2250 976 2310 1022 ut
2341 982 2403 1022 ea
2439 967 2698 1021 vocabula
2749 966 2923 1028 scias,
2971 980 3090 1034 qua:
3136 966 3416 1023 asteriscis

1847 1059 2104 1129 insignita
2147 1065 2305 1121 sunt,
2359 1057 2413 1111 in
2472 1055 2752 1111 Hebraicis
2803 1057 3024 1112 vocibus
3075 1072 3194 1112 esse
3251 1058 3416 1114 veluti

1845 1151 2041 1214 defixa,
2071 1165 2177 1204 non
2209 1164 2369 1203 secus
2401 1155 2562 1218 atque
2609 1148 2663 1201 in
2704 1146 3039 1201 firmamento
3065 1148 3250 1202 stellae.
3287 1147 3419 1215 Quae

194 1226 384 1296 quidem
433 1228 488 1284 in
529 1229 715 1285 LXXII
767 1232 1127 1306 Interpretum
1178 1243 1538 1297 translatione
1581 1243 1928 1300 dissimulata
1989 1249 2043 1295 et
2135 1241 2347 1294 obtecta
2394 1245 2541 1305 sunt,
2599 1237 3053 1308 quemadmodum
3109 1239 3274 1294 stella:
3315 1255 3421 1296 nu—

193 1320 329 1376 bibus
359 1326 722 1382 oceultantur.
767 1330 945 1400 Atque
973 1347 1034 1386 ea
1069 1330 1284 1390 demum
1315 1347 1398 1393 est
1431 1339 1677 1393 asterisei
1721 1337 1882 1394 ratio.

250 1418 314 1472 I".
337 1419 442 1472 Τοῦ
463 1419 517 1474 δὲ
548 1422 735 1476 ὀϐελοῦ
781 1426 841 1479 τὸ
861 1427 1107 1498 διήγημα
1145 1431 1333 1486 τοῦτον
1356 1432 1578 1503 ἔχειτὸν
1613 1434 1739 1505 τρό-

192 1523 294 1559 πον·
320 1508 534 1573 Ὀὸελδς
557 1506 710 1576 οὗτός
727 1515 871 1569 ἐστιν
895 1516 923 1566 ὁ
951 1519 1350 1588 παρακείμενος
1363 1518 1736 1592 Si,

193 1594 564 1666 παραπλησίως
585 1599 857 1669 γράφεται
876 1604 941 1672 τῇ
972 1601 1279 1677 καλουμένῃ
1308 1611 1563 1679 γραμμῇ.
1596 1609 1744 1662 ’06s-

1909 1432 1992 1488 lll.
2036 1432 2191 1498 Quod
2239 1431 2305 1486 ad
2355 1431 2571 1486 obelum
2620 1444 2749 1485 vero
2786 1428 3020 1499 pertinet
3071 1427 3150 1482 sic
3203 1427 3417 1485 habeto.

1839 1519 2013 1589 Hujus
2051 1520 2104 1573 in
2133 1518 2322 1588 primis
2352 1519 2465 1574 haec
2494 1525 2577 1573 est
2607 1517 2775 1586 figura
2811 1535 2824 1570 :
2853 1521 3324 1593 “quae
3354 1517 3424 1571 li-

1843 1621 1956 1660 nea:
2004 1618 2166 1674 quam
2213 1618 2494 1666 vocamus,
2547 1603 2692 1656 haud
2761 1603 3044 1659 dissimilis
3093 1612 3197 1658 est.
3257 1603 3425 1658 Porro

190 1679 264 1781 λὸς
302 1683 354 1781 δὲ
401 1684 665 1781 κέκληται
716 1690 859 1742 κατὰ
909 1691 1159 1764 Ἀττικὴν
1201 1695 1398 1767 χρῆσιν
1422 1738 1437 1762 ,
1476 1699 1654 1760 ἄλλοις
1690 1699 1745 1752 δὲ

1857 1697 2056 1759 obelus,
2091 1695 2192 1747 hoc
2240 1705 2320 1748 est
2355 1702 2588 1747 verutum
2631 1694 2700 1748 ab
2756 1695 2948 1750 Atticis
3004 1695 3224 1750 dicitur.
3288 1695 3428 1749 Sunt

191 1772 411 1826 καλεῖται
445 1774 592 1846 δόρυ,
629 1777 658 1830 ὅ
693 1779 811 1832 ἐστι
841 1779 1032 1853 λόγχη.
1072 1784 1355 1857 Παρετέθη
1393 1788 1449 1842 δὲ
1492 1791 1612 1852 ταῖς
1642 1789 1743 1858 τῆς

191 1861 316 1926 θείας
349 1865 576 1937 Γραφῆς
619 1867 848 1936 λέξεσιν,
886 1875 1005 1936 ταῖς
1047 1875 1199 1946 παρὰ
1236 1879 1347 1941 τοῖς
1387 1879 1746 1950 Ἐὅδομηκον-

192 1953 327 2007 ταδύο
365 1957 764 2027 Ἑρμηνευταῖς
809 1963 1128 2033 κειμέναις,
1179 1967 1331 2038 παρὰ
1375 1967 1430 2022 δὲ
1462 1971 1574 2031 τοῖς
1621 1971 1744 2042 περὶ

199 2042 408 2099 Ἀκύλαν
441 2047 535 2100 καὶ⁹
565 2048 861 2122 Σύμμαχον
890 2053 964 2124 μὴ
1000 2056 1424 2128 έμφερομέναις.
1465 2056 1583 2128 Ἀφ’
1615 2060 1742 2112 ἐαυὲ

189 2135 279 2187 τῶν
318 2135 425 2208 γὰρ
466 2139 517 2190 οἱ
572 2139 1073 2212 Ἐὄδομηκονταδύο
1131 2148 1494 2217 Ἑρμηνευταὶ
1539 2150 1744 2212 ταύτας

189 2223 271 2286 τὰς
294 2223 470 2290 λέξεις
497 2231 869 2300 προσέθηκαν,
907 2234 1007 2286 οὐκ
1033 2233 1114 2297 εἰς
1151 2235 1350 2306 μάτην,
1373 2236 1510 2290 ἀλλὰ
1545 2237 1745 2309 μᾶλλον

191 2310 256 2374 είς
296 2312 586 2382 ὠφέλειαν.
638 2318 771 2381 Ταῖς
825 2318 932 2390 γὰρ
982 2320 1215 2384 ἐλλιπῶς
1262 2324 1511 2392 ἐχούσαις
1570 2323 1745 2388 λέξεσι

191 2404 656 2470 προστεθεικότες,
690 2409 770 2471 εἰς
811 2411 1108 2480 σαφήνειαν
1135 2411 1233 2482 τὴν
1268 2414 1572 2482 ἀνάγνωσιν
1611 2433 1748 2485 παρ-

190 2491 405 2562 ήγαγον·
468 2496 598 2549 ὥσθ’
644 2498 1049 2569 ὑπολαμϐάνειν
1093 2503 1276 2574 ἡμᾶς,
1313 2506 1409 2556 καὶ
1456 2505 1744 2576 εὐμοίρους

189 2585 361 2650 αὐτοὺς
392 2588 728 2659 γεγενῆσθαι
756 2591 1072 2661 Πνεύματος
1100 2592 1276 2663 ἁγίου.
1301 2588 1399 2649 Ὧν
1424 2596 1532 2668 γὰρ
1559 2598 1658 2650 οὐκ
1681 2593 1747 2666 ἦν

188 2677 346 2745 γρεία,
383 2679 721 2747 δισσολογεῖν
755 2683 1030 2753 παρῆκαν.
1066 2686 1240 2738 Ὅπου
1276 2687 1331 2739 δὲ
1367 2686 1533 2757 χωλὸν
1576 2687 1749 2742 ἐδόκει

189 2766 241 2818 τὸ
279 2769 427 2840 ῥῆμα
468 2766 631 2834 εἶναι,
674 2772 754 2835 εἰς
791 2773 1105 2845 Ἑλληνικήν
1138 2776 1414 2831 διάλεκτον
1448 2777 1747 2848 μεταφερό-

192 2874 351 2924 μενον,
373 2863 495 2913 ἐκεῖ
517 2862 616 2931 τὴν
656 2862 975 2935 προσθήκην
1004 2866 1350 2938 ἐποιήσαντο.
1374 2867 1658 2938 Θαυμάσαι
1695 2867 1751 2920 δὲ

191 2947 318 3004 ἐστιν
347 2952 444 3004 ἐπὶ
497 2953 693 3023 τούτῳ,
747 2955 948 3026 καὶμὴ
991 2956 1192 3031 τολμᾷν
1247 2959 1452 3029 μέμψιν
1503 2959 1748 3027 ἐπάγειν,

1845 1791 1938 1862 qui
1971 1787 2178 1841 hastam
2209 1786 2323 1840 sive
2351 1785 2595 1840 lanceam
2627 1785 2918 1854 appellent.
2956 1785 3020 1839 Et
3051 1788 3117 1841 ad
3146 1801 3240 1842 eas
3275 1785 3428 1841 Scri—

1844 1891 2015 1952 ptura:
2061 1891 2220 1930 voces
2274 1875 2584 1938 adhibetur,
2643 1891 2763 1945 quae
2809 1891 2838 1929 a
2893 1876 3080 1929 LXXll
3133 1891 3425 1946 evpressae,

1846 1970 1992 2040 apud
2029 1967 2280 2038 Aquilam
2314 1975 2369 2021 et
2415 1966 2803 2030 Symmachum
2860 1983 2968 2021 non
3019 1975 3259 2023 exstant.
3292 1967 3426 2021 Nam

1845 2062 2028 2116 LXX“
2058 2076 2218 2116 voces
2253 2061 2387 2114 istas
2424 2060 2752 2115 addiderunt
2797 2077 2861 2116 ex
2907 2077 3047 2125 sese,
3082 2078 3189 2115 non
3223 2061 3428 2117 frustra

1843 2163 2045 2217 tamen.
2080 2151 2174 2208 sed
2206 2150 2416 2204 utiliter
2447 2166 2511 2204 ac
2558 2166 2683 2205 cum
2737 2151 2938 2206 fructu.
2997 2153 3204 2206 Etenim
3253 2152 3426 2207 sicubi

1846 2260 2038 2302 manca
2081 2258 2145 2298 ac
2194 2241 2405 2297 defecta
2452 2250 2572 2297 erat
2613 2248 2810 2306 oratio,
2853 2243 3130 2298 nonnullis
3177 2243 3425 2312 adjectis,

1845 2336 2140 2406 plurimum
2187 2335 2240 2389 ei
2285 2333 2425 2387 lucis
2491 2334 2828 2400 attulerunt,
2877 2342 2936 2388 ut
2991 2334 3114 2388 illos
3172 2349 3279 2386 non
3311 2333 3430 2387 sine

1847 2427 2024 2482 sancti
2079 2424 2317 2496 Spiritus
2366 2423 2546 2478 afllatu
2605 2424 2671 2477 ad
2731 2425 3077 2478 scribendum
3129 2423 3432 2478 accessisse

1850 2518 2110 2573 credibile
2147 2518 2239 2572 sit.
2295 2514 2572 2588 Siquidem
2614 2529 2734 2583 quae
2789 2516 3095 2573 necessaria
3137 2529 3241 2567 non
3276 2521 3433 2568 erant

1849 2608 2039 2663 iisdem
2095 2607 2276 2662 verbis
2336 2614 2580 2676 repetere
2635 2606 2948 2659 noluerunt.
3003 2605 3156 2676 161
3209 2604 3432 2669 Quoties

1849 2713 1977 2752 vero
2041 2699 2095 2752 iu
2159 2696 2407 2752 Graecum
2471 2696 2735 2749 translata
2799 2696 3069 2751 sententia
3129 2696 3434 2751 claudicare

1849 2790 2154 2850 videbatur,
2185 2795 2298 2840 tum
2330 2785 2578 2840 nonnihil
2610 2784 2946 2854 adjecerunt.
2983 2785 3098 2850 Qua
3149 2787 3202 2840 in
3244 2802 3302 2842 re
3333 2784 3434 2840 ad-

1851 2880 2138 2934 miratione
2167 2877 2346 2946 potius
2373 2891 2535 2945 quam
2593 2875 3015 2944 reprehensione
3067 2874 3215 2944 digni
3254 2885 3429 2942 sunt:

1852 2970 2093 3038 adeoque
2123 2965 2502 3032 collaudandi;
2536 2980 2660 3018 cum
2710 2966 2839 3019 illud
2877 2980 3038 3020 omne
3079 2966 3264 3020 divino
3295 2980 3434 3034 quo-

191 3040 309 3093 ἀλλὰ
340 3043 546 3114 μᾶλλον
599 3045 840 3107 ἔπαινον,
879 3046 954 3110 ὡς
979 3049 1042 3101 ὲκ
1089 3047 1282 3122 βουλῆς
1305 3048 1448 3103 ’Θεοῦ
1527 3065 1750 3122 γεγενη-

1857 3056 1978 3111 dam
2009 3053 2239 3110 consilio
2270 3053 2338 3106 ab
2377 3052 2484 3107 illis
2521 3068 2644 3107 esse
2694 3052 2896 3105 factum
2927 3053 3166 3122 prudens
3204 3052 3436 3123 quisque

193 3131 333 3201 μένον
365 3135 610 3188 συνιέναι
631 3136 721 3188 τὸν
751 3138 974 3211 εὐλαϐῆ.

258 3225 752 3299 Ἐὗδομηκονταδύο
781 3229 888 3301 γὰρ
912 3231 1063 3296 ὄντες
1099 3234 1208 3304 (57)
1247 3235 1337 3288 τὸν
1372 3233 1627 3306 ἀριθμὸν,
1651 3238 1748 3290 καὶ

195 3314 240 3367 ὲν
280 3320 342 3387 τῇ
370 3319 550 3390 «Ραρίᾳ
594 3322 763 3392 νήσῳ,
805 3322 1110 3396 καλουμένῃ
1141 3326 1197 3378 δὲ
1231 3324 1343 3379 ἅνω
1390 3328 1484 3396 γῇ,
1527 3327 1754 3398 ἄντικρυ

192 3405 274 3475 τῆς
308 3409 719 3481 Ἀλεξανδρείας
758 3413 813 3464 ὲν
847 3412 891 3464 λ’
911 3414 1005 3466 καὶ
1032 3413 1089 3480 ἓξ
1132 3416 1414 3479 οἰκίσκοις,
1442 3416 1580 3487 ζυγὴ
1617 3418 1755 3489 ζυγὴ

193 3495 318 3548 κατὰ
357 3499 622 3562 οἰκίσκον,
663 3500 769 3552 ἀπὸ
801 3499 970 3554 ἕωθεν
1000 3501 1020 3532 ⁸
1061 3503 1166 3567 ἕως
1200 3505 1440 3576 ἑσπέρας
1487 3507 1758 3574 συγκλειό-

194 3601 350 3652 μενοι,
376 3591 471 3642 καὶ
498 3588 558 3640 τὸ
582 3590 821 3660 ἑσπέρας
850 3593 908 3644 έν
932 3593 1290 3663 τριακονταὲξ
1329 3595 1629 3663 σκαφιδίοις
1661 3613 1757 3648 πε-

195 3677 514 3746 ραιούμενοι,
550 3680 630 3743 εἰς
657 3680 716 3731 τὸ
743 3680 835 3733 τοῦ
862 3681 1198 3750 Πτολεμαίου
1222 3684 1547 3752 Φιλαδέλφου
1584 3685 1758 3740 παλᾶμ

187 3780 310 3830 τιον,
334 3769 431 3821 καὶ
461 3769 580 3840 μετ’
609 3769 775 3823 αὐτοῦ
819 3769 1154 3842 ἑστιώμενοι,
1189 3773 1283 3825 καὶ
1317 3773 1458 3826 κατὰ
1498 3773 1667 3847 ζυγὴν
1700 3779 1757 3830 ὲν

190 3857 401 3909 κοιτῶσι
455 3859 811 3929 τριακονταὲξ
855 3861 1230 3927 καθεύδοντες,
1285 3865 1365 3926 είς
1407 3865 1468 3916 τὸ
1516 3865 1588 3937 μὴ
1631 3884 1755 3919 συν-

188 3945 390 4004 εοιάσαι
435 3954 552 4022 μετ’
595 3953 862 4024 ἀλλήλων,
902 3955 1016 4008 ἀλλ’
1049 3956 1350 4022 ἁνοθεύτως
1402 3960 1756 4031 ἑρμηνεῦσαι,

191 4037 354 4104 οὕτως
383 4042 671 4098 διετέλουν.
723 4046 859 4109 Τοὺς
890 4047 998 4118 γὰρ
1038 4051 1467 4122 προειρημένους
1508 4069 1760 4124 τριακον-

187 4129 306 4197 ταὲξ
333 4133 609 4198 οἰκίσκους
631 4137 658 4188 ὁ
691 4135 877 4207 ῥηθεὶς
910 4137 1238 4209 Πτολεμαῖος
1263 4143 1676 4207 κατασκευάσας
1703 4145 1758 4196 ὲν

189 4220 260 4289 τῷ
289 4224 463 4292 πέραν
487 4229 566 4290 είς
599 4227 700 4300 τὴν
735 4227 918 4297 νῆσον,
940 4228 1160 4294 διπλοῦς
1187 4248 1246 4284 τε
1275 4232 1472 4296 αὐτοὺς
1503 4234 1756 4304 ποιήσας,

192 4308 276 4364 δύο
303 4313 398 4368 δύο
425 4317 750 4378 ἐνέκλεισεν,
780 4317 856 4381 ὡς
887 4318 1045 4388 ἔφην,
1079 4322 1173 4374 καὶ
1206 4321 1399 4386 παῖδας
1433 4323 1525 4376 δύο
1557 4324 1760 4396 ὑπηρε-

1858 3162 1966 3202 non
1995 3144 2225 3199 dubitet.

1927 3239 2044 3294 Duo
2079 3237 2224 3294 enim
2257 3253 2320 3293 ac
2366 3238 2710 3309 septuaginta
2749 3235 2853 3290 viri
2902 3237 2958 3290 in
2998 3235 3182 3290 Pharo
3222 3235 3432 3302 insula,

1855 3341 1976 3395 qua:
2002 3334 2148 3379 terra
2177 3324 2432 3393 superior
2455 3324 2679 3387 dicitur,
2712 3339 2744 3377 e
2773 3323 2998 3394 regione
3029 3323 3182 3379 urbis
3210 3323 3437 3379 Alexan-

1856 3414 2050 3478 drina,
2085 3413 2142 3468 in
2169 3427 2264 3467 sex
2293 3421 2347 3464 et
2374 3413 2598 3481 triginta
2621 3411 2833 3467 cellulis
2858 3412 2972 3466 bini
3000 3413 3212 3467 scilicet
3245 3414 3297 3467 in
3325 3415 3438 3469 sin-

1856 3503 2018 3574 gulis,
2052 3519 2082 3557 a
2113 3503 2292 3575 primo
2317 3503 2562 3556 diluculo
2589 3501 2655 3556 ad
2687 3518 2970 3572 vesperam
2999 3504 3244 3558 conclusi
3286 3510 3433 3558 sunt.

1859 3591 1973 3648 Sub
2007 3609 2291 3664 vesperam
2329 3609 2492 3663 porro
2544 3593 2764 3663 triginta
2801 3609 2893 3647 sex
2939 3595 3160 3664 scaphis
3194 3595 3262 3649 ad
3296 3594 3429 3648 Pto-

1860 3681 2034 3736 lemrei
2064 3682 2400 3752 Philadelphi
2435 3683 2698 3752 palatium
2729 3681 2963 3746 advecti,
3001 3684 3066 3736 ad
3099 3683 3219 3752 ejus
3246 3684 3438 3752 epulas

1860 3774 2281 3830 adhibebantur.
2310 3773 2450 3827 Tum
2499 3774 2553 3826 in
2589 3774 2812 3844 triginta
2860 3789 2954 3828 sex
2991 3773 3284 3836 cubiculis,
3323 3773 3435 3826 bini

1859 3863 2067 3916 scilicet
2103 3864 2158 3916 in
2193 3878 2521 3932 unoquoque
2569 3862 2937 3922 dormiebant,
2983 3877 3050 3915 ne
3093 3861 3271 3930 capita
3304 3874 3441 3916 con-

1868 3953 2011 4009 ferre
2050 3961 2297 4024 possent,
2343 3953 2440 4007 sed
2479 3953 2695 4006 sincere
2737 3967 2801 4006 ac
2835 3951 3068 4006 fideliter
3112 3951 3442 4021 interpreta-

1861 4051 2072 4100 rentur.
2106 4043 2428 4096 Ptolemmus
2450 4045 2594 4096 enim
2619 4043 2709 4096 ille
2738 4043 2964 4112 triginta
2994 4058 3110 4106 sex,
3141 4058 3279 4113 quas
3303 4043 3440 4108 dixi,

1862 4134 2090 4188 cellulas
2117 4132 2170 4186 in
2197 4133 2286 4186 illa
2316 4133 2491 4189 insula
2516 4131 2784 4196 condidit,
2813 4133 3143 4203 easdemque
3161 4133 3433 4203 duplices;

1863 4225 2061 4294 quibus
2084 4223 2296 4294 singula
2321 4223 2471 4294 paria
2501 4223 2775 4278 conclusit
2799 4238 2923 4277 cum
2948 4224 3161 4278 duobus
3195 4223 3438 4287 famulis,

1865 4316 1974 4370 cibi
2003 4317 2231 4385 parandi
2265 4332 2326 4370 ac
2355 4315 2704 4370 ministrandi
2734 4315 2930 4386 gratia,
2964 4332 3072 4370 una
3111 4331 3235 4370 cum
3278 4323 3440 4370 nota-

188 4406 486 4472 τεῖναῦτοζς
510 4407 626 4478 ἅμα
647 4409 931 4473 ἐνέκλειεν,
957 4411 1236 4481 ὀψοποιίας
1256 4413 1440 4467 ἕνεκεν
1457 4415 1548 4469 καὶ
1567 4416 1750 4487 ὐπηρε·

1873 4411 1991 4465 riis.
2025 4409 2085 4464 ln
2112 4411 2198 4465 his
2226 4409 2439 4463 cellulis
2469 4409 2650 4462 nullas
2683 4409 2990 4479 parietibus
3029 4409 3298 4464 fenestras
3340 4407 3442 4461 im-

190 4493 326 4562 σίας,
362 4501 503 4569 μετὰ
532 4501 628 4552 καὶ
658 4502 1046 4572 ταχυγράιρων.
1089 4504 1227 4556 Ἀλλ’
1253 4505 1375 4559 οὔτε
1402 4505 1622 4576 θυρίδας
1648 4509 1762 4569 τοῖς

185 4585 449 4650 ’λκίσκοις
474 4590 700 4654 ἐκείνοις
739 4592 804 4643 ἐκ
828 4592 934 4644 τῶν
965 4593 1155 4662 τοίχων
1188 4595 1462 4666 ἐποίησεν,
1489 4597 1604 4648 ἀλλ’
1626 4597 1762 4650 ἄνωο

189 4673 272 4728 ’διν
318 4679 385 4730 ἐκ
413 4681 524 4732 τῶν
567 4682 832 4750 δωμάτων
876 4683 974 4746 τὰς
1023 4685 1361 4756 καλουμένας
1421 4687 1762 4754 ἁναφωτίδας

184 4764 453 4836 ἀνέῳξενν
484 4774 530 4823 οἱ
585 4772 643 4824 δὲ
671 4772 840 4836 οὕτως
889 4773 1164 4842 διάγοντες
1211 4777 1317 4828 ἀπὸ
1365 4777 1603 4848 πρωῖθεν
1657 4777 1762 4841 ἕως

186 4854 424 4928 ἑσπέρας
475 4863 575 4915 sua
609 4863 793 4918 κλεῖδα
837 4865 1318 4936 συγκεκλεισμένοι
1363 4865 1536 4930 οὕτως
1574 4868 1754 4937 ἡρμή-

183 4961 412 5002 νενσαν·
474 4954 674 5025 ἑκάστῃ
729 4955 786 5008 δὲ
850 4956 988 5028 ζυγῇ
1053 4958 1232 5027 βίϐλος
1296 4959 1395 5028 μία
1447 4958 1756 5011 ἑπεδίδοτο’

183 5033 254 5100 ὥς
286 5041 489 5105 εἰπεῖν,
527 5045 560 5114 ή
603 5043 782 5113 βίϐλος
814 5047 912 5118 τῆς
948 5045 1044 5099 τοῦ
1085 5047 1289 5118 κόσμου
1340 5045 1613 5110 Γενέσεως
1659 5044 1760 5117 μιᾷ

257 5201 272 5230 ⁸
300 5199 367 5257 Ρ.
409 5202 693 5275 ἑρμηνέων
733 5201 944 5272 ὥσπερ.
1030 5202 1052 5230 ¹
1075 5199 1207 5268 Reg.
1236 5197 1330 5268 ἀφ’
1359 5195 1554 5250 ἕωθεν.

214 5414 228 5428 _
423 5349 974 5428 Ἐϐδομηκογτᾳδύο
1020 5352 1133 5421 γὰρ
1166 5352 1355 5418 ὄντες.
1402 5351 1553 5428 lianc
1585 5353 1758 5428 histo-

188 5423 318 5497 riam
345 5427 468 5472 tam
494 5431 697 5497 veteres
727 5423 1176 5497 plerique,__quam
1212 5423 1544 5497 recentiores
1574 5423 1760 5497 copio-

190 5492 407 5542 sissime
474 5492 927 5561 persei-ipserunt.
982 5492 1080 5561 Ciui
1132 5493 1394 5548 nonnulla
1451 5499 1632 5546 tamen
1682 5494 1762 5546 iu-

192 5567 372 5630 θρα-εει
419 5568 569 5621 sunt,
617 5560 737 5629 qua:
788 5575 929 5630 aegre
973 5560 1258 5618 admodum
1295 5561 1454 5616 Iidem
1491 5562 1760 5618 obtinent.

192 5624 360 5688 Quale
386 5636 486 5683 est
516 5624 647 5684 illud
683 5631 750 5686 de
779 5624 954 5693 cellis,
988 5645 1122 5699 quas
1155 5650 1316 5693 xxxvi
1366 5631 1538 5687 fuisse
1575 5639 1764 5687 censet

1869 4502 2102 4572 pressit;
2149 4501 2243 4556 sed
2300 4516 2329 4551 e
2376 4507 2518 4553 tecto
2565 4516 2802 4570 superne
2847 4502 2969 4557 illas
3019 4502 3254 4571 aperuit,
3304 4516 3444 4570 quas

1869 4592 2230 4662 anaphotidas
2257 4585 2562 4644 nominaut.
2598 4590 2712 4646 Hoc
2737 4592 2816 4646 illi
2849 4592 3011 4647 modo
3042 4607 3071 4646 a
3100 4593 3280 4662 primo
3301 4592 3444 4647 dilu-

1870 4682 1995 4734 culo
2038 4679 2106 4733 ad
2139 4693 2416 4747 vesperam
2451 4678 2724 4733 obseratis
2767 4679 2978 4735 foribus
3010 4680 3211 4735 inclusi
3251 4693 3444 4734 sacras

1867 4771 2100 4826 Litteras
2140 4770 2559 4825 transtulerunt.
2607 4768 2915 4839 Unicuique
2951 4783 3117 4840 porro
3161 4769 3438 4838 Interpre-

1870 4873 1983 4917 tum
2013 4863 2127 4932 pari
2165 4863 2298 4916 liber
2335 4862 2734 4916 attribuebatur
2778 4876 2941 4915 unus.
2987 4859 3233 4928 Exempli
3267 4873 3439 4913 causa

1869 4954 2144 5010 Geueseos
2174 4954 2428 5008 volumen
2471 4953 2563 5007 uni
2607 4953 3082 5017 committebatur,
3118 4949 3340 5005 Exodus
3365 4950 3445 5004 al-

1870 5046 1998 5110 teri,
2030 5043 2304 5100 Leviticus
2338 5045 2451 5109 alii,
2501 5054 2661 5119 atque
2703 5045 2776 5098 ita
2819 5044 3079 5116 deinceps
3121 5040 3326 5097 caeteri.
3359 5040 3442 5096 Ita

1869 5353 2228 5425 Epiphanius,
2271 5357 2344 5408 ita
2381 5367 2439 5410 ut
2474 5355 2586 5410 bini
2625 5356 2678 5409 in
2715 5355 2947 5424 singulis
2982 5354 3312 5425 habitarent.
3343 5353 3445 5411 Ju-

1867 5424 2049 5494 stinus
2077 5426 2299 5480 totidem
2329 5440 2577 5494 numero,
2606 5434 2739 5494 quot
2767 5428 3112 5493 interpretes,
3139 5424 3438 5492 exstitisse.

1869 5495 1922 5546 in
1952 5491 2170 5548 Cohort.
2203 5493 2270 5547 ad
2301 5502 2436 5563 gent.
2481 5491 2753 5563 Iosephus
2803 5491 3006 5558 autem,
3057 5508 3232 5563 eoque
3285 5491 3444 5550 vetu-

1867 5564 2005 5636 sti_o_r
2035 5563 2210 5636 Philo,
2245 5561 2570 5636 et’hrjsteas
2608 5561 2673 5617 de
2697 5564 2850 5636 cellis
2887 5563 3040 5617 nihil.
3076 5561 3182 5618 Sed
3202 5580 3266 5620 ea
3323 5566 3437 5636 jam

1869 5631 2092 5702 pridem.
2121 5633 2189 5688 ab
2214 5632 2442 5689 eruditis
2471 5647 2704 5689 excussa
2743 5631 3128 5704 disputataque
3157 5643 3306 5691 sunt.
