3916 6196
534 275 644 333 2ιὸ

1897 272 1955 329 5.
1995 269 2336 327 EPIPHANII

3637 273 3728 331 2M

536 397 744 461 septem
768 396 823 447 et
850 390 1039 462 viginti
1086 388 1382 458 Scriptura:
1415 400 1479 440 ac
1514 384 1730 442 Veteris
1762 383 2094 441 Testamenti

2206 387 2365 457 ζυγῇ,
2412 388 2445 456 ἠ
2481 384 2698 449 Ἕξοδος
2738 383 2849 437 τῶν
2894 382 3026 437 υἱῶν
3071 379 3286 453 Ἰσραὴλ
3328 381 3396 451 τῇ
3427 380 3553 452 άλλη
3592 380 3729 453 ξυγῇ,

540 482 688 547 libri,
716 483 809 554 qui
840 481 907 536 ad
936 482 1074 537 duos
1096 495 1159 534 ac
1191 477 1380 549 viginti
1404 490 1507 548 pro
1535 478 1841 533 litterarum
1874 477 2104 533 Hebrai-

538 589 723 629 carum
768 586 993 628 numero
1034 569 1378 642 rediguntur,
1420 566 1666 623 Graecum
1699 569 1754 623 in
1798 584 2103 624 sermonem

538 663 786 720 conversi
810 668 955 717 sunt.

604 836 694 893 Ν.
732 836 941 892 Habent
987 836 1131 892 enim
1173 834 1385 892 Hebraei
1428 853 1540 893 xxu
1572 837 1803 904 litteras,
1848 853 1878 893 e
1906 835 2105 907 quibus

536 924 774 994 quinque
825 924 1173 994 duplicantur
1239 923 1407 995 ϐορά,
1469 924 1614 991 Men,
1663 924 1812 990 Nun,
1870 925 2001 989 Phi,
2050 931 2105 980 et

532 1017 718 1087 Aleph.
772 1014 889 1082 Qua
941 1016 1154 1071 ratione
1209 1031 1335 1072 cum
1386 1031 1498 1071 mi
1550 1018 1669 1073 libri
1722 1024 2101 1082 numerentur,

532 1116 737 1178 septem
787 1122 852 1163 ac
885 1107 1071 1178 viginti
1113 1107 1480 1178 reperiuntur,
1512 1111 1658 1179 quod
1700 1122 1767 1162 ex
1797 1107 1907 1162 illis
1940 1106 2100 1176 quin-

529 1214 636 1268 que
679 1199 1072 1269 geminentur:
1131 1207 1262 1269 puta
1303 1197 1442 1253 liber
1486 1196 1632 1251 Ruth
1683 1214 1809 1253 cum
1850 1197 2102 1252 Judicum

530 1287 673 1343 libro
709 1284 1085 1358 coniungitur,
1123 1296 1177 1341 et
1228 1302 1373 1342 unus
1421 1287 1491 1341 ab
1536 1286 1782 1342 Hebraeis
1812 1293 2102 1342 censetur:

529 1379 742 1448 primus
784 1378 1243 1447 Paralipomenon
1281 1378 1421 1433 liber
1465 1392 1589 1433 cum
1634 1377 1939 1448 posteriore
1970 1390 2106 1435 con-

525 1470 795 1540 iungitur,
828 1476 882 1525 et
908 1485 1077 1524 unum
1126 1469 1327 1523 librum
1361 1468 1545 1524 ellicit.
1593 1467 1723 1524 Item
1764 1470 1975 1540 primus
2008 1465 2107 1524 Be-

527 1575 761 1631 guorum
813 1560 973 1625 liber,
1026 1576 1151 1616 cum
1204 1562 1485 1627 secundo;
1535 1561 1729 1615 tertius
1778 1560 1935 1631 162
1981 1571 2103 1635 cum

528 1660 725 1718 quarto
751 1666 918 1704 unum
955 1651 1152 1705 librum
1192 1650 1557 1707 constituunt.
1606 1648 1685 1702 Ad
1726 1664 1962 1719 eumque
1992 1663 2105 1701 mo-

2206 476 2492 531 Λευῖτικδν
2514 477 2579 546 τῇ
2605 473 2762 548 ἄλλῃ,
2790 473 2885 527 καὶ
2906 472 3139 543 καθεξῆς
3167 471 3299 540 ἄλλη
3325 469 3496 539 βίϐλος
3518 472 3577 540 τῇ
3601 471 3729 542 άλλη

2206 569 2303 623 καὶ
2336 567 2508 631 οὕτως
2540 567 2595 619 αί
2630 565 2947 619 είκοσιεπτὰ
2990 563 3160 634 βίϐλοι
3193 563 3247 615 αί
3285 560 3442 632 ῥηταὶ
3468 561 3556 613 καὶ
3590 562 3735 615 ἐνδιάο

2205 659 2368 724 θετοι,
2395 658 2567 710 εῐκοσι
2595 655 2651 709 δὲ
2676 656 2771 709 καὶ
2791 654 2885 707 δύο
2906 652 3047 707 κατὰ
3069 652 3167 723 τὴν
3193 651 3288 705 τοῦ
3308 650 3606 720 άλφαϐήτου
3628 653 3736 723 παρ’

2215 751 2488 823 Ἑϐραίοις
2519 749 2851 821 στοιχείωσιν
2882 746 3303 820 ἀριθμούμεναι,
3329 743 3731 815 ήρμηνεύθησαν.

2273 846 2347 897 A'.
2380 843 2567 895 Εἴκοσι
2600 841 2710 911 γάρ
2740 840 2834 893 καὶ
2866 839 2958 892 δύο
2980 839 3162 909 έχουσι
3191 834 3466 906 στοιχείων
3492 836 3734 907 νοήμαται

2206 933 2365 986 πέντε
2405 932 2463 986 δέ
2510 932 2648 983 εἰσιν
2692 928 2753 994 ἐξ
2784 929 2967 983 αὐτῶν
3000 926 3344 997 διπλούμενσ.
3399 924 3474 978 To
3511 924 3613 996 γὰρ
3640 924 3735 992 κὰρ

2204 1024 2321 1077 ἐστὶ
2348 1020 2587 1086 διπλοῦν,
2628 1019 2724 1073 καὶ⁷
2748 1019 2811 1073 τὸ
2849 1019 2987 1088 μὲν,
3023 1018 3117 1071 κοιλ⁸
3146 1016 3206 1069 τὸ
3253 1013 3425 1079 γοῦν,
3454 1014 3543 1067 καὶ
3575 1014 3631 1066 τὸ
3666 1014 3737 1083 φὶ,

2204 1112 2297 1165 καὶ
2322 1111 2383 1165 τὸ
2422 1127 2461 1164 α
2493 1112 2542 1143 ¹·
2576 1110 2656 1163 διὸ
2690 1109 2786 1162 κοιλ⁵
2815 1109 2871 1160 αἱ
2915 1106 3086 1178 βίϐλοι
3122 1103 3266 1159 κατὰ
3298 1102 3486 1159 τοῦτον
3512 1104 3599 1157 τὸν
3633 1104 3738 1174 τρό-

2204 1218 2326 1268 πον,
2371 1199 2639 1253 εἰκοσιδύο
2690 1199 2789 1271 μὲν
2823 1197 3204 1269 ἀριθμοῦνται,
3244 1192 3555 1250 εἰκοσιεπτὰ
3592 1194 3643 1247 δὲ
3669 1195 3741 1247 eti-

2208 1292 2504 1365 ρίσκονται,
2530 1289 2619 1344 διὰ
2657 1290 2720 1343 τδ
2772 1288 2933 1342 πέντε
2967 1289 3026 1354 ἐξ
3052 1287 3230 1342 αὐτῶν
3253 1284 3595 1340 διπλοῦσθαιο
3643 1302 3742 1338 συν-

2202 1384 2431 1437 άπτεται
2478 1380 2585 1452 γὰρ
2620 1382 2658 1451 ἡ
2699 1380 2854 1434 Ῥοὺθ
2903 1382 3017 1443 τοῖς
3040 1379 3291 1449 Κριταῖς,
3318 1376 3378 1429 τδ
3402 1378 3422 1407 ⁸
3458 1377 3741 1447 ἀριθμεῖται

2203 1474 2333 1544 παρ’
2373 1472 2646 1543 Ἑϐραίοις
2671 1472 2769 1541 μία
2796 1469 3004 1541 βίϐλος·
3038 1470 3365 1522 συνάπτεται
3388 1469 3423 1540 ή
3451 1466 3630 1537 πρώτη
3652 1465 3744 1516 τῶν

2203 1560 2697 1634 Παραλειπομένων
2726 1564 2791 1633 τῇ
2815 1559 3065 1631 δευτέρᾳ,
3083 1559 3177 1612 καὶ
3196 1558 3413 1625 λέγεται
3440 1557 3538 1628 μία
3566 1556 3742 1625 βίϐλος·

2206 1654 2533 1707 συνάπτεται
2564 1655 2596 1724 ἡ
2628 1652 2819 1723 πρώτη
2853 1650 2961 1705 τῶν
2991 1650 3285 1703 Βασιλειῶν
3305 1652 3369 1720 τῇ
3404 1648 3642 1718 δευτέρᾳ,
3665 1646 3745 1698 καὶ

529 1740 657 1793 dum
691 1740 987 1810 Scriptum
1020 1741 1142 1795 libri
1173 1748 1409 1812 quatuor
1436 1740 1806 1796 voluminibus
1834 1740 2094 1809 quinque-

2200 1743 2415 1812 λέγεται
2450 1744 2549 1814 μία
2571 1742 2781 1814 βίϐλοςο
2819 1741 3202 1811 συνάπτεταιὴ
3235 1739 3481 1810 τρίτητῇ
3516 1737 3743 1807 τετάρτῃ,

528 1828 746 1899 partitis
780 1831 1162 1901 comprehensi
1193 1840 1342 1895 sunt,
1377 1848 1442 1887 ac
1465 1833 1575 1887 duo
1612 1832 1735 1886 libri
1767 1839 1920 1886 extra
1949 1830 2098 1885 ordi-

526 1934 651 1974 nem
691 1927 1072 1975 numerantur.
1121 1920 1303 1987 Quare
1328 1919 1544 1978 Veteris
1590 1922 1923 1977 Testamenti
1976 1920 2098 1975 libri

526 2024 719 2066 omnes
751 2010 856 2065 hac
893 2012 1035 2066 serie
1081 2022 1500 2082 percensentur.
1529 2012 1781 2082 Quinque
1816 2012 1884 2066 ad
1929 2012 2097 2082 legem

522 2100 842 2169 pertinent:
899 2100 1149 2169 Genesis,
1202 2101 1449 2167 Exodus,
1500 2101 1796 2167 Leviticus,
1858 2101 2097 2165 Numeri,

526 2183 1035 2246 Deuteronomium.
1078 2190 1204 2246 llaec
1234 2201 1319 2247 est
1366 2191 1794 2255 Pentateucbus,
1841 2206 1947 2261 qua
1988 2201 2098 2246 tota

523 2280 610 2335 lex
657 2281 971 2352 exponitur.
1031 2281 1350 2352 Sequuntur
1397 2282 1639 2353 quinque
1680 2282 1771 2335 alii
1814 2282 1960 2347 libri,
2004 2282 2096 2350 qui

522 2372 769 2426 versibus
808 2378 1101 2426 constant:
1135 2372 1258 2437 Job,
1291 2371 1641 2434 Psalterium,
1672 2370 1963 2425 Proverbia
2000 2371 2098 2423 Sa-

522 2457 780 2523 lomonis,
818 2456 1202 2521 Ecclesiastes,
1238 2458 1467 2514 Cantica
1498 2459 1860 2513 canticorum.
1894 2457 2097 2513 Deinde

526 2536 745 2601 tertium
774 2548 1036 2603 librorum
1062 2550 1375 2620 collegium,
1409 2563 1531 2619 quae
1555 2552 1794 2620 γραφεῖα
1815 2548 2094 2614 dicuntur,

522 2643 575 2689 et
600 2635 942 2707 Agiographa
963 2638 1244 2706 continet;
1275 2639 1585 2708 cuiusmodi
1613 2647 1762 2703 sunt,
1797 2640 1938 2693 liber
1966 2637 2094 2692 Jesu

524 2725 620 2779 lilii
654 2724 838 2789 Nave.
870 2725 1125 2781 Judicum
1159 2729 1317 2793 liber,
1346 2744 1469 2783 cum
1499 2730 1640 2784 libro
1674 2728 1853 2797 Ruth;
1888 2728 2091 2783 Parali-

522 2830 793 2886 pomenon
830 2817 1043 2887 primus
1088 2833 1210 2872 cum
1238 2818 1508 2885 secundo,
1542 2815 1853 2888 Regnorum
1884 2820 2096 2889 priores

520 2908 667 2977 duo,
724 2909 949 2964 totidem
996 2910 1332 2978 posteriores
1395 2910 1451 2963 in
1500 2925 1669 2964 unum
1709 2911 1960 2965 volumen
2007 2925 2095 2966 re-

523 3000 690 3055 dacti.
726 2999 971 3055 Tertium
1002 3002 1134 3055 illud
1165 3001 1452 3071 collegium
1484 3009 1604 3068 est;
1635 3009 1887 3071 quartum
1911 3001 2095 3071 sequi-

520 3097 649 3144 tur:
686 3092 738 3143 in
773 3090 917 3160 quod
950 3091 1235 3146 duodecim
1268 3090 1553 3161 Propheta:
1595 3093 1857 3156 minores,
1889 3091 2081 3157 Isaias,

520 3180 811 3248 Jcremias,
844 3182 1119 3242 Ezechiel.
1159 3198 1222 3237 ac
1257 3182 1444 3239 Daniel
1479 3183 1711 3252 coniecti
1742 3191 1889 3239 sunt.
1918 3184 2095 3254 Atque

521 3272 625 3326 hoc
658 3274 910 3328 volumen
941 3274 1329 3345 prophetarum
1358 3277 1562 3345 scripta
1587 3277 1853 3330 continet.
1878 3274 2095 3346 Reliqui

521 3373 653 3420 sunt
676 3366 801 3419 libri
833 3366 941 3420 duo
972 3386 984 3422 :
1022 3368 1123 3421 hoc
1151 3376 1234 3423 est
1264 3366 1456 3423 Esdrze
1490 3383 1654 3431 unus,
1679 3368 1771 3437 qui
1804 3370 2093 3437 separatim

522 3463 864 3518 numeratur,
890 3457 1030 3512 alius
1054 3456 1270 3512 Esther.
1302 3456 1379 3509 [ta
1408 3456 1519 3510 duo
1542 3464 1597 3512 et
1630 3457 1820 3527 viginti
1847 3458 1971 3512 libri
1995 3473 2094 3528 pro

523 3545 825 3600 litterarum
874 3545 1273 3602 chraicarum
1315 3563 1544 3602 numero
1585 3556 1898 3602 censentur.
1938 3546 2094 3614 Quod

523 3637 666 3691 enim
714 3638 782 3692 ad
820 3639 959 3694 duos
1002 3640 1127 3694 illos
1176 3640 1393 3705 attinet,
1434 3640 1526 3710 qui
1562 3641 1814 3711 versibus
1847 3641 2094 3696 distincti

520 3738 674 3792 sunt,
713 3727 1024 3787 Salomonis
1059 3731 1311 3786 videlicet
1356 3731 1717 3802 Sapientiam,
1754 3746 1876 3802 quae
1918 3730 2094 3785 Pana-

520 3832 671 3877 retus
700 3824 1041 3888 inscribitur,
1083 3832 1137 3881 et
1164 3823 1292 3880 Jesu
1321 3824 1446 3879 Filii
1475 3824 1667 3881 Sirach
1709 3827 1931 3891 librum,
1964 3824 2093 3881 Jesu

518 3916 754 3984 nepotis,
796 3915 891 3984 qui
936 3914 1231 3987 Sapientia:
1276 3917 1475 3972 librum
1522 3916 1786 3973 Hebraice
1842 3917 2087 3987 scripsit,

517 4021 680 4074 quem
726 4020 897 4075 nepos
937 4006 1058 4077 eius
1110 4006 1272 4064 Jesus
1314 4009 1505 4065 Graece
1553 4012 1826 4079 reddidit;
1871 4012 2092 4066 tametsi

518 4098 679 4152 utiles
712 4112 777 4151 ac
811 4096 1079 4155 fructuosi
1108 4101 1184 4155 illi
1211 4103 1343 4163 sint.
1378 4104 1433 4156 in
1463 4103 1871 4173 Scripturarum
1900 4118 2094 4158 nume-

519 4204 637 4240 rum
665 4204 1010 4257 nequaquam
1050 4191 1240 4245 referri
1274 4194 1473 4247 solent.
1508 4192 1662 4249 Unde
1698 4210 1800 4249 nec
1833 4195 1887 4247 iu
1922 4201 2092 4249 testa-

520 4275 684 4327 menti
714 4290 839 4328 arca
867 4278 1122 4332 collocati
1153 4288 1304 4332 sunt.

2202 1833 2295 1886 καὶ
2333 1832 2546 1900 λέγεται
2579 1831 2676 1901 μία
2725 1829 2932 1900 βίϐλοςσ
2972 1828 3145 1892 οὕτως
3187 1827 3316 1896 γοῦν
3361 1825 3663 1894 σύγκεινται
3698 1823 3743 1875 ai

2202 1920 2372 1991 βίϐλοι
2421 1923 2479 1973 έν
2522 1919 2905 1988 πεντατεύχοις
2934 1918 3312 1991 τέτταρσι,καὶ
3341 1916 3588 1989 μένουσιν
3610 1914 3744 1967 ἄλλαι

2199 2013 2293 2067 δύο
2339 2012 2691 2085 ὑστεροῦσαν
2740 2011 2816 2073 ὡς
2852 2007 2991 2063 εἶναι
3032 2012 3131 2072 τάς
3169 2007 3510 2070 ὲνδιαθέτους
3558 2004 3746 2075 βίϐλους

2199 2104 2401 2169 οὕτως’
2440 2104 2599 2156 πέντε
2645 2102 2746 2174 μὲν
2775 2102 3024 2172 νομικὰς,
3063 2100 3303 2165 Γένεσιν,
3338 2097 3579 2162 Ἕξοδον,
3611 2096 3747 2149 Λευῖ-

2198 2194 2369 2255 τικὸν,
2414 2190 2727 2263 Ἀριθμοὺς,
2778 2188 3226 2261 Δευτερονόμιονο
3282 2186 3424 2258 αῦτη
3480 2189 3517 2257 ἡ
3568 2182 3748 2239 Πεντά-

2198 2301 2387 2353 τευχος
2419 2283 2512 2336 καὶ
2542 2284 2575 2352 ὴ
2606 2280 2927 2352 νομοθεσξαο
2962 2279 3121 2332 πέντε
3152 2278 3261 2351 γάρ
3296 2279 3591 2348 στιχήρεις,
3618 2272 3748 2346 ήτοῦ

2211 2374 2328 2427 Ἰὼϐ
2375 2374 2574 2444 βίϐλος,
2624 2369 2745 2425 εἶτα
2794 2371 2854 2424 τὸ
2889 2371 3222 2442 Ψαλτήριον,
3270 2358 3552 2439 Παροιμία
3601 2365 3747 2419 Σαλοο

2200 2464 2427 2533 μῶντος,
2469 2461 2923 2533 Ἐκκλησιαστὴς,
2953 2456 3143 2531 *ᾼσμα
3174 2460 3433 2531 ᾀσμάτων
3456 2476 3471 2488 ·
3504 2455 3613 2512 εἶτα
3635 2456 3750 2525 ἄλλη

2197 2556 2553 2624 πεντάτευχος
2562 2553 2629 2606 τὰ
2642 2553 2949 2624 καλούμενα
2963 2550 3383 2624 Γραφεία,παρά
3398 2569 3447 2604 τι
3457 2568 3514 2603 σι
3533 2551 3586 2603 δὲ
3599 2547 3753 2616 Ἀγιά-

2197 2663 2382 2716 γραφα
2397 2646 2683 2717 λεγόμενα,
2708 2644 2864 2699 ἆτινά
2886 2647 3032 2697 ἐστιν
3054 2643 3225 2707 οὕτως
3244 2659 3259 2673 ο
3297 2643 3473 2711 Ἰησοῦ
3501 2642 3590 2695 τοῦ
3613 2639 3753 2707 Ναυῆ

2199 2736 2399 2807 βίϐλος,
2446 2735 2662 2806 Κριτῶν
2715 2734 2855 2807 μετά
2902 2738 3001 2806 τῆς
3042 2734 3222 2796 ῬοῦΟ,
3276 2733 3753 2802 Παραλειπομένων

2196 2829 2383 2900 πρώτη
2424 2828 2559 2899 μετὰ
2602 2826 2701 2897 τῆς
2745 2826 3023 2898 δευτέρας,
3070 2825 3365 2878 Βασιλειῶν
3402 2824 3594 2895 πρώτη
3634 2819 3756 2893 μετὰ

2196 2922 2294 2992 τῆς
2320 2921 2620 2991 τετάρτης⁹
2659 2918 2797 2989 αῦτη
2842 2918 2999 2989 τρίτη
3036 2917 3427 2985 πεντάτευχος·
3467 2915 3600 2983 άλλη
3644 2929 3756 2965 πεν-

2196 3013 2477 3083 τάτευχος,
2517 3012 2579 3064 τὸ
2616 3010 3137 3081 Δωδεκαπρόφητον,
3180 3009 3427 3071 Ἡσαΐας,
3482 3003 3757 3078 Ἱερεμίας,

2210 3104 2489 3175 Ἰεζεκιὴλ,
2537 3102 2769 3173 Δανιήλο
2818 3102 2915 3155 καὶ
2959 3100 3097 3170 αῦτη
3148 3098 3533 3171 ἡπροφητικὴ
3576 3096 3758 3151 πεντά-

2195 3212 2420 3267 τευχος⁹
2482 3195 2702 3266 ἔμειναν
2758 3194 2815 3249 δὲ
2874 3194 3029 3248 άλλαι
3080 3193 3200 3259 δύο,
3259 3192 3463 3255 αἵτινές
3522 3193 3624 3245 εἱσι
3669 3188 3759 3242 τοῦ

2199 3287 2403 3357 ¹Ἐσδρα
2436 3286 2535 3357 μία
2558 3285 2653 3339 καὶ
2691 3284 2831 3353 αῦτη
2864 3284 3210 3355 λογιζομένη,
3243 3284 3337 3337 καὶ
3369 3283 3507 3354 ἄλλη
3535 3280 3757 3353 βίϐλοςὴ

2193 3380 2293 3449 τῆς
2327 3380 2526 3450 Ἑσθὴρ
2576 3378 2862 3432 καλεῖται’
2900 3375 3297 3447 ἐπληρώθησαν
3328 3371 3420 3428 οῦν
3463 3377 3520 3428 αί
3570 3376 3759 3427 εἰκοσι-

2193 3468 2286 3523 δύο
2317 3468 2487 3539 βίϐλοι
2518 3468 2655 3522 κατὰ
2683 3468 2773 3521 τὸν
2802 3465 3034 3538 ἀριθμὸν
3060 3466 3171 3518 τῶν
3196 3464 3466 3518 εἰκοσιδύο
3498 3463 3762 3534 στοιχείων

2196 3563 2323 3633 παρ’
2358 3561 2652 3633 Ἑϐραίοις.
2687 3561 2752 3613 Δί
2779 3560 2887 3629 γὰρ
2919 3559 3191 3630 στιχηρεις
3219 3556 3311 3610 δύο
3342 3556 3539 3627 βίϐλοι,
3563 3556 3658 3625 ἥτε
3674 3551 3760 3605 τοῦ

2196 3653 2558 3724 Σολομῶντος,
2599 3655 2632 3722 ἡ
2675 3653 2984 3722 Πανάρετος
3029 3647 3318 3719 λεγομένη,
3354 3648 3447 3700 καὶ
3478 3650 3512 3717 ἡ
3541 3646 3634 3699 τοῦ
3670 3646 3765 3712 Ἰη-

2196 3742 2289 3797 σοῦ
2322 3743 2416 3795 τοῦ
2456 3743 2571 3796 υἱοῦ
2602 3742 2792 3813 Σιράχ,
2840 3737 3064 3807 ἐκγόνου
3105 3738 3162 3793 δὲ
3188 3737 3283 3791 τοῦ
3321 3738 3523 3809 Ἰησοῦ,
3559 3735 3651 3790 τοῦ
3678 3734 3761 3786 καὶ

2193 3833 2291 3904 τὴν
2322 3833 2522 3902 Σοφίαν
2549 3831 2832 3903 Ἐϐραϊστὶ
2861 3829 3191 3903 γράψαντος,
3218 3830 3284 3900 ἢν
3306 3831 3333 3883 ὀ
3359 3829 3584 3898 ἔκγονος
3608 3823 3763 3879 αὐτοῦ

2206 3923 2413 3996 Ἰησοῦς
2445 3922 2788 3995 ἑρμηνεύσας
2838 3923 3144 3994 Ἑλληνιστὶ
3187 3921 3421 3992 ἔγραψε·
3466 3922 3564 3974 καὶ
3611 3912 3761 3970 αὗται

2193 4017 2449 4087 χρήσιμοι
2500 4015 2598 4085 μέν
2632 4017 2735 4066 είσι
2790 4013 2884 4066 καὶ
2922 4014 3209 4084 ὠφέλιμοι,
3248 4011 3361 4065 ἀλλ’
3408 4012 3492 4075 είς
3541 4006 3766 4081 ἀριθμὸν

2196 4105 2373 4177 ῥητῶν
2406 4106 2505 4158 οὐκ
2536 4104 2914 4175 ἀναφέρονται.
2956 4104 3047 4158 Διὸ
3070 4104 3134 4176 δὴ
3176 4107 3233 4157 ὲν
3263 4103 3341 4174 τῷ
3380 4097 3761 4174 ’Δαρὼν’⁸(58)

2194 4192 2541 4263 ἀνετέθησαν,
2573 4191 2666 4245 τοῦ
2701 4208 2758 4243 τε
2787 4191 2807 4222 ’⁵
2834 4193 2889 4243 ὲν
2911 4192 2979 4262 τῇ
3005 4191 3102 4263 τῆς
3135 4191 3395 4263 διαθήκης
3423 4187 3665 4259 κιϐωτῷ.

589 4363 653 4417 ν.
691 4363 800 4417 Nec
832 4364 965 4419 illud
1003 4365 1170 4421 latere
1202 4374 1254 4421 te
1294 4366 1474 4431 debet,
1509 4368 1865 4425 honestarum
1907 4387 2087 4427 rerum

2265 4372 2341 4424 E'.
2382 4370 2541 4423 Ἀλλὰ
2590 4370 2685 4423 καὶ
2713 4369 2792 4423 ἔτι
2822 4368 2978 4423 τοῦτό
3022 4387 3079 4423 σε
3123 4370 3197 4441 μὴ
3238 4367 3522 4441 παρέλθοι,
3554 4362 3601 4420 ὦ
3625 4362 3773 4436 φιλό-

522 4453 797 4518 studiose,
831 4452 1155 4510 Psalterium
1188 4457 1257 4511 ab
1285 4456 1527 4515 Hebraeis
1563 4462 1805 4530 quinque
1834 4461 1889 4515 in
1919 4461 2090 4516 libros

531 4559 656 4601 esse
695 4546 990 4615 partitum;
1019 4562 1156 4602 nova
1181 4556 1240 4601 ut
1265 4549 1501 4605 indidem
1532 4551 1929 4621 pentateuchus
1950 4554 2093 4608 oria-

520 4643 630 4689 tur.
674 4636 891 4693 Primus
939 4636 1077 4691 liher
1105 4653 1135 4692 a
1172 4640 1348 4709 primo
1381 4642 1591 4712 psalmo
1633 4642 1699 4697 ad
1734 4644 2090 4712 quadragesi-

518 4743 664 4780 mum
695 4730 1009 4784 continetur
1036 4748 1048 4784 :
1087 4732 1364 4787 secundus
1390 4747 1419 4786 a
1444 4733 1864 4805 quadragesimo
1887 4734 1952 4787 ad
1978 4735 2090 4805 pri-

519 4833 665 4871 mum
717 4824 771 4872 ct
822 4821 1326 4891 septuagesimum;
1375 4824 1567 4878 tertius
1609 4838 1638 4877 a
1689 4826 2088 4894 septuagesimo

512 4910 755 4965 Secundo
809 4910 875 4963 ad
937 4913 1330 4980 octogesimum
1384 4923 1668 4981 octavum;
1744 4923 1974 4983 quartus
2020 4917 2089 4969 ab

514 5001 849 5072 octogesimo
886 5017 1031 5055 nono
1086 5002 1155 5057 ad
1210 5003 1566 5059 centesimum
1618 5005 1891 5073 quintum,
1928 5006 2089 5074 quin-

515 5080 605 5147 tus
630 5108 658 5144 a
697 5093 997 5147 centesimo
1028 5101 1183 5148 sexto
1209 5095 1273 5147 ad
1311 5095 1669 5148 centesimum
1701 5102 1754 5149 et
1798 5095 2075 5164 quinqua~

514 5186 780 5253 gesimum
816 5186 1149 5255 perducitur.
1193 5184 1327 5239 Nam
1362 5187 1676 5257 quicunque
1708 5188 1951 5256 psalmus
1984 5187 2086 5243 hoc

2197 4461 2351 4525 καλε,
2379 4461 2462 4514 ὅτι
2501 4462 2593 4513 καὶ
2619 4461 2679 4515 τὸ
2712 4462 3025 4533 Ψαλτήριον
3065 4460 3257 4513 διεῖλον
3294 4462 3373 4523 είς
3401 4459 3570 4512 πέντε
3599 4454 3773 4527 βιϐλία

2195 4555 2244 4606 οἱ
2282 4551 2545 4623 Ἑϐραῖοι,
2572 4552 2711 4606 ὥστε
2736 4550 2877 4607 εἶναι
2908 4554 3001 4607 καὶ
3029 4552 3161 4606 αὐτὸ
3189 4551 3355 4623 ἄλλην
3385 4550 3775 4618 πεντάτευχον.

2207 4644 2341 4697 Ἀπὸ
2363 4644 2470 4715 γὰρ
2502 4643 2717 4715 πρώτου
2745 4644 2962 4716 ψαλμοῦ
2993 4646 3122 4716 άχρι
3150 4640 3618 4711 τεσσαρακοστοῦ,
3651 4638 3779 4709 μίαν

2196 4734 2507 4804 ἐλογίσαντο
2558 4735 2777 4804 βίϐλονο
2811 4736 2918 4789 ἀπὸ
2970 4736 3026 4789 δὲ
3072 4732 3512 4806 τεσσαρακοστοῦ
3558 4729 3780 4804 πρώτου

2195 4825 2322 4897 ἄχρι
2349 4825 2443 4878 τοῦ
2471 4826 2867 4898 έϐδομηκοστοῦ
2907 4826 3147 4900 πρώτου,
3173 4826 3426 4897 δευτέραν
3455 4823 3748 4893 ἡγήσαντο
3768 4835 3783 4849 ·

2196 4916 2301 4969 ἀπὸ
2329 4914 2728 4985 ὲϐδομηκοστοῦ
2760 4917 3009 4988 δευτέρου
3045 4918 3149 4981 ἕως
3173 4912 3536 4987 ὀγδοηκοστοῦ
3564 4912 3789 4981 ὀγδόου;

2191 5006 2374 5078 τρίτον
2395 5007 2597 5076 βιϐλίον
2620 5009 2942 5081 ἐποιήσαντο
2965 5026 2978 5039 ο
3010 5009 3118 5062 ἀπὸ
3146 5007 3201 5061 δὲ
3231 5005 3601 5077 ὀγδοηκοστοῦ
3632 5002 3791 5056 ἒννάο

2192 5116 2284 5151 του
2330 5099 2436 5162 ἕως
2478 5100 2770 5153 ἑκατοστοῦ
2821 5101 3095 5171 πέμπτου,
3152 5100 3417 5170 τετάρτην
3469 5096 3781 5166 ὲττοίησαν”

2192 5189 2301 5243 ἀπὸ
2334 5189 2389 5243 δὲ
2419 5190 2713 5244 έκατοστοῦ
2761 5190 2921 5245 ἕκτου
2962 5191 3067 5255 ἕως
3099 5190 3193 5245 τοῦ
3236 5188 3536 5243 ἑκατοστοῦ
3582 5203 3789 5255 mimi-

584 5339 604 5372 ¹
631 5337 757 5409 Leg.
788 5339 946 5409 ἀλέφ.
1020 5341 1041 5371 ⁸
1070 5338 1131 5395 F.
1160 5341 1273 5394 καί.
1346 5340 1368 5371 ³
1396 5339 1623 5412 Negatio
1650 5340 1876 5397 forsitan
1911 5340 2082 5396 deest.

2210 5341 2270 5395 C.
2307 5343 2567 5396 τουτέστι.

587 5456 702 5527 (58)
727 5459 822 5511 Διὸ
848 5458 1008 5531 δὲέν
1036 5458 1116 5531 τῷ
1152 5459 1396 5528 Ἀαρών.
1424 5459 1551 5531 Leg.
1590 5460 1642 5513 Ἀ
1656 5458 1786 5531 ρών,
1823 5459 2088 5516 llebraice

515 5534 639 5613 τΓικ
670 5543 850 5582 arcam
892 5530 1180 5599 sigtulicat.
1213 5530 1384 5596 Quam
1416 5530 1601 5584 vocem
1652 5530 1739 5583 hic
1791 5532 1984 5600 opinor
2012 5530 2090 5583 al-

521 5617 622 5670 teri
656 5618 1115 5675 substituendani.
1152 5620 1479 5678 Persuasum
1511 5623 1701 5677 habuit
1734 5622 2089 5693 Epiphanius,

2198 5476 2384 5517 saeros
2433 5464 2649 5519 codices
2681 5464 2733 5518 in
2782 5479 2908 5519 arca
2956 5464 3267 5520 reconditos
3318 5463 3529 5527 fuisse;
3570 5461 3625 5515 si
3673 5460 3792 5514 haec

2198 5541 2326 5584 sunt
2372 5532 2679 5605 Epiphanii,
2731 5542 2915 5588 etnon
2977 5535 3139 5605 inepti
3166 5534 3498 5604 cuiuspiam,
3537 5532 3641 5603 qui
3690 5531 3793 5586 has

2200 5616 2373 5672 nugas
2410 5602 2475 5655 ad
2501 5619 2650 5657 oram
2674 5606 3021 5676 ascripserat.
