3916 6196
488 272 592 329 247

1894 262 1954 321 S.
1970 262 2325 357 ἶΕΡΙΡΗΑΝΙΙ
3607 263 3694 323 9-88

558 386 675 442 VII.
730 385 823 444 Sic
875 385 1040 458 igitur
1092 382 1351 452 praeclare
1392 378 1656 450 Origenes
1702 378 1965 446 instituit,
2008 387 2062 449 et

2237 370 2435 448 2'.“th
2460 378 2516 431 δὲ
2563 376 2712 447 αὑτῷ
2755 375 2942 449 τρόπῳ
2975 378 3004 430 ὀ
3030 377 3312 447 Ὠριγένης
3349 377 3521 440 καλῶς
3556 380 3700 436 ποιῶν

490 477 634 535 obeli
672 487 855 533 notam
875 477 1172 549 prudenter
1194 470 1467 542 apposuit.
1498 470 1601 536 Qui
1633 471 1841 525 utinam
1874 472 1927 525 in
1961 484 2065 525 e2-

492 572 626 625 teris
650 584 898 641 peraeque
933 565 1141 620 laudari
1174 564 1393 633 posset!
1427 560 1564 616 Cum
1596 563 1743 617 enim
1774 562 1840 617 ad
1870 561 2067 617 editio-

494 677 591 716 nes
641 677 691 714 v1
740 658 1059 713 chraicam
1100 653 1417 724 adiecisset,
1454 653 1571 708 suis
1616 667 1680 708 ac
1712 652 1949 723 propriis
1978 669 2068 709 vo-

499 750 653 803 cibus
698 748 1007 815 litterisque
1042 752 1409 810 constantem,
1438 752 1621 799 etuna
1673 744 1871 815 pagina
1925 760 2067 800 com-

489 834 838 907 prehensam,
853 834 1016 887 aliam
1042 820 1268 904 insuper
1289 840 1344 887 et
1366 833 1671 902 oppositam
1693 834 1924 897 addidit,
1946 851 2066 905 qua:

491 922 785 977 Ilcbraieas
823 937 983 978 voces
1025 921 1230 979 Grmeis
1263 923 1459 980 litteris
1486 939 1550 978 ac
1585 925 1775 995 ﬁguris
1812 934 2064 983 exaratas

491 1013 816 1079 contineret,
860 1020 918 1067 ut
958 1014 1051 1084 qui
1097 1013 1364 1070 Hebraice
1406 1015 1704 1081 nescirent,
1751 1015 2062 1073 Graecorum

490 1092 884 1181 elementorum
919 1106 1185 1161 beneﬁcio
1224 1105 1618 1163 Hebraiearum
1664 1111 2060 1165 sententiarum

488 1197 599 1250 vim
640 1213 704 1251 ac
749 1206 1077 1268 potestatem
1110 1198 1514 1268 intelligerent.
1563 1200 1750 1270 Itaque
1788 1201 1843 1255 in
1885 1205 2058 1256 Hexa-

485 1285 612 1355 plis,
633 1286 936 1355 Octaplisve
986 1293 1101 1345 suis
1130 1304 1253 1345 cum
1274 1288 1570 1345 IIebraieas
1598 1290 1734 1347 duas
1762 1292 1985 1362 paginas
2013 1308 2061 1346 VI

491 1375 851 1443 lnterpretum
918 1376 1255 1433 editionibus
1308 1380 1687 1448 opposuisset,
1764 1382 2062 1451 plurimum

488 1466 757 1530 studiosis
785 1467 1105 1525 hominibus
1128 1470 1196 1525 ad
1227 1471 1557 1527 eruditionis
1583 1488 1647 1527 ac
1673 1472 1937 1527 doctrina:
1965 1488 2064 1527 co-

488 1558 631 1625 piam
672 1559 926 1614 utilitatis
970 1561 1171 1615 attulit.
1219 1562 1401 1632 Atque
1441 1564 1648 1619 utinam
1685 1566 1740 1619 in
1784 1566 1909 1621 aliis
1947 1566 2063 1622 suis

487 1648 747 1716 operibus
770 1666 877 1704 non
903 1652 1132 1721 turpiter
1155 1653 1491 1718 aberrasset,
1527 1671 1704 1726 neque
1729 1656 1833 1711 sibi
1878 1670 1942 1710 ac
1966 1657 2062 1711 toti

488 1745 760 1793 terrarum
785 1740 907 1793 orbi
938 1741 1207 1811 insignem
1230 1743 1582 1814 imposuisset
1619 1746 1898 1814 injuriam,
1931 1746 2061 1801 dum

486 1838 541 1881 et
584 1828 651 1882 de
704 1829 807 1884 ﬁde
844 1847 1129 1902 perperam
1169 1835 1359 1899 sentit,
1406 1844 1459 1891 et
1502 1836 1713 1890 inﬁnita
1765 1836 2063 1907 Scriptura:

487 1920 606 1974 loca
646 1936 813 1990 prava
858 1923 1312 1993 interpretatione
1343 1928 1681 1998 corrumpit!
1735 1928 1841 1984 Sed
1891 1940 1949 1985 ut
1994 1930 2063 1986 ad

484 2005 797 2061 institutam
845 2009 909 2064 dc
948 2011 1107 2065 obelo
1158 2015 1528 2069 narrationem
1565 2017 1807 2083 redeam,
1847 2021 2059 2087 obelus,

486 2104 545 2148 nt
580 2098 742 2166 paulo
767 2109 895 2154 ante
921 2100 1057 2167 dixi,
1086 2117 1116 2155 a
1143 2106 1422 2160 nonnullis
1454 2108 1639 2162 lancea
1668 2110 1893 2175 dicitur,
1916 2114 2060 2182 quod

484 2186 650 2257 gladii
692 2206 865 2257 genus
896 2202 973 2249 est
1011 2194 1079 2247 ad
1108 2196 1313 2251 caedem
1344 2195 1650 2253 faciendam
1677 2202 1849 2256 utilis.
1882 2202 2065 2269 Quare

483 2279 801 2350 ubicunque
822 2282 991 2337 dictio
1005 2286 1269 2355 quaepiam
1280 2288 1541 2355 occurrit,
1562 2304 1683 2359 qua:
1702 2290 1851 2356 apud
1863 2287 2051 2343 LXXII

481 2374 705 2442 legitur,
748 2375 801 2429 in
838 2375 1066 2431 Hebraeo
1096 2392 1223 2431 vero
1250 2393 1363 2434 non
1396 2380 1548 2448 item,
1581 2383 1775 2437 obelus
1800 2376 2064 2439 voeabqu

484 2463 613 2516 huic
668 2464 983 2534 adjunctus,
1038 2467 1091 2519 in
1149 2479 1408 2533 matrice,
1457 2486 1523 2525 ac
1568 2473 1718 2527 velut
1762 2474 2063 2545 Scriptura:

483 2554 625 2619 solo,
673 2562 727 2607 ct
774 2553 1132 2609 fundamento
1165 2557 1358 2613 deesse
1394 2561 1689 2631 signiﬁcat,
1720 2580 1819 2619 nec
1847 2580 1913 2621 eo
1941 2567 2063 2622 loco

483 2644 734 2715 reperiri.
761 2646 1039 2701 Ilaetenus
1070 2644 1138 2703 de
1172 2649 1441 2706 asterisco
1473 2661 1527 2708 et
1550 2654 1729 2709 obelo.

557 2823 689 2879 VIII.
752 2824 1067 2881 Proximum
1104 2837 1189 2883 est
1232 2838 1291 2883 ut
1328 2830 1395 2887 de
1448 2831 1735 2899 lemnisco,
1790 2842 1845 2888 et
1892 2834 2066 2904 hypo-

482 2920 747 2974 lctnniseo
771 2918 1062 2974 dicendum
1095 2921 1367 2978 videatur.
1406 2923 1729 2981 Lemniseus
1761 2926 1863 2981 hac
1888 2925 2061 2980 forma

481 3012 796 3084 depingitur
840 3019 932 3083 ——:

483 3111 686 3173 puncta
718 3137 734 3165 ,
767 3118 1003 3172 quorum
1036 3103 1269 3158 alterum
1300 3117 1491 3171 supra,
1523 3103 1753 3156 alterum
1787 3102 1929 3156 infra
1957 3106 2065 3158 col-

487 3192 721 3255 locatur,
757 3192 1102 3262 interjeetus,
1131 3192 1185 3247 id
1214 3192 1362 3263 quod
1403 3208 1432 3245 a
1472 3192 1719 3259 medicis,
1752 3209 1817 3247 ac
1846 3195 2064 3249 chirur-

481 3281 603 3350 gica
634 3282 923 3335 vulnerum
973 3284 1261 3339 curatione
1291 3285 1619 3339 translatum
1650 3294 1891 3353 putatur,
1937 3303 2062 3341 cum

481 3372 720 3441 simplici
754 3374 1007 3444 utrinque
1043 3376 1288 3430 sectione
1326 3375 1511 3439 ducta,
1545 3377 1847 3447 intercepta
1870 3394 2065 3448 corpo-

483 3464 558 3528 ris
584 3454 740 3536 165
769 3480 894 3534 pars
919 3466 1059 3520 obeli
1090 3466 1315 3538 ﬁguram
1340 3468 1538 3534 relert;
1571 3478 1681 3522 tum
1709 3481 2062 3539 concerptum

482 3553 829 3608 linimentmn
862 3556 916 3610 in
963 3564 1183 3625 tenuem
1232 3566 1287 3613 et
1332 3558 1622 3629 oblongam
1665 3559 1897 3612 formam
1948 3574 2068 3629 pro-

474 3645 707 3698 ductum
752 3662 846 3715 per
896 3656 1189 3721 utramque
1232 3650 1533 3705 sectionem
1571 3650 1865 3719 trajicitur.
1908 3650 2067 3705 Lem-

482 3742 673 3791 niscus
696 3728 839 3805 enim
872 3739 1019 3793 istud
1050 3756 1081 3794 a
1104 3727 1339 3795 medicis
1369 3742 1796 3811 appellarisolct
1819 3758 1847 3795 a
1877 3741 2065 3796 Graeca

481 3842 615 3883 voce
636 3829 953 3899 λιμνάζειν,
986 3833 1133 3902 quod
1167 3834 1220 3886 in
1252 3833 1565 3887 bumectum
1600 3834 1780 3887 locum
1812 3834 2067 3888 linimen-

482 3929 597 3974 tum
631 3921 763 3975 illud
809 3921 1039 3975 inditum
1074 3923 1323 3977 humoris
1366 3923 1526 3994 copia
1558 3924 1846 3979 redundet.
1887 3924 2063 3989 Quatn

481 4014 552 4065 ob
584 4027 807 4081 causam
859 4013 1032 4068 sacris
1085 4013 1371 4069 codicibus
1416 4029 1537 4070 eam
1586 4021 1772 4069 notam
1809 4014 2068 4082 ascripsit

482 4104 745 4175 Origenes
770 4122 785 4159 :
819 4113 877 4160 ut
905 4106 1117 4175 quoties
1144 4105 1202 4159 in
1222 4102 1789 4173 LXXIIInterpretum
1824 4106 2068 4161 editione

482 4178 888 4265 discrepantem
922 4197 1163 4265 aliquam
1187 4211 1404 4259 vocem,
1437 4195 1584 4265 quod
1618 4210 1745 4249 raro
1786 4196 2065 4259 usuvenit,

1055 3052 1068 3065 .
1132 3012 1339 3084 Estque
1404 3016 1690 3085 longurius
1751 3017 1894 3070 inter
1953 3018 2063 3071 duo

2166 3017 2238 3081 ὡς
2260 3016 2371 3087 ἔχει
2392 3016 2452 3068 τὺ
2471 3015 2830 3091 προκείμενον

2168 470 2424 542 ἐποίησεν
2460 468 2652 532 οὕτως,
2683 468 2777 523 καὶ
2804 467 2933 538 περὶ
2956 466 3051 520 τοῦ
3098 465 3288 520 ὀϐελοῦ
3314 468 3414 537 τὴν
3440 469 3703 537 σημείωσιν

2166 563 2478 632 ἐποιήσατο.
2494 543 2621 613 Εῐθέ
2640 554 2733 613 οὗν
2754 560 2848 612 καὶ
2867 558 2935 613 τὰ
2960 558 3096 612 ἄλλα
3116 558 3259 610 οὕτω
3277 556 3454 620 καλῶς
3480 559 3700 629 ὲποίησεί

2165 650 2275 716 Τὰς
2304 652 2412 722 γὰρ
2482 651 2541 716 ἒξ
2593 648 2889 721 ἑρμηνείας
2926 649 3021 702 καὶ⁵
3052 647 3150 718 τὴν
3182 646 3475 718 Ἐϐραῖκὴν
3516 650 3705 720 γραφήν

2177 742 2486 813 Ἑϐραϊκοῖς
2519 740 2805 811 στοιχείοις
2846 740 2940 793 καὶ
2985 740 3223 814 ῥήμασιν
3260 740 3444 803 αὐτοῖς
3480 740 3535 791 ὲν
3563 740 3705 794 σελίδι

2168 835 2267 905 μιᾷ
2316 832 2700 896 συντεθεικὼς,
2756 830 2922 903 ἄλλην
2983 830 3164 883 σελίδα
3219 830 3632 901 ἀντιπαράθετον
3665 832 3706 884 οἱ

2174 924 2502 993 Ἑλληνικῶν
2550 924 2646 995 μὲν
2679 922 3043 995 γραμμάτων,
3082 920 3387 993 Ἑϐραϊκῶν
3419 921 3475 974 δὲ
3515 921 3704 987 λέξεων,

2165 1016 2301 1086 πρὸς
2327 1015 2628 1087 κατάληψιν
2651 1014 2759 1067 τῶν
2801 1013 2876 1084 μὴ
2908 1012 3126 1066 εἰδότων
3166 1010 3429 1083 Ἑϐραῖκά
3478 1015 3706 1081 στοιχεῖα,

2165 1108 2246 1169 είς
2278 1107 2338 1158 τὸ
2381 1106 2470 1159 διὰ
2510 1105 2618 1159 τῶν
2664 1103 2992 1175 Ἑλληνικῶν
3039 1102 3237 1156 είδέναι
3284 1103 3392 1155 τῶν
3434 1103 3708 1173 Ἑϐραϊκῶν

2163 1196 2356 1263 λογίων
2383 1196 2481 1267 τὴν
2513 1195 2771 1266 δύναμινσ
2814 1194 2908 1247 καὶ
2935 1193 3107 1256 οὕτως
3139 1195 3253 1255 τοῖς
3297 1192 3602 1263 λεγομένοις
3632 1194 3707 1246 ὑπ’

2164 1287 2330 1341 αὑτοῦ
2362 1287 2677 1353 Ἑξαπλοῖς
2701 1287 2735 1358 ἢ
2765 1284 3139 1350 Ὀκταπλοῒς,
3160 1283 3261 1345 τὰς
3280 1285 3381 1355 μὲν
3403 1284 3499 1336 δύο
3522 1283 3711 1355 Ἑϐραϊ-

2165 1379 2267 1442 κάς
2286 1378 2495 1441 σελίδας
2521 1379 2615 1431 καὶ
2637 1377 2737 1441 τὰς
2755 1377 2814 1442 ἓξ
2829 1376 2936 1429 τῶν
2949 1374 3298 1446 ὲρμηνευτῶν
3313 1376 3379 1427 ὲκ
3399 1376 3711 1446 παραλλήλου

2164 1470 2571 1542 ἀντιπαραθεὶς,
2604 1450 2845 1540 μεγάλην
2868 1467 3134 1537 ὠφέλειαν
3157 1465 3413 1534 γνώσεως
3435 1466 3590 1519 ἔδωκε
3616 1470 3713 1529 τοῖς

2164 1561 2493 1631 φιλοκάλοις.
2546 1560 2671 1614 Εἴθε
2701 1560 2757 1612 δὲ
2790 1560 2883 1615 καὶ
2919 1559 2977 1610 ὲν
3018 1560 3132 1621 τοῖς
3178 1556 3345 1609 αὑτοῦ
3401 1559 3714 1627 συντάγμασι

2168 1652 2243 1724 μὴ
2273 1651 2571 1722 παρέπεσε,
2609 1650 2704 1703 καὶ
2744 1649 2936 1702 ἑαυτὸν
2969 1648 3063 1701 καὶ
3104 1647 3195 1700 τὸν
3242 1646 3445 1716 κόσμον
3487 1647 3713 1716 ἠδίκησε,

2093 1721 2137 1777 Β
2165 1721 2710 1812 κακῶςδογματίσας
2737 1738 2807 1791 τὰ
2836 1738 2966 1809 περὶ
2998 1736 3255 1800 πίστεως,
3292 1737 3391 1789 καῖ
3414 1736 3481 1789 τὰ
3520 1735 3716 1788 πλεῖστα

2163 1835 2272 1889 τῶν
2299 1833 2531 1905 Γραφῶν
2573 1829 2759 1894 κακῶς
2785 1828 2999 1901 φράσας
3022 1829 3034 1881 l
3072 1827 3233 1881 Ἀλλά
3257 1828 3385 1897 περὶ
3412 1828 3512 1879 τοῦ
3552 1826 3717 1880 ὀϐελοῦ

2164 1921 2319 1989 αὖθις
2368 1921 2703 1993 ἐπιλήψομαι
2749 1920 2848 1989 τῆς
2896 1918 3223 1990 διηγήσεως.
3266 1917 3541 1987 Ἐφαμεν,
3585 1919 3657 1970 ὅτι
3693 1919 3718 1971 ὁ

2162 2017 2347 2078 ὀϐελὸς
2372 2014 2544 2085 λόγχη
2566 2012 2811 2081 λέγεται·
2842 2009 2996 2079 ξίφος
3024 2010 3081 2063 δέ
3120 2012 3236 2062 ἐστι
3265 2009 3424 2064 τοῦτο
3465 2013 3722 2082 ἀναιρετι-

2164 2112 2281 2163 κόν.
2315 2106 2487 2160 Ἔνθα
2516 2106 2695 2158 τοίνυν
2726 2105 2759 2174 ή
2797 2102 2943 2167 λέξις
2975 2102 3285 2172 εὑρίσκεται
3321 2102 3473 2173 παρὰ
3514 2104 3606 2172 μὲν
3626 2103 3723 2163 τοϊς

2174 2194 2670 2268 Ἑϐδομηκονταδύο
2694 2194 2981 2263 κειμένους
3012 2194 3051 2257 ¹,
3076 2195 3134 2246 ὲν
3160 2192 3216 2244 δὲ
3243 2193 3322 2263 τῷ
3358 2192 3625 2264 Ἑϐραῖκῷ
3659 2191 3723 2261 μὴ

2164 2288 2622 2362 ἀναφερομένους,
2653 2288 2717 2340 ὲκ
2755 2286 2857 2355 τῆς
2896 2285 2989 2338 τοῦ
3023 2283 3210 2338 ὀϐελοῦ
3251 2283 3602 2355 σημειώσεως
3639 2282 3722 2334 τοῦ

2162 2382 2229 2451 τῇ
2251 2379 2394 2442 λέξει
2428 2376 2834 2448 παρακειμένου
2876 2374 3148 2447 δηλοῦται,
3180 2375 3264 2428 ὅτι
3305 2374 3578 2444 ἀνῄρηται
3603 2374 3629 2425 ὀ
3651 2371 3727 2423 λόο

2163 2490 2259 2541 γος
2286 2472 2393 2524 ἀπὸ
2422 2469 2516 2523 τοῦ
2547 2467 2864 2539 γεννητικοῦ
2896 2468 3087 2533 τόπου,
3122 2468 3240 2536 ήτοι
3272 2465 3364 2519 τοῦ
3392 2466 3620 2535 ἐδάφους
3640 2463 3727 2533 τῆς

2162 2562 2406 2634 Γραφῆς,
2434 2562 2510 2624 ὡς
2555 2562 2631 2631 μὴ
2663 2560 2924 2629 ὑπάρχων
2974 2560 3031 2610 ὲν
3080 2557 3158 2627 τῷ
3187 2557 3338 2627 τόπῳ
3381 2556 3485 2627 τῆς
3534 2555 3726 2607 Βίϐλον.

2167 2656 2275 2707 Καὶ
2318 2652 2492 2706 ταῦτα
2529 2651 2627 2721 μὲν
2668 2650 2795 2721 περὶ
2824 2648 2917 2702 τοῦ
2948 2648 3276 2719 ἀστερίσκου
3314 2647 3408 2700 καὶ
3438 2646 3537 2700 τοῦ
3559 2642 3729 2698 ὀϐελοῦ

2162 2744 2532 2816 διηγησάμην.

2235 2836 2316 2891 II'.
2345 2835 2543 2889 Λοιπὸν
2569 2834 2663 2886 καὶ
2706 2832 2835 2903 περὶ
2861 2831 2956 2884 τοῦ
2997 2830 3283 2900 λιμνίσκου
3314 2831 3408 2883 καὶ
3454 2825 3732 2899 ὑπολιμνί-

2166 2944 2294 2981 σκου
2325 2927 2630 2997 διηγητέον.
2650 2923 2949 2994 Λιμνίσκον
2966 2921 3097 2992 γοῦν
3125 2923 3215 2975 τὸν
3240 2921 3386 2975 οὕτω
3402 2921 3734 2994 γραφόμενον

2950 3019 3062 3082 ξ·-
3102 3014 3325 3085 σημεῖόν
3353 3014 3495 3079 ἐστι,
3519 3007 3734 3083 γραμμὴ

2864 3042 3062 3058 —

2169 3110 2286 3179 μία,
2348 3107 2787 3179 μεσολαϐουμένη
2838 3110 2944 3162 ὑπὸ
2996 3108 3352 3179 κεντημάτων
3398 3105 3520 3169 5‘50,
3576 3104 3735 3156 είτονν

2166 3197 2431 3268 στιγμῶν,
2477 3200 2605 3267 μιᾶς
2640 3197 2739 3268 μὲν
2777 3198 2962 3252 ἐπάνω
2993 3198 3183 3265 οὔσης,
3216 3197 3316 3266 τῆς
3342 3196 3400 3250 δὲ
3428 3196 3601 3266 ἄλλης
3624 3194 3737 3245 ὑπο·

2164 3289 2333 3353 κάτω,
2367 3288 2519 3358 παρὰ
2546 3289 2750 3359 ἰατροῖς
2777 3288 3173 3356 φυσιολογικῶς
3204 3286 3472 3357 εὑρῆσθαί
3506 3302 3632 3355 φασι
3653 3282 3736 3334 καὶ

2163 3378 2502 3449 ὠνομάσθαι,
2529 3377 2637 3431 ἀπὸ
2666 3379 2765 3449 τῆς
2797 3379 2940 3433 κατά
2964 3378 3023 3432 τὸ
3064 3378 3223 3448 σῶμα
3254 3378 3631 3447 χειρουργίας,
3657 3371 3740 3425 δύο

2169 3468 2268 3537 μὲν
2300 3466 2486 3521 ἁπλῶν
2508 3467 2691 3539 τομῶν
2721 3468 3137 3540 διαιρουμένων,
3168 3468 3347 3519 εἴτουν
3375 3464 3737 3537 τεμνομένων,

2170 3561 2333 3630 μέσον
2366 3558 2422 3612 δὲ
2464 3559 2575 3612 τῶν
2614 3560 2708 3612 δύο
2754 3560 3019 3630 αἱρέσεων
3047 3562 3067 3590 ¹
3096 3558 3189 3611 τοῦ
3235 3558 3544 3628 τμηθέντος
3587 3555 3741 3607 τόπου

2164 3649 2387 3712 διαστὰς
2420 3650 2440 3680 ⁸
2470 3652 2599 3720 παρ’
2630 3651 2895 3722 ἑκατέρας
2933 3651 3121 3714 ἁπλῶς
3152 3652 3174 3681 δ
3201 3649 3295 3702 δύο
3332 3648 3533 3717 τομὰς,
3567 3640 3742 3699 ὀϐελοῦ

2167 3742 2351 3811 σχῆμα
2380 3740 2474 3793 τοῦ
2520 3740 2773 3811 σώματος
2815 3742 3204 3803 ἀποτελοῦντος
3230 3742 3308 3803 δὲ,
3346 3740 3375 3792 ὃ
3413 3740 3537 3793 ἐστι
3576 3733 3743 3789 λινοῦν

2169 3833 2357 3904 ῥάκος,
2389 3836 2468 3896 εἰς
2496 3833 2692 3886 λεπτὸν
2734 3834 2828 3886 καὶ
2860 3834 3070 3904 μακρὸν
3102 3833 3287 3904 σχῆμα
3315 3830 3743 3901 ἀποτμηθέντος.

2167 3923 2573 3993 ἐμϐαλλομένου
2606 3922 2712 3975 ἀπὸ
2741 3922 2838 3991 τῆς,
2882 3923 3011 3991 μιᾶς
3044 3920 3362 3988 διαιρέσεως
3397 3917 3500 3970 καὶ
3546 3917 3624 3977 εἰς
3655 3910 3745 3979 τὴν

2167 4015 2334 4086 ἀλλην
2388 4015 2777 4085 διαπερῶντος.
2808 4014 3105 4083 Λιμνίσκος
3136 4012 3229 4065 ὑπ’
3275 4010 3458 4063 αὐτῶν
3512 4008 3621 4061 τῶν
3672 4008 3749 4056 ία-

2167 4107 2312 4178 τρῶν
2340 4106 2452 4177 (59)
2483 4106 2663 4169 καλῶς
2683 4104 2906 4175 ἐκλήθη,
2930 4105 3017 4157 διὰ
3035 4104 3095 4155 τὸ
3116 4102 3400 4173 λιμνάζειν
3423 4098 3745 4166 κλυζόμενω

2167 4199 2258 4251 τὸν
2285 4196 2445 4269 μοτὸν
2476 4200 2533 4249 ὲν
2555 4200 2667 4259 τοϊς
2694 4198 2863 4251 τόπου
2893 4198 3082 4266 ὑγροῖς
3100 4212 3113 4225 ο
3139 4195 3220 4247 διὸ
3256 4193 3349 4246 καὶ
3376 4192 3541 4245 τοῦτο
3573 4189 3633 4241 τὸ
3658 4183 3747 4238 τοῦ

485 4286 779 4355 rcpcrcris,
815 4302 937 4354 qua:
966 4286 1033 4338 ad
1071 4286 1384 4354 superiores
1416 4301 1522 4337 non
1553 4283 1849 4347 adhaereat,
1888 4298 2063 4356 neque

2172 4288 2399 4357 σημείου
2436 4287 2623 4356 σχῆμα
2654 4288 2767 4349 τοῖς
2801 4284 2969 4347 θείοις
3013 4283 3195 4350 λόγοις
3235 4280 3532 4352 παρέθετο,
3571 4277 3633 4329 ἶν’
3665 4276 3748 4327 ὅτε

483 4376 757 4430 similibus
791 4377 1087 4446 conjuncta
1134 4377 1225 4440 sit,
1261 4392 1327 4429 ex
1365 4375 1579 4443 duobus
1612 4376 1829 4442 punctis
1862 4375 2063 4428 intelli-

2172 4378 2411 4441 σπανίως
2446 4395 2547 4429 που
2580 4377 2759 4448 εὕροις
2795 4379 2853 4429 ἐν
2880 4380 2945 4446 τῇ
2986 4375 3095 4427 τῶν
3137 4369 3639 4442 Ἑϐδομηκονταδύο
3663 4368 3743 4435 ἐρ·

483 4480 580 4533 gas
614 4480 781 4519 unum
812 4467 1112 4530 alterumve
1145 4481 1240 4537 par
1282 4466 1643 4535 interpretum
1677 4481 1863 4519 vocent
1917 4466 2063 4519 illam

2178 4468 2372 4539 μηνείᾳ
2417 4468 2793 4537 διαφωνοῦσαν
2827 4468 2993 4531 λέξιν,
3042 4467 3105 4518 οὐ
3145 4466 3249 4536 μὴν
3297 4462 3605 4534 παροῦσαν,
3637 4457 3752 4510 οὐδὲ

484 4556 538 4625 in
566 4571 665 4610 sua
693 4546 1161 4627 interpretatione
1182 4557 1453 4627 posuisse.
1476 4554 1610 4621 Quae
1632 4556 1851 4624 quidem
1881 4558 2063 4618 ambo,

2174 4562 2653 4631 προστεταγμένην
2681 4562 2702 4592 ⁸
2730 4563 2851 4623 ταῖς
2895 4559 3110 4630 ὁμοίαις
3153 4560 3290 4627 αὐτῇ
3339 4556 3541 4622 λέξεσι,
3574 4550 3754 4621 γνοὺς,

482 4649 566 4702 vel
598 4648 801 4713 similia
844 4649 1218 4703 nominantur.
1254 4647 1358 4703 Sed
1389 4656 1447 4701 ut
1481 4664 1570 4703 res
1604 4656 1715 4717 tota
1749 4648 1963 4719 planior
1996 4651 2063 4703 sit

2172 4653 2254 4705 ὅτι
2280 4651 2385 4703 ὑπὸ
2414 4653 2541 4721 μιᾶς
2575 4651 2745 4721 ςυγῆς
2774 4652 2806 4720 ἢ
2850 4650 2943 4703 δύο
2985 4649 3126 4717 αὕτη
3154 4646 3476 4719 ήρμηνεὺθη
3522 4648 3554 4715 ή
3590 4643 3755 4707 λέξις.

483 4758 551 4794 ac
598 4738 833 4804 facilior,
892 4742 1083 4813 paucis
1126 4741 1194 4795 de
1244 4756 1307 4795 ea
1345 4740 1628 4809 disputare
1678 4755 1787 4793 non
1835 4740 2063 4809 pigebit.

2170 4742 2259 4795 διὰ
2309 4742 2379 4795 τὰ
2432 4742 2808 4811 παρακείμενα
2854 4743 2947 4795 δύο
2992 4744 3337 4811 κεντήματα·
3394 4739 3649 4791 καλεῖται
3703 4735 3756 4787 8‘:

482 4832 618 4885 Cum
665 4831 832 4900 igitur
875 4832 928 4887 in
976 4848 1080 4887 cxx
1118 4834 1329 4902 psalmo
1366 4832 1598 4901 legeris:
1650 4830 1724 4885 0s
1761 4847 1931 4883 meum
1964 4846 2063 4883 an-

2171 4832 2341 4885 ταῦτα
2369 4832 2438 4884 τά
2463 4834 2866 4903 συναμφότερα,
2900 4833 2931 4902 ἢ
2969 4835 3152 4903 ὃμοια.
3190 4833 3306 4884 Ἵνα
3338 4831 3394 4883 δὲ
3427 4831 3592 4882 τοῦτο
3619 4826 3758 4877 λεῖὁι

484 4925 1034 4993 ηαηιὶαόἰιλιιδιὶιὶαιη
1066 4934 1247 4985 tuam;
1280 4923 1614 4976 annuntiabit
1647 4924 1892 4990 justitias
1922 4932 2063 4985 tuas;

2175 4942 2257 4977 σοι
2298 4924 2382 4996 εἵη
2428 4926 2520 4977 καὶ
2554 4926 3000 4996 εὐπερίδρακτον,
3048 4927 3142 4977 καὶ
3195 4926 3323 4995 περὶ
3376 4924 3535 4975 τοῦτο
3567 4923 3587 4951 ⁶
3631 4918 3793 4989 sps..-

486 5017 614 5068 itcm
642 5015 695 5069 in
726 5029 847 5068 Lxxu
873 5032 885 5066 :
910 5012 975 5066 Et
998 5013 1307 5068 honorabile
1333 5029 1520 5067 nomen
1546 5013 1694 5067 illius
1722 5030 1901 5067 coram
1926 5015 2063 5082 ipso,

2177 5015 2345 5067 Ὅταν
2380 5013 2568 5087 εὕρῃς,
2600 5015 2675 5077 ὡς
2703 5017 2760 5067 ἐν
2792 5015 3176 5086 ἑϐδομηκοστῷ
3198 5013 3398 5085 ψαλμῷ
3431 5012 3762 5082 ἐμφέρεται·

569 5176 583 5203 ¹
609 5173 678 5246 Ε.
704 5173 929 5246 κειμένη
961 5173 1459 5246 ιιι-ἀναφερομένη.
1538 5176 1558 5206 ¹
1616 5172 1677 5226 F.
1708 5172 2049 5245 διαιρέσεων.

2167 5174 2255 5227 διὰ
2297 5174 2395 5238 τὰς
2461 5190 2558 5245 pro
2578 5174 2819 5239 διαστὰς.
2898 5175 2920 5208 ⁸
2962 5175 3097 5246 Reg.
3146 5173 3345 5238 ἁπλᾶς.
3416 5174 3435 5205 ⁸
3482 5171 3625 5241 Reg.
3675 5185 3769 5221 πε·-

484 5242 878 5317 ριτεθειμένην.
919 5242 975 5274 V‘
1016 5242 1075 5297 F.
1109 5242 1319 5298 τούτου.

2171 5399 2445 5453 nationem
2470 5399 2659 5469 _illam,
2696 5407 2754 5457 ut
2788 5398 2942 5469 παρά
2986 5398 3048 5450 τὸ
3090 5395 3463 5469 λημνάζεσθαι
3515 5393 3764 5469 dicatur.

2175 5470 2266 5521 list
2293 5470 2432 5521 cnim
2464 5467 2808 5539 Syracusana
2840 5465 2960 5524 vos.
3002 5465 3263 5539 (ιυίῐξςτάς
3298 5465 3485 5539 στενᾲς
3519 5465 3764 5539 ταινίας.

2171 5540 2423 5605 oblongas
2481 5532 2733 5606 fasciolas
2764 5532 3058 5606 signilicat,
3102 5537 3179 5589 ait
3220 5535 3551 5606 Hesychius.
3611 5532 3770 5588 UnJc

2175 5620 2298 5662 nota
2328 5604 2438 5671 illa,
2476 5604 2595 5677 nua:
2628 5604 2874 5678 longurio
2902 5624 3025 5661 cum
3057 5607 3270 5661 duobus
3304 5604 3521 5675 punctis
3560 5617 3767 5675 appen-

2174 5680 2385 5734 dicibus
2421 5680 2724 5746 constabat,
2754 5679 3049 5750 λημνῐτκος
3080 5678 3401 5749 appellatur.

558 5396 667 5468 (39)
734 5400 1063 5467 Λιμνίσκος
1111 5398 1221 5468 γὰρ
1260 5400 1363 5452 ὑπ’
1416 5397 1614 5453 αὐτῶν
1665 5398 1783 5452 τῶν
1827 5400 2061 5466 ἰατρῶν.

488 5466 566 5535 Λη
576 5466 844 5551 μνίσκρνιὶ
861 5466 1361 5551 medicisnsurpari
1374 5485 1476 5551 pro
1498 5471 2060 5551 linantento‘oblougo,

489 5536 635 5601 quod
667 5538 982 5594 vulneribus
1016 5536 1620 5599 inditurfnotissimum
1647 5548 1751 5594 est.
1791 5543 1897 5593 Sed
1933 5536 2061 5599 noli.

489 5614 548 5679 tit
580 5604 921 5679 Epiphanius
947 5610 1243 5672 existimat,
1282 5626 1376 5678 per
1408 5612 1538 5673 iota,
1574 5610 1665 5667 sed
1696 5627 1788 5679 per
1819 5620 1903 5663 ctu
1936 5612 2064 5662 scri-

484 5672 722 5729 bendum
755 5685 854 5732 est.
892 5678 1072 5743 Quare
1117 5694 1223 5732 non
1266 5672 1458 5748 probat
1499 5672 1869 5752 grammaticis
1894 5680 2061 5752 origi-
