3916 6196
231 249 336 302 iii)

1183 253 1386 309 LIBER
1429 257 1520 312 DE
1560 259 1911 316 MENSUIiIS
1952 262 2040 317 ΕΤ
2080 265 2538 330 PONDERIBUS.

3397 288 3504 345 250

233 357 304 413 Τὸ
340 362 539 426 στόμα
559 375 681 428 μου
723 360 1044 430 ἀναγγελεί
1076 362 1190 431 τὴν
1217 365 1616 438 δικαιοσύνην
1662 369 1812 437 σόυ.

1925 392 2023 446 pro
2053 396 2162 449 quo
2193 383 2458 454 scriptum
2489 393 2574 442 est
2600 407 2616 444 :
2645 387 2715 444 Et
2739 388 3054 449 honorabile
3079 410 3266 450 nomen
3294 397 3408 466 ejus
3445 400 3502 453 in

229 447 554 516 ἁιοιιῃοελεῖ
584 447 691 514 τὰς
735 447 1128 518 δικαιοσύνας
1157 470 1303 507 σουο
1345 457 1506 512 πάλιν
1551 460 1607 512 δὲ
1651 461 1708 514 ὲν
1742 462 1820 533 τῷ

234 537 618 612 ἔῦδτιμηκοστῷ
646 537 849 610 πρώτῳ
879 539 1077 612 ψαλμῷ
1097 559 1110 573 ’
1143 544 1250 598 Καὶ
1272 546 1516 617 ἔντιμον
1540 550 1606 603 τὸ
1633 551 1820 622 ὄνομα

232 630 414 684 αὑτοῦ
458 629 717 684 ἐνώπιον
761 633 977 686 αὐτοῦ’
1021 635 1140 688 ἀντὶ
1176 636 1233 689 δὲ
1264 638 1454 692 τούτου
1497 644 1816 712 πρόκειταν

235 722 343 776 Καὶ
397 721 636 790 ἔντιμον
681 720 750 773 τὸ
793 723 984 790 ὄνομα
1011 727 1199 780 αὐτοῦ
1231 727 1301 781 ἐν
1346 731 1675 802 ὀφθαλμοῖς
1703 735 1820 806 (καὶ

233 813 408 875 οὕτως
444 815 519 876 εἰς
548 812 778 876 πολλοὺς
804 814 1003 879 τόπους
1037 816 1239 890 εὕροις)
1261 837 1273 850 ο
1302 823 1455 877 οὐδὲν
1481 825 1579 895 μὲν
1602 827 1820 893 ἐλλιπὲς

235 907 499 975 ὑπάρχον,
537 904 660 958 οὔτε
697 906 1186 980 παρηλλαγμένον·
1240 912 1376 967 ἀλλὰ
1428 915 1488 968 τὸ
1539 919 1672 972 αὐτὸ
1717 922 1817 992 μὲν

231 996 495 1066 ὑπάρχον,
535 997 810 1070 διαφόρως
848 1015 907 1051 τε
940 1000 957 1032 ¹
988 1000 1411 1074 ὀνομαζόμενον,
1453 1007 1529 1072 ὡς
1567 1005 1706 1066 εἶναι
1752 1014 1813 1067 οὑ

230 1088 378 1159 παρὰ
411 1089 452 1152 ’,
476 1087 610 1141 ἀλλὰ
641 1091 1068 1163 συναμφοτέρως
1092 1093 1485 1164 ὲκφωνοῦνται.
1518 1101 1704 1156 Ταῦτα
1727 1103 1816 1158 διὰ

228 1179 316 1232 τὸν
341 1179 626 1253 λιμνίσκον
652 1180 989 1254 ὲσημειὼθη,
1019 1184 1094 1249 ὡς
1120 1187 1268 1259 παρὰ
1301 1191 1432 1260 μιᾶς
1457 1193 1629 1266 ζυγῆς
1659 1196 1691 1266 ἢ
1720 1197 1815 1251 δύο

226 1271 652 1342 ἡρμηνευμένης
689 1291 748 1326 τε
779 1275 875 1327 καὶ
922 1275 1320 1350 εὑρισκομένης
1369 1281 1588 1349 λέξεως.
1627 1286 1813 1353 Οὕτως

224 1361 400 1415 ταῦτα
427 1365 522 1416 καὶ
552 1363 678 1434 περὶ
698 1363 983 1434 λιμνίσκου
1013 1366 1240 1438 εἴπομεν
1261 1388 1274 1401 ·
1300 1371 1391 1425 τὸν
1417 1375 1579 1428 αὐτὸν
1611 1377 1669 1430 δὲ
1698 1379 1817 1450 τρό-

226 1470 326 1505 πον
358 1454 454 1506 καὶ
490 1454 619 1524 περὶ
659 1454 756 1506 τοῦ
803 1455 1193 1526 ὑπολιμνίσκου
1236 1461 1549 1534 δηλώσομεν
1571 1482 1584 1494 ·
1615 1468 1644 1520 ὁ
1682 1469 1812 1537 γοῦν

224 1545 615 1615 smmum;
674 1546 913 1601 τοιοῦτόν
946 1550 1063 1603 ἐστι
1107 1557 1333 1624 σημεῖον
1397 1564 1618 1624 -τ--ν
1662 1563 1810 1634 ἀττλῆ

223 1635 467 1706 δηλονότι
501 1637 760 1709 γραμμὴ,
791 1639 979 1695 ἀδελοῦ
1021 1641 1081 1694 τὸ
1107 1645 1293 1714 σχῆμα
1342 1647 1562 1717 ἔχουσα,
1593 1652 1813 1708 ὑποκει-

227 1726 396 1796 μένην
444 1727 501 1781 δὲ
554 1728 752 1799 ἔχουσα
801 1731 1057 1801 στιγμὴν,
1109 1733 1276 1804 ῆγουν
1323 1738 1591 1810 κέντημα.
1642 1744 1811 1800 Ἔνθα
1843 1719 1885 1776 Β

226 1817 354 1886 γοῦν
385 1816 571 1887 εὕροις
595 1819 834 1878 τοιοῦτον
864 1825 1107 1892 σημεῖον,
1141 1825 1535 1897 ὑπολιμνὶσκου
1567 1835 1698 1888 αὐτὸ
1724 1837 1810 1904 vi;

223 1924 400 1959 νωσκε
442 1902 603 1961 εἶναι.
637 1909 881 1980 Δύναμιν
910 1911 966 1967 δὲ
996 1911 1110 1983 ἔχει
1137 1915 1345 1988 ταύτην
1365 1935 1377 1948 ’
1409 1919 1544 1974 ὅπου
1575 1924 1684 1996 γὰρ
1715 1902 1808 1980 εὑ-

222 1997 350 2070 ρεθῇ
393 1997 538 2060 λέξει
589 1999 698 2052 τινὶ
741 2001 1170 2073 παρακείμενος,
1223 2006 1478 2076 δηλοῦται
1517 2011 1622 2066 ὑπὸ
1681 2018 1810 2085 μιᾶς

221 2087 793 2186 ζυγῆςὲρμηνευτῶν
839 2091 1135 2186 ἐξενεχθεὶς
1179 2096 1209 2148 ὁ
1275 2094 1453 2165 λόγος,
1501 2101 1700 2175 καθὸή
1739 2107 1840 2177 μία
1880 2087 2093 2186 στιγμὴ.
2142 2115 2432 2183 ὑποφαίνει

1923 473 2088 526 oculis
2117 475 2286 544 ipsius
2317 493 2336 531 :
2375 486 2541 549 atque
2573 481 2648 536 ita
2671 484 2924 554 pluribus
2953 487 3008 541 in
3031 488 3207 554 locis;
3237 489 3331 545 ubi
3364 493 3478 548 nihi

1926 573 2021 616 aut
2053 578 2335 633 mancUm,
2373 577 2469 624 aut
2532 571 2856 643 discrepans
2895 576 3161 641 invenies,
3201 579 3296 635 sed
3331 595 3501 636 unum

1920 655 2178 728 idemque
2207 660 2441 719 diversis
2476 664 2761 722 voeabulis
2798 682 3142 738 expressum,
3174 686 3299 725 cum
3336 672 3504 726 alter-

1922 757 2047 803 utro
2091 751 2416 819 sulliciente,
2466 757 2683 814 duobus
2720 759 2900 814 modis
2942 760 3268 829 exprimitur
3302 778 3316 827 ;
3348 763 3502 834 ejus-

1925 842 2075 896 modi
2114 844 2232 899 loca
2277 844 2545 902 lemnisco
2591 855 2777 902 notata
2823 857 2984 918 sunt,
3036 859 3095 904 ιιι
3145 861 3403 923 appareat
3431 855 3502 911 ab

1923 949 2035 987 uno
2074 934 2314 990 alterove.
2353 937 2715 1008 interpretum
2748 942 2866 1008 pari
2901 943 3139 1010 positum
3187 944 3320 999 illud
3351 960 3499 1012 esse,

1916 1035 2307 1096 repertumque
2352 1029 2706 1084 vocabulum.
2752 1028 2877 1084 llaec
2932 1031 3226 1089 habuimus
3273 1051 3395 1104 qua:
3431 1034 3501 1091 de

1914 1114 2181 1171 lemnisco
2240 1117 2568 1175 diceremus.
2611 1119 2688 1173 De
2736 1121 3151 1190 hypolemnisco
3189 1124 3351 1179 modo
3382 1125 3498 1182 diss

1916 1208 2216 1277 putandum
2257 1209 2422 1264 nobis
2450 1217 2558 1265 est.
2599 1209 2694 1264 Est
2734 1222 2915 1266 autem
2960 1211 3132 1282 ﬁgura
3174 1215 3319 1269 illius
3346 1216 3500 1285 ejus-

1915 1297 2062 1352 modi
2099 1298 2476 1366 ‘T-Jinea
2522 1300 2773 1355 videlicet
2813 1303 2985 1356 veruti
3035 1303 3089 1356 in
3133 1305 3350 1359 modum
3375 1321 3501 1375 pro-

1912 1386 2078 1442 ducta
2138 1389 2388 1460 subjecto
2456 1397 2683 1458 puncto.
2749 1389 2900 1443 [lane
2967 1391 3278 1461 ubicunque
3345 1410 3494 1464 repe-

1911 1483 2074 1546 reris,
2117 1483 2257 1537 scito
2314 1483 2786 1554 bypolemniscum
2839 1485 3050 1539 vocari.
3103 1483 3273 1554 Cujus
3311 1503 3374 1541 ea
3415 1487 3502 1544 vis

1913 1579 1999 1626 est
2028 1590 2040 1625 :
2093 1571 2493 1644 Quemcunque
2524 1573 2592 1628 ad
2627 1574 2812 1628 locum
2851 1575 3106 1645 appictus
3136 1584 3243 1641 est,
3289 1576 3502 1647 signiti-

1915 1674 2007 1717 cat
2053 1665 2122 1718 ab
2161 1680 2270 1718 uno
2312 1663 2672 1735 interpretum
2709 1667 2826 1736 pari
2870 1668 2950 1721 sic
2983 1667 3188 1722 editum
3254 1684 3318 1722 ac
3363 1682 3501 1722 con-

1915 1760 2132 1821 ceptum
2171 1752 2364 1820 fuisse,
2399 1753 2452 1807 id
2483 1754 2629 1824 quod
2663 1755 2903 1824 simplici
2934 1765 3138 1826 puncto
3166 1755 3496 1823 declaratur,

1914 1849 1968 1900 et
1993 1859 2116 1897 cum
2155 1845 2536 1914 superioribus
2569 1845 2772 1914 quibus
2808 1846 3075 1900 atteritur
3120 1847 3396 1915 geminum
3437 1861 3502 1901 ac

1914 1949 2237 2002 germanum
2263 1935 2456 1990 videri.
2483 1935 2610 1990 llaec
2631 1947 2717 1992 est
2741 1937 3014 2002 asterisci,
3038 1937 3205 2000 obeli,
3227 1937 3500 2003 lemnisci,

1913 2032 1969 2080 et
2003 2025 2400 2095 hypolemnisci
2429 2029 2592 2082 ratio.

2489 2133 2504 2147 ·
2548 2117 2643 2170 καὶ
2691 2115 2771 2170 ἔτι
2826 2117 2958 2171 αὐτὸ
3011 2118 3420 2189 συναμφότερον
3460 2115 3499 2190 ἢ

221 2184 546 2282 συνὲὧελφον
577 2188 643 2258 τῇ
682 2184 824 2282 λέξει
854 2181 1211 2282 ὲττξκειται.
1253 2191 1406 2264 Αὕτη
1436 2195 1585 2250 ἐστὶν
1609 2202 1644 2269 ὴ
1675 2204 1805 2274 περὶ
1841 2181 2201 2282 ἀστερίσιιου,
2232 2181 2326 2268 κα).
2368 2210 2581 2278 ὀϐελοῢ,
2616 2212 2713 2268 καὶ
2741 2211 3050 2282 λιμνίσκου,
3119 2181 3219 2266 καί
3262 2181 3497 2282 ὑπῖολιμί

221 2279 406 2334 νίσκου
434 2278 654 2347 φράσις,
691 2279 1110 2347 φιλοκαλώτατε.

283 2373 363 2427 0’.
391 2377 486 2428 Δεῖ
503 2375 560 2427 δὲ
591 2375 683 2428 καὶ
714 2377 862 2447 ἡμᾶς
893 2376 989 2429 καὶ
1023 2377 1204 2432 αὐτῶν
1229 2381 1338 2434 τῶν
1371 2383 1679 2455 εἰρημένων
1709 2387 1810 2458 τὴν

222 2464 477 2518 ὑπόθεσιν
505 2465 768 2536 δηλῶσαι.
803 2468 1181 2539 Χρησιμεύσει
1212 2470 1322 2542 γάρ
1372 2490 1454 2526 σοι
1490 2475 1583 2528 καὶ
1619 2477 1652 2546 ή
1681 2478 1812 2548 περὶ

218 2554 422 2607 τούτων
459 2556 660 2624 γνῶσις
703 2556 764 2622 ἐξ
801 2558 971 2626 αὐτῆς
1005 2559 1103 2628 τῆς
1132 2561 1392 2632 ἐπιϐολῆς
1426 2566 1526 2634 τῆς
1555 2567 1686 2638 περὶ
1715 2569 1813 2620 αὑ-

219 2647 302 2699 τὸν
322 2648 344 2678 ³
371 2647 699 2719 διηγήσεως,
733 2649 1159 2704 ὑποδεικνύουσα
1191 2653 1298 2716 τίς,
1324 2653 1512 2718 πόθεν,
1535 2660 1631 2711 καὶ
1656 2660 1808 2724 ποτε,

218 2737 406 2804 γένους
446 2739 598 2791 ποίου
625 2739 855 2803 ἕκαστος
889 2741 1070 2795 αὐτῶν
1107 2743 1344 2815 ὑπῆρξε,
1381 2748 1476 2800 καὶ
1503 2749 1598 2800 τοῦ
1631 2750 1807 2823 ἑρμη-

219 2827 400 2880 νεῦσαι
434 2829 518 2891 τίς
542 2829 692 2900 αὐτῷ
720 2830 945 2898 γέγονεν
974 2835 1008 2904 ἡ
1042 2833 1210 2887 αίτεα.

283 2919 396 2971 Καὶ
441 2920 647 2991 πρῶτοι
689 2922 787 2991 μὲν
831 2923 1169 2993 ἑρμηνευταὶ
1209 2925 1468 2993 γεγόνασι
1504 2931 1604 3000 τῆς
1637 2929 1806 3002 αὐτῆς

1981 2385 2074 2445 IX.
2118 2388 2275 2445 Nunc
2306 2405 2500 2445 eorum
2530 2407 2653 2462 quas
2678 2402 3106 2446 commemorata
3147 2398 3277 2447 sunt
3317 2393 3496 2463 subji-

1913 2479 2107 2535 cienda
2147 2483 2397 2536 narratio
2433 2490 2540 2538 est.
2589 2481 2780 2553 Neque
2823 2482 2968 2536 enim
3006 2481 3348 2538 infructuosa
3391 2485 3498 2538 erit

1915 2571 2007 2625 illa
2040 2575 2324 2644 cognitio;
2354 2590 2479 2628 cum
2513 2590 2579 2631 ex
2614 2573 2846 2628 historia
2881 2573 2998 2644 ipsa
3030 2572 3312 2640 didiceris,
3347 2574 3493 2643 quis,

1913 2671 1968 2717 et
1999 2662 2418 2732 unde,quando,
2439 2664 2600 2732 cujus
2627 2662 2847 2734 generis
2880 2661 3244 2732 lnterpretum
3271 2664 3499 2733 quilibet

1917 2753 2100 2819 fuerit,
2138 2755 2410 2824 quibusve
2442 2755 2510 2810 de
2539 2755 2724 2810 causis
2760 2769 2884 2810 sese
2917 2754 2985 2808 ad
3021 2755 3498 2822 interpretandum

1913 2847 2226 2902 contulerit.

1989 2937 2148 3009 166
2184 2937 2356 2993 Primi
2388 2938 2632 2994 omnium
2677 2954 2868 2995 sacras
2895 2937 3135 2994 Litteras
3161 2955 3227 2994 ex
3267 2937 3496 2994 Hebraeo

221 3008 364 3102 θείας
394 3012 641 3102 Γραφῆς,
673 3015 782 3067 ἀπὸ
821 3015 1120 3088 Ἐδραῖκῆς
1162 3017 1446 3072 διαλέκτου
1477 3021 1558 3085 εἰς
1606 3022 1797 3093 Ἐλλη-

1926 3045 1957 3081 η
1988 3031 2236 3085 Graecum
2263 3031 2566 3086 transferre
2592 3029 2783 3084 LXXII
2815 3031 3319 3100 hominesaggressi
3344 3039 3494 3097 sunt,

222 3098 351 3164 νίδα,
380 3100 856 3173 ἑϐδομηκονταδύο
883 3106 1078 3178 ἄνδρες
1100 3108 1190 3161 τὸν
1216 3109 1474 3180 ἀριθμὸν,
1504 3111 1604 3183 τὴν
1633 3113 1806 3185 αὐτὴν

222 3187 441 3261 πρώτην
479 3191 780 3261 ἑρμηνείαν
821 3195 913 3248 ἐπὶ
959 3196 1298 3267 Πτολεμαίου
1341 3197 1438 3251 τοῦ
1480 3199 1806 3269 Φιλαδέλφου

223 3280 655 3350 ιρμηνεύσαντες
679 3297 693 3312 ⁸
747 3285 946 3350 οἵτινες
973 3287 1300 3358 ὲξελέγησαν
1327 3289 1438 3361 (40)
1475 3292 1539 3344 ὲκ
1573 3291 1682 3344 τῶν
1707 3291 1810 3345 δὼ-

223 3371 348 3424 δεκα
380 3373 564 3442 φυλῶν
602 3376 698 3429 τοῦ
741 3379 980 3449 Ἰσραὴλ,
1015 3379 1072 3448 ἒξ
1109 3381 1300 3454 ἄνδρες
1329 3384 1472 3436 κατὰ
1505 3385 1703 3458 φυλὴν,
1731 3385 1808 3450 ὡς

224 3464 480 3530 ἐξέδωκεν
519 3468 826 3540 Ἀρισταῖος
850 3473 908 3523 ὲν
937 3471 1015 3542 τῷ
1047 3472 1196 3542 αὐτῷ
1217 3472 1238 3504 ⁵
1275 3473 1636 3544 συντάγματι.
1675 3475 1810 3545 Περὶ

222 3548 293 3607 ὧν
320 3559 574 3630 ἀνωτέρω
600 3560 688 3613 διὰ
713 3561 822 3614 τῶν
848 3563 1189 3634 ἀστερίσκων
1215 3566 1310 3617 καὶ
1331 3564 1441 3618 τῶν
1463 3564 1686 3633 ὀϐελῶν,
1715 3564 1810 3618 καὶ

228 3650 350 3719 περὶ
386 3652 492 3703 τῶν
522 3652 720 3718 ἄλλων,
768 3655 1048 3709 τουτέστιν
1093 3655 1316 3720 Ἀκύλα,
1355 3658 1450 3710 καὶ
1483 3657 1807 3728 Συμμάχου,

225 3742 316 3794 καὶ
343 3742 542 3796 λοιπῶν
562 3744 673 3798 ἀπὸ
698 3745 898 3817 μέρους
925 3747 1330 3819 διηγησάμεθα.
1352 3748 1620 3802 Ἐνταῦοα
1634 3747 1692 3801 δὲ
1717 3747 1810 3800 καὶ

225 3831 322 3894 τὰς
351 3835 527 3899 αἰτίας
562 3854 646 3889 σοι
689 3837 1025 3909 δηλώσομεν.
1086 3841 1144 3892 ὐ
1169 3840 1278 3912 γὰρ
1315 3841 1451 3911 μετὰ
1485 3841 1576 3893 τὸν
1609 3838 1811 3893 Πτολε·-

231 3925 389 3990 μαῖον
421 3926 665 3998 δεύτερος
687 3928 1009 3998 βασιλεύσας
1033 3931 1437 4003 Ἀλεξανδρείας
1449 3932 1808 4001 Πτολεμαῖος,

230 4014 260 4064 ὁ
289 4013 596 4086 ἐπικληθεὶς
637 4016 990 4086 Φιλάδελφος,
1022 4019 1098 4082 ὡς
1140 4020 1486 4092 προείρηται,
1521 4019 1812 4088 φιλόκαλος

229 4121 312 4170 τις
343 4105 478 4177 ἀνὴρ
533 4109 630 4162 καὶ
662 4109 943 4177 φιλολόγος
981 4111 1271 4182 γεγένηται
1291 4131 1306 4144 ’
1357 4113 1507 4176 ὅστις
1537 4111 1812 4181 βιϐλιοθή-

233 4214 333 4267 κην
351 4200 763 4265 κατασκευάσας
786 4201 880 4254 ἐπὶ
910 4202 1010 4273 τῆς
1036 4203 1208 4273 αὐτῆς
1235 4201 1582 4274 Ἀλεξάνδρου
1607 4202 1814 4266 πόλεως

237 4289 292 4341 ὲν
318 4287 393 4356 τῷ
413 4287 658 4360 Βρουχίῳ
676 4289 843 4345 καλου
851 4291 1113 4364 μένῳμί)
1137 4292 1364 4365 κλίματι
1387 4293 1504 4365 (καὶ
1520 4293 1634 4346 ἔστι
1653 4291 1812 4347 τοῦτο

1910 3117 2206 3174 Ριοιοιηωο
2255 3121 2611 3190 Philadelpho
2656 3121 2711 3174 in
2766 3119 3004 3192 [Egypto
3052 3133 3336 3192 regnante.
3390 3123 3494 3188 Qui

1909 3209 2197 3264 duodecim
2237 3228 2302 3265 cx
2347 3211 2667 3267 Israeliticis
2712 3213 2991 3276 tribubus,
3031 3227 3129 3267 sex
3167 3228 3197 3267 e
3241 3213 3493 3283 singulis,

1911 3301 2107 3355 delectt
2154 3310 2303 3360 sunt.
2348 3310 2408 3354 ut
2438 3308 2635 3354 auctor
2664 3309 2750 3355 est
2791 3301 3058 3356 Aristazus
3103 3301 3158 3357 in
3202 3317 3270 3358 eo
3308 3317 3494 3372 opere,

1909 3388 2055 3458 quod
2075 3387 2141 3444 de
2160 3384 2342 3440 LXXII
2357 3384 2953 3457 conscripsit.Quornm
2970 3386 3328 3458 lnterpretum
3370 3404 3496 3444 cum

1909 3477 1978 3532 de
2005 3470 2290 3532 asteriscis
2345 3485 2401 3531 et
2423 3475 2596 3530 obelis
2625 3489 2936 3545 ageremus,
2976 3481 3034 3527 ut
3062 3480 3116 3529 et
3142 3482 3495 3539 caeterorum,

1911 3565 2015 3620 hoc
2054 3573 2138 3620 est
2182 3565 2414 3634 Aquilae,
2450 3563 2787 3635 Symmachi,
2829 3572 2884 3618 et
2926 3564 3160 3618 aliorum
3209 3564 3495 3619 historiam

1912 3657 2216 3727 attigimus.
2250 3653 2407 3710 Nunc
2436 3669 2634 3711 causas
2665 3654 2816 3724 ipsas
2843 3661 3145 3724 pertexam.
3171 3653 3498 3710 Ptolemaeus

1911 3754 2276 3828 cognomento
2299 3744 2690 3815 Philadelphus
2718 3744 3064 3800 Alexandria:
3091 3761 3184 3798 rex
3216 3745 3284 3798 ab
3320 3745 3496 3800 altero

1911 3836 2205 3890 Ptolemaeo
2225 3832 2525 3898 secundus,
2559 3835 2914 3888 honestarmn
2940 3833 3140 3885 artium
3165 3846 3354 3886 amore
3383 3840 3497 3886 stu-

1913 3927 2114 3995 dioque
2136 3925 2394 3994 ﬂagrans,
2423 3925 2697 3993 cgregiam
2731 3921 3075 3976 Alexandriae.
3099 3920 3490 3976 bibliothecam

1915 4017 2178 4079 instituit,
2211 4016 2268 4069 in
2298 4031 2360 4069 ea
2399 4015 2553 4069 urbis
2589 4013 2836 4084 regione,
2876 4027 3037 4082 quam
3067 4011 3362 4066 Bruchium
3398 4028 3498 4068 vo-

1915 4115 2042 4164 cant
2063 4148 2078 4172 ,
2109 4121 2232 4176 quae
2263 4105 2484 4160 deserta
2529 4105 2634 4158 hoc
2663 4113 2913 4173 tempore
2944 4103 3164 4157 visitur.
3210 4102 3270 4155 Ei
3300 4104 3499 4160 biblio-

1916 4199 2088 4253 thecze
2119 4197 2375 4252 curandae
2415 4195 2753 4251 Demetrium
2808 4194 3132 4248 Phalereum
3177 4196 3498 4264 praeposuit,

1917 4307 2042 4346 cum
2085 4289 2384 4355 mandatis,
2433 4298 2492 4344 ut
2527 4287 2715 4344 omnia
2755 4286 3022 4342 librorum
3067 4301 3269 4356 genera
3298 4275 3500 4358 ubique

297 4442 315 4472 ‘
349 4441 407 4498 Ρ.
428 4445 504 4503 δέ.
583 4447 604 4478 ³
632 4464 726 4516 π).
762 4448 998 4516 πατέρα,
1033 4446 1126 4504 sed
1158 4445 1313 4502 locus
1342 4454 1655 4517 corruptus.
1733 4451 1757 4484 ⁸
1787 4443 1812 4498 Ε

1919 4445 2078 4500 ὑτῶν.
2150 4443 2172 4477 ⁸
2195 4443 2257 4499 F.
2293 4445 2480 4500 αὐτοῦ.

305 4600 414 4662 (l0)
457 4604 688 4674 οἵτινες
731 4601 1129 4673 ἐξελέτησαν.
1163 4603 1280 4658 Non
1329 4603 1622 4674 ignorabat
1657 4602 1812 4658 J-ose-

1922 4602 2132 4674 hocilli
2178 4601 2509 4674 auctoritate
2536 4609 2684 4674 certa
2726 4601 3142 4674 prob_anti.gnon
3192 4602 3502 4670 allirmanti,

239 4669 394 4743 phus,
420 4673 617 4743 aliique
642 4681 878 4743 veteres.
904 4669 996 4743 qui
1023 4675 1161 4728 hanc
1185 4669 1470 4728 historiam
1502 4673 1814 4736 ediderunt,

239 4754 267 4788 ι
302 4740 468 4794 tribus
489 4740 816 4813 jampridem
840 4740 1159 4813 deportatas
1193 4743 1399 4807 fuisse;
1427 4759 1603 4812 neque
1634 4756 1817 4796 tamen

240 4819 511 4880 propterea
560 4811 783 4874 falsum,
811 4811 1235 4867 aut'absurdum
1278 4811 1559 4880 putamus,
1600 4828 1762 4869 senos
1787 4827 1819 4866 e

240 4879 481 4937 trilmbus
522 4882 756 4938 simtu-lis
798 4882 1042 4937 delectos
1076 4898 1219 4936 esse.
1271 4879 1404 4938 Nam
1457 4883 1818 4937 nihilominus

242 4947 475 5022 plerique
505 4967 571 5008 ex
606 4947 794 5022 decem
829 4953 938 5006 illis
962 4953 1291 5022 superstites
1335 4952 1503 5022 fuere.

308 5017 416 5091 (All
453 5021 548 5075 ‘Er
580 5021 662 5086 τῷ
690 5023 959 5090 Βρουχίῳ
1023 5017 1400 5091 ιὶαλουμένῳ.
1436 5020 1819 5091 Alexandrina:

239 5087 391 5163 urbis
426 5092 572 5161 regio
611 5087 1050 5163 istaiuitfquasi
1078 5087 1398 5163 πυρουχεων
1439 5090 1613 5156 dicta;
1645 5107 1674 5143 a
1708 5106 1817 5159 quo

239 5156 450 5232 detorta
477 5156 575 5214 vox
611 5156 940 5231 Βρουχεϊονό
969 5162 1091 5216 ideo
1125 5156 1222 5232 per
1252 5156 1651 5232 diphthongum
1685 5156 1818 5214 eon-

242 5225 486 5302 fipienda
546 5225 904 5285 Minen'huic
946 5225 1153 5302 regioni
1185 5245 1214 5284 a
1257 5225 1550 5291 fi-utnento'.
1581 5231 1695 5285 sive
1712 5246 1816 5302 pu-

245 5292 402 5371 hlieis
429 5301 658 5371 horreis,
698 5310 756 5353 ut
790 5303 986 5356 merito
1007 5292 1287 5371 suspicari
1323 5303 1470 5366 licet,
1504 5303 1619 5355 sive
1649 5292 1813 5355 etiam

247 5363 420 5419 torum
462 5370 660 5424 ibidem
712 5363 1134 5426 frumentarium
1182 5373 1415 5427 exstitit.
1457 5363 1615 5437 Quod
1667 5372 1811 5425 enim

247 5447 359 5485 non
390 5440 578 5493 nemini
631 5441 827 5513 placet,
860 5445 1180 5513 πυρουχεῖον
1228 5445 1433 5497 dictum
1480 5443 1650 5496 fuisse
1696 5441 1812 5495 Mu-

249 5519 428 5557 sarum
457 5512 798 5578 πρυτανεῖον,
826 5511 970 5579 quod
1014 5511 1066 5564 in
1093 5529 1159 5567 eo
1194 5517 1475 5569 conditum
1511 5521 1659 5568 esset
1693 5513 1809 5566 fru-

252 5582 482 5655 mentum
536 5579 601 5631 ad
649 5579 952 5655 doctorum_
986 5581 1261 5640 hominum
1310 5584 1530 5655 σίτησιν
1573 5583 1816 5637 destina-

252 5646 393 5708 ltttni,
420 5646 654 5718 adeoque
688 5652 1008 5719 πυρουχεῖον
1033 5660 1084 5708 et
1128 5646 1450 5733 πρυτανεῖον
1485 5654 1626 5711 idem
1669 5670 1814 5720 esse,

1922 4672 2275 4727 crediderim.
2310 4671 2440 4724 Erat
2467 4672 2689 4740 quidem
2731 4671 2783 4724 in
2817 4672 2909 4724 illa
2940 4672 3095 4725 urbis
3129 4674 3367 4740 regione,
3399 4675 3502 4726 hoc

1915 4752 2004 4798 est
2033 4741 2362 4812 πυρουχείῳ,
2391 4741 2472 4794 vel
2509 4740 2800 4812 Bpouxsiqi,
2839 4741 3271 4812 bibliotheca,“
3303 4742 3515 4812 littera—

1921 4809 2424 4866 torum'hominum
2475 4811 2941 4863 contubernium:
2986 4810 3129 4876 quod
3185 4809 3502 4864 Ammianus

1921 4882 2016 4936 lib.
2058 4897 2194 4935 xx"!
2227 4881 2539 4934 diuturnum
2571 4880 2940 4947 prwstantium
2970 4878 3237 4932 hominum
3283 4878 3501 4933 domici-

1921 4951 2057 5005 lium
2089 4951 2360 5020 appellat;
2395 4950 2760 5020 pluribusque
2799 4949 3085 5014 describit,
3113 4963 3360 5020 quamam
3391 4950 3503 5020 illic

1923 5030 2073 5076 artes
2111 5017 2518 5076 «Sx—colerentur.
2551 5021 2649 5075 Ubi
2672 5017 2733 5075 fet
2774 5021 3030 5074 mendum
3065 5017 3181 5082 est;
3216 5017 3360 5088 quod
3385 5019 3498 5072 obi-

1923 5102 2007 5147 ter
2035 5093 2120 5145 hic
2154 5100 2464 5162 opportune
2501 5091 2906 5162 repurgabitur.
2931 5089 3087 5162 Nam
3113 5099 3161 5142 et
3191 5089 3501 5162 disciplina-

1922 5157 2291 5232 rum,ginqitit,
2319 5157 2974 5232 megisti-{quodammodo
3000 5160 3226 5232 spirant,
3255 5167 3304 5210 et
3335 5157 3501 5232 nuda-

1922 5241 2012 5285 tur
2044 5230 2119 5284 ibi
2147 5228 2467 5301 geometrico
2502 5228 2657 5283 radio
2690 5229 2945 5298 quidquid
2979 5228 3304 5301 reconditum
3335 5228 3461 5281 latet
3483 5243 3502 5281 :

1922 5299 2259 5369 nondumque
2312 5304 2451 5367 apud
2488 5316 2578 5353 eos
2632 5303 2839 5366 penitus
2886 5299 3094 5369 exaruit
3136 5299 3360 5369 musica.
3392 5313 3502 5369 nec

1919 5366 2201 5424 harmonia
2241 5366 2512 5430 conticuit,
2539 5380 2589 5422 et
2619 5369 2810 5423 recalet
2848 5367 2988 5435 apud
3032 5367 3289 5435 quosdam
3332 5366 3503 5420 adhuc

1922 5443 2040 5495 licet
2093 5449 2237 5494 atros
2297 5439 2651 5492 consideratio
2706 5440 2962 5490 mundani
3015 5447 3207 5500 motus,
3266 5446 3316 5490 et
3364 5437 3500 5490 side-

1923 5527 2059 5572 rum,
2103 5519 2209 5564 etc.
2255 5509 2347 5564 Hue
2403 5511 2524 5563 duae
2568 5509 2795 5568 vocula),
2829 5507 2947 5576 liget
2979 5517 3148 5569 atros,
3197 5505 3504 5576 depravatae

1924 5588 2075 5635 sunt.
2118 5579 2230 5634 Nec
2278 5589 2422 5634 recte
2475 5577 2803 5646 conjiciunt,
2850 5575 3216 5646 Christianos,
3266 5575 3504 5630 maxime

1925 5650 2229 5708 monachos
2283 5648 2535 5722 intelligi,
2583 5644 2728 5719 quos
2767 5647 3002 5719 pullatos
3042 5644 3215 5705 fuisse
3263 5652 3500 5702 constat.
