3916 6196
296 256 404 310 255

1260 260 1468 316 LIBER
1508 262 1598 316 DE
1638 220 1996 322 nauseans
2028 267 2114 349 E'l‘
2151 267 2608 327 murmurans.

3455 278 3566 334 254

301 370 598 433 σκευάσας.
620 372 716 424 καὶ
739 371 944 441 πλῆθος
966 371 1287 441 συναγαγὼν
1316 373 1538 443 βιϐλίων
1566 377 1625 442 ἐξ
1648 376 1881 430 ἑκάστου

2022 380 2265 450 ηοείιιιηε,
2295 381 2577 452 ingentem
2612 382 2876 437 librorum
2911 384 3024 438 vim
3052 400 3118 440 ex
3155 385 3302 440 omni
3345 388 3568 458 regione

296 465 503 528 ἔθνους,
544 464 605 515 ὲν
655 462 793 534 αὐτῇ
834 463 1141 534 ἀπεθέμην.
1218 464 1485 530 Ἀκούσας
1538 466 1594 519 δὲ
1648 469 1723 530 ὡς
1749 470 1884 539 παρ’

295 551 427 628 ὑμῖν
464 556 801 626 ἐμφέρονται
832 554 1004 625 βίϐλοι
1036 557 1335 628 προφητῶν
1382 558 1510 628 περὶ
1544 558 1677 611 Θεοῦ
1702 577 1764 613 τε
1790 560 1887 614 καὶ

295 646 655 717 κοσμοποιίας
683 645 962 716 δηλοῦσαι,
1001 647 1096 699 καὶ
1123 646 1327 711 ταύτας
1372 651 1495 712 ταῖς
1523 649 1708 713 ἄλλαις
1734 651 1888 720 ἀφιε-

298 737 471 809 ρῶσαι
490 737 1053 809 ἔπιθυμῶν,γέγραφα
1079 738 1228 800 ὅπως
1256 739 1456 804 ταύτας
1480 743 1612 813 ἡμῖν
1634 742 1888 795 ἀποστεί-

296 830 452 901 λητε.
487 828 610 883 Ὀτι
637 827 746 899 γάρ
773 829 940 898 τιμῆς
971 829 1178 893 ἕνεκεν,
1207 830 1301 884 καὶ
1332 832 1393 883 οὐ
1434 834 1756 903 περιεργίας
1792 834 1888 904 χά-

301 937 415 990 ριν,
446 918 565 972 οὔτε
598 919 911 985 κακονοίας,
935 918 1034 990 τῆς
1066 921 1324 992 τοιαύτης
1350 922 1531 986 αἰτίας
1555 924 1670 991 εἰμὶ
1699 923 1887 976 ἐπιθυ-

299 1011 502 1081 μητὴς,
518 1010 654 1063 ἀλλά
678 1010 914 1074 πίστεως
943 1010 1104 1064 ἕνεκα
1134 1013 1346 1082 καὶτῆς
1381 1015 1510 1085 περὶ
1541 1016 1685 1083 ὑμᾶς
1703 1014 1888 1083 φιλίας

293 1102 399 1171 τὴν
428 1100 632 1154 τούτων
660 1101 876 1173 αἴτησιν
901 1102 1184 1173 ποιοῦμαι,
1216 1104 1282 1157 ὲκ
1311 1103 1410 1173 τῆς
1440 1105 1531 1173 ὑφ’
1569 1107 1725 1175 ήμῶν
1760 1105 1890 1175 περ)⁵

298 1193 448 1263 ὑμᾶς
506 1192 807 1264 γενομένης
856 1193 1110 1257 εὐνοίας,
1163 1194 1601 1265 ἀναμνησθέντες
1654 1196 1884 1250 εἴσεσθε.

295 1282 605 1353 Μέμνησθέ
633 1299 758 1344 που,
789 1282 867 1346 ὡς
896 1282 1257 1354 αἰχμαλώτων
1290 1283 1501 1339 πολλῶν
1528 1285 1593 1337 ἐκ
1624 1287 1722 1355 τῆς
1753 1286 1890 1356 ὑμε-

296 1372 468 1443 τέρας
522 1372 777 1443 πατρίδος
824 1373 1157 1444 ληφθέντων,
1207 1375 1302 1428 καὶ
1343 1376 1423 1438 είς
1469 1375 1741 1443 Αἴγυπτον
1792 1376 1890 1447 τὴν

296 1464 581 1535 ἡμετέραν
620 1464 857 1535 πατρῶα
896 1465 1188 1535 ἀχθέντων,
1224 1466 1424 1536 ἀνῆκα,
1459 1468 1554 1520 καὶ
1599 1468 1715 1537 μετ’
1762 1469 1891 1536 ἐφο-

297 1557 432 1609 δίων
468 1555 699 1621 πολλῶν,
753 1556 849 1610 καὶ
882 1556 1176 1626 θεραπείας
1206 1560 1268 1610 οὐ
1304 1560 1405 1628 τῆς
1452 1559 1741 1630 τυχούσης,
1770 1561 1891 1612 επι-

1996 469 2284 524 eonllatam
2333 472 2386 525 in
2435 487 2553 526 eam
2608 474 2834 528 contuli.
2886 474 3066 541 Quare
3114 493 3237 533 cum
3286 480 3425 549 apud
3467 495 3563 534 vos

1998 561 2386 631 prephetarum
2418 562 2685 632 quosdam
2727 564 2897 622 libros
2940 578 3154 623 exstare
3184 571 3561 639 compererim,

1992 650 2087 720 qui
2120 650 2187 704 de
2216 649 2324 705 Deo
2376 665 2441 704 ac
2472 652 2661 705 mundi
2693 652 3049 709 fabricatione
3075 658 3262 727 scripti
3290 665 3438 717 sunt.
3464 658 3563 710 hos

1994 756 2098 811 ego
2143 757 2267 796 cum
2315 742 2439 797 aliis
2489 758 2812 798 consecrare
2855 761 3183 817 magnopere
3223 750 3404 818 cupio.
3433 749 3564 816 Qua:

1994 831 2128 885 mihi
2157 832 2222 885 ad
2249 847 2345 887 vos
2376 833 2652 888 scribendi
2690 848 2858 889 causa
2892 834 3015 898 fuit,
3042 844 3098 888 ut
3124 836 3246 891 illos
3276 839 3341 892 ad
3380 855 3463 893 me
3496 840 3562 893 li-

1994 918 2130 973 bros
2160 920 2375 975 mittere
2402 921 2605 975 velitis.
2635 920 2771 975 Nam
2803 923 2947 992 quod
2982 939 3081 995 ego
3109 940 3216 978 non
3248 928 3568 985 curiositate

1995 1009 2217 1074 ductus,
2260 1027 2439 1081 neque
2481 1012 2627 1066 malo
2670 1014 2875 1077 animo,
2916 1015 3014 1069 sed
3056 1015 3279 1073 honoris
3324 1019 3432 1074 illis
3472 1020 3569 1075 ha-

1995 1100 2158 1155 bendi
2191 1101 2393 1165 studio,
2436 1116 2501 1156 ac
2540 1118 2641 1173 pro
2670 1120 2787 1159 mea
2817 1120 2944 1174 erga
2985 1121 3083 1161 vos
3113 1109 3307 1163 ﬁducia
3340 1120 3395 1166 et
3431 1114 3569 1168 alni-

1996 1190 2127 1244 citia
2162 1189 2231 1243 ad
2261 1204 2324 1244 ea
2372 1192 2694 1260 postulanda
2720 1193 3121 1261 descenderim,
3145 1214 3207 1253 ex
3237 1215 3355 1254 mea
3386 1202 3438 1255 in
3470 1217 3568 1259 vos

1996 1280 2378 1335 benevolentia
2430 1283 2475 1336 si
2519 1282 2794 1339 recordari
2847 1286 3149 1351 volueritis,
3198 1289 3565 1359 conjecturam

1998 1371 2178 1426 facere
2215 1373 2463 1442 potestis.
2500 1373 2825 1430 Meministis
2843 1376 3012 1440 enim,
3046 1378 3264 1447 opinor,
3293 1382 3441 1437 cives
3470 1398 3565 1439 ve—

2002 1471 2147 1517 stros
2184 1478 2248 1516 ac
2293 1464 2586 1534 populares
2618 1466 3075 1535 quamplurimos,
3111 1471 3202 1537 qui
3234 1471 3376 1525 bello
3400 1475 3567 1545 capti,

1998 1564 2050 1609 et
2089 1554 2144 1608 in
2177 1552 2509 1625 Egyplum,
2551 1556 2693 1611 hanc
2732 1564 2975 1611 nostram
3018 1562 3268 1627 patriam,
3303 1562 3570 1631 deportati

296 1646 683 1715 μελησάμενος
709 1646 908 1708 αὐτῶν,
936 1646 1253 1719 ἐλευθέρους
1276 1648 1598 1718 ἀπέπεμψα,
1630 1648 1766 1702 άλλά
1790 1648 1887 1701 καὶ

2022 1645 2243 1707 'uerant,
2278 1661 2383 1699 non
2417 1646 2684 1702 liberasse
2712 1650 2878 1701 modo
2908 1649 3139 1712 me,sed
3177 1658 3232 1703 et
3265 1652 3463 1707 viatico
3492 1654 3575 1708 in-

296 1740 430 1801 τους
464 1738 524 1789 ὲν
557 1737 742 1801 αὐτοῖς
787 1738 1223 1809 πεπληγμένους,
1256 1740 1547 1809 ἰασάμενος
1570 1740 1769 1810 ἀνῆκα,
1804 1738 1899 1792 καὶ

2022 1744 2245 1791 structos
2274 1750 2337 1790 ac
2369 1737 2780 1806 perhumaniter
2800 1737 3014 1797 habitos
3037 1754 3158 1792 eum
3189 1741 3339 1794 omni
3371 1740 3575 1797 ollicio-

298 1822 427 1884 τοὺς
449 1824 692 1893 γυμνοὺς
730 1823 987 1878 ὲνέδυσα·
1022 1826 1116 1877 καὶ
1153 1825 1248 1879 νῦν
1285 1826 1343 1879 δὲ
1371 1827 1652 1897 τράπεζαν
1685 1829 1894 1899 χρυσῆν

2022 1843 2119 1881 υιη
2146 1843 2344 1897 genere
2369 1829 2571 1883 liberos
2601 1828 2883 1883 dimisisse
2920 1847 2933 1882 :
2971 1828 3107 1883 adeo
3133 1840 3190 1883 ut
3217 1837 3271 1884 et
3300 1832 3391 1900 qui
3417 1847 3481 1886 ex
3508 1832 3574 1887 iis

302 1913 446 1981 μετὰ
470 1913 937 1985 πολυτελεστάτης
964 1914 1140 1979 λιθίας
1162 1917 1609 1988 κεκοσμημένην,
1646 1918 1705 1983 ἐξ
1731 1918 1895 1989 ὁλκῆς

2022 1920 2170 1975 ωιοίἰ
2200 1929 2360 1972 erant
2383 1918 2673 1988 diligenter
2697 1933 2969 1985 curarem,
2992 1926 3046 1973 et
3068 1919 3228 1974 nudis
3250 1920 3575 1976 vestimenta

301 2003 584 2057 ταλάντων
626 2011 699 2074 φ’,
739 2006 861 2059 ἀντὶ
888 2007 987 2077 τῆς
1018 2007 1296 2078 τραπέζης
1331 2009 1426 2079 τῆς
1459 2009 1757 2081 ληφθείσης
1788 2012 1897 2065 ἀπὸ

2022 2008 2322 2064 lividerem.
2357 2006 2514 2061 Nunc
2540 2022 2761 2063 auream
2800 2007 2866 2061 ad
2910 2023 3008 2062 vos
3041 2024 3282 2063 mensam
3320 2010 3577 2078 pretiosis

300 2094 400 2147 τοῦ
430 2096 587 2163 ἀγίου
629 2096 793 2149 τόπου
835 2097 1217 2168 Ἱεροσολύμων
1263 2100 1589 2163 ἀπέστειλα,
1632 2102 1769 2171 μετά
1804 2103 1897 2155 καὶ

2022 2097 2283 2167 apidibus
2309 2104 2585 2161 ornatam,
2622 2095 2803 2164 pondo
2833 2094 3255 2165 quingentorum
3288 2096 3571 2155 talentum,

302 2183 516 2257 δώρων,
543 2186 636 2239 καὶ
666 2188 963 2257 κειμηλίων
990 2188 1067 2260 τῷ
1099 2189 1229 2261 ίερῷ
1254 2190 1426 2261 τόπῳ.
1469 2190 1686 2248 τούτων
1717 2192 1897 2245 τοίνυν

2022 2201 2098 2240 ιιο
2125 2201 2207 2251 ea,
2240 2201 2362 2256 qua:
2388 2200 2453 2240 ex
2482 2183 2973 2254 Hierosolymitano
2996 2184 3195 2252 templo
3218 2183 3426 2252 direpta
3457 2182 3577 2239 fue—

304 2277 411 2346 τὴν
432 2277 682 2348 διήγησιν
711 2279 1074 2349 ἐποιησάμην,
1115 2280 1267 2343 ὅπως
1297 2283 1493 2349 γνῶτε,
1528 2284 1610 2336 ὃτι
1644 2283 1783 2354 ὑπὲρ
1812 2285 1901 2337 εὐ-

2022 2286 2107 2338 at.
2141 2276 2209 2330 ad
2235 2291 2332 2330 vos
2362 2291 2487 2330 cum
2524 2275 2845 2330 muneribus
2873 2291 2938 2330 ac
2977 2274 3221 2329 donariis
3246 2274 3420 2339 mitto,
3453 2288 3576 2343 quae

312 2364 416 2438 χῆς
442 2370 536 2422 καὶ
558 2368 844 2431 εὐσεϐείας
869 2370 969 2434 τὰς
999 2370 1215 2439 βίϐλους
1249 2371 1404 2424 αἰτῶ.

2024 2387 2056 2423 ιι
2104 2370 2306 2439 templo
2351 2376 2536 2422 vestro
2580 2367 2894 2422 consecrari
2943 2368 3124 2436 cupio.
3167 2365 3293 2419 Hzec
3322 2380 3387 2420 eo
3420 2364 3575 2420 vobis

2002 2458 2254 2528 exposui,
2291 2464 2353 2509 ut
2384 2471 2468 2510 me
2496 2472 2563 2510 ex
2600 2456 2709 2509 voti
2755 2455 2993 2524 quadam
3039 2454 3324 2525 religione,
3367 2470 3429 2509 ac
3458 2456 3575 2523 pie-

2004 2550 2134 2603 tatis
2159 2547 2343 2602 studio
2368 2548 2537 2602 libros
2566 2546 2704 2601 istos
2726 2545 3001 2616 ﬂagitasse
3034 2546 3266 2601 sciretis.

389 2640 500 2694 Καὶ
537 2640 572 2711 ἡ
610 2639 709 2709 μὲν
750 2639 1007 2713 ἐπιστολὴ
1042 2641 1343 2712 ἀπεστάλη,
1400 2644 1493 2698 καὶ¹
1528 2644 1597 2697 τά
1632 2644 1903 2698 ἀπεσταλ-

2080 2638 2174 2692 llis
2208 2638 2404 2692 litteris
2433 2651 2498 2691 ac
2549 2636 2871 2690 muneribus
2915 2633 3288 2707 Hierosolyma
3332 2635 3577 2705 perlatis.

312 2730 459 2805 μένα
477 2731 641 2802 δῶρα.
665 2731 831 2784 Δύτο)⁸
850 2732 903 2785 δὲ
924 2732 1204 2803 δεξάμενοι
1221 2735 1317 2787 καὶ
1339 2734 1438 2805 τὴν
1460 2735 1750 2806 ἐπιστολὴν
1766 2736 1897 2806 (47),

2022 2741 2302 2801 atrumque
2320 2729 2492 2784 Judzei
2514 2729 2849 2798 perjucunde
2878 2743 2942 2782 ac
2974 2729 3204 2786 libenter
3232 2736 3578 2798 acceperunt.

313 2823 416 2875 καὶ
440 2820 511 2873 τὰ
538 2820 685 2891 δῶρα
714 2821 988 2892 ἀσμένως,
1021 2823 1109 2876 διὰ
1144 2826 1315 2895 χαρᾶς
1343 2824 1502 2895 ἔσχον
1534 2825 1762 2896 σφόδρα.
1795 2826 1906 2879 Καὶ

2022 2823 2132 2878 liox
2172 2823 2293 2877 sine
2326 2822 2435 2875 ulla
2475 2821 2826 2876 cunctatione
2864 2820 3037 2875 libros
3068 2820 3212 2884 illos,
3243 2835 3382 2889 quos
3422 2821 3584 2888 paulo

314 2914 585 2985 ἀμελητὶι
615 2914 863 2985 χρυσέοις
887 2915 1210 2985 γράμμασιν
1236 2916 1545 2985 Ἑϐραϊκοῖς
1566 2916 1667 2981 τὰς
1691 2915 1907 2987 βίϐλους

2022 2920 2137 2969 ante
2175 2912 2626 2975 commemoravi,
2671 2910 2956 2966 Hebraicis
3002 2911 3198 2966 litteris
3233 2911 3416 2965 aureis
3451 2925 3583 2963 con~

318 3006 808 3079 μεταγραψάμενοι
853 3007 951 3069 τὰς
998 3007 1098 3078 ήδη
1143 3025 1233 3078 μοι
1278 3010 1739 3080 προτεταγμένας,
1803 3011 1907 3064 ἀπ·

2022 3005 2249 3074 scriptos
2289 3002 2357 3057 ad
2386 3016 2567 3073 regem
2612 3001 2839 3055 mittunt
2870 3019 2886 3056 :
2917 3001 3020 3055 hoc
3051 3010 3135 3057 est
3154 3000 3365 3055 Veteris
3390 2998 3590 3054 Testa-

316 3095 593 3157 ἔστειλαν,
636 3095 718 3164 κβ¹
767 3094 863 3165 μὲν
915 3093 1015 3158 τὰς
1053 3096 1410 3161 ὲνδιαθέτους,
1441 3097 1907 3169 ἑϐδομηκονταδύο

2022 3098 2185 3152 menti
2207 3095 2397 3165 viginti
2416 3094 2578 3160 duos,
2599 3102 2654 3149 et
2698 3094 3041 3165 apocryphos
3063 3092 3405 3163 septuaginta
3425 3092 3590 3150 duos.

316 3189 383 3242 δὲ
406 3189 506 3251 τάς
532 3187 878 3259 ἀποκρύφους
899 3188 1032 3260 (48).
1081 3190 1137 3243 '0
1168 3190 1224 3242 δὲ
1257 3189 1509 3260 βασιλεὺς
1543 3191 1907 3263 κομισάμενος

2022 3187 2230 3254 Quibus
2260 3187 2502 3257 acceptis
2538 3185 2866 3242 Ptolemaeus
2910 3200 3033 3240 cum
3065 3184 3329 3239 llebraice
3357 3189 3593 3254 scrlptos

313 3277 426 3332 καὶ
474 3276 729 3345 ἐντυχὼν.
794 3278 889 3329 καὶ
939 3278 1012 3347 μὴ
1064 3276 1364 3348 δυνάμενος
1426 3279 1757 3347 ἀναγνῶναι,
1805 3281 1907 3333 τῶν

2022 3278 2237 3332 codices
2267 3278 2447 3348 legere
2479 3291 2589 3331 non
2620 3284 2830 3346 posset,
2873 3274 3118 3331 secundo
3141 3273 3207 3328 ad
3239 3288 3335 3329 eos
3353 3273 3595 3328 scribere

318 3367 610 3437 στοιχείων
652 3367 956 3439 Ἑϐραϊκῶν
1002 3367 1355 3439 ὑπαρχόντων
1404 3370 1500 3423 καὶ
1534 3371 1798 3443 διαλέκτῳ
1848 3375 1907 3443 τῇ

2022 3376 2244 3423 coactus
2287 3375 2395 3433 est,
2438 3376 2493 3423 et
2543 3368 2870 3438 interpretes
2903 3373 3106 3435 petere,
3143 3364 3235 3435 qui
3272 3380 3335 3419 ex
3372 3362 3597 3419 Hebraeo

332 3458 604 3530 Ἐϐραῑκῇ
632 3458 1053 3529 γεγραμμένων,
1079 3459 1336 3531 δευτέραν
1364 3460 1653 3531 ἐπιστολὴν
1678 3461 1907 3528 ἀναγκά-

2023 3462 2193 3517 libros
2242 3461 2380 3517 istos
2430 3461 2486 3515 in
2528 3458 2779 3514 Graecum
2826 3472 3135 3514 sermonem
3193 3465 3594 3513 converterent.

323 3550 487 3613 ζεται
527 3550 709 3612 αὐτοῖς
752 3549 980 3620 γράψαι,
1021 3548 1115 3602 καὶ
1158 3550 1377 3619 αἰτῆσαι
1406 3549 1749 3621 ἑρμηνευτάς
1792 3552 1907 3615 τοὺς

2027 3554 2253 3621 Summa
2273 3553 2518 3624 epistola:
2544 3553 2659 3607 haec
2688 3550 2791 3606 fuit
2827 3565 2840 3604 :

322 3641 666 3712 δυναμένους
704 3641 850 3711 αὐτῷ
880 3641 1087 3713 φράσαι
1118 3641 1215 3706 τάς
1279 3641 1493 3713 βίϐλους
1552 3646 1632 3707 εἰς
1671 3643 1770 3714 τὴν
1835 3645 2154 3719 Ἑλληνικὴν
2200 3648 2479 3703 διάλεκτον
2528 3645 2620 3701 διὰ
2666 3646 2765 3717 τῆς
2816 3645 3114 3718 Ἐϐραϊδος.
3172 3644 3425 3713 Περιεῖχε
3472 3640 3530 3693 δὲ
3566 3634 3598 3702 ἡ

326 3732 592 3801 ἐπιστολὴ
626 3731 748 3784 τάδε
762 3741 781 3758 ⁸

408 3827 511 3879 IA'.
568 3826 627 3880 '0
665 3825 918 3896 βασιλεὺς
958 3826 1294 3897 Πτολεμαῖος
1338 3829 1451 3891 τοῖς
1490 3827 1590 3898 τῆς
1635 3829 1917 3895 εὐσεϐείας

330 3916 700 3981 διδασκάλοις,
737 3919 849 3981 τοῖς
878 3918 935 3969 ὲν
972 3917 1389 3988 Ἰεροσολύμοις,
1426 3919 1653 3973 πλεῖστα
1688 3914 1919 3993 χαίρειν.

411 4007 695 4079 Θησαυροῦ
710 4008 1113 4081 κεκρυμμένου,
1135 4010 1228 4063 καί
1245 4011 1428 4080 πηγῆς
1450 4011 1921 4083 ἐσφραγισμένης,

331 4100 430 4164 et;
458 4098 687 4168 ὠφέλεια
717 4101 775 4153 ἐν
808 4102 1175 4173 ἀμφοτέροιςς
1224 4101 1383 4155 Οὕτω
1422 4103 1516 4156 καὶ
1546 4105 1580 4172 ή
1618 4103 1746 4171 παρ’
1772 4103 1925 4174 ὑμῶν

2103 3831 2197 3885 XI.
2226 3830 2551 3885 Ptolemaeus
2578 3842 2671 3884 rex
2696 3828 2913 3900 pietatis
2950 3826 3249 3897 magistris,
3281 3825 3372 3894 qui
3405 3824 3593 3880 Hiero-

2030 3922 2256 3993 solymis
2298 3922 2566 3975 habitant.

2108 4014 2270 4083 168
2308 4012 2519 4067 Occulti
2552 4011 2818 4073 thesauri,
2850 4020 2904 4066 et
2934 4010 3211 4081 obsignati
3259 4008 3427 4064 fontis
3458 4021 3612 4078 qum-

2035 4119 2157 4158 nam
2182 4118 2307 4159 esse
2328 4110 2507 4172 petest
2529 4102 2775 4156 utilitas?
2801 4101 2913 4156 lloc
2938 4116 3038 4173 ego
3069 4102 3135 4156 de
3156 4101 3242 4155 his
3263 4100 3439 4165 libris,
3468 4113 3614 4171 quos

407 4259 424 4289 ¹
450 4257 582 4328 Leg.
608 4258 889 4328 ἀμελλητί.

420 4414 538 4488 (Π)
575 4415 763 4488 »Αὐτοὶ
805 4414 1237 4488 δὲμδεξάμενολιη
1265 4415 1361 4488 καὶ
1412 4415 1527 4488 τὴν
1573 4415 1907 4488 ἐπεστολήν

2040 4411 2244 4488 Grzeete
2298 4408 2675 4488 translationis
2705 4408 2986 4488 invidiam
3027 4405 3485 4488 {osephinsmculo
3524 4421 3605 4463 re-

345 4476 736 4559 Gratissii_itam
768 4476 1297 4559 accidissefpontilici
1320 4476 1639 4559 Judze‘isqtte
1662 4476 1934 4559 Ptolemaei
2040 4484 2339 4537 centiorem
2365 4477 2835 4559 exstitisse.thun
2864 4479 3007 4533 enim
3037 4476 3207 4532 Judaei
3241 4479 3613 4559 Christianum

348 4556 787 4629 postulationem
814 4571 936 4629 eum
972 4548 1163 4625 reliqui
1190 4570 1403 4629 omnes,
1441 4548 1741 4629 turif_Pliilo
1773 4553 1935 4629 ct_.lo-
2036 4568 2236 4629 nomen
2272 4552 2531 4629 paulatim
2566 4550 2792 4629 excitari
2837 4559 3147 4629 cernerent,
3178 4564 3345 4629 seque
3370 4550 3437 4629 ab
3455 4548 3603 4600 Chri-

350 4616 587 4698 sephus,
619 4623 789 4698 Judaei
827 4624 952 4693 ipsi,
1007 4616 1296 4698 testantur.
1329 4616 1399 4677 At
1436 4624 1682 4693 Scaliger
1718 4624 1937 4698 in_4ni-
2006 4623 2209 4677 stianis
2246 4616 2363 4698 suis
2397 4620 2530 4698 ipsis
2572 4619 2789 4698 litteris,
2818 4632 2957 4698 quas
2988 4616 3175 4698 ϐιαιοο
3206 4616 3445 4687 legerent
3490 4631 3613 4669 om-

351 4689 505 4765 mod.
536 4702 592 4748 et
641 4695 695 4747 in
729 4689 939 4763 lsagbg.
970 4710 1090 4747 can.
1139 4694 1358 4756 falsum,
1406 4702 1459 4749 et
1503 4689 1932 4756 commentitium
2038 4707 2158 4765 nes,
2190 4691 2550 4765 convincbac
2599 4689 2883 4757 redargui;
2921 4702 3062 4765 mgre
3093 4689 3326 4765 primum
3366 4699 3600 4765 commu-

355 4764 504 4832 istud
536 4779 660 4818 esse
690 4756 859 4832 putat,
887 4756 950 4815 ac
980 4771 1190 4817 tantum
1219 4765 1431 4827 abesse,
1467 4772 1523 4816 ut
1553 4778 1615 4817 ea
1647 4778 1931 4817 sacrarum
2038 4762 2263 4832 nionem
2287 4760 2431 4832 illam
2456 4758 2598 4813 ferre
2631 4756 2950 4832 cmperunt;
2980 4763 3093 4808 tum
3128 4756 3347 4809 easdem
3380 4756 3613 4832 litteras,

356 4826 704 4886 Litterarum'
748 4826 1127 4905 interpretatio
1176 4826 1440 4903 voluptati
1492 4834 1601 4887 illis
1642 4832 1837 4905 (uelit,
1873 4840 1933 4905 u_t
2039 4846 2103 4905 ac
2132 4828 2268 4884 LXX
2304 4828 2590 4905 seniorum
2618 4826 2905 4905 editionem
2934 4840 3299 4905 corrumpere
3329 4826 3613 4905 achm‘uti-

358 4910 654 4972 propterea
697 4891 1578 4976 solem-rtejejuniuin_decretum
1621 4891 1930 4976 sitd'l‘eheth
2040 4901 2154 4955 lare
2205 4898 2385 4976 conati
2433 4905 2561 4976 sunt
2590 4916 2603 4950 :
2636 4896 2778 4976 quod
2828 4893 3081 4976 Justinus
3136 4891 3341 4976 martyr
3387 4891 3614 4976 Qialogo

358 4962 485 5046 itu,
514 4984 571 5026 ut
600 4988 666 5027 ex
696 4962 1025 5027 Kalendari'o
1041 4962 1240 5046 liquet.
1271 4971 1562 5046 Fuit__enim
1593 4988 1661 5026 ex
1691 4974 1937 5046 i|l9_p_ra:-
2043 4987 2163 5024 cum
2206 4968 2400 5040 Tryph.
2434 4962 2853 5046 aliique'l’atres
2886 4965 2999 5046 illis
3016 4962 3478 5046 exprobrarunjlx
3517 4962 3615 5013 illo

358 5040 526 5110 cipue
553 5051 798 5112 tempore
838 5036 1335 5112 perpetuuininter
1382 5042 1637 5098 Hebraeos
1669 5052 1722 5097 et
1761 5036 1937 5112 llelle-
2042 5036 2295 5112 tempore'
2320 5050 2461 5112 naue
2488 5047 2618 5112 sunt
2664 5036 2896 5105 angariaa
2947 5036 3071 5112 iilfe,
3129 5041 3182 5088 et
3226 5042 3439 5112 mum,
3476 5046 3613 5112 quas

358 5103 539 5184 nistas
577 5103 797 5167 Judaeos
827 5103 1135 5184 dissitﬁum.
1164 5111 1268 5167 Sed
1298 5114 1472 5167 hacin
1506 5127 1584 5177 re,
1617 5113 1692 5166 uti
1722 5111 1937 5184 caeteris
2044 5103 2544 5184 gale‘ndariissuis
2576 5103 2950 5184 intenderunt.
2982 5103 3163 5184 Quare
3187 5106 3496 5184 plumbeum
3530 5110 3618 5153 est

360 5181 481 5253 fere
523 5184 801 5247 omnibus,
820 5183 1119 5253 Wjudicium
1156 5184 1209 5237 in
1252 5173 1653 5253 Scaliger-mae
1700 5180 1938 5253 pruden-
2046 5179 2308 5253 Scaligeri
2350 5180 2542 5242 telum,
2591 5180 2733 5246 quod
2762 5192 2826 5231 ex
2870 5176 3000 5231 faece
3038 5177 3140 5229 ista
3174 5173 3455 5226 rahbinica
3486 5186 3615 5239 pro-

358 5252 497 5304 tiam
531 5255 774 5322 requiro.
804 5252 937 5319 Quis
975 5255 1120 5309 enim
1164 5252 1471 5309 Judzeorum
1502 5252 1733 5307 arcanos
1779 5252 1936 5313 ritus,
2040 5252 2184 5304 tulit.

359 5333 429 5394 ac
464 5325 694 5376 consilia
754 5326 948 5379 melius
987 5324 1158 5387 novit,
1198 5336 1292 5377 aut
1335 5338 1499 5378 nosse
1547 5323 1741 5394 potuit.
1776 5335 1937 5394 quam

358 5388 659 5463 Qosepbus,
692 5393 992 5448 Hebraismi
1024 5394 1210 5463 utique
1237 5409 1344 5449 non
1376 5388 1680 5463 imperitus,
1711 5388 1857 5461 quod
1886 5392 1940 5445 in

360 5458 599 5516 Philone
631 5462 874 5533 Scaliger
904 5458 1141 5534 excipit?
1168 5465 1269 5530 Qui
1300 5458 1468 5528 idem,
1488 5462 1640 5534 quod
1671 5458 1937 5534 Aristeas,

364 5533 611 5598 prodidit
686 5531 949 5603 Eleazaro
1006 5531 1245 5603 pontilici
1292 5531 1771 5603 iucundissimum
1807 5531 1940 5586 illud

364 5602 578 5673 (uisse:
621 5620 791 5673 neque
816 5603 897 5673 de
924 5602 1234 5659 Judaaorum
1282 5602 1582 5673 olfensione
1612 5602 1939 5657 mentionem

366 5666 509 5723 facit
561 5666 747 5727 ullam.
797 5672 931 5739 Quis
979 5674 1142 5741 igitur
1192 5690 1299 5729 non
1359 5671 1524 5737 videt,
1578 5674 1718 5726 hanc
1767 5672 1940 5742 ipsum

2115 5322 2226 5390 (68)
2258 5316 2801 5390 Ἑϐδορηκονταδύο
2831 5314 2898 5367 δὲ
2934 5313 3041 5390 τᾲς
3068 5310 3473 5390 ἀποκρύςρρυς.
3510 5306 3616 5363 Ve-

2043 5379 2164 5445 ruin
2203 5379 2335 5443 illud
2382 5379 2499 5441 non.
2523 5396 2674 5456 puto.
2722 5401 2894 5453 neque
2920 5386 3172 5456 cuiquam
3202 5379 3362 5456 facile
3388 5392 3612 5456 persua-

2044 5461 2177 5514 serit
2195 5448 2562 5528 Epiphanius,
2588 5471 2733 5509 Lun
2758 5448 3102 5528 apocryphos
3117 5450 3340 5528 totidem
3359 5452 3428 5503 ab
3449 5448 3618 5528 inter-

2046 5519 2314 5610 pretihtis'
2340 5544 2404 5607 ex
2437 5526 2661 5579 llehrwo
2688 5519 3617 5610 translatos.‘llttiss‘elulvaﬂ

2047 5590 2151 5653 ista
2178 5598 2451 5652 volumina
2486 5596 2792 5664 conscripta
2809 5592 2969 5648 llebr.
2985 5593 3089 5648 litt.
3107 5590 3336 5648 aﬂit‘mat
3356 5590 3429 5646 ob
3451 5591 3615 5658 idque

2048 5670 2151 5741 legi
2186 5668 2409 5723 tniuiut‘e
2432 5666 2697 5734 potuisse.
