3916 6196
440 263 544 319 9.59

507 379 648 435 χιιι.
674 379 861 437 Secuti
890 391 1021 439 sunt
1052 385 1415 441 Romanorum
1452 378 1827 449 imperatores.

520 475 801 543 Augustus
846 488 1020 528 annos
1059 487 1167 537 Lvt,
1208 469 1369 539 cujus
1407 484 1556 525 anno
1595 472 2020 542 quadragesimo

441 567 705 628 secundo,
735 565 994 617 Dominus
1023 571 1210 617 noster
1240 560 1404 618 Jesus
1434 561 1688 619 Christus
1720 562 2018 619 secundum

440 671 660 711 carnem
682 664 846 708 natus
876 662 979 706 €51.

512 745 765 799 Tiberius
796 755 967 795 annos
1006 755 1166 807 xxiii,
1196 740 1358 811 cujus
1400 758 1547 799 anno
1575 742 1791 799 decimo
1821 752 2018 797 octavo

437 837 697 892 Christus
726 831 1022 886 cruciﬁxus
1047 841 1150 887 est.

513 926 683 981 Caius
729 938 907 979 annos
945 932 1083 990 tres,
1129 940 1349 981 menses
1398 939 1617 989 novem,
1664 925 1782 979 dies
1827 923 2018 993 viginti

436 1029 652 1069 novem.

506 1102 773 1158 Claudius
806 1117 984 1160 annos
1017 1119 1139 1167 xm,
1172 1118 1391 1160 menses
1415 1103 1779 1168 duos,minus
1806 1101 2020 1156 duobus

435 1195 650 1249 diebus.

505 1284 648 1338 Nero
694 1300 872 1340 annos
921 1300 1060 1349 xm,
1118 1299 1335 1341 menses
1379 1293 1622 1354 septem,
1674 1284 1792 1339 dies
1829 1282 2020 1353 viginti

433 1383 664 1443 septeni.

504 1466 675 1521 Galba
709 1482 928 1522 menses
962 1474 1198 1535 septem,
1234 1465 1352 1521 dies
1388 1465 1580 1535 viginti
1619 1478 1736 1519 scx.

504 1554 647 1609 Otho
672 1570 889 1610 menses
921 1563 1055 1617 tres,
1081 1555 1201 1609 dies
1237 1554 1502 1624 quinque.

507 1642 757 1697 Vitellius
789 1658 1007 1698 menses
1036 1642 1369 1709 octodecim,
1398 1643 1516 1699 dies
1550 1642 1861 1697 duodecim.

507 1733 880 1803 Vespasianus
906 1749 1080 1790 annos
1112 1750 1331 1800 novem,
1366 1748 1583 1790 menses
1640 1741 1869 1803 septeni,
1901 1731 2018 1787 dies
2052 1708 2094 1764 Β

436 1825 747 1879 duodecim.

508 1916 665 1971 Titus
705 1930 881 1971 annos
905 1915 1069 1981 duos,
1102 1930 1320 1970 menses
1349 1915 1511 1979 duos,
1548 1915 1668 1970 dies
1708 1916 1871 1969 duos.
1903 1912 2018 1968 Hoc

438 2019 683 2077 tempore
737 2009 1003 2062 subversa
1058 2015 1186 2061 sunt
1231 2004 1634 2077 Hierosolyma,
1677 2006 2020 2077 sexagesimo

436 2101 630 2167 quinto
653 2112 822 2162 anno,
849 2105 903 2154 et
948 2096 1159 2167 aliquot
1184 2096 1380 2152 diebus
1416 2096 1621 2167 elapsis
1654 2104 1779 2165 post
1813 2095 2017 2153 Christi

438 2190 772 2259 passionem.

510 2279 851 2333 Domitianus
882 2294 1062 2333 annos
1095 2294 1183 2343 xv,
1216 2288 1271 2333 et
1301 2292 1517 2332 menses
1545 2277 1806 2347 quinque.

509 2369 684 2423 Nerva
713 2386 917 2423 annum
953 2385 1147 2433 unum,
1176 2384 1393 2424 menses
1425 2379 1683 2438 quatuor.

507 2460 548 2513 Τ
557 2462 778 2529 rajanus
802 2474 977 2514 annos
998 2458 1187 2513 decem
1218 2468 1274 2513 et
1303 2472 1522 2513 novem.

508 2554 782 2607 Adrianus
799 2566 974 2606 annos
996 2566 1111 2614 nl,
1140 2550 1301 2621 cujus
1320 2564 1466 2604 anno
1485 2549 1809 2604 duodecimo
1826 2549 2017 2621 Aquila

437 2642 643 2696 ﬂoruit.

513 2733 592 2785 Ab
615 2733 861 2801 Augusto
889 2729 1054 2799 igitur
1070 2728 1140 2783 ad
1158 2718 1480 2783 Adrianum'
1496 2729 1626 2784 anni
1685 2730 2022 2802 colliguntur

439 2833 656 2875 centum
696 2820 1006 2891 octoginta,
1050 2834 1266 2875 menses
1296 2829 1554 2891 quatuor,
1595 2821 1776 2877 minus
1819 2821 2013 2877 diebus

441 2928 632 2968 novem
662 2932 673 2966 :
709 2913 780 2966 ita
823 2912 893 2967 ab
925 2926 990 2966 eo
1045 2920 1313 2981 tempore,
1363 2926 1475 2981 quo
1515 2910 1875 2983 Septuaginta
1914 2912 2023 2967 duo

1841 263 1900 321 s.
1946 259 2282 319 summa
3572 265 3657 324 ,ω
3690 248 3691 251 γ

2034 384 2086 441 Α
2180 379 2279 433 Il".
2323 371 2455 430 Εῐτα
2487 376 2723 446 βασιλεῖς
2772 375 3075 447 Ῥωμαίων.

2184 469 2495 538 Αὔγουστος
2540 468 2634 538 ἔτη
2704 474 2786 532 νς·’
2815 462 3165 539 [ἐξ],οἶίτινος
3208 470 3267 521 ὲν
3295 468 3372 539 τῷ
3427 487 3666 542 τεσσαρα-

2122 560 2299 631 κοοτῷ
2334 559 2572 630 δευτέρῳ
2597 560 2706 613 ἔτει
2730 561 2759 611 ὁ
2792 559 2994 630 Κύριος
3030 560 3187 630 ήμιῖιν
3228 560 3433 632 Ἰησοῦς
3463 563 3670 632 Χριστὸς

2122 653 2262 707 κατὰ
2286 653 2465 725 σάρκα
2485 653 2826 722 γεγέννηται.

2191 746 2441 815 Τιϐέριος
2468 745 2562 814 ἔτη
2592 750 2697 813 κγ’,
2714 736 2776 797 οὗ
2808 743 2887 814 τῷ
2914 744 3364 815 ὀκτωκαιδεκάτῳ
3383 745 3491 799 ἔτει
3515 748 3542 799 ὁ
3560 747 3675 818 Χρι-

2125 838 2247 899 στὸς
2283 837 2640 907 ἐσταύρωται.
3256 862 3259 865 ·

2194 929 2351 990 Γάϊος
2381 928 2476 995 ἔτη
2500 925 2567 995 γ’,
2607 927 2781 997 μῆνας
2810 925 2878 990 0',
2921 927 3137 999 ἡμέρας
3167 926 3271 979 κθ’.

2193 1105 2456 1167 Κλαύδιος
2479 1104 2572 1175 ἔτη
2608 1112 2695 1172 ιγ’,
2724 1104 2897 1174 μῆνας
2925 1105 3039 1170 δύο,
3069 1106 3196 1175 παρ’
3216 1105 3428 1175 ἡμέρας
3453 1104 3557 1157 δύο.

2192 1278 2379 1349 Νέρων
2413 1278 2506 1349 ἐτη
2537 1285 2629 1345 ιγ’,
2663 1278 2840 1347 μῆνας
2876 1279 2942 1341 ς’,
2972 1276 3183 1347 ἡμέρας
3217 1275 3321 1340 κζ’.

2196 1461 2404 1526 Γαλδὰς
2438 1461 2614 1531 μῆνας
2645 1461 2687 1523 ξ’
2707 1500 2722 1523 ν
2758 1458 2966 1531 ἡμέρας
2996 1466 3107 1524 κεί

2199 1554 2374 1609 Ὄθων
2417 1553 2591 1624 μῆνας
2610 1558 2682 1621 γ’,
2702 1552 2919 1623 ἡμέρας
2943 1552 3006 1605 ε’.

2194 1645 2435 1708 Βιτέλιος
2459 1646 2635 1716 μῆνας
2672 1650 2761 1713 ιη’,
2792 1644 3006 1714 ἡμέρας
3032 1642 3120 1713 ιβ’.

2194 1735 2597 1800 Οὐεσπασιανὸς
2632 1734 2726 1788 Ern
2757 1734 2823 1798 θ’,
2859 1735 3035 1805 μῖινας
3059 1733 3127 1799 ξ’,
3162 1734 3375 1806 ἡμέρας
3413 1735 3499 1805 ιβ’.

2193 1918 2350 1979 Τῖτος
2371 1915 2465 1986 ἔτη
2498 1913 2611 1979 δύο,
2655 1913 2829 1984 μῆνας
2851 1911 2964 1975 δύο,
2989 1912 3204 1984 ἡμέρας
3245 1911 3357 1964 δύο.
3414 1909 3502 1963 Ἑν
3527 1908 3684 1978 τούτῳ

2122 2008 2200 2079 τῷ
2220 2008 2398 2078 χρόνῳ
2422 2006 2643 2075 γέγονεν
2695 2006 2729 2074 ή
2789 2004 3070 2074 ἐρήμωσις
3108 2000 3520 2073 Ἰεροσολύμων,
3561 2002 3683 2069 μετὰ

2122 2094 2412 2167 ἑξηκοστὸν
2463 2094 2710 2165 πέμπτον
2756 2092 2875 2156 ἔτος
2905 2092 3003 2163 τῆς
3046 2091 3282 2163 Χριστοῦ
3318 2088 3682 2160 σταυρώσεως,

2122 2191 2215 2243 καὶ
2253 2191 2285 2259 ἡ
2292 2188 2357 2259 μέ
2367 2204 2462 2258 ρας
2495 2186 2667 2250 τινάς.

2190 2280 2513 2351 Δομετιανὸς
2542 2281 2637 2351 ἐτη
2668 2286 2748 2343 ιε’,
2787 2278 2962 2349 μῆνας
2983 2285 3042 2329 ε’.

2190 2371 2438 2440 Νερούας
2469 2370 2587 2432 ἔτος
2619 2367 2699 2432 ἓν,
2725 2368 2901 2439 μῆνας
2920 2364 2982 2419 δ’.

2192 2459 2455 2529 Τραϊανὸς
2483 2458 2579 2527 ἔτη
2613 2458 2674 2511 ιϐ’
2682 2496 2697 2511 .

2207 2549 2478 2619 Ἀδριανὸς
2539 2548 2635 2617 ἔτη
2693 2554 2799 2612 κα’,
2856 2544 3063 2610 οὗτινος
3117 2545 3196 2615 τῷ
3238 2545 3527 2616 δωδεκάτῳ
3588 2543 3689 2597 ἔτει

2135 2640 2363 2703 ’Λκύλας
2391 2639 2736 2711 ὲγνωρίξετο.

2204 2730 2337 2785 Ἀπὸ
2367 2726 2460 2785 οὖν
2480 2730 2786 2801 Αὐγούστου
2818 2731 2923 2793 ἕως
2951 2729 3229 2802 Ἀδριανοῦ
3265 2729 3360 2800 ἐτη
3399 2734 3509 2799 ρπ’,
3537 2727 3690 2797 μῆνες

2120 2824 2184 2886 δ’.
2214 2822 2368 2895 παρὰ
2397 2823 2609 2894 ἡμέρας
2648 2823 2691 2875 θ’
2710 2839 2725 2857 °
2760 2822 2835 2885 ὡς
2868 2817 3008 2875 εἶναι
3039 2821 3149 2874 ἀπὸ
3176 2820 3371 2892 χρόνου
3406 2819 3508 2889 τῆς
3528 2820 3690 2889 ἑρμη-

2122 2917 2267 2980 νείας
2282 2916 2389 2970 τῶν
2416 2914 2909 2986 Ἑϐδομηκονταδύο
2944 2911 3472 2986 Ἐρμηνευτῶν,ἒως
3507 2908 3691 2962 Ἀκύλα

440 3004 773 3074 lnterpretes
816 3004 1150 3058 exstiterunt
1206 3018 1382 3072 usque
1430 3002 1501 3058 ad
1555 3004 1807 3072 Aquilam
1854 3004 2020 3058 inter-

2137 3007 2217 3062 τοῦ
2252 3007 2608 3078 ὲρμηνευτοῠ,
2643 3008 2810 3077 ῆγουν
2832 3007 2937 3068 ἕως
2967 3004 3268 3061 δωδεκάτου
3303 3003 3461 3067 ἔτους
3499 3002 3691 3073 Ἀδρια·

442 3106 647 3166 prolem
714 3096 827 3148 sive
893 3094 1053 3161 17o
1101 3093 1169 3147 ad
1212 3093 1599 3148 duodecimum
1643 3093 1868 3147 Adriani
1920 3108 2019 3146 an-

441 3201 594 3248 num,
617 3184 1025 3250 anniccccxu,
1056 3199 1272 3240 menses
1307 3194 1559 3255 quatuor.

517 3298 662 3354 XIV.
688 3297 864 3352 Porro
901 3298 1181 3353 Adrianus
1213 3298 1318 3353 iste
1361 3311 1595 3367 corpore
1629 3298 1769 3352 male
1796 3295 2023 3351 aﬂ‘ectus

442 3390 669 3446 medicis
695 3389 976 3455 omnibus,
1002 3388 1095 3458 qui
1124 3387 1178 3443 in
1199 3395 1314 3441 toto
1332 3384 1581 3441 Romano
1597 3387 1828 3458 imperio
1844 3393 2022 3451 erant,

441 3483 742 3547 arcessitis,
796 3485 865 3537 ad
918 3480 1248 3535 medicinam
1297 3480 1519 3550 corpori
1573 3495 1675 3535 suo
1717 3479 2022 3535 faciendam

443 3575 568 3628 illos
621 3573 890 3628 adhibuit.
937 3570 1043 3626 Sed
1088 3584 1216 3624 cum
1248 3584 1467 3625 omnem
1503 3585 1726 3640 operam
1761 3572 1881 3626 sine
1910 3571 2025 3625 ullo

443 3664 627 3718 fructu
659 3664 997 3735 posuissent,
1032 3662 1101 3715 ab
1142 3661 1475 3732 imperatore
1522 3663 1634 3717 risu
1682 3676 1746 3715 ac
1786 3662 2025 3717 ludibrio

442 3756 614 3811 habiti
665 3764 795 3811 sunt
826 3775 839 3810 ;
887 3770 1063 3825 usque
1095 3754 1257 3820 adeo,
1289 3762 1349 3808 ut
1383 3752 1628 3809 mordaci
1657 3754 1713 3809 in
1755 3754 1879 3810 illos
1908 3754 2027 3825 epi-

443 3847 581 3901 stola
626 3845 1025 3915 professionem
1064 3844 1238 3914 ipsam
1280 3852 1567 3914 artemque
1613 3844 1923 3909 damnaret,
1967 3852 2027 3901 ut

443 3952 563 4007 quae
605 3936 742 3990 nihil
782 3937 849 3991 de
890 3936 1213 4007 aegritudine
1273 3950 1373 3993 sua
1422 3935 1694 3991 extricare
1734 3937 2023 4005 potuisset.

446 4025 629 4095 Itaque
652 4025 706 4078 in
735 4024 1030 4097 zEgvptum
1060 4024 1365 4096 profectus,
1390 4040 1513 4080 cum
1541 4024 1711 4078 Roma
1735 4025 2025 4081 discedens

448 4117 612 4171 urbes
658 4118 802 4183 illas,
839 4134 961 4187 qua:
1012 4119 1065 4173 in
1112 4117 1311 4173 itinere
1343 4117 1535 4186 positae
1574 4123 1725 4179 sunt,
1766 4117 1920 4171 obire
1960 4131 2026 4170 ac

445 4209 778 4279 perlustrare
822 4208 1001 4270 vellet,
1056 4218 1115 4260 ut
1154 4215 1273 4263 erat
1309 4206 1530 4263 videndi
1588 4206 2025 4276 explorandique

446 4298 704 4368 cupidus,
734 4298 873 4349 inter
918 4305 1146 4350 caeteras
1181 4297 1551 4360 Antiochiam,
1583 4311 1647 4350 ac
1683 4296 1888 4351 leem
1923 4297 2021 4368 Sy-

446 4391 605 4452 riam,
650 4386 983 4449 thnicem,
1017 4396 1072 4440 ct
1109 4384 1455 4441 Palaestinam
1500 4404 1623 4458 qua:
1663 4385 1850 4441 «Iudaea
1889 4387 2027 4443 dici-

447 4488 557 4542 tur,
589 4492 735 4532 auno
772 4493 880 4548 qua
918 4492 1109 4534 eversa
1144 4478 1327 4535 fuerat
1359 4482 1596 4551 septimo
1628 4489 1682 4536 et
1712 4481 2023 4551 quadrage-

445 4575 588 4632 simo
611 4588 929 4644 peragrans,
952 4572 1811 4645 Hierosolymamceleberrimam
1839 4574 2028 4630 urbem

446 4685 512 4723 ac
538 4668 937 4725 nobilissimam
973 4667 1284 4731 contendit.
1314 4684 1475 4737 quam
1512 4667 1671 4723 Titus
1701 4666 2028 4737 Vespasiani

447 4760 591 4816 ﬁlius
637 4760 881 4817 secundo
912 4758 1129 4830 imperii
1175 4759 1261 4814 sui
1296 4774 1441 4813 anno
1478 4760 1843 4814 subverterat.
1876 4757 2029 4813 Hanc

448 4854 537 4909 ille
565 4855 682 4910 solo
719 4859 1019 4930 aequatam,
1047 4850 1310 4921 templum
1354 4850 1535 4920 ipsum
1581 4849 1928 4905 destructum
1964 4866 2027 4908 ac

444 5032 762 5094 dromo,aut
789 5044 959 5099 agone
982 5028 1245 5098 equestri,
1272 5030 1361 5083 cui
1389 5028 1522 5083 Laio
1552 5043 1749 5083 nomen
1778 5030 2019 5099 inditum

446 5102 538 5165 sit,
597 5103 731 5155 nihil
777 5098 1038 5153 hactenus
1074 5101 1333 5152 occurrit.
1381 5099 1721 5153 Crediderim
1768 5098 2017 5168 Lagium,

446 5171 668 5237 Δάγιον,
710 5170 779 5224 ab
821 5170 940 5238 ejus
972 5168 1277 5238 conditore.
1330 5171 1412 5224 vel
1447 5177 1671 5223 auctore
1710 5172 1891 5238 potius
1924 5186 2020 5237 ge-

445 5241 591 5295 neris
624 5241 769 5310 Lago
801 5237 923 5295 esse
952 5237 1180 5310 dictum.
1233 5238 1341 5310 Sed
1376 5241 1573 5293 mirum
1601 5247 1685 5294 est
1712 5237 1857 5307 quod
1892 5238 2020 5308 Epi-

447 5310 680 5377 phanius
708 5308 924 5373 scribit,
956 5324 983 5361 a
1030 5308 1175 5377 Lago
1201 5309 1481 5363 conditum
1528 5325 1651 5363 esse
1680 5310 2025 5363 Alexandria:

447 5380 667 5447 ἰππικόν
728 5380 879 5442 illud,
930 5387 985 5433 et
1018 5380 1209 5432 Laium
1254 5381 1604 5447 appellatum,
1638 5388 1732 5433 aut
1774 5378 2020 5447 Lagium.

444 5445 627 5515 Neque
659 5451 803 5504 enim
838 5450 954 5504 scio
993 5466 1061 5503 an
1095 5445 1475 5503 Alexandriam
1519 5450 1698 5514 Lagus
1732 5450 1836 5503 iste
1857 5445 2019 5502 _vide-

445 5515 534 5576 rit,
568 5534 689 5585 qua:
745 5518 963 5572 condita
1013 5530 1099 5575 est
1159 5519 1488 5588 Olympiadis
1523 5518 1628 5571 “2
1674 5535 1818 5572 nemo
1868 5533 1927 5581 ιι,
1962 5527 2020 5571 ut

447 5593 639 5657 auctor
678 5596 763 5641 est
794 5588 1080 5645 Diodorus.
1140 5589 1267 5657 Ejus
1304 5602 1465 5656 porro
1497 5589 1640 5641 lilius
1673 5590 1856 5643 statim
1900 5596 2022 5653 post

446 5656 652 5709 obitum
703 5657 992 5710 Alexandri
1050 5660 1103 5712 in
1170 5656 1576 5727 provinciarum
1632 5659 2021 5713 distributione

2124 3099 2237 3162 νοῦ,
2276 3100 2369 3165 ἐτη
2397 3099 2493 3163 υλ’,
2524 3099 2618 3153 καὶ
2655 3099 2832 3170 μῆνας
2862 3100 2925 3152 δ’.

2601 3223 2630 3261 ο

2197 3299 2294 3349 ΙΔ’.
2327 3286 2494 3357 Οὗτος
2515 3293 2571 3346 δὲ
2604 3293 2633 3344 ὁ
2673 3291 2949 3363 Ἀδριανὸς
2996 3290 3264 3363 λωϐηθεὶς
3294 3290 3358 3343 τὸ
3406 3289 3587 3360 σῶμα,
3608 3287 3691 3340 καὶ

2126 3384 2617 3459 μεταστειλάμενος
2645 3384 2791 3437 ἅπαν
2810 3382 2872 3435 τὸ
2901 3381 3105 3452 πλῆθος
3135 3382 3245 3434 τῶν
3274 3380 3382 3435 ὑπὸ
3419 3382 3516 3452 τὴν
3548 3379 3688 3450 βασι·

2124 3480 2272 3533 λείαν
2294 3477 2459 3534 αὐτοῦ
2496 3475 2717 3547 ἰατρῶν,
2750 3474 2918 3546 ᾔτησε
2956 3474 3087 3545 παρ’
3112 3473 3293 3527 αὐτῶν
3336 3472 3579 3543 ἰατρείαν
3608 3466 3693 3520 τοῦ

2128 3572 2379 3643 σώματος
2412 3571 2600 3624 αὑτοῦ.
2630 3570 2693 3623 Οί
2736 3568 2793 3622 δὲ
2825 3566 2997 3621 πολλὰ
3026 3567 3391 3637 κεκμηκότες,
3417 3565 3512 3618 καὶ
3545 3560 3696 3632 μηδὲν

2126 3664 2442 3725 ἀνύσαντες,
2473 3660 2831 3733 ἐσκώφθησαν
2856 3660 2947 3713 ὑπ’
2986 3658 3175 3724 αὐτοῦ,
3206 3658 3283 3722 ὡς
3308 3658 3407 3711 καὶ
3425 3652 3699 3722 ἐπιστολὴν

2125 3754 2480 3823 ὀνειδιστικὴν
2512 3752 2722 3825 γράψαι
2764 3753 2884 3805 κατ’
2912 3750 3116 3814 αὐτῶν,
3150 3750 3249 3820 τὴν
3285 3745 3486 3819 τέχνην
3533 3741 3699 3798 αὐτῶν

2125 3845 2492 3917 αἰτιωμένην,
2548 3845 2625 3905 ὡς
2688 3843 2853 3915 μηδὲν
2906 3843 3113 3896 εἰδυῖαν
3172 3842 3269 3911 τῆς
3319 3832 3702 3910 περικειμένης

2126 3936 2272 4007 αὐτῷ
2310 3936 2465 3989 νόσου
2522 3934 2706 3989 ἕνεκα.
2748 3933 3032 3987 Στέλλεται
3080 3933 3179 4004 τὴν
3224 3931 3451 4003 πορείαν
3488 3929 3580 3982 ἐπὶ
3611 3926 3704 3995 τὴν

2126 4032 2235 4084 τῶν
2250 4030 2566 4099 Αἰγυπτίων
2586 4027 2714 4099 γῆν.
2737 4027 2887 4082 Ἔδει
2903 4026 2961 4078 δὲ
2981 4025 3145 4079 αὑτὸν
3160 4024 3268 4078 ἀπὸ
3299 4023 3398 4094 τῆς
3425 4020 3701 4094 Ῥωμαίων

2124 4124 2221 4176 ἐπὶ
2236 4124 2334 4187 τὰς
2356 4123 2483 4194 ἑξῆς
2500 4120 2864 4193 προϐαίνοντα
2882 4118 3085 4182 πόλεις,
3105 4117 3310 4179 ταύτας
3324 4113 3672 4169 κατοπτεύειν
3687 4121 3699 4136 ·

2124 4210 2194 4285 ἦν
2247 4215 2357 4285 γὰρ
2401 4216 2429 4266 ὁ
2475 4213 2615 4284 ἀνὴρ
2671 4211 2989 4281 φιλοῖστωρ.
3017 4209 3297 4279 Διέρχεται
3323 4202 3415 4261 οὖν
3460 4208 3561 4278 τὴν
3594 4206 3703 4257 Ἀν-

2127 4308 2308 4377 τιόχου
2337 4305 2510 4370 πόλιν,
2548 4302 2866 4374 ὑπερϐαίνει
2890 4318 2949 4354 τε
2973 4301 3072 4370 τὴν
3099 4300 3300 4369 Κοίλην
3328 4301 3424 4352 καὶ
3459 4298 3559 4371 τὴν
3588 4297 3700 4348 Φοι-

2131 4399 2306 4467 νίκην,
2368 4397 2464 4449 καί⁵
2501 4394 2721 4466 ἔρχεται
2773 4393 2853 4456 εἰς
2912 4391 3011 4463 τὴν
3062 4391 3447 4460 Παλαιστίνην,
3481 4390 3582 4461 τὴν
3618 4387 3705 4441 καὶ

2146 4488 2404 4543 Ἰουδαίαν
2454 4486 2819 4558 καλουμένην,
2857 4485 2995 4556 μετὰ
3037 4483 3132 4554 ἔτη
3157 4484 3242 4555 μζ⁹
3280 4483 3378 4554 τῆς
3408 4482 3519 4536 τῶν
3554 4481 3708 4551 Ἰερο-

2131 4579 2379 4650 σολύμων
2411 4577 2767 4650 ἐρημώσεως.
2789 4576 2899 4628 Καὶ
2926 4575 3131 4631 ἄνεισιν
3153 4575 3247 4627 ἐπὶ
3274 4573 3344 4627 τὰ
3369 4571 3711 4642 Ἰεροσόλυμα

2125 4670 2225 4739 τὴν
2250 4668 2582 4738 περίπυστον
2613 4666 2768 4721 πόλιν
2802 4666 2894 4719 καὶ
2926 4664 3252 4735 ὀνομαστὴν,
3283 4662 3351 4733 ἣν
3378 4659 3709 4731 κατέστρεψε

2128 4760 2286 4820 Τῖτος
2309 4755 2722 4810 υὺεσπασιανοῠ
2763 4758 2894 4818 παῖς
2940 4754 3021 4825 τῷ
3070 4753 3308 4822 δευτέρῳ
3338 4751 3447 4803 ἔτει
3480 4750 3582 4818 τῆς
3619 4748 3712 4801 αύ-

2128 4848 2223 4903 τοῦ
2256 4848 2553 4919 βασιλείας.
2588 4848 2698 4903 1ςαί⁵
2733 4840 2859 4917 εὗρε
2886 4848 2985 4917 τὴν
3019 4846 3169 4899 πόλιν
3206 4845 3387 4898 πᾶσαν
3412 4840 3712 4911 ηδαφισμέ-

2124 5032 2507 5087 Alexandriam
2521 5040 2575 5085 et
2608 5030 2901 5100 Egyptum
2927 5027 3181 5082 obtinuit.
3202 5026 3498 5100 Quare_aut
3520 5033 3709 5100 super-

2126 5104 2255 5156 stite
2282 5103 2462 5156 adhuc
2493 5089 2803 5156 Alexandro
2837 5106 3116 5167 superstes
3145 5103 3200 5150 et
3229 5089 3559 5170 ipse_Lagus
3588 5089 3707 5170 Alc:

2127 5172 2411 5225 xandriam
2462 5170 2730 5240 ejusmodi
2779 5164 2964 5237 aliquo
3019 5181 3184 5235 opere
3219 5164 3560 5240 nobilitavit:
3622 5164 3713 5209 aut

2124 5242 2244 5308 ejus
2273 5242 2412 5297 ﬁlius
2444 5232 2765 5311 Lagidarum
2797 5232 3208 5311 monumentum
3235 5236 3293 5311 in
3320 5232 3563 5309 ejusdem
3591 5242 3715 5311 ope-

2127 5306 2205 5367 ris
2235 5306 2595 5381 appellatione
2618 5309 2926 5381 constituit,
2947 5323 3069 5381 qua:
3093 5306 3371 5381 posterior
3397 5306 3713 5381 conjectura

2129 5368 2459 5452 probabilior
2490 5390 2593 5452 est.
2633 5381 2707 5435 De
2736 5380 2884 5448 Lago
2914 5368 2978 5432 et.
3001 5368 3293 5452 Qte—lernam
3324 5374 3445 5452 ejus
3468 5368 3578 5452 ﬁlio
3609 5380 3717 5452 me-

2134 5442 2398 5505 inorahile
2426 5451 2683 5521 quiddam
2717 5442 2859 5518 lege's
2891 5447 3036 5517 apud
3063 5446 3311 5521 Suidam.
3342 5442 3714 5521 (Dissertatio:

2128 5536 2252 5574 nem
2285 5522 2351 5574 de
2387 5513 2793 5589 iuiperatorunf
2807 5513 3176 5571 [tertianorum
3212 5513 3569 5589 chronologia
3595 5518 3715 5589 ιιυίς

2128 5572 2216 5645 hic
2251 5572 2303 5644 in
2320 5572 2789 5646 editioneilr’ctavii
2821 5589 3172 5658 sequebatur,
3195 5584 3319 5641 vide
3338 5572 3506 5637 intra:
3528 5572 3713 5640 Eutr.)
