3916 6196
264 264 355 320 281

1216 266 1418 321 LIBER
1458 265 1547 321 DE
1588 266 1944 325 MENSURIS
1986 270 2074 325 ET
2114 272 2578 333 PONDERIBUS.

3440 296 3544 352 262

264 402 373 455 νην,
402 383 495 436 καὶ
520 385 578 436 τὸ
611 382 757 454 ἱερὸν
798 382 895 437 to;
937 383 1073 437 Θεοῦ
1114 386 1673 456 καταπεπατημένον,
1716 405 1836 458 παρ

1965 392 2334 460 proculcatam
2387 397 2609 466 reperit,
2660 400 2852 467 paucis
2899 402 3112 460 mnibus
3162 419 3429 481 exceptis,
3481 431 3545 470 ac

266 477 411 538 εκτὸς
464 474 663 541 ὀλίγων
722 475 1043 545 οἰκημάτων
1072 476 1169 529 καὶ
1207 478 1306 547 τῆς
1328 477 1425 531 τοῦ
1455 478 1592 530 Θεοῦ
1631 479 1857 549 Ἐκκλη-

268 566 398 630 σίας,
431 567 634 639 μικρᾶς
668 565 857 636 οὔσης,
887 565 1015 620 ἔνθα
1032 568 1476 639 ὑποστρέψαντες
1510 571 1558 621 oi
1584 569 1853 639 μαθηταὶ,

265 662 347 713 ὅτε
375 661 402 711 ό
429 658 619 728 Σωτὴρ
645 657 926 728 ἀνελήφθη
959 658 1068 711 ἀπὸ
1092 659 1185 712 τοῦ
1233 659 1542 723 Ἐλαιῶνος,
1577 660 1851 730 ἀνέϐησαν

268 754 343 812 είς
366 751 425 803 τὸ
458 750 726 821 ὑπερῷον.
773 751 922 803 Ἐκεῖ
960 750 1069 821 γὰρ
1102 750 1440 822 ᾠκοδόμητο,
1475 753 1750 806 τουτέστιν
1794 756 1853 806 ἐν

268 842 341 911 τῷ
392 844 541 911 μέρει
609 841 789 905 Σιὼν,
857 841 979 910 ἦτις
1031 842 1139 895 ἀπὸ
1191 843 1290 913 τῆς
1339 841 1670 914 ἐρημώσεως
1724 861 1856 913 παρ-

270 931 463 1001 ελήφθη
502 931 656 996 ¹,καὶ
688 931 830 1001 μέρη
886 931 1154 1000 οἰκήσεων
1185 932 1316 1002 περὶ
1353 933 1523 1002 αὐτὴν
1558 928 1655 1002 τὴν
1680 931 1844 998 Σιὼν,

271 1025 350 1078 καὶ
375 1024 513 1077 ἑπτὰ
542 1022 877 1092 συναγωγαὶ,
911 1024 967 1075 αἳ
994 1024 1052 1076 ὲν
1079 1026 1148 1095 τῇ
1180 1024 1320 1076 Σιὼν
1340 1026 1498 1095 μόναι
1522 1025 1847 1096 ἑστήκεσαν,

264 1116 332 1179 ὡς
362 1114 615 1179 καλύϐαι,
670 1112 731 1178 ἐξ
784 1108 863 1167 ὧν
917 1114 1015 1183 μία
1055 1114 1393 1186 περιελήφθη
1436 1118 1480 1180 ¹,
1511 1116 1616 1179 ἕως
1659 1118 1847 1187 χρόνου

266 1208 565 1277 Μαξιμωνᾶ
614 1206 708 1259 τοῦ
755 1207 1064 1259 ἐπισκόπου
1130 1207 1225 1259 καλ⁹
1276 1208 1691 1261 Κωνσταντίνου
1753 1209 1849 1261 τοῦ

266 1298 540 1367 βασιλέως,
571 1299 647 1360 ὼς
677 1297 882 1365 σκηνὴ
909 1298 979 1350 ἐν
1004 1297 1331 1366 ἀμπελῶνι,
1357 1299 1497 1352 κατά
1530 1298 1590 1351 τὸ
1605 1317 1847 1370 γεγραμ-

265 1392 436 1461 μένον.
472 1392 774 1443 Διανοεῖται
813 1385 908 1442 οὖν
940 1391 968 1441 ό
1009 1389 1287 1460 Ἀδριανὸς
1331 1389 1429 1461 τὴν
1455 1385 1611 1442 πόλιν
1643 1391 1845 1453 κτίσαι,

262 1482 316 1534 ού
342 1480 450 1551 μὴν
477 1481 538 1532 τό
565 1481 729 1549 ίερόν.
764 1481 875 1533 Καὶ
904 1478 1082 1531 λαϐὼν
1121 1481 1212 1533 τὸν
1262 1480 1492 1535 ’Λκύλαν
1523 1479 1714 1534 τοῦτον
1754 1481 1846 1533 τὸν

261 1571 651 1642 προειρημένον
682 1572 1044 1641 ἐρμηνευτὴν,
1082 1570 1320 1640 Ἕλληνα
1354 1570 1509 1635 ὄντα,
1551 1572 1646 1624 καὶ
1676 1572 1843 1625 αὐτοῦ

260 1663 594 1733 πενθερίδην,
622 1662 731 1714 ἀπὸ
758 1661 1009 1731 Σινώπης
1044 1662 1102 1714 δὲ
1137 1662 1235 1732 τῆς
1263 1663 1465 1715 Πόντου
1486 1661 1837 1733 ὁρμώμενον,

1963 498 2126 551 parva
2164 486 2401 555 quadam
2439 488 2877 545 Christianorum
2913 497 3167 563 ecclesia,
3218 516 3339 568 quae
3383 504 3435 557 in
3478 522 3545 561 eo

1961 571 2081 627 loco
2109 576 2415 630 constituta
2470 576 2669 643 fuerat,
2716 578 2772 633 in
2803 597 2964 650 quem
3000 585 3285 657 discipuli,
3330 601 3545 661 postca-

1956 677 2118 730 quam
2169 665 2422 719 Salvator
2468 667 2521 720 in
2557 669 2756 722 coelum
2810 685 2879 725 ex
2931 672 3124 728 Oliveti
3177 688 3361 735 monte
3412 684 3544 737 sub-

1956 761 2147 807 vectus
2173 762 2278 816 est,
2310 770 2432 809 sese
2460 758 2569 810 reci
2579 758 2792 825 pientes
2820 764 3167 817 cmnaculum
3199 772 3541 827 conscende-

1957 849 2107 894 runt.
2143 841 2271 897 Erat
2301 844 2395 896 illa
2425 846 2662 914 quadam
2697 849 2751 901 in
2792 849 2977 906 Sionis
3012 863 3166 921 parte
3198 840 3537 925 constructa,

1958 946 2077 999 qua:
2100 932 2308 986 civitati
2338 936 2705 1004 superfuerant,
2746 954 2869 992 cum
2903 940 3056 996 Sioni
3090 946 3414 1017 propinquis
3436 953 3539 1006 ali-

1954 1032 2086 1094 quot
2116 1025 2384 1090 aediﬁciis,
2418 1042 2481 1082 ac
2519 1039 2727 1097 septem
2762 1035 3073 1103 synagogis,
3105 1051 3227 1105 qua:
3262 1038 3313 1092 in
3344 1042 3536 1095 eodem

1952 1124 2139 1171 monte
2183 1119 2315 1172 solae
2361 1120 2505 1173 velut
2554 1122 2772 1191 tuguria
2816 1127 3189 1192 perstiterant,
3229 1145 3295 1183 ex
3336 1133 3539 1201 quibus

1952 1222 2060 1260 una
2094 1209 2363 1263 duntaxat
2418 1210 2486 1264 ad
2524 1209 2848 1268 Maximona:
2887 1218 3137 1285 praesulis
3172 1227 3225 1273 et;
3254 1220 3533 1276 Constan-

1948 1301 2051 1354 tini
2096 1288 2444 1371 imperatoris
2482 1304 2729 1375 tempora
2762 1308 2912 1361 velut
2956 1309 3332 1365 umbraculum
3366 1316 3420 1367 in
3454 1317 3533 1368 vi-

1951 1406 2047 1443 nea
2072 1390 2116 1453 ³,
2158 1403 2211 1445 ut
2254 1390 2557 1463 Scriptura:
2586 1394 2771 1449 verbis
2808 1405 2949 1461 utar,
2996 1399 3188 1453 relicta
3224 1402 3529 1458 videbatur.

1944 1478 2233 1536 lnterlnec
2274 1482 2552 1539 Adrianus
2597 1487 2664 1540 de
2709 1487 2847 1541 urbe
2877 1489 2991 1542 sola
3026 1490 3384 1546 instauranda
3413 1496 3533 1551 sine

1952 1572 2155 1639 templo
2200 1572 2475 1643 cogitans,
2511 1574 2764 1644 Aquilam
2818 1576 2969 1630 illum
3011 1576 3333 1649 Scripturaa,
3369 1600 3531 1651 quem

1949 1660 2210 1747 diximus,
2242 1663 2591 1734 interpretem
2628 1665 2876 1722 Graecum
2918 1668 3217 1734 hominem,
3252 1687 3533 1728 socerum-

260 1753 573 1823 καθίστησιν
618 1752 782 1805 αὑτὸν
821 1753 997 1805 ἐκεῖσε
1037 1752 1349 1805 ἐπιτάττειν
1381 1755 1495 1815 τοῖς
1521 1752 1702 1822 ἔργοις
1731 1752 1836 1805 τῶν

1944 1741 2050 1820 que
2064 1768 2223 1806 suum
2245 1753 2468 1822 Sinope,
2485 1758 2626 1824 quod
2640 1756 2801 1811 Ponti
2820 1759 3076 1829 oppidum
3098 1772 3201 1826 est,
3217 1764 3530 1833 oriundum,

259 1843 349 1912 τῆς
406 1842 619 1902 πόλεως
678 1839 1015 1910 κτισμάτων,
1062 1840 1418 1903 ἐπιτεθεικὼς
1464 1842 1531 1911 τῇ
1589 1841 1741 1893 πόλει
1778 1842 1839 1895 τὸ

262 1935 377 1987 ἴδιον
411 1936 587 2005 ὄνομα
635 1934 728 1986 καὶ
763 1932 859 1985 τοῦ
891 1931 1180 2002 βασιλικοῦ
1211 1932 1477 2002 ὀνόματος
1496 1931 1587 1985 τὸν
1622 1950 1837 2003 χρημα-

258 2026 464 2094 τισμόν.
508 2026 597 2088 Ὠς
624 2024 733 2095 γάρ
767 2026 973 2087 ἐκεῖνος
1007 2023 1295 2094 ὠνόμαστο
1322 2024 1503 2086 Αἴλιος
1538 2024 1835 2094 Ἁδριανὸς,

258 2115 417 2178 οὕτως
447 2116 542 2167 καὶ
572 2116 672 2184 τὴν
703 2113 857 2166 πόλιν
882 2111 1165 2183 ὠνόμασεν
1190 2112 1398 2166 Αἰλίαν.

316 2229 417 2281 IE'.
463 2226 525 2282 Ὀ
557 2226 735 2279 τοίνυν
777 2224 1010 2287 ’Δκύλας
1032 2224 1238 2291 διάγων
1266 2224 1324 2275 ἐν
1345 2224 1411 2293 τῇ
1460 2220 1833 2293 Ἰερουσαλὴμ,

257 2319 341 2370 καὶ
404 2315 553 2386 ὁρῶν
594 2316 721 2377 τοὺς
780 2312 1029 2383 μαθητὰς
1081 2313 1190 2365 τῶν
1233 2310 1490 2383 μαθητῶν
1523 2310 1837 2365 ἀποστόλων

256 2409 544 2469 ἀνθοῦντας
580 2408 649 2477 τῇ
679 2405 883 2466 πίστει,
933 2403 1025 2458 καὶ
1055 2405 1257 2473 σημεῖα
1283 2403 1495 2474 μεγάλα
1530 2401 1833 2474 ἐργαζομέο

256 2518 367 2562 τους
394 2501 603 2553 νιάσεων
638 2497 733 2550 καὶ
774 2495 951 2550 ἄλλων
979 2494 1299 2565 θαυμάτωνο
1326 2490 1529 2565 (Ἦσαν
1559 2495 1667 2565 γὰρ
1699 2495 1833 2546 ὐποι

256 2592 581 2661 στρέψαντες
606 2588 716 2642 ἀπὸ
740 2588 945 2658 Πέλλης
976 2586 1078 2655 τῆς
1100 2585 1307 2649 πόλεως
1333 2588 1414 2648 εἰς
1457 2582 1834 2655 Ἰερουσαλὴμ,

256 2684 339 2735 καὶ
372 2682 741 2743 διδάσκοντες.
778 2678 972 2731 Ἠνίκα
1011 2675 1118 2746 γὰρ
1145 2674 1371 2746 ἔμελλεν
1387 2677 1421 2746 ἡ
1442 2676 1596 2739 πόλις
1618 2676 1835 2728 ἁλίσκε-

256 2774 369 2826 σθαι
409 2772 522 2825 ὑπὸ
573 2769 685 2823 τῶν
733 2766 1049 2838 Ῥωμαίων,
1088 2758 1682 2837 προεχρηματίσθησαν
1731 2766 1836 2818 ὑπὸ

253 2866 480 2934 ἀγγέλου
510 2864 713 2925 πάντες
750 2862 800 2913 οἱ
839 2858 1082 2931 μαθηταὶ
1118 2858 1450 2928 μεταστῆναι
1474 2856 1584 2910 ἀπὸ
1606 2856 1707 2924 τῆς
1734 2855 1834 2908 πό-

254 2959 399 3018 λεως,
425 2953 731 3024 μελλούσης
752 2949 921 3019 ἄρδην
943 2945 1298 3002 ἀπόλλυσθαι.
1325 2946 1538 3009 Οἶτινες
1557 2947 1651 2998 καὶ
1680 2962 1835 3015 μετα-

256 3045 435 3099 νάσται
494 3043 778 3112 γενόμενοι
820 3038 1046 3109 ᾤκησαν
1080 3040 1138 3091 ἐν
1169 3034 1344 3106 Πέλλῃ
1373 3037 1440 3106 τῇ
1480 3052 1835 3107 προγεγραμ-

257 3136 383 3208 μένῃ
416 3135 596 3199 πόλει,
646 3133 821 3201 πέραν
861 3129 956 3183 τοῦ
1007 3126 1298 3198 Ἰορδάνου,
1340 3127 1463 3196 ἥτις
1508 3127 1571 3179 ἐκ
1600 3124 1836 3179 Δεκαπό-

254 3229 379 3291 λεως
408 3228 633 3296 λέγεται
665 3222 826 3278 εἶναι.
851 3221 1007 3277 Μετά
1031 3221 1087 3273 δὲ
1108 3221 1208 3290 τὴν
1237 3218 1518 3290 ἐρήμωσιν
1560 3218 1834 3288 Ἰερουσα-

254 3320 355 3390 λὴμ
395 3315 947 3387 ἐπαναστρέφειντες,
1001 3311 1076 3376 ὡς
1139 3310 1305 3380 ἔφην,
1370 3312 1572 3379 σημεῖα
1626 3299 1837 3379 μεγάλα

257 3409 585 3477 ἐπετέλουνο)
641 3410 671 3460 ὁ
720 3401 814 3458 οὖν
838 3402 1069 3464 ’Λκύλοις
1100 3400 1426 3467 κατανυγεὶς
1450 3398 1547 3467 τὴν
1574 3398 1833 3465 διάνοιαν,

255 3502 325 3572 τῷ
342 3496 757 3573 Χριστιανισμῷ
776 3496 1111 3549 ἐπίστευσεν.
1134 3493 1375 3561 Αίτήσας
1400 3490 1457 3542 δὲ
1487 3490 1626 3560 μετά
1646 3490 1836 3560 χρόνον

256 3597 345 3664 την
388 3597 448 3647 ἐν
508 3590 733 3663 Χριστῷ
786 3586 1078 3659 σφραγῖδα,
1115 3584 1427 3654 ἐκομίσατο.
1453 3582 1603 3641 ,Ἀπὸ
1642 3581 1699 3634 δὲ
1735 3580 1835 3650 τῆς

258 3685 469 3755 πρώτης
492 3682 659 3737 αὑτοῦ
704 3681 872 3747 ἕξεως
901 3678 979 3749 μὴ
1012 3676 1402 3748 μεταθέμενος,
1435 3672 1526 3725 τοῦ
1558 3672 1835 3726 πιστεύειν

255 3778 488 3848 δηλονότι
516 3778 583 3845 τῇ
608 3772 816 3845 ματαίᾳ
837 3768 1194 3840 ἀστρονομίᾳ,
1212 3769 1279 3837 ἢν
1300 3765 1544 3835 ἀκριϐῶς
1570 3764 1835 3818 ἐκπεπαί-

256 3870 400 3921 Bruto
418 3884 431 3897 ·
469 3866 606 3919 ἀλλά
636 3864 760 3917 καθ’
780 3862 1016 3931 ἑκάστην
1041 3859 1258 3930 ἡμέραν
1283 3856 1343 3909 τὸ
1370 3855 1513 3925 θέμα
1540 3854 1641 3923 τῆς
1669 3854 1833 3907 αὐτοῦ

258 3959 511 4025 γενέσεως
548 3956 938 4024 σκεπτόμενος,
994 3948 1350 4020 ἐλεγχόμενός
1378 3964 1438 3999 τε
1470 3946 1575 3999 ὑπὸ
1613 3946 1721 3998 τῶν
1756 3946 1835 3999 δι-

256 4050 551 4112 δασκάλων,
582 4048 679 4100 καὶ
702 4044 1107 4114 ἐπιτιμώμενος
1129 4041 1296 4094 ἕνεκα
1330 4037 1544 4100 τούτου,
1580 4035 1656 4106 μὴ
1684 4035 1831 4107 διορ-

260 4140 509 4212 θούμενος
538 4140 617 4205 δὲ,
647 4137 789 4192 ἀλλά
830 4137 923 4189 καλ⁸
969 4132 1285 4203 φιλονείκως
1321 4128 1523 4200 μᾶλλον
1567 4126 1834 4180 ἀντιτιθέ-

264 4249 431 4300 μενος,
486 4231 581 4284 καὶ
610 4227 859 4282 σπεύδων
899 4225 1153 4293 συνιστᾷν
1182 4221 1253 4274 τὰ
1293 4219 1593 4282 ἀσύστατα,
1616 4218 1715 4287 τὴν
1756 4217 1834 4268 εί-

262 4319 535 4389 μαρμένην
577 4316 823 4387 δηλονότι
873 4313 969 4366 καὶ
996 4312 1067 4364 τά
1112 4310 1242 4378 περὶ
1285 4308 1458 4376 αὐτῆς
1495 4306 1829 4378 διηγήματα,

259 4410 487 4479 ἐξεώσθη
537 4408 700 4461 πάλιν
736 4407 834 4475 τῆς
871 4403 1217 4472 Ἐκκλησίας,
1260 4401 1336 4464 ὡς
1383 4399 1655 4469 ἄχρηστος
1695 4398 1832 4469 πρὸς
1863 4417 1908 4471 Ι)

259 4502 541 4572 σωτηρίαν.
588 4498 917 4571 Πικρανθεὶς
945 4496 1002 4550 δὲ
1027 4495 1125 4565 τὴν
1170 4493 1409 4549 διάνοιαν
1439 4492 1515 4554 ὡς
1547 4490 1831 4561 ἠτιμωμέ-

258 4607 358 4653 νος,
388 4594 468 4652 εἰς
488 4590 649 4659 ζῆλον
675 4589 902 4658 μάταιον
922 4586 1159 4655 αἴρεται,
1183 4582 1277 4635 καὶ
1296 4581 1386 4634 τὸν
1400 4578 1830 4649 Χριστιανισμὸν

256 4682 640 4751 ἀρνησάμενος,
673 4679 769 4732 καὶ
802 4678 900 4748 τὴν
928 4674 1093 4729 αὑτοῦ
1120 4672 1287 4743 ζωὴν,
1324 4668 1716 4742 προσηλυτεύει
1736 4669 1831 4723 καὶ

256 4772 630 4841 περιτέμνεται
645 4768 916 4829 Ἰουδαῖος,
934 4766 1027 4818 καὶ
1046 4762 1319 4824 ἐπιπόνως
1340 4760 1831 4830 φιλοτιμησάμενος

255 4862 502 4926 ἐξέδωκεν
516 4863 708 4916 ἑαυτὸν
729 4859 919 4932 μαθεῖν
941 4858 1037 4928 τὴν
1052 4855 1318 4926 Ἐϐραίων
1342 4853 1640 4914 διάλεκτον,
1657 4852 1748 4904 καὶ⁸
1762 4851 1832 4905 τά

252 4955 427 5006 αὐτῶν
451 4957 707 5024 στοιχεῖα.
744 4950 963 5020 Ταύτην
986 4950 1043 5004 δὲ
1070 4947 1348 5018 ἁκρότατα
1378 4941 1716 5006 παιδευθεὶς,
1733 4945 1832 5013 ἠρ-

255 5050 537 5117 μήνευσεν,
565 5050 668 5101 οὐκ
689 5045 836 5117 ὀρθῷ
856 5040 1101 5114 λογισμῷ
1147 5038 1514 5111 χρησάμενος,
1545 5034 1659 5086 ἀλλ’
1683 5035 1831 5097 ὅπως

250 5137 538 5209 διαστρέψει
558 5138 681 5191 τινὰ
713 5135 822 5189 τῶν
856 5133 1059 5204 ῥητῶν,
1090 5128 1365 5198 ἐνσκήψας
1399 5128 1465 5195 τῇ
1494 5123 1602 5176 τῶν
1646 5122 1829 5176 Ἑϐδο-

255 5230 583 5298 μηκονταδύο
640 5226 908 5299 ἑρμηνείᾳ
933 5240 947 5255 ⁸
975 5225 1061 5277 ἶνα
1086 5222 1155 5275 τὰ
1182 5236 1245 5273 πε
1257 5219 1311 5291 pi
1350 5214 1586 5288 Χριστοῦ
1621 5216 1679 5267 ἐν
1708 5218 1827 5278 ταῖς

253 5320 492 5391 Γραφαῖς
547 5316 1047 5391 μεμαρτυρημένα,
1097 5312 1269 5374 ἄλλως
1334 5308 1585 5371 ἐκδώσει,
1640 5306 1707 5358 δι’
1760 5307 1827 5376 ἢν

253 5406 393 5479 εἶχεν
426 5409 575 5477 αἰδῶ,
609 5413 689 5474 εἰς
728 5410 920 5476 ἄλογον
945 5405 1112 5460 αὑτοῦ
1149 5402 1465 5470 ἀπολογίαν.

1942 1842 2254 1897 reﬁcienda
2286 1845 2404 1899 urbi
2428 1847 2682 1914 praeﬁcit,
2711 1864 2874 1918 quam
2910 1851 2979 1904 de
3009 1866 3067 1905 se
3095 1866 3159 1905 ac
3200 1852 3268 1908 de
3290 1855 3530 1924 impera—

1919 1934 2085 1996 ,torio
2144 1936 2365 1990 nomine
2412 1939 2675 2006 appellari
2734 1940 2943 2005 voluit,
2995 1943 3255 1997 nimirum
3299 1943 3526 2011 Alliam,

1936 2037 2069 2076 cum
2096 2023 2280 2079 Elius
2305 2025 2583 2081 Adrianus
2618 2028 2735 2097 ipse
2764 2037 3072 2085 vocaretur.

2012 2196 2173 2267 171
2208 2195 2326 2253 XV.
2356 2199 2556 2269 Aquila
2586 2216 2714 2256 vero
2732 2200 3134 2274 Hierosolymis
3166 2206 3393 2277 degens,
3425 2224 3523 2264 eo-

1936 2304 2197 2359 rumque,
2236 2291 2330 2361 qui
2360 2292 2739 2361 apostolorum
2771 2294 3052 2350 auditores
3077 2295 3319 2364 fuerant,
3351 2299 3523 2355 disci-

1942 2382 2104 2450 pulos
2153 2382 2257 2436 lide
2298 2396 2364 2435 ac
2412 2383 2616 2452 pietate
2669 2384 2924 2441 ﬂorentes
2963 2387 3232 2456 stupenda
3262 2390 3512 2457 quaedam

1936 2473 2189 2545 prodigia
2232 2475 2492 2529 curandis
2523 2476 2872 2546 corporibus,
2902 2492 2966 2533 ac
3007 2481 3224 2534 caneris
3264 2482 3317 2534 id
3352 2497 3525 2551 genus

1943 2563 2213 2621 facientes
2248 2564 2859 2637 animadvertenszaam
2900 2569 3046 2623 enim
3093 2586 3161 2624 ex
3207 2571 3344 2624 urbe
3377 2571 3523 2627 Pella

1942 2654 2173 2711 reduces
2195 2656 2395 2711 docere
2417 2664 2720 2727 coeperant.
2747 2654 2885 2711 Nam
2923 2674 3047 2713 cum
3081 2660 3235 2716 urbis
3266 2678 3296 2714 a
3323 2660 3526 2716 Roma-

1940 2747 2029 2801 nis
2069 2747 2302 2801 iustaret
2334 2747 2634 2811 excidium,
2682 2748 2939 2818 discipuli
2980 2765 3176 2805 omnes
3216 2751 3285 2805 ab
3327 2755 3524 2823 angelo

1943 2836 2137 2890 moniti
2174 2845 2329 2900 sunt,
2364 2846 2424 2890 ut
2454 2853 2522 2891 ex
2563 2852 2627 2891 ea
2662 2836 2798 2890 urbe
2832 2838 3152 2907 migrarent,
3181 2856 3303 2909 qua:
3339 2842 3523 2897 (trudi-

1943 2932 2034 2979 tus
2075 2925 2368 2981 evertenda
2401 2928 2566 2995 paulo
2611 2934 2737 2996 post
2783 2926 2946 2982 foret.
2992 2926 3131 2983 Hinc
3165 2930 3243 2983 illi
3282 2948 3347 2985 ex
3386 2932 3523 2989 urbe

1942 3017 2200 3087 digressi,
2241 3015 2446 3072 Pellam
2480 3034 2603 3073 sese
2629 3018 2937 3089 rccipiunt,
2966 3021 3115 3090 quod
3147 3022 3406 3092 oppidum
3437 3025 3523 3078 ul-

1861 3088 1903 3146 C-
1942 3115 2024 3161 tra
2070 3106 2366 3163 Iordanem
2417 3109 2474 3162 in
2526 3088 2781 3180 Decapoli
2826 3088 3350 3167 numeraturnlnde
3397 3126 3521 3186 post

1938 3214 2186 3254 eversam
2220 3200 2410 3255 urbem
2451 3202 2689 3271 regressi
2728 3200 3063 3271 ingentibus,
3109 3202 3190 3257 uti
3236 3205 3369 3271 dixi,
3404 3207 3520 3261 cla-

1939 3304 2099 3343 ruere
2133 3290 2476 3361 miraculis.)
2512 3289 2710 3347 borum
2744 3293 3145 3350 consuetudine
3170 3295 3522 3352 vehementer

1939 3379 2123 3434 animo
2166 3390 2474 3437 commotus
2524 3382 2723 3452 Aquila
2778 3381 3147 3438 Christianam
3200 3387 3520 3457 religionem

1938 3470 2309 3537 amplectitur.
2354 3470 2495 3525 Tum
2539 3473 2824 3543 aliquanto
2886 3482 3135 3545 tempore
3189 3476 3517 3547 interjccto,

1935 3555 2266 3613 Christiana:
2307 3561 2673 3631 professionis
2704 3563 2942 3632 sigillum
2984 3564 3062 3618 uti
3103 3567 3337 3635 petierat
3378 3568 3520 3623 obti-

1936 3659 2048 3705 net.
2076 3649 2277 3706 Verum
2307 3668 2431 3708 cum
2472 3669 2503 3708 a
2534 3654 2702 3722 priori
2730 3668 2853 3716 usu,
2889 3654 3242 3725 moribusque
3263 3674 3370 3712 non
3404 3660 3520 3713 dis-

1936 3742 2173 3807 cederet,
2234 3752 2289 3799 et
2335 3745 2651 3801 vanissimis
2694 3746 3206 3802 mathematicorum
3277 3750 3516 3815 artibus,

1935 3848 2077 3902 quas
2108 3834 2356 3902 apprime
2388 3835 2644 3898 callebat,
2672 3835 2903 3888 nimium
2951 3836 3239 3903 tribueret,
3272 3837 3518 3908 adeoque

1934 3924 2201 3993 genesin,
2250 3933 2416 3994 atque
2466 3926 2835 3993 horoscopum
2884 3941 3046 3981 suum
3090 3927 3414 3983 observaret
3458 3930 3516 3985 in

1934 4017 2074 4082 dies,
2108 4031 2232 4069 eum
2271 4017 2344 4071 ob
2386 4016 2440 4070 id
2465 4032 2495 4069 a
2516 4017 2809 4086 magistris
2853 4017 3200 4087 objurgatus,
3234 4035 3299 4074 ac
3330 4036 3517 4091 repre-

1934 4108 2164 4171 hensus,
2202 4107 2499 4162 emendare
2528 4122 2653 4162 sese
2696 4108 2867 4163 nollet
2901 4126 2914 4162 :
2945 4108 3057 4163 imo
3099 4125 3231 4164 vero
3271 4114 3519 4180 pervica-

1932 4199 2073 4259 citer
2101 4198 2392 4253 obluctans
2418 4197 2555 4252 falsa
2568 4198 2840 4269 quaedam,
2866 4198 3203 4268 minimeque
3233 4201 3517 4257 conteren-

1933 4296 2006 4351 tia
2056 4294 2201 4350 tueri
2231 4308 2296 4348 ac
2326 4292 2623 4348 defendere
2652 4291 2833 4357 vellet,
2857 4299 2917 4344 ut
2946 4298 3077 4359 puta
3099 4290 3291 4356 fatum,
3315 4300 3369 4348 et
3394 4310 3517 4364 qua:

1934 4403 2062 4444 cum
2086 4403 2153 4442 eo
2181 4400 2429 4441 connexa
2467 4391 2627 4448 sunt,
2656 4398 2851 4438 rursus
2872 4384 2943 4437 ab
2966 4382 3232 4447 Ecclesia,
3256 4393 3517 4455 tanquam

1936 4483 2002 4537 ad
2037 4482 2270 4537 salutem
2305 4480 2531 4534 minime
2565 4478 2819 4539 idoneus,
2845 4477 3057 4547 ejectus
3084 4486 3189 4532 est.
3213 4476 3331 4543 Qua
3358 4478 3519 4549 igno-

1936 4576 2107 4630 minia
2145 4575 2497 4629 vehementer
2530 4570 2915 4635 exacerbatus,
2954 4577 3009 4625 et
3039 4569 3239 4625 stolido
3280 4571 3517 4639 quodam

1936 4667 2140 4722 mentis
2190 4672 2331 4721 aestu
2373 4663 2649 4733 percitus,
2697 4662 3070 4716 Christianam
3119 4661 3515 4730 professionem

1936 4760 2113 4829 ejurat
2134 4774 2149 4824 ;
2171 4765 2227 4812 et
2257 4757 2400 4812 inter
2425 4753 2741 4808 Judaaorum
2777 4752 3088 4822 proselytos
3119 4752 3418 4820 ascriptus,
3453 4768 3518 4807 ae

1936 4849 2303 4906 circumcisus
2348 4853 2452 4902 est.
2497 4844 2627 4899 Inde
2662 4851 2834 4897 totum
2884 4856 2945 4896 se
2987 4839 3274 4896 Hebraicis
3317 4841 3518 4897 litteris

1936 4941 2250 5000 ediscendis
2283 4937 2591 4995 vehementi
2641 4950 2767 4990 cum
2810 4932 2983 4988 animi
3022 4932 3373 4987 contentione
3404 4940 3517 4985 tra-

1935 5034 2093 5089 didit.
2125 5030 2303 5099 Quam
2365 5044 2491 5084 cum
2533 5025 2750 5098 egregie
2789 5024 3118 5095 penitusque
3157 5020 3514 5089 percepisset,

1940 5127 2008 5181 ad
2052 5120 2519 5194 interpretandum
2557 5134 2617 5175 se
2654 5116 2909 5179 contulit,
2945 5130 3055 5169 non
3089 5113 3305 5167 sincera
3347 5111 3515 5165 animi

1938 5218 2277 5280 inductione,
2321 5214 2417 5271 sed
2452 5221 2510 5266 ut
2532 5210 2779 5281 quaedam
2815 5207 3114 5276 Scriptura:
3152 5203 3271 5256 loca
3310 5202 3513 5271 depra-

1933 5316 2107 5373 varet,
2144 5307 2411 5361 adversus
2452 5300 2809 5371 Septuaginta
2848 5298 2988 5351 duos
3028 5294 3363 5363 lnterpretes
3409 5296 3513 5344 im-

1935 5413 2119 5471 petum
2143 5412 2361 5453 omnem
2395 5402 2765 5463 conatumque
2796 5389 3042 5458 dirigens
3079 5406 3098 5447 ;
3134 5394 3299 5454 atque
3333 5391 3391 5435 ut
3417 5397 3515 5436 ex-

256 5477 439 5573 pressa
484 5504 652 5557 sacris
684 5501 906 5554 Litteris
945 5502 1011 5552 de
1057 5496 1278 5550 Christo
1310 5491 1625 5547 testimonia
1670 5489 1829 5546 aliter

1942 5503 2103 5551 eret:
2158 5504 2269 5559 quo
2308 5485 2630 5542 nonnullum
2685 5480 2885 5551 pudori
2924 5477 3349 5550 ignominiaeque
3402 5486 3512 5531 Sua:

257 5598 333 5649 vel
363 5598 661 5649 absurdum
691 5594 931 5648 colorem
972 5600 1027 5646 et
1077 5587 1489 5645 excusationem
1522 5592 1813 5652 quaereret.

324 5716 340 5743 '
377 5712 445 5767 C.
484 5712 833 5787 παρελείφθη.
905 5715 924 5743 ³
961 5711 1023 5765 C.
1049 5705 1422 5779 περιελείφθη.
1500 5704 1519 5734 ³
1548 5705 1650 5758 lsa.
1684 5716 1723 5767 1,
1766 5702 1821 5757 8.
