3916 6196
479 260 587 315 263

1928 256 2056 313 S.E

2167 258 2364 314 ’HANII
3616 267 3703 323 ⁸264

548 373 689 431 XVI.
737 372 874 430 llinc
924 373 1162 431 secunda
1214 372 1625 442 Scripturarum
1674 373 2055 443 interpretatio

2231 379 2348 443 Ιςῖν.
2378 374 2489 429 Καὶ
2514 375 2722 444 γίνεται
2756 374 2898 430 οὕτω
2918 376 3148 447 δευτέρα
3178 377 3213 447 ὴ
3234 376 3423 430 τούτου
3449 379 3694 451 ἑρμηνεία,

399 502 409 511 -
480 465 548 521 ab
576 465 667 518 i|lo
707 466 973 535 originem
1016 461 1225 525 habuit,
1252 468 1407 514 tanto
1448 470 1571 530 post
1616 461 1851 531 priorem
1884 465 2055 516 inter-

480 556 643 617 vallo,
679 564 736 606 ut
768 561 927 607 antea
962 549 1311 619 scripsimus.
1346 549 1572 606 Possem
1609 552 1713 605 hoc
1748 553 1869 607 loco
1907 568 2055 606 com-

483 660 787 699 memorare
822 658 942 711 quae
966 642 1034 693 ab
1058 656 1124 695 eo
1176 650 1440 712 corrupta
1466 642 1872 713 dcpravataque
1908 653 2055 707 sunt,

478 752 541 787 ex
584 735 782 802 quibus
815 732 1064 800 redargui
1113 746 1178 784 ac
1212 731 1487 785 confutari
1526 742 1710 801 posset
1755 734 1903 787 illius
1944 733 2061 787 edi-

480 822 576 872 tio.
616 817 811 871 Verum
836 833 959 870 cum
991 816 1059 871 de
1102 818 1318 870 illorum
1353 820 1599 872 omnium
1631 821 2056 874 translationum

479 910 791 962 discrimine
830 924 994 977 supra
1042 908 1423 972 disseruerim,
1460 909 1708 965 sullicere
1754 926 1926 979 pauca
1969 912 2059 965 illa

480 1017 598 1069 qua:
634 1001 780 1051 dicta
822 1009 950 1052 sunt
980 1001 1241 1054 arbitror.

553 1093 709 1161 172
759 1092 887 1145 Post
933 1093 1189 1161 Aquilam
1229 1101 1285 1148 et
1323 1092 1475 1150 illius
1524 1092 2055 1163 interpretationem,

480 1186 725 1237 SllCt'Ctlil
755 1186 998 1237 Adriano

552 1275 865 1328 Antoninus
920 1274 1049 1327 Pius
1098 1270 1331 1342 imperat
1352 1269 1915 1340 annosvigintiduos.

550 1448 707 1501 lianc
752 1447 955 1516 excipit
993 1444 1295 1510 Caracalla,
1329 1446 1422 1515 qui
1475 1456 1528 1500 et
1564 1446 1721 1509 Geta,
1758 1454 1811 1501 et
1841 1445 2058 1502 Marcus

478 1536 735 1591 Aurelius
765 1535 937 1591 Verus
966 1536 1274 1600 dicebatur,
1311 1552 1486 1591 annos
1522 1550 1750 1607 septem.

549 1712 749 1767 Eodem
779 1720 1021 1782 tempore
1051 1712 1343 1782 imperavit
1377 1710 1578 1767 Lurius
1606 1708 1863 1766 Aurelius
1892 1711 2059 1767 Com-
2091 1720 2132 1773 Β

478 1802 675 1856 modus
707 1804 864 1856 annis
892 1802 1117 1872 perinde
1154 1811 1381 1871 septem.

548 1893 686 1948 Tum
715 1893 968 1948 l’ertinax
1007 1908 1223 1947 menses
1254 1908 1370 1947 sex.

551 1984 799 2040 Severus
832 2001 1007 2039 annos
1032 1985 1364 2039 octodecim.

548 2076 725 2140 llujus
762 2090 925 2143 porro
961 2073 1149 2128 Severi
1180 2075 1519 2144 temporibus
1547 2072 1909 2144 Symmachus
1934 2078 2059 2146 qui-

476 2167 600 2221 dam
645 2166 1033 2219 Samaritanus
1078 2165 1311 2230 exstitit,
1347 2182 1413 2219 ex
1448 2180 1635 2219 eorum
1674 2182 1926 2234 numero,
1966 2168 2059 2238 qui

476 2255 617 2326 apud
661 2255 785 2308 illos
834 2256 1111 2323 sapientes
1160 2254 1452 2308 habentur.
1498 2253 1601 2321 Qui
1650 2256 1952 2311 ambitione
1996 2273 2060 2311 ac

474 2346 817 2415 principatus
850 2344 1149 2413 cupiditate
1175 2344 1395 2406 ductus,
1434 2358 1557 2396 cum
1599 2336 1709 2395 voti
1745 2343 1887 2411 apud
1929 2358 2059 2398 suos

477 2451 702 2506 compos
734 2452 857 2490 esse
895 2452 1002 2489 non
1046 2443 1253 2505 posset,
1286 2434 1580 2488 tribulibus
1619 2436 1791 2488 iratus
1818 2434 1956 2497 suis,
1991 2436 2055 2487 ad

476 2529 695 2584 Judaros
749 2526 1074 2597 transfugit,
1126 2536 1181 2583 et
1228 2528 1370 2581 inter
1421 2526 1727 2596 proselytos
1774 2526 2059 2595 professus

477 2619 674 2673 iterato
714 2616 1130 2673 circumciditur
1159 2636 1172 2672 :
1202 2616 1347 2687 quod
1379 2632 1446 2671 ne
1472 2614 1614 2669 forte
1650 2614 1889 2680 mireris,
1915 2618 2058 2671 scias

475 2709 636 2763 velim
676 2708 824 2764 istud
859 2709 1041 2779 ipsum
1089 2707 1147 2763 in
1188 2722 1339 2761 more
1367 2720 1491 2759 esse
1526 2706 1787 2775 positum,
1816 2715 1872 2758 ut
1906 2705 1997 2773 qui
2030 2720 2057 2756 ιι

483 2799 686 2857 Judteis
716 2800 782 2854 ad
814 2797 1191 2854 Samaritanos
1222 2805 1535 2860 transeunt,
1563 2806 1656 2850 aut
1687 2795 1927 2851 vicissim
1965 2796 2055 2864 qui

474 2888 543 2942 ad
585 2886 807 2943 Jttoltcos
848 2905 875 2942 a
919 2887 1281 2943 Samaritanis
1324 2887 1669 2956 confugiunt,
1705 2900 1903 2939 novam
1949 2887 2058 2938 cir-

474 2980 865 3035 cnmeisionem
904 2982 1228 3050 suscipiant.
1269 2978 1381 3033 lmo
1412 2994 1538 3032 vero
1584 2979 1730 3047 quod
1769 2979 2053 3034 molestius

471 3077 579 3129 est,
622 3081 744 3137 post
783 3071 1262 3124 circumcisionem
1296 3084 1489 3123 rursus
1513 3068 1578 3122 ad
1608 3069 1934 3139 praeputium
1971 3085 2057 3122 re-

473 3158 662 3211 deunt.
711 3157 919 3212 Etenim
967 3162 1175 3213 medica
1222 3159 1457 3228 quadam
1507 3166 1642 3221 arte,
1678 3172 1853 3227 eoque
1897 3172 2056 3224 quem

472 3249 863 3318 sputisthcrem
888 3258 1109 3314 vocant,
1137 3251 1351 3319 glandis
1386 3250 1682 3302 cuticulam
1719 3248 2058 3301 attrahentes

472 3353 770 3405 consuunt,
816 3359 878 3398 ac
918 3344 1129 3413 glutino
1196 3340 1743 3409 circumastringunt,
1785 3348 1947 3408 atque
1985 3340 2057 3390 ita

473 3434 799 3506 prteputium
847 3441 1201 3503 recuperant.
1249 3430 1437 3485 Potest
1478 3431 1581 3483 hoc
1631 3429 1775 3498 quod
1821 3428 2058 3481 dicimus

470 3526 718 3595 Apostoli
763 3525 1091 3578 auctoritate
1137 3521 1485 3591 comprobari
1525 3538 1537 3572 :
1580 3533 1703 3573 cum
1747 3519 1832 3572 his
1879 3517 2058 3571 verbis

472 3617 684 3670 utitur:
723 3612 1084 3670 Circumcisus
1132 3612 1397 3682 quispiam
1463 3619 1675 3663 vocatus
1731 3617 1843 3669 est,
1901 3624 1964 3661 ne
2013 3607 2058 3661 is

470 3707 785 3775 pra'putt'um
818 3703 1073 3757 adducat.
1110 3700 1242 3756 Cum
1277 3701 1536 3769 prwputio
1575 3707 1794 3752 vocatur
1836 3697 2055 3767 aliquis,

470 3814 533 3851 ne
567 3795 981 3849 circumcidatur
1006 3796 1044 3847 ‘.
1076 3793 1230 3858 Quod
1266 3791 1536 3846 nefarium
1569 3805 1633 3844 ac
1673 3788 2054 3844 detestandum

472 3887 762 3939 artiﬁcium
794 3886 863 3938 ab
906 3883 1046 3938 Esau
1080 3881 1272 3936 Jacobi
1307 3881 1476 3935 fratre
1524 3889 1801 3950 repertum
1846 3891 2055 3932 memo-

474 3986 616 4041 rant,
656 3986 713 4030 ut
759 3996 823 4031 eo
866 3976 1082 4031 facilius
1130 3975 1349 4044 ejurare
1388 3970 1585 4036 Deum,
1621 3979 1676 4027 et
1709 3981 1990 4040 acceptam
2026 3985 2056 4024 a

474 4069 777 4137 majoribus
821 4076 1005 4121 notam
1055 4067 1275 4121 abolere
1323 4072 1533 4135 posset.
1571 4063 1728 4119 Unde
1764 4071 1949 4116 natam
1993 4061 2059 4114 il-

472 4157 575 4209 lam
612 4155 703 4210 Dei
734 4172 920 4211 vocem
950 4156 1270 4210 existimant
1304 4173 1317 4207 :
1351 4153 1499 4206 Esau
1531 4151 1652 4206 odio
1678 4152 1860 4214 habui,
1883 4148 2055 4203 Iacob

470 4257 643 4299 autent
670 4246 833 4297 dilexi
859 4246 901 4296 ¹.
942 4244 1110 4311 Igitur
1145 4244 1535 4312 Symmachus,
1578 4247 1637 4293 ut
1679 4239 2057 4291 Samaritano-

2161 466 2300 538 μετὰ
2321 466 2553 536 ἀριθμὸν
2581 467 2850 519 τοσούτων
2902 468 3132 537 χρόνων,
3157 468 3232 530 ὼς
3261 469 3510 540 ἀνωτέρω
3527 474 3699 541 γεγράο

2160 574 2360 625 φαμεν.
2403 556 2735 626 Ἐδυνάμεθα
2762 559 2931 609 εἰπεῖν
2962 558 3054 610 καὶ
3081 556 3180 621 τὰς
3212 564 3700 631 παραπεποιημένας

2160 648 2308 717 αύτῷ
2340 648 2535 712 λέξεις,
2572 650 2842 719 ἀγαπητὲ,
2873 649 2963 701 τὸν
3002 649 3221 719 ἔλεγχον
3255 652 3371 703 κατ’
3398 650 3552 704 αὐτοῦ
3579 656 3703 722 ἐχούο

2162 756 2259 801 σας
2286 740 2349 790 ὲκ
2370 739 2477 791 τῶν
2504 739 2594 791 ὑπ’
2619 740 2784 791 αὐτοῦ
2818 741 3271 810 ἡρμηνευμένων.
3312 739 3447 793 Ἀλλ’
3478 741 3572 811 ήδη
3594 744 3702 813 περὶ

2159 828 2260 896 τῆς
2293 830 2496 883 τούτων
2513 829 2774 899 διαφορᾶς
2796 828 2907 882 ἄνω
2933 829 3346 901 διηγησάμενοι,
3374 831 3562 895 ἱκανῶς
3584 831 3704 902 ἔχειν

2160 919 2265 982 ἕως
2290 919 2400 971 τῶν
2428 913 2532 972 ὧδε
2556 918 2978 988 ὲδικαιώσαμεν.

2231 1097 2387 1152 Μετὰ
2427 1098 2614 1151 τοῦτον
2639 1098 2695 1151 δὲ
2720 1097 2809 1149 τὸν
2842 1093 3095 1160 ’Λκύλαν,
3122 1096 3216 1150 καὶ
3236 1096 3333 1168 τὴν
3366 1096 3527 1152 αὐτοῦ
3556 1100 3705 1171 ἑρμη-

2161 1188 2328 1252 νείαν,
2366 1189 2667 1259 διαδέχεται
2708 1188 2983 1259 ’Λδριανὸν
3012 1190 3102 1241 τὸν
3135 1188 3360 1257 βασιλέα

2244 1278 2555 1339 Ἀντωνῖνος
2584 1278 2611 1329 ὁ
2635 1275 2952 1345 ἐπικληθεὶς
2993 1276 3142 1339 Πίος,
3192 1277 3609 1348 ἑρμηνευόμενος
3635 1278 3710 1330 εὐ-

2160 1366 2369 1435 σεϐὴς,
2402 1369 2493 1420 καὶ
2524 1365 2793 1437 βασιλεύει
2833 1367 3057 1438 χρόνους
3089 1367 3192 1437 κβ’.

2233 1456 2432 1511 Τοῦτον
2452 1459 2751 1528 διαδέχεται
2783 1458 3157 1528 Καράκαλλος,
3178 1461 3205 1511 ό
3238 1460 3330 1511 καὶ
3350 1458 3534 1521 Γέτας,
3559 1457 3610 1518 ὃς
3632 1457 3711 1508 καὶ

2162 1549 2387 1619 Μάρκος
2447 1548 2715 1620 Αὐρήλιος
2774 1549 2992 1620 Σο·δῆρ³
3053 1548 3291 1617 ἐλέγετο,
3344 1550 3441 1601 καὶ⁸
3470 1547 3709 1617 βασιλεύει

2163 1639 2256 1710 ἔτη
2291 1636 2353 1704 ζ’.

2244 1727 2332 1781 Ἐν
2348 1731 2459 1791 τοῖς
2478 1726 2643 1782 αὐτοῦ
2672 1730 2903 1799 χρόνοις,
2932 1730 3022 1782 καὶ
3047 1729 3272 1793 Λούκιος
3293 1730 3556 1799 Αὐρήλιος
3576 1726 3710 1796 Κόμ-

2163 1817 2320 1887 μοδος
2354 1817 2627 1887 βασιλεύει
2656 1820 2721 1871 τὰ
2750 1820 2890 1874 αὐτά
2913 1821 3054 1875 ἑπτὰ
3077 1821 3192 1891 ἐτη.

2230 1906 2497 1978 Περτίναξ
2530 1909 2706 1979 μῆνας
2746 1917 2820 1974 ς’.

2231 1997 2467 2070 Σευῆρος
2499 2000 2592 2072 ἔτη
2616 2008 2704 2071 ιη’.

2243 2086 2333 2141 Ἐν
2371 2092 2484 2152 τοῖς
2504 2090 2599 2142 τοῦ
2632 2092 2871 2163 Σευήρου
2906 2092 3120 2162 χρόνοις
3172 2092 3471 2164 Σύμμαχός
3514 2110 3592 2157 τις
3628 2095 3716 2148 Σα-

2163 2182 2430 2251 μαρείτης
2454 2182 2564 2234 τῶν
2612 2185 2742 2254 παρ’
2783 2184 2965 2248 αὐτοῖς
3015 2184 3194 2254 σοφῶν
3228 2203 3370 2255 μη...
3408 2186 3512 2238 ὑπὸ
3538 2186 3622 2238 τοῦ
3649 2186 3717 2237 ol-

2159 2270 2309 2325 κείου
2352 2272 2558 2339 ἔθνους,
2603 2275 2837 2345 νοσήσας
2880 2276 3192 2347 φιλαρχίαν,
3218 2278 3311 2330 καὶ
3354 2277 3718 2347 ἀγανακτήσας

2160 2363 2302 2417 κατὰ
2331 2364 2429 2434 τῆς
2464 2365 2597 2428 ίδίας
2613 2365 2811 2437 φυλῆς,
2840 2382 2947 2438 προ
3116 2368 3410 2430 Ἰουδαίοις,
3458 2368 3547 2420 καὶ
3574 2382 3719 2437 προσ·

2157 2454 2409 2524 ηλυτεύει
2449 2496 2464 2521 ,
2485 2456 2580 2509 καὶ
2613 2458 3261 2530 περιτέμνεταιδευτέραν
3285 2460 3605 2533 περιτομήν.
3628 2458 3721 2509 Καὶ

2162 2546 2237 2616 μὴ
2267 2544 2515 2616 Θαύμαζε
2546 2549 2673 2619 περὶ
2707 2549 2918 2612 τούτου,
2949 2544 2993 2601 ὧ
3025 2550 3269 2620 ἁκροατά
3297 2567 3309 2581 ·
3339 2550 3585 2618 γίγνεται
3606 2548 3719 2618 γάρ.

2161 2636 2317 2689 Ὅσοι
2348 2637 2456 2707 γὰρ
2485 2638 2593 2690 ἀπὸ
2633 2638 2901 2691 Ἰουδαίων
2944 2640 3311 2709 Σαμαρείταις
3364 2638 3721 2710 προσφεύγου-

2162 2742 2267 2788 σιν.
2303 2729 2842 2801 ἀντιπεριτέμνονται
2870 2746 2883 2761 ·
2916 2729 3175 2792 ὡσαύτως
3203 2730 3297 2782 καὶ
3329 2730 3377 2781 οἱ
3421 2730 3528 2783 ἀπὸ
3556 2729 3722 2797 Σαμα-

2161 2818 2355 2889 ρειτῶν
2390 2819 2526 2891 πρὸς
2572 2819 2855 2882 Ἰουδαίους
2902 2820 3204 2888 ἐρχόμενοι.
3237 2818 3310 2870 Τὸ
3337 2817 3393 2869 δὲ
3439 2818 3516 2870 ἔτι
3539 2815 3724 2867 τούτων

2159 2906 2566 2980 χαλεπώτερον,
2628 2911 2709 2963 ὅτι
2760 2911 2855 2963 καὶ
2906 2911 3014 2962 ἀπὸ
3063 2908 3363 2981 περιτομῆς
3419 2906 3725 2979 ἀκρόὸυστοι

2158 3000 2418 3066 γίνονται,
2478 3001 2643 3072 τέχνῃ
2709 3002 2818 3053 τινὶ
2868 3002 3084 3073 ἰατρικῇ
3126 3002 3214 3054 διὰ
3270 2999 3363 3052 τοῦ
3409 2997 3725 3069 καλουμένου

2161 3089 2556 3160 σπουοιστῆρος
2578 3091 2676 3160 τὴν
2700 3092 2809 3144 τῶν
2842 3092 3021 3162 μελῶν
3056 3092 3462 3163 ὑποδερματίδα
3500 3092 3725 3143 Omma-

2162 3178 2453 3241 θισοέντες,
2517 3180 2777 3285 ραῗέντες
2811 3197 2870 3232 τε
2934 3184 3029 3234 καὶ
3062 3182 3407 3253 κολλητικοῖς
3469 3178 3728 3249 περιοδεύ-

2164 3271 2220 3285 λ.
2406 3273 2415 3285 .
2536 3272 2564 3285 -
2678 3273 2690 3285 ,
2814 3268 2874 3285 ν,
3008 3272 3021 3285 .
3071 3272 3082 3285 .
3160 3275 3171 3285 .
3320 3275 3335 3285 .
3387 3273 3415 3283 ..
3563 3272 3623 3285 ...η

2163 3271 2366 3334 θέντες,
2394 3268 2759 3339 ἀκροδυὲτίαν
2777 3268 2933 3336 αὖθις
2962 3272 3131 3344 αὐτὴν
3149 3273 3529 3326 ἀποτελοῦσιν.
3562 3272 3728 3337 Ἔχεις

2160 3363 2255 3415 καὶ
2282 3362 2379 3432 τὴν
2417 3363 2721 3434 μαρτυρίαν
2762 3364 2913 3435 παρὰ
2936 3364 3013 3433 τῷ
3034 3364 3174 3434 ἁγίῳ
3215 3364 3549 3433 Ἀποστόλῳ,
3580 3355 3622 3412 ᾧ
3648 3376 3727 3426 ιρι⁹

2158 3450 2517 3513 λοκαλώτατε,
2551 3452 2617 3505 δι’
2648 3446 2722 3505 ὧν
2754 3454 2936 3516 αὐτοῖς
2973 3454 3210 3523 ῥήμασιν
3249 3447 3349 3506 ὧδέ
3412 3470 3529 3515 πως
3554 3452 3726 3517 λέγει·

2160 3543 2667 3611 Περιτετμημένος
2706 3560 2799 3609 τις
2841 3544 3093 3611 ἐκλήθη,
3124 3543 3210 3613 μὴ
3232 3545 3611 3599 ἐπισπάσθω.
3646 3541 3733 3593 Ἐν

2159 3630 2527 3697 ἀκροϐυστίᾳ
2555 3647 2647 3696 τις
2677 3632 2952 3701 ὑπάρχει,
2982 3633 3068 3702 μὴ
3100 3633 3561 3703 περιτεμνέσθω.
3599 3632 3735 3682 Ταύ-

2158 3737 2257 3789 την
2284 3719 2339 3773 δὲ
2366 3721 2464 3791 τὴν
2495 3721 2792 3791 παράδοσιν
2819 3724 2921 3793 τῆς
2950 3723 3342 3793 κακοδαίμονος
3375 3724 3585 3785 ἐννοίας
3614 3720 3735 3789 qua".

2157 3809 2249 3863 τὸν
2292 3810 2461 3863 Ἥσαῦ
2492 3812 2583 3865 τὸν
2636 3813 2864 3881 ἀδελφὺν
2906 3813 3001 3866 τοῦ
3038 3813 3232 3867 Ἰακὼϐ
3283 3815 3581 3885 εὑρηκέναι
3612 3812 3737 3881 πρ²ς

2159 3898 2604 3968 ὲπαρνησιθεΐαν,
2630 3901 2725 3952 καὶ
2747 3901 2885 3971 πρὸς
2911 3901 3218 3972 ἀφανισμὸν
3240 3902 3331 3954 τοῦ
3354 3903 3467 3954 τῶν
3495 3899 3736 3969 πατέρων

2158 3988 2325 4042 αὑτοῦ
2387 3990 2758 4061 χαρακτῆρος.
2810 3991 2901 4044 Διό
2958 4008 3089 4060 φασι
3121 3992 3215 4045 τὸν
3259 3991 3392 4045 Θεὸν
3424 3991 3735 4063 είρηκέναι⁶

2170 4081 2471 4148 Ἐμίσησα
2505 4083 2612 4135 τὸν
2653 4082 2856 4147 Ἠσαῦ,
2908 4082 3015 4135 τόν
3056 4082 3126 4135 δὲ
3183 4082 3397 4137 Ἰακὼϐ
3436 4082 3732 4152 ἠγάπησα.

2201 4168 2326 4235 ὗτος
2353 4171 2529 4226 τοίνυν
2552 4174 2579 4224 ό
2608 4170 2903 4241 Σύμμαχος
2934 4171 3072 4242 πρὸς
3098 4172 3432 4244 διαστροφὴν
3458 4173 3568 4227 τῶν
3600 4169 3738 4239 παρᾶ

2158 4259 2527 4331 Σαμαρείταις
2585 4260 2892 4331 ὲρμηνειῶν
2921 4260 3288 4332 ἑρμηνεύσας,
3318 4263 3420 4334 τὴν
3454 4263 3644 4334 τρίτην
3669 4258 3739 4321 ἐξ·

471 4350 591 4387 rum
630 4335 1110 4402 interpretationes
1139 4342 1429 4395 everteret,
1463 4330 1683 4383 tertiam
1719 4340 1803 4384 est
1830 4343 2053 4399 aggres-

2167 4330 2356 4405 ἔδωκεν
2387 4330 2707 4421 ἑρμηνείαν.

471 4438 587 4475 SIIS.

540 4507 703 4562 XVII.
736 4506 867 4562 Post
906 4507 1055 4561 hunc
1096 4508 1249 4561 brevi
1295 4516 1484 4577 postea
1526 4514 1795 4576 tempore,
1828 4508 1934 4562 hoc
1966 4516 2052 4563 est

470 4600 772 4655 Commodo
815 4600 990 4654 altero
1027 4601 1351 4669 imperante,
1385 4602 1477 4670 qui
1515 4611 1639 4671 post
1676 4601 1905 4654 Lucium
1939 4600 2047 4654 Atto

471 4691 667 4746 relium
738 4689 1099 4746 Commodum
1168 4690 1432 4745 tredecim
1498 4692 1659 4746 annis
1720 4688 2047 4760 imperavit,

470 4782 772 4839 'l‘heodotio
822 4783 1039 4853 quidam
1094 4798 1294 4855 genere
1346 4782 1607 4838 Ponticus
1628 4800 1692 4839 ex
1752 4782 2047 4837 Marcionis

472 4877 790 4944 Sinopensis
827 4875 1201 4930 haaresiarchze
1235 4874 1471 4929 factione
1514 4876 1670 4945 173
1723 4876 1839 4929 suis
1881 4873 2054 4944 parti-

472 4965 574 5021 bus
602 4968 841 5021 oll't-nsus
867 4966 930 5017 ad
962 4964 1182 5020 Judteos
1212 4965 1433 5030 defecit,
1468 4974 1522 5018 et
1549 4966 1914 5019 circumcisus
1948 4970 2050 5017 est.

473 5059 675 5111 Dehinc
712 5056 972 5108 Ilehraica
1008 5056 1214 5125 lingua,
1258 5067 1311 5109 et
1347 5072 1537 5109 eorum
1575 5058 1771 5110 litteris
1829 5057 2055 5111 institu-

470 5157 557 5200 tus
593 5149 857 5216 privatam
883 5147 1177 5200 editionem
1209 5163 1443 5203 exorsus
1472 5156 1575 5201 est.
1611 5148 1711 5213 Qui
1742 5150 1962 5217 quidem
1994 5153 2048 5206 in

471 5240 742 5308 plerisque
778 5255 898 5293 cum
938 5237 1296 5307 Septuaginta
1340 5241 1636 5303 consentit,
1680 5240 1826 5306 quod
1874 5243 1927 5295 in
1957 5260 2049 5297 eo-

470 5345 587 5383 rum
631 5332 858 5383 Iectitme
894 5332 1075 5390 tritus,
1110 5347 1172 5383 ac
1210 5333 1367 5400 longa
1407 5334 1806 5386 consuetudine
1830 5338 2045 5389 exerci-

472 5427 615 5475 tatus
642 5420 837 5475 fuerat.
862 5420 945 5477 Tu
982 5440 1110 5478 vero
1146 5425 1395 5495 quisquis
1434 5442 1516 5489 es,
1563 5426 1797 5489 erudite,
1837 5442 1899 5481 ac
1929 5437 2047 5483 stuc

557 5575 573 5605 ¹
612 5576 631 5628 1
663 5577 991 5642 Cor.vn,lS.
1067 5584 1086 5613 ²
1122 5581 1346 5635 Malach.
1390 5598 1427 5646 ι,
1456 5581 1509 5636 9..
1591 5585 1609 5614 ³
1639 5585 1768 5640 Cor.
1803 5584 2033 5653 Οὐῆρος.

2227 4532 2327 4583 IZ'.
2359 4531 2515 4584 Μετὰ
2542 4530 2732 4584 τοῦτον
2758 4531 2814 4584 δὲ
2834 4532 2975 4585 κατὰ
3002 4530 3169 4593 πόδας
3195 4532 3253 4583 ὲν
3285 4530 3364 4600 τῷ
3387 4530 3523 4601 ἑξῆς
3549 4526 3743 4599 χρόνῳ.

2150 4621 2396 4674 τουτέστι
2430 4622 2558 4693 περὶ
2604 4622 2702 4693 τὴν
2732 4622 2823 4675 τοῦ
2853 4622 3106 4693 δευτέρου
3139 4620 3425 4691 Κομμόδου
3470 4617 3745 4689 βασιλείαν

2150 4716 2242 4766 τοῦ
2280 4713 2694 4782 βασιλεύσαντος
2728 4715 2865 4784 μετὰ
2899 4715 2990 4767 τὸν
3027 4713 3428 4784 προειρημένον
3458 4709 3747 4781 Κόμμοδον

2159 4801 2392 4856 Λούκιον
2440 4804 2708 4873 Αύρήλιον
2743 4804 2836 4875 ἐτη
2891 4812 2979 4871 ιγ’,
3032 4804 3328 4858 Θεοδοτίων
3371 4820 3458 4865 τις
3490 4799 3749 4857 Ποντικὰ

2163 4893 2270 4946 ἀπὸ
2297 4894 2397 4962 τῆς
2449 4894 2700 4965 διαδοχῆς
2756 4897 3085 4967 Μαρκίωνος
3127 4894 3223 4947 τοῦ
3257 4894 3622 4965 αίρεσιάρχου
3659 4888 3750 4942 τοῦ

2162 4982 2486 5049 Σινωπίτου,
2522 4985 2732 5055 μηνιῶν
2766 4988 2861 5039 καὶ
2892 4987 3055 5050 αὐτὸς
3093 4988 3159 5058 τῇ
3190 4985 3357 5039 αὑτοῦ
3384 4986 3627 5056 αἱρέσει,
3662 4982 3753 5034 καὶ

2160 5074 2241 5134 είς
2280 5075 2614 5145 Ίουδαῖσμὸν
2642 5078 2962 5141 ἀποκλίνας,
2996 5080 3089 5132 καὶ
3116 5076 3507 5149 περιτμηθεὶς,
3532 5076 3630 5127 καὶ
3656 5073 3754 5143 τὴν

2159 5161 2266 5212 τῶν
2307 5162 2573 5232 Ἐϐραίων
2606 5166 2789 5235 φωνὴν
2819 5167 2910 5219 καὶ
2944 5166 3012 5218 τὰ
3042 5166 3222 5219 αὐτῶν
3257 5168 3504 5234 στοιχεῖα
3534 5163 3751 5216 παιδευο

2159 5250 2293 5313 θεὶς.
2325 5252 2469 5315 ἰδίως
2513 5255 2606 5306 καὶ
2664 5255 2827 5317 αὐτὸς
2868 5256 3118 5319 ἐξέδωκε.
3149 5256 3249 5307 Διὰ
3272 5254 3342 5307 τὰ
3370 5253 3612 5307 πλεῖστα
3641 5251 3754 5311 τοῖς

2170 5341 2667 5412 Ἐϐὃομηκονταδύο
2718 5346 3049 5415 συνᾳδόντως
3103 5347 3351 5412 ἐξέδωκε.
3402 5344 3621 5415 Τριϐὰς
3651 5342 3755 5407 γὰο

2154 5428 2297 5503 εἶχεν
2357 5428 2513 5499 οὗτος
2571 5436 2669 5500 τὰς
2725 5438 2983 5502 πλείστας
3033 5440 3139 5492 dura
3166 5439 3267 5508 τῆς
3306 5436 3607 5507 συνηθείας
3649 5432 3757 5484 τῶν
