3916 6196
300 289 406 344 Ξϐ5

1256 286 1457 341 LIBER
1497 287 1583 341 DE
1615 286 1965 343 MENSURIS
2005 284 2091 342 ET
2134 286 2589 345 PONDERIBUS.

3440 292 3546 350 266

310 398 827 470 Ὶσῖδδομηκονταδύο.
870 399 1052 452 Γένοιο
1096 401 1271 453 τοίνυν
1305 402 1517 471 κριτὴς,
1571 395 1615 453 ὦ
1659 402 1878 469 φιλοκα-

1993 401 2154 464 liose,
2189 402 2253 456 de
2299 410 2410 454 tota
2460 416 2625 457 causa
2659 403 2883 458 statuito
2924 424 2934 460 :
2978 403 3120 475 apud
3167 419 3304 475 quos
3349 410 3549 462 veritas
3624 438 3631 441 —

297 492 531 554 λώτατε,
558 490 659 558 τῆς
699 489 957 558 τοιαύτης
996 488 1324 553 ὑποθέσεως,
1355 490 1505 559 παρὰ
1535 490 1643 541 τίσι
1682 489 1878 558 μᾶλλον

297 581 661 650 εὑρεθήσεται
717 582 750 649 ἡ
806 579 1057 648 ἀλήθεια,
1111 581 1262 651 παρὰ
1301 582 1413 642 τοῖς
1449 581 1595 648 τρισὶ
1649 580 1879 643 τούτοις,

314 672 515 741 Ἀκύλᾳ
554 670 720 738 λέγω,
780 671 876 722 καὶ
919 670 1220 740 Συμμάχῳ,
1270 670 1364 722 καὶ
1393 668 1732 731 Θεοδοτίωνι,
1769 671 1880 731 τοῖς

304 760 382 830 μὴ
434 760 723 813 ὲπιτοαυτὸ
773 760 1107 830 γενομένοις,
1151 760 1264 813 ἀλλ’
1305 760 1409 830 ἰδίᾳ
1444 760 1670 813 ἕκαστον
1694 761 1787 812 καὶ
1824 762 1880 812 ὲν

302 848 482 918 καιρῷ
510 849 603 902 καὶ
632 849 818 911 τόποις
854 849 1099 920 ἀλλήλων
1142 849 1412 912 διεστῶσι,
1446 852 1539 903 καὶ
1563 850 1622 901 ού
1648 848 1879 911 πολλοῖς,

304 938 441 992 ἀλλὰ
468 938 613 1009 τρισὶ
663 940 864 1008 μόνοις,
895 939 988 992 καὶ
1016 940 1090 1010 μὴ
1120 939 1365 1008 δυνηθεὶς
1399 940 1580 1003 ἄλλοις
1608 942 1622 971 ¹
1659 957 1883 1010 συμφω-

297 1030 498 1099 νῖσαιο
531 1029 565 1099 ἢ
602 1030 752 1100 παρὰ
800 1032 913 1092 τοῖς
950 1030 1444 1101 Ἐὄδομηκονταδύο
1476 1033 1587 1093 τοῖς
1624 1030 1881 1102 πρώτοις,

302 1124 391 1190 ὑφ’
425 1123 523 1175 ἕνα
571 1122 762 1192 καιρὸν
811 1120 1059 1190 γεγονόσι
1105 1122 1198 1175 καὶ
1244 1121 1636 1193 ὲρμηνεύσασι,
1678 1125 1772 1176 καὶ
1804 1124 1883 1186 εἰς

302 1212 662 1283 τριακονταὲξ
692 1212 833 1283 μέρη
876 1211 1017 1266 κατὰ
1042 1212 1370 1284 πρόσταγμα
1398 1212 1658 1282 βασιλέως
1679 1214 1885 1285 διαιρε--

302 1300 463 1367 θεῖσι,
512 1304 608 1356 καὶ
663 1306 790 1359 ἄνευ
848 1304 942 1357 τοῦ
981 1305 1119 1374 πρὸς
1151 1305 1411 1375 ἀλλήλους
1466 1306 1792 1371 συνδοιάσαι,
1820 1309 1884 1359 ἐκ

303 1394 626 1465 Πνεύματος
653 1395 710 1448 δὲ
740 1396 895 1463 ἁγίου
930 1396 1036 1449 ὑπὸ
1077 1397 1203 1465 μίαν
1230 1398 1547 1468 συμφωνίαν
1578 1398 1677 1469 τὴν
1702 1399 1882 1451 πᾶσαν

303 1488 603 1561 ἑρμηνείαν
634 1486 960 1539 ὲκδεδὼκασι
986 1486 1026 1548 ¹,
1059 1487 1152 1539 καὶ
1183 1486 1314 1539 ὅπου
1346 1488 1661 1558 προσθήκης
1692 1489 1884 1557 γέγονε

300 1581 465 1652 χρεία
517 1578 813 1650 σαφηνείας
869 1577 1034 1632 ἕνεκα
1081 1577 1176 1631 τοῦ
1228 1578 1386 1647 λόγου
1436 1580 1739 1651 προσθεῖσι,
1790 1582 1883 1634 καὶ

210 1703 224 1712 ο
303 1670 614 1741 συμφώνως
652 1668 903 1740 ἀλλήλοις
947 1670 1342 1739 συμφωνήσασι
1390 1670 1484 1723 καὶ
1525 1670 1758 1736 ἐκδοῦσι,
1790 1673 1883 1725 καὶ

1982 491 2099 559 ipsa
2146 492 2371 559 reperiri
2412 493 2616 547 certius
2651 494 2867 562 possit:
2903 503 3212 548 utrumnam
3245 496 3385 565 apud
3427 498 3549 552 illos

1983 590 2113 643 tres,
2146 582 2419 651 Aquilam,
2447 583 2856 653 Symmachum,
2879 595 2932 639 et
2959 584 3389 640 Thcodotioncm
3414 606 3428 641 :
3455 590 3550 657 qui

1983 685 2262 740 nunquam
2298 671 2439 727 inter
2468 688 2526 727 se
2552 674 2728 742 capita
2759 676 3127 741 contulerunt,
3167 676 3261 730 sed
3292 677 3549 745 privatim

1983 762 2180 830 singuli
2213 762 2326 817 suis
2364 763 2595 833 quisque
2632 765 2990 833 temporibus,
3016 776 3069 820 et
3104 766 3344 821 locorum
3377 768 3549 821 inter-

1983 852 2124 904 vallo
2159 850 2359 915 dissiti,
2382 853 2436 905 in
2470 868 2590 906 eam
2622 855 2981 923 scriptionem
3017 855 3416 924 incubuerunt;
3453 875 3552 915 ne-

1982 957 2089 1010 que
2113 942 2298 1012 plures
2321 942 2497 999 tribus
2528 944 2874 1010 exstiterunt,
2898 960 2959 999 ac
2983 946 3215 1017 denique
3239 964 3420 1004 secum
3448 951 3550 1020 ipsi

1982 1034 2284 1089 concordes
2315 1048 2437 1089 esse
2469 1035 2835 1104 nequiverunt
2866 1055 2878 1089 :
2913 1052 2980 1091 an
3018 1038 3159 1107 apud
3194 1038 3549 1111 Septuaginta

1983 1122 2122 1178 duos
2151 1124 2274 1177 illos
2310 1123 2540 1193 priores,
2572 1125 2664 1194 qui
2689 1125 2876 1179 eodem
2908 1138 3149 1196 tempore
3180 1144 3369 1186 omnes
3400 1133 3551 1187 vixe-

1983 1223 2130 1280 runt,
2166 1224 2219 1270 et
2255 1216 2593 1286 interpretati
2620 1226 2768 1284 sunt,
2795 1232 2857 1272 ac
2887 1219 3108 1289 triginta
3131 1236 3226 1276 sex
3257 1222 3551 1277 domiciliis

1983 1307 2127 1375 regis
2158 1305 2388 1375 imperio
2418 1306 2701 1361 distributi
2734 1308 2881 1362 nulla
2922 1309 3062 1364 inter
3090 1326 3150 1367 se
3180 1316 3555 1369 communica-

1984 1399 2132 1452 tione
2155 1396 2358 1462 habita,
2383 1398 2558 1452 sancti
2584 1396 2819 1467 Spiritus
2852 1398 3111 1455 instinctu
3139 1398 3549 1472 Scripturarum

1986 1484 2489 1554 interpretationem
2522 1487 2829 1542 admirabili
2862 1491 3225 1546 consensione
3254 1493 3334 1547 sic
3363 1494 3551 1548 edide-

1983 1585 2133 1638 runt,
2174 1585 2233 1630 ut
2264 1578 2573 1648 ubicunque
2603 1580 3008 1650 perspicuitatis
3041 1584 3211 1653 gratia
3240 1585 3547 1641 addendum

1984 1667 2186 1737 aliquid
2216 1676 2382 1732 esset,
2414 1669 2761 1726 concorditer
2798 1673 3118 1742 adjicerent.
3153 1691 3277 1731 cum
3315 1692 3438 1747 quae
3469 1682 3538 1732 al-

300 1758 477 1814 ταῦτα
528 1757 781 1826 ἀγνοοῦσι
828 1758 879 1811 τί
916 1758 1144 1821 ἕκαστος
1180 1758 1301 1812 καθ’
1324 1759 1514 1813 ἑαυτὸν
1548 1760 1839 1831 ἑρμηνεύει
1864 1778 1877 1790 ·

1993 1758 2156 1814 terius
2184 1760 2559 1830 interpretatio
2605 1762 2742 1818 foret
2780 1766 3000 1835 penitus
3033 1768 3389 1837 ignorarent:
3427 1788 3554 1827 rur-

301 1853 437 1905 ὅπου
477 1852 536 1904 δὲ
579 1850 740 1904 πάλιν
797 1849 1023 1919 ἐκϐολῆς
1078 1850 1251 1917 λόγων
1293 1850 1453 1903 τινῶν
1485 1850 1662 1922 χρεία,
1686 1851 1879 1921 ἐπίσης

304 1942 618 2006 ἐκϐαλοῦσι,
648 1942 743 1995 καὶ
772 1940 1103 2012 συνᾳδόντως
1141 1940 1560 2011 ὲρμηνεύσασιν.

374 2034 592 2102 Ὠσπερ
639 2033 687 2085 εί
731 2033 787 2084 ἐν
815 2030 893 2101 τῷ
924 2031 1038 2101 ἅμα
1070 2031 1269 2094 πάντες
1302 2031 1586 2101 ἐκάθηντο,
1624 2034 1716 2085 καὶ
1742 2051 1878 2103 συμ-

303 2123 671 2185 ὣυλευτικῶς
723 2122 975 2192 ἀλλήλοις
1028 2124 1357 2195 ἡρμήνευον.
1405 2121 1660 2193 Εὔδηλον,
1703 2123 1784 2177 δτι
1822 2126 1879 2176 ἐν

304 2218 417 2279 toi;
456 2213 951 2285 Ἐὂδομηκονταδύο
985 2215 1336 2287 εὑρεθήσεται
1367 2215 1399 2285 ὴ
1430 2213 1675 2284 ἀλήθεια.
1717 2215 1878 2268 Ὥστε

305 2307 550 2375 γνωστὸν
569 2305 730 2359 τοῦτο
754 2308 864 2369 τοῖς
889 2305 1195 2376 φιλαλήθως
1216 2304 1491 2370 ἐξετάζειν
1513 2304 1876 2375 βουλομένοις,

304 2398 389 2451 ὅτι
419 2399 481 2452 ού
517 2399 675 2469 μόνον
701 2398 1033 2468 ἐρμηνευταὶ
1067 2398 1264 2450 ἐκεῖνοι
1290 2396 1596 2466 γεγόνασιν,
1626 2396 1762 2450 ἀλλὰ
1788 2396 1883 2449 καὶ

308 2491 417 2544 ἀπὸ
445 2491 644 2562 μέρους
676 2490 971 2561 προφῆται.
1004 2482 1105 2541 Ὧν
1136 2488 1245 2559 γὰρ
1270 2488 1370 2541 οὐκ
1396 2484 1463 2558 ἦν
1490 2489 1648 2559 χρεία
1680 2489 1759 2551 είς
1790 2489 1882 2559 ἐρα

309 2582 563 2651 μηνείαν,
598 2582 876 2653 παρῆκαν,
905 2579 1063 2632 ἅτινα
1098 2578 1177 2641 εἰς
1210 2577 1436 2649 ὕστερον
1460 2580 1517 2631 ὲν
1545 2581 1656 2641 τοῖς
1689 2577 1883 2646 φωνῶν

308 2676 492 2729 αὐτῶν
512 2675 698 2736 τόποις
720 2672 860 2743 μετὰ
887 2669 1227 2740 ἀστερίσκων
1263 2668 1544 2739 Ὠριγένης
1568 2666 1881 2737 συνέθηκεν.

319 2764 600 2826 Ὡσαύτως
628 2763 683 2816 δὲ
714 2764 808 2815 καὶ
841 2761 907 2814 τὰ
946 2758 1314 2830 προστεθέντα
1355 2759 1456 2811 οὐκ
1498 2757 1767 2827 ἀφείλετο,
1803 2758 1883 2811 εί-

301 2856 440 2920 δὼς,
463 2858 545 2908 ὅτι
568 2854 745 2909 αὐτῶν
771 2852 969 2925 μᾶλλόν
996 2853 1112 2904 ὲστι
1132 2850 1309 2921 χρεία·
1337 2848 1475 2904 ἀλλὰ
1506 2848 1641 2919 μετὰ
1661 2848 1884 2913 essm»,

297 2950 443 3003 ἔνθα
474 2948 705 3000 ἕκαστον
753 2944 859 2998 τῶν
902 2942 1207 3015 εἰρημένων
1240 2937 1396 3013 εὗρον
1418 2942 1458 3006 ³,
1502 2940 1673 3005 εἴασε,
1728 2940 1887 3010 μόνον

300 3038 769 3111 πμειωσὰμενος
788 3035 877 3089 διὰ
895 3034 987 3088 τοῦ
1011 3033 1197 3087 ὀϐελοῦ
1216 3034 1314 3103 τὴν
1336 3049 1402 3085 πε
1412 3033 1465 3103 pl.
1488 3035 1587 3102 τῆς
1604 3030 1698 3083 τοῦ
1718 3031 1886 3083 τόπου

1987 1866 2083 1906 sus
2122 1866 2253 1906 vero
2292 1853 2472 1908 sicubi
2518 1853 2853 1910 dissimulari
2899 1858 3102 1930 aliquid
3144 1872 3439 1933 oporteret,
3484 1883 3551 1922 ex

1986 1957 2141 2011 aequo
2174 1958 2365 1999 omnes
2392 1946 2701 2015 rejicerent,
2731 1956 2785 2003 et
2810 1950 2949 2004 inter
2970 1966 3031 2006 se
3059 1967 3442 2024 congruerent.

2056 2028 2290 2087 Perinde
2323 2048 2387 2087 ac
2426 2034 2473 2088 si
2515 2036 2767 2091 eumdem
2814 2038 2868 2090 in
2917 2039 3096 2094 locum
3139 2048 3548 2112 convenientes,

1986 2121 2392 2177 communicato
2427 2124 2659 2179 invicem
2690 2126 2918 2182 consilio
2946 2129 3011 2184 de
3037 2130 3425 2200 interpretandi
3457 2152 3549 2190 ra-

1988 2210 2137 2266 tione
2164 2212 2639 2281 statuissent.Quis
2650 2230 2761 2270 non
2782 2218 2961 2272 statim
2979 2218 3165 2275 LXXII
3183 2223 3290 2279 illis
3314 2228 3547 2295 palmam

1989 2300 2234 2357 veritatis
2263 2302 2573 2372 adjudicet?
2598 2303 2709 2359 [mo
2734 2323 2861 2362 vero
2887 2310 2932 2364 si
2953 2311 3079 2380 quis
3107 2314 3352 2370 veritatis
3377 2316 3549 2385 ipsius

1990 2403 2229 2445 amorem
2261 2390 2329 2446 ad
2359 2392 2769 2462 inquisitionem
2797 2397 3063 2465 attulerit,
3102 2415 3209 2454 non
3237 2402 3358 2458 illos
3384 2403 3550 2459 inter-

1989 2490 2168 2550 pretes
2196 2483 2379 2549 modo,
2410 2500 2596 2540 verum
2621 2486 2784 2541 etiam
2818 2489 3110 2559 prophetas
3151 2494 3552 2562 quodammodo

1991 2572 2162 2629 fuisse
2181 2583 2495 2644 cognoscet.
2515 2574 2649 2631 Nam
2671 2578 2749 2632 illi
2776 2595 3114 2652 quaecunque
3136 2583 3347 2639 inutilia
3369 2596 3519 2641 erant
3536 2618 3553 2649 ,

1991 2678 2055 2719 ac
2098 2680 2518 2736 supervacanea,
2553 2668 2959 2739 interpretando
2997 2673 3391 2741 praeterierunt.
3422 2674 3554 2741 Quae

1992 2758 2340 2827 postmodum
2370 2760 2632 2831 Origenes
2659 2762 2775 2815 suis
2803 2762 2937 2817 locis
2969 2765 3250 2821 ascribens
3271 2769 3553 2823 asteriscis

1994 2852 2221 2906 notavit.
2265 2852 2533 2906 Similiter
2576 2861 2630 2907 et
2673 2868 2794 2923 quae
2832 2852 2901 2908 ab
2940 2854 3048 2909 illis
3086 2854 3295 2925 adjecta
3338 2856 3555 2913 fuerant

1994 2944 2445 2999 circumscribere
2506 2944 2700 3010 noluit,
2752 2943 2897 3013 quod
2940 2947 3245 3001 necessaria
3287 2948 3552 3011 crederet,

1996 3034 2090 3090 sed
2121 3036 2309 3091 obelos
2338 3035 2405 3089 iis
2431 3035 2684 3091 omnibus
2707 3035 2863 3101 locis,
2889 3036 2980 3091 ubi
3008 3036 3097 3091 illa
3132 3047 3427 3108 repererat,
3460 3054 3555 3109 ap-

301 3131 676 3200 ἀναγνώσεως
709 3129 931 3199 εἴδησιν.
963 3125 1061 3179 Διὰ
1086 3126 1142 3178 δὲ
1165 3124 1273 3178 τῶν
1302 3124 1600 3194 λιμνίσκων
1629 3120 1886 3184 ὡσαύτως

1993 3127 2187 3197 pinxit,
2220 3134 2278 3181 ut
2302 3127 2369 3182 de
2395 3142 2584 3183 eorum
2615 3127 2847 3182 lectione
2868 3135 3165 3182 constaret.
3188 3130 3255 3182 At
3278 3128 3555 3184 lemniscis

305 3227 559 3297 ἐδήλωσε
603 3222 707 3276 τῶν
747 3221 897 3293 παρὰ
939 3237 1081 3273 τισιν
1125 3220 1189 3271 ὲκ
1241 3217 1348 3270 τῶν
1397 3212 1892 3285 Ἐϐδομηκονταδύο

310 3314 675 3391 ἑρμηνευτῶν
733 3313 1155 3383 συναμφοτέρως
1199 3308 1540 3381 εὑρεθεισῶν,
1564 3307 1639 3369 ὡς
1668 3309 1726 3359 ὲν
1754 3304 1894 3357 σπά-

310 3428 417 3471 νει,
446 3407 641 3475 όλξγων
666 3404 864 3469 λέξεων
883 3403 982 3474 τὴν
1010 3401 1243 3472 δήλωσιν
1273 3400 1373 3453 οὐκ
1400 3397 1667 3468 ἀνομοίων
1696 3395 1891 3462 οὐσῶν,

250 3484 263 3492 ’
468 3498 670 3568 ὁμοίων
715 3497 834 3567 μὲν,
875 3496 968 3548 καὶ
1012 3495 1111 3564 τὴν
1149 3492 1317 3563 αὐτὴν
1364 3490 1591 3560 δύναμιν
1635 3486 1893 3558 ἐχουσῶν.

320 3592 417 3654 Ὧς
460 3589 527 3642 ἂν
553 3589 694 3641 εἴποι
718 3603 800 3649 τις
829 3587 950 3640 ἀντὶ⁹
978 3584 1095 3647 τοῦ,
1122 3582 1446 3651 ἐλάλησεν,
1478 3579 1826 3649 ἐφθέγξατο,
1859 3578 1894 3649 ἢ

299 3685 442 3737 ἀντὶ
477 3679 595 3744 τοῦ,
622 3676 828 3749 ἦλθεν,
857 3676 1136 3745 ἐλήλυθε.
1161 3674 1273 3729 Καὶ
1303 3672 1475 3727 ταῦτα
1507 3671 1603 3742 μὲν
1632 3671 1758 3741 περὶ
1788 3669 1897 3723 τῶν

292 3774 608 3844 τεσσάρων
640 3770 942 3843 ἑρμηνειῶν
962 3786 1043 3823 σοι
1070 3767 1448 3839 γεγράφαμεν.

390 3868 533 3937 Περὶ
580 3863 635 3916 δὲ
678 3863 776 3931 τῆς
816 3861 1077 3931 Πέμπτης
1111 3860 1202 3913 καὶ
1242 3859 1448 3927 Ἕκτης
1481 3855 1762 3918 ἐκδόσεως,
1800 3853 1898 3905 ούκ

288 3964 431 4031 ἔχω
469 3960 643 4010 εἰπεῖν
669 3957 832 4019 τίνες,
860 3954 895 4026 ἢ
919 3953 1083 4007 πόθεν
1110 3954 1157 4005 οἱ
1185 3950 1641 4022 ὲρμηνεύσαντες,
1672 3947 1706 4016 ἢ
1742 3946 1899 4016 μόνον

1993 3231 2155 3272 voces
2181 3218 2388 3286 aliquot
2403 3216 2800 3287 insigniit,qua£
2815 3220 2867 3269 ln
2881 3214 3153 3269 nonnullis
3166 3212 3355 3266 LXXII
3386 3214 3558 3270 Inter-

1996 3314 2207 3377 pretum
2246 3308 2652 3378 exemplaribus
2694 3307 2958 3378 repetitae,
2997 3314 3050 3361 et
3093 3304 3312 3376 quidem
3354 3308 3554 3371 rarius,

1994 3406 2293 3454 occurrunt
2321 3418 2333 3453 :
2368 3415 2488 3469 qua:
2521 3399 2915 3469 signiﬁcatione
2940 3397 3077 3453 nihil
3120 3398 3412 3455 admodum
3445 3402 3556 3455 dis-

1995 3497 2252 3560 crepant,
2298 3490 2394 3545 sed
2438 3492 2578 3545 inter
2611 3506 2671 3546 se
2709 3491 2916 3547 similes
2957 3497 3087 3547 sunt
3130 3502 3184 3547 et
3213 3489 3401 3546 eadem
3463 3508 3560 3561 po-

1994 3588 2194 3637 testate
2226 3582 2482 3652 prmditze.
2516 3581 2762 3652 Exempli
2792 3596 2959 3637 causa
2994 3580 3041 3637 si
3073 3581 3197 3651 quis
3223 3597 3322 3650 pro
3353 3582 3560 3634 locutus

1997 3682 2074 3726 est
2109 3673 2334 3736 scribat,
2366 3673 2534 3735 dixit;
2582 3673 2664 3727 vel
2708 3688 2807 3743 pro
2852 3681 3080 3736 venerat,
3112 3669 3267 3727 venit.
3299 3675 3375 3725 Ac
3412 3673 3478 3725 de
3511 3686 3563 3723 ιν

1999 3759 2332 3815 editionibus
2360 3761 2647 3816 hactenus.

2075 3850 2235 3922 174
2277 3850 2431 3916 Quod
2475 3851 2541 3905 ad
2584 3850 2838 3916 Quintam
2878 3865 2942 3903 ac
2990 3848 3211 3904 Sextam
3269 3849 3563 3905 editionem

2002 3941 2217 4005 attinet,
2274 3956 2412 4011 quos
2461 3950 2714 3996 auctores
2759 3949 2853 3993 aut
2892 3940 3051 4009 cujus
3101 3944 3315 4011 generis
3368 3941 3567 3997 habeat

2001 4040 2153 4088 certo
2184 4031 2449 4087 aliirmare
2471 4047 2700 4101 nequeo.
2730 4030 2866 4086 lllud
2900 4047 3066 4085 unum
3091 4036 3344 4087 constare
3371 4032 3563 4099 video;

2002 4133 2126 4194 post
2166 4124 2509 4193 imperatoris
2562 4123 2748 4178 Severi
2793 4122 3259 4193 persecutionem,
3311 4121 3565 4188 Quintam

2003 4212 2298 4269 editionem
2351 4213 2408 4267 in
2454 4212 2827 4268 Hierichuntis
2877 4212 3075 4282 oppido
3132 4211 3456 4280 quibusdam
3513 4213 3568 4264 in

283 4057 398 4107 ὅτι
434 4052 583 4121 μετὰ
618 4049 703 4101 τὸν
734 4046 973 4116 διωγμὸν
1000 4044 1095 4098 τοῦ
1136 4042 1396 4113 βασιλέως
1428 4040 1669 4110 Σευήρου
1701 4036 1898 4108 εὑρέθη

280 4149 323 4215 1‘;
380 4142 631 4209 Πέμπτη
664 4140 719 4190 ὲν
756 4137 950 4200 πίθοις,
981 4137 1037 4188 ὲν
1073 4132 1281 4204 Ἰεριχῷ
1306 4130 1760 4203 κεκρυμμένη.ὲν
1779 4127 1903 4199 χρό-

278 4252 435 4297 νοις
464 4232 561 4284 τοῦ
592 4230 705 4284 υἱοῦ
734 4232 972 4300 Σευήρου
1006 4227 1098 4281 τοῦ
1132 4224 1515 4296 ἐπικληθέντος
1540 4220 1901 4294 Καρακὰλλου

275 4347 362 4382 τε
410 4325 514 4377 καὶ
540 4324 694 4377 Γέτα.
722 4299 975 4390 Καθεξῆς
1000 4320 1106 4391 γὰρ
1129 4322 1158 4373 ό
1178 4318 1284 4371 τῶν
1319 4316 1427 4371 ἀπὸ
1470 4314 1780 4368 ’Δντωνίνου
1807 4310 1886 4364 τοῐ

2005 4303 2185 4367 doliis,
2219 4302 2310 4357 ubi
2356 4302 2581 4363 latebat,
2612 4302 2888 4357 inventam
2936 4301 3127 4365 fuisse,
3175 4299 3570 4381 imperantibus

276 4423 465 4475 Πίου
498 4414 594 4469 τοῦ
635 4412 905 4476 Εύσεὸοὖς
933 4388 1381 4479 -ὲπικνεκλημένου
1416 4406 1538 4459 καθ’
1566 4403 1886 4475 ἑρμηνείαν⁴

2008 4393 2292 4448 Caracalla
2347 4402 2511 4462 atque
2544 4390 2678 4446 Geta
2741 4391 2925 4445 Severi
2961 4392 3104 4446 ﬁliis.
3138 4388 3274 4442 Nam
3305 4389 3373 4443 ab
3402 4389 3571 4442 Ante-

270 4470 576 4581 ζέρόνος
601 4507 709 4559 τῶν
744 4470 1419 4575 βασιλευσάντωνηταύτην
1448 4497 1573 4566 ἔσχε
1734 4494 1879 4548 διαδο

2011 4486 2140 4539 nino
2165 4484 2262 4539 Pio
2286 4482 2660 4540 Romanorum
2690 4484 3074 4553 imperatorum
3104 4483 3273 4537 series
3305 4478 3573 4550 ejusmodi

2011 4577 2129 4630 fuit.

378 4622 451 4652 ν.
2012 4606 2129 4630 Ill"-

270 4606 555 4723 χῆμαι
602 4688 916 4723 numerum.
955 4686 1046 4723 ηλυ
1084 4684 1213 4723 mm.
1254 4680 1523 4723 οηηιλρύρι
1553 4679 1775 4723 Μάνη(οε
1809 4678 1911 4723 Λύ.
2080 4668 2319 4722 Antonio
2363 4666 2458 4723 Pio
2505 4665 2776 4720 successit
2827 4663 3041 4718 Marcus
3088 4662 3344 4717 Aurelius
3400 4663 3573 4716 Anto-

370 4689 558 4745 Μετὰ
602 4688 916 4741 Ἀντωνῖνον
955 4686 1046 4738 τὸν
1084 4684 1213 4737 Πίον
1254 4680 1523 4752 βασιλεύει
1553 4679 1775 4748 Μάρκος
1806 4678 1911 4729 Δύο

268 4784 522 4859 θήλεος
571 4780 905 4841 Ἀντωνῖνος,
937 4781 965 4831 ό
1001 4778 1094 4829 καὶ
1123 4776 1352 4845 Ούῆρος,
1386 4774 1478 4843 ἔτη
1516 4771 1600 4825 ιϐ’.
1883 4858 1886 4859 ν

2008 4763 2195 4823 ninus,
2222 4761 2314 4830 qui
2338 4768 2392 4814 et
2416 4757 2591 4813 Verus
2613 4757 2792 4812 dictus
2818 4765 2921 4819 est,
2947 4768 3118 4808 annos
3146 4769 3255 4807 xu.

368 4872 563 4929 Μετὰ
614 4871 802 4923 τοῦτον
849 4869 1135 4939 Κόμμοδος
1163 4867 1320 4928 ἄλλος
1350 4863 1620 4934 βασιλεύει
1673 4861 1767 4930 ἔτη
1823 4858 1886 4927 ιγ’

2083 4851 2214 4908 Post
2238 4846 2752 4913 hunc,Commodus
2792 4847 2932 4900 alius
2963 4845 3194 4914 imperat
3244 4858 3416 4898 annos
3454 4859 3574 4897 xm.

260 4966 463 5037 Περὶ
497 4957 558 5016 οὗ
590 4962 777 5032 χρόνον
805 4936 1172 5030 γνωρισθῆναι
1196 4956 1524 5009 Θεοδοτίωνα
1545 4953 1793 5021 εἴπομεν,
1822 4951 1886 5004 τό

2011 4943 2183 5011 Cujus
2231 4950 2474 5012 tempore
2520 4939 2947 4995 Theodmionem
2995 4936 3272 4992 exstitisse
3315 4936 3575 4997 diximus,

254 5032 399 5131 τῖς-λ
448 5052 745 5123 Τετάρτην
773 5052 1064 5122 ἑρμηνείαν
1096 5048 1526 5121 ἑρμηνεύσαντα.

2014 5037 2105 5105 qui
2135 5034 2354 5100 Quarta:
2388 5032 2649 5089 editionis
2680 5041 2870 5085 auctor
2900 5038 3003 5085 est.

353 5120 911 5211 Κόμμοδονντοῦτον
938 5138 1240 5207 διαδέχεται
1286 5133 1551 5205 ΙΙερτίναξ
1596 5131 1771 5195 ἄλλος,
1826 5146 1886 5181 κα

2086 5127 2384 5182 Commodo
2406 5126 2649 5181 succedit
2669 5124 2922 5179 Pertinax
2949 5124 3107 5185 alius;
3131 5120 3415 5189 imperavit
3438 5133 3583 5171 uten-

254 5248 347 5305 βπ
362 5256 433 5292 3':
444 5236 485 5285 λ
498 5233 617 5284 ξύει
651 5234 825 5301 μῆνας
853 5232 931 5295 ἐξ.

2018 5235 2105 5277 8θὸ
2123 5236 2193 5273 γι.
2736 5290 2745 5303 ι

346 5325 616 5383 Τοῦτον
642 5322 942 5392 διαδέχεται
971 5322 1207 5392 Σευῆρος
1238 5318 1416 5380 ἄλλος,
1447 5318 1544 5370 σὺν
1575 5315 1651 5385 τῷ
1684 5311 1786 5382 υἱῷ
1822 5312 1886 5365 αὐ

2090 5312 2228 5365 Hinc
2247 5311 2484 5366 Severus
2507 5310 2645 5363 alius
2672 5302 2795 5361 cum
2822 5306 3100 5361 Antonino
3123 5304 3228 5357 [ilio
3246 5302 3404 5356 annis
3432 5316 3585 5355 xvm.

250 5424 380 5478 τίς
436 5414 789 5485 Ἀντωνίνῳ,
819 5415 913 5467 καὶ
943 5414 1312 5483 βασιλεύουσιν
1343 5412 1434 5483 ἔτη
1471 5416 1557 5483 ιη’.

344 5481 851 5576 τελευτήσαντος
892 5481 952 5557 δὲ
990 5504 1230 5573 Σευήρου
1267 5481 1568 5577 διαδέχεται
1605 5502 1704 5573 τὴν
1745 5498 1886 5570 ἀρχὴ

2097 5493 2311 5547 Mortuo
2354 5489 2577 5551 Severo,
2630 5488 2877 5543 succedit
2919 5485 3224 5538 Antoninus
3264 5482 3382 5551 ejus
3427 5481 3595 5547 ﬁiius,

344 5673 371 5704 ι
410 5665 595 5722 Col.
622 5661 928 5729 δυνηθεῖσιν
959 5658 1224 5726 ἀλλήλοις,
1297 5664 1315 5694 ί
1347 5664 1404 5725 Ρ,
1440 5659 1784 5726 ἐκδεδωκότι.
1832 5657 1886 5709 Et

2068 5653 2087 5684 ³
2120 5647 2177 5703 F.
2214 5644 2389 5719 εὗρεν.
2465 5646 2485 5677 ⁸
2512 5645 2573 5701 F.
2606 5646 2810 5713 είρμόν.
2848 5642 3007 5697 Εῐητ.

616 5744 889 5803 Pyrum.
926 5744 1047 5799 litt.
1105 5749 1310 5809 XLIII.

3246 5735 3286 5789 Ο
