  <div class='ocr_page' id='page_1' title='image "/cluster/home/n/w/nwhite01/storage/ocr_20150623/43/hvd.32044054272794/149.png"; bbox 0 0 3916 6196; ppageno 0'>
   <div class='ocr_carea' id='block_1_1' title="bbox 485 310 590 369">
    <p class='ocr_par' dir='ltr' id='par_1_1' title="bbox 485 310 590 369">
     <span class='ocr_line' id='line_1_1' title="bbox 485 310 590 369; baseline -0.01 -2"><span class='ocrx_word' id='word_1_1' title='bbox 485 310 590 369; x_wconf 72' lang='grc' dir='ltr'><strong>Ξϐτ</strong></span> 
     </span>
    </p>
   </div>
   <div class='ocr_carea' id='block_1_2' title="bbox 1887 273 2334 339">
    <p class='ocr_par' dir='ltr' id='par_1_2' title="bbox 1887 273 2334 339">
     <span class='ocr_line' id='line_1_2' title="bbox 1887 273 2334 339; baseline -0.025 0"><span class='ocrx_word' id='word_1_2' title='bbox 1887 282 1954 339; x_wconf 83' lang='lat' dir='ltr'><strong>‘S.</strong></span> <span class='ocrx_word' id='word_1_3' title='bbox 1993 273 2334 334; x_wconf 79' lang='lat' dir='ltr'><strong>EPIPHANII</strong></span> 
     </span>
    </p>
   </div>
   <div class='ocr_carea' id='block_1_3' title="bbox 3611 269 3701 324">
    <p class='ocr_par' dir='ltr' id='par_1_3' title="bbox 3611 269 3701 324">
     <span class='ocr_line' id='line_1_3' title="bbox 3611 269 3701 324; baseline 0.011 -3"><span class='ocrx_word' id='word_1_4' title='bbox 3611 269 3701 324; x_wconf 65' lang='grc' dir='ltr'>ἳίῶ</span> 
     </span>
    </p>
   </div>
   <div class='ocr_carea' id='block_1_4' title="bbox 490 380 2116 499">
    <p class='ocr_par' dir='ltr' id='par_1_4' title="bbox 490 399 2116 499">
     <span class='ocr_line' id='line_1_4' title="bbox 490 399 2116 499; baseline -0.022 -15"><span class='ocrx_word' id='word_1_5' title='bbox 490 427 584 499; x_wconf 82' lang='lat' dir='ltr'><strong>qui</strong></span> <span class='ocrx_word' id='word_1_6' title='bbox 622 435 676 481; x_wconf 83' lang='lat' dir='ltr'><strong>et</strong></span> <span class='ocrx_word' id='word_1_7' title='bbox 707 421 842 479; x_wconf 87' lang='lat' dir='ltr'><strong>Geta</strong></span> <span class='ocrx_word' id='word_1_8' title='bbox 869 427 921 476; x_wconf 91' lang='lat' dir='ltr'><strong>et</strong></span> <span class='ocrx_word' id='word_1_9' title='bbox 945 413 1224 473; x_wconf 86' lang='lat' dir='ltr'><strong>Caracalla</strong></span> <span class='ocrx_word' id='word_1_10' title='bbox 1254 406 1606 464; x_wconf 79' lang='lat' dir='ltr'><strong>nominatur:</strong></span> <span class='ocrx_word' id='word_1_11' title='bbox 1645 399 1932 472; x_wconf 88' lang='lat' dir='ltr'><strong>imperavit</strong></span> <span class='ocrx_word' id='word_1_12' title='bbox 1964 411 2061 451; x_wconf 85' lang='lat' dir='ltr'><strong>an—</strong></span> <span class='ocrx_word' id='word_1_13' title='bbox 2089 403 2116 458; x_wconf 72' lang='grc' dir='ltr'><em>Α</em></span> 
     </span>
    </p>
   </div>
   <div class='ocr_carea' id='block_1_5' title="bbox 2226 380 3707 499">
    <p class='ocr_par' dir='ltr' id='par_1_5' title="bbox 2226 380 3707 499">
     <span class='ocr_line' id='line_1_5' title="bbox 2226 380 3707 451; baseline -0.009 -6"><span class='ocrx_word' id='word_1_14' title='bbox 2226 392 2326 445; x_wconf 83' lang='grc' dir='ltr'><strong>ιτοῦ</strong></span> <span class='ocrx_word' id='word_1_15' title='bbox 2365 390 2676 451; x_wconf 78' lang='grc' dir='ltr'><strong>Ἀντωνῖνος</strong></span> <span class='ocrx_word' id='word_1_16' title='bbox 2700 389 2727 440; x_wconf 80' lang='grc' dir='ltr'>ὁ</span> <span class='ocrx_word' id='word_1_17' title='bbox 2755 386 2867 449; x_wconf 81' lang='grc' dir='ltr'><strong>υίὸς</strong></span> <span class='ocrx_word' id='word_1_18' title='bbox 2889 383 3078 448; x_wconf 72' lang='grc' dir='ltr'><strong>αὑτοῦ,</strong></span> <span class='ocrx_word' id='word_1_19' title='bbox 3104 385 3132 436; x_wconf 84' lang='grc' dir='ltr'>ὁ</span> <span class='ocrx_word' id='word_1_20' title='bbox 3157 382 3252 435; x_wconf 53' lang='grc' dir='ltr'><strong>καὶ⁴</strong></span> <span class='ocrx_word' id='word_1_21' title='bbox 3275 381 3447 444; x_wconf 84' lang='grc' dir='ltr'><strong>Γέτας</strong></span> <span class='ocrx_word' id='word_1_22' title='bbox 3472 380 3611 447; x_wconf 78' lang='grc' dir='ltr'><strong>ἄλλος</strong></span> <span class='ocrx_word' id='word_1_23' title='bbox 3629 385 3664 449; x_wconf 73' lang='grc'><strong>⁸,</strong></span> <span class='ocrx_word' id='word_1_24' title='bbox 3682 389 3707 436; x_wconf 83' lang='grc' dir='ltr'><strong>ό</strong></span> 
     </span>
     <span class='ocr_line' id='line_1_6' title="bbox 2240 472 3707 499; baseline -0.012 0"><span class='ocrx_word' id='word_1_25' title='bbox 2240 485 2254 499; x_wconf 73' lang='grc' dir='ltr'>ι</span> <span class='ocrx_word' id='word_1_26' title='bbox 2285 485 2325 499; x_wconf 74' lang='grc' dir='ltr'><strong><em>υ</em></strong></span> <span class='ocrx_word' id='word_1_27' title='bbox 2425 482 2436 499; x_wconf 74' lang='grc' dir='ltr'><em>ο</em></span> <span class='ocrx_word' id='word_1_28' title='bbox 2511 481 2573 499; x_wconf 56' lang='grc' dir='ltr'>λς</span> <span class='ocrx_word' id='word_1_29' title='bbox 2595 497 2604 499; x_wconf 72' lang='lat'><strong><em>_</em></strong></span> <span class='ocrx_word' id='word_1_30' title='bbox 2629 494 2642 499; x_wconf 74' lang='lat'><strong>-</strong></span> <span class='ocrx_word' id='word_1_31' title='bbox 2677 476 2992 499; x_wconf 53' lang='lat' dir='ltr'><strong>1,-_--\-n_\_</strong></span> <span class='ocrx_word' id='word_1_32' title='bbox 3049 475 3140 499; x_wconf 70' lang='lat'><strong>_-_\</strong></span> <span class='ocrx_word' id='word_1_33' title='bbox 3177 476 3320 499; x_wconf 62' lang='lat' dir='ltr'>____g</span> <span class='ocrx_word' id='word_1_34' title='bbox 3345 472 3433 499; x_wconf 55' lang='grc' dir='ltr'><strong>ι’-</strong></span> <span class='ocrx_word' id='word_1_35' title='bbox 3468 473 3507 499; x_wconf 69' lang='grc' dir='ltr'><strong>ν,</strong></span> <span class='ocrx_word' id='word_1_36' title='bbox 3567 475 3644 499; x_wconf 46' lang='grc' dir='ltr'><strong>,θη</strong></span> <span class='ocrx_word' id='word_1_37' title='bbox 3666 476 3707 499; x_wconf 40' lang='grc' dir='ltr'><strong>,Α</strong></span> 
     </span>
    </p>
   </div>
   <div class='ocr_carea' id='block_1_6' title="bbox 489 472 2116 583">
    <p class='ocr_par' dir='ltr' id='par_1_6' title="bbox 489 472 2060 583">
     <span class='ocr_line' id='line_1_7' title="bbox 489 472 2060 583; baseline -0.02 -9"><span class='ocrx_word' id='word_1_38' title='bbox 489 472 595 573; x_wconf 57' lang='lat' dir='ltr'><strong>nos</strong></span> <span class='ocrx_word' id='word_1_39' title='bbox 623 531 718 571; x_wconf 79' lang='lat' dir='ltr'><strong>ut.</strong></span> <span class='ocrx_word' id='word_1_40' title='bbox 757 511 998 583; x_wconf 83' lang='lat' dir='ltr'><strong>Septimo</strong></span> <span class='ocrx_word' id='word_1_41' title='bbox 1029 520 1158 559; x_wconf 85' lang='lat' dir='ltr'><strong>vero</strong></span> <span class='ocrx_word' id='word_1_42' title='bbox 1197 515 1342 555; x_wconf 89' lang='lat' dir='ltr'><strong>anno</strong></span> <span class='ocrx_word' id='word_1_43' title='bbox 1383 497 1598 564; x_wconf 69' lang='lat' dir='ltr'><strong>Quinta:</strong></span> <span class='ocrx_word' id='word_1_44' title='bbox 1642 492 1900 550; x_wconf 73' lang='lat' dir='ltr'><strong>editionis</strong></span> <span class='ocrx_word' id='word_1_45' title='bbox 1936 489 2060 543; x_wconf 86' lang='lat' dir='ltr'><strong>libri</strong></span> 
     </span>
    </p>
   </div>
   <div class='ocr_carea' id='block_1_7' title="bbox 2226 472 3709 583">
    <p class='ocr_par' dir='ltr' id='par_1_7' title="bbox 2226 472 3709 554">
     <span class='ocr_line' id='line_1_8' title="bbox 2226 472 3709 554; baseline -0.007 -16"><span class='ocrx_word' id='word_1_46' title='bbox 2226 485 2264 538; x_wconf 72' lang='grc' dir='ltr'><strong>ιὶ</strong></span> <span class='ocrx_word' id='word_1_47' title='bbox 2285 481 2644 554; x_wconf 75' lang='grc' dir='ltr'><strong>Καράκαλλος</strong></span> <span class='ocrx_word' id='word_1_48' title='bbox 2673 476 3013 548; x_wconf 67' lang='grc' dir='ltr'><strong>ἐπικληθεὶς,</strong></span> <span class='ocrx_word' id='word_1_49' title='bbox 3049 475 3146 528; x_wconf 71' lang='grc' dir='ltr'><strong>καὶ</strong></span> <span class='ocrx_word' id='word_1_50' title='bbox 3176 476 3320 527; x_wconf 83' lang='grc' dir='ltr'><strong>ποιεῖ</strong></span> <span class='ocrx_word' id='word_1_51' title='bbox 3344 472 3435 544; x_wconf 77' lang='grc' dir='ltr'><strong>ἔτη</strong></span> <span class='ocrx_word' id='word_1_52' title='bbox 3466 473 3527 538; x_wconf 77' lang='grc' dir='ltr'><strong>ζ’.</strong></span> <span class='ocrx_word' id='word_1_53' title='bbox 3567 475 3709 528; x_wconf 85' lang='grc' dir='ltr'><strong>Ἐνδε</strong></span> 
     </span>
    </p>
   </div>
   <div class='ocr_carea' id='block_1_8' title="bbox 491 561 2116 662">
    <p class='ocr_par' dir='ltr' id='par_1_8' title="bbox 491 561 2062 662">
     <span class='ocr_line' id='line_1_9' title="bbox 491 561 2062 662; baseline -0.019 0"><span class='ocrx_word' id='word_1_54' title='bbox 491 561 859 662; x_wconf 83' lang='lat' dir='ltr'><strong>Ilierichunter</strong></span> <span class='ocrx_word' id='word_1_55' title='bbox 881 601 935 653; x_wconf 87' lang='lat' dir='ltr'><strong>in</strong></span> <span class='ocrx_word' id='word_1_56' title='bbox 967 594 1127 650; x_wconf 89' lang='lat' dir='ltr'><strong>doliis</strong></span> <span class='ocrx_word' id='word_1_57' title='bbox 1167 589 1368 662; x_wconf 87' lang='lat' dir='ltr'><strong>reperti</strong></span> <span class='ocrx_word' id='word_1_58' title='bbox 1414 594 1563 654; x_wconf 89' lang='lat' dir='ltr'><strong>sunt,</strong></span> <span class='ocrx_word' id='word_1_59' title='bbox 1599 599 1725 641; x_wconf 88' lang='lat' dir='ltr'><strong>cum</strong></span> <span class='ocrx_word' id='word_1_60' title='bbox 1757 580 1882 638; x_wconf 83' lang='lat' dir='ltr'><strong>aliis</strong></span> <span class='ocrx_word' id='word_1_61' title='bbox 1908 579 2062 635; x_wconf 84' lang='lat' dir='ltr'><strong>libris</strong></span> 
     </span>
    </p>
   </div>
   <div class='ocr_carea' id='block_1_9' title="bbox 2226 561 3714 662">
    <p class='ocr_par' dir='ltr' id='par_1_9' title="bbox 2226 561 3714 645">
     <span class='ocr_line' id='line_1_10' title="bbox 2226 561 3714 645; baseline -0.004 -19"><span class='ocrx_word' id='word_1_62' title='bbox 2226 573 2496 645; x_wconf 66' lang='grc' dir='ltr'><strong>ῥὲϐδόμῳ</strong></span> <span class='ocrx_word' id='word_1_63' title='bbox 2533 569 2698 625; x_wconf 76' lang='grc' dir='ltr'><strong>αὐτοῦ</strong></span> <span class='ocrx_word' id='word_1_64' title='bbox 2751 569 2860 623; x_wconf 79' lang='grc' dir='ltr'><strong>ἔτει</strong></span> <span class='ocrx_word' id='word_1_65' title='bbox 2913 566 3214 638; x_wconf 82' lang='grc' dir='ltr'><strong>εὑρέθησαν</strong></span> <span class='ocrx_word' id='word_1_66' title='bbox 3266 561 3361 618; x_wconf 72' lang='grc' dir='ltr'><strong>καὶ</strong></span> <span class='ocrx_word' id='word_1_67' title='bbox 3419 563 3580 634; x_wconf 90' lang='grc' dir='ltr'><strong>βίϐλοι</strong></span> <span class='ocrx_word' id='word_1_68' title='bbox 3629 567 3714 636; x_wconf 78' lang='grc' dir='ltr'><strong>τῆς</strong></span> 
     </span>
    </p>
   </div>
   <div class='ocr_carea' id='block_1_10' title="bbox 494 685 1122 754">
    <p class='ocr_par' dir='ltr' id='par_1_10' title="bbox 494 685 1122 754">
     <span class='ocr_line' id='line_1_11' title="bbox 494 685 1122 754; baseline -0.022 -1"><span class='ocrx_word' id='word_1_69' title='bbox 494 694 777 754; x_wconf 86' lang='lat' dir='ltr'><strong>Ilebraicis</strong></span> <span class='ocrx_word' id='word_1_70' title='bbox 805 705 869 744; x_wconf 89' lang='lat' dir='ltr'><strong>ac</strong></span> <span class='ocrx_word' id='word_1_71' title='bbox 900 685 1122 742; x_wconf 68' lang='lat' dir='ltr'><strong>Graecis.</strong></span> 
     </span>
    </p>
   </div>
   <div class='ocr_carea' id='block_1_11' title="bbox 562 846 2068 932">
    <p class='ocr_par' dir='ltr' id='par_1_11' title="bbox 562 846 2068 932">
     <span class='ocr_line' id='line_1_12' title="bbox 562 846 2068 932; baseline -0.022 -2"><span class='ocrx_word' id='word_1_72' title='bbox 562 870 858 932; x_wconf 73' lang='lat' dir='ltr'><strong>Caracallzn</strong></span> <span class='ocrx_word' id='word_1_73' title='bbox 899 862 1148 923; x_wconf 86' lang='lat' dir='ltr'><strong>succedit</strong></span> <span class='ocrx_word' id='word_1_74' title='bbox 1196 858 1508 916; x_wconf 79' lang='lat' dir='ltr'><strong>Antoninus</strong></span> <span class='ocrx_word' id='word_1_75' title='bbox 1547 853 1709 917; x_wconf 89' lang='lat' dir='ltr'><strong>alius,</strong></span> <span class='ocrx_word' id='word_1_76' title='bbox 1751 849 1846 920; x_wconf 89' lang='lat' dir='ltr'><strong>qui</strong></span> <span class='ocrx_word' id='word_1_77' title='bbox 1891 846 2068 915; x_wconf 87' lang='lat' dir='ltr'><strong>impe-</strong></span> 
     </span>
    </p>
   </div>
   <div class='ocr_carea' id='block_1_12' title="bbox 493 968 943 1026">
    <p class='ocr_par' dir='ltr' id='par_1_12' title="bbox 493 968 943 1026">
     <span class='ocr_line' id='line_1_13' title="bbox 493 968 943 1026; baseline -0.024 0"><span class='ocrx_word' id='word_1_78' title='bbox 493 968 636 1026; x_wconf 84' lang='lat' dir='ltr'><strong>ravit</strong></span> <span class='ocrx_word' id='word_1_79' title='bbox 667 977 840 1019; x_wconf 90' lang='lat' dir='ltr'><strong>annos</strong></span> <span class='ocrx_word' id='word_1_80' title='bbox 870 977 943 1016; x_wconf 83' lang='lat' dir='ltr'><strong>tv.</strong></span> 
     </span>
    </p>
   </div>
   <div class='ocr_carea' id='block_1_13' title="bbox 568 1031 2066 1111">
    <p class='ocr_par' dir='ltr' id='par_1_13' title="bbox 568 1031 2066 1111">
     <span class='ocr_line' id='line_1_14' title="bbox 568 1031 2066 1111; baseline -0.022 1"><span class='ocrx_word' id='word_1_81' title='bbox 568 1056 805 1111; x_wconf 75' lang='lat' dir='ltr'><strong>Secutus</strong></span> <span class='ocrx_word' id='word_1_82' title='bbox 843 1059 928 1107; x_wconf 88' lang='lat' dir='ltr'><strong>est</strong></span> <span class='ocrx_word' id='word_1_83' title='bbox 956 1045 1264 1104; x_wconf 82' lang='lat' dir='ltr'><strong>Alexander</strong></span> <span class='ocrx_word' id='word_1_84' title='bbox 1293 1042 1437 1097; x_wconf 83' lang='lat' dir='ltr'><strong>ﬁlius</strong></span> <span class='ocrx_word' id='word_1_85' title='bbox 1467 1038 1704 1094; x_wconf 58' lang='lat' dir='ltr'><strong>ﬂammae</strong></span> <span class='ocrx_word' id='word_1_86' title='bbox 1749 1031 1910 1087; x_wconf 84' lang='lat' dir='ltr'><strong>annis</strong></span> <span class='ocrx_word' id='word_1_87' title='bbox 1946 1043 2066 1083; x_wconf 79' lang='grc' dir='ltr'><strong>ιιιι.</strong></span> 
     </span>
    </p>
   </div>
   <div class='ocr_carea' id='block_1_14' title="bbox 2170 652 3716 737">
    <p class='ocr_par' dir='ltr' id='par_1_14' title="bbox 2170 652 3716 737">
     <span class='ocr_line' id='line_1_15' title="bbox 2170 652 3716 737; baseline -0.01 -17"><span class='ocrx_word' id='word_1_88' title='bbox 2170 666 2436 737; x_wconf 79' lang='grc' dir='ltr'><strong>Πέμπτης</strong></span> <span class='ocrx_word' id='word_1_89' title='bbox 2475 663 2739 725; x_wconf 76' lang='grc' dir='ltr'><strong>ἐκδόσεως</strong></span> <span class='ocrx_word' id='word_1_90' title='bbox 2766 663 2824 714; x_wconf 80' lang='grc' dir='ltr'><strong>έν</strong></span> <span class='ocrx_word' id='word_1_91' title='bbox 2854 659 3049 722; x_wconf 86' lang='grc' dir='ltr'><strong>πίθοις.</strong></span> <span class='ocrx_word' id='word_1_92' title='bbox 3085 661 3143 711; x_wconf 85' lang='grc' dir='ltr'><strong>ὲν</strong></span> <span class='ocrx_word' id='word_1_93' title='bbox 3183 652 3394 729; x_wconf 80' lang='grc' dir='ltr'><strong>Ἱεριχῷ</strong></span> <span class='ocrx_word' id='word_1_94' title='bbox 3431 660 3716 725; x_wconf 77' lang='grc' dir='ltr'><strong>κεκρυμμέ-</strong></span> 
     </span>
    </p>
   </div>
   <div class='ocr_carea' id='block_1_15' title="bbox 2172 747 3713 827">
    <p class='ocr_par' dir='ltr' id='par_1_15' title="bbox 2172 747 3713 827">
     <span class='ocr_line' id='line_1_16' title="bbox 2172 747 3713 827; baseline -0.006 -15"><span class='ocrx_word' id='word_1_95' title='bbox 2172 774 2280 824; x_wconf 86' lang='grc' dir='ltr'><strong>ναι,</strong></span> <span class='ocrx_word' id='word_1_96' title='bbox 2311 759 2446 827; x_wconf 72' lang='grc' dir='ltr'><strong>μετὰ</strong></span> <span class='ocrx_word' id='word_1_97' title='bbox 2473 754 2648 810; x_wconf 79' lang='grc' dir='ltr'><strong>ἄλλων</strong></span> <span class='ocrx_word' id='word_1_98' title='bbox 2683 752 2904 823; x_wconf 88' lang='grc' dir='ltr'><strong>βιϐλίων</strong></span> <span class='ocrx_word' id='word_1_99' title='bbox 2934 748 3240 821; x_wconf 72' lang='grc' dir='ltr'><strong>Ἑϐραϊκῶν</strong></span> <span class='ocrx_word' id='word_1_100' title='bbox 3271 749 3363 801; x_wconf 73' lang='grc' dir='ltr'><strong>καὶ</strong></span> <span class='ocrx_word' id='word_1_101' title='bbox 3403 747 3713 817; x_wconf 82' lang='grc' dir='ltr'>Ἑλληνικῶν.</span> 
     </span>
    </p>
   </div>
   <div class='ocr_carea' id='block_1_16' title="bbox 2244 838 3714 917">
    <p class='ocr_par' dir='ltr' id='par_1_16' title="bbox 2244 838 3714 917">
     <span class='ocr_line' id='line_1_17' title="bbox 2244 838 3714 917; baseline -0.007 -16"><span class='ocrx_word' id='word_1_102' title='bbox 2244 849 2349 901; x_wconf 86' lang='grc' dir='ltr'><strong>Τὸν</strong></span> <span class='ocrx_word' id='word_1_103' title='bbox 2380 846 2434 900; x_wconf 84' lang='grc' dir='ltr'><strong>δὲ</strong></span> <span class='ocrx_word' id='word_1_104' title='bbox 2465 843 2822 917; x_wconf 80' lang='grc' dir='ltr'><strong>Καράκαλλον</strong></span> <span class='ocrx_word' id='word_1_105' title='bbox 2853 841 3154 912; x_wconf 78' lang='grc' dir='ltr'><strong>διαδέχεται</strong></span> <span class='ocrx_word' id='word_1_106' title='bbox 3199 840 3512 902; x_wconf 76' lang='grc' dir='ltr'>Ἀντωνῖνος</span> <span class='ocrx_word' id='word_1_107' title='bbox 3539 838 3714 910; x_wconf 77' lang='grc' dir='ltr'><strong>ἕτερος,</strong></span> 
     </span>
    </p>
   </div>
   <div class='ocr_carea' id='block_1_17' title="bbox 2179 937 2713 1011">
    <p class='ocr_par' dir='ltr' id='par_1_17' title="bbox 2179 937 2713 1011">
     <span class='ocr_line' id='line_1_18' title="bbox 2179 937 2713 1011; baseline -0.007 -17"><span class='ocrx_word' id='word_1_108' title='bbox 2179 938 2503 1011; x_wconf 76' lang='grc' dir='ltr'><strong>βασιλεύσας</strong></span> <span class='ocrx_word' id='word_1_109' title='bbox 2528 937 2621 1008; x_wconf 76' lang='grc' dir='ltr'><strong>ἐτη</strong></span> <span class='ocrx_word' id='word_1_110' title='bbox 2650 937 2713 990; x_wconf 87' lang='grc' dir='ltr'><strong>δ’.</strong></span> 
     </span>
    </p>
   </div>
   <div class='ocr_carea' id='block_1_18' title="bbox 2246 1019 3723 1092">
    <p class='ocr_par' dir='ltr' id='par_1_18' title="bbox 2246 1019 3723 1092">
     <span class='ocr_line' id='line_1_19' title="bbox 2246 1019 3723 1092; baseline -0.007 -9"><span class='ocrx_word' id='word_1_111' title='bbox 2246 1027 2403 1085; x_wconf 80' lang='grc' dir='ltr'><strong>Μετὰ</strong></span> <span class='ocrx_word' id='word_1_112' title='bbox 2438 1026 2626 1080; x_wconf 77' lang='grc' dir='ltr'><strong>τοῦτον</strong></span> <span class='ocrx_word' id='word_1_113' title='bbox 2663 1025 3008 1078; x_wconf 74' lang='grc' dir='ltr'><strong>ἐϐασίλευσεν</strong></span> <span class='ocrx_word' id='word_1_114' title='bbox 3050 1019 3397 1092; x_wconf 79' lang='grc' dir='ltr'><strong>Ἀλέξανδρος</strong></span> <span class='ocrx_word' id='word_1_115' title='bbox 3432 1022 3460 1072; x_wconf 88' lang='grc' dir='ltr'>ὁ</span> <span class='ocrx_word' id='word_1_116' title='bbox 3496 1019 3723 1089; x_wconf 80' lang='grc' dir='ltr'><strong>Μαμαίας</strong></span> 
     </span>
    </p>
   </div>
   <div class='ocr_carea' id='block_1_19' title="bbox 497 1111 2116 1211">
    <p class='ocr_par' dir='ltr' id='par_1_19' title="bbox 497 1118 2073 1211">
     <span class='ocr_line' id='line_1_20' title="bbox 497 1118 2073 1211; baseline -0.02 -8"><span class='ocrx_word' id='word_1_117' title='bbox 497 1147 601 1203; x_wconf 88' lang='lat' dir='ltr'><strong>Per</strong></span> <span class='ocrx_word' id='word_1_118' title='bbox 633 1146 748 1200; x_wconf 64' lang='lat' dir='ltr'><strong>haec</strong></span> <span class='ocrx_word' id='word_1_119' title='bbox 797 1150 1044 1211; x_wconf 87' lang='lat' dir='ltr'><strong>tempora</strong></span> <span class='ocrx_word' id='word_1_120' title='bbox 1080 1135 1259 1190; x_wconf 89' lang='lat' dir='ltr'><strong>Editio</strong></span> <span class='ocrx_word' id='word_1_121' title='bbox 1285 1148 1358 1197; x_wconf 81' lang='lat' dir='ltr'><strong>vr,</strong></span> <span class='ocrx_word' id='word_1_122' title='bbox 1402 1145 1525 1202; x_wconf 71' lang='lat' dir='ltr'><strong>qum</strong></span> <span class='ocrx_word' id='word_1_123' title='bbox 1567 1136 1623 1184; x_wconf 90' lang='lat' dir='ltr'><strong>et</strong></span> <span class='ocrx_word' id='word_1_124' title='bbox 1670 1125 1789 1196; x_wconf 83' lang='lat' dir='ltr'><strong>ipsa</strong></span> <span class='ocrx_word' id='word_1_125' title='bbox 1827 1123 1882 1176; x_wconf 89' lang='lat' dir='ltr'><strong>in</strong></span> <span class='ocrx_word' id='word_1_126' title='bbox 1911 1118 2073 1176; x_wconf 89' lang='lat' dir='ltr'><strong>doliis</strong></span> 
     </span>
    </p>
   </div>
   <div class='ocr_carea' id='block_1_20' title="bbox 2226 1111 3724 1211">
    <p class='ocr_par' dir='ltr' id='par_1_20' title="bbox 2226 1111 3724 1191">
     <span class='ocr_line' id='line_1_21' title="bbox 2226 1111 3724 1191; baseline -0.007 -17"><span class='ocrx_word' id='word_1_127' title='bbox 2226 1123 2329 1187; x_wconf 87' lang='grc' dir='ltr'><strong>αῖς,</strong></span> <span class='ocrx_word' id='word_1_128' title='bbox 2366 1120 2460 1191; x_wconf 73' lang='grc' dir='ltr'><strong>ἔτη</strong></span> <span class='ocrx_word' id='word_1_129' title='bbox 2501 1125 2589 1188; x_wconf 62' lang='grc' dir='ltr'><strong>ιγ.</strong></span> <span class='ocrx_word' id='word_1_130' title='bbox 2637 1119 2726 1172; x_wconf 85' lang='grc' dir='ltr'>Ἐν</span> <span class='ocrx_word' id='word_1_131' title='bbox 2756 1117 2906 1188; x_wconf 85' lang='grc' dir='ltr'><strong>μέσῳ</strong></span> <span class='ocrx_word' id='word_1_132' title='bbox 2943 1116 3051 1169; x_wconf 84' lang='grc' dir='ltr'><strong>τῶν</strong></span> <span class='ocrx_word' id='word_1_133' title='bbox 3085 1113 3292 1185; x_wconf 78' lang='grc' dir='ltr'>χρόνων</span> <span class='ocrx_word' id='word_1_134' title='bbox 3330 1111 3530 1166; x_wconf 82' lang='grc' dir='ltr'><strong>τούτων</strong></span> <span class='ocrx_word' id='word_1_135' title='bbox 3557 1111 3724 1183; x_wconf 80' lang='grc' dir='ltr'><strong>εὑρέθη</strong></span> 
     </span>
    </p>
   </div>
   <div class='ocr_carea' id='block_1_21' title="bbox 498 1223 1721 1303">
    <p class='ocr_par' dir='ltr' id='par_1_21' title="bbox 498 1223 1721 1303">
     <span class='ocr_line' id='line_1_22' title="bbox 498 1223 1721 1303; baseline -0.02 -8"><span class='ocrx_word' id='word_1_136' title='bbox 498 1239 724 1300; x_wconf 80' lang='lat' dir='ltr'><strong>latebat,</strong></span> <span class='ocrx_word' id='word_1_137' title='bbox 759 1230 1007 1303; x_wconf 87' lang='lat' dir='ltr'><strong>Nicopoli</strong></span> <span class='ocrx_word' id='word_1_138' title='bbox 1030 1228 1099 1286; x_wconf 86' lang='lat' dir='ltr'><strong>ad</strong></span> <span class='ocrx_word' id='word_1_139' title='bbox 1121 1227 1342 1284; x_wconf 85' lang='lat' dir='ltr'><strong>Actium</strong></span> <span class='ocrx_word' id='word_1_140' title='bbox 1364 1230 1450 1281; x_wconf 80' lang='lat' dir='ltr'><strong>est</strong></span> <span class='ocrx_word' id='word_1_141' title='bbox 1480 1223 1721 1277; x_wconf 86' lang='lat' dir='ltr'><strong>inventa.</strong></span> 
     </span>
    </p>
   </div>
   <div class='ocr_carea' id='block_1_22' title="bbox 571 1392 1768 1467">
    <p class='ocr_par' dir='ltr' id='par_1_22' title="bbox 571 1392 1768 1467">
     <span class='ocr_line' id='line_1_23' title="bbox 571 1392 1768 1467; baseline -0.022 1"><span class='ocrx_word' id='word_1_142' title='bbox 571 1407 944 1467; x_wconf 80' lang='lat' dir='ltr'><strong>Alexandrum</strong></span> <span class='ocrx_word' id='word_1_143' title='bbox 970 1401 1336 1459; x_wconf 77' lang='lat' dir='ltr'><strong>Maximianus</strong></span> <span class='ocrx_word' id='word_1_144' title='bbox 1360 1392 1576 1463; x_wconf 78' lang='lat' dir='ltr'><strong>excepit</strong></span> <span class='ocrx_word' id='word_1_145' title='bbox 1602 1405 1654 1446; x_wconf 89' lang='lat' dir='ltr'><strong>a.</strong></span> <span class='ocrx_word' id='word_1_146' title='bbox 1685 1403 1768 1443; x_wconf 81' lang='lat' dir='ltr'><strong>Ill.</strong></span> 
     </span>
    </p>
   </div>
   <div class='ocr_carea' id='block_1_23' title="bbox 572 1486 1684 1558">
    <p class='ocr_par' dir='ltr' id='par_1_23' title="bbox 572 1486 1684 1558">
     <span class='ocr_line' id='line_1_24' title="bbox 572 1486 1684 1558; baseline -0.019 1"><span class='ocrx_word' id='word_1_147' title='bbox 572 1503 714 1558; x_wconf 87' lang='lat' dir='ltr'><strong>lluic</strong></span> <span class='ocrx_word' id='word_1_148' title='bbox 745 1499 1056 1556; x_wconf 88' lang='lat' dir='ltr'><strong>Gordianus</strong></span> <span class='ocrx_word' id='word_1_149' title='bbox 1089 1491 1381 1558; x_wconf 83' lang='lat' dir='ltr'><strong>successit,</strong></span> <span class='ocrx_word' id='word_1_150' title='bbox 1421 1486 1582 1544; x_wconf 85' lang='lat' dir='ltr'><strong>annis</strong></span> <span class='ocrx_word' id='word_1_151' title='bbox 1609 1500 1684 1539; x_wconf 83' lang='lat' dir='ltr'><strong>Vl.</strong></span> 
     </span>
    </p>
   </div>
   <div class='ocr_carea' id='block_1_24' title="bbox 576 1588 1547 1658">
    <p class='ocr_par' dir='ltr' id='par_1_24' title="bbox 576 1588 1547 1658">
     <span class='ocr_line' id='line_1_25' title="bbox 576 1588 1547 1658; baseline -0.018 -8"><span class='ocrx_word' id='word_1_152' title='bbox 576 1596 705 1650; x_wconf 82' lang='lat' dir='ltr'><strong>Post</strong></span> <span class='ocrx_word' id='word_1_153' title='bbox 732 1593 881 1647; x_wconf 87' lang='lat' dir='ltr'><strong>hunc</strong></span> <span class='ocrx_word' id='word_1_154' title='bbox 909 1588 1216 1658; x_wconf 86' lang='lat' dir='ltr'><strong>Philippus,</strong></span> <span class='ocrx_word' id='word_1_155' title='bbox 1249 1595 1424 1638; x_wconf 87' lang='lat' dir='ltr'><strong>annos</strong></span> <span class='ocrx_word' id='word_1_156' title='bbox 1454 1593 1547 1634; x_wconf 83' lang='lat' dir='ltr'><strong>vn.</strong></span> 
     </span>
    </p>
   </div>
   <div class='ocr_carea' id='block_1_25' title="bbox 575 1675 1620 1744">
    <p class='ocr_par' dir='ltr' id='par_1_25' title="bbox 575 1675 1620 1744">
     <span class='ocr_line' id='line_1_26' title="bbox 575 1675 1620 1744; baseline -0.018 -2"><span class='ocrx_word' id='word_1_157' title='bbox 575 1687 715 1742; x_wconf 85' lang='lat' dir='ltr'><strong>Tum</strong></span> <span class='ocrx_word' id='word_1_158' title='bbox 753 1684 950 1742; x_wconf 89' lang='lat' dir='ltr'><strong>Decius</strong></span> <span class='ocrx_word' id='word_1_159' title='bbox 976 1694 1120 1736; x_wconf 88' lang='lat' dir='ltr'><strong>anno</strong></span> <span class='ocrx_word' id='word_1_160' title='bbox 1151 1693 1193 1744; x_wconf 83' lang='grc' dir='ltr'><strong>ι,</strong></span> <span class='ocrx_word' id='word_1_161' title='bbox 1217 1675 1498 1733; x_wconf 86' lang='lat' dir='ltr'><strong>mensibus</strong></span> <span class='ocrx_word' id='word_1_162' title='bbox 1536 1686 1620 1725; x_wconf 86' lang='lat' dir='ltr'><strong>in.</strong></span> 
     </span>
    </p>
   </div>
   <div class='ocr_carea' id='block_1_26' title="bbox 579 1836 2085 1928">
    <p class='ocr_par' dir='ltr' id='par_1_26' title="bbox 579 1836 2085 1928">
     <span class='ocr_line' id='line_1_27' title="bbox 579 1836 2085 1928; baseline -0.017 -15"><span class='ocrx_word' id='word_1_163' title='bbox 579 1858 729 1916; x_wconf 86' lang='lat' dir='ltr'><strong>Decii</strong></span> <span class='ocrx_word' id='word_1_164' title='bbox 754 1870 919 1928; x_wconf 90' lang='lat' dir='ltr'><strong>porro</strong></span> <span class='ocrx_word' id='word_1_165' title='bbox 945 1862 1191 1923; x_wconf 86' lang='lat' dir='ltr'><strong>tempore</strong></span> <span class='ocrx_word' id='word_1_166' title='bbox 1205 1843 1673 1904; x_wconf 81' lang='lat' dir='ltr'><strong>illustrisliabitus</strong></span> <span class='ocrx_word' id='word_1_167' title='bbox 1688 1846 1771 1894; x_wconf 87' lang='lat' dir='ltr'><strong>est</strong></span> <span class='ocrx_word' id='word_1_168' title='bbox 1787 1836 2050 1906; x_wconf 80' lang='lat' dir='ltr'><strong>Origenes</strong></span> <span class='ocrx_word' id='word_1_169' title='bbox 2071 1851 2085 1900; x_wconf 90' lang='lat'><strong>;</strong></span> 
     </span>
    </p>
   </div>
   <div class='ocr_carea' id='block_1_27' title="bbox 2182 1203 3727 1284">
    <p class='ocr_par' dir='ltr' id='par_1_27' title="bbox 2182 1203 3727 1284">
     <span class='ocr_line' id='line_1_28' title="bbox 2182 1203 3727 1284; baseline -0.01 -14"><span class='ocrx_word' id='word_1_170' title='bbox 2182 1214 2356 1284; x_wconf 80' lang='grc' dir='ltr'><strong>Ἕκτη</strong></span> <span class='ocrx_word' id='word_1_171' title='bbox 2376 1210 2604 1275; x_wconf 80' lang='grc' dir='ltr'><strong>ἐκδοσις,</strong></span> <span class='ocrx_word' id='word_1_172' title='bbox 2629 1211 2722 1264; x_wconf 72' lang='grc' dir='ltr'><strong>καὶ</strong></span> <span class='ocrx_word' id='word_1_173' title='bbox 2747 1209 2886 1280; x_wconf 74' lang='grc' dir='ltr'><strong>αὐτὴ</strong></span> <span class='ocrx_word' id='word_1_174' title='bbox 2917 1209 2976 1262; x_wconf 80' lang='grc' dir='ltr'><strong>ὲν</strong></span> <span class='ocrx_word' id='word_1_175' title='bbox 3005 1206 3182 1270; x_wconf 88' lang='grc' dir='ltr'><strong>πίθοις</strong></span> <span class='ocrx_word' id='word_1_176' title='bbox 3205 1205 3555 1277; x_wconf 87' lang='grc' dir='ltr'><strong>κεκρυμμένη</strong></span> <span class='ocrx_word' id='word_1_177' title='bbox 3572 1205 3623 1257; x_wconf 81' lang='grc' dir='ltr'><strong>ὲν</strong></span> <span class='ocrx_word' id='word_1_178' title='bbox 3645 1203 3727 1257; x_wconf 80' lang='grc' dir='ltr'><strong>Νι-</strong></span> 
     </span>
    </p>
   </div>
   <div class='ocr_carea' id='block_1_28' title="bbox 2181 1300 2928 1374">
    <p class='ocr_par' dir='ltr' id='par_1_28' title="bbox 2181 1300 2928 1374">
     <span class='ocr_line' id='line_1_29' title="bbox 2181 1300 2928 1374; baseline -0.005 -14"><span class='ocrx_word' id='word_1_179' title='bbox 2181 1305 2399 1360; x_wconf 75' lang='grc' dir='ltr'><strong>κοπόλει</strong></span> <span class='ocrx_word' id='word_1_180' title='bbox 2430 1305 2496 1373; x_wconf 82' lang='grc' dir='ltr'><strong>τῇ</strong></span> <span class='ocrx_word' id='word_1_181' title='bbox 2536 1302 2673 1374; x_wconf 81' lang='grc' dir='ltr'><strong>πρὸς</strong></span> <span class='ocrx_word' id='word_1_182' title='bbox 2717 1300 2928 1372; x_wconf 80' lang='grc' dir='ltr'><strong>Ἀκτίᾳ.</strong></span> 
     </span>
    </p>
   </div>
   <div class='ocr_carea' id='block_1_29' title="bbox 2252 1387 3521 1464">
    <p class='ocr_par' dir='ltr' id='par_1_29' title="bbox 2252 1387 3521 1464">
     <span class='ocr_line' id='line_1_30' title="bbox 2252 1387 3521 1464; baseline -0.007 -13"><span class='ocrx_word' id='word_1_183' title='bbox 2252 1397 2406 1452; x_wconf 66' lang='grc' dir='ltr'><strong>Μετὰ</strong></span> <span class='ocrx_word' id='word_1_184' title='bbox 2437 1395 2625 1449; x_wconf 79' lang='grc' dir='ltr'><strong>τοῦτον</strong></span> <span class='ocrx_word' id='word_1_185' title='bbox 2661 1391 2935 1464; x_wconf 83' lang='grc' dir='ltr'><strong>βασιλεύει</strong></span> <span class='ocrx_word' id='word_1_186' title='bbox 2969 1388 3311 1462; x_wconf 76' lang='grc' dir='ltr'><strong>Μαξιμιανδς</strong></span> <span class='ocrx_word' id='word_1_187' title='bbox 3333 1387 3430 1458; x_wconf 77' lang='grc' dir='ltr'><strong>ἔτη</strong></span> <span class='ocrx_word' id='word_1_188' title='bbox 3454 1395 3521 1455; x_wconf 88' lang='grc' dir='ltr'><strong>γ’.</strong></span> 
     </span>
    </p>
   </div>
   <div class='ocr_carea' id='block_1_30' title="bbox 2256 1471 3732 1554">
    <p class='ocr_par' dir='ltr' id='par_1_30' title="bbox 2256 1471 3732 1554">
     <span class='ocr_line' id='line_1_31' title="bbox 2256 1471 3732 1554; baseline -0.009 -15"><span class='ocrx_word' id='word_1_189' title='bbox 2256 1483 2458 1540; x_wconf 79' lang='grc' dir='ltr'>Τοῦτον</span> <span class='ocrx_word' id='word_1_190' title='bbox 2483 1482 2786 1554; x_wconf 81' lang='grc' dir='ltr'><strong>διαδέχεται</strong></span> <span class='ocrx_word' id='word_1_191' title='bbox 2804 1481 3120 1553; x_wconf 88' lang='grc' dir='ltr'><strong>Γορδιανδς,</strong></span> <span class='ocrx_word' id='word_1_192' title='bbox 3145 1480 3240 1533; x_wconf 73' lang='grc' dir='ltr'><strong>καὶ</strong></span> <span class='ocrx_word' id='word_1_193' title='bbox 3273 1472 3543 1548; x_wconf 79' lang='grc' dir='ltr'><strong>βασιλεύει</strong></span> <span class='ocrx_word' id='word_1_194' title='bbox 3564 1473 3649 1544; x_wconf 80' lang='grc' dir='ltr'><strong>έτη</strong></span> <span class='ocrx_word' id='word_1_195' title='bbox 3665 1471 3732 1537; x_wconf 74' lang='grc' dir='ltr'><strong>ἒξ.</strong></span> 
     </span>
    </p>
   </div>
   <div class='ocr_carea' id='block_1_31' title="bbox 2257 1564 3646 1644">
    <p class='ocr_par' dir='ltr' id='par_1_31' title="bbox 2257 1564 3646 1644">
     <span class='ocr_line' id='line_1_32' title="bbox 2257 1564 3646 1644; baseline -0.009 -12"><span class='ocrx_word' id='word_1_196' title='bbox 2257 1576 2413 1632; x_wconf 81' lang='grc' dir='ltr'><strong>Μετὰ</strong></span> <span class='ocrx_word' id='word_1_197' title='bbox 2442 1573 2631 1628; x_wconf 78' lang='grc' dir='ltr'><strong>τοῦτον</strong></span> <span class='ocrx_word' id='word_1_198' title='bbox 2659 1571 2930 1644; x_wconf 84' lang='grc' dir='ltr'><strong>βασιλεύει</strong></span> <span class='ocrx_word' id='word_1_199' title='bbox 2957 1569 3224 1633; x_wconf 82' lang='grc' dir='ltr'><strong>Φίλιππος</strong></span> <span class='ocrx_word' id='word_1_200' title='bbox 3261 1569 3356 1622; x_wconf 74' lang='grc' dir='ltr'><strong>ἐπὶ</strong></span> <span class='ocrx_word' id='word_1_201' title='bbox 3385 1567 3560 1620; x_wconf 73' lang='grc' dir='ltr'><strong>ἐτεσιν</strong></span> <span class='ocrx_word' id='word_1_202' title='bbox 3589 1564 3646 1630; x_wconf 81' lang='grc' dir='ltr'><strong>ζ’.</strong></span> 
     </span>
    </p>
   </div>
   <div class='ocr_carea' id='block_1_32' title="bbox 2260 1659 3856 1732">
    <p class='ocr_par' dir='ltr' id='par_1_32' title="bbox 2260 1659 3856 1732">
     <span class='ocr_line' id='line_1_33' title="bbox 2260 1659 3856 1732; baseline -0.006 -10"><span class='ocrx_word' id='word_1_203' title='bbox 2260 1665 2459 1722; x_wconf 83' lang='grc' dir='ltr'><strong>Τοῦτον</strong></span> <span class='ocrx_word' id='word_1_204' title='bbox 2492 1666 2761 1732; x_wconf 80' lang='grc' dir='ltr'><strong>διεδέξατο</strong></span> <span class='ocrx_word' id='word_1_205' title='bbox 2791 1664 2999 1732; x_wconf 80' lang='grc' dir='ltr'><strong>Δέκιος,</strong></span> <span class='ocrx_word' id='word_1_206' title='bbox 3031 1667 3125 1718; x_wconf 73' lang='grc' dir='ltr'><strong>καὶ</strong></span> <span class='ocrx_word' id='word_1_207' title='bbox 3155 1663 3504 1719; x_wconf 77' lang='grc' dir='ltr'><strong>ἐϐασίλευσεν</strong></span> <span class='ocrx_word' id='word_1_208' title='bbox 3528 1659 3741 1716; x_wconf 75' lang='grc' dir='ltr'><strong>ἐνιαυτὸν</strong></span> <span class='ocrx_word' id='word_1_209' title='bbox 3852 1703 3856 1706; x_wconf 96' lang='grc'>.</span> 
     </span>
    </p>
   </div>
   <div class='ocr_carea' id='block_1_33' title="bbox 2115 1756 2707 1829">
    <p class='ocr_par' dir='ltr' id='par_1_33' title="bbox 2115 1756 2707 1829">
     <span class='ocr_line' id='line_1_34' title="bbox 2115 1756 2707 1829; baseline -0.012 -11"><span class='ocrx_word' id='word_1_210' title='bbox 2115 1764 2155 1818; x_wconf 83' lang='grc' dir='ltr'><strong>Β</strong></span> <span class='ocrx_word' id='word_1_211' title='bbox 2182 1760 2279 1814; x_wconf 69' lang='grc' dir='ltr'><strong>ἕνα</strong></span> <span class='ocrx_word' id='word_1_212' title='bbox 2311 1759 2405 1812; x_wconf 69' lang='grc' dir='ltr'><strong>καὶ</strong></span> <span class='ocrx_word' id='word_1_213' title='bbox 2433 1760 2610 1829; x_wconf 86' lang='grc' dir='ltr'><strong>μῆνας</strong></span> <span class='ocrx_word' id='word_1_214' title='bbox 2637 1756 2707 1826; x_wconf 87' lang='grc' dir='ltr'><strong>γ’.</strong></span> 
     </span>
    </p>
   </div>
   <div class='ocr_carea' id='block_1_34' title="bbox 2275 1843 3741 1919">
    <p class='ocr_par' dir='ltr' id='par_1_34' title="bbox 2275 1843 3741 1919">
     <span class='ocr_line' id='line_1_35' title="bbox 2275 1843 3741 1919; baseline -0.003 -18"><span class='ocrx_word' id='word_1_215' title='bbox 2275 1849 2364 1902; x_wconf 86' lang='grc' dir='ltr'><strong>Ἐν</strong></span> <span class='ocrx_word' id='word_1_216' title='bbox 2397 1847 2455 1901; x_wconf 82' lang='grc' dir='ltr'><strong>δὲ</strong></span> <span class='ocrx_word' id='word_1_217' title='bbox 2487 1850 2601 1911; x_wconf 87' lang='grc' dir='ltr'><strong>τοῖς</strong></span> <span class='ocrx_word' id='word_1_218' title='bbox 2641 1847 2853 1919; x_wconf 82' lang='grc' dir='ltr'><strong>χρόνοις</strong></span> <span class='ocrx_word' id='word_1_219' title='bbox 2890 1847 3078 1900; x_wconf 82' lang='grc' dir='ltr'><strong>Δεκίου</strong></span> <span class='ocrx_word' id='word_1_220' title='bbox 3112 1847 3394 1918; x_wconf 84' lang='grc' dir='ltr'><strong>Ὤριγένης</strong></span> <span class='ocrx_word' id='word_1_221' title='bbox 3423 1843 3741 1917; x_wconf 76' lang='grc' dir='ltr'><strong>ὲγνωρίζετο.</strong></span> 
     </span>
    </p>
   </div>
   <div class='ocr_carea' id='block_1_35' title="bbox 508 1927 2116 2030">
    <p class='ocr_par' dir='ltr' id='par_1_35' title="bbox 508 1927 2092 2020">
     <span class='ocr_line' id='line_1_36' title="bbox 508 1927 2092 2020; baseline -0.019 -12"><span class='ocrx_word' id='word_1_222' title='bbox 508 1927 812 2020; x_wconf 75' lang='lat' dir='ltr'><strong>ﬂoruitque</strong></span> <span class='ocrx_word' id='word_1_223' title='bbox 853 1947 922 2001; x_wconf 85' lang='lat' dir='ltr'><strong>&#39;ab</strong></span> <span class='ocrx_word' id='word_1_224' title='bbox 952 1945 1257 2015; x_wconf 87' lang='lat' dir='ltr'><strong>imperante</strong></span> <span class='ocrx_word' id='word_1_225' title='bbox 1291 1937 1452 1993; x_wconf 86' lang='lat' dir='ltr'><strong>Decio</strong></span> <span class='ocrx_word' id='word_1_226' title='bbox 1482 1947 1656 2004; x_wconf 89' lang='lat' dir='ltr'><strong>usque</strong></span> <span class='ocrx_word' id='word_1_227' title='bbox 1685 1928 1753 1984; x_wconf 88' lang='lat' dir='ltr'><strong>ad</strong></span> <span class='ocrx_word' id='word_1_228' title='bbox 1776 1927 2014 1990; x_wconf 83' lang='lat' dir='ltr'><strong>Gallum,</strong></span> <span class='ocrx_word' id='word_1_229' title='bbox 2035 1931 2092 1980; x_wconf 81' lang='lat' dir='ltr'><strong>et</strong></span> 
     </span>
    </p>
   </div>
   <div class='ocr_carea' id='block_1_36' title="bbox 2226 1927 3747 2030">
    <p class='ocr_par' dir='ltr' id='par_1_36' title="bbox 2226 1934 3747 2030">
     <span class='ocr_line' id='line_1_37' title="bbox 2226 1934 3747 2030; baseline -0.003 -40"><span class='ocrx_word' id='word_1_230' title='bbox 2226 1940 2300 1993; x_wconf 82' lang='grc' dir='ltr'><strong>πὸ</strong></span> <span class='ocrx_word' id='word_1_231' title='bbox 2322 1939 2529 2030; x_wconf 75' lang='grc' dir='ltr'><strong>χρόνων</strong></span> <span class='ocrx_word' id='word_1_232' title='bbox 2567 1939 2755 2030; x_wconf 64' lang='grc' dir='ltr'><strong>ᾼεκίου</strong></span> <span class='ocrx_word' id='word_1_233' title='bbox 2780 1938 3037 2008; x_wconf 80' lang='grc' dir='ltr'><strong>ἀκμάσας</strong></span> <span class='ocrx_word' id='word_1_234' title='bbox 3061 1937 3166 2002; x_wconf 77' lang='grc' dir='ltr'><strong>ἓως</strong></span> <span class='ocrx_word' id='word_1_235' title='bbox 3191 1937 3452 2008; x_wconf 85' lang='grc' dir='ltr'><strong>Γαλιήνου</strong></span> <span class='ocrx_word' id='word_1_236' title='bbox 3477 1939 3498 1969; x_wconf 80' lang='grc'>¹</span> <span class='ocrx_word' id='word_1_237' title='bbox 3532 1937 3618 1990; x_wconf 77' lang='grc' dir='ltr'><strong>καὶ</strong></span> <span class='ocrx_word' id='word_1_238' title='bbox 3631 1934 3747 1990; x_wconf 80' lang='grc' dir='ltr'><strong>Οὐο-</strong></span> 
     </span>
    </p>
   </div>
   <div class='ocr_carea' id='block_1_37' title="bbox 515 2034 1175 2101">
    <p class='ocr_par' dir='ltr' id='par_1_37' title="bbox 515 2034 1175 2101">
     <span class='ocr_line' id='line_1_38' title="bbox 515 2034 1175 2101; baseline -0.021 -3"><span class='ocrx_word' id='word_1_239' title='bbox 515 2041 895 2101; x_wconf 85' lang='lat' dir='ltr'><strong>Volusianum,</strong></span> <span class='ocrx_word' id='word_1_240' title='bbox 922 2043 977 2092; x_wconf 92' lang='lat' dir='ltr'><strong>et</strong></span> <span class='ocrx_word' id='word_1_241' title='bbox 1010 2034 1175 2089; x_wconf 88' lang='lat' dir='ltr'><strong>ultra.</strong></span> 
     </span>
    </p>
   </div>
   <div class='ocr_carea' id='block_1_38' title="bbox 584 2106 2095 2196">
    <p class='ocr_par' dir='ltr' id='par_1_38' title="bbox 584 2106 2095 2196">
     <span class='ocr_line' id='line_1_39' title="bbox 584 2106 2095 2196; baseline -0.019 -7"><span class='ocrx_word' id='word_1_242' title='bbox 584 2133 854 2189; x_wconf 62' lang='lat' dir='ltr'><strong>Caeterum</strong></span> <span class='ocrx_word' id='word_1_243' title='bbox 894 2127 951 2182; x_wconf 86' lang='lat' dir='ltr'><strong>in</strong></span> <span class='ocrx_word' id='word_1_244' title='bbox 983 2121 1372 2196; x_wconf 84' lang='lat' dir='ltr'><strong>persecutione</strong></span> <span class='ocrx_word' id='word_1_245' title='bbox 1395 2116 1546 2174; x_wconf 84' lang='lat' dir='ltr'><strong>Decii</strong></span> <span class='ocrx_word' id='word_1_246' title='bbox 1575 2111 1894 2184; x_wconf 84' lang='lat' dir='ltr'><strong>martyrium</strong></span> <span class='ocrx_word' id='word_1_247' title='bbox 1925 2106 2095 2163; x_wconf 82' lang='lat' dir='ltr'><strong>subiit</strong></span> 
     </span>
    </p>
   </div>
   <div class='ocr_carea' id='block_1_39' title="bbox 2193 2028 2898 2084">
    <p class='ocr_par' dir='ltr' id='par_1_39' title="bbox 2193 2028 2898 2084">
     <span class='ocr_line' id='line_1_40' title="bbox 2193 2028 2898 2084; baseline -0.003 0"><span class='ocrx_word' id='word_1_248' title='bbox 2193 2029 2477 2084; x_wconf 83' lang='grc' dir='ltr'><strong>λουσιανοῦ</strong></span> <span class='ocrx_word' id='word_1_249' title='bbox 2501 2029 2596 2083; x_wconf 72' lang='grc' dir='ltr'><strong>καὶ</strong></span> <span class='ocrx_word' id='word_1_250' title='bbox 2621 2028 2898 2082; x_wconf 75' lang='grc' dir='ltr'><strong>ἐπέκεινα.</strong></span> 
     </span>
    </p>
   </div>
   <div class='ocr_carea' id='block_1_40' title="bbox 2279 2118 3752 2190">
    <p class='ocr_par' dir='ltr' id='par_1_40' title="bbox 2279 2118 3752 2190">
     <span class='ocr_line' id='line_1_41' title="bbox 2279 2118 3752 2190; baseline -0.003 -16"><span class='ocrx_word' id='word_1_251' title='bbox 2279 2121 2401 2174; x_wconf 79' lang='grc' dir='ltr'><strong>Ἐπὶ</strong></span> <span class='ocrx_word' id='word_1_252' title='bbox 2435 2121 2492 2174; x_wconf 80' lang='grc' dir='ltr'><strong>δὲ</strong></span> <span class='ocrx_word' id='word_1_253' title='bbox 2522 2120 2617 2173; x_wconf 81' lang='grc' dir='ltr'><strong>τοῦ</strong></span> <span class='ocrx_word' id='word_1_254' title='bbox 2647 2120 2932 2190; x_wconf 80' lang='grc' dir='ltr'><strong>γεγονότος</strong></span> <span class='ocrx_word' id='word_1_255' title='bbox 2957 2118 3197 2190; x_wconf 88' lang='grc' dir='ltr'><strong>διωγμοῦ</strong></span> <span class='ocrx_word' id='word_1_256' title='bbox 3230 2118 3324 2172; x_wconf 81' lang='grc' dir='ltr'><strong>τοῦ</strong></span> <span class='ocrx_word' id='word_1_257' title='bbox 3351 2119 3569 2182; x_wconf 85' lang='grc' dir='ltr'><strong>Δεκίου,</strong></span> <span class='ocrx_word' id='word_1_258' title='bbox 3601 2119 3752 2187; x_wconf 75' lang='grc' dir='ltr'><strong>ἐμαρ-</strong></span> 
     </span>
    </p>
   </div>
   <div class='ocr_carea' id='block_1_41' title="bbox 515 2199 2116 2297">
    <p class='ocr_par' dir='ltr' id='par_1_41' title="bbox 515 2199 2096 2297">
     <span class='ocr_line' id='line_1_42' title="bbox 515 2199 2096 2297; baseline -0.018 -16"><span class='ocrx_word' id='word_1_259' title='bbox 515 2225 747 2297; x_wconf 82' lang='lat' dir='ltr'><strong>Babylas</strong></span> <span class='ocrx_word' id='word_1_260' title='bbox 795 2218 1135 2284; x_wconf 57' lang='lat' dir='ltr'><strong>Antiochia;</strong></span> <span class='ocrx_word' id='word_1_261' title='bbox 1183 2213 1479 2269; x_wconf 90' lang='lat' dir='ltr'><strong>Flavianus</strong></span> <span class='ocrx_word' id='word_1_262' title='bbox 1522 2207 1739 2272; x_wconf 75' lang='lat' dir='ltr'><strong>Romae;</strong></span> <span class='ocrx_word' id='word_1_263' title='bbox 1790 2199 2096 2256; x_wconf 80' lang='lat' dir='ltr'><strong>Alexander</strong></span> 
     </span>
    </p>
   </div>
   <div class='ocr_carea' id='block_1_42' title="bbox 2226 2199 3755 2297">
    <p class='ocr_par' dir='ltr' id='par_1_42' title="bbox 2226 2207 3755 2283">
     <span class='ocr_line' id='line_1_43' title="bbox 2226 2207 3755 2283; baseline -0.005 -19"><span class='ocrx_word' id='word_1_264' title='bbox 2226 2210 2432 2283; x_wconf 58' lang='lat' dir='ltr'><strong>ﬁpncsv</strong></span> <span class='ocrx_word' id='word_1_265' title='bbox 2465 2208 2564 2282; x_wconf 73' lang='grc' dir='ltr'><strong>μὲν</strong></span> <span class='ocrx_word' id='word_1_266' title='bbox 2587 2209 2836 2273; x_wconf 84' lang='grc' dir='ltr'><strong>Βαϐύλας</strong></span> <span class='ocrx_word' id='word_1_267' title='bbox 2857 2211 2915 2263; x_wconf 80' lang='grc' dir='ltr'><strong>ὲν</strong></span> <span class='ocrx_word' id='word_1_268' title='bbox 2949 2208 3267 2280; x_wconf 79' lang='grc' dir='ltr'><strong>Ἀντιοχείᾳ,</strong></span> <span class='ocrx_word' id='word_1_269' title='bbox 3285 2209 3587 2270; x_wconf 74' lang='grc' dir='ltr'><strong>Φλαϐιανδς</strong></span> <span class='ocrx_word' id='word_1_270' title='bbox 3607 2207 3657 2258; x_wconf 79' lang='grc' dir='ltr'><strong>δὲ</strong></span> <span class='ocrx_word' id='word_1_271' title='bbox 3679 2208 3755 2258; x_wconf 73' lang='grc' dir='ltr'><strong>ἐπὶ</strong></span> 
     </span>
    </p>
   </div>
   <div class='ocr_carea' id='block_1_43' title="bbox 516 2301 1684 2388">
    <p class='ocr_par' dir='ltr' id='par_1_43' title="bbox 516 2301 1684 2388">
     <span class='ocr_line' id='line_1_44' title="bbox 516 2301 1684 2388; baseline -0.019 -17"><span class='ocrx_word' id='word_1_272' title='bbox 516 2319 811 2388; x_wconf 87' lang='lat' dir='ltr'><strong>episcopus</strong></span> <span class='ocrx_word' id='word_1_273' title='bbox 846 2307 1372 2378; x_wconf 85' lang='lat' dir='ltr'><strong>Hierosolymorum,</strong></span> <span class='ocrx_word' id='word_1_274' title='bbox 1401 2301 1684 2356; x_wconf 68' lang='lat' dir='ltr'><strong>Caesareae.</strong></span> 
     </span>
    </p>
   </div>
   <div class='ocr_carea' id='block_1_44' title="bbox 598 2466 2101 2564">
    <p class='ocr_par' dir='ltr' id='par_1_44' title="bbox 598 2466 2101 2564">
     <span class='ocr_line' id='line_1_45' title="bbox 598 2466 2101 2564; baseline -0.019 -15"><span class='ocrx_word' id='word_1_275' title='bbox 598 2487 755 2564; x_wconf 71' lang='lat'><strong>175</strong></span> <span class='ocrx_word' id='word_1_276' title='bbox 791 2487 934 2556; x_wconf 86' lang='lat' dir='ltr'><strong>Quin</strong></span> <span class='ocrx_word' id='word_1_277' title='bbox 958 2493 1011 2542; x_wconf 91' lang='lat' dir='ltr'><strong>et</strong></span> <span class='ocrx_word' id='word_1_278' title='bbox 1042 2482 1308 2554; x_wconf 76' lang='lat' dir='ltr'><strong>Origenes</strong></span> <span class='ocrx_word' id='word_1_279' title='bbox 1347 2480 1488 2550; x_wconf 91' lang='lat' dir='ltr'><strong>ipse,</strong></span> <span class='ocrx_word' id='word_1_280' title='bbox 1525 2473 1778 2545; x_wconf 81' lang='lat' dir='ltr'><strong>quamvis</strong></span> <span class='ocrx_word' id='word_1_281' title='bbox 1813 2469 1981 2524; x_wconf 80' lang='lat' dir='ltr'><strong>multa</strong></span> <span class='ocrx_word' id='word_1_282' title='bbox 2029 2466 2101 2523; x_wconf 88' lang='lat' dir='ltr'><strong>sit</strong></span> 
     </span>
    </p>
   </div>
   <div class='ocr_carea' id='block_1_45' title="bbox 2209 2295 3756 2371">
    <p class='ocr_par' dir='ltr' id='par_1_45' title="bbox 2209 2295 3756 2371">
     <span class='ocr_line' id='line_1_46' title="bbox 2209 2295 3756 2371; baseline -0.006 -16"><span class='ocrx_word' id='word_1_283' title='bbox 2209 2299 2447 2371; x_wconf 80' lang='grc' dir='ltr'><strong>Ῥώμης,</strong></span> <span class='ocrx_word' id='word_1_284' title='bbox 2507 2298 2854 2371; x_wconf 74' lang='grc' dir='ltr'><strong>’Δλέ-ξανδρος</strong></span> <span class='ocrx_word' id='word_1_285' title='bbox 2905 2298 3208 2363; x_wconf 82' lang='grc' dir='ltr'>ἐπίσκοπος</span> <span class='ocrx_word' id='word_1_286' title='bbox 3281 2296 3661 2370; x_wconf 77' lang='grc' dir='ltr'><strong>Ἰεροσολύμων</strong></span> <span class='ocrx_word' id='word_1_287' title='bbox 3709 2295 3756 2344; x_wconf 71' lang='grc' dir='ltr'><strong>ἐν</strong></span> 
     </span>
    </p>
   </div>
   <div class='ocr_carea' id='block_1_46' title="bbox 2199 2387 2528 2460">
    <p class='ocr_par' dir='ltr' id='par_1_46' title="bbox 2199 2387 2528 2460">
     <span class='ocr_line' id='line_1_47' title="bbox 2199 2387 2528 2460; baseline -0.006 -18"><span class='ocrx_word' id='word_1_288' title='bbox 2199 2387 2528 2460; x_wconf 77' lang='grc' dir='ltr'><strong>Καισαρείᾳ.</strong></span> 
     </span>
    </p>
   </div>
   <div class='ocr_carea' id='block_1_47' title="bbox 2269 2473 3763 2548">
    <p class='ocr_par' dir='ltr' id='par_1_47' title="bbox 2269 2473 3763 2548">
     <span class='ocr_line' id='line_1_48' title="bbox 2269 2473 3763 2548; baseline -0.005 -16"><span class='ocrx_word' id='word_1_289' title='bbox 2269 2481 2381 2532; x_wconf 79' lang='grc' dir='ltr'><strong>Καὶ</strong></span> <span class='ocrx_word' id='word_1_290' title='bbox 2407 2478 2566 2542; x_wconf 79' lang='grc' dir='ltr'><strong>αὐτὸς</strong></span> <span class='ocrx_word' id='word_1_291' title='bbox 2596 2479 2651 2533; x_wconf 77' lang='grc' dir='ltr'><strong>δὲ</strong></span> <span class='ocrx_word' id='word_1_292' title='bbox 2691 2479 2970 2548; x_wconf 84' lang='grc' dir='ltr'><strong>Ὠριγένης</strong></span> <span class='ocrx_word' id='word_1_293' title='bbox 2995 2475 3168 2530; x_wconf 80' lang='grc' dir='ltr'><strong>πολλὰ</strong></span> <span class='ocrx_word' id='word_1_294' title='bbox 3201 2476 3508 2542; x_wconf 82' lang='grc' dir='ltr'><strong>πεπονθὼς,</strong></span> <span class='ocrx_word' id='word_1_295' title='bbox 3533 2477 3608 2539; x_wconf 86' lang='grc' dir='ltr'><strong>εἰς</strong></span> <span class='ocrx_word' id='word_1_296' title='bbox 3632 2473 3763 2533; x_wconf 81' lang='grc' dir='ltr'><strong>τέλος</strong></span> 
     </span>
    </p>
   </div>
   <div class='ocr_carea' id='block_1_48' title="bbox 523 2559 2116 2656">
    <p class='ocr_par' dir='ltr' id='par_1_48' title="bbox 523 2559 2104 2656">
     <span class='ocr_line' id='line_1_49' title="bbox 523 2559 2104 2656; baseline -0.017 -16"><span class='ocrx_word' id='word_1_297' title='bbox 523 2559 741 2656; x_wconf 63' lang='lat' dir='ltr'><strong>pas—sus,</strong></span> <span class='ocrx_word' id='word_1_298' title='bbox 753 2574 994 2648; x_wconf 86' lang='lat' dir='ltr'><strong>martyrii</strong></span> <span class='ocrx_word' id='word_1_299' title='bbox 1005 2575 1208 2632; x_wconf 84' lang='lat' dir='ltr'><strong>exitum</strong></span> <span class='ocrx_word' id='word_1_300' title='bbox 1225 2570 1446 2626; x_wconf 83' lang='lat' dir='ltr'><strong>minime</strong></span> <span class='ocrx_word' id='word_1_301' title='bbox 1457 2573 1542 2622; x_wconf 91' lang='lat' dir='ltr'><strong>est</strong></span> <span class='ocrx_word' id='word_1_302' title='bbox 1558 2561 1914 2634; x_wconf 84' lang='lat' dir='ltr'><strong>adeptus.Qui</strong></span> <span class='ocrx_word' id='word_1_303' title='bbox 1930 2559 2104 2616; x_wconf 61' lang='lat' dir='ltr'><strong>Caesa-</strong></span> 
     </span>
    </p>
   </div>
   <div class='ocr_carea' id='block_1_49' title="bbox 2226 2559 3766 2656">
    <p class='ocr_par' dir='ltr' id='par_1_49' title="bbox 2226 2562 3766 2641">
     <span class='ocr_line' id='line_1_50' title="bbox 2226 2562 3766 2641; baseline -0.005 -19"><span class='ocrx_word' id='word_1_304' title='bbox 2226 2569 2296 2623; x_wconf 73' lang='grc' dir='ltr'>ῖοῦ</span> <span class='ocrx_word' id='word_1_305' title='bbox 2337 2569 2638 2641; x_wconf 81' lang='grc' dir='ltr'><strong>μαρτυρίου</strong></span> <span class='ocrx_word' id='word_1_306' title='bbox 2678 2570 2779 2623; x_wconf 84' lang='grc' dir='ltr'><strong>οὐκ</strong></span> <span class='ocrx_word' id='word_1_307' title='bbox 2821 2568 3077 2638; x_wconf 73' lang='grc' dir='ltr'><strong>ἔφθασεν.</strong></span> <span class='ocrx_word' id='word_1_308' title='bbox 3133 2566 3334 2621; x_wconf 84' lang='grc' dir='ltr'><strong>Ἐλθὼν</strong></span> <span class='ocrx_word' id='word_1_309' title='bbox 3369 2567 3425 2619; x_wconf 76' lang='grc' dir='ltr'><strong>δὲ</strong></span> <span class='ocrx_word' id='word_1_310' title='bbox 3472 2568 3553 2630; x_wconf 86' lang='grc' dir='ltr'><strong>είς</strong></span> <span class='ocrx_word' id='word_1_311' title='bbox 3581 2562 3766 2618; x_wconf 83' lang='grc' dir='ltr'><strong>Καισά-</strong></span> 
     </span>
    </p>
   </div>
   <div class='ocr_carea' id='block_1_50' title="bbox 525 2655 2104 2734">
    <p class='ocr_par' dir='ltr' id='par_1_50' title="bbox 525 2655 2104 2734">
     <span class='ocr_line' id='line_1_51' title="bbox 525 2655 2104 2734; baseline -0.016 -5"><span class='ocrx_word' id='word_1_312' title='bbox 525 2655 674 2729; x_wconf 84' lang='lat' dir='ltr'><strong>ream</strong></span> <span class='ocrx_word' id='word_1_313' title='bbox 696 2671 972 2724; x_wconf 84' lang='lat' dir='ltr'><strong>Stratonis</strong></span> <span class='ocrx_word' id='word_1_314' title='bbox 997 2664 1258 2734; x_wconf 86' lang='lat' dir='ltr'><strong>primum,</strong></span> <span class='ocrx_word' id='word_1_315' title='bbox 1282 2660 1409 2714; x_wconf 88' lang='lat' dir='ltr'><strong>inde</strong></span> <span class='ocrx_word' id='word_1_316' title='bbox 1433 2655 1806 2726; x_wconf 84' lang='lat' dir='ltr'><strong>Hierosolyma</strong></span> <span class='ocrx_word' id='word_1_317' title='bbox 1836 2665 1958 2707; x_wconf 89' lang='lat' dir='ltr'><strong>sese</strong></span> <span class='ocrx_word' id='word_1_318' title='bbox 1980 2665 2104 2705; x_wconf 78' lang='lat' dir='ltr'><strong>con-</strong></span> 
     </span>
    </p>
   </div>
   <div class='ocr_carea' id='block_1_51' title="bbox 525 2744 2106 2828">
    <p class='ocr_par' dir='ltr' id='par_1_51' title="bbox 525 2744 2106 2828">
     <span class='ocr_line' id='line_1_52' title="bbox 525 2744 2106 2828; baseline -0.016 -10"><span class='ocrx_word' id='word_1_319' title='bbox 525 2761 730 2824; x_wconf 72' lang='lat' dir='ltr'><strong>ferens,</strong></span> <span class='ocrx_word' id='word_1_320' title='bbox 764 2756 1046 2828; x_wconf 88' lang='lat' dir='ltr'><strong>paululum</strong></span> <span class='ocrx_word' id='word_1_321' title='bbox 1074 2752 1200 2808; x_wconf 93' lang='lat' dir='ltr'><strong>istic</strong></span> <span class='ocrx_word' id='word_1_322' title='bbox 1229 2756 1494 2810; x_wconf 89' lang='lat' dir='ltr'><strong>moratus,</strong></span> <span class='ocrx_word' id='word_1_323' title='bbox 1522 2744 1727 2816; x_wconf 84' lang='lat' dir='ltr'><strong>Tyrum</strong></span> <span class='ocrx_word' id='word_1_324' title='bbox 1755 2749 1944 2813; x_wconf 88' lang='lat' dir='ltr'><strong>postea</strong></span> <span class='ocrx_word' id='word_1_325' title='bbox 1975 2754 2106 2794; x_wconf 83' lang='lat' dir='ltr'><strong>con-</strong></span> 
     </span>
    </p>
   </div>
   <div class='ocr_carea' id='block_1_52' title="bbox 527 2833 2101 2911">
    <p class='ocr_par' dir='ltr' id='par_1_52' title="bbox 527 2833 2101 2911">
     <span class='ocr_line' id='line_1_53' title="bbox 527 2833 2101 2911; baseline -0.017 0"><span class='ocrx_word' id='word_1_326' title='bbox 527 2853 730 2911; x_wconf 89' lang='lat' dir='ltr'><strong>cessit:</strong></span> <span class='ocrx_word' id='word_1_327' title='bbox 765 2849 856 2905; x_wconf 92' lang='lat' dir='ltr'><strong>ubi</strong></span> <span class='ocrx_word' id='word_1_328' title='bbox 889 2860 1158 2902; x_wconf 88' lang='lat' dir='ltr'><strong>annorum</strong></span> <span class='ocrx_word' id='word_1_329' title='bbox 1190 2850 1314 2897; x_wconf 92' lang='lat' dir='ltr'><strong>octo</strong></span> <span class='ocrx_word' id='word_1_330' title='bbox 1343 2851 1396 2895; x_wconf 89' lang='lat' dir='ltr'><strong>et</strong></span> <span class='ocrx_word' id='word_1_331' title='bbox 1432 2837 1624 2909; x_wconf 79' lang='lat' dir='ltr'><strong>viginti</strong></span> <span class='ocrx_word' id='word_1_332' title='bbox 1655 2835 1834 2905; x_wconf 87' lang='lat' dir='ltr'><strong>spatio</strong></span> <span class='ocrx_word' id='word_1_333' title='bbox 1877 2833 2101 2902; x_wconf 78' lang='lat' dir='ltr'><strong>degens,</strong></span> 
     </span>
    </p>
   </div>
   <div class='ocr_carea' id='block_1_53' title="bbox 527 2921 2107 3001">
    <p class='ocr_par' dir='ltr' id='par_1_53' title="bbox 527 2921 2107 3001">
     <span class='ocr_line' id='line_1_54' title="bbox 527 2921 2107 3001; baseline -0.016 -1"><span class='ocrx_word' id='word_1_334' title='bbox 527 2959 652 3000; x_wconf 93' lang='lat' dir='ltr'><strong>cum</strong></span> <span class='ocrx_word' id='word_1_335' title='bbox 684 2937 1111 3001; x_wconf 75' lang='lat' dir='ltr'><strong>severissimum,</strong></span> <span class='ocrx_word' id='word_1_336' title='bbox 1137 2933 1215 2986; x_wconf 89' lang='lat' dir='ltr'><strong>uti</strong></span> <span class='ocrx_word' id='word_1_337' title='bbox 1250 2932 1453 2997; x_wconf 79' lang='lat' dir='ltr'><strong>ferunt,</strong></span> <span class='ocrx_word' id='word_1_338' title='bbox 1490 2928 1616 2982; x_wconf 82' lang='lat' dir='ltr'><strong>vitae</strong></span> <span class='ocrx_word' id='word_1_339' title='bbox 1644 2923 1989 2993; x_wconf 89' lang='lat' dir='ltr'><strong>disciplinam</strong></span> <span class='ocrx_word' id='word_1_340' title='bbox 2023 2921 2107 2975; x_wconf 90' lang='lat' dir='ltr'><strong>in-</strong></span> 
     </span>
    </p>
   </div>
   <div class='ocr_carea' id='block_1_54' title="bbox 526 3012 2105 3096">
    <p class='ocr_par' dir='ltr' id='par_1_54' title="bbox 526 3012 2105 3096">
     <span class='ocr_line' id='line_1_55' title="bbox 526 3012 2105 3096; baseline -0.017 -6"><span class='ocrx_word' id='word_1_341' title='bbox 526 3035 728 3096; x_wconf 85' lang='lat' dir='ltr'><strong>stituit,</strong></span> <span class='ocrx_word' id='word_1_342' title='bbox 753 3041 868 3084; x_wconf 92' lang='lat' dir='ltr'><strong>tum</strong></span> <span class='ocrx_word' id='word_1_343' title='bbox 892 3027 958 3081; x_wconf 89' lang='lat' dir='ltr'><strong>ad</strong></span> <span class='ocrx_word' id='word_1_344' title='bbox 985 3023 1397 3093; x_wconf 89' lang='lat' dir='ltr'><strong>Scripturarum</strong></span> <span class='ocrx_word' id='word_1_345' title='bbox 1426 3015 1830 3074; x_wconf 86' lang='lat' dir='ltr'><strong>enarrationem</strong></span> <span class='ocrx_word' id='word_1_346' title='bbox 1864 3012 2105 3065; x_wconf 91' lang='lat' dir='ltr'><strong>animum</strong></span> 
     </span>
    </p>
   </div>
   <div class='ocr_carea' id='block_1_55' title="bbox 2207 2656 3767 2733">
    <p class='ocr_par' dir='ltr' id='par_1_55' title="bbox 2207 2656 3767 2733">
     <span class='ocr_line' id='line_1_56' title="bbox 2207 2656 3767 2733; baseline -0.004 -19"><span class='ocrx_word' id='word_1_347' title='bbox 2207 2677 2358 2733; x_wconf 84' lang='grc' dir='ltr'><strong>ρειαν</strong></span> <span class='ocrx_word' id='word_1_348' title='bbox 2385 2661 2484 2730; x_wconf 77' lang='grc' dir='ltr'><strong>τὴν</strong></span> <span class='ocrx_word' id='word_1_349' title='bbox 2517 2662 2850 2730; x_wconf 81' lang='grc' dir='ltr'><strong>Στράτωνος,</strong></span> <span class='ocrx_word' id='word_1_350' title='bbox 2885 2658 2978 2713; x_wconf 77' lang='grc' dir='ltr'><strong>καὶ</strong></span> <span class='ocrx_word' id='word_1_351' title='bbox 3009 2657 3296 2731; x_wconf 72' lang='grc' dir='ltr'><strong>διατρίψας</strong></span> <span class='ocrx_word' id='word_1_352' title='bbox 3326 2660 3406 2721; x_wconf 83' lang='grc' dir='ltr'><strong>είς</strong></span> <span class='ocrx_word' id='word_1_353' title='bbox 3440 2656 3767 2728; x_wconf 81' lang='grc' dir='ltr'><strong>Ἱεροσόλυμα</strong></span> 
     </span>
    </p>
   </div>
   <div class='ocr_carea' id='block_1_56' title="bbox 2206 2747 3771 2824">
    <p class='ocr_par' dir='ltr' id='par_1_56' title="bbox 2206 2747 3771 2824">
     <span class='ocr_line' id='line_1_57' title="bbox 2206 2747 3771 2824; baseline 0.001 -19"><span class='ocrx_word' id='word_1_354' title='bbox 2206 2753 2397 2824; x_wconf 81' lang='grc' dir='ltr'><strong>χρόνον</strong></span> <span class='ocrx_word' id='word_1_355' title='bbox 2419 2751 2618 2820; x_wconf 83' lang='grc' dir='ltr'><strong>ὀλίγον,</strong></span> <span class='ocrx_word' id='word_1_356' title='bbox 2641 2747 2758 2805; x_wconf 69' lang='grc' dir='ltr'><strong>εἶτα</strong></span> <span class='ocrx_word' id='word_1_357' title='bbox 2784 2751 2954 2805; x_wconf 77' lang='grc' dir='ltr'><strong>ἐλθὼν</strong></span> <span class='ocrx_word' id='word_1_358' title='bbox 2988 2751 3068 2814; x_wconf 79' lang='grc' dir='ltr'><strong>είς</strong></span> <span class='ocrx_word' id='word_1_359' title='bbox 3099 2749 3293 2822; x_wconf 87' lang='grc' dir='ltr'><strong>Τύρον,</strong></span> <span class='ocrx_word' id='word_1_360' title='bbox 3327 2749 3420 2803; x_wconf 71' lang='grc' dir='ltr'><strong>ἐπὶ</strong></span> <span class='ocrx_word' id='word_1_361' title='bbox 3449 2750 3550 2820; x_wconf 76' lang='grc' dir='ltr'><strong>ἔτη</strong></span> <span class='ocrx_word' id='word_1_362' title='bbox 3579 2754 3678 2819; x_wconf 83' lang='grc' dir='ltr'><strong>κη’,</strong></span> <span class='ocrx_word' id='word_1_363' title='bbox 3709 2748 3771 2806; x_wconf 73' lang='grc' dir='ltr'>ὡς</span> 
     </span>
    </p>
   </div>
   <div class='ocr_carea' id='block_1_57' title="bbox 2207 2837 3772 2915">
    <p class='ocr_par' dir='ltr' id='par_1_57' title="bbox 2207 2837 3772 2915">
     <span class='ocr_line' id='line_1_58' title="bbox 2207 2837 3772 2915; baseline -0.005 -18"><span class='ocrx_word' id='word_1_364' title='bbox 2207 2846 2236 2898; x_wconf 81' lang='grc' dir='ltr'>ὁ</span> <span class='ocrx_word' id='word_1_365' title='bbox 2272 2842 2428 2912; x_wconf 85' lang='grc' dir='ltr'><strong>λόγος</strong></span> <span class='ocrx_word' id='word_1_366' title='bbox 2476 2843 2609 2914; x_wconf 79' lang='grc' dir='ltr'><strong>ἔχει,</strong></span> <span class='ocrx_word' id='word_1_367' title='bbox 2655 2843 2754 2915; x_wconf 81' lang='grc' dir='ltr'><strong>τὴν</strong></span> <span class='ocrx_word' id='word_1_368' title='bbox 2801 2843 2900 2915; x_wconf 78' lang='grc' dir='ltr'><strong>μὲν</strong></span> <span class='ocrx_word' id='word_1_369' title='bbox 2937 2841 3211 2897; x_wconf 85' lang='grc' dir='ltr'><strong>πολιτείαν</strong></span> <span class='ocrx_word' id='word_1_370' title='bbox 3247 2843 3553 2913; x_wconf 81' lang='grc' dir='ltr'><strong>ὲνησκείτο,</strong></span> <span class='ocrx_word' id='word_1_371' title='bbox 3595 2841 3686 2902; x_wconf 82' lang='grc' dir='ltr'><strong>τὰς</strong></span> <span class='ocrx_word' id='word_1_372' title='bbox 3726 2837 3772 2889; x_wconf 82' lang='grc' dir='ltr'><strong>δὲ</strong></span> 
     </span>
    </p>
   </div>
   <div class='ocr_carea' id='block_1_58' title="bbox 2207 2928 3776 3006">
    <p class='ocr_par' dir='ltr' id='par_1_58' title="bbox 2207 2928 3776 3006">
     <span class='ocr_line' id='line_1_59' title="bbox 2207 2928 3776 3006; baseline -0.004 -20"><span class='ocrx_word' id='word_1_373' title='bbox 2207 2934 2432 3006; x_wconf 76' lang='grc' dir='ltr'><strong>Γραφὰς</strong></span> <span class='ocrx_word' id='word_1_374' title='bbox 2457 2936 2823 3005; x_wconf 82' lang='grc' dir='ltr'><strong>ήρμήνευσεν.</strong></span> <span class='ocrx_word' id='word_1_375' title='bbox 2861 2935 2992 2987; x_wconf 84' lang='grc' dir='ltr'><strong>Ὅτε</strong></span> <span class='ocrx_word' id='word_1_376' title='bbox 3016 2934 3110 2988; x_wconf 55' lang='grc' dir='ltr'><strong>καὶ⁹</strong></span> <span class='ocrx_word' id='word_1_377' title='bbox 3136 2933 3206 2986; x_wconf 79' lang='grc' dir='ltr'><strong>τὰ</strong></span> <span class='ocrx_word' id='word_1_378' title='bbox 3246 2930 3543 2997; x_wconf 79' lang='grc' dir='ltr'><strong>Ἐξαπλᾶ,</strong></span> <span class='ocrx_word' id='word_1_379' title='bbox 3577 2931 3666 2986; x_wconf 73' lang='grc' dir='ltr'><strong>καὶ</strong></span> <span class='ocrx_word' id='word_1_380' title='bbox 3690 2928 3776 2988; x_wconf 67' lang='grc' dir='ltr'><strong>τὰς</strong></span> 
     </span>
    </p>
   </div>
   <div class='ocr_carea' id='block_1_59' title="bbox 2209 3022 3775 3097">
    <p class='ocr_par' dir='ltr' id='par_1_59' title="bbox 2209 3022 3775 3097">
     <span class='ocr_line' id='line_1_60' title="bbox 2209 3022 3775 3097; baseline -0.005 -18"><span class='ocrx_word' id='word_1_381' title='bbox 2209 3026 2302 3079; x_wconf 83' lang='grc' dir='ltr'><strong>δύο</strong></span> <span class='ocrx_word' id='word_1_382' title='bbox 2338 3025 2446 3078; x_wconf 82' lang='grc' dir='ltr'><strong>τῶν</strong></span> <span class='ocrx_word' id='word_1_383' title='bbox 2487 3025 2789 3096; x_wconf 82' lang='grc' dir='ltr'><strong>Ἑϐραϊκῶν</strong></span> <span class='ocrx_word' id='word_1_384' title='bbox 2836 3027 3047 3090; x_wconf 88' lang='grc' dir='ltr'><strong>σελίδας</strong></span> <span class='ocrx_word' id='word_1_385' title='bbox 3087 3023 3310 3096; x_wconf 77' lang='grc' dir='ltr'><strong>ἄντικρυ</strong></span> <span class='ocrx_word' id='word_1_386' title='bbox 3345 3025 3410 3079; x_wconf 87' lang='grc' dir='ltr'><strong>ὲκ</strong></span> <span class='ocrx_word' id='word_1_387' title='bbox 3448 3022 3775 3097; x_wconf 76' lang='grc' dir='ltr'><strong>παραλλήλου</strong></span> 
     </span>
    </p>
   </div>
   <div class='ocr_carea' id='block_1_60' title="bbox 531 3097 2116 3194">
    <p class='ocr_par' dir='ltr' id='par_1_60' title="bbox 531 3102 2108 3194">
     <span class='ocr_line' id='line_1_61' title="bbox 531 3102 2108 3194; baseline -0.017 -13"><span class='ocrx_word' id='word_1_388' title='bbox 531 3123 750 3194; x_wconf 83' lang='lat' dir='ltr'><strong>adjecit.</strong></span> <span class='ocrx_word' id='word_1_389' title='bbox 797 3120 915 3186; x_wconf 86' lang='lat' dir='ltr'><strong>Quo</strong></span> <span class='ocrx_word' id='word_1_390' title='bbox 948 3127 1193 3186; x_wconf 88' lang='lat' dir='ltr'><strong>tempore</strong></span> <span class='ocrx_word' id='word_1_391' title='bbox 1239 3106 1482 3178; x_wconf 70' lang='lat' dir='ltr'><strong>Hexapla</strong></span> <span class='ocrx_word' id='word_1_392' title='bbox 1529 3108 1620 3162; x_wconf 89' lang='lat' dir='ltr'><strong>illa</strong></span> <span class='ocrx_word' id='word_1_393' title='bbox 1651 3119 1751 3162; x_wconf 88' lang='lat' dir='ltr'><strong>sua</strong></span> <span class='ocrx_word' id='word_1_394' title='bbox 1783 3102 2108 3172; x_wconf 86' lang='lat' dir='ltr'><strong>composuit,</strong></span> 
     </span>
    </p>
   </div>
   <div class='ocr_carea' id='block_1_61' title="bbox 2226 3097 3776 3194">
    <p class='ocr_par' dir='ltr' id='par_1_61' title="bbox 2226 3112 3776 3190">
     <span class='ocr_line' id='line_1_62' title="bbox 2226 3112 3776 3190; baseline -0.001 -19"><span class='ocrx_word' id='word_1_395' title='bbox 2226 3119 2345 3190; x_wconf 74' lang='grc' dir='ltr'><strong>μιᾶς</strong></span> <span class='ocrx_word' id='word_1_396' title='bbox 2393 3119 2690 3190; x_wconf 79' lang='grc' dir='ltr'><strong>ἑρμηνείας</strong></span> <span class='ocrx_word' id='word_1_397' title='bbox 2731 3117 2868 3190; x_wconf 73' lang='grc' dir='ltr'><strong>πρὸς</strong></span> <span class='ocrx_word' id='word_1_398' title='bbox 2905 3118 3003 3189; x_wconf 81' lang='grc' dir='ltr'><strong>τὴν</strong></span> <span class='ocrx_word' id='word_1_399' title='bbox 3055 3115 3249 3189; x_wconf 79' lang='grc' dir='ltr'><strong>ἑτέραν</strong></span> <span class='ocrx_word' id='word_1_400' title='bbox 3301 3116 3620 3188; x_wconf 75' lang='grc' dir='ltr'><strong>συνέθηκεν,</strong></span> <span class='ocrx_word' id='word_1_401' title='bbox 3657 3112 3776 3175; x_wconf 79' lang='grc' dir='ltr'><strong>Ἐξ-</strong></span> 
     </span>
    </p>
   </div>
   <div class='ocr_carea' id='block_1_62' title="bbox 535 3197 2112 3273">
    <p class='ocr_par' dir='ltr' id='par_1_62' title="bbox 535 3197 2112 3273">
     <span class='ocr_line' id='line_1_63' title="bbox 535 3197 2112 3273; baseline -0.016 -5"><span class='ocrx_word' id='word_1_402' title='bbox 535 3211 819 3270; x_wconf 81' lang='lat' dir='ltr'><strong>Hebraicis</strong></span> <span class='ocrx_word' id='word_1_403' title='bbox 887 3206 1099 3262; x_wconf 90' lang='lat' dir='ltr'><strong>duabus</strong></span> <span class='ocrx_word' id='word_1_404' title='bbox 1159 3201 1370 3273; x_wconf 82' lang='lat' dir='ltr'><strong>paginis</strong></span> <span class='ocrx_word' id='word_1_405' title='bbox 1415 3197 1676 3268; x_wconf 83' lang='lat' dir='ltr'><strong>adjectis;</strong></span> <span class='ocrx_word' id='word_1_406' title='bbox 1732 3203 1894 3263; x_wconf 89' lang='lat' dir='ltr'><strong>atque</strong></span> <span class='ocrx_word' id='word_1_407' title='bbox 1948 3205 2112 3246; x_wconf 88' lang='lat' dir='ltr'><strong>unam</strong></span> 
     </span>
    </p>
   </div>
   <div class='ocr_carea' id='block_1_63' title="bbox 533 3280 2115 3359">
    <p class='ocr_par' dir='ltr' id='par_1_63' title="bbox 533 3280 2115 3359">
     <span class='ocr_line' id='line_1_64' title="bbox 533 3280 2115 3359; baseline -0.017 0"><span class='ocrx_word' id='word_1_408' title='bbox 533 3301 832 3359; x_wconf 89' lang='lat' dir='ltr'><strong>editionem</strong></span> <span class='ocrx_word' id='word_1_409' title='bbox 861 3311 929 3351; x_wconf 78' lang='lat' dir='ltr'><strong>ex</strong></span> <span class='ocrx_word' id='word_1_410' title='bbox 968 3291 1199 3348; x_wconf 87' lang='lat' dir='ltr'><strong>adverso</strong></span> <span class='ocrx_word' id='word_1_411' title='bbox 1227 3287 1455 3344; x_wconf 89' lang='lat' dir='ltr'><strong>alterius</strong></span> <span class='ocrx_word' id='word_1_412' title='bbox 1495 3283 1776 3354; x_wconf 87' lang='lat' dir='ltr'><strong>opposuit,</strong></span> <span class='ocrx_word' id='word_1_413' title='bbox 1810 3296 2021 3351; x_wconf 87' lang='lat' dir='ltr'><strong>eosque</strong></span> <span class='ocrx_word' id='word_1_414' title='bbox 2049 3280 2115 3332; x_wconf 88' lang='lat' dir='ltr'><strong>li-</strong></span> 
     </span>
    </p>
   </div>
   <div class='ocr_carea' id='block_1_64' title="bbox 535 3369 2116 3455">
    <p class='ocr_par' dir='ltr' id='par_1_64' title="bbox 535 3369 2116 3455">
     <span class='ocr_line' id='line_1_65' title="bbox 535 3369 2116 3455; baseline -0.015 -9"><span class='ocrx_word' id='word_1_415' title='bbox 535 3392 666 3446; x_wconf 88' lang='lat' dir='ltr'><strong>bros</strong></span> <span class='ocrx_word' id='word_1_416' title='bbox 695 3384 964 3455; x_wconf 76' lang='lat' dir='ltr'><strong>Hexaplos</strong></span> <span class='ocrx_word' id='word_1_417' title='bbox 992 3379 1317 3445; x_wconf 87' lang='lat' dir='ltr'><strong>nominavit,</strong></span> <span class='ocrx_word' id='word_1_418' title='bbox 1351 3377 1429 3433; x_wconf 89' lang='lat' dir='ltr'><strong>uti</strong></span> <span class='ocrx_word' id='word_1_419' title='bbox 1454 3390 1619 3447; x_wconf 87' lang='lat' dir='ltr'><strong>supra</strong></span> <span class='ocrx_word' id='word_1_420' title='bbox 1640 3373 1920 3445; x_wconf 91' lang='lat' dir='ltr'><strong>copiosius</strong></span> <span class='ocrx_word' id='word_1_421' title='bbox 1946 3369 2116 3442; x_wconf 81' lang='lat' dir='ltr'><strong>expli-</strong></span> 
     </span>
    </p>
   </div>
   <div class='ocr_carea' id='block_1_65' title="bbox 534 3481 803 3539">
    <p class='ocr_par' dir='ltr' id='par_1_65' title="bbox 534 3481 803 3539">
     <span class='ocr_line' id='line_1_66' title="bbox 534 3481 803 3539; baseline -0.037 -1"><span class='ocrx_word' id='word_1_422' title='bbox 534 3481 803 3539; x_wconf 80' lang='lat' dir='ltr'><strong>cavimus.</strong></span> 
     </span>
    </p>
   </div>
   <div class='ocr_carea' id='block_1_66' title="bbox 605 3552 2116 3626">
    <p class='ocr_par' dir='ltr' id='par_1_66' title="bbox 605 3552 2116 3626">
     <span class='ocr_line' id='line_1_67' title="bbox 605 3552 2116 3626; baseline -0.01 -1"><span class='ocrx_word' id='word_1_423' title='bbox 605 3569 746 3625; x_wconf 72' lang='lat' dir='ltr'><strong>XIX.</strong></span> <span class='ocrx_word' id='word_1_424' title='bbox 763 3567 935 3624; x_wconf 86' lang='lat' dir='ltr'><strong>Porro</strong></span> <span class='ocrx_word' id='word_1_425' title='bbox 955 3579 1078 3621; x_wconf 92' lang='lat' dir='ltr'><strong>cum</strong></span> <span class='ocrx_word' id='word_1_426' title='bbox 1109 3561 1368 3620; x_wconf 88' lang='lat' dir='ltr'><strong>editionis</strong></span> <span class='ocrx_word' id='word_1_427' title='bbox 1398 3559 1614 3626; x_wconf 57' lang='lat' dir='ltr'><strong>Quinta).</strong></span> <span class='ocrx_word' id='word_1_428' title='bbox 1639 3572 1702 3612; x_wconf 91' lang='lat' dir='ltr'><strong>ac</strong></span> <span class='ocrx_word' id='word_1_429' title='bbox 1735 3555 1915 3612; x_wconf 73' lang='lat' dir='ltr'><strong>Sexta:</strong></span> <span class='ocrx_word' id='word_1_430' title='bbox 1943 3552 2116 3611; x_wconf 87' lang='lat' dir='ltr'><strong>libros</strong></span> 
     </span>
    </p>
   </div>
   <div class='ocr_carea' id='block_1_67' title="bbox 536 3645 2118 3732">
    <p class='ocr_par' dir='ltr' id='par_1_67' title="bbox 536 3645 2118 3732">
     <span class='ocr_line' id='line_1_68' title="bbox 536 3645 2118 3732; baseline -0.014 -12"><span class='ocrx_word' id='word_1_431' title='bbox 536 3679 626 3728; x_wconf 87' lang='lat' dir='ltr'><strong>eo,</strong></span> <span class='ocrx_word' id='word_1_432' title='bbox 661 3675 770 3732; x_wconf 89' lang='lat' dir='ltr'><strong>quo</strong></span> <span class='ocrx_word' id='word_1_433' title='bbox 804 3657 1065 3718; x_wconf 77' lang='lat' dir='ltr'><strong>diximus,</strong></span> <span class='ocrx_word' id='word_1_434' title='bbox 1123 3651 1284 3709; x_wconf 89' lang='lat' dir='ltr'><strong>modo</strong></span> <span class='ocrx_word' id='word_1_435' title='bbox 1325 3650 1636 3721; x_wconf 86' lang='lat' dir='ltr'><strong>reperisset,</strong></span> <span class='ocrx_word' id='word_1_436' title='bbox 1685 3661 1786 3702; x_wconf 90' lang='lat' dir='ltr'><strong>nec</strong></span> <span class='ocrx_word' id='word_1_437' title='bbox 1813 3645 1881 3702; x_wconf 89' lang='lat' dir='ltr'><strong>de</strong></span> <span class='ocrx_word' id='word_1_438' title='bbox 1927 3655 2118 3699; x_wconf 86' lang='lat' dir='ltr'><strong>aucto-</strong></span> 
     </span>
    </p>
   </div>
   <div class='ocr_carea' id='block_1_68' title="bbox 542 3738 2119 3812">
    <p class='ocr_par' dir='ltr' id='par_1_68' title="bbox 542 3738 2119 3812">
     <span class='ocr_line' id='line_1_69' title="bbox 542 3738 2119 3812; baseline -0.015 0"><span class='ocrx_word' id='word_1_439' title='bbox 542 3759 695 3812; x_wconf 81' lang='lat' dir='ltr'><strong>ribus</strong></span> <span class='ocrx_word' id='word_1_440' title='bbox 734 3757 1032 3812; x_wconf 87' lang='lat' dir='ltr'><strong>constaret,</strong></span> <span class='ocrx_word' id='word_1_441' title='bbox 1067 3745 1253 3801; x_wconf 86' lang='lat' dir='ltr'><strong>habita</strong></span> <span class='ocrx_word' id='word_1_442' title='bbox 1291 3753 1620 3812; x_wconf 87' lang='lat' dir='ltr'><strong>temporum,</strong></span> <span class='ocrx_word' id='word_1_443' title='bbox 1646 3739 1846 3810; x_wconf 88' lang='lat' dir='ltr'><strong>quibus</strong></span> <span class='ocrx_word' id='word_1_444' title='bbox 1888 3738 2119 3792; x_wconf 68' lang='lat' dir='ltr'><strong>inventa:</strong></span> 
     </span>
    </p>
   </div>
   <div class='ocr_carea' id='block_1_69' title="bbox 544 3831 2119 3913">
    <p class='ocr_par' dir='ltr' id='par_1_69' title="bbox 544 3831 2119 3913">
     <span class='ocr_line' id='line_1_70' title="bbox 544 3831 2119 3913; baseline -0.016 -8"><span class='ocrx_word' id='word_1_445' title='bbox 544 3856 692 3913; x_wconf 90' lang='lat' dir='ltr'><strong>sunt,</strong></span> <span class='ocrx_word' id='word_1_446' title='bbox 732 3845 967 3906; x_wconf 87' lang='lat' dir='ltr'><strong>ratione,</strong></span> <span class='ocrx_word' id='word_1_447' title='bbox 1005 3839 1240 3911; x_wconf 86' lang='lat' dir='ltr'><strong>primum</strong></span> <span class='ocrx_word' id='word_1_448' title='bbox 1269 3835 1336 3889; x_wconf 91' lang='lat' dir='ltr'><strong>ad</strong></span> <span class='ocrx_word' id='word_1_449' title='bbox 1375 3834 1686 3904; x_wconf 85' lang='lat' dir='ltr'><strong>superiores</strong></span> <span class='ocrx_word' id='word_1_450' title='bbox 1722 3831 1844 3885; x_wconf 84' lang='lat' dir='ltr'><strong>illas</strong></span> <span class='ocrx_word' id='word_1_451' title='bbox 1882 3836 2119 3900; x_wconf 89' lang='lat' dir='ltr'><strong>quatuor</strong></span> 
     </span>
    </p>
   </div>
   <div class='ocr_carea' id='block_1_70' title="bbox 541 3917 2120 4010">
    <p class='ocr_par' dir='ltr' id='par_1_70' title="bbox 541 3917 2120 4010">
     <span class='ocr_line' id='line_1_71' title="bbox 541 3917 2120 4010; baseline -0.017 -12"><span class='ocrx_word' id='word_1_452' title='bbox 541 3947 943 4010; x_wconf 80' lang='lat' dir='ltr'><strong>consequenter</strong></span> <span class='ocrx_word' id='word_1_453' title='bbox 974 3945 1138 3987; x_wconf 88' lang='lat' dir='ltr'><strong>unam</strong></span> <span class='ocrx_word' id='word_1_454' title='bbox 1185 3926 1417 3983; x_wconf 75' lang='lat' dir='ltr'><strong>attexuit</strong></span> <span class='ocrx_word' id='word_1_455' title='bbox 1446 3939 1607 3995; x_wconf 87' lang='lat' dir='ltr'><strong>quam</strong></span> <span class='ocrx_word' id='word_1_456' title='bbox 1651 3917 1915 3994; x_wconf 89' lang='lat' dir='ltr'><strong>appellari</strong></span> <span class='ocrx_word' id='word_1_457' title='bbox 1947 3918 2120 3986; x_wconf 85' lang='lat' dir='ltr'><strong>Quin-</strong></span> 
     </span>
    </p>
   </div>
   <div class='ocr_carea' id='block_1_71' title="bbox 547 4009 2120 4093">
    <p class='ocr_par' dir='ltr' id='par_1_71' title="bbox 547 4009 2120 4093">
     <span class='ocr_line' id='line_1_72' title="bbox 547 4009 2120 4093; baseline -0.016 -7"><span class='ocrx_word' id='word_1_458' title='bbox 547 4043 658 4086; x_wconf 83' lang='lat' dir='ltr'><strong>tam</strong></span> <span class='ocrx_word' id='word_1_459' title='bbox 691 4009 886 4093; x_wconf 83' lang='lat' dir='ltr'><strong>voluit,</strong></span> <span class='ocrx_word' id='word_1_460' title='bbox 934 4031 988 4080; x_wconf 91' lang='lat' dir='ltr'><strong>et</strong></span> <span class='ocrx_word' id='word_1_461' title='bbox 1019 4019 1282 4090; x_wconf 84' lang='lat' dir='ltr'><strong>inscripta</strong></span> <span class='ocrx_word' id='word_1_462' title='bbox 1309 4015 1500 4088; x_wconf 89' lang='lat' dir='ltr'><strong>quinta</strong></span> <span class='ocrx_word' id='word_1_463' title='bbox 1533 4014 1738 4078; x_wconf 87' lang='lat' dir='ltr'><strong>littera,</strong></span> <span class='ocrx_word' id='word_1_464' title='bbox 1769 4011 2016 4066; x_wconf 82' lang='lat' dir='ltr'><strong>ordinem</strong></span> <span class='ocrx_word' id='word_1_465' title='bbox 2053 4009 2120 4062; x_wconf 89' lang='lat' dir='ltr'><strong>il-</strong></span> 
     </span>
    </p>
   </div>
   <div class='ocr_carea' id='block_1_72' title="bbox 547 4101 2120 4178">
    <p class='ocr_par' dir='ltr' id='par_1_72' title="bbox 547 4101 2120 4178">
     <span class='ocr_line' id='line_1_73' title="bbox 547 4101 2120 4178; baseline -0.017 1"><span class='ocrx_word' id='word_1_466' title='bbox 547 4123 655 4178; x_wconf 86' lang='lat' dir='ltr'><strong>lius</strong></span> <span class='ocrx_word' id='word_1_467' title='bbox 678 4118 933 4176; x_wconf 91' lang='lat' dir='ltr'><strong>ostendit.</strong></span> <span class='ocrx_word' id='word_1_468' title='bbox 966 4109 1111 4169; x_wconf 88' lang='lat' dir='ltr'><strong>Idem</strong></span> <span class='ocrx_word' id='word_1_469' title='bbox 1146 4120 1199 4165; x_wconf 88' lang='lat' dir='ltr'><strong>et</strong></span> <span class='ocrx_word' id='word_1_470' title='bbox 1229 4111 1286 4164; x_wconf 93' lang='lat' dir='ltr'><strong>in</strong></span> <span class='ocrx_word' id='word_1_471' title='bbox 1314 4125 1368 4162; x_wconf 78' lang='lat' dir='ltr'><strong>vr</strong></span> <span class='ocrx_word' id='word_1_472' title='bbox 1394 4111 1618 4163; x_wconf 85' lang='lat' dir='ltr'><strong>secutus</strong></span> <span class='ocrx_word' id='word_1_473' title='bbox 1656 4111 1764 4167; x_wconf 86' lang='lat' dir='ltr'><strong>est,</strong></span> <span class='ocrx_word' id='word_1_474' title='bbox 1806 4116 1970 4172; x_wconf 87' lang='lat' dir='ltr'><strong>quam</strong></span> <span class='ocrx_word' id='word_1_475' title='bbox 2000 4101 2120 4170; x_wconf 90' lang='lat' dir='ltr'><strong>epi-</strong></span> 
     </span>
    </p>
   </div>
   <div class='ocr_carea' id='block_1_73' title="bbox 550 4193 2118 4279">
    <p class='ocr_par' dir='ltr' id='par_1_73' title="bbox 550 4193 2118 4279">
     <span class='ocr_line' id='line_1_74' title="bbox 550 4193 2118 4279; baseline -0.014 -10"><span class='ocrx_word' id='word_1_476' title='bbox 550 4227 701 4270; x_wconf 87' lang='lat' dir='ltr'><strong>semo</strong></span> <span class='ocrx_word' id='word_1_477' title='bbox 757 4207 997 4279; x_wconf 77' lang='lat' dir='ltr'><strong>praeﬁxa,</strong></span> <span class='ocrx_word' id='word_1_478' title='bbox 1045 4200 1305 4258; x_wconf 89' lang='lat' dir='ltr'><strong>editionis</strong></span> <span class='ocrx_word' id='word_1_479' title='bbox 1353 4197 1532 4254; x_wconf 70' lang='lat' dir='ltr'><strong>Sexta:</strong></span> <span class='ocrx_word' id='word_1_480' title='bbox 1582 4196 1803 4252; x_wconf 76' lang='lat' dir='ltr'><strong>nomine</strong></span> <span class='ocrx_word' id='word_1_481' title='bbox 1855 4193 2118 4263; x_wconf 75' lang='lat' dir='ltr'><strong>vulgavit.</strong></span> 
     </span>
    </p>
   </div>
   <div class='ocr_carea' id='block_1_74' title="bbox 551 4282 2122 4370">
    <p class='ocr_par' dir='ltr' id='par_1_74' title="bbox 551 4282 2122 4370">
     <span class='ocr_line' id='line_1_75' title="bbox 551 4282 2122 4370; baseline -0.013 -13"><span class='ocrx_word' id='word_1_482' title='bbox 551 4303 672 4370; x_wconf 82' lang='lat' dir='ltr'><strong>Qua</strong></span> <span class='ocrx_word' id='word_1_483' title='bbox 701 4301 757 4354; x_wconf 93' lang='lat' dir='ltr'><strong>in</strong></span> <span class='ocrx_word' id='word_1_484' title='bbox 784 4314 842 4353; x_wconf 88' lang='lat' dir='ltr'><strong>re</strong></span> <span class='ocrx_word' id='word_1_485' title='bbox 867 4295 1143 4364; x_wconf 75' lang='lat' dir='ltr'><strong>singulare</strong></span> <span class='ocrx_word' id='word_1_486' title='bbox 1167 4289 1441 4361; x_wconf 89' lang='lat' dir='ltr'><strong>quoddam</strong></span> <span class='ocrx_word' id='word_1_487' title='bbox 1471 4287 1614 4341; x_wconf 88' lang='lat' dir='ltr'><strong>inest</strong></span> <span class='ocrx_word' id='word_1_488' title='bbox 1634 4285 1954 4346; x_wconf 79' lang='lat' dir='ltr'><strong>artiﬁcium,</strong></span> <span class='ocrx_word' id='word_1_489' title='bbox 1976 4282 2122 4353; x_wconf 86' lang='lat' dir='ltr'><strong>quod</strong></span> 
     </span>
    </p>
   </div>
   <div class='ocr_carea' id='block_1_75' title="bbox 551 4375 2119 4458">
    <p class='ocr_par' dir='ltr' id='par_1_75' title="bbox 551 4375 2119 4458">
     <span class='ocr_line' id='line_1_76' title="bbox 551 4375 2119 4458; baseline -0.013 -9"><span class='ocrx_word' id='word_1_490' title='bbox 551 4393 798 4449; x_wconf 86' lang='lat' dir='ltr'><strong>eruditos</strong></span> <span class='ocrx_word' id='word_1_491' title='bbox 831 4389 1123 4458; x_wconf 87' lang='lat' dir='ltr'><strong>plerosque</strong></span> <span class='ocrx_word' id='word_1_492' title='bbox 1146 4385 1317 4438; x_wconf 87' lang='lat' dir='ltr'><strong>latere</strong></span> <span class='ocrx_word' id='word_1_493' title='bbox 1357 4380 1516 4435; x_wconf 86' lang='lat' dir='ltr'><strong>solet.</strong></span> <span class='ocrx_word' id='word_1_494' title='bbox 1554 4378 1658 4446; x_wconf 86' lang='lat' dir='ltr'><strong>Qui</strong></span> <span class='ocrx_word' id='word_1_495' title='bbox 1693 4393 1816 4432; x_wconf 85' lang='lat' dir='ltr'><strong>cum</strong></span> <span class='ocrx_word' id='word_1_496' title='bbox 1852 4375 2119 4444; x_wconf 73' lang='lat' dir='ltr'><strong>Hexapla,</strong></span> 
     </span>
    </p>
   </div>
   <div class='ocr_carea' id='block_1_76' title="bbox 553 4468 2122 4550">
    <p class='ocr_par' dir='ltr' id='par_1_76' title="bbox 553 4468 2122 4550">
     <span class='ocr_line' id='line_1_77' title="bbox 553 4468 2122 4550; baseline -0.013 -9"><span class='ocrx_word' id='word_1_497' title='bbox 553 4485 639 4540; x_wconf 87' lang='lat' dir='ltr'><strong>vel</strong></span> <span class='ocrx_word' id='word_1_498' title='bbox 677 4481 901 4550; x_wconf 82' lang='lat' dir='ltr'><strong>Octapla</strong></span> <span class='ocrx_word' id='word_1_499' title='bbox 949 4479 1140 4547; x_wconf 83' lang='lat' dir='ltr'><strong>legunt</strong></span> <span class='ocrx_word' id='word_1_500' title='bbox 1172 4479 1320 4544; x_wconf 89' lang='lat' dir='ltr'><strong>(nam</strong></span> <span class='ocrx_word' id='word_1_501' title='bbox 1360 4471 1610 4541; x_wconf 74' lang='lat' dir='ltr'><strong>Tetrapla</strong></span> <span class='ocrx_word' id='word_1_502' title='bbox 1669 4487 1726 4526; x_wconf 81' lang='lat' dir='ltr'><strong>iv</strong></span> <span class='ocrx_word' id='word_1_503' title='bbox 1766 4468 1972 4525; x_wconf 69' lang='lat' dir='ltr'><strong>Graecis</strong></span> <span class='ocrx_word' id='word_1_504' title='bbox 2003 4468 2122 4524; x_wconf 86' lang='lat' dir='ltr'><strong>edi-</strong></span> 
     </span>
    </p>
   </div>
   <div class='ocr_carea' id='block_1_77' title="bbox 556 4561 2124 4638">
    <p class='ocr_par' dir='ltr' id='par_1_77' title="bbox 556 4561 2124 4638">
     <span class='ocr_line' id='line_1_78' title="bbox 556 4561 2124 4638; baseline -0.01 -8"><span class='ocrx_word' id='word_1_505' title='bbox 556 4575 799 4631; x_wconf 87' lang='lat' dir='ltr'><strong>tionibus</strong></span> <span class='ocrx_word' id='word_1_506' title='bbox 827 4578 1121 4638; x_wconf 89' lang='lat' dir='ltr'><strong>constant;</strong></span> <span class='ocrx_word' id='word_1_507' title='bbox 1152 4582 1276 4623; x_wconf 92' lang='lat' dir='ltr'><strong>cum</strong></span> <span class='ocrx_word' id='word_1_508' title='bbox 1309 4567 1566 4622; x_wconf 88' lang='lat' dir='ltr'><strong>nimirum</strong></span> <span class='ocrx_word' id='word_1_509' title='bbox 1601 4565 1809 4636; x_wconf 72' lang='lat' dir='ltr'><strong>Aquilae</strong></span> <span class='ocrx_word' id='word_1_510' title='bbox 1836 4561 2124 4618; x_wconf 85' lang='lat' dir='ltr'><strong>translatio</strong></span> 
     </span>
    </p>
   </div>
   <div class='ocr_carea' id='block_1_78' title="bbox 558 4649 2121 4738">
    <p class='ocr_par' dir='ltr' id='par_1_78' title="bbox 558 4649 2121 4738">
     <span class='ocr_line' id='line_1_79' title="bbox 558 4649 2121 4738; baseline -0.012 -16"><span class='ocrx_word' id='word_1_511' title='bbox 558 4672 742 4738; x_wconf 89' lang='lat' dir='ltr'><strong>priore</strong></span> <span class='ocrx_word' id='word_1_512' title='bbox 771 4665 892 4719; x_wconf 90' lang='lat' dir='ltr'><strong>loco</strong></span> <span class='ocrx_word' id='word_1_513' title='bbox 933 4661 1110 4732; x_wconf 89' lang='lat' dir='ltr'><strong>posita</strong></span> <span class='ocrx_word' id='word_1_514' title='bbox 1133 4678 1146 4714; x_wconf 91' lang='lat'><strong>:</strong></span> <span class='ocrx_word' id='word_1_515' title='bbox 1168 4667 1283 4712; x_wconf 91' lang='lat' dir='ltr'><strong>tum</strong></span> <span class='ocrx_word' id='word_1_516' title='bbox 1315 4656 1626 4729; x_wconf 88' lang='lat' dir='ltr'><strong>Symmachi</strong></span> <span class='ocrx_word' id='word_1_517' title='bbox 1651 4654 1881 4711; x_wconf 87' lang='lat' dir='ltr'><strong>:deinde</strong></span> <span class='ocrx_word' id='word_1_518' title='bbox 1912 4649 2121 4715; x_wconf 78' lang='lat' dir='ltr'><strong>LXXII,</strong></span> 
     </span>
    </p>
   </div>
   <div class='ocr_carea' id='block_1_79' title="bbox 559 4749 2127 4828">
    <p class='ocr_par' dir='ltr' id='par_1_79' title="bbox 559 4749 2127 4828">
     <span class='ocr_line' id='line_1_80' title="bbox 559 4749 2127 4828; baseline -0.011 -13"><span class='ocrx_word' id='word_1_519' title='bbox 559 4775 623 4814; x_wconf 87' lang='lat' dir='ltr'><strong>ac</strong></span> <span class='ocrx_word' id='word_1_520' title='bbox 664 4764 942 4828; x_wconf 90' lang='lat' dir='ltr'><strong>postremo</strong></span> <span class='ocrx_word' id='word_1_521' title='bbox 987 4749 1379 4808; x_wconf 87' lang='lat' dir='ltr'><strong>Theodotiouis</strong></span> <span class='ocrx_word' id='word_1_522' title='bbox 1425 4749 1480 4803; x_wconf 92' lang='lat' dir='ltr'><strong>in</strong></span> <span class='ocrx_word' id='word_1_523' title='bbox 1528 4761 1696 4801; x_wconf 90' lang='lat' dir='ltr'><strong>unum</strong></span> <span class='ocrx_word' id='word_1_524' title='bbox 1743 4759 1944 4816; x_wconf 85' lang='lat' dir='ltr'><strong>corpus</strong></span> <span class='ocrx_word' id='word_1_525' title='bbox 1994 4757 2127 4798; x_wconf 85' lang='lat' dir='ltr'><strong>con-</strong></span> 
     </span>
    </p>
   </div>
   <div class='ocr_carea' id='block_1_80' title="bbox 560 4838 2129 4914">
    <p class='ocr_par' dir='ltr' id='par_1_80' title="bbox 560 4838 2129 4914">
     <span class='ocr_line' id='line_1_81' title="bbox 560 4838 2129 4914; baseline -0.01 -9"><span class='ocrx_word' id='word_1_526' title='bbox 560 4854 780 4906; x_wconf 84' lang='lat' dir='ltr'><strong>ilentur.</strong></span> <span class='ocrx_word' id='word_1_527' title='bbox 823 4846 1034 4914; x_wconf 85' lang='lat' dir='ltr'><strong>Quibus</strong></span> <span class='ocrx_word' id='word_1_528' title='bbox 1077 4844 1124 4901; x_wconf 89' lang='lat' dir='ltr'><strong>si</strong></span> <span class='ocrx_word' id='word_1_529' title='bbox 1158 4842 1438 4898; x_wconf 61' lang='lat' dir='ltr'><strong>I-lebraicaz</strong></span> <span class='ocrx_word' id='word_1_530' title='bbox 1479 4839 1600 4894; x_wconf 78' lang='lat' dir='ltr'><strong>duae</strong></span> <span class='ocrx_word' id='word_1_531' title='bbox 1635 4838 1902 4894; x_wconf 86' lang='lat' dir='ltr'><strong>editiones</strong></span> <span class='ocrx_word' id='word_1_532' title='bbox 1943 4848 2129 4890; x_wconf 84' lang='lat' dir='ltr'><strong>acces-</strong></span> 
     </span>
    </p>
   </div>
   <div class='ocr_carea' id='block_1_81' title="bbox 566 4924 2128 5006">
    <p class='ocr_par' dir='ltr' id='par_1_81' title="bbox 566 4924 2128 5006">
     <span class='ocr_line' id='line_1_82' title="bbox 566 4924 2128 5006; baseline -0.013 -9"><span class='ocrx_word' id='word_1_533' title='bbox 566 4952 758 5006; x_wconf 84' lang='lat' dir='ltr'><strong>serint,</strong></span> <span class='ocrx_word' id='word_1_534' title='bbox 814 4937 1062 5006; x_wconf 67' lang='lat' dir='ltr'><strong>Hexapla</strong></span> <span class='ocrx_word' id='word_1_535' title='bbox 1097 4941 1380 4988; x_wconf 82' lang='lat' dir='ltr'><strong>vocantur.</strong></span> <span class='ocrx_word' id='word_1_536' title='bbox 1432 4931 1588 4997; x_wconf 85' lang='lat' dir='ltr'><strong>Quod</strong></span> <span class='ocrx_word' id='word_1_537' title='bbox 1606 4931 1657 4985; x_wconf 86' lang='lat' dir='ltr'><strong>si</strong></span> <span class='ocrx_word' id='word_1_538' title='bbox 1689 4946 1719 4982; x_wconf 87' lang='lat' dir='ltr'><strong>v</strong></span> <span class='ocrx_word' id='word_1_539' title='bbox 1757 4936 1811 4982; x_wconf 88' lang='lat' dir='ltr'><strong>et</strong></span> <span class='ocrx_word' id='word_1_540' title='bbox 1843 4942 1894 4980; x_wconf 89' lang='lat' dir='ltr'><strong>vt</strong></span> <span class='ocrx_word' id='word_1_541' title='bbox 1930 4924 2128 4981; x_wconf 84' lang='lat' dir='ltr'><strong>editio-</strong></span> 
     </span>
    </p>
   </div>
   <div class='ocr_carea' id='block_1_82' title="bbox 561 5016 2130 5100">
    <p class='ocr_par' dir='ltr' id='par_1_82' title="bbox 561 5016 2130 5100">
     <span class='ocr_line' id='line_1_83' title="bbox 561 5016 2130 5100; baseline -0.013 -12"><span class='ocrx_word' id='word_1_542' title='bbox 561 5048 686 5088; x_wconf 87' lang='lat' dir='ltr'><strong>nem</strong></span> <span class='ocrx_word' id='word_1_543' title='bbox 717 5027 1054 5100; x_wconf 85' lang='lat' dir='ltr'><strong>adjunxeris,</strong></span> <span class='ocrx_word' id='word_1_544' title='bbox 1098 5039 1437 5094; x_wconf 90' lang='lat' dir='ltr'><strong>consequens</strong></span> <span class='ocrx_word' id='word_1_545' title='bbox 1481 5031 1567 5077; x_wconf 89' lang='lat' dir='ltr'><strong>est</strong></span> <span class='ocrx_word' id='word_1_546' title='bbox 1598 5031 1654 5076; x_wconf 91' lang='lat' dir='ltr'><strong>ut</strong></span> <span class='ocrx_word' id='word_1_547' title='bbox 1689 5019 1916 5088; x_wconf 84' lang='lat' dir='ltr'><strong>Octapla</strong></span> <span class='ocrx_word' id='word_1_548' title='bbox 1949 5016 2130 5070; x_wconf 90' lang='lat' dir='ltr'><strong>nomi-</strong></span> 
     </span>
    </p>
   </div>
   <div class='ocr_carea' id='block_1_83' title="bbox 564 5108 2129 5192">
    <p class='ocr_par' dir='ltr' id='par_1_83' title="bbox 564 5108 2129 5192">
     <span class='ocr_line' id='line_1_84' title="bbox 564 5108 2129 5192; baseline -0.01 -13"><span class='ocrx_word' id='word_1_549' title='bbox 564 5122 820 5192; x_wconf 85' lang='lat' dir='ltr'><strong>nentur);</strong></span> <span class='ocrx_word' id='word_1_550' title='bbox 863 5117 956 5175; x_wconf 88' lang='lat' dir='ltr'><strong>sed</strong></span> <span class='ocrx_word' id='word_1_551' title='bbox 984 5132 1106 5172; x_wconf 92' lang='lat' dir='ltr'><strong>cum</strong></span> <span class='ocrx_word' id='word_1_552' title='bbox 1145 5115 1266 5170; x_wconf 89' lang='lat' dir='ltr'><strong>illos</strong></span> <span class='ocrx_word' id='word_1_553' title='bbox 1296 5116 1462 5169; x_wconf 83' lang='lat' dir='ltr'><strong>libros</strong></span> <span class='ocrx_word' id='word_1_554' title='bbox 1490 5113 1734 5182; x_wconf 87' lang='lat' dir='ltr'><strong>quidam,</strong></span> <span class='ocrx_word' id='word_1_555' title='bbox 1763 5112 1843 5166; x_wconf 91' lang='lat' dir='ltr'><strong>uti</strong></span> <span class='ocrx_word' id='word_1_556' title='bbox 1870 5108 2129 5174; x_wconf 72' lang='lat' dir='ltr'><strong>diximus,</strong></span> 
     </span>
    </p>
   </div>
   <div class='ocr_carea' id='block_1_84' title="bbox 564 5201 2131 5280">
    <p class='ocr_par' dir='ltr' id='par_1_84' title="bbox 564 5201 2131 5280">
     <span class='ocr_line' id='line_1_85' title="bbox 564 5201 2131 5280; baseline -0.009 -11"><span class='ocrx_word' id='word_1_557' title='bbox 564 5215 842 5276; x_wconf 87' lang='lat' dir='ltr'><strong>evolvunt,</strong></span> <span class='ocrx_word' id='word_1_558' title='bbox 878 5217 931 5265; x_wconf 90' lang='lat' dir='ltr'><strong>et</strong></span> <span class='ocrx_word' id='word_1_559' title='bbox 970 5207 1178 5280; x_wconf 90' lang='lat' dir='ltr'><strong>priores</strong></span> <span class='ocrx_word' id='word_1_560' title='bbox 1213 5222 1335 5262; x_wconf 87' lang='lat' dir='ltr'><strong>esse</strong></span> <span class='ocrx_word' id='word_1_561' title='bbox 1374 5205 1513 5258; x_wconf 90' lang='lat' dir='ltr'><strong>duas</strong></span> <span class='ocrx_word' id='word_1_562' title='bbox 1538 5203 1806 5258; x_wconf 87' lang='lat' dir='ltr'><strong>editiones</strong></span> <span class='ocrx_word' id='word_1_563' title='bbox 1832 5201 2131 5256; x_wconf 86' lang='lat' dir='ltr'><strong>Hebraicas</strong></span> 
     </span>
    </p>
   </div>
   <div class='ocr_carea' id='block_1_85' title="bbox 565 5295 2133 5370">
    <p class='ocr_par' dir='ltr' id='par_1_85' title="bbox 565 5295 2133 5370">
     <span class='ocr_line' id='line_1_86' title="bbox 565 5295 2133 5370; baseline -0.009 -7"><span class='ocrx_word' id='word_1_564' title='bbox 565 5308 772 5368; x_wconf 82' lang='lat' dir='ltr'><strong>vident,</strong></span> <span class='ocrx_word' id='word_1_565' title='bbox 815 5319 879 5358; x_wconf 88' lang='lat' dir='ltr'><strong>ac</strong></span> <span class='ocrx_word' id='word_1_566' title='bbox 907 5303 1166 5370; x_wconf 87' lang='lat' dir='ltr'><strong>deinceps</strong></span> <span class='ocrx_word' id='word_1_567' title='bbox 1207 5297 1437 5369; x_wconf 66' lang='lat' dir='ltr'><strong>Aquilae,</strong></span> <span class='ocrx_word' id='word_1_568' title='bbox 1484 5307 1596 5351; x_wconf 82' lang='lat' dir='ltr'><strong>tum</strong></span> <span class='ocrx_word' id='word_1_569' title='bbox 1638 5295 1972 5367; x_wconf 83' lang='lat' dir='ltr'><strong>Symmachi.</strong></span> <span class='ocrx_word' id='word_1_570' title='bbox 2007 5295 2133 5349; x_wconf 89' lang='lat' dir='ltr'><strong>inde</strong></span> 
     </span>
    </p>
   </div>
   <div class='ocr_carea' id='block_1_86' title="bbox 568 5390 2131 5458">
    <p class='ocr_par' dir='ltr' id='par_1_86' title="bbox 568 5390 2131 5458">
     <span class='ocr_line' id='line_1_87' title="bbox 568 5390 2131 5458; baseline -0.008 -6"><span class='ocrx_word' id='word_1_571' title='bbox 568 5398 708 5452; x_wconf 75' lang='lat' dir='ltr'><strong>LXX</strong></span> <span class='ocrx_word' id='word_1_572' title='bbox 747 5397 1068 5455; x_wconf 82' lang='lat' dir='ltr'><strong>Seniorum;</strong></span> <span class='ocrx_word' id='word_1_573' title='bbox 1101 5391 1296 5447; x_wconf 84' lang='lat' dir='ltr'><strong>deinde</strong></span> <span class='ocrx_word' id='word_1_574' title='bbox 1326 5390 1741 5453; x_wconf 80' lang='lat' dir='ltr'><strong>Tlieodotionis,</strong></span> <span class='ocrx_word' id='word_1_575' title='bbox 1778 5396 2053 5458; x_wconf 89' lang='lat' dir='ltr'><strong>postremo</strong></span> <span class='ocrx_word' id='word_1_576' title='bbox 2078 5404 2131 5451; x_wconf 84' lang='grc' dir='ltr'><strong>ν,</strong></span> 
     </span>
    </p>
   </div>
   <div class='ocr_carea' id='block_1_87' title="bbox 569 5481 2134 5560">
    <p class='ocr_par' dir='ltr' id='par_1_87' title="bbox 569 5481 2134 5560">
     <span class='ocr_line' id='line_1_88' title="bbox 569 5481 2134 5560; baseline -0.003 -21"><span class='ocrx_word' id='word_1_577' title='bbox 569 5503 731 5560; x_wconf 82' lang='lat' dir='ltr'><strong>atque</strong></span> <span class='ocrx_word' id='word_1_578' title='bbox 766 5504 840 5554; x_wconf 83' lang='lat' dir='ltr'><strong>vt,</strong></span> <span class='ocrx_word' id='word_1_579' title='bbox 889 5486 1143 5557; x_wconf 82' lang='lat' dir='ltr'><strong>Aquilam</strong></span> <span class='ocrx_word' id='word_1_580' title='bbox 1187 5495 1238 5540; x_wconf 91' lang='lat' dir='ltr'><strong>ct</strong></span> <span class='ocrx_word' id='word_1_581' title='bbox 1295 5481 1708 5556; x_wconf 79' lang='lat' dir='ltr'><strong>Symmachum,</strong></span> <span class='ocrx_word' id='word_1_582' title='bbox 1754 5499 1853 5552; x_wconf 86' lang='lat' dir='ltr'><strong>pro</strong></span> <span class='ocrx_word' id='word_1_583' title='bbox 1897 5497 1984 5548; x_wconf 87' lang='lat' dir='ltr'><strong>co,</strong></span> <span class='ocrx_word' id='word_1_584' title='bbox 2025 5495 2134 5550; x_wconf 92' lang='lat' dir='ltr'><strong>quo</strong></span> 
     </span>
    </p>
   </div>
   <div class='ocr_carea' id='block_1_88' title="bbox 646 5659 2168 5731">
    <p class='ocr_par' dir='ltr' id='par_1_88' title="bbox 646 5659 2168 5731">
     <span class='ocr_line' id='line_1_89' title="bbox 646 5659 2168 5731; baseline -0.006 -9"><span class='ocrx_word' id='word_1_585' title='bbox 646 5663 661 5689; x_wconf 85' lang='grc'>¹</span> <span class='ocrx_word' id='word_1_586' title='bbox 687 5665 747 5722; x_wconf 80' lang='lat' dir='ltr'><strong>F.</strong></span> <span class='ocrx_word' id='word_1_587' title='bbox 780 5667 969 5729; x_wconf 74' lang='grc' dir='ltr'><strong>ἄλλως.</strong></span> <span class='ocrx_word' id='word_1_588' title='bbox 1007 5667 1163 5721; x_wconf 70' lang='lat' dir='ltr'><strong>Eutr.</strong></span> <span class='ocrx_word' id='word_1_589' title='bbox 1239 5669 1259 5698; x_wconf 85' lang='grc'><strong>²</strong></span> <span class='ocrx_word' id='word_1_590' title='bbox 1287 5665 1349 5721; x_wconf 90' lang='lat' dir='ltr'><strong>C.</strong></span> <span class='ocrx_word' id='word_1_591' title='bbox 1385 5663 1605 5718; x_wconf 77' lang='grc' dir='ltr'><strong>ι’άλλου.</strong></span> <span class='ocrx_word' id='word_1_592' title='bbox 1679 5661 1701 5694; x_wconf 88' lang='grc'><em>³</em></span> <span class='ocrx_word' id='word_1_593' title='bbox 1730 5661 1789 5716; x_wconf 86' lang='lat' dir='ltr'><strong>F.</strong></span> <span class='ocrx_word' id='word_1_594' title='bbox 1828 5663 1888 5717; x_wconf 82' lang='grc' dir='ltr'><strong>ἐν</strong></span> <span class='ocrx_word' id='word_1_595' title='bbox 1912 5659 2168 5731; x_wconf 82' lang='grc' dir='ltr'><strong>πρώτοις.</strong></span> 
     </span>
    </p>
   </div>
   <div class='ocr_carea' id='block_1_89' title="bbox 2212 3203 3778 3282">
    <p class='ocr_par' dir='ltr' id='par_1_89' title="bbox 2212 3203 3778 3282">
     <span class='ocr_line' id='line_1_90' title="bbox 2212 3203 3778 3282; baseline -0.004 -19"><span class='ocrx_word' id='word_1_596' title='bbox 2212 3209 2412 3275; x_wconf 72' lang='grc' dir='ltr'><strong>απλᾶς</strong></span> <span class='ocrx_word' id='word_1_597' title='bbox 2437 3209 2537 3272; x_wconf 84' lang='grc' dir='ltr'><strong>τὰς</strong></span> <span class='ocrx_word' id='word_1_598' title='bbox 2577 3207 2790 3278; x_wconf 88' lang='grc' dir='ltr'><strong>βίϐλους</strong></span> <span class='ocrx_word' id='word_1_599' title='bbox 2835 3211 3128 3282; x_wconf 81' lang='grc' dir='ltr'><strong>ὀνομάσας,</strong></span> <span class='ocrx_word' id='word_1_600' title='bbox 3177 3209 3426 3280; x_wconf 86' lang='grc' dir='ltr'><strong>καθάπερ</strong></span> <span class='ocrx_word' id='word_1_601' title='bbox 3455 3225 3550 3280; x_wconf 84' lang='grc' dir='ltr'><strong>μοι</strong></span> <span class='ocrx_word' id='word_1_602' title='bbox 3573 3208 3677 3263; x_wconf 80' lang='grc' dir='ltr'><strong>ἄνω</strong></span> <span class='ocrx_word' id='word_1_603' title='bbox 3703 3203 3778 3258; x_wconf 71' lang='grc' dir='ltr'><strong>διὰ</strong></span> 
     </span>
    </p>
   </div>
   <div class='ocr_carea' id='block_1_90' title="bbox 2214 3300 2713 3373">
    <p class='ocr_par' dir='ltr' id='par_1_90' title="bbox 2214 3300 2713 3373">
     <span class='ocr_line' id='line_1_91' title="bbox 2214 3300 2713 3373; baseline -0.004 -18"><span class='ocrx_word' id='word_1_604' title='bbox 2214 3301 2448 3364; x_wconf 80' lang='grc' dir='ltr'><strong>πλάτους</strong></span> <span class='ocrx_word' id='word_1_605' title='bbox 2481 3300 2713 3373; x_wconf 72' lang='grc' dir='ltr'><strong>εἴρηται.</strong></span> 
     </span>
    </p>
   </div>
   <div class='ocr_carea' id='block_1_91' title="bbox 2288 3558 3787 3637">
    <p class='ocr_par' dir='ltr' id='par_1_91' title="bbox 2288 3558 3787 3637">
     <span class='ocr_line' id='line_1_92' title="bbox 2288 3558 3787 3637; baseline -0.005 -17"><span class='ocrx_word' id='word_1_606' title='bbox 2288 3567 2386 3621; x_wconf 67' lang='grc' dir='ltr'><strong>ΙΘν.</strong></span> <span class='ocrx_word' id='word_1_607' title='bbox 2421 3564 2610 3637; x_wconf 81' lang='grc' dir='ltr'><strong>Εύρὼν</strong></span> <span class='ocrx_word' id='word_1_608' title='bbox 2643 3565 2699 3620; x_wconf 82' lang='grc' dir='ltr'><strong>δὲ</strong></span> <span class='ocrx_word' id='word_1_609' title='bbox 2727 3565 2828 3636; x_wconf 85' lang='grc' dir='ltr'><strong>τῆς</strong></span> <span class='ocrx_word' id='word_1_610' title='bbox 2855 3558 3121 3636; x_wconf 85' lang='grc' dir='ltr'><strong>Πέμπτης</strong></span> <span class='ocrx_word' id='word_1_611' title='bbox 3157 3566 3249 3619; x_wconf 75' lang='grc' dir='ltr'><strong>καὶ</strong></span> <span class='ocrx_word' id='word_1_612' title='bbox 3283 3565 3497 3636; x_wconf 86' lang='grc' dir='ltr'><strong>Ἕκτης</strong></span> <span class='ocrx_word' id='word_1_613' title='bbox 3539 3561 3787 3620; x_wconf 76' lang='grc' dir='ltr'><strong>ἐκδόσεως</strong></span> 
     </span>
    </p>
   </div>
   <div class='ocr_carea' id='block_1_92' title="bbox 2216 3650 3787 3728">
    <p class='ocr_par' dir='ltr' id='par_1_92' title="bbox 2216 3650 3787 3728">
     <span class='ocr_line' id='line_1_93' title="bbox 2216 3650 3787 3728; baseline 0.001 -18"><span class='ocrx_word' id='word_1_614' title='bbox 2216 3658 2314 3720; x_wconf 79' lang='grc' dir='ltr'><strong>τὰς</strong></span> <span class='ocrx_word' id='word_1_615' title='bbox 2340 3657 2555 3727; x_wconf 87' lang='grc' dir='ltr'><strong>βίϐλους</strong></span> <span class='ocrx_word' id='word_1_616' title='bbox 2588 3654 2711 3712; x_wconf 83' lang='grc' dir='ltr'><strong>καθ’</strong></span> <span class='ocrx_word' id='word_1_617' title='bbox 2739 3656 2799 3710; x_wconf 78' lang='grc' dir='ltr'><strong>ὃν</strong></span> <span class='ocrx_word' id='word_1_618' title='bbox 2826 3657 3058 3728; x_wconf 78' lang='grc' dir='ltr'><strong>εἴπομεν</strong></span> <span class='ocrx_word' id='word_1_619' title='bbox 3103 3657 3323 3728; x_wconf 82' lang='grc' dir='ltr'><strong>τρόπον,</strong></span> <span class='ocrx_word' id='word_1_620' title='bbox 3371 3656 3471 3710; x_wconf 70' lang='grc' dir='ltr'><strong>καὶ</strong></span> <span class='ocrx_word' id='word_1_621' title='bbox 3521 3650 3597 3726; x_wconf 84' lang='grc' dir='ltr'><strong>μὴ</strong></span> <span class='ocrx_word' id='word_1_622' title='bbox 3642 3650 3787 3721; x_wconf 75' lang='grc' dir='ltr'><strong>γνοὺς</strong></span> 
     </span>
    </p>
   </div>
   <div class='ocr_carea' id='block_1_93' title="bbox 2216 3741 3791 3819">
    <p class='ocr_par' dir='ltr' id='par_1_93' title="bbox 2216 3741 3791 3819">
     <span class='ocr_line' id='line_1_94' title="bbox 2216 3741 3791 3819; baseline -0.004 -19"><span class='ocrx_word' id='word_1_623' title='bbox 2216 3747 2357 3811; x_wconf 89' lang='grc' dir='ltr'><strong>τίνες</strong></span> <span class='ocrx_word' id='word_1_624' title='bbox 2389 3743 2497 3801; x_wconf 76' lang='grc' dir='ltr'><strong>είεν</strong></span> <span class='ocrx_word' id='word_1_625' title='bbox 2529 3749 2578 3800; x_wconf 76' lang='lat' dir='ltr'><strong>oi</strong></span> <span class='ocrx_word' id='word_1_626' title='bbox 2603 3747 3043 3819; x_wconf 85' lang='grc' dir='ltr'><strong>έρμηνεύσαντες</strong></span> <span class='ocrx_word' id='word_1_627' title='bbox 3069 3747 3262 3813; x_wconf 82' lang='grc' dir='ltr'><strong>αὑτὰς,</strong></span> <span class='ocrx_word' id='word_1_628' title='bbox 3293 3745 3416 3800; x_wconf 86' lang='grc' dir='ltr'><strong>καθ’</strong></span> <span class='ocrx_word' id='word_1_629' title='bbox 3444 3745 3542 3809; x_wconf 78' lang='grc' dir='ltr'><strong>οὓς</strong></span> <span class='ocrx_word' id='word_1_630' title='bbox 3571 3741 3791 3813; x_wconf 83' lang='grc' dir='ltr'><strong>εὑρέθη-</strong></span> 
     </span>
    </p>
   </div>
   <div class='ocr_carea' id='block_1_94' title="bbox 2219 3832 3794 3909">
    <p class='ocr_par' dir='ltr' id='par_1_94' title="bbox 2219 3832 3794 3909">
     <span class='ocr_line' id='line_1_95' title="bbox 2219 3832 3794 3909; baseline -0.005 -18"><span class='ocrx_word' id='word_1_631' title='bbox 2219 3855 2315 3891; x_wconf 91' lang='grc' dir='ltr'><strong>σαν</strong></span> <span class='ocrx_word' id='word_1_632' title='bbox 2343 3837 2590 3909; x_wconf 75' lang='grc' dir='ltr'><strong>χρόνους,</strong></span> <span class='ocrx_word' id='word_1_633' title='bbox 2639 3841 2759 3902; x_wconf 80' lang='grc' dir='ltr'><strong>ταῖς</strong></span> <span class='ocrx_word' id='word_1_634' title='bbox 2805 3838 2912 3909; x_wconf 79' lang='grc' dir='ltr'><strong>πρὸ</strong></span> <span class='ocrx_word' id='word_1_635' title='bbox 2949 3838 3130 3892; x_wconf 82' lang='grc' dir='ltr'><strong>αὐτῶν</strong></span> <span class='ocrx_word' id='word_1_636' title='bbox 3168 3835 3460 3908; x_wconf 85' lang='grc' dir='ltr'><strong>τέσσαρσιν</strong></span> <span class='ocrx_word' id='word_1_637' title='bbox 3497 3832 3794 3891; x_wconf 81' lang='grc' dir='ltr'><strong>ἀκολούθως</strong></span> 
     </span>
    </p>
   </div>
   <div class='ocr_carea' id='block_1_95' title="bbox 2218 3925 3797 4001">
    <p class='ocr_par' dir='ltr' id='par_1_95' title="bbox 2218 3925 3797 4001">
     <span class='ocr_line' id='line_1_96' title="bbox 2218 3925 3797 4001; baseline -0.002 -20"><span class='ocrx_word' id='word_1_638' title='bbox 2218 3930 2282 3999; x_wconf 79' lang='grc' dir='ltr'><strong>τῇ</strong></span> <span class='ocrx_word' id='word_1_639' title='bbox 2317 3927 2616 3999; x_wconf 80' lang='grc' dir='ltr'><strong>παραθέσει</strong></span> <span class='ocrx_word' id='word_1_640' title='bbox 2642 3930 2974 4000; x_wconf 79' lang='grc' dir='ltr'><strong>συνυφήνας,</strong></span> <span class='ocrx_word' id='word_1_641' title='bbox 3003 3931 3102 4001; x_wconf 80' lang='grc' dir='ltr'><strong>τὴν</strong></span> <span class='ocrx_word' id='word_1_642' title='bbox 3131 3929 3259 4000; x_wconf 86' lang='grc' dir='ltr'><strong>μίαν</strong></span> <span class='ocrx_word' id='word_1_643' title='bbox 3290 3929 3564 4000; x_wconf 86' lang='grc' dir='ltr'><strong>Πέμπτην</strong></span> <span class='ocrx_word' id='word_1_644' title='bbox 3594 3925 3797 3995; x_wconf 83' lang='grc' dir='ltr'><strong>ὠνόμα-</strong></span> 
     </span>
    </p>
   </div>
   <div class='ocr_carea' id='block_1_96' title="bbox 2220 4016 3795 4092">
    <p class='ocr_par' dir='ltr' id='par_1_96' title="bbox 2220 4016 3795 4092">
     <span class='ocr_line' id='line_1_97' title="bbox 2220 4016 3795 4092; baseline -0.003 -20"><span class='ocrx_word' id='word_1_645' title='bbox 2220 4036 2333 4084; x_wconf 93' lang='grc' dir='ltr'><strong>σεν,</strong></span> <span class='ocrx_word' id='word_1_646' title='bbox 2360 4020 2668 4090; x_wconf 66' lang='grc' dir='ltr'><strong>ἐπιγράψας</strong></span> <span class='ocrx_word' id='word_1_647' title='bbox 2696 4019 2784 4074; x_wconf 83' lang='grc' dir='ltr'><strong>διὰ</strong></span> <span class='ocrx_word' id='word_1_648' title='bbox 2812 4020 2904 4073; x_wconf 82' lang='grc' dir='ltr'><strong>τοῦ</strong></span> <span class='ocrx_word' id='word_1_649' title='bbox 2937 4021 3191 4092; x_wconf 82' lang='grc' dir='ltr'><strong>πέμπτου</strong></span> <span class='ocrx_word' id='word_1_650' title='bbox 3225 4021 3492 4091; x_wconf 85' lang='grc' dir='ltr'><strong>στοιχείου</strong></span> <span class='ocrx_word' id='word_1_651' title='bbox 3529 4021 3630 4090; x_wconf 84' lang='grc' dir='ltr'><strong>τῆς</strong></span> <span class='ocrx_word' id='word_1_652' title='bbox 3657 4016 3795 4084; x_wconf 73' lang='grc' dir='ltr'><strong>πέμο</strong></span> 
     </span>
    </p>
   </div>
   <div class='ocr_carea' id='block_1_97' title="bbox 2221 4107 3801 4182">
    <p class='ocr_par' dir='ltr' id='par_1_97' title="bbox 2221 4107 3801 4182">
     <span class='ocr_line' id='line_1_98' title="bbox 2221 4107 3801 4182; baseline -0.003 -18"><span class='ocrx_word' id='word_1_653' title='bbox 2221 4126 2360 4182; x_wconf 84' lang='grc' dir='ltr'><strong>πτης</strong></span> <span class='ocrx_word' id='word_1_654' title='bbox 2383 4111 2474 4164; x_wconf 82' lang='grc' dir='ltr'><strong>τὸν</strong></span> <span class='ocrx_word' id='word_1_655' title='bbox 2500 4111 2754 4182; x_wconf 81' lang='grc' dir='ltr'><strong>ἀριθμὸν,</strong></span> <span class='ocrx_word' id='word_1_656' title='bbox 2790 4112 2886 4166; x_wconf 76' lang='grc' dir='ltr'><strong>καὶ</strong></span> <span class='ocrx_word' id='word_1_657' title='bbox 2916 4111 3164 4181; x_wconf 81' lang='grc' dir='ltr'><strong>δηλώσας</strong></span> <span class='ocrx_word' id='word_1_658' title='bbox 3194 4113 3255 4165; x_wconf 84' lang='grc' dir='ltr'><strong>τὸ</strong></span> <span class='ocrx_word' id='word_1_659' title='bbox 3288 4111 3486 4182; x_wconf 77' lang='grc' dir='ltr'><strong>ὄνομα.</strong></span> <span class='ocrx_word' id='word_1_660' title='bbox 3530 4107 3801 4168; x_wconf 77' lang='grc' dir='ltr'><strong>Ὡσαύτως</strong></span> 
     </span>
    </p>
   </div>
   <div class='ocr_carea' id='block_1_98' title="bbox 2219 4200 3798 4275">
    <p class='ocr_par' dir='ltr' id='par_1_98' title="bbox 2219 4200 3798 4275">
     <span class='ocr_line' id='line_1_99' title="bbox 2219 4200 3798 4275; baseline 0.004 -22"><span class='ocrx_word' id='word_1_661' title='bbox 2219 4201 2274 4254; x_wconf 82' lang='grc' dir='ltr'><strong>δὲ</strong></span> <span class='ocrx_word' id='word_1_662' title='bbox 2308 4201 2400 4254; x_wconf 74' lang='grc' dir='ltr'><strong>καὶ</strong></span> <span class='ocrx_word' id='word_1_663' title='bbox 2426 4202 2522 4272; x_wconf 75' lang='grc' dir='ltr'><strong>τὴν</strong></span> <span class='ocrx_word' id='word_1_664' title='bbox 2551 4203 2666 4272; x_wconf 76' lang='grc' dir='ltr'><strong>μετ’</strong></span> <span class='ocrx_word' id='word_1_665' title='bbox 2699 4203 2872 4274; x_wconf 82' lang='grc' dir='ltr'><strong>αὐτὴν</strong></span> <span class='ocrx_word' id='word_1_666' title='bbox 2897 4203 2960 4256; x_wconf 77' lang='grc' dir='ltr'><strong>τὸ</strong></span> <span class='ocrx_word' id='word_1_667' title='bbox 2979 4203 3250 4275; x_wconf 69' lang='grc' dir='ltr'><strong>ἐπίσημον</strong></span> <span class='ocrx_word' id='word_1_668' title='bbox 3274 4203 3598 4274; x_wconf 73' lang='grc' dir='ltr'><strong>ἐπιγράψας</strong></span> <span class='ocrx_word' id='word_1_669' title='bbox 3619 4200 3680 4254; x_wconf 84' lang='grc' dir='ltr'><strong>τὺ</strong></span> <span class='ocrx_word' id='word_1_670' title='bbox 3709 4200 3798 4266; x_wconf 76' lang='grc' dir='ltr'><strong>τῆς</strong></span> 
     </span>
    </p>
   </div>
   <div class='ocr_carea' id='block_1_99' title="bbox 2223 4291 3804 4368">
    <p class='ocr_par' dir='ltr' id='par_1_99' title="bbox 2223 4291 3804 4368">
     <span class='ocr_line' id='line_1_100' title="bbox 2223 4291 3804 4368; baseline 0.004 -21"><span class='ocrx_word' id='word_1_671' title='bbox 2223 4295 2427 4366; x_wconf 84' lang='grc' dir='ltr'><strong>Ἔκτης</strong></span> <span class='ocrx_word' id='word_1_672' title='bbox 2446 4297 2741 4366; x_wconf 79' lang='grc' dir='ltr'><strong>ἑρμηνείας</strong></span> <span class='ocrx_word' id='word_1_673' title='bbox 2753 4296 2921 4368; x_wconf 75' lang='grc' dir='ltr'><strong>ὄνομα</strong></span> <span class='ocrx_word' id='word_1_674' title='bbox 2944 4297 3228 4368; x_wconf 81' lang='grc' dir='ltr'><strong>ἐδήλωσεν.</strong></span> <span class='ocrx_word' id='word_1_675' title='bbox 3257 4297 3416 4350; x_wconf 85' lang='grc' dir='ltr'><strong>Ἀλλὰ</strong></span> <span class='ocrx_word' id='word_1_676' title='bbox 3437 4297 3538 4350; x_wconf 68' lang='grc' dir='ltr'><strong>καὶ</strong></span> <span class='ocrx_word' id='word_1_677' title='bbox 3552 4291 3804 4365; x_wconf 74' lang='grc' dir='ltr'><strong>τεχνικῶς</strong></span> 
     </span>
    </p>
   </div>
   <div class='ocr_carea' id='block_1_100' title="bbox 2225 4384 3805 4460">
    <p class='ocr_par' dir='ltr' id='par_1_100' title="bbox 2225 4384 3805 4460">
     <span class='ocr_line' id='line_1_101' title="bbox 2225 4384 3805 4460; baseline -0.004 -22"><span class='ocrx_word' id='word_1_678' title='bbox 2225 4385 2384 4439; x_wconf 80' lang='grc' dir='ltr'><strong>τοῦτο</strong></span> <span class='ocrx_word' id='word_1_679' title='bbox 2410 4387 2724 4457; x_wconf 76' lang='grc' dir='ltr'><strong>εἰργάσατο,</strong></span> <span class='ocrx_word' id='word_1_680' title='bbox 2750 4389 2886 4460; x_wconf 84' lang='grc' dir='ltr'><strong>ὅπερ</strong></span> <span class='ocrx_word' id='word_1_681' title='bbox 2907 4384 3015 4443; x_wconf 84' lang='grc' dir='ltr'><strong>τῶν</strong></span> <span class='ocrx_word' id='word_1_682' title='bbox 3038 4387 3334 4458; x_wconf 83' lang='grc' dir='ltr'><strong>φιλολόγων</strong></span> <span class='ocrx_word' id='word_1_683' title='bbox 3358 4387 3516 4450; x_wconf 81' lang='grc' dir='ltr'><strong>τινὰς</strong></span> <span class='ocrx_word' id='word_1_684' title='bbox 3537 4385 3805 4440; x_wconf 86' lang='grc' dir='ltr'><strong>λανθάνει.</strong></span> 
     </span>
    </p>
   </div>
   <div class='ocr_carea' id='block_1_101' title="bbox 2229 4473 3810 4551">
    <p class='ocr_par' dir='ltr' id='par_1_101' title="bbox 2229 4473 3810 4551">
     <span class='ocr_line' id='line_1_102' title="bbox 2229 4473 3810 4551; baseline -0.003 -21"><span class='ocrx_word' id='word_1_685' title='bbox 2229 4477 2674 4548; x_wconf 83' lang='grc' dir='ltr'><strong>Ἐντυγχάνοντες</strong></span> <span class='ocrx_word' id='word_1_686' title='bbox 2700 4479 2810 4551; x_wconf 81' lang='grc' dir='ltr'><strong>γὰρ</strong></span> <span class='ocrx_word' id='word_1_687' title='bbox 2838 4483 2950 4544; x_wconf 86' lang='grc' dir='ltr'><strong>τοῖς</strong></span> <span class='ocrx_word' id='word_1_688' title='bbox 2987 4479 3327 4546; x_wconf 75' lang='grc' dir='ltr'><strong>Έξαπλοῖς,</strong></span> <span class='ocrx_word' id='word_1_689' title='bbox 3376 4479 3408 4550; x_wconf 78' lang='grc' dir='ltr'>ἦ</span> <span class='ocrx_word' id='word_1_690' title='bbox 3453 4473 3810 4538; x_wconf 73' lang='grc' dir='ltr'><strong>Ὀκταπλοῑς</strong></span> 
     </span>
    </p>
   </div>
   <div class='ocr_carea' id='block_1_102' title="bbox 2231 4565 3815 4642">
    <p class='ocr_par' dir='ltr' id='par_1_102' title="bbox 2231 4565 3815 4642">
     <span class='ocr_line' id='line_1_103' title="bbox 2231 4565 3815 4642; baseline -0.002 -22"><span class='ocrx_word' id='word_1_691' title='bbox 2231 4565 2564 4637; x_wconf 75' lang='grc' dir='ltr'><strong>(Τετραπλᾶ</strong></span> <span class='ocrx_word' id='word_1_692' title='bbox 2594 4569 2702 4639; x_wconf 84' lang='grc' dir='ltr'><strong>γάρ</strong></span> <span class='ocrx_word' id='word_1_693' title='bbox 2727 4571 2830 4622; x_wconf 87' lang='grc' dir='ltr'><strong>είσι</strong></span> <span class='ocrx_word' id='word_1_694' title='bbox 2851 4571 2918 4624; x_wconf 83' lang='grc' dir='ltr'><strong>τά</strong></span> <span class='ocrx_word' id='word_1_695' title='bbox 2951 4570 3260 4642; x_wconf 73' lang='grc' dir='ltr'><strong>Ἑλληνικὰ,</strong></span> <span class='ocrx_word' id='word_1_696' title='bbox 3291 4571 3418 4624; x_wconf 84' lang='grc' dir='ltr'><strong>ὅταν</strong></span> <span class='ocrx_word' id='word_1_697' title='bbox 3448 4572 3506 4623; x_wconf 72' lang='lat' dir='ltr'><strong>at</strong></span> <span class='ocrx_word' id='word_1_698' title='bbox 3540 4569 3639 4622; x_wconf 74' lang='grc' dir='ltr'><strong>τοῦ</strong></span> <span class='ocrx_word' id='word_1_699' title='bbox 3660 4565 3815 4620; x_wconf 81' lang='grc' dir='ltr'><strong>Ἀκύ-</strong></span> 
     </span>
    </p>
   </div>
   <div class='ocr_carea' id='block_1_103' title="bbox 2230 4657 3818 4733">
    <p class='ocr_par' dir='ltr' id='par_1_103' title="bbox 2230 4657 3818 4733">
     <span class='ocr_line' id='line_1_104' title="bbox 2230 4657 3818 4733; baseline -0.001 -22"><span class='ocrx_word' id='word_1_700' title='bbox 2230 4659 2316 4722; x_wconf 92' lang='grc' dir='ltr'><strong>λα,</strong></span> <span class='ocrx_word' id='word_1_701' title='bbox 2364 4659 2458 4713; x_wconf 80' lang='grc' dir='ltr'><strong>καὶ</strong></span> <span class='ocrx_word' id='word_1_702' title='bbox 2504 4661 2826 4732; x_wconf 85' lang='grc' dir='ltr'><strong>Συμμάχου,</strong></span> <span class='ocrx_word' id='word_1_703' title='bbox 2869 4663 2961 4715; x_wconf 75' lang='grc' dir='ltr'><strong>καὶ</strong></span> <span class='ocrx_word' id='word_1_704' title='bbox 3008 4662 3115 4715; x_wconf 85' lang='grc' dir='ltr'><strong>τῶν</strong></span> <span class='ocrx_word' id='word_1_705' title='bbox 3161 4659 3690 4733; x_wconf 84' lang='grc' dir='ltr'><strong>Ἐϐδομηκονταδύο,</strong></span> <span class='ocrx_word' id='word_1_706' title='bbox 3724 4657 3818 4711; x_wconf 69' lang='grc' dir='ltr'><strong>καὶ</strong></span> 
     </span>
    </p>
   </div>
   <div class='ocr_carea' id='block_1_104' title="bbox 2231 4747 3820 4824">
    <p class='ocr_par' dir='ltr' id='par_1_104' title="bbox 2231 4747 3820 4824">
     <span class='ocr_line' id='line_1_105' title="bbox 2231 4747 3820 4824; baseline -0.001 -21"><span class='ocrx_word' id='word_1_707' title='bbox 2231 4749 2583 4815; x_wconf 87' lang='grc' dir='ltr'><strong>Θεοδοτίωνος</strong></span> <span class='ocrx_word' id='word_1_708' title='bbox 2612 4753 2898 4824; x_wconf 79' lang='grc' dir='ltr'><strong>ἑρμηνεῖαι</strong></span> <span class='ocrx_word' id='word_1_709' title='bbox 2929 4753 3359 4824; x_wconf 78' lang='grc' dir='ltr'><strong>συντεταγμέναι</strong></span> <span class='ocrx_word' id='word_1_710' title='bbox 3384 4747 3507 4806; x_wconf 79' lang='grc' dir='ltr'><strong>ὦσι.</strong></span> <span class='ocrx_word' id='word_1_711' title='bbox 3547 4749 3673 4803; x_wconf 83' lang='grc' dir='ltr'><strong>Τῶν</strong></span> <span class='ocrx_word' id='word_1_712' title='bbox 3701 4765 3820 4802; x_wconf 84' lang='grc' dir='ltr'><strong>τεσ-</strong></span> 
     </span>
    </p>
   </div>
   <div class='ocr_carea' id='block_1_105' title="bbox 2231 4841 3821 4915">
    <p class='ocr_par' dir='ltr' id='par_1_105' title="bbox 2231 4841 3821 4915">
     <span class='ocr_line' id='line_1_106' title="bbox 2231 4841 3821 4915; baseline -0.001 -22"><span class='ocrx_word' id='word_1_713' title='bbox 2231 4841 2413 4911; x_wconf 84' lang='grc' dir='ltr'><strong>σάρων</strong></span> <span class='ocrx_word' id='word_1_714' title='bbox 2451 4841 2508 4894; x_wconf 88' lang='grc' dir='ltr'><strong>δὲ</strong></span> <span class='ocrx_word' id='word_1_715' title='bbox 2547 4843 2752 4896; x_wconf 86' lang='grc' dir='ltr'><strong>τούτων</strong></span> <span class='ocrx_word' id='word_1_716' title='bbox 2785 4844 3007 4898; x_wconf 84' lang='grc' dir='ltr'><strong>σελίδων</strong></span> <span class='ocrx_word' id='word_1_717' title='bbox 3035 4846 3158 4907; x_wconf 80' lang='grc' dir='ltr'><strong>ταῖς</strong></span> <span class='ocrx_word' id='word_1_718' title='bbox 3185 4845 3306 4896; x_wconf 87' lang='grc' dir='ltr'><strong>δυσὶ</strong></span> <span class='ocrx_word' id='word_1_719' title='bbox 3332 4845 3455 4906; x_wconf 82' lang='grc' dir='ltr'><strong>ταῖς</strong></span> <span class='ocrx_word' id='word_1_720' title='bbox 3495 4841 3821 4915; x_wconf 82' lang='grc' dir='ltr'><strong>Ἑϐραϊκαῖς</strong></span> 
     </span>
    </p>
   </div>
   <div class='ocr_carea' id='block_1_106' title="bbox 2232 4935 3826 5005">
    <p class='ocr_par' dir='ltr' id='par_1_106' title="bbox 2232 4935 3826 5005">
     <span class='ocr_line' id='line_1_107' title="bbox 2232 4935 3826 5005; baseline 0.001 -19"><span class='ocrx_word' id='word_1_721' title='bbox 2232 4935 2630 5004; x_wconf 83' lang='grc' dir='ltr'><strong>συναφθεισῶν,</strong></span> <span class='ocrx_word' id='word_1_722' title='bbox 2675 4937 2949 5000; x_wconf 77' lang='grc' dir='ltr'><strong>Ἑξαπλᾶ</strong></span> <span class='ocrx_word' id='word_1_723' title='bbox 2983 4939 3250 4992; x_wconf 82' lang='grc' dir='ltr'><strong>καλεῖται.</strong></span> <span class='ocrx_word' id='word_1_724' title='bbox 3298 4936 3425 4990; x_wconf 82' lang='grc' dir='ltr'><strong>Ἐὰν</strong></span> <span class='ocrx_word' id='word_1_725' title='bbox 3445 4935 3502 4988; x_wconf 77' lang='grc' dir='ltr'><strong>δὲ</strong></span> <span class='ocrx_word' id='word_1_726' title='bbox 3544 4938 3646 4990; x_wconf 78' lang='grc' dir='ltr'><strong>καὶ</strong></span> <span class='ocrx_word' id='word_1_727' title='bbox 3677 4936 3826 5005; x_wconf 73' lang='lat' dir='ltr'><strong>{lt-5y.-</strong></span> 
     </span>
    </p>
   </div>
   <div class='ocr_carea' id='block_1_107' title="bbox 2234 5026 3828 5100">
    <p class='ocr_par' dir='ltr' id='par_1_107' title="bbox 2234 5026 3828 5100">
     <span class='ocr_line' id='line_1_108' title="bbox 2234 5026 3828 5100; baseline 0 -21"><span class='ocrx_word' id='word_1_728' title='bbox 2234 5044 2342 5097; x_wconf 88' lang='grc' dir='ltr'><strong>πτη</strong></span> <span class='ocrx_word' id='word_1_729' title='bbox 2381 5028 2472 5081; x_wconf 75' lang='grc' dir='ltr'><strong>καὶ</strong></span> <span class='ocrx_word' id='word_1_730' title='bbox 2513 5030 2546 5098; x_wconf 83' lang='grc' dir='ltr'><strong>ἡ</strong></span> <span class='ocrx_word' id='word_1_731' title='bbox 2597 5027 2768 5099; x_wconf 83' lang='grc' dir='ltr'><strong>Ἐκτη</strong></span> <span class='ocrx_word' id='word_1_732' title='bbox 2795 5029 3058 5100; x_wconf 83' lang='grc' dir='ltr'><strong>ἑρμηνεία</strong></span> <span class='ocrx_word' id='word_1_733' title='bbox 3102 5028 3461 5098; x_wconf 75' lang='grc' dir='ltr'><strong>συναφθῶσιν,</strong></span> <span class='ocrx_word' id='word_1_734' title='bbox 3507 5026 3828 5088; x_wconf 79' lang='grc' dir='ltr'><strong>ἀκολούθως</strong></span> 
     </span>
    </p>
   </div>
   <div class='ocr_carea' id='block_1_108' title="bbox 2231 5119 3830 5188">
    <p class='ocr_par' dir='ltr' id='par_1_108' title="bbox 2231 5119 3830 5188">
     <span class='ocr_line' id='line_1_109' title="bbox 2231 5119 3830 5188; baseline 0.004 -16"><span class='ocrx_word' id='word_1_735' title='bbox 2231 5119 2441 5182; x_wconf 89' lang='grc' dir='ltr'><strong>τούτοις</strong></span> <span class='ocrx_word' id='word_1_736' title='bbox 2463 5120 2766 5175; x_wconf 68' lang='grc' dir='ltr'><strong>Ὀκταπλᾶ</strong></span> <span class='ocrx_word' id='word_1_737' title='bbox 2793 5121 3088 5188; x_wconf 81' lang='grc' dir='ltr'><strong>καλεῖται)ο</strong></span> <span class='ocrx_word' id='word_1_738' title='bbox 3133 5122 3277 5185; x_wconf 84' lang='grc' dir='ltr'><strong>τινὲς</strong></span> <span class='ocrx_word' id='word_1_739' title='bbox 3297 5121 3496 5182; x_wconf 88' lang='grc' dir='ltr'><strong>τοίνυν,</strong></span> <span class='ocrx_word' id='word_1_740' title='bbox 3546 5121 3631 5183; x_wconf 80' lang='grc' dir='ltr'><strong>ὡς</strong></span> <span class='ocrx_word' id='word_1_741' title='bbox 3674 5120 3830 5186; x_wconf 67' lang='grc' dir='ltr'><strong>ἔφην,</strong></span> 
     </span>
    </p>
   </div>
   <div class='ocr_carea' id='block_1_109' title="bbox 2234 5212 3833 5284">
    <p class='ocr_par' dir='ltr' id='par_1_109' title="bbox 2234 5212 3833 5284">
     <span class='ocr_line' id='line_1_110' title="bbox 2234 5212 3833 5284; baseline -0.001 -21"><span class='ocrx_word' id='word_1_742' title='bbox 2234 5212 2457 5269; x_wconf 80' lang='grc' dir='ltr'><strong>ταύταις</strong></span> <span class='ocrx_word' id='word_1_743' title='bbox 2485 5215 2603 5275; x_wconf 83' lang='grc' dir='ltr'><strong>ταῖς</strong></span> <span class='ocrx_word' id='word_1_744' title='bbox 2639 5212 2841 5281; x_wconf 81' lang='grc' dir='ltr'><strong>βίϐλοις</strong></span> <span class='ocrx_word' id='word_1_745' title='bbox 2878 5215 3316 5284; x_wconf 70' lang='grc' dir='ltr'><strong>ἐντυγχάνοντες,</strong></span> <span class='ocrx_word' id='word_1_746' title='bbox 3344 5213 3437 5265; x_wconf 73' lang='grc' dir='ltr'><strong>καὶ</strong></span> <span class='ocrx_word' id='word_1_747' title='bbox 3467 5213 3833 5283; x_wconf 81' lang='grc' dir='ltr'><strong>εὑρίσκοντες</strong></span> 
     </span>
    </p>
   </div>
   <div class='ocr_carea' id='block_1_110' title="bbox 2239 5299 3838 5372">
    <p class='ocr_par' dir='ltr' id='par_1_110' title="bbox 2239 5299 3838 5372">
     <span class='ocr_line' id='line_1_111' title="bbox 2239 5299 3838 5372; baseline -0.001 -21"><span class='ocrx_word' id='word_1_748' title='bbox 2239 5299 2334 5362; x_wconf 87' lang='grc' dir='ltr'><strong>τὰς</strong></span> <span class='ocrx_word' id='word_1_749' title='bbox 2357 5301 2450 5353; x_wconf 83' lang='grc' dir='ltr'><strong>δύο</strong></span> <span class='ocrx_word' id='word_1_750' title='bbox 2483 5301 2779 5371; x_wconf 77' lang='grc' dir='ltr'><strong>Ἐϐραῖκάς</strong></span> <span class='ocrx_word' id='word_1_751' title='bbox 2809 5302 3049 5372; x_wconf 84' lang='grc' dir='ltr'><strong>πρώτοις</strong></span> <span class='ocrx_word' id='word_1_752' title='bbox 3075 5310 3089 5334; x_wconf 75' lang='grc'>³</span> <span class='ocrx_word' id='word_1_753' title='bbox 3117 5302 3400 5372; x_wconf 82' lang='grc' dir='ltr'><strong>κειμένας,</strong></span> <span class='ocrx_word' id='word_1_754' title='bbox 3445 5301 3590 5370; x_wconf 78' lang='grc' dir='ltr'><strong>μετὰ</strong></span> <span class='ocrx_word' id='word_1_755' title='bbox 3627 5299 3838 5358; x_wconf 81' lang='grc' dir='ltr'><strong>ταύτας</strong></span> 
     </span>
    </p>
   </div>
   <div class='ocr_carea' id='block_1_111' title="bbox 2238 5386 3837 5463">
    <p class='ocr_par' dir='ltr' id='par_1_111' title="bbox 2238 5386 3837 5463">
     <span class='ocr_line' id='line_1_112' title="bbox 2238 5386 3837 5463; baseline 0.001 -21"><span class='ocrx_word' id='word_1_756' title='bbox 2238 5390 2294 5442; x_wconf 84' lang='grc' dir='ltr'><strong>δὲ</strong></span> <span class='ocrx_word' id='word_1_757' title='bbox 2319 5391 2416 5462; x_wconf 83' lang='grc' dir='ltr'><strong>τὴν</strong></span> <span class='ocrx_word' id='word_1_758' title='bbox 2443 5391 2536 5444; x_wconf 77' lang='grc' dir='ltr'><strong>τοῦ</strong></span> <span class='ocrx_word' id='word_1_759' title='bbox 2565 5393 2767 5446; x_wconf 80' lang='grc' dir='ltr'><strong>Ἀκύλα</strong></span> <span class='ocrx_word' id='word_1_760' title='bbox 2811 5395 3175 5463; x_wconf 88' lang='grc' dir='ltr'><strong>τεταγμένην,</strong></span> <span class='ocrx_word' id='word_1_761' title='bbox 3213 5393 3333 5463; x_wconf 88' lang='grc' dir='ltr'><strong>μεθ’</strong></span> <span class='ocrx_word' id='word_1_762' title='bbox 3371 5393 3437 5462; x_wconf 79' lang='grc' dir='ltr'><strong>ἣν</strong></span> <span class='ocrx_word' id='word_1_763' title='bbox 3466 5391 3571 5446; x_wconf 74' lang='grc' dir='ltr'><strong>καὶ</strong></span> <span class='ocrx_word' id='word_1_764' title='bbox 3607 5388 3711 5462; x_wconf 76' lang='grc' dir='ltr'><strong>τὴν</strong></span> <span class='ocrx_word' id='word_1_765' title='bbox 3742 5386 3837 5441; x_wconf 76' lang='grc' dir='ltr'><strong>τοῦ</strong></span> 
     </span>
    </p>
   </div>
   <div class='ocr_carea' id='block_1_112' title="bbox 2240 5479 3843 5556">
    <p class='ocr_par' dir='ltr' id='par_1_112' title="bbox 2240 5479 3843 5556">
     <span class='ocr_line' id='line_1_113' title="bbox 2240 5479 3843 5556; baseline 0.007 -23"><span class='ocrx_word' id='word_1_766' title='bbox 2240 5483 2556 5554; x_wconf 82' lang='grc' dir='ltr'><strong>Συμμάχου,</strong></span> <span class='ocrx_word' id='word_1_767' title='bbox 2588 5485 2777 5539; x_wconf 73' lang='grc' dir='ltr'><strong>ἔπειτα</strong></span> <span class='ocrx_word' id='word_1_768' title='bbox 2801 5486 2898 5556; x_wconf 80' lang='grc' dir='ltr'><strong>τὴν</strong></span> <span class='ocrx_word' id='word_1_769' title='bbox 2919 5485 3029 5540; x_wconf 84' lang='grc' dir='ltr'><strong>τῶν</strong></span> <span class='ocrx_word' id='word_1_770' title='bbox 3067 5483 3595 5556; x_wconf 76' lang='grc' dir='ltr'><strong>Ἐϐδομηκονταδύο,</strong></span> <span class='ocrx_word' id='word_1_771' title='bbox 3633 5481 3758 5556; x_wconf 75' lang='grc' dir='ltr'><strong>μεθ’·</strong></span> <span class='ocrx_word' id='word_1_772' title='bbox 3777 5479 3843 5544; x_wconf 73' lang='grc' dir='ltr'>ἃς</span> 
     </span>
    </p>
   </div>
  </div>
