3916 6196
260 292 347 347 2ος)
1202 293 1407 349 ιιιῑΕιι
1446 293 1534 347 DE
1574 291 1924 348 MENSURIS
1958 294 2045 349 ΕΤ
2085 293 2542 351 PONDERIBUS.

3401 308 3506 364 270

263 411 290 477 ἡ
315 408 402 462 τοῦ
431 408 788 473 Θεοδοτίωνος
816 410 1194 474 συντέτακται,
1229 411 1323 464 καὶ
1351 410 1479 481 ἑξῆς
1520 413 1552 479 ἡ
1600 411 1830 482 Πέμπτη

1950 412 2190 482 lispositi
2218 423 2346 466 sunt
2375 412 2592 477 ordine,
2625 410 2768 470 LXX
2798 413 2948 482 ipsos
2977 418 3342 473 antecessisse
3371 419 3508 475 falso

259 516 308 554 τε
324 501 410 554 καὶ
422 499 618 570 Ἕκτη,
640 500 857 553 δοκοῦσι
881 499 1129 573 πρώτους
1141 501 1477 574 ἑρμηνεῦσαι
1489 501 1578 555 τὸν
1598 502 1828 555 Ἀκύλαν

260 594 341 647 καί
373 592 462 646 τὸν
501 591 800 663 Σύμμαχον
841 591 951 646 τῶν
1002 591 1523 663 Ἐϐδομηκονταδύο,
1557 595 1699 648 κατὰ
1730 593 1829 664 τὴν

261 685 396 749 τάξιν
441 684 543 754 τῆς
575 683 802 750 θέσεως,
846 685 984 757 ὅπερ
1013 685 1116 738 οὐκ
1148 683 1316 739 ἔστιν.
1358 684 1500 737 Ἀλλ’
1545 684 1829 758 Ὠριγένης

263 777 550 846 πυθόμενος
578 777 678 847 τὴν
705 777 814 830 τῶν
854 777 1355 849 Ἑϐδομηκονταδύο
1381 777 1594 831 ἔκδοσιν
1623 775 1829 848 ἀκριϐῆ

264 865 413 930 εἶναι,
455 869 623 941 μέσην
654 867 861 938 ταύτην
899 867 1217 938 συνέθηκεν,
1256 869 1406 931 ὅπως
1445 868 1542 933 τὰς
1578 866 1830 921 ἐντεῦθεν

261 961 345 1014 καὶ
367 959 616 1013 ἐντεῦθεν
641 959 941 1030 ἑρμηνείας
967 958 1236 1032 διελέγχῃ·
1253 957 1410 1012 τοῦτο
1431 958 1488 1011 δὲ
1509 958 1670 1030 μόνον
1694 959 1832 1029 Ὠρι-

259 1052 406 1123 γένης
427 1051 712 1122 χρησίμως
745 1049 1024 1122 ἐποίησεν.
1055 1051 1172 1103 Ἵνα
1191 1049 1247 1103 δὲ
1270 1050 1365 1102 καὶ
1392 1049 1502 1102 τῶν
1544 1048 1831 1121 Ῥωμαίων

259 1144 510 1215 βασιλέων
541 1143 643 1213 τὴν
688 1141 1037 1206 ἀκολουθίαν,
1082 1143 1149 1212 ἢν
1186 1140 1477 1212 ἠρξάμεθα
1511 1143 1705 1204 ποιεῖν,
1755 1141 1830 1212 μὴ

258 1232 698 1306 παραλείψωμεν,
733 1227 891 1294 αὖθις
928 1230 1030 1293 τὰς
1060 1229 1168 1283 τῶν
1205 1230 1380 1283 ἄλλων
1417 1228 1683 1301 βασιλέων
1713 1229 1833 1282 δια-

255 1326 422 1396 δοχὰς,
462 1323 647 1387 καθὼς
675 1323 905 1386 ἕκαστος
937 1323 1306 1388 ἐϐασίλευσεν,
1350 1321 1726 1391 ὑποτάξωμεν.

316 1419 400 1471 Κ’.
448 1413 607 1470 Μετὰ
635 1415 898 1486 Γαλίηνον
922 1416 937 1445 ¹
970 1415 1066 1468 καὶ
1093 1413 1484 1468 Οὑολουσιανὸν
1525 1413 1654 1476 τοὺς
1695 1429 1832 1483 προ-

255 1508 673 1581 γεγραμμένους
703 1506 1134 1578 βασιλεύσαντας
1158 1507 1252 1559 ὲπὶ
1273 1505 1417 1560 ἔτεσι
1449 1505 1542 1560 δύο
1574 1506 1668 1560 καὶ
1701 1504 1834 1576 μησὶ

251 1603 566 1673 τέσσαρσιν,
611 1585 962 1654 ἐϐασίλευσεν
1011 1599 1376 1670 Οὐαλεριανὸς
1425 1600 1521 1653 καὶ
1575 1598 1834 1668 Γαλίηνος

253 1696 336 1748 ἐπὶ
360 1695 515 1748 ἔτεσι
547 1693 776 1746 δώδεκα.
813 1692 906 1744 Ἐν
953 1690 1029 1761 τῷ
1073 1691 1278 1760 ὲννάτῳ
1313 1686 1408 1744 οὖν
1443 1690 1552 1744 ἔτει
1585 1691 1686 1760 τῆς
1711 1688 1835 1742 τού-

251 1807 349 1842 των
380 1785 671 1858 βασιλείας
707 1783 877 1855 ἀνέϐη
915 1783 1111 1853 Μάνης
1141 1782 1252 1837 ἀπὸ
1288 1784 1387 1854 τῆς
1421 1782 1701 1854 Περσίδος·
1744 1781 1834 1834 ὅτε

254 1881 520 1953 καὶπρὸς
564 1877 856 1949 Ἀρχέλαον
897 1876 991 1928 τὸν
1030 1875 1332 1929 ἐπίσκοπον
1380 1873 1691 1946 Κασχᾶρων
1733 1872 1836 1943 τῆς

252 1970 680 2040 Μεσοποταμίας
720 1969 1049 2039 συζητῆσας,
1092 1967 1187 2021 καὶ
1229 1967 1288 2019 τὸ
1329 1963 1491 2040 ἦττον
1532 1967 1839 2035 ἀπενεγκά-

256 2081 435 2136 μενος,
472 2061 778 2132 λεληθότως
809 2059 1041 2130 ἀπέδρα,
1087 2059 1183 2112 καὶ
1219 2058 1390 2111 ὲλθὼν
1425 2061 1505 2122 εἰς
1543 2057 1838 2128 Διοδωρίδα

252 2158 450 2229 κώμην
492 2155 595 2224 τῆς
638 2151 948 2223 Κασχὰρων
983 2150 1334 2222 περιοικίδος,
1383 2151 1476 2203 καὶ
1525 2148 1838 2219 συξητήσας

252 2251 513 2323 Τρύφωνι
553 2247 635 2318 τῷ
677 2245 819 2317 ἁγίῳ
858 2243 1237 2315 πρεσϐυτέρῳ,
1281 2241 1502 2305 τελείως
1540 2242 1632 2294 ὑπ’
1670 2238 1837 2293 αὐτοῦ

251 2338 627 2414 κατῃσχύνθη·
665 2337 746 2390 διὸ
767 2337 860 2390 καὶ
880 2335 1075 2404 ἔμελλε
1100 2334 1270 2397 λίθοις
1294 2333 1399 2386 ὑπὸ
1433 2332 1541 2385 τῶν
1567 2331 1712 2384 λαῶν
1743 2331 1838 2384 θα-

250 2429 568 2486 νατοῦσθαι·
609 2426 908 2498 λυτρωθεὶς
942 2426 1000 2478 δὲ
1034 2426 1140 2478 ὑπὸ
1177 2423 1273 2478 τοῦ
1315 2422 1614 2476 ἐπισκόπου
1650 2421 1840 2492 Ἀρχε-

248 2523 397 2578 λάου·
454 2522 548 2575 καὶ
578 2517 908 2589 ἀνακάμψας
935 2518 1014 2580 είς
1046 2516 1146 2588 τὴν
1172 2515 1430 2587 Περσίδα,
1468 2513 1713 2567 κελεύσει
1743 2510 1837 2565 τοῦ

251 2612 482 2684 Περσῶν
520 2610 807 2682 βασιλέως,
854 2608 1087 2679 καλάμῳ
1136 2606 1386 2679 ὲξεδάρη·
1434 2607 1531 2660 καὶ
1579 2604 1752 2668 οὕτως
1778 2603 1842 2655 τὸ

1931 503 2305 574 suspicantur.
2342 502 2448 558 Sed
2473 502 2735 574 Origenes
2763 503 3013 560 videlicet
3054 522 3178 560 cum
3206 507 3392 564 LXXII
3421 511 3514 565 lu-

1930 603 2230 668 terpretum
2265 595 2558 651 editionem
2595 596 3069 652 accuratissimam
3109 614 3231 655 esse
3278 616 3510 670 persua-

1933 704 2055 744 sum
2091 688 2337 752 haberet,
2373 688 2609 746 mediam
2647 690 2891 745 omnium
2940 705 3060 746 esse
3105 693 3297 756 voluit,
3341 703 3400 748 ut
3441 694 3510 750 ad

1933 791 2053 832 eam
2083 778 2341 847 utrinque
2373 777 2654 846 disposita:
2681 788 2908 845 ceterae,
2937 789 3193 850 tanquam
3227 782 3293 834 ad
3324 797 3512 838 amus-

1934 868 2038 924 sim
2073 869 2217 939 exigi
2264 869 2628 940 redarguique
2655 879 2882 938 possent
2907 888 2920 923 :
2952 872 3097 939 quod
3125 887 3292 926 unum
3321 871 3512 944 Orige-

1932 961 2022 1015 nis
2075 960 2356 1016 inventum
2396 961 2558 1030 longe
2601 960 2956 1016 utilissimum
3003 961 3130 1016 fuit.
3181 962 3287 1017 Sed
3326 972 3386 1018 ut
3427 965 3512 1019 in-

1933 1051 2188 1106 choatam
2218 1051 2592 1106 Romanorum
2644 1051 3036 1120 imperatorum
3081 1055 3276 1110 seriem
3325 1071 3512 1125 prose-

1934 1153 2184 1209 quamur,
2200 1147 2518 1195 ceterorum
2543 1141 2926 1196 successiones
2948 1151 3001 1196 et
3026 1143 3238 1213 imperii
3267 1153 3512 1215 tempora

1935 1232 2275 1304 subjicienda
2303 1231 2637 1301 putavimus.

2012 1405 2172 1476 176
2196 1403 2313 1459 XX.
2364 1404 2537 1476 Igitur
2579 1412 2705 1476 post
2750 1403 2964 1460 Gallum
3014 1413 3069 1462 et
3117 1405 3508 1472 Volusianum,

1936 1517 2075 1572 quos
2133 1515 2300 1569 sopra
2332 1498 2921 1566 commemoravimus,
2966 1499 3057 1568 qui
3105 1500 3266 1554 annis
3297 1500 3514 1555 duobus

1937 1607 2002 1646 ac
2032 1592 2312 1647 mensibus
2340 1598 2577 1660 quatuor
2609 1591 2969 1660 imperarunt,
3001 1606 3320 1646 successere
3356 1589 3518 1645 Vale-

1938 1684 2130 1738 rianus
2158 1691 2210 1737 et
2242 1680 2502 1736 Galienus
2524 1679 2685 1736 annis
2717 1681 3032 1736 duodecim.
3066 1681 3280 1748 Quibus
3311 1697 3518 1737 annum

1938 1790 2142 1830 nonum
2177 1775 2594 1844 imperantibus,
2619 1773 2805 1829 Manes
2835 1789 2866 1828 e
2893 1771 3114 1828 Perside
3147 1773 3215 1828 ad
3244 1772 3520 1828 Romano-

1938 1885 2060 1923 rum
2095 1869 2385 1938 imperium
2427 1867 2681 1922 accessit.
2719 1866 2840 1932 Quo
2876 1876 3124 1936 tempore
3156 1881 3281 1920 cum
3312 1865 3523 1921 Arche-

1937 1960 2025 2015 lao
2065 1957 2469 2016 Cascharorum
2513 1961 2567 2014 in
2610 1957 2999 2029 Mesopotamia
3040 1958 3298 2028 episcopo
3332 1957 3523 2027 dispu-

1938 2052 2106 2106 tando
2141 2059 2435 2121 superatus
2474 2051 2787 2104 clanculum
2837 2049 3069 2119 aufugit,
3113 2059 3167 2102 et
3205 2049 3271 2101 ad
3322 2063 3520 2118 pagum

1938 2143 2230 2214 quemdam
2266 2141 2560 2197 Cascharis
2615 2139 2854 2195 vicinum
2901 2139 3124 2193 nomine
3175 2136 3521 2191 Diodoridem

1942 2237 2240 2308 profectus,
2295 2233 2607 2302 ibidemque
2655 2247 2802 2292 cum.
2842 2229 3136 2300 Tryphone
3201 2229 3521 2300 presbytero

1940 2341 2297 2398 congressus,
2354 2324 2644 2378 convictus
2686 2334 2849 2392 atque
2887 2331 3134 2376 extremo
3162 2319 3368 2388 pudore
3397 2335 3524 2388 per-

1942 2421 2099 2475 fusus
2137 2426 2261 2473 est:
2296 2432 2362 2472 ex
2405 2431 2513 2486 quo
2550 2415 2826 2486 lapidibus
2875 2428 2906 2466 a
2943 2412 3143 2481 populo
3185 2418 3333 2466 esset
3359 2411 3527 2464 obru-

1941 2520 2066 2577 tus,
2132 2510 2247 2566 nisi
2317 2524 2440 2564 eum
2502 2507 2804 2562 Archelaus
2866 2505 3158 2574 episcopus
3211 2501 3522 2572 eripuisset.

1947 2602 2101 2659 Unde
2127 2618 2252 2657 cum
2299 2615 2553 2656 reversus
2598 2607 2744 2654 esset
2792 2599 2846 2652 in
2895 2597 3197 2659 Persidem,
3230 2595 3526 2652 Persarum

1942 2699 2088 2770 regis
2113 2697 2274 2767 jussu
2299 2695 2446 2749 cutis
2474 2693 2547 2747 illi
2585 2691 2910 2746 acutissimo
2939 2690 3154 2744 calamo
3185 2689 3525 2754 detrahitur;

347 2845 352 2849 -
1943 2791 2133 2858 itaque
2170 2793 2404 2839 mortem
2432 2781 2610 2836 obiit.‘

314 2884 483 2940 Μετὰ
519 2881 908 2953 Οὐαλεριανὸν,
947 2879 1042 2934 καὶ
1063 2877 1322 2948 Γαλίηνον
1355 2874 1630 2945 βασιλεύει
1660 2871 1833 2927 Κλαύ-

2013 2879 2147 2934 Post
2176 2876 2530 2931 Valerianum
2569 2882 2626 2928 et
2659 2871 2947 2927 Galienum
2983 2871 3248 2927 Claudius
3292 2871 3521 2940 impera.

243 2978 352 3041 δεος
379 2973 644 3030 ἐνιαυτὸν
675 2973 791 3037 ἕνα,
815 2971 912 3025 καὶ
947 2970 1122 3041 μῆνας
1153 2969 1219 3023 θ’.

1950 2973 2023 3028 vit
2055 2985 2280 3034 annum,
2315 2981 2534 3023 menses
2569 2983 2644 3020 ix.

313 3068 531 3123 Τοῦτον
551 3061 1229 3134 διώἐχεταιΔὺρηλιανὸς,
1247 3061 1340 3114 καὶ
1363 3057 1636 3132 βασιλεύει
1659 3055 1754 3127 ἔτη
1778 3061 1833 3121 ε’1

2019 3061 2300 3118 Successit
2336 3060 2667 3114 Aurelianus
2697 3072 2876 3114 annos
2900 3057 3165 3128 quinque,
3200 3072 3417 3112 nienses
3449 3072 3528 3113 vr.

243 3164 336 3213 καὶ
374 3161 564 3230 μῆνας
590 3156 670 3220 ἓξ.

311 3250 480 3304 Μετὰ
497 3247 693 3302 τοῦτον
722 3244 1039 3298 ἐϐασίλευσε
1068 3243 1301 3306 Τάκιτος
1332 3241 1510 3312 μῆνας
1546 3239 1629 3304 ἓξ.

312 3343 482 3397 Μετά
544 3340 739 3393 τοῦτον
798 3337 1116 3390 ἐϐασίλευσε
1186 3335 1395 3406 Πρόϐος
1456 3333 1550 3402 ἔτη
1605 3331 1701 3396 ἒξ,

248 3436 434 3505 μῆνας
466 3434 534 3487 δ’-

306 3526 478 3582 Μετὰ
526 3521 721 3577 τοῦτον
769 3519 1086 3574 ἐϐασίλευσε
1134 3519 1340 3590 Κάρος,
1384 3519 1500 3588 ἄμα
1533 3519 1646 3580 τοῖς
1688 3515 1846 3570 παισὶ

240 3618 479 3689 Καρίνῳ
505 3616 605 3668 καὶ
633 3611 1016 3682 Νουμεριανῷ,
1049 3609 1146 3679 ἐτη
1175 3609 1289 3663 δύο.

300 3707 475 3761 Μετὰ
531 3702 722 3757 τοῦτον
780 3702 1152 3773 Διοκλητιανὸς
1216 3702 1332 3774 ἅμα
1378 3701 1708 3773 Μαξιμιανῷ
1750 3700 1846 3754 καὶ

235 3796 628 3868 Κωνσταντίῳ
657 3795 753 3866 ἔτη
797 3801 885 3863 ιγ’.
929 3796 1045 3864 Ἐφ’
1083 3789 1158 3848 ὧν
1209 3797 1238 3847 ὁ
1295 3796 1553 3866 κραταιὸς
1607 3794 1846 3864 διωγμὸς

235 3890 576 3959 γεγένηται,
618 3886 913 3958 διαρκέσας
951 3886 1093 3950 ὅλοις
1118 3885 1323 3938 δώδεκα
1352 3886 1519 3941 ἔτεσι.
1552 3886 1847 3955 Παυσαμέ-

230 4000 328 4034 νου
354 3983 426 4036 δὲ
458 3980 553 4034 τοῦ
575 3979 839 4050 διωγμοῦ,
864 3977 1138 4049 βασιλεύει
1164 3977 1545 4048 Διοκλητιανὸς
1566 3975 1726 4031 ἄλλον
1751 3977 1846 4029 ἕνα

230 4073 526 4137 ἐνιαυτὸν,
581 4072 677 4125 καὶ
723 4071 959 4126 παύεται
984 4072 1082 4140 τῆς
1114 4069 1393 4140 βασιλείας
1435 4068 1842 4139 ούαιτρανίσας.

226 4165 602 4237 suamne;
649 4165 706 4218 δὲ
741 4162 898 4237 κακῷ
933 4163 1086 4233 μόρῳ
1121 4162 1396 4232 ὀφθαλμία
1441 4179 1502 4215 τε
1541 4163 1636 4215 καὶ
1680 4161 1844 4214 πάθει

231 4229 561 4331 σωματικῷ
616 4229 952 4328 περᾶτεσιὸν,
1008 4229 1334 4326 έξεϐολϐήθῇ
1369 4229 1497 4318 τοὺς
1532 4253 1833 4324 ὀφθαλμοὺς

1950 4272 2054 4312 nus
2078 4272 2211 4311 vero
2245 4256 2450 4310 infelici
2489 4255 2620 4320 fato,
2654 4257 2938 4324 oculorum
2968 4258 3292 4328 praesertim,
3345 4273 3409 4312 ac
3451 4266 3535 4312 to-

223 4352 552 4421 αὖτομὰτῳ
577 4351 742 4420 νόσῳ,
773 4349 894 4402 καθ’
928 4348 989 4402 ὃν
1012 4347 1213 4420 τρόπον
1241 4335 1446 4401 διέθετο
1472 4348 1599 4410 τοὺς
1631 4347 1833 4416 μάρτυ-

1950 4351 2058 4404 tius
2084 4349 2336 4419 corporis
2359 4349 2685 4420 aegritudine
2708 4349 3076 4419 conﬂictatus,
3109 4360 3303 4422 sponte
3327 4351 3535 4407 evulsis

226 4459 360 4511 ρας,
380 4419 504 4493 ﬁmi.
527 4419 705 4502 οὕτως
729 4439 821 4492 τὸν
852 4437 965 4507 βίον
991 4419 1352 4507 κατέστρεψε,
1391 4435 1725 4507 καταλείψας
1749 4437 1833 4487 Λι-

1950 4442 2218 4497 radicitus
2247 4441 2445 4504 oculis,
2476 4443 2784 4497 miserrime
2807 4443 2988 4512 periit,
3016 4457 3140 4497 cum
3171 4442 3361 4498 eadem
3389 4450 3538 4498 esset

217 4535 418 4586 κῑνιον
469 4533 564 4584 καὶ
588 4529 970 4583 Κωνστάντιον
1008 4527 1412 4598 βασιλεύοντας.

1953 4543 2231 4604 expertus,
2268 4548 2389 4603 quae
2419 4535 2750 4604 martyribus
2777 4533 3070 4596 inflixerat,
3103 4537 3292 4590 relicto
3323 4533 3537 4589 Licinio

295 4624 565 4688 Τούτους
613 4621 1043 4692 τελευτήσαντας
1090 4620 1392 4690 διαδέχεται
1441 4619 1833 4680 Κωνσταντῖνος

1956 4642 2019 4680 ac
2042 4625 2366 4680 Constantio
2396 4623 2844 4693 imperatoribus.
2878 4625 3091 4689 Quibus
3115 4626 3224 4678 vita
3259 4624 3539 4680 defunctis

212 4721 246 4770 δ
283 4715 655 4787 μακαρίτης,
687 4714 1018 4784 βασιλεύσας
1049 4713 1143 4784 ἔτη
1172 4712 1273 4782 λβ’.

1954 4716 2350 4771 Constantinus
2368 4715 2539 4770 beatae
2563 4716 2841 4769 memoriae
2863 4716 3149 4784 imperavit
3181 4714 3341 4769 annis
3360 4731 3533 4769 xxxii.

295 4812 413 4872 Ὃς
449 4807 791 4876 τελευτήσας
818 4807 944 4868 τοὺς
971 4805 1136 4868 ἰδίους
1163 4804 1360 4867 παῖδας
1399 4803 1658 4857 κατέλιπε
1690 4804 1833 4874 βασις

2027 4808 2130 4876 Qui
2183 4817 2435 4863 mortuus
2489 4822 2836 4864 successores
2889 4807 3080 4861 habuit
3125 4806 3336 4877 imperii
3398 4806 3536 4863 filios

206 4900 448 4963 λεῦειν,
482 4898 839 4961 Κώνσταντα,
871 4898 965 4950 καὶ
994 4897 1394 4958 Κωνστάντιον,
1425 4897 1517 4949 καὶ
1556 4899 1846 4950 Κωνσταν-

209 4997 380 5045 τῖνῡν
389 5032 406 5044 .

279 5084 453 5142 Μεθ’
471 5083 571 5146 οὓς
585 5083 878 5145 Ἰουλιανὸς
892 5081 1179 5145 Ίουϐιανός
1193 5099 1276 5143 τε,
1296 5082 1389 5134 καὶ
1407 5079 1848 5143 Οὑαλεντινιανὸς

203 5180 239 5230 ὸ
257 5178 504 5246 μέγας.
531 5175 623 5228 καὶ
645 5173 862 5244 Οὐάλης
892 5176 922 5227 ὁ
950 5173 1179 5243 ἀδελφὸς
1213 5172 1398 5237 αὑτοῦ,
1431 5175 1525 5227 καὶ
1551 5173 1848 5244 Γρατιανὸς

209 5267 340 5330 υίὸς
357 5262 860 5326 Οὖαλεντινιανοῦ,
878 5264 969 5316 καὶ
984 5262 1427 5327 Οὑαλεντινιανὸς
1439 5263 1719 5336 νεώτερος,
1735 5263 1849 5326 υἱὸς

207 5357 735 5419 Οὐαλεντινιανοῦ,
779 5355 872 5409 τοῦ
918 5355 1150 5425 ἀδελφοῦ
1177 5360 1196 5389 '
1234 5358 1272 5411 Γ
1279 5358 1557 5429 ρατιανοῦ,
1595 5359 1690 5411 καὶ
1715 5357 1848 5410 Θεο-

207 5451 414 5512 εὸπιος
452 5449 492 5499 ὁ
527 5445 939 5514 θεοφιλέστατος
971 5445 1245 5515 βασιλεὺς,
1274 5449 1670 5521 καὶἈρκάδιος
1690 5449 1716 5500 ὁ
1735 5447 1848 5510 υἱὸς

211 5536 438 5600 αὐτοῦ,
475 5536 578 5586 καὶ
603 5534 862 5606 ὐνώριος
895 5536 1318 5610 ἐπιφανέστατος
1345 5543 1372 5597 ὁ
1403 5541 1630 5612 ἀδελφὸς
1657 5539 1845 5596 αὐτοῦ.

250 2706 397 2770 τέλος
423 2703 529 2758 τοῦ
567 2702 685 2773 βίου
716 2701 1076 2772 κατέστρεψε.

2021 3233 2151 3289 Post
2186 3233 2331 3288 hunc
2362 3231 2588 3287 Tacitus
2619 3247 2838 3288 menses
2870 3248 2940 3286 vn.

1751 3331 1845 3384 καὶ
2020 3326 2150 3381 Inde
2175 3326 2389 3381 Probus
2418 3343 2596 3382 annos
2638 3342 2710 3390 vi,
2748 3341 2969 3382 menses
2994 3343 3068 3381 tv.

2019 3521 2152 3576 Post
2175 3521 2321 3576 hunc
2345 3521 2522 3576 Carus
2545 3535 2668 3576 cum
2698 3519 2847 3586 filiis,
2869 3521 3075 3576 Carino
3097 3529 3152 3577 et
3171 3521 3529 3590 Numeriano,

1949 3626 2127 3665 annos
2156 3627 2214 3666 ll.

2019 3699 2159 3755 Tum
2193 3683 2566 3758 Diocictiahus
2600 3716 2725 3757 cum
2763 3701 3094 3758 Maximiano
3122 3712 3177 3757 et
3207 3703 3531 3758 Constantio

1948 3807 2125 3847 annos
2159 3808 2281 3848 xm.
2333 3794 2578 3859 Quorum
2620 3805 2870 3866 tempore
2914 3811 3110 3866 magna
3147 3795 3238 3849 illa
3273 3811 3531 3865 persecu-

1949 3885 2027 3939 tio
2051 3887 2302 3955 contigit,
2331 3903 2453 3957 quae
2488 3887 2780 3942 duodecim
2817 3903 2992 3942 annos
3023 3888 3220 3944 tenuit.
3252 3888 3383 3944 Post
3407 3904 3531 3959 per-

1950 3978 2287 4033 secutioncm
2347 3979 2636 4048 imperavit
2705 3977 3079 4034 Diocletianus
3138 3981 3305 4034 alium
3357 3996 3529 4036 unum

1947 4085 2172 4126 annum.
2216 4068 2446 4138 Moxque
2485 4069 2738 4124 abdicato
2777 4070 3030 4139 imperio,
3075 4072 3224 4126 velut
3267 4073 3532 4128 emeritus

1948 4179 2013 4218 ac
2050 4173 2343 4218 veteranus
2380 4163 2607 4233 privata:
2636 4165 2762 4219 vita:
2800 4179 2919 4220 sese
2959 4165 3203 4218 tradidit.
3254 4164 3535 4219 Maximia-

1955 4915 2105 4962 suos,
2157 4900 2536 4962 (Ionstanlem,
2586 4906 2641 4952 et
2691 4897 3100 4958 Constantium,
3153 4912 3218 4950 ac
3261 4895 3536 4950 Constan-

1955 4991 2155 5045 tinum.

2028 5083 2255 5154 Excepit
2284 5084 2384 5139 hos
2413 5081 2669 5138 Julianus
2695 5101 2708 5139 :
2737 5094 2850 5140 tum
2867 5086 3542 5153 Jovinianus,Valentinia-

1953 5191 2062 5230 nus
2111 5177 2360 5247 Magnus,
2395 5185 2450 5230 et
2484 5174 2688 5231 Valens
2749 5175 2920 5231 frater
2971 5176 3111 5244 ejus,
3145 5185 3201 5230 et
3243 5174 3538 5231 Gratianus

1957 5267 2104 5322 filius
2151 5264 2551 5332 Valentiniani;
2595 5265 2791 5321 deinde
2839 5265 3258 5321 Valentinianus
3308 5266 3540 5334 Junior,

1956 5356 2324 5411 Valentiniani
2366 5356 2532 5420 filius,
2567 5357 2737 5411 frater
2773 5353 3043 5419 Gratiani.
3088 5366 3142 5413 et
3173 5359 3330 5428 177
3361 5358 3541 5414 Theo-

1955 5447 2150 5501 dosius
2172 5447 2623 5517 religiosissimus
2647 5449 2963 5518 imperator.
2987 5447 3214 5502 Demum
3247 5450 3541 5519 Arcadius,

1956 5539 2254 5598 Theodosii
2291 5541 2457 5610 filius,
2487 5549 2542 5598 et
2584 5541 2861 5600 Honorius
2911 5543 3323 5605 illustrissimus
3371 5547 3541 5606 frater

292 5697 311 5728 ι
352 5693 434 5749 c,
483 5687 716 5743 Γάλλον.
795 5692 814 5721 ³
850 5688 977 5759 Leg-
1013 5689 1247 5762 ἀδελφός.
