  <div class='ocr_page' id='page_1' title='image "/cluster/home/n/w/nwhite01/storage/ocr_20150623/43/hvd.32044054272794/151.png"; bbox 0 0 3916 6196; ppageno 0'>
   <div class='ocr_carea' id='block_1_1' title="bbox 493 252 589 308">
    <p class='ocr_par' dir='ltr' id='par_1_1' title="bbox 493 252 589 308">
     <span class='ocr_line' id='line_1_1' title="bbox 493 252 589 308; baseline -0.021 -1"><span class='ocrx_word' id='word_1_1' title='bbox 493 252 589 308; x_wconf 71' lang='grc'><strong>971</strong></span> 
     </span>
    </p>
   </div>
   <div class='ocr_carea' id='block_1_2' title="bbox 1883 237 2320 295">
    <p class='ocr_par' dir='ltr' id='par_1_2' title="bbox 1883 237 2320 295">
     <span class='ocr_line' id='line_1_2' title="bbox 1883 237 2320 295; baseline 0 -4"><span class='ocrx_word' id='word_1_2' title='bbox 1883 239 1939 295; x_wconf 89' lang='lat' dir='ltr'><strong>S.</strong></span> <span class='ocrx_word' id='word_1_3' title='bbox 1981 237 2320 293; x_wconf 73' lang='lat' dir='ltr'><strong>EPIPIIANII</strong></span> 
     </span>
    </p>
   </div>
   <div class='ocr_carea' id='block_1_3' title="bbox 3628 233 3734 287">
    <p class='ocr_par' dir='ltr' id='par_1_3' title="bbox 3628 233 3734 287">
     <span class='ocr_line' id='line_1_3' title="bbox 3628 233 3734 287; baseline 0.009 -1"><span class='ocrx_word' id='word_1_4' title='bbox 3628 233 3734 287; x_wconf 65' lang='grc' dir='ltr'>εἴτι</span> 
     </span>
    </p>
   </div>
   <div class='ocr_carea' id='block_1_4' title="bbox 496 340 2072 432">
    <p class='ocr_par' dir='ltr' id='par_1_4' title="bbox 496 351 2072 432">
     <span class='ocr_line' id='line_1_4' title="bbox 496 351 2072 432; baseline -0.008 -15"><span class='ocrx_word' id='word_1_5' title='bbox 496 364 634 432; x_wconf 92' lang='lat' dir='ltr'><strong>ejus.</strong></span> <span class='ocrx_word' id='word_1_6' title='bbox 671 361 914 428; x_wconf 82' lang='lat' dir='ltr'><strong>Quorum</strong></span> <span class='ocrx_word' id='word_1_7' title='bbox 952 359 1078 413; x_wconf 90' lang='lat' dir='ltr'><strong>anni</strong></span> <span class='ocrx_word' id='word_1_8' title='bbox 1109 370 1282 426; x_wconf 87' lang='lat' dir='ltr'><strong>usque</strong></span> <span class='ocrx_word' id='word_1_9' title='bbox 1337 353 1402 407; x_wconf 87' lang='lat' dir='ltr'><strong>ad</strong></span> <span class='ocrx_word' id='word_1_10' title='bbox 1445 353 1733 407; x_wconf 80' lang='lat' dir='ltr'><strong>Arcadium</strong></span> <span class='ocrx_word' id='word_1_11' title='bbox 1763 351 1802 406; x_wconf 94' lang='lat' dir='ltr'><strong>ll</strong></span> <span class='ocrx_word' id='word_1_12' title='bbox 1837 361 1886 407; x_wconf 91' lang='lat' dir='ltr'><strong>et</strong></span> <span class='ocrx_word' id='word_1_13' title='bbox 1925 353 2072 405; x_wconf 75' lang='lat' dir='ltr'><strong>Ruti-</strong></span> 
     </span>
    </p>
   </div>
   <div class='ocr_carea' id='block_1_5' title="bbox 2178 340 3734 432">
    <p class='ocr_par' dir='ltr' id='par_1_5' title="bbox 2178 340 3734 420">
     <span class='ocr_line' id='line_1_5' title="bbox 2178 340 3734 420; baseline -0.008 -15"><span class='ocrx_word' id='word_1_14' title='bbox 2178 347 2274 404; x_wconf 84' lang='grc' dir='ltr'>Ὧν</span> <span class='ocrx_word' id='word_1_15' title='bbox 2313 350 2381 404; x_wconf 71' lang='grc' dir='ltr'><strong>τὰ</strong></span> <span class='ocrx_word' id='word_1_16' title='bbox 2425 350 2519 420; x_wconf 78' lang='grc' dir='ltr'>ἐτη</span> <span class='ocrx_word' id='word_1_17' title='bbox 2558 349 2716 420; x_wconf 84' lang='grc' dir='ltr'>μέχρι</span> <span class='ocrx_word' id='word_1_18' title='bbox 2745 348 2842 418; x_wconf 78' lang='grc' dir='ltr'>τῆς</span> <span class='ocrx_word' id='word_1_19' title='bbox 2865 345 3150 417; x_wconf 80' lang='grc' dir='ltr'>Ἀρκαδὶου</span> <span class='ocrx_word' id='word_1_20' title='bbox 3185 343 3440 405; x_wconf 79' lang='grc' dir='ltr'>ὑπατείας</span> <span class='ocrx_word' id='word_1_21' title='bbox 3469 341 3528 394; x_wconf 80' lang='grc' dir='ltr'><strong>τὸ</strong></span> <span class='ocrx_word' id='word_1_22' title='bbox 3553 340 3734 394; x_wconf 84' lang='grc' dir='ltr'>δεύτε-</span> 
     </span>
    </p>
   </div>
   <div class='ocr_carea' id='block_1_6' title="bbox 497 445 2062 510">
    <p class='ocr_par' dir='ltr' id='par_1_6' title="bbox 497 445 2062 510">
     <span class='ocr_line' id='line_1_6' title="bbox 497 445 2062 510; baseline -0.003 -5"><span class='ocrx_word' id='word_1_23' title='bbox 497 467 627 505; x_wconf 89' lang='lat' dir='ltr'><strong>num</strong></span> <span class='ocrx_word' id='word_1_24' title='bbox 657 467 801 507; x_wconf 82' lang='lat' dir='ltr'><strong>coss.</strong></span> <span class='ocrx_word' id='word_1_25' title='bbox 837 455 1194 504; x_wconf 77' lang='lat' dir='ltr'><strong>numerantur</strong></span> <span class='ocrx_word' id='word_1_26' title='bbox 1236 459 1366 499; x_wconf 83' lang='lat' dir='ltr'><strong>Lvn.</strong></span> <span class='ocrx_word' id='word_1_27' title='bbox 1391 445 1601 510; x_wconf 81' lang='lat' dir='ltr'><strong>Quibus</strong></span> <span class='ocrx_word' id='word_1_28' title='bbox 1628 460 1773 501; x_wconf 86' lang='lat' dir='ltr'><strong>coss.</strong></span> <span class='ocrx_word' id='word_1_29' title='bbox 1815 454 2062 501; x_wconf 88' lang='lat' dir='ltr'><strong>mortuus</strong></span> 
     </span>
    </p>
   </div>
   <div class='ocr_carea' id='block_1_7' title="bbox 497 531 2058 604">
    <p class='ocr_par' dir='ltr' id='par_1_7' title="bbox 497 531 2058 604">
     <span class='ocr_line' id='line_1_7' title="bbox 497 531 2058 604; baseline -0.004 -8"><span class='ocrx_word' id='word_1_30' title='bbox 497 549 583 596; x_wconf 88' lang='lat' dir='ltr'><strong>est</strong></span> <span class='ocrx_word' id='word_1_31' title='bbox 612 539 1028 595; x_wconf 72' lang='lat' dir='ltr'><strong>Valentinianus</strong></span> <span class='ocrx_word' id='word_1_32' title='bbox 1053 534 1247 589; x_wconf 83' lang='lat' dir='ltr'><strong>Junior</strong></span> <span class='ocrx_word' id='word_1_33' title='bbox 1268 531 1634 589; x_wconf 68' lang='lat' dir='ltr'><strong>Valentiniani</strong></span> <span class='ocrx_word' id='word_1_34' title='bbox 1664 531 1844 604; x_wconf 82' lang='lat' dir='ltr'><strong>Magni</strong></span> <span class='ocrx_word' id='word_1_35' title='bbox 1875 533 2018 589; x_wconf 79' lang='lat' dir='ltr'><strong>[ilius</strong></span> <span class='ocrx_word' id='word_1_36' title='bbox 2045 553 2058 588; x_wconf 88' lang='lat'><strong>:</strong></span> 
     </span>
    </p>
   </div>
   <div class='ocr_carea' id='block_1_8' title="bbox 497 625 2062 702">
    <p class='ocr_par' dir='ltr' id='par_1_8' title="bbox 497 625 2062 702">
     <span class='ocr_line' id='line_1_8' title="bbox 497 625 2062 702; baseline -0.004 -16"><span class='ocrx_word' id='word_1_37' title='bbox 497 632 591 702; x_wconf 89' lang='lat' dir='ltr'><strong>qui</strong></span> <span class='ocrx_word' id='word_1_38' title='bbox 628 630 878 694; x_wconf 88' lang='lat' dir='ltr'><strong>subinde,</strong></span> <span class='ocrx_word' id='word_1_39' title='bbox 915 627 993 681; x_wconf 89' lang='lat' dir='ltr'><strong>uti</strong></span> <span class='ocrx_word' id='word_1_40' title='bbox 1039 626 1240 692; x_wconf 80' lang='lat' dir='ltr'><strong>ferunt,</strong></span> <span class='ocrx_word' id='word_1_41' title='bbox 1274 625 1600 696; x_wconf 70' lang='lat' dir='ltr'><strong>praefocalus</strong></span> <span class='ocrx_word' id='word_1_42' title='bbox 1642 627 1696 680; x_wconf 92' lang='lat' dir='ltr'><strong>in</strong></span> <span class='ocrx_word' id='word_1_43' title='bbox 1742 628 1942 696; x_wconf 86' lang='lat' dir='ltr'><strong>palatio</strong></span> <span class='ocrx_word' id='word_1_44' title='bbox 1979 639 2062 680; x_wconf 90' lang='lat' dir='ltr'><strong>rc-</strong></span> 
     </span>
    </p>
   </div>
   <div class='ocr_carea' id='block_1_9' title="bbox 498 714 2064 792">
    <p class='ocr_par' dir='ltr' id='par_1_9' title="bbox 498 714 2064 792">
     <span class='ocr_line' id='line_1_9' title="bbox 498 714 2064 792; baseline -0.003 -18"><span class='ocrx_word' id='word_1_45' title='bbox 498 729 684 792; x_wconf 89' lang='lat' dir='ltr'><strong>pertus</strong></span> <span class='ocrx_word' id='word_1_46' title='bbox 741 728 845 782; x_wconf 88' lang='lat' dir='ltr'><strong>cst,</strong></span> <span class='ocrx_word' id='word_1_47' title='bbox 898 715 1082 773; x_wconf 83' lang='lat' dir='ltr'><strong>idibus</strong></span> <span class='ocrx_word' id='word_1_48' title='bbox 1133 715 1279 782; x_wconf 86' lang='lat' dir='ltr'><strong>Maii,</strong></span> <span class='ocrx_word' id='word_1_49' title='bbox 1343 716 1519 786; x_wconf 86' lang='lat' dir='ltr'><strong>pridie</strong></span> <span class='ocrx_word' id='word_1_50' title='bbox 1555 714 1926 780; x_wconf 86' lang='lat' dir='ltr'><strong>Pentecosles,</strong></span> <span class='ocrx_word' id='word_1_51' title='bbox 1976 716 2064 770; x_wconf 91' lang='lat' dir='ltr'><strong>die</strong></span> 
     </span>
    </p>
   </div>
   <div class='ocr_carea' id='block_1_10' title="bbox 499 803 2064 875">
    <p class='ocr_par' dir='ltr' id='par_1_10' title="bbox 499 803 2064 875">
     <span class='ocr_line' id='line_1_10' title="bbox 499 803 2064 875; baseline -0.003 -15"><span class='ocrx_word' id='word_1_52' title='bbox 499 805 752 870; x_wconf 88' lang='lat' dir='ltr'><strong>Sabbati;</strong></span> <span class='ocrx_word' id='word_1_53' title='bbox 779 805 898 875; x_wconf 90' lang='lat' dir='ltr'><strong>ipso</strong></span> <span class='ocrx_word' id='word_1_54' title='bbox 929 819 1060 860; x_wconf 88' lang='lat' dir='ltr'><strong>vero</strong></span> <span class='ocrx_word' id='word_1_55' title='bbox 1093 804 1181 858; x_wconf 90' lang='lat' dir='ltr'><strong>die</strong></span> <span class='ocrx_word' id='word_1_56' title='bbox 1210 803 1560 860; x_wconf 85' lang='lat' dir='ltr'><strong>Pentecostes</strong></span> <span class='ocrx_word' id='word_1_57' title='bbox 1590 805 1765 860; x_wconf 81' lang='lat' dir='ltr'><strong>elatus</strong></span> <span class='ocrx_word' id='word_1_58' title='bbox 1798 813 1901 859; x_wconf 73' lang='lat' dir='ltr'><strong>est.</strong></span> <span class='ocrx_word' id='word_1_59' title='bbox 1936 804 2064 858; x_wconf 90' lang='lat' dir='ltr'><strong>Erat</strong></span> 
     </span>
    </p>
   </div>
   <div class='ocr_carea' id='block_1_11' title="bbox 495 891 2062 963">
    <p class='ocr_par' dir='ltr' id='par_1_11' title="bbox 495 891 2062 963">
     <span class='ocr_line' id='line_1_11' title="bbox 495 891 2062 963; baseline -0.001 -17"><span class='ocrx_word' id='word_1_60' title='bbox 495 903 610 947; x_wconf 90' lang='lat' dir='ltr'><strong>tum</strong></span> <span class='ocrx_word' id='word_1_61' title='bbox 644 891 785 962; x_wconf 88' lang='lat' dir='ltr'><strong>apud</strong></span> <span class='ocrx_word' id='word_1_62' title='bbox 823 891 1108 963; x_wconf 64' lang='lat' dir='ltr'><strong>Egyptios</strong></span> <span class='ocrx_word' id='word_1_63' title='bbox 1151 893 1356 948; x_wconf 88' lang='lat' dir='ltr'><strong>mensis</strong></span> <span class='ocrx_word' id='word_1_64' title='bbox 1406 893 1620 947; x_wconf 78' lang='lat' dir='ltr'><strong>Paelion</strong></span> <span class='ocrx_word' id='word_1_65' title='bbox 1659 893 1775 949; x_wconf 88' lang='lat' dir='ltr'><strong>dies</strong></span> <span class='ocrx_word' id='word_1_66' title='bbox 1808 893 2062 948; x_wconf 88' lang='lat' dir='ltr'><strong>vicesima</strong></span> 
     </span>
    </p>
   </div>
   <div class='ocr_carea' id='block_1_12' title="bbox 496 982 2061 1053">
    <p class='ocr_par' dir='ltr' id='par_1_12' title="bbox 496 982 2061 1053">
     <span class='ocr_line' id='line_1_12' title="bbox 496 982 2061 1053; baseline 0.001 -17"><span class='ocrx_word' id='word_1_67' title='bbox 496 985 693 1053; x_wconf 86' lang='lat' dir='ltr'><strong>prima,</strong></span> <span class='ocrx_word' id='word_1_68' title='bbox 720 983 874 1052; x_wconf 79' lang='lat' dir='ltr'><strong>juxta</strong></span> <span class='ocrx_word' id='word_1_69' title='bbox 901 982 1119 1038; x_wconf 66' lang='lat' dir='ltr'><strong>Graecos</strong></span> <span class='ocrx_word' id='word_1_70' title='bbox 1148 982 1424 1038; x_wconf 87' lang='lat' dir='ltr'><strong>Artemisii</strong></span> <span class='ocrx_word' id='word_1_71' title='bbox 1468 983 1672 1038; x_wconf 86' lang='lat' dir='ltr'><strong>mensis</strong></span> <span class='ocrx_word' id='word_1_72' title='bbox 1703 983 1864 1037; x_wconf 88' lang='lat' dir='ltr'><strong>tertia</strong></span> <span class='ocrx_word' id='word_1_73' title='bbox 1893 991 1946 1038; x_wconf 89' lang='lat' dir='ltr'><strong>et</strong></span> <span class='ocrx_word' id='word_1_74' title='bbox 1980 983 2061 1037; x_wconf 89' lang='lat' dir='ltr'><strong>vi-</strong></span> 
     </span>
    </p>
   </div>
   <div class='ocr_carea' id='block_1_13' title="bbox 494 1070 2063 1144">
    <p class='ocr_par' dir='ltr' id='par_1_13' title="bbox 494 1070 2063 1144">
     <span class='ocr_line' id='line_1_13' title="bbox 494 1070 2063 1144; baseline 0 -17"><span class='ocrx_word' id='word_1_75' title='bbox 494 1074 720 1137; x_wconf 85' lang='lat' dir='ltr'><strong>cesima,</strong></span> <span class='ocrx_word' id='word_1_76' title='bbox 767 1073 1065 1128; x_wconf 90' lang='lat' dir='ltr'><strong>secundum</strong></span> <span class='ocrx_word' id='word_1_77' title='bbox 1112 1070 1386 1129; x_wconf 80' lang='lat' dir='ltr'><strong>Romanos</strong></span> <span class='ocrx_word' id='word_1_78' title='bbox 1431 1075 1644 1129; x_wconf 88' lang='lat' dir='ltr'><strong>decimo</strong></span> <span class='ocrx_word' id='word_1_79' title='bbox 1694 1073 1920 1144; x_wconf 86' lang='lat' dir='ltr'><strong>septimo</strong></span> <span class='ocrx_word' id='word_1_80' title='bbox 1958 1073 2063 1127; x_wconf 82' lang='lat' dir='ltr'><strong>Ka-</strong></span> 
     </span>
    </p>
   </div>
   <div class='ocr_carea' id='block_1_14' title="bbox 496 1162 1524 1218">
    <p class='ocr_par' dir='ltr' id='par_1_14' title="bbox 496 1162 1524 1218">
     <span class='ocr_line' id='line_1_14' title="bbox 496 1162 1524 1218; baseline 0.005 -2"><span class='ocrx_word' id='word_1_81' title='bbox 496 1165 642 1218; x_wconf 79' lang='lat' dir='ltr'><strong>lend.</strong></span> <span class='ocrx_word' id='word_1_82' title='bbox 671 1162 883 1218; x_wconf 74' lang='lat' dir='ltr'><strong>lunias.</strong></span> <span class='ocrx_word' id='word_1_83' title='bbox 1509 1166 1524 1173; x_wconf 50' lang='lat'>“</span> 
     </span>
    </p>
   </div>
   <div class='ocr_carea' id='block_1_15' title="bbox 566 1251 2064 1324">
    <p class='ocr_par' dir='ltr' id='par_1_15' title="bbox 566 1251 2064 1324">
     <span class='ocr_line' id='line_1_15' title="bbox 566 1251 2064 1324; baseline 0.002 -18"><span class='ocrx_word' id='word_1_84' title='bbox 566 1253 711 1307; x_wconf 76' lang='lat' dir='ltr'><strong>XXI.</strong></span> <span class='ocrx_word' id='word_1_85' title='bbox 755 1253 1052 1317; x_wconf 80' lang='lat' dir='ltr'><strong>Hactenus,</strong></span> <span class='ocrx_word' id='word_1_86' title='bbox 1098 1251 1344 1308; x_wconf 86' lang='lat' dir='ltr'><strong>studiose</strong></span> <span class='ocrx_word' id='word_1_87' title='bbox 1378 1252 1570 1318; x_wconf 84' lang='lat' dir='ltr'><strong>lector,</strong></span> <span class='ocrx_word' id='word_1_88' title='bbox 1594 1255 1804 1323; x_wconf 87' lang='lat' dir='ltr'><strong>paucis,</strong></span> <span class='ocrx_word' id='word_1_89' title='bbox 1833 1269 1953 1324; x_wconf 70' lang='lat' dir='ltr'><strong>qua:</strong></span> <span class='ocrx_word' id='word_1_90' title='bbox 1979 1253 2064 1309; x_wconf 86' lang='lat' dir='ltr'><strong>di-</strong></span> 
     </span>
    </p>
   </div>
   <div class='ocr_carea' id='block_1_16' title="bbox 497 1343 2064 1414">
    <p class='ocr_par' dir='ltr' id='par_1_16' title="bbox 497 1343 2064 1414">
     <span class='ocr_line' id='line_1_16' title="bbox 497 1343 2064 1414; baseline 0.001 -16"><span class='ocrx_word' id='word_1_91' title='bbox 497 1343 668 1399; x_wconf 83' lang='lat' dir='ltr'><strong>cenda</strong></span> <span class='ocrx_word' id='word_1_92' title='bbox 711 1343 1042 1414; x_wconf 85' lang='lat' dir='ltr'><strong>putavimus,</strong></span> <span class='ocrx_word' id='word_1_93' title='bbox 1088 1345 1351 1408; x_wconf 88' lang='lat' dir='ltr'><strong>contenti,</strong></span> <span class='ocrx_word' id='word_1_94' title='bbox 1388 1352 1557 1398; x_wconf 88' lang='lat' dir='ltr'><strong>totam</strong></span> <span class='ocrx_word' id='word_1_95' title='bbox 1591 1344 1948 1414; x_wconf 88' lang='lat' dir='ltr'><strong>interpretum</strong></span> <span class='ocrx_word' id='word_1_96' title='bbox 1983 1346 2064 1399; x_wconf 87' lang='lat' dir='ltr'><strong>hi-</strong></span> 
     </span>
    </p>
   </div>
   <div class='ocr_carea' id='block_1_17' title="bbox 499 1433 2061 1504">
    <p class='ocr_par' dir='ltr' id='par_1_17' title="bbox 499 1433 2061 1504">
     <span class='ocr_line' id='line_1_17' title="bbox 499 1433 2061 1504; baseline -0.001 -15"><span class='ocrx_word' id='word_1_97' title='bbox 499 1436 727 1489; x_wconf 89' lang='lat' dir='ltr'><strong>storiam</strong></span> <span class='ocrx_word' id='word_1_98' title='bbox 783 1435 1156 1504; x_wconf 75' lang='lat' dir='ltr'><strong>exposuimus.</strong></span> <span class='ocrx_word' id='word_1_99' title='bbox 1218 1433 1376 1488; x_wconf 81' lang='lat' dir='ltr'><strong>Nunc</strong></span> <span class='ocrx_word' id='word_1_100' title='bbox 1435 1434 1690 1504; x_wconf 83' lang='lat' dir='ltr'><strong>deinceps</strong></span> <span class='ocrx_word' id='word_1_101' title='bbox 1729 1435 1795 1489; x_wconf 89' lang='lat' dir='ltr'><strong>ad</strong></span> <span class='ocrx_word' id='word_1_102' title='bbox 1846 1443 2061 1499; x_wconf 69' lang='lat' dir='ltr'><strong>catera,</strong></span> 
     </span>
    </p>
   </div>
   <div class='ocr_carea' id='block_1_18' title="bbox 499 1525 2066 1595">
    <p class='ocr_par' dir='ltr' id='par_1_18' title="bbox 499 1525 2066 1595">
     <span class='ocr_line' id='line_1_18' title="bbox 499 1525 2066 1595; baseline 0.001 -16"><span class='ocrx_word' id='word_1_103' title='bbox 499 1525 957 1595; x_wconf 84' lang='lat' dir='ltr'><strong>quemadmodum</strong></span> <span class='ocrx_word' id='word_1_104' title='bbox 1004 1532 1057 1579; x_wconf 89' lang='lat' dir='ltr'><strong>te</strong></span> <span class='ocrx_word' id='word_1_105' title='bbox 1101 1526 1480 1595; x_wconf 82' lang='lat' dir='ltr'><strong>interpellante</strong></span> <span class='ocrx_word' id='word_1_106' title='bbox 1509 1525 1878 1594; x_wconf 84' lang='lat' dir='ltr'><strong>promisimus,</strong></span> <span class='ocrx_word' id='word_1_107' title='bbox 1921 1541 1954 1580; x_wconf 91' lang='grc' dir='ltr'><strong>ο</strong></span> <span class='ocrx_word' id='word_1_108' title='bbox 1982 1528 2066 1581; x_wconf 90' lang='lat' dir='ltr'><strong>vir</strong></span> 
     </span>
    </p>
   </div>
   <div class='ocr_carea' id='block_1_19' title="bbox 499 1616 2064 1686">
    <p class='ocr_par' dir='ltr' id='par_1_19' title="bbox 499 1616 2064 1686">
     <span class='ocr_line' id='line_1_19' title="bbox 499 1616 2064 1686; baseline 0 -16"><span class='ocrx_word' id='word_1_109' title='bbox 499 1617 616 1681; x_wconf 89' lang='lat' dir='ltr'><strong>Dei,</strong></span> <span class='ocrx_word' id='word_1_110' title='bbox 659 1617 898 1671; x_wconf 91' lang='lat' dir='ltr'><strong>animum</strong></span> <span class='ocrx_word' id='word_1_111' title='bbox 944 1616 1317 1686; x_wconf 87' lang='lat' dir='ltr'><strong>applicemus;</strong></span> <span class='ocrx_word' id='word_1_112' title='bbox 1374 1616 1550 1686; x_wconf 90' lang='lat' dir='ltr'><strong>deque</strong></span> <span class='ocrx_word' id='word_1_113' title='bbox 1606 1616 1959 1686; x_wconf 86' lang='lat' dir='ltr'><strong>ponderibus,</strong></span> <span class='ocrx_word' id='word_1_114' title='bbox 2009 1625 2064 1672; x_wconf 91' lang='lat' dir='ltr'><strong>et</strong></span> 
     </span>
    </p>
   </div>
   <div class='ocr_carea' id='block_1_20' title="bbox 2167 428 3737 512">
    <p class='ocr_par' dir='ltr' id='par_1_20' title="bbox 2167 428 3737 512">
     <span class='ocr_line' id='line_1_20' title="bbox 2167 428 3737 512; baseline -0.008 -19"><span class='ocrx_word' id='word_1_115' title='bbox 2167 458 2259 512; x_wconf 98' lang='grc' dir='ltr'><strong>ρον</strong></span> <span class='ocrx_word' id='word_1_116' title='bbox 2287 440 2381 492; x_wconf 76' lang='grc' dir='ltr'>καὶ</span> <span class='ocrx_word' id='word_1_117' title='bbox 2417 437 2696 506; x_wconf 77' lang='grc' dir='ltr'>Ῥουφῐνου</span> <span class='ocrx_word' id='word_1_118' title='bbox 2727 435 3084 506; x_wconf 75' lang='grc' dir='ltr'><strong>ἀριθμοῦνται</strong></span> <span class='ocrx_word' id='word_1_119' title='bbox 3127 434 3227 498; x_wconf 79' lang='grc' dir='ltr'><strong>νζ’.</strong></span> <span class='ocrx_word' id='word_1_120' title='bbox 3258 433 3375 502; x_wconf 81' lang='grc' dir='ltr'><strong>Ἐφ’</strong></span> <span class='ocrx_word' id='word_1_121' title='bbox 3402 428 3475 484; x_wconf 79' lang='grc' dir='ltr'>ὧν</span> <span class='ocrx_word' id='word_1_122' title='bbox 3521 431 3737 483; x_wconf 75' lang='grc' dir='ltr'>ἐτελεύ-</span> 
     </span>
    </p>
   </div>
   <div class='ocr_carea' id='block_1_21' title="bbox 2163 523 3740 601">
    <p class='ocr_par' dir='ltr' id='par_1_21' title="bbox 2163 523 3740 601">
     <span class='ocr_line' id='line_1_21' title="bbox 2163 523 3740 601; baseline -0.008 -17"><span class='ocrx_word' id='word_1_123' title='bbox 2163 547 2325 601; x_wconf 88' lang='grc' dir='ltr'>τησεν</span> <span class='ocrx_word' id='word_1_124' title='bbox 2351 531 2379 582; x_wconf 84' lang='grc' dir='ltr'><strong>ό</strong></span> <span class='ocrx_word' id='word_1_125' title='bbox 2399 527 2840 590; x_wconf 79' lang='grc' dir='ltr'>Οὐαλεντινιανδς</span> <span class='ocrx_word' id='word_1_126' title='bbox 2865 529 2892 578; x_wconf 89' lang='grc' dir='ltr'>ὁ</span> <span class='ocrx_word' id='word_1_127' title='bbox 2924 525 3205 597; x_wconf 80' lang='grc' dir='ltr'>νεώτερος,</span> <span class='ocrx_word' id='word_1_128' title='bbox 3233 525 3346 586; x_wconf 77' lang='grc' dir='ltr'>υίὸς</span> <span class='ocrx_word' id='word_1_129' title='bbox 3367 523 3740 576; x_wconf 76' lang='grc' dir='ltr'>Οὐαλεντινια-</span> 
     </span>
    </p>
   </div>
   <div class='ocr_carea' id='block_1_22' title="bbox 2162 610 3740 688">
    <p class='ocr_par' dir='ltr' id='par_1_22' title="bbox 2162 610 3740 688">
     <span class='ocr_line' id='line_1_22' title="bbox 2162 610 3740 688; baseline -0.007 -16"><span class='ocrx_word' id='word_1_130' title='bbox 2162 619 2254 672; x_wconf 83' lang='grc' dir='ltr'>νοῦ</span> <span class='ocrx_word' id='word_1_131' title='bbox 2286 618 2380 671; x_wconf 74' lang='grc' dir='ltr'>τοῦ</span> <span class='ocrx_word' id='word_1_132' title='bbox 2414 616 2672 688; x_wconf 82' lang='grc' dir='ltr'><strong>μεγάλου,</strong></span> <span class='ocrx_word' id='word_1_133' title='bbox 2706 615 2947 688; x_wconf 79' lang='grc' dir='ltr'>εὑρεθεὶς</span> <span class='ocrx_word' id='word_1_134' title='bbox 2974 615 3127 682; x_wconf 81' lang='grc' dir='ltr'>ἄφνω</span> <span class='ocrx_word' id='word_1_135' title='bbox 3155 613 3214 666; x_wconf 81' lang='grc' dir='ltr'>ἐν</span> <span class='ocrx_word' id='word_1_136' title='bbox 3250 611 3330 682; x_wconf 80' lang='grc' dir='ltr'>τῷ</span> <span class='ocrx_word' id='word_1_137' title='bbox 3365 610 3611 679; x_wconf 83' lang='grc' dir='ltr'>παλατίῳ</span> <span class='ocrx_word' id='word_1_138' title='bbox 3641 626 3740 662; x_wconf 86' lang='grc' dir='ltr'>πε-</span> 
     </span>
    </p>
   </div>
   <div class='ocr_carea' id='block_1_23' title="bbox 2163 701 3740 779">
    <p class='ocr_par' dir='ltr' id='par_1_23' title="bbox 2163 701 3740 779">
     <span class='ocr_line' id='line_1_23' title="bbox 2163 701 3740 779; baseline -0.006 -17"><span class='ocrx_word' id='word_1_139' title='bbox 2163 709 2478 779; x_wconf 80' lang='grc' dir='ltr'>πνιγμένος.</span> <span class='ocrx_word' id='word_1_140' title='bbox 2526 707 2601 770; x_wconf 84' lang='grc' dir='ltr'>ὡς</span> <span class='ocrx_word' id='word_1_141' title='bbox 2649 707 2824 774; x_wconf 82' lang='grc' dir='ltr'>λόγος,</span> <span class='ocrx_word' id='word_1_142' title='bbox 2877 707 2932 757; x_wconf 82' lang='grc' dir='ltr'>ὲν</span> <span class='ocrx_word' id='word_1_143' title='bbox 2981 705 3157 767; x_wconf 80' lang='grc' dir='ltr'>Είδοῖς</span> <span class='ocrx_word' id='word_1_144' title='bbox 3204 704 3428 765; x_wconf 79' lang='grc' dir='ltr'>Μαῒαις,</span> <span class='ocrx_word' id='word_1_145' title='bbox 3469 701 3575 772; x_wconf 74' lang='grc' dir='ltr'><strong>πρὸ</strong></span> <span class='ocrx_word' id='word_1_146' title='bbox 3613 702 3740 771; x_wconf 78' lang='grc' dir='ltr'>μιᾶς</span> 
     </span>
    </p>
   </div>
   <div class='ocr_carea' id='block_1_24' title="bbox 2161 793 3736 870">
    <p class='ocr_par' dir='ltr' id='par_1_24' title="bbox 2161 793 3736 870">
     <span class='ocr_line' id='line_1_24' title="bbox 2161 793 3736 870; baseline -0.027 13"><span class='ocrx_word' id='word_1_147' title='bbox 2161 800 2378 870; x_wconf 66' lang='grc' dir='ltr'><strong>ἡμέρας</strong></span> <span class='ocrx_word' id='word_1_148' title='bbox 2411 799 2510 868; x_wconf 74' lang='grc' dir='ltr'>τῆς</span> <span class='ocrx_word' id='word_1_149' title='bbox 2536 796 2936 866; x_wconf 80' lang='grc' dir='ltr'>Πεντηκοστῆς,</span> <span class='ocrx_word' id='word_1_150' title='bbox 2971 797 3027 847; x_wconf 82' lang='grc' dir='ltr'>ὲν</span> <span class='ocrx_word' id='word_1_151' title='bbox 3057 793 3240 867; x_wconf 76' lang='grc' dir='ltr'>ἡμέρᾳ</span> <span class='ocrx_word' id='word_1_152' title='bbox 3267 793 3566 845; x_wconf 72' lang='grc' dir='ltr'>Σαϐϐάτουο</span> <span class='ocrx_word' id='word_1_153' title='bbox 3604 793 3736 861; x_wconf 74' lang='grc' dir='ltr'>αὐτῇ</span> 
     </span>
    </p>
   </div>
   <div class='ocr_carea' id='block_1_25' title="bbox 2162 879 3737 962">
    <p class='ocr_par' dir='ltr' id='par_1_25' title="bbox 2162 879 3737 962">
     <span class='ocr_line' id='line_1_25' title="bbox 2162 879 3737 962; baseline -0.006 -18"><span class='ocrx_word' id='word_1_154' title='bbox 2162 892 2219 945; x_wconf 81' lang='grc' dir='ltr'>δὲ</span> <span class='ocrx_word' id='word_1_155' title='bbox 2252 893 2318 962; x_wconf 80' lang='grc' dir='ltr'><strong>τῇ</strong></span> <span class='ocrx_word' id='word_1_156' title='bbox 2350 890 2532 960; x_wconf 67' lang='grc' dir='ltr'>ἡμέρᾳ</span> <span class='ocrx_word' id='word_1_157' title='bbox 2577 887 2679 956; x_wconf 77' lang='grc' dir='ltr'>τῆς</span> <span class='ocrx_word' id='word_1_158' title='bbox 2725 885 3109 956; x_wconf 80' lang='grc' dir='ltr'>Πεντηκοστῆς</span> <span class='ocrx_word' id='word_1_159' title='bbox 3153 883 3500 954; x_wconf 79' lang='grc' dir='ltr'>ὲξεκομξσθη.</span> <span class='ocrx_word' id='word_1_160' title='bbox 3547 879 3659 935; x_wconf 83' lang='grc' dir='ltr'>Ἦν</span> <span class='ocrx_word' id='word_1_161' title='bbox 3685 884 3737 936; x_wconf 79' lang='grc' dir='ltr'>δὲ</span> 
     </span>
    </p>
   </div>
   <div class='ocr_carea' id='block_1_26' title="bbox 2145 974 3738 1060">
    <p class='ocr_par' dir='ltr' id='par_1_26' title="bbox 2145 974 3738 1060">
     <span class='ocr_line' id='line_1_26' title="bbox 2145 974 3738 1060; baseline -0.006 -26"><span class='ocrx_word' id='word_1_162' title='bbox 2145 982 2285 1034; x_wconf 77' lang='grc' dir='ltr'>κατ’</span> <span class='ocrx_word' id='word_1_163' title='bbox 2325 979 2655 1048; x_wconf 79' lang='grc' dir='ltr'>Αἰγυπτίους</span> <span class='ocrx_word' id='word_1_164' title='bbox 2698 977 2819 1030; x_wconf 86' lang='grc' dir='ltr'>τότε</span> <span class='ocrx_word' id='word_1_165' title='bbox 2857 977 3025 1048; x_wconf 85' lang='grc' dir='ltr'>μηνὸς</span> <span class='ocrx_word' id='word_1_166' title='bbox 3041 975 3263 1060; x_wconf 35' lang='grc' dir='ltr'>,Παχὼν</span> <span class='ocrx_word' id='word_1_167' title='bbox 3298 976 3395 1044; x_wconf 88' lang='grc' dir='ltr'><strong>μία</strong></span> <span class='ocrx_word' id='word_1_168' title='bbox 3437 974 3531 1027; x_wconf 66' lang='grc' dir='ltr'>καὶ</span> <span class='ocrx_word' id='word_1_169' title='bbox 3567 975 3738 1037; x_wconf 79' lang='grc' dir='ltr'>είκάς,</span> 
     </span>
    </p>
   </div>
   <div class='ocr_carea' id='block_1_27' title="bbox 2164 1065 3742 1138">
    <p class='ocr_par' dir='ltr' id='par_1_27' title="bbox 2164 1065 3742 1138">
     <span class='ocr_line' id='line_1_27' title="bbox 2164 1065 3742 1138; baseline -0.005 -14"><span class='ocrx_word' id='word_1_170' title='bbox 2164 1071 2305 1125; x_wconf 84' lang='grc' dir='ltr'>κατὰ</span> <span class='ocrx_word' id='word_1_171' title='bbox 2339 1070 2394 1122; x_wconf 80' lang='grc' dir='ltr'>δὲ</span> <span class='ocrx_word' id='word_1_172' title='bbox 2419 1069 2686 1138; x_wconf 83' lang='grc' dir='ltr'>’Έλληνας</span> <span class='ocrx_word' id='word_1_173' title='bbox 2710 1067 3058 1138; x_wconf 77' lang='grc' dir='ltr'><strong>Ἀρτεμισίου</strong></span> <span class='ocrx_word' id='word_1_174' title='bbox 3093 1067 3252 1136; x_wconf 89' lang='grc' dir='ltr'>τρίτη</span> <span class='ocrx_word' id='word_1_175' title='bbox 3279 1065 3373 1118; x_wconf 71' lang='grc' dir='ltr'>καὶ</span> <span class='ocrx_word' id='word_1_176' title='bbox 3399 1065 3572 1126; x_wconf 76' lang='grc' dir='ltr'>είκάς,</span> <span class='ocrx_word' id='word_1_177' title='bbox 3603 1066 3742 1118; x_wconf 73' lang='grc' dir='ltr'>κατὰ</span> 
     </span>
    </p>
   </div>
   <div class='ocr_carea' id='block_1_28' title="bbox 2175 1155 3636 1230">
    <p class='ocr_par' dir='ltr' id='par_1_28' title="bbox 2175 1155 3636 1230">
     <span class='ocr_line' id='line_1_28' title="bbox 2175 1155 3636 1230; baseline -0.005 -16"><span class='ocrx_word' id='word_1_178' title='bbox 2175 1161 2479 1230; x_wconf 82' lang='grc' dir='ltr'>Ῥωμαίους</span> <span class='ocrx_word' id='word_1_179' title='bbox 2508 1159 2566 1211; x_wconf 82' lang='grc' dir='ltr'>δὲ</span> <span class='ocrx_word' id='word_1_180' title='bbox 2597 1159 2704 1228; x_wconf 84' lang='grc' dir='ltr'>πρὸ</span> <span class='ocrx_word' id='word_1_181' title='bbox 2733 1157 3006 1210; x_wconf 86' lang='grc' dir='ltr'>δεκαεπτά</span> <span class='ocrx_word' id='word_1_182' title='bbox 3053 1155 3344 1208; x_wconf 78' lang='grc' dir='ltr'>Καλανδῶν</span> <span class='ocrx_word' id='word_1_183' title='bbox 3381 1156 3636 1208; x_wconf 82' lang='grc' dir='ltr'>Ἰουνίων.</span> 
     </span>
    </p>
   </div>
   <div class='ocr_carea' id='block_1_29' title="bbox 2234 1245 3742 1317">
    <p class='ocr_par' dir='ltr' id='par_1_29' title="bbox 2234 1245 3742 1317">
     <span class='ocr_line' id='line_1_29' title="bbox 2234 1245 3742 1317; baseline -0.005 -13"><span class='ocrx_word' id='word_1_184' title='bbox 2234 1252 2363 1304; x_wconf 83' lang='lat' dir='ltr'><strong>KA&#39;.</strong></span> <span class='ocrx_word' id='word_1_185' title='bbox 2401 1251 2545 1313; x_wconf 82' lang='grc' dir='ltr'>Ἕως</span> <span class='ocrx_word' id='word_1_186' title='bbox 2591 1248 2858 1311; x_wconf 76' lang='grc' dir='ltr'>ἐνταῦθα,</span> <span class='ocrx_word' id='word_1_187' title='bbox 2905 1245 3306 1315; x_wconf 76' lang='grc' dir='ltr'>φιλοκαλὼτατε</span> <span class='ocrx_word' id='word_1_188' title='bbox 3332 1285 3346 1308; x_wconf 88' lang='grc'><strong>,</strong></span> <span class='ocrx_word' id='word_1_189' title='bbox 3384 1245 3742 1317; x_wconf 75' lang='grc' dir='ltr'><strong>ἀρκεσθέντες</strong></span> 
     </span>
    </p>
   </div>
   <div class='ocr_carea' id='block_1_30' title="bbox 2165 1335 3741 1412">
    <p class='ocr_par' dir='ltr' id='par_1_30' title="bbox 2165 1335 3741 1412">
     <span class='ocr_line' id='line_1_30' title="bbox 2165 1335 3741 1412; baseline -0.004 -18"><span class='ocrx_word' id='word_1_190' title='bbox 2165 1345 2276 1404; x_wconf 77' lang='grc' dir='ltr'>τοῖς</span> <span class='ocrx_word' id='word_1_191' title='bbox 2305 1340 2744 1412; x_wconf 79' lang='grc' dir='ltr'>προειρημένοις,</span> <span class='ocrx_word' id='word_1_192' title='bbox 2785 1339 2955 1391; x_wconf 74' lang='grc' dir='ltr'>ἅπασι</span> <span class='ocrx_word' id='word_1_193' title='bbox 2983 1337 3081 1405; x_wconf 79' lang='grc' dir='ltr'>τὴν</span> <span class='ocrx_word' id='word_1_194' title='bbox 3108 1337 3215 1389; x_wconf 87' lang='grc' dir='ltr'><strong>τῶν</strong></span> <span class='ocrx_word' id='word_1_195' title='bbox 3237 1335 3586 1407; x_wconf 79' lang='grc' dir='ltr'>ὲρμηνευτῶν</span> <span class='ocrx_word' id='word_1_196' title='bbox 3610 1336 3741 1388; x_wconf 71' lang='grc' dir='ltr'>ὑπόο</span> 
     </span>
    </p>
   </div>
   <div class='ocr_carea' id='block_1_31' title="bbox 2166 1424 3742 1500">
    <p class='ocr_par' dir='ltr' id='par_1_31' title="bbox 2166 1424 3742 1500">
     <span class='ocr_line' id='line_1_31' title="bbox 2166 1424 3742 1500; baseline -0.004 -17"><span class='ocrx_word' id='word_1_197' title='bbox 2166 1430 2312 1484; x_wconf 86' lang='grc' dir='ltr'>θεσιν</span> <span class='ocrx_word' id='word_1_198' title='bbox 2340 1429 2716 1500; x_wconf 73' lang='grc' dir='ltr'><strong>ἐδηλώσαμεν.</strong></span> <span class='ocrx_word' id='word_1_199' title='bbox 2749 1424 2862 1480; x_wconf 81' lang='grc' dir='ltr'>Εἶθ’</span> <span class='ocrx_word' id='word_1_200' title='bbox 2891 1426 3016 1496; x_wconf 78' lang='grc' dir='ltr'><strong>ἑξῆς</strong></span> <span class='ocrx_word' id='word_1_201' title='bbox 3044 1428 3121 1488; x_wconf 89' lang='grc' dir='ltr'><strong>εἰς</strong></span> <span class='ocrx_word' id='word_1_202' title='bbox 3157 1427 3226 1478; x_wconf 87' lang='grc' dir='ltr'><strong>τά</strong></span> <span class='ocrx_word' id='word_1_203' title='bbox 3253 1425 3526 1482; x_wconf 74' lang='grc' dir='ltr'>ἐπίλοιπα.</span> <span class='ocrx_word' id='word_1_204' title='bbox 3561 1424 3742 1487; x_wconf 80' lang='grc' dir='ltr'>καθὼς</span> 
     </span>
    </p>
   </div>
   <div class='ocr_carea' id='block_1_32' title="bbox 2165 1515 3740 1592">
    <p class='ocr_par' dir='ltr' id='par_1_32' title="bbox 2165 1515 3740 1592">
     <span class='ocr_line' id='line_1_32' title="bbox 2165 1515 3740 1592; baseline -0.003 -18"><span class='ocrx_word' id='word_1_205' title='bbox 2165 1520 2510 1592; x_wconf 85' lang='grc' dir='ltr'>ύπευχόμεθα</span> <span class='ocrx_word' id='word_1_206' title='bbox 2531 1522 2552 1550; x_wconf 79' lang='grc'>¹</span> <span class='ocrx_word' id='word_1_207' title='bbox 2585 1521 2704 1582; x_wconf 86' lang='grc' dir='ltr'><strong>σαῖς</strong></span> <span class='ocrx_word' id='word_1_208' title='bbox 2753 1518 2938 1588; x_wconf 79' lang='grc' dir='ltr'>εὐχαῖς</span> <span class='ocrx_word' id='word_1_209' title='bbox 2958 1559 2973 1582; x_wconf 83' lang='grc'><strong>,</strong></span> <span class='ocrx_word' id='word_1_210' title='bbox 3008 1516 3259 1586; x_wconf 82' lang='grc' dir='ltr'><strong>ἄνθρωπε</strong></span> <span class='ocrx_word' id='word_1_211' title='bbox 3292 1515 3384 1569; x_wconf 84' lang='grc' dir='ltr'>τοῦ</span> <span class='ocrx_word' id='word_1_212' title='bbox 3428 1515 3584 1578; x_wconf 77' lang='grc' dir='ltr'>Θεοῦ,</span> <span class='ocrx_word' id='word_1_213' title='bbox 3645 1515 3740 1570; x_wconf 73' lang='grc' dir='ltr'><strong>τὸν</strong></span> 
     </span>
    </p>
   </div>
   <div class='ocr_carea' id='block_1_33' title="bbox 2166 1606 3745 1682">
    <p class='ocr_par' dir='ltr' id='par_1_33' title="bbox 2166 1606 3745 1682">
     <span class='ocr_line' id='line_1_33' title="bbox 2166 1606 3745 1682; baseline -0.006 -16"><span class='ocrx_word' id='word_1_214' title='bbox 2166 1613 2291 1666; x_wconf 79' lang='grc' dir='ltr'>νοῦν</span> <span class='ocrx_word' id='word_1_215' title='bbox 2347 1611 2624 1681; x_wconf 85' lang='grc' dir='ltr'>ὲπιδῶμεν</span> <span class='ocrx_word' id='word_1_216' title='bbox 2672 1609 2803 1682; x_wconf 79' lang='grc' dir='ltr'>περὶ</span> <span class='ocrx_word' id='word_1_217' title='bbox 2855 1607 2963 1660; x_wconf 86' lang='grc' dir='ltr'><strong>τῶν</strong></span> <span class='ocrx_word' id='word_1_218' title='bbox 3015 1608 3072 1659; x_wconf 78' lang='grc' dir='ltr'>ἐν</span> <span class='ocrx_word' id='word_1_219' title='bbox 3125 1609 3242 1669; x_wconf 83' lang='grc' dir='ltr'>ταῖς</span> <span class='ocrx_word' id='word_1_220' title='bbox 3287 1607 3458 1668; x_wconf 79' lang='grc' dir='ltr'>θείαις</span> <span class='ocrx_word' id='word_1_221' title='bbox 3500 1606 3745 1676; x_wconf 78' lang='grc' dir='ltr'>Γραφαῖς</span> 
     </span>
    </p>
   </div>
   <div class='ocr_carea' id='block_1_34' title="bbox 485 1697 2072 1777">
    <p class='ocr_par' dir='ltr' id='par_1_34' title="bbox 485 1707 2069 1777">
     <span class='ocr_line' id='line_1_34' title="bbox 485 1707 2069 1777; baseline -0.001 -16"><span class='ocrx_word' id='word_1_222' title='bbox 485 1708 796 1771; x_wconf 79' lang='lat' dir='ltr'><strong>mensuris,</strong></span> <span class='ocrx_word' id='word_1_223' title='bbox 834 1721 898 1760; x_wconf 91' lang='lat' dir='ltr'><strong>ac</strong></span> <span class='ocrx_word' id='word_1_224' title='bbox 939 1707 1184 1762; x_wconf 88' lang='lat' dir='ltr'><strong>numeris</strong></span> <span class='ocrx_word' id='word_1_225' title='bbox 1231 1717 1473 1777; x_wconf 83' lang='lat' dir='ltr'><strong>agemus,</strong></span> <span class='ocrx_word' id='word_1_226' title='bbox 1503 1715 1558 1760; x_wconf 92' lang='lat' dir='ltr'><strong>et</strong></span> <span class='ocrx_word' id='word_1_227' title='bbox 1596 1708 1739 1762; x_wconf 92' lang='lat' dir='ltr'><strong>unde</strong></span> <span class='ocrx_word' id='word_1_228' title='bbox 1769 1708 1931 1762; x_wconf 90' lang='lat' dir='ltr'><strong>unius</strong></span> <span class='ocrx_word' id='word_1_229' title='bbox 1971 1723 2069 1761; x_wconf 87' lang='lat' dir='ltr'><strong>cu-</strong></span> 
     </span>
    </p>
   </div>
   <div class='ocr_carea' id='block_1_35' title="bbox 2178 1697 3744 1777">
    <p class='ocr_par' dir='ltr' id='par_1_35' title="bbox 2178 1697 3744 1772">
     <span class='ocr_line' id='line_1_35' title="bbox 2178 1697 3744 1772; baseline -0.004 -16"><span class='ocrx_word' id='word_1_230' title='bbox 2178 1701 2428 1772; x_wconf 86' lang='grc' dir='ltr'>σταθμῶν</span> <span class='ocrx_word' id='word_1_231' title='bbox 2458 1718 2518 1753; x_wconf 87' lang='grc' dir='ltr'><strong>τε</strong></span> <span class='ocrx_word' id='word_1_232' title='bbox 2569 1700 2663 1753; x_wconf 71' lang='grc' dir='ltr'>καὶ</span> <span class='ocrx_word' id='word_1_233' title='bbox 2715 1699 2927 1770; x_wconf 77' lang='grc' dir='ltr'>μέτρων</span> <span class='ocrx_word' id='word_1_234' title='bbox 2969 1698 3063 1752; x_wconf 79' lang='grc' dir='ltr'>καὶ</span> <span class='ocrx_word' id='word_1_235' title='bbox 3109 1697 3354 1768; x_wconf 84' lang='grc' dir='ltr'>ἀριθμῶν</span> <span class='ocrx_word' id='word_1_236' title='bbox 3394 1697 3744 1768; x_wconf 74' lang='grc' dir='ltr'>δηλώσοντες,</span> 
     </span>
    </p>
   </div>
   <div class='ocr_carea' id='block_1_36' title="bbox 495 1793 2070 1868">
    <p class='ocr_par' dir='ltr' id='par_1_36' title="bbox 495 1793 2070 1868">
     <span class='ocr_line' id='line_1_36' title="bbox 495 1793 2070 1868; baseline 0.001 -21"><span class='ocrx_word' id='word_1_237' title='bbox 495 1794 694 1868; x_wconf 80' lang='lat' dir='ltr'><strong>jusque</strong></span> <span class='ocrx_word' id='word_1_238' title='bbox 721 1809 919 1849; x_wconf 89' lang='lat' dir='ltr'><strong>nomen</strong></span> <span class='ocrx_word' id='word_1_239' title='bbox 953 1808 1018 1848; x_wconf 85' lang='lat' dir='ltr'><strong>ac</strong></span> <span class='ocrx_word' id='word_1_240' title='bbox 1054 1793 1215 1864; x_wconf 86' lang='lat' dir='ltr'><strong>cujus</strong></span> <span class='ocrx_word' id='word_1_241' title='bbox 1256 1794 1430 1864; x_wconf 89' lang='lat' dir='ltr'><strong>gratia</strong></span> <span class='ocrx_word' id='word_1_242' title='bbox 1462 1794 1752 1848; x_wconf 87' lang='lat' dir='ltr'><strong>deductum</strong></span> <span class='ocrx_word' id='word_1_243' title='bbox 1795 1794 1887 1858; x_wconf 90' lang='lat' dir='ltr'><strong>sit,</strong></span> <span class='ocrx_word' id='word_1_244' title='bbox 1923 1809 2070 1864; x_wconf 78' lang='lat' dir='ltr'><strong>qua:-</strong></span> 
     </span>
    </p>
   </div>
   <div class='ocr_carea' id='block_1_37' title="bbox 498 1885 2071 1956">
    <p class='ocr_par' dir='ltr' id='par_1_37' title="bbox 498 1885 2071 1956">
     <span class='ocr_line' id='line_1_37' title="bbox 498 1885 2071 1956; baseline 0.002 -18"><span class='ocrx_word' id='word_1_245' title='bbox 498 1901 606 1955; x_wconf 87' lang='lat' dir='ltr'><strong>que</strong></span> <span class='ocrx_word' id='word_1_246' title='bbox 663 1885 901 1940; x_wconf 88' lang='lat' dir='ltr'><strong>nominis</strong></span> <span class='ocrx_word' id='word_1_247' title='bbox 953 1885 1170 1940; x_wconf 88' lang='lat' dir='ltr'><strong>occasio</strong></span> <span class='ocrx_word' id='word_1_248' title='bbox 1213 1885 1410 1950; x_wconf 78' lang='lat' dir='ltr'><strong>fuerit;</strong></span> <span class='ocrx_word' id='word_1_249' title='bbox 1461 1893 1576 1939; x_wconf 91' lang='lat' dir='ltr'><strong>tum</strong></span> <span class='ocrx_word' id='word_1_250' title='bbox 1629 1900 1749 1954; x_wconf 85' lang='lat' dir='ltr'><strong>quae</strong></span> <span class='ocrx_word' id='word_1_251' title='bbox 1805 1886 2071 1956; x_wconf 88' lang='lat' dir='ltr'><strong>cujusque</strong></span> 
     </span>
    </p>
   </div>
   <div class='ocr_carea' id='block_1_38' title="bbox 499 1975 2066 2048">
    <p class='ocr_par' dir='ltr' id='par_1_38' title="bbox 499 1975 2066 2048">
     <span class='ocr_line' id='line_1_38' title="bbox 499 1975 2066 2048; baseline 0.001 -18"><span class='ocrx_word' id='word_1_252' title='bbox 499 1975 764 2041; x_wconf 88' lang='lat' dir='ltr'><strong>conditio,</strong></span> <span class='ocrx_word' id='word_1_253' title='bbox 799 1975 943 2048; x_wconf 90' lang='lat' dir='ltr'><strong>quod</strong></span> <span class='ocrx_word' id='word_1_254' title='bbox 984 1976 1196 2047; x_wconf 86' lang='lat' dir='ltr'><strong>pondus</strong></span> <span class='ocrx_word' id='word_1_255' title='bbox 1236 1976 1305 2031; x_wconf 87' lang='lat' dir='ltr'><strong>sit</strong></span> <span class='ocrx_word' id='word_1_256' title='bbox 1335 1991 1398 2030; x_wconf 90' lang='lat' dir='ltr'><strong>ac</strong></span> <span class='ocrx_word' id='word_1_257' title='bbox 1438 1982 1702 2046; x_wconf 89' lang='lat' dir='ltr'><strong>potestas,</strong></span> <span class='ocrx_word' id='word_1_258' title='bbox 1743 1977 2066 2046; x_wconf 84' lang='lat' dir='ltr'><strong>aperiemus.</strong></span> 
     </span>
    </p>
   </div>
   <div class='ocr_carea' id='block_1_39' title="bbox 566 2149 2071 2224">
    <p class='ocr_par' dir='ltr' id='par_1_39' title="bbox 566 2149 2071 2224">
     <span class='ocr_line' id='line_1_39' title="bbox 566 2149 2071 2224; baseline 0.003 -22"><span class='ocrx_word' id='word_1_259' title='bbox 566 2150 744 2203; x_wconf 73' lang='lat' dir='ltr'><strong>(lorus</strong></span> <span class='ocrx_word' id='word_1_260' title='bbox 803 2149 988 2219; x_wconf 86' lang='lat' dir='ltr'><strong>itaque</strong></span> <span class='ocrx_word' id='word_1_261' title='bbox 1035 2165 1306 2205; x_wconf 74' lang='lat' dir='ltr'><strong>mensura:</strong></span> <span class='ocrx_word' id='word_1_262' title='bbox 1351 2167 1523 2221; x_wconf 86' lang='lat' dir='ltr'><strong>genus</strong></span> <span class='ocrx_word' id='word_1_263' title='bbox 1581 2161 1683 2219; x_wconf 87' lang='lat' dir='ltr'><strong>est,</strong></span> <span class='ocrx_word' id='word_1_264' title='bbox 1752 2155 1820 2208; x_wconf 89' lang='lat' dir='ltr'><strong>de</strong></span> <span class='ocrx_word' id='word_1_265' title='bbox 1864 2170 1973 2224; x_wconf 89' lang='lat' dir='ltr'><strong>quo</strong></span> <span class='ocrx_word' id='word_1_266' title='bbox 2017 2155 2071 2208; x_wconf 93' lang='lat' dir='ltr'><strong>in</strong></span> 
     </span>
    </p>
   </div>
   <div class='ocr_carea' id='block_1_40' title="bbox 501 2238 2075 2314">
    <p class='ocr_par' dir='ltr' id='par_1_40' title="bbox 501 2238 2075 2314">
     <span class='ocr_line' id='line_1_40' title="bbox 501 2238 2075 2314; baseline 0.004 -21"><span class='ocrx_word' id='word_1_267' title='bbox 501 2240 793 2310; x_wconf 77' lang='lat' dir='ltr'><strong>Evangelia</strong></span> <span class='ocrx_word' id='word_1_268' title='bbox 827 2238 989 2293; x_wconf 75' lang='lat' dir='ltr'><strong>Luca:</strong></span> <span class='ocrx_word' id='word_1_269' title='bbox 1033 2243 1089 2292; x_wconf 85' lang='lat' dir='ltr'><strong>lit</strong></span> <span class='ocrx_word' id='word_1_270' title='bbox 1130 2242 1330 2294; x_wconf 85' lang='lat' dir='ltr'><strong>mentio</strong></span> <span class='ocrx_word' id='word_1_271' title='bbox 1361 2244 1376 2273; x_wconf 73' lang='grc' dir='ltr'><strong>ι</strong></span> <span class='ocrx_word' id='word_1_272' title='bbox 1407 2262 1420 2296; x_wconf 88' lang='lat'><strong><em>:</em></strong></span> <span class='ocrx_word' id='word_1_273' title='bbox 1453 2257 1562 2311; x_wconf 92' lang='lat' dir='ltr'><strong>quo</strong></span> <span class='ocrx_word' id='word_1_274' title='bbox 1605 2245 1657 2296; x_wconf 90' lang='lat' dir='ltr'><strong>in</strong></span> <span class='ocrx_word' id='word_1_275' title='bbox 1698 2245 1818 2298; x_wconf 85' lang='lat' dir='ltr'><strong>loco</strong></span> <span class='ocrx_word' id='word_1_276' title='bbox 1844 2245 2075 2314; x_wconf 87' lang='lat' dir='ltr'><strong>pruden-</strong></span> 
     </span>
    </p>
   </div>
   <div class='ocr_carea' id='block_1_41' title="bbox 501 2331 2073 2405">
    <p class='ocr_par' dir='ltr' id='par_1_41' title="bbox 501 2331 2073 2405">
     <span class='ocr_line' id='line_1_41' title="bbox 501 2331 2073 2405; baseline 0.003 -20"><span class='ocrx_word' id='word_1_277' title='bbox 501 2340 608 2385; x_wconf 87' lang='lat' dir='ltr'><strong>tem</strong></span> <span class='ocrx_word' id='word_1_278' title='bbox 665 2332 1098 2400; x_wconf 84' lang='lat' dir='ltr'><strong>dispensatorem</strong></span> <span class='ocrx_word' id='word_1_279' title='bbox 1148 2331 1411 2388; x_wconf 91' lang='lat' dir='ltr'><strong>Dominus</strong></span> <span class='ocrx_word' id='word_1_280' title='bbox 1461 2336 1577 2403; x_wconf 88' lang='lat' dir='ltr'><strong>ipse</strong></span> <span class='ocrx_word' id='word_1_281' title='bbox 1627 2335 1922 2398; x_wconf 90' lang='lat' dir='ltr'><strong>collaudat,</strong></span> <span class='ocrx_word' id='word_1_282' title='bbox 1979 2336 2073 2405; x_wconf 91' lang='lat' dir='ltr'><strong>qui</strong></span> 
     </span>
    </p>
   </div>
   <div class='ocr_carea' id='block_1_42' title="bbox 501 2421 2077 2495">
    <p class='ocr_par' dir='ltr' id='par_1_42' title="bbox 501 2421 2077 2495">
     <span class='ocr_line' id='line_1_42' title="bbox 501 2421 2077 2495; baseline 0.002 -20"><span class='ocrx_word' id='word_1_283' title='bbox 501 2421 848 2475; x_wconf 86' lang='lat' dir='ltr'><strong>debitoribus</strong></span> <span class='ocrx_word' id='word_1_284' title='bbox 882 2435 980 2490; x_wconf 92' lang='lat' dir='ltr'><strong>pro</strong></span> <span class='ocrx_word' id='word_1_285' title='bbox 1023 2428 1102 2473; x_wconf 91' lang='lat' dir='ltr'><strong>tot</strong></span> <span class='ocrx_word' id='word_1_286' title='bbox 1143 2422 1292 2476; x_wconf 90' lang='lat' dir='ltr'><strong>coris</strong></span> <span class='ocrx_word' id='word_1_287' title='bbox 1331 2423 1425 2492; x_wconf 90' lang='lat' dir='ltr'><strong>qui</strong></span> <span class='ocrx_word' id='word_1_288' title='bbox 1451 2423 1504 2475; x_wconf 94' lang='lat' dir='ltr'><strong>in</strong></span> <span class='ocrx_word' id='word_1_289' title='bbox 1557 2423 1773 2476; x_wconf 91' lang='lat' dir='ltr'><strong>illorum</strong></span> <span class='ocrx_word' id='word_1_290' title='bbox 1805 2425 2077 2495; x_wconf 85' lang='lat' dir='ltr'><strong>chirogra-</strong></span> 
     </span>
    </p>
   </div>
   <div class='ocr_carea' id='block_1_43' title="bbox 503 2509 2072 2582">
    <p class='ocr_par' dir='ltr' id='par_1_43' title="bbox 503 2509 2072 2582">
     <span class='ocr_line' id='line_1_43' title="bbox 503 2509 2072 2582; baseline 0.003 -19"><span class='ocrx_word' id='word_1_291' title='bbox 503 2512 627 2579; x_wconf 86' lang='lat' dir='ltr'><strong>phis</strong></span> <span class='ocrx_word' id='word_1_292' title='bbox 648 2509 1094 2572; x_wconf 81' lang='lat' dir='ltr'><strong>continebantur,</strong></span> <span class='ocrx_word' id='word_1_293' title='bbox 1117 2517 1196 2562; x_wconf 93' lang='lat' dir='ltr'><strong>tot</strong></span> <span class='ocrx_word' id='word_1_294' title='bbox 1221 2511 1528 2580; x_wconf 85' lang='lat' dir='ltr'><strong>rescripsit,</strong></span> <span class='ocrx_word' id='word_1_295' title='bbox 1555 2520 1610 2566; x_wconf 92' lang='lat' dir='ltr'><strong>et</strong></span> <span class='ocrx_word' id='word_1_296' title='bbox 1631 2521 1886 2581; x_wconf 77' lang='lat' dir='ltr'><strong>acceptos</strong></span> <span class='ocrx_word' id='word_1_297' title='bbox 1917 2515 2072 2582; x_wconf 88' lang='lat' dir='ltr'><strong>tulit;</strong></span> 
     </span>
    </p>
   </div>
   <div class='ocr_carea' id='block_1_44' title="bbox 503 2599 2074 2673">
    <p class='ocr_par' dir='ltr' id='par_1_44' title="bbox 503 2599 2074 2673">
     <span class='ocr_line' id='line_1_44' title="bbox 503 2599 2074 2673; baseline 0.004 -20"><span class='ocrx_word' id='word_1_298' title='bbox 503 2615 713 2654; x_wconf 84' lang='lat' dir='ltr'><strong>necnon</strong></span> <span class='ocrx_word' id='word_1_299' title='bbox 749 2609 801 2654; x_wconf 92' lang='lat' dir='ltr'><strong>et</strong></span> <span class='ocrx_word' id='word_1_300' title='bbox 829 2614 928 2669; x_wconf 89' lang='lat' dir='ltr'><strong>pro</strong></span> <span class='ocrx_word' id='word_1_301' title='bbox 959 2606 1038 2653; x_wconf 93' lang='lat' dir='ltr'><strong>tot</strong></span> <span class='ocrx_word' id='word_1_302' title='bbox 1089 2599 1192 2653; x_wconf 91' lang='lat' dir='ltr'><strong>olei</strong></span> <span class='ocrx_word' id='word_1_303' title='bbox 1221 2600 1384 2664; x_wconf 90' lang='lat' dir='ltr'><strong>batis,</strong></span> <span class='ocrx_word' id='word_1_304' title='bbox 1430 2608 1507 2655; x_wconf 86' lang='lat' dir='ltr'><strong>tot</strong></span> <span class='ocrx_word' id='word_1_305' title='bbox 1550 2603 1812 2673; x_wconf 89' lang='lat' dir='ltr'><strong>reposuit.</strong></span> <span class='ocrx_word' id='word_1_306' title='bbox 1855 2603 2074 2659; x_wconf 83' lang='lat' dir='ltr'><strong>Mensu-</strong></span> 
     </span>
    </p>
   </div>
   <div class='ocr_carea' id='block_1_45' title="bbox 503 2690 2069 2765">
    <p class='ocr_par' dir='ltr' id='par_1_45' title="bbox 503 2690 2069 2765">
     <span class='ocr_line' id='line_1_45' title="bbox 503 2690 2069 2765; baseline 0.003 -21"><span class='ocrx_word' id='word_1_307' title='bbox 503 2705 686 2744; x_wconf 91' lang='lat' dir='ltr'><strong>rarum</strong></span> <span class='ocrx_word' id='word_1_308' title='bbox 735 2705 900 2760; x_wconf 89' lang='lat' dir='ltr'><strong>porro</strong></span> <span class='ocrx_word' id='word_1_309' title='bbox 960 2690 1072 2744; x_wconf 69' lang='lat' dir='ltr'><strong>lucc</strong></span> <span class='ocrx_word' id='word_1_310' title='bbox 1120 2700 1249 2745; x_wconf 92' lang='lat' dir='ltr'><strong>sunt</strong></span> <span class='ocrx_word' id='word_1_311' title='bbox 1305 2691 1569 2746; x_wconf 91' lang='lat' dir='ltr'><strong>nomina:</strong></span> <span class='ocrx_word' id='word_1_312' title='bbox 1607 2692 1812 2756; x_wconf 86' lang='lat' dir='ltr'><strong>lethec,</strong></span> <span class='ocrx_word' id='word_1_313' title='bbox 1857 2710 2069 2765; x_wconf 86' lang='lat' dir='ltr'><strong>gomor,</strong></span> 
     </span>
    </p>
   </div>
   <div class='ocr_carea' id='block_1_46' title="bbox 502 2780 2076 2855">
    <p class='ocr_par' dir='ltr' id='par_1_46' title="bbox 502 2780 2076 2855">
     <span class='ocr_line' id='line_1_46' title="bbox 502 2780 2076 2855; baseline 0.002 -20"><span class='ocrx_word' id='word_1_314' title='bbox 502 2782 683 2844; x_wconf 83' lang='lat' dir='ltr'><strong>batus,</strong></span> <span class='ocrx_word' id='word_1_315' title='bbox 713 2789 914 2845; x_wconf 89' lang='lat' dir='ltr'><strong>satum,</strong></span> <span class='ocrx_word' id='word_1_316' title='bbox 950 2780 1188 2841; x_wconf 90' lang='lat' dir='ltr'><strong>modius,</strong></span> <span class='ocrx_word' id='word_1_317' title='bbox 1223 2781 1415 2847; x_wconf 87' lang='lat' dir='ltr'><strong>cabus,</strong></span> <span class='ocrx_word' id='word_1_318' title='bbox 1454 2781 1696 2845; x_wconf 74' lang='lat' dir='ltr'><strong>chmnix,</strong></span> <span class='ocrx_word' id='word_1_319' title='bbox 1729 2783 2076 2855; x_wconf 85' lang='lat' dir='ltr'><strong>ephisimila-</strong></span> 
     </span>
    </p>
   </div>
   <div class='ocr_carea' id='block_1_47' title="bbox 503 2869 2076 2941">
    <p class='ocr_par' dir='ltr' id='par_1_47' title="bbox 503 2869 2076 2941">
     <span class='ocr_line' id='line_1_47' title="bbox 503 2869 2076 2941; baseline 0.003 -17"><span class='ocrx_word' id='word_1_320' title='bbox 503 2872 669 2941; x_wconf 84' lang='lat' dir='ltr'><strong>ginis,</strong></span> <span class='ocrx_word' id='word_1_321' title='bbox 706 2871 948 2940; x_wconf 80' lang='lat' dir='ltr'><strong>pugillus</strong></span> <span class='ocrx_word' id='word_1_322' title='bbox 991 2869 1202 2934; x_wconf 63' lang='lat' dir='ltr'><strong>farina),</strong></span> <span class='ocrx_word' id='word_1_323' title='bbox 1231 2872 1443 2935; x_wconf 90' lang='lat' dir='ltr'><strong>artaba,</strong></span> <span class='ocrx_word' id='word_1_324' title='bbox 1479 2881 1591 2928; x_wconf 87' lang='lat' dir='ltr'><strong>tres</strong></span> <span class='ocrx_word' id='word_1_325' title='bbox 1637 2888 1906 2930; x_wconf 68' lang='lat' dir='ltr'><strong>mensura:</strong></span> <span class='ocrx_word' id='word_1_326' title='bbox 1931 2874 2076 2929; x_wconf 81' lang='lat' dir='ltr'><strong>simi-</strong></span> 
     </span>
    </p>
   </div>
   <div class='ocr_carea' id='block_1_48' title="bbox 503 2961 2068 3033">
    <p class='ocr_par' dir='ltr' id='par_1_48' title="bbox 503 2961 2068 3033">
     <span class='ocr_line' id='line_1_48' title="bbox 503 2961 2068 3033; baseline 0.001 -18"><span class='ocrx_word' id='word_1_327' title='bbox 503 2963 720 3033; x_wconf 85' lang='lat' dir='ltr'><strong>laginis,</strong></span> <span class='ocrx_word' id='word_1_328' title='bbox 750 2962 856 3015; x_wconf 91' lang='lat' dir='ltr'><strong>tria</strong></span> <span class='ocrx_word' id='word_1_329' title='bbox 879 2963 1118 3017; x_wconf 85' lang='lat' dir='ltr'><strong>canistra</strong></span> <span class='ocrx_word' id='word_1_330' title='bbox 1141 2977 1343 3031; x_wconf 89' lang='lat' dir='ltr'><strong>panum</strong></span> <span class='ocrx_word' id='word_1_331' title='bbox 1367 2961 1780 3016; x_wconf 87' lang='lat' dir='ltr'><strong>chondritarum</strong></span> <span class='ocrx_word' id='word_1_332' title='bbox 1807 2978 1872 3018; x_wconf 81' lang='lat' dir='ltr'><strong>ex</strong></span> <span class='ocrx_word' id='word_1_333' title='bbox 1902 2963 2068 3017; x_wconf 87' lang='lat' dir='ltr'><strong>alica:</strong></span> 
     </span>
    </p>
   </div>
   <div class='ocr_carea' id='block_1_49' title="bbox 2172 1786 3746 1859">
    <p class='ocr_par' dir='ltr' id='par_1_49' title="bbox 2172 1786 3746 1859">
     <span class='ocr_line' id='line_1_49' title="bbox 2172 1786 3746 1859; baseline -0.004 -13"><span class='ocrx_word' id='word_1_334' title='bbox 2172 1793 2335 1846; x_wconf 85' lang='grc' dir='ltr'>πόθεν</span> <span class='ocrx_word' id='word_1_335' title='bbox 2394 1792 2626 1844; x_wconf 75' lang='grc' dir='ltr'>ἕκαστον</span> <span class='ocrx_word' id='word_1_336' title='bbox 2659 1791 3002 1859; x_wconf 80' lang='grc' dir='ltr'>ὠνόμασται,</span> <span class='ocrx_word' id='word_1_337' title='bbox 3047 1790 3141 1842; x_wconf 79' lang='grc' dir='ltr'>καὶ</span> <span class='ocrx_word' id='word_1_338' title='bbox 3187 1789 3330 1851; x_wconf 89' lang='grc' dir='ltr'>τίνος</span> <span class='ocrx_word' id='word_1_339' title='bbox 3378 1787 3540 1840; x_wconf 73' lang='grc' dir='ltr'>ἕνεκα</span> <span class='ocrx_word' id='word_1_340' title='bbox 3573 1786 3746 1850; x_wconf 75' lang='grc' dir='ltr'>οὕτως</span> 
     </span>
    </p>
   </div>
   <div class='ocr_carea' id='block_1_50' title="bbox 2171 1878 3747 1952">
    <p class='ocr_par' dir='ltr' id='par_1_50' title="bbox 2171 1878 3747 1952">
     <span class='ocr_line' id='line_1_50' title="bbox 2171 1878 3747 1952; baseline -0.005 -15"><span class='ocrx_word' id='word_1_341' title='bbox 2171 1883 2454 1952; x_wconf 76' lang='grc' dir='ltr'>κέκληται,</span> <span class='ocrx_word' id='word_1_342' title='bbox 2507 1881 2600 1934; x_wconf 72' lang='grc' dir='ltr'>καὶ</span> <span class='ocrx_word' id='word_1_343' title='bbox 2645 1879 2807 1932; x_wconf 88' lang='grc' dir='ltr'>πόθεν</span> <span class='ocrx_word' id='word_1_344' title='bbox 2856 1880 2952 1950; x_wconf 80' lang='grc' dir='ltr'>τὴν</span> <span class='ocrx_word' id='word_1_345' title='bbox 2993 1878 3264 1950; x_wconf 80' lang='grc' dir='ltr'>πρόφασιν</span> <span class='ocrx_word' id='word_1_346' title='bbox 3307 1879 3404 1949; x_wconf 84' lang='grc' dir='ltr'>τῆς</span> <span class='ocrx_word' id='word_1_347' title='bbox 3452 1878 3747 1948; x_wconf 80' lang='grc' dir='ltr'>ὀνομασίας</span> 
     </span>
    </p>
   </div>
   <div class='ocr_carea' id='block_1_51' title="bbox 2171 1969 3748 2046">
    <p class='ocr_par' dir='ltr' id='par_1_51' title="bbox 2171 1969 3748 2046">
     <span class='ocr_line' id='line_1_51' title="bbox 2171 1969 3748 2046; baseline -0.005 -17"><span class='ocrx_word' id='word_1_348' title='bbox 2171 1977 2360 2046; x_wconf 68' lang='grc' dir='ltr'>εἴληφε</span> <span class='ocrx_word' id='word_1_349' title='bbox 2386 2016 2400 2038; x_wconf 94' lang='grc'><strong>,</strong></span> <span class='ocrx_word' id='word_1_350' title='bbox 2433 1975 2528 2028; x_wconf 72' lang='grc' dir='ltr'>καὶ</span> <span class='ocrx_word' id='word_1_351' title='bbox 2574 1975 2658 2036; x_wconf 87' lang='grc' dir='ltr'><strong>τίς</strong></span> <span class='ocrx_word' id='word_1_352' title='bbox 2691 1974 2920 2026; x_wconf 77' lang='grc' dir='ltr'>ἑκάστου</span> <span class='ocrx_word' id='word_1_353' title='bbox 2969 1972 3176 2025; x_wconf 87' lang='grc' dir='ltr'>τούτων</span> <span class='ocrx_word' id='word_1_354' title='bbox 3219 1972 3252 2040; x_wconf 76' lang='grc' dir='ltr'>ἡ</span> <span class='ocrx_word' id='word_1_355' title='bbox 3300 1971 3541 2040; x_wconf 83' lang='grc' dir='ltr'>ποιότης,</span> <span class='ocrx_word' id='word_1_356' title='bbox 3575 1969 3672 2022; x_wconf 77' lang='grc' dir='ltr'>καὶ</span> <span class='ocrx_word' id='word_1_357' title='bbox 3713 1970 3748 2037; x_wconf 83' lang='grc' dir='ltr'><strong>ἠ</strong></span> 
     </span>
    </p>
   </div>
   <div class='ocr_carea' id='block_1_52' title="bbox 2169 2066 2787 2137">
    <p class='ocr_par' dir='ltr' id='par_1_52' title="bbox 2169 2066 2787 2137">
     <span class='ocr_line' id='line_1_52' title="bbox 2169 2066 2787 2137; baseline -0.006 -17"><span class='ocrx_word' id='word_1_358' title='bbox 2169 2069 2321 2137; x_wconf 80' lang='grc' dir='ltr'>ὁλκὴ,</span> <span class='ocrx_word' id='word_1_359' title='bbox 2358 2068 2504 2136; x_wconf 71' lang='grc' dir='ltr'>καὶὴ</span> <span class='ocrx_word' id='word_1_360' title='bbox 2542 2066 2787 2134; x_wconf 85' lang='grc' dir='ltr'>δύναμις.</span> 
     </span>
    </p>
   </div>
   <div class='ocr_carea' id='block_1_53' title="bbox 2242 2151 3749 2230">
    <p class='ocr_par' dir='ltr' id='par_1_53' title="bbox 2242 2151 3749 2230">
     <span class='ocr_line' id='line_1_53' title="bbox 2242 2151 3749 2230; baseline -0.008 -17"><span class='ocrx_word' id='word_1_361' title='bbox 2242 2161 2454 2230; x_wconf 83' lang='grc' dir='ltr'>Μέτρον</span> <span class='ocrx_word' id='word_1_362' title='bbox 2485 2154 2578 2210; x_wconf 71' lang='grc' dir='ltr'><strong>οὖν</strong></span> <span class='ocrx_word' id='word_1_363' title='bbox 2610 2159 2726 2209; x_wconf 87' lang='grc' dir='ltr'>ὲστι</span> <span class='ocrx_word' id='word_1_364' title='bbox 2761 2157 2919 2224; x_wconf 87' lang='grc' dir='ltr'>κόρος</span> <span class='ocrx_word' id='word_1_365' title='bbox 2941 2153 3077 2224; x_wconf 82' lang='grc'>(58),</span> <span class='ocrx_word' id='word_1_366' title='bbox 3105 2155 3283 2206; x_wconf 87' lang='grc' dir='ltr'>κεῖται</span> <span class='ocrx_word' id='word_1_367' title='bbox 3315 2152 3371 2205; x_wconf 80' lang='grc' dir='ltr'>δὲ</span> <span class='ocrx_word' id='word_1_368' title='bbox 3401 2154 3458 2204; x_wconf 83' lang='grc' dir='ltr'>ὲν</span> <span class='ocrx_word' id='word_1_369' title='bbox 3488 2151 3567 2220; x_wconf 86' lang='grc' dir='ltr'>τῷ</span> <span class='ocrx_word' id='word_1_370' title='bbox 3603 2151 3749 2203; x_wconf 77' lang='grc' dir='ltr'>κατᾶ</span> 
     </span>
    </p>
   </div>
   <div class='ocr_carea' id='block_1_54' title="bbox 2172 2244 3752 2320">
    <p class='ocr_par' dir='ltr' id='par_1_54' title="bbox 2172 2244 3752 2320">
     <span class='ocr_line' id='line_1_54' title="bbox 2172 2244 3752 2320; baseline -0.006 -14"><span class='ocrx_word' id='word_1_371' title='bbox 2172 2254 2384 2306; x_wconf 84' lang='grc' dir='ltr'>Λουκᾶν</span> <span class='ocrx_word' id='word_1_372' title='bbox 2413 2250 2756 2320; x_wconf 78' lang='grc' dir='ltr'>Εὑαγγελίῳ·</span> <span class='ocrx_word' id='word_1_373' title='bbox 2785 2249 2906 2302; x_wconf 83' lang='grc' dir='ltr'>ὅθεν</span> <span class='ocrx_word' id='word_1_374' title='bbox 2939 2251 2968 2302; x_wconf 86' lang='grc' dir='ltr'><strong>ό</strong></span> <span class='ocrx_word' id='word_1_375' title='bbox 3001 2248 3189 2320; x_wconf 80' lang='grc' dir='ltr'>Σωτὴρ</span> <span class='ocrx_word' id='word_1_376' title='bbox 3211 2247 3420 2300; x_wconf 74' lang='grc' dir='ltr'>ἐπαινεῖ</span> <span class='ocrx_word' id='word_1_377' title='bbox 3443 2245 3535 2297; x_wconf 80' lang='grc' dir='ltr'>τὸν</span> <span class='ocrx_word' id='word_1_378' title='bbox 3562 2244 3752 2313; x_wconf 76' lang='grc' dir='ltr'>φρόνι-</span> 
     </span>
    </p>
   </div>
   <div class='ocr_carea' id='block_1_55' title="bbox 2178 2333 3755 2414">
    <p class='ocr_par' dir='ltr' id='par_1_55' title="bbox 2178 2333 3755 2414">
     <span class='ocr_line' id='line_1_55' title="bbox 2178 2333 3755 2414; baseline -0.007 -18"><span class='ocrx_word' id='word_1_379' title='bbox 2178 2361 2278 2414; x_wconf 91' lang='grc' dir='ltr'><strong>μον</strong></span> <span class='ocrx_word' id='word_1_380' title='bbox 2310 2343 2590 2412; x_wconf 85' lang='grc' dir='ltr'>οἰκονόμον</span> <span class='ocrx_word' id='word_1_381' title='bbox 2621 2343 2734 2403; x_wconf 85' lang='grc' dir='ltr'>τοῖς</span> <span class='ocrx_word' id='word_1_382' title='bbox 2761 2338 3181 2411; x_wconf 73' lang='grc' dir='ltr'>χρεωφειλέταις</span> <span class='ocrx_word' id='word_1_383' title='bbox 3212 2336 3330 2390; x_wconf 74' lang='grc' dir='ltr'>ἀντὶ</span> <span class='ocrx_word' id='word_1_384' title='bbox 3363 2336 3536 2407; x_wconf 71' lang='grc' dir='ltr'>κόρων</span> <span class='ocrx_word' id='word_1_385' title='bbox 3564 2333 3755 2387; x_wconf 73' lang='grc' dir='ltr'>τοσούο</span> 
     </span>
    </p>
   </div>
   <div class='ocr_carea' id='block_1_56' title="bbox 2173 2421 3757 2499">
    <p class='ocr_par' dir='ltr' id='par_1_56' title="bbox 2173 2421 3757 2499">
     <span class='ocr_line' id='line_1_56' title="bbox 2173 2421 3757 2499; baseline -0.005 -17"><span class='ocrx_word' id='word_1_386' title='bbox 2173 2447 2280 2482; x_wconf 89' lang='grc' dir='ltr'><strong>των</strong></span> <span class='ocrx_word' id='word_1_387' title='bbox 2317 2430 2374 2481; x_wconf 81' lang='grc' dir='ltr'>ἐν</span> <span class='ocrx_word' id='word_1_388' title='bbox 2425 2431 2534 2492; x_wconf 89' lang='grc' dir='ltr'>τοῖς</span> <span class='ocrx_word' id='word_1_389' title='bbox 2587 2427 2736 2496; x_wconf 77' lang='grc' dir='ltr'>σφῶν</span> <span class='ocrx_word' id='word_1_390' title='bbox 2779 2426 2960 2499; x_wconf 78' lang='grc' dir='ltr'>αὐτῶν</span> <span class='ocrx_word' id='word_1_391' title='bbox 3012 2425 3392 2496; x_wconf 82' lang='grc' dir='ltr'>χειρογράφοις</span> <span class='ocrx_word' id='word_1_392' title='bbox 3438 2422 3706 2476; x_wconf 83' lang='grc' dir='ltr'>τοσούτων</span> <span class='ocrx_word' id='word_1_393' title='bbox 3733 2421 3757 2452; x_wconf 87' lang='grc'><strong><em>⁸</em></strong></span> 
     </span>
    </p>
   </div>
   <div class='ocr_carea' id='block_1_57' title="bbox 2179 2513 3755 2591">
    <p class='ocr_par' dir='ltr' id='par_1_57' title="bbox 2179 2513 3755 2591">
     <span class='ocr_line' id='line_1_57' title="bbox 2179 2513 3755 2591; baseline -0.006 -17"><span class='ocrx_word' id='word_1_394' title='bbox 2179 2519 2697 2591; x_wconf 73' lang='grc' dir='ltr'>μεταγραψάμενον·</span> <span class='ocrx_word' id='word_1_395' title='bbox 2737 2519 2857 2572; x_wconf 69' lang='grc' dir='ltr'>ἀντὶ</span> <span class='ocrx_word' id='word_1_396' title='bbox 2900 2517 2956 2570; x_wconf 77' lang='grc' dir='ltr'>δὲ</span> <span class='ocrx_word' id='word_1_397' title='bbox 2997 2516 3263 2570; x_wconf 86' lang='grc' dir='ltr'>τοσούτων</span> <span class='ocrx_word' id='word_1_398' title='bbox 3317 2514 3490 2585; x_wconf 83' lang='grc' dir='ltr'>βάτων</span> <span class='ocrx_word' id='word_1_399' title='bbox 3535 2513 3755 2577; x_wconf 79' lang='grc' dir='ltr'>ἐλαίου,</span> 
     </span>
    </p>
   </div>
   <div class='ocr_carea' id='block_1_58' title="bbox 2173 2604 3755 2680">
    <p class='ocr_par' dir='ltr' id='par_1_58' title="bbox 2173 2604 3755 2680">
     <span class='ocr_line' id='line_1_58' title="bbox 2173 2604 3755 2680; baseline -0.006 -16"><span class='ocrx_word' id='word_1_400' title='bbox 2173 2609 2409 2664; x_wconf 79' lang='grc' dir='ltr'>τοσαῦτα</span> <span class='ocrx_word' id='word_1_401' title='bbox 2439 2611 2756 2680; x_wconf 87' lang='grc' dir='ltr'>ποιήσαντα.</span> <span class='ocrx_word' id='word_1_402' title='bbox 2795 2609 3065 2678; x_wconf 84' lang='grc' dir='ltr'>Ὀνόματα</span> <span class='ocrx_word' id='word_1_403' title='bbox 3091 2607 3197 2678; x_wconf 79' lang='grc' dir='ltr'><strong>γάρ</strong></span> <span class='ocrx_word' id='word_1_404' title='bbox 3223 2608 3328 2658; x_wconf 84' lang='grc' dir='ltr'>εἰσι</span> <span class='ocrx_word' id='word_1_405' title='bbox 3359 2605 3568 2676; x_wconf 85' lang='grc' dir='ltr'>μέτρων</span> <span class='ocrx_word' id='word_1_406' title='bbox 3588 2604 3720 2657; x_wconf 83' lang='grc' dir='ltr'>τάδε</span> <span class='ocrx_word' id='word_1_407' title='bbox 3743 2621 3755 2635; x_wconf 75' lang='grc'><em>’</em></span> 
     </span>
    </p>
   </div>
   <div class='ocr_carea' id='block_1_59' title="bbox 2174 2698 3756 2774">
    <p class='ocr_par' dir='ltr' id='par_1_59' title="bbox 2174 2698 3756 2774">
     <span class='ocr_line' id='line_1_59' title="bbox 2174 2698 3756 2774; baseline -0.004 -20"><span class='ocrx_word' id='word_1_408' title='bbox 2174 2701 2354 2773; x_wconf 83' lang='grc' dir='ltr'>λεθὲκ,</span> <span class='ocrx_word' id='word_1_409' title='bbox 2385 2702 2578 2774; x_wconf 83' lang='grc' dir='ltr'>γόμορ,</span> <span class='ocrx_word' id='word_1_410' title='bbox 2605 2701 2784 2772; x_wconf 84' lang='grc' dir='ltr'>βάτος,</span> <span class='ocrx_word' id='word_1_411' title='bbox 2829 2701 3010 2762; x_wconf 83' lang='grc' dir='ltr'>σάτον,</span> <span class='ocrx_word' id='word_1_412' title='bbox 3044 2699 3242 2770; x_wconf 87' lang='grc' dir='ltr'>μόδιος.</span> <span class='ocrx_word' id='word_1_413' title='bbox 3281 2699 3447 2768; x_wconf 86' lang='grc' dir='ltr'>κόμος</span> <span class='ocrx_word' id='word_1_414' title='bbox 3470 2698 3512 2760; x_wconf 71' lang='grc'>⁸,</span> <span class='ocrx_word' id='word_1_415' title='bbox 3548 2698 3756 2764; x_wconf 79' lang='grc' dir='ltr'>φοῖνιξ,</span> 
     </span>
    </p>
   </div>
   <div class='ocr_carea' id='block_1_60' title="bbox 2177 2787 3762 2863">
    <p class='ocr_par' dir='ltr' id='par_1_60' title="bbox 2177 2787 3762 2863">
     <span class='ocr_line' id='line_1_60' title="bbox 2177 2787 3762 2863; baseline -0.003 -19"><span class='ocrx_word' id='word_1_416' title='bbox 2177 2791 2284 2863; x_wconf 82' lang='grc' dir='ltr'>’ύφη</span> <span class='ocrx_word' id='word_1_417' title='bbox 2321 2792 2670 2862; x_wconf 82' lang='grc' dir='ltr'>σεμιδάλεως,</span> <span class='ocrx_word' id='word_1_418' title='bbox 2702 2791 2836 2862; x_wconf 79' lang='grc' dir='ltr'>δράξ</span> <span class='ocrx_word' id='word_1_419' title='bbox 2863 2791 3112 2862; x_wconf 87' lang='grc' dir='ltr'>ἀλεύρου,</span> <span class='ocrx_word' id='word_1_420' title='bbox 3147 2789 3377 2860; x_wconf 86' lang='grc' dir='ltr'>ἀρτάϐη,</span> <span class='ocrx_word' id='word_1_421' title='bbox 3408 2788 3534 2858; x_wconf 85' lang='grc' dir='ltr'>τρία</span> <span class='ocrx_word' id='word_1_422' title='bbox 3574 2787 3762 2856; x_wconf 79' lang='grc' dir='ltr'>μέτρα</span> 
     </span>
    </p>
   </div>
   <div class='ocr_carea' id='block_1_61' title="bbox 2178 2878 3760 2953">
    <p class='ocr_par' dir='ltr' id='par_1_61' title="bbox 2178 2878 3760 2953">
     <span class='ocr_line' id='line_1_61' title="bbox 2178 2878 3760 2953; baseline -0.004 -18"><span class='ocrx_word' id='word_1_423' title='bbox 2178 2882 2529 2952; x_wconf 86' lang='grc' dir='ltr'>σεμιδάλεως,</span> <span class='ocrx_word' id='word_1_424' title='bbox 2573 2882 2697 2953; x_wconf 85' lang='grc' dir='ltr'>τρία</span> <span class='ocrx_word' id='word_1_425' title='bbox 2729 2883 2866 2935; x_wconf 85' lang='grc' dir='ltr'><strong>κανᾶ</strong></span> <span class='ocrx_word' id='word_1_426' title='bbox 2897 2879 3208 2952; x_wconf 83' lang='grc' dir='ltr'>χονδριτῶν,</span> <span class='ocrx_word' id='word_1_427' title='bbox 3242 2878 3395 2932; x_wconf 83' lang='grc' dir='ltr'>νέϐελ</span> <span class='ocrx_word' id='word_1_428' title='bbox 3426 2878 3592 2939; x_wconf 80' lang='grc' dir='ltr'>οἴνου,</span> <span class='ocrx_word' id='word_1_429' title='bbox 3624 2879 3760 2930; x_wconf 79' lang='grc' dir='ltr'>κόλο</span> 
     </span>
    </p>
   </div>
   <div class='ocr_carea' id='block_1_62' title="bbox 2175 2968 3761 3044">
    <p class='ocr_par' dir='ltr' id='par_1_62' title="bbox 2175 2968 3761 3044">
     <span class='ocr_line' id='line_1_62' title="bbox 2175 2968 3761 3044; baseline -0.003 -19"><span class='ocrx_word' id='word_1_430' title='bbox 2175 2973 2357 3032; x_wconf 86' lang='grc' dir='ltr'>λαθον,</span> <span class='ocrx_word' id='word_1_431' title='bbox 2383 2971 2722 3043; x_wconf 86' lang='grc' dir='ltr'>ἀλάϐαστρον</span> <span class='ocrx_word' id='word_1_432' title='bbox 2751 2971 2944 3044; x_wconf 84' lang='grc' dir='ltr'>μύρου,</span> <span class='ocrx_word' id='word_1_433' title='bbox 2979 2971 3276 3042; x_wconf 71' lang='grc' dir='ltr'>καμψάκης</span> <span class='ocrx_word' id='word_1_434' title='bbox 3310 2969 3519 3031; x_wconf 84' lang='grc' dir='ltr'>ὓδατος,</span> <span class='ocrx_word' id='word_1_435' title='bbox 3550 2968 3761 3038; x_wconf 83' lang='grc' dir='ltr'>κοτύλη</span> 
     </span>
    </p>
   </div>
   <div class='ocr_carea' id='block_1_63' title="bbox 504 3039 2072 3135">
    <p class='ocr_par' dir='ltr' id='par_1_63' title="bbox 504 3052 2072 3124">
     <span class='ocr_line' id='line_1_63' title="bbox 504 3052 2072 3124; baseline 0.001 -17"><span class='ocrx_word' id='word_1_436' title='bbox 504 3062 626 3108; x_wconf 88' lang='lat' dir='ltr'><strong>uter</strong></span> <span class='ocrx_word' id='word_1_437' title='bbox 649 3052 785 3116; x_wconf 87' lang='lat' dir='ltr'><strong>vini,</strong></span> <span class='ocrx_word' id='word_1_438' title='bbox 815 3052 1114 3117; x_wconf 84' lang='lat' dir='ltr'><strong>euliathon,</strong></span> <span class='ocrx_word' id='word_1_439' title='bbox 1146 3053 1482 3107; x_wconf 88' lang='lat' dir='ltr'><strong>alabastrum</strong></span> <span class='ocrx_word' id='word_1_440' title='bbox 1514 3054 1798 3123; x_wconf 80' lang='lat' dir='ltr'><strong>unguenti,</strong></span> <span class='ocrx_word' id='word_1_441' title='bbox 1834 3069 2072 3124; x_wconf 84' lang='lat' dir='ltr'><strong>campsa-</strong></span> 
     </span>
    </p>
   </div>
   <div class='ocr_carea' id='block_1_64' title="bbox 2178 3039 3760 3135">
    <p class='ocr_par' dir='ltr' id='par_1_64' title="bbox 2179 3039 3760 3135">
     <span class='ocr_line' id='line_1_64' title="bbox 2179 3039 3760 3135; baseline -0.004 -19"><span class='ocrx_word' id='word_1_442' title='bbox 2179 3063 2392 3126; x_wconf 79' lang='grc' dir='ltr'>ἐλαίου,</span> <span class='ocrx_word' id='word_1_443' title='bbox 2427 3039 2644 3126; x_wconf 38' lang='grc' dir='ltr'>κύαθος-</span> <span class='ocrx_word' id='word_1_444' title='bbox 2683 3039 2954 3135; x_wconf 69' lang='grc' dir='ltr'>μετρητὴς</span> <span class='ocrx_word' id='word_1_445' title='bbox 3003 3039 3166 3125; x_wconf 79' lang='grc' dir='ltr'>οτνου,</span> <span class='ocrx_word' id='word_1_446' title='bbox 3211 3039 3482 3132; x_wconf 73' lang='grc' dir='ltr'>μετρητὴς</span> <span class='ocrx_word' id='word_1_447' title='bbox 3529 3059 3718 3112; x_wconf 80' lang='grc' dir='ltr'>ἐλαίου</span> <span class='ocrx_word' id='word_1_448' title='bbox 3745 3099 3760 3121; x_wconf 89' lang='grc'><strong>,</strong></span> 
     </span>
    </p>
   </div>
   <div class='ocr_carea' id='block_1_65' title="bbox 506 3142 2074 3213">
    <p class='ocr_par' dir='ltr' id='par_1_65' title="bbox 506 3142 2074 3213">
     <span class='ocr_line' id='line_1_65' title="bbox 506 3142 2074 3213; baseline 0.001 -16"><span class='ocrx_word' id='word_1_449' title='bbox 506 3158 598 3197; x_wconf 92' lang='lat' dir='ltr'><strong>ces</strong></span> <span class='ocrx_word' id='word_1_450' title='bbox 632 3157 807 3212; x_wconf 63' lang='lat' dir='ltr'><strong>aquai,</strong></span> <span class='ocrx_word' id='word_1_451' title='bbox 841 3143 1056 3197; x_wconf 84' lang='lat' dir='ltr'><strong>hemina</strong></span> <span class='ocrx_word' id='word_1_452' title='bbox 1113 3143 1239 3208; x_wconf 89' lang='lat' dir='ltr'><strong>olei,</strong></span> <span class='ocrx_word' id='word_1_453' title='bbox 1279 3142 1510 3213; x_wconf 84' lang='lat' dir='ltr'><strong>cyathus</strong></span> <span class='ocrx_word' id='word_1_454' title='bbox 1540 3153 1764 3198; x_wconf 86' lang='lat' dir='ltr'><strong>melreta</strong></span> <span class='ocrx_word' id='word_1_455' title='bbox 1798 3143 1930 3207; x_wconf 89' lang='lat' dir='ltr'><strong>vini,</strong></span> <span class='ocrx_word' id='word_1_456' title='bbox 1964 3161 2074 3199; x_wconf 82' lang='lat' dir='ltr'><strong>me-</strong></span> 
     </span>
    </p>
   </div>
   <div class='ocr_carea' id='block_1_66' title="bbox 505 3233 2074 3306">
    <p class='ocr_par' dir='ltr' id='par_1_66' title="bbox 505 3233 2074 3306">
     <span class='ocr_line' id='line_1_66' title="bbox 505 3233 2074 3306; baseline 0.001 -20"><span class='ocrx_word' id='word_1_457' title='bbox 505 3244 640 3289; x_wconf 88' lang='lat' dir='ltr'><strong>Ireta</strong></span> <span class='ocrx_word' id='word_1_458' title='bbox 682 3235 814 3299; x_wconf 89' lang='lat' dir='ltr'><strong>olei,</strong></span> <span class='ocrx_word' id='word_1_459' title='bbox 844 3235 1104 3306; x_wconf 89' lang='lat' dir='ltr'><strong>tryblion,</strong></span> <span class='ocrx_word' id='word_1_460' title='bbox 1132 3236 1423 3298; x_wconf 74' lang='lat' dir='ltr'><strong>sextarius,</strong></span> <span class='ocrx_word' id='word_1_461' title='bbox 1459 3233 1738 3306; x_wconf 74' lang='lat' dir='ltr'><strong>amphora,</strong></span> <span class='ocrx_word' id='word_1_462' title='bbox 1769 3251 2074 3306; x_wconf 84' lang='lat' dir='ltr'><strong>aporryma,</strong></span> 
     </span>
    </p>
   </div>
   <div class='ocr_carea' id='block_1_67' title="bbox 505 3325 2080 3396">
    <p class='ocr_par' dir='ltr' id='par_1_67' title="bbox 505 3325 2080 3396">
     <span class='ocr_line' id='line_1_67' title="bbox 505 3325 2080 3396; baseline -0.001 -16"><span class='ocrx_word' id='word_1_463' title='bbox 505 3325 739 3389; x_wconf 85' lang='lat' dir='ltr'><strong>sabitha,</strong></span> <span class='ocrx_word' id='word_1_464' title='bbox 775 3325 853 3390; x_wconf 89' lang='lat' dir='ltr'><strong>in,</strong></span> <span class='ocrx_word' id='word_1_465' title='bbox 894 3325 1050 3388; x_wconf 89' lang='lat' dir='ltr'><strong>chus,</strong></span> <span class='ocrx_word' id='word_1_466' title='bbox 1093 3327 1206 3380; x_wconf 84' lang='lat' dir='ltr'><strong>sive</strong></span> <span class='ocrx_word' id='word_1_467' title='bbox 1244 3326 1494 3395; x_wconf 87' lang='lat' dir='ltr'><strong>congius,</strong></span> <span class='ocrx_word' id='word_1_468' title='bbox 1525 3338 1660 3379; x_wconf 90' lang='lat' dir='ltr'><strong>urna</strong></span> <span class='ocrx_word' id='word_1_469' title='bbox 1685 3340 1869 3390; x_wconf 89' lang='lat' dir='ltr'><strong>aurea,</strong></span> <span class='ocrx_word' id='word_1_470' title='bbox 1896 3327 1948 3379; x_wconf 91' lang='lat' dir='ltr'><strong>in</strong></span> <span class='ocrx_word' id='word_1_471' title='bbox 1975 3341 2080 3396; x_wconf 91' lang='lat' dir='ltr'><strong>qua</strong></span> 
     </span>
    </p>
   </div>
   <div class='ocr_carea' id='block_1_68' title="bbox 505 3417 2076 3486">
    <p class='ocr_par' dir='ltr' id='par_1_68' title="bbox 505 3417 2076 3486">
     <span class='ocr_line' id='line_1_68' title="bbox 505 3417 2076 3486; baseline -0.001 -16"><span class='ocrx_word' id='word_1_472' title='bbox 505 3417 806 3486; x_wconf 88' lang='lat' dir='ltr'><strong>repositum</strong></span> <span class='ocrx_word' id='word_1_473' title='bbox 834 3424 953 3471; x_wconf 89' lang='lat' dir='ltr'><strong>erat</strong></span> <span class='ocrx_word' id='word_1_474' title='bbox 979 3431 1199 3480; x_wconf 86' lang='lat' dir='ltr'><strong>manna,</strong></span> <span class='ocrx_word' id='word_1_475' title='bbox 1234 3431 1434 3480; x_wconf 89' lang='lat' dir='ltr'><strong>mares,</strong></span> <span class='ocrx_word' id='word_1_476' title='bbox 1468 3431 1686 3486; x_wconf 87' lang='lat' dir='ltr'><strong>cyprus,</strong></span> <span class='ocrx_word' id='word_1_477' title='bbox 1717 3417 2076 3486; x_wconf 87' lang='lat' dir='ltr'><strong>congiarium.</strong></span> 
     </span>
    </p>
   </div>
   <div class='ocr_carea' id='block_1_69' title="bbox 503 3507 2077 3579">
    <p class='ocr_par' dir='ltr' id='par_1_69' title="bbox 503 3507 2077 3579">
     <span class='ocr_line' id='line_1_69' title="bbox 503 3507 2077 3579; baseline 0 -18"><span class='ocrx_word' id='word_1_478' title='bbox 503 3508 681 3564; x_wconf 88' lang='lat' dir='ltr'><strong>Corus</strong></span> <span class='ocrx_word' id='word_1_479' title='bbox 719 3509 903 3579; x_wconf 88' lang='lat' dir='ltr'><strong>itaque</strong></span> <span class='ocrx_word' id='word_1_480' title='bbox 929 3523 995 3564; x_wconf 82' lang='lat' dir='ltr'><strong>ex</strong></span> <span class='ocrx_word' id='word_1_481' title='bbox 1029 3508 1292 3563; x_wconf 79' lang='lat' dir='ltr'><strong>ilebraica</strong></span> <span class='ocrx_word' id='word_1_482' title='bbox 1343 3509 1524 3576; x_wconf 87' lang='lat' dir='ltr'><strong>lingua</strong></span> <span class='ocrx_word' id='word_1_483' title='bbox 1567 3507 1886 3578; x_wconf 82' lang='lat' dir='ltr'><strong>desumptus</strong></span> <span class='ocrx_word' id='word_1_484' title='bbox 1914 3517 2016 3574; x_wconf 88' lang='lat' dir='ltr'><strong>est,</strong></span> <span class='ocrx_word' id='word_1_485' title='bbox 2049 3523 2077 3561; x_wconf 89' lang='lat' dir='ltr'><strong>a</strong></span> 
     </span>
    </p>
   </div>
   <div class='ocr_carea' id='block_1_70' title="bbox 503 3595 2078 3667">
    <p class='ocr_par' dir='ltr' id='par_1_70' title="bbox 503 3595 2078 3667">
     <span class='ocr_line' id='line_1_70' title="bbox 503 3595 2078 3667; baseline 0 -16"><span class='ocrx_word' id='word_1_486' title='bbox 503 3597 704 3667; x_wconf 80' lang='lat' dir='ltr'><strong>quibus</strong></span> <span class='ocrx_word' id='word_1_487' title='bbox 734 3599 868 3652; x_wconf 79' lang='lat' dir='ltr'><strong>CilOl‘</strong></span> <span class='ocrx_word' id='word_1_488' title='bbox 901 3597 1119 3652; x_wconf 88' lang='lat' dir='ltr'><strong>dicitur.</strong></span> <span class='ocrx_word' id='word_1_489' title='bbox 1159 3596 1206 3651; x_wconf 92' lang='lat' dir='ltr'><strong>ls</strong></span> <span class='ocrx_word' id='word_1_490' title='bbox 1254 3598 1466 3652; x_wconf 91' lang='lat' dir='ltr'><strong>modios</strong></span> <span class='ocrx_word' id='word_1_491' title='bbox 1511 3597 1758 3652; x_wconf 83' lang='lat' dir='ltr'><strong>continet</strong></span> <span class='ocrx_word' id='word_1_492' title='bbox 1802 3613 1926 3650; x_wconf 70' lang='lat' dir='ltr'><strong>xxx.</strong></span> <span class='ocrx_word' id='word_1_493' title='bbox 1967 3595 2078 3651; x_wconf 81' lang='lat' dir='ltr'><strong>No-</strong></span> 
     </span>
    </p>
   </div>
   <div class='ocr_carea' id='block_1_71' title="bbox 509 3680 2080 3758">
    <p class='ocr_par' dir='ltr' id='par_1_71' title="bbox 509 3680 2080 3758">
     <span class='ocr_line' id='line_1_71' title="bbox 509 3680 2080 3758; baseline 0.001 -16"><span class='ocrx_word' id='word_1_494' title='bbox 509 3705 631 3742; x_wconf 86' lang='lat' dir='ltr'><strong>men</strong></span> <span class='ocrx_word' id='word_1_495' title='bbox 663 3689 710 3744; x_wconf 89' lang='lat' dir='ltr'><strong>ei</strong></span> <span class='ocrx_word' id='word_1_496' title='bbox 739 3703 769 3742; x_wconf 89' lang='lat' dir='ltr'><strong>a</strong></span> <span class='ocrx_word' id='word_1_497' title='bbox 801 3689 942 3742; x_wconf 89' lang='lat' dir='ltr'><strong>clivo</strong></span> <span class='ocrx_word' id='word_1_498' title='bbox 971 3688 1218 3758; x_wconf 87' lang='lat' dir='ltr'><strong>petitum.</strong></span> <span class='ocrx_word' id='word_1_499' title='bbox 1249 3687 1382 3741; x_wconf 84' lang='lat' dir='ltr'><strong>Nam</strong></span> <span class='ocrx_word' id='word_1_500' title='bbox 1409 3680 1671 3742; x_wconf 72' lang='lat' dir='ltr'><strong>ileﬂraice</strong></span> <span class='ocrx_word' id='word_1_501' title='bbox 1699 3687 1884 3741; x_wconf 83' lang='lat' dir='ltr'><strong>charia</strong></span> <span class='ocrx_word' id='word_1_502' title='bbox 1909 3690 2080 3743; x_wconf 80' lang='lat' dir='ltr'><strong>clivus</strong></span> 
     </span>
    </p>
   </div>
   <div class='ocr_carea' id='block_1_72' title="bbox 515 3778 2082 3851">
    <p class='ocr_par' dir='ltr' id='par_1_72' title="bbox 515 3778 2082 3851">
     <span class='ocr_line' id='line_1_72' title="bbox 515 3778 2082 3851; baseline 0.001 -19"><span class='ocrx_word' id='word_1_503' title='bbox 515 3780 842 3851; x_wconf 86' lang='lat' dir='ltr'><strong>appellatur.</strong></span> <span class='ocrx_word' id='word_1_504' title='bbox 896 3778 1140 3851; x_wconf 77' lang='lat' dir='ltr'><strong>Triginta</strong></span> <span class='ocrx_word' id='word_1_505' title='bbox 1175 3793 1340 3849; x_wconf 86' lang='lat' dir='ltr'><strong>porro</strong></span> <span class='ocrx_word' id='word_1_506' title='bbox 1383 3778 1546 3833; x_wconf 87' lang='lat' dir='ltr'><strong>modii</strong></span> <span class='ocrx_word' id='word_1_507' title='bbox 1577 3779 1630 3833; x_wconf 87' lang='lat' dir='ltr'><strong>in</strong></span> <span class='ocrx_word' id='word_1_508' title='bbox 1683 3793 1965 3848; x_wconf 87' lang='lat' dir='ltr'><strong>acervum,</strong></span> <span class='ocrx_word' id='word_1_509' title='bbox 2019 3795 2082 3835; x_wconf 85' lang='lat' dir='ltr'><strong>ac</strong></span> 
     </span>
    </p>
   </div>
   <div class='ocr_carea' id='block_1_73' title="bbox 580 3930 2302 4002">
    <p class='ocr_par' dir='ltr' id='par_1_73' title="bbox 580 3930 2302 4002">
     <span class='ocr_line' id='line_1_73' title="bbox 580 3930 2302 4002; baseline 0.001 -17"><span class='ocrx_word' id='word_1_510' title='bbox 580 3937 592 3963; x_wconf 85' lang='lat'>&#39;</span> <span class='ocrx_word' id='word_1_511' title='bbox 651 3932 762 3988; x_wconf 91' lang='lat' dir='ltr'><strong>Luc</strong></span> <span class='ocrx_word' id='word_1_512' title='bbox 788 3948 899 3997; x_wconf 74' lang='lat' dir='ltr'><strong>XVI,</strong></span> <span class='ocrx_word' id='word_1_513' title='bbox 932 3932 981 3987; x_wconf 88' lang='lat'><strong>7.</strong></span> <span class='ocrx_word' id='word_1_514' title='bbox 1057 3932 1076 3962; x_wconf 83' lang='grc'>¹</span> <span class='ocrx_word' id='word_1_515' title='bbox 1102 3930 1163 3986; x_wconf 86' lang='lat' dir='ltr'><strong>F.</strong></span> <span class='ocrx_word' id='word_1_516' title='bbox 1205 3931 1570 4002; x_wconf 78' lang='grc' dir='ltr'>ὑπεσχόμεθα.</span> <span class='ocrx_word' id='word_1_517' title='bbox 1649 3933 1668 3962; x_wconf 88' lang='grc'>³</span> <span class='ocrx_word' id='word_1_518' title='bbox 1709 3931 1769 3984; x_wconf 85' lang='lat' dir='ltr'><strong>F.</strong></span> <span class='ocrx_word' id='word_1_519' title='bbox 1803 3932 2107 3996; x_wconf 85' lang='grc' dir='ltr'>τοσούτους.</span> <span class='ocrx_word' id='word_1_520' title='bbox 2144 3931 2302 3987; x_wconf 74' lang='lat' dir='ltr'><strong>Enn.</strong></span> 
     </span>
    </p>
   </div>
   <div class='ocr_carea' id='block_1_74' title="bbox 577 4081 2072 4158">
    <p class='ocr_par' dir='ltr' id='par_1_74' title="bbox 577 4081 2072 4158">
     <span class='ocr_line' id='line_1_74' title="bbox 577 4081 2072 4158; baseline -0.001 -16"><span class='ocrx_word' id='word_1_521' title='bbox 577 4088 688 4158; x_wconf 81' lang='lat'><strong>(58)</strong></span> <span class='ocrx_word' id='word_1_522' title='bbox 734 4087 999 4158; x_wconf 66' lang='grc' dir='ltr'><strong>Μέτροις⁸</strong></span> <span class='ocrx_word' id='word_1_523' title='bbox 1023 4081 1151 4158; x_wconf 66' lang='grc' dir='ltr'><strong>οὖνΔ</strong></span> <span class='ocrx_word' id='word_1_524' title='bbox 1184 4083 1314 4158; x_wconf 63' lang='grc' dir='ltr'>ἐστι</span> <span class='ocrx_word' id='word_1_525' title='bbox 1347 4089 1544 4158; x_wconf 70' lang='grc' dir='ltr'>κόρος.</span> <span class='ocrx_word' id='word_1_526' title='bbox 1589 4084 1663 4140; x_wconf 88' lang='lat' dir='ltr'><strong>De</strong></span> <span class='ocrx_word' id='word_1_527' title='bbox 1720 4085 2072 4158; x_wconf 83' lang='lat' dir='ltr'><strong>sequentibus</strong></span> 
     </span>
    </p>
   </div>
   <div class='ocr_carea' id='block_1_75' title="bbox 506 4154 2073 4226">
    <p class='ocr_par' dir='ltr' id='par_1_75' title="bbox 506 4154 2073 4226">
     <span class='ocr_line' id='line_1_75' title="bbox 506 4154 2073 4226; baseline -0.003 -14"><span class='ocrx_word' id='word_1_528' title='bbox 506 4154 778 4212; x_wconf 79' lang='lat' dir='ltr'><strong>mensuris</strong></span> <span class='ocrx_word' id='word_1_529' title='bbox 811 4154 919 4209; x_wconf 88' lang='lat' dir='ltr'><strong>tam</strong></span> <span class='ocrx_word' id='word_1_530' title='bbox 961 4154 1260 4216; x_wconf 86' lang='lat' dir='ltr'><strong>llebraicis.</strong></span> <span class='ocrx_word' id='word_1_531' title='bbox 1293 4171 1464 4226; x_wconf 82' lang='lat' dir='ltr'><strong>quam</strong></span> <span class='ocrx_word' id='word_1_532' title='bbox 1491 4154 1807 4210; x_wconf 70' lang='lat' dir='ltr'><strong>Graecorum</strong></span> <span class='ocrx_word' id='word_1_533' title='bbox 1838 4157 2073 4226; x_wconf 82' lang='lat' dir='ltr'><strong>propriis</strong></span> 
     </span>
    </p>
   </div>
   <div class='ocr_carea' id='block_1_76' title="bbox 507 4223 2075 4294">
    <p class='ocr_par' dir='ltr' id='par_1_76' title="bbox 507 4223 2075 4294">
     <span class='ocr_line' id='line_1_76' title="bbox 507 4223 2075 4294; baseline -0.003 -12"><span class='ocrx_word' id='word_1_534' title='bbox 507 4235 761 4282; x_wconf 83' lang='lat' dir='ltr'><strong>accurate</strong></span> <span class='ocrx_word' id='word_1_535' title='bbox 808 4242 965 4294; x_wconf 81' lang='lat' dir='ltr'><strong>agerc</strong></span> <span class='ocrx_word' id='word_1_536' title='bbox 996 4229 1096 4279; x_wconf 85' lang='lat' dir='ltr'><strong>hoc</strong></span> <span class='ocrx_word' id='word_1_537' title='bbox 1143 4226 1260 4278; x_wconf 84' lang='lat' dir='ltr'><strong>loco</strong></span> <span class='ocrx_word' id='word_1_538' title='bbox 1295 4223 1401 4278; x_wconf 85' lang='lat' dir='ltr'><strong>non</strong></span> <span class='ocrx_word' id='word_1_539' title='bbox 1436 4223 1800 4278; x_wconf 83' lang='lat' dir='ltr'><strong>decrevimus.</strong></span> <span class='ocrx_word' id='word_1_540' title='bbox 1838 4223 1962 4279; x_wconf 55' lang='lat' dir='ltr'><strong>&#39;Res</strong></span> <span class='ocrx_word' id='word_1_541' title='bbox 1991 4232 2075 4279; x_wconf 86' lang='lat' dir='ltr'><strong>est</strong></span> 
     </span>
    </p>
   </div>
   <div class='ocr_carea' id='block_1_77' title="bbox 2179 3149 3759 3225">
    <p class='ocr_par' dir='ltr' id='par_1_77' title="bbox 2179 3149 3759 3225">
     <span class='ocr_line' id='line_1_77' title="bbox 2179 3149 3759 3225; baseline -0.003 -19"><span class='ocrx_word' id='word_1_542' title='bbox 2179 3153 2449 3224; x_wconf 86' lang='grc' dir='ltr'>τρυϐλίον,</span> <span class='ocrx_word' id='word_1_543' title='bbox 2481 3153 2692 3224; x_wconf 81' lang='grc' dir='ltr'>ξέστης,</span> <span class='ocrx_word' id='word_1_544' title='bbox 2731 3154 3032 3225; x_wconf 79' lang='grc' dir='ltr'>ἀμφορεὺς,</span> <span class='ocrx_word' id='word_1_545' title='bbox 3070 3154 3385 3224; x_wconf 77' lang='grc' dir='ltr'>ἀπόρρυμα,</span> <span class='ocrx_word' id='word_1_546' title='bbox 3423 3149 3642 3212; x_wconf 84' lang='grc' dir='ltr'>σαϐιθά,</span> <span class='ocrx_word' id='word_1_547' title='bbox 3675 3150 3759 3213; x_wconf 81' lang='grc' dir='ltr'><strong>ἲν,</strong></span> 
     </span>
    </p>
   </div>
   <div class='ocr_carea' id='block_1_78' title="bbox 2181 3237 3759 3314">
    <p class='ocr_par' dir='ltr' id='par_1_78' title="bbox 2181 3237 3759 3314">
     <span class='ocr_line' id='line_1_78' title="bbox 2181 3237 3759 3314; baseline -0.003 -20"><span class='ocrx_word' id='word_1_548' title='bbox 2181 3241 2347 3312; x_wconf 80' lang='grc' dir='ltr'>χοῦς,</span> <span class='ocrx_word' id='word_1_549' title='bbox 2390 3241 2634 3312; x_wconf 88' lang='grc' dir='ltr'>στάμνος</span> <span class='ocrx_word' id='word_1_550' title='bbox 2687 3243 2893 3312; x_wconf 80' lang='grc' dir='ltr'>χρυσῆ,</span> <span class='ocrx_word' id='word_1_551' title='bbox 2939 3244 2999 3294; x_wconf 83' lang='grc' dir='ltr'>ὲν</span> <span class='ocrx_word' id='word_1_552' title='bbox 3121 3242 3380 3295; x_wconf 79' lang='grc' dir='ltr'>ἀπέκειτο</span> <span class='ocrx_word' id='word_1_553' title='bbox 3422 3239 3482 3292; x_wconf 80' lang='grc' dir='ltr'>τὸ</span> <span class='ocrx_word' id='word_1_554' title='bbox 3540 3238 3759 3309; x_wconf 79' lang='grc' dir='ltr'>μάννα,</span> 
     </span>
    </p>
   </div>
   <div class='ocr_carea' id='block_1_79' title="bbox 2189 3329 3762 3404">
    <p class='ocr_par' dir='ltr' id='par_1_79' title="bbox 2189 3329 3762 3404">
     <span class='ocr_line' id='line_1_79' title="bbox 2189 3329 3762 3404; baseline -0.004 -18"><span class='ocrx_word' id='word_1_555' title='bbox 2189 3333 2368 3403; x_wconf 84' lang='grc' dir='ltr'>μάρης</span> <span class='ocrx_word' id='word_1_556' title='bbox 2391 3374 2404 3395; x_wconf 87' lang='grc'><strong>,</strong></span> <span class='ocrx_word' id='word_1_557' title='bbox 2440 3332 2645 3404; x_wconf 85' lang='grc' dir='ltr'>κύπρος</span> <span class='ocrx_word' id='word_1_558' title='bbox 2666 3373 2678 3394; x_wconf 91' lang='grc'><strong>,</strong></span> <span class='ocrx_word' id='word_1_559' title='bbox 2725 3333 3057 3403; x_wconf 85' lang='grc' dir='ltr'>κογγιάριον.</span> <span class='ocrx_word' id='word_1_560' title='bbox 3099 3332 3362 3402; x_wconf 84' lang='grc' dir='ltr'>Ετληπται</span> <span class='ocrx_word' id='word_1_561' title='bbox 3397 3331 3572 3382; x_wconf 87' lang='grc' dir='ltr'>τοίνυν</span> <span class='ocrx_word' id='word_1_562' title='bbox 3602 3331 3632 3382; x_wconf 85' lang='grc' dir='ltr'><strong>ό</strong></span> <span class='ocrx_word' id='word_1_563' title='bbox 3659 3329 3762 3380; x_wconf 80' lang='grc' dir='ltr'>κό-</span> 
     </span>
    </p>
   </div>
   <div class='ocr_carea' id='block_1_80' title="bbox 2185 3418 3762 3494">
    <p class='ocr_par' dir='ltr' id='par_1_80' title="bbox 2185 3418 3762 3494">
     <span class='ocr_line' id='line_1_80' title="bbox 2185 3418 3762 3494; baseline -0.005 -18"><span class='ocrx_word' id='word_1_564' title='bbox 2185 3442 2275 3494; x_wconf 90' lang='grc' dir='ltr'><strong>ρος</strong></span> <span class='ocrx_word' id='word_1_565' title='bbox 2303 3424 2416 3490; x_wconf 78' lang='lat'><strong>(59)</strong></span> <span class='ocrx_word' id='word_1_566' title='bbox 2452 3424 2515 3476; x_wconf 79' lang='grc' dir='ltr'>ἐκ</span> <span class='ocrx_word' id='word_1_567' title='bbox 2563 3427 2660 3494; x_wconf 80' lang='grc' dir='ltr'>τῆς</span> <span class='ocrx_word' id='word_1_568' title='bbox 2709 3423 3004 3494; x_wconf 76' lang='grc' dir='ltr'>Ἐϐραῖκῆς</span> <span class='ocrx_word' id='word_1_569' title='bbox 3047 3421 3356 3484; x_wconf 78' lang='grc' dir='ltr'>διαλέκτου,</span> <span class='ocrx_word' id='word_1_570' title='bbox 3401 3420 3460 3481; x_wconf 77' lang='grc' dir='ltr'>ὃς</span> <span class='ocrx_word' id='word_1_571' title='bbox 3507 3418 3762 3471; x_wconf 85' lang='grc' dir='ltr'>καλεῖται</span> 
     </span>
    </p>
   </div>
   <div class='ocr_carea' id='block_1_81' title="bbox 2181 3508 3750 3584">
    <p class='ocr_par' dir='ltr' id='par_1_81' title="bbox 2181 3508 3750 3584">
     <span class='ocr_line' id='line_1_81' title="bbox 2181 3508 3750 3584; baseline -0.003 -20"><span class='ocrx_word' id='word_1_572' title='bbox 2181 3513 2308 3584; x_wconf 85' lang='grc' dir='ltr'>χόρ·</span> <span class='ocrx_word' id='word_1_573' title='bbox 2345 3514 2450 3565; x_wconf 68' lang='grc' dir='ltr'>εἰσὶ</span> <span class='ocrx_word' id='word_1_574' title='bbox 2485 3513 2540 3565; x_wconf 81' lang='grc' dir='ltr'>δὲ</span> <span class='ocrx_word' id='word_1_575' title='bbox 2572 3513 2742 3582; x_wconf 81' lang='grc' dir='ltr'>μόδιοι</span> <span class='ocrx_word' id='word_1_576' title='bbox 2779 3513 2822 3564; x_wconf 88' lang='grc' dir='ltr'>λ’</span> <span class='ocrx_word' id='word_1_577' title='bbox 2843 3529 2856 3543; x_wconf 75' lang='grc' dir='ltr'><strong><em>ο</em></strong></span> <span class='ocrx_word' id='word_1_578' title='bbox 2891 3513 2990 3583; x_wconf 73' lang='grc' dir='ltr'><strong>χορ</strong></span> <span class='ocrx_word' id='word_1_579' title='bbox 3013 3512 3070 3564; x_wconf 78' lang='grc' dir='ltr'>δὲ</span> <span class='ocrx_word' id='word_1_580' title='bbox 3108 3512 3322 3580; x_wconf 83' lang='grc' dir='ltr'>λέγεται</span> <span class='ocrx_word' id='word_1_581' title='bbox 3357 3510 3464 3563; x_wconf 77' lang='grc' dir='ltr'>ἀπὸ</span> <span class='ocrx_word' id='word_1_582' title='bbox 3492 3508 3586 3561; x_wconf 74' lang='grc' dir='ltr'>τοῦ</span> <span class='ocrx_word' id='word_1_583' title='bbox 3628 3508 3750 3577; x_wconf 85' lang='grc' dir='ltr'>βου·</span> 
     </span>
    </p>
   </div>
   <div class='ocr_carea' id='block_1_82' title="bbox 2183 3599 3766 3674">
    <p class='ocr_par' dir='ltr' id='par_1_82' title="bbox 2183 3599 3766 3674">
     <span class='ocr_line' id='line_1_82' title="bbox 2183 3599 3766 3674; baseline -0.002 -20"><span class='ocrx_word' id='word_1_584' title='bbox 2183 3603 2272 3656; x_wconf 79' lang='grc' dir='ltr'>νοῦ</span> <span class='ocrx_word' id='word_1_585' title='bbox 2318 3603 2625 3665; x_wconf 77' lang='grc' dir='ltr'>ὑποθέσεως</span> <span class='ocrx_word' id='word_1_586' title='bbox 2649 3620 2661 3633; x_wconf 73' lang='grc'><strong><em>⁸</em></strong></span> <span class='ocrx_word' id='word_1_587' title='bbox 2698 3604 2864 3674; x_wconf 84' lang='grc' dir='ltr'>χαρία</span> <span class='ocrx_word' id='word_1_588' title='bbox 2907 3603 3014 3672; x_wconf 81' lang='grc' dir='ltr'><strong>γὰρ</strong></span> <span class='ocrx_word' id='word_1_589' title='bbox 3054 3602 3295 3655; x_wconf 86' lang='grc' dir='ltr'>καλεῖται</span> <span class='ocrx_word' id='word_1_590' title='bbox 3331 3600 3536 3671; x_wconf 83' lang='grc' dir='ltr'>βουνός.</span> <span class='ocrx_word' id='word_1_591' title='bbox 3568 3599 3766 3652; x_wconf 82' lang='grc' dir='ltr'>Βουνι·</span> 
     </span>
    </p>
   </div>
   <div class='ocr_carea' id='block_1_83' title="bbox 2185 3689 3769 3763">
    <p class='ocr_par' dir='ltr' id='par_1_83' title="bbox 2185 3689 3769 3763">
     <span class='ocr_line' id='line_1_83' title="bbox 2185 3689 3769 3763; baseline -0.003 -19"><span class='ocrx_word' id='word_1_592' title='bbox 2185 3692 2400 3754; x_wconf 83' lang='grc' dir='ltr'>σθέντες</span> <span class='ocrx_word' id='word_1_593' title='bbox 2431 3692 2484 3745; x_wconf 87' lang='grc' dir='ltr'>δὲ</span> <span class='ocrx_word' id='word_1_594' title='bbox 2521 3693 2612 3746; x_wconf 68' lang='grc' dir='ltr'>καὶ</span> <span class='ocrx_word' id='word_1_595' title='bbox 2651 3695 2701 3744; x_wconf 80' lang='grc' dir='ltr'>οἱ</span> <span class='ocrx_word' id='word_1_596' title='bbox 2732 3693 3025 3763; x_wconf 85' lang='grc' dir='ltr'>τριάκοντα</span> <span class='ocrx_word' id='word_1_597' title='bbox 3066 3692 3257 3761; x_wconf 83' lang='grc' dir='ltr'>μόδιοι,</span> <span class='ocrx_word' id='word_1_598' title='bbox 3292 3689 3504 3743; x_wconf 77' lang='grc' dir='ltr'>ποιοῦσι</span> <span class='ocrx_word' id='word_1_599' title='bbox 3536 3690 3769 3760; x_wconf 66' lang='grc' dir='ltr'>φορτίον</span> 
     </span>
    </p>
   </div>
   <div class='ocr_carea' id='block_1_84' title="bbox 2183 3778 3772 3852">
    <p class='ocr_par' dir='ltr' id='par_1_84' title="bbox 2183 3778 3772 3852">
     <span class='ocr_line' id='line_1_84' title="bbox 2183 3778 3772 3852; baseline -0.003 -20"><span class='ocrx_word' id='word_1_600' title='bbox 2183 3781 2639 3852; x_wconf 79' lang='grc' dir='ltr'>καμήλου.Λεθὲκ</span> <span class='ocrx_word' id='word_1_601' title='bbox 2671 3781 2748 3844; x_wconf 77' lang='grc' dir='ltr'>δὲ,</span> <span class='ocrx_word' id='word_1_602' title='bbox 2779 3781 2852 3844; x_wconf 83' lang='grc' dir='ltr'>ὡς</span> <span class='ocrx_word' id='word_1_603' title='bbox 2878 3784 2935 3833; x_wconf 81' lang='grc' dir='ltr'>ὲν</span> <span class='ocrx_word' id='word_1_604' title='bbox 2969 3780 3046 3850; x_wconf 81' lang='grc' dir='ltr'>τῷ</span> <span class='ocrx_word' id='word_1_605' title='bbox 3075 3781 3232 3850; x_wconf 79' lang='grc' dir='ltr'>Ὠσηὲ</span> <span class='ocrx_word' id='word_1_606' title='bbox 3259 3779 3368 3849; x_wconf 82' lang='grc'><strong>(60)</strong></span> <span class='ocrx_word' id='word_1_607' title='bbox 3394 3778 3470 3848; x_wconf 77' lang='grc' dir='ltr'>τῷ</span> <span class='ocrx_word' id='word_1_608' title='bbox 3498 3778 3772 3847; x_wconf 76' lang='grc' dir='ltr'>προφήτῃ</span> 
     </span>
    </p>
   </div>
   <div class='ocr_carea' id='block_1_85' title="bbox 2382 3931 3117 4003">
    <p class='ocr_par' dir='ltr' id='par_1_85' title="bbox 2382 3931 3117 4003">
     <span class='ocr_line' id='line_1_85' title="bbox 2382 3931 3117 4003; baseline 0 -18"><span class='ocrx_word' id='word_1_609' title='bbox 2382 3934 2400 3964; x_wconf 81' lang='grc'><strong>’⁵</strong></span> <span class='ocrx_word' id='word_1_610' title='bbox 2431 3931 2489 3986; x_wconf 81' lang='lat' dir='ltr'><strong>F.</strong></span> <span class='ocrx_word' id='word_1_611' title='bbox 2520 3933 2706 3998; x_wconf 74' lang='grc' dir='ltr'>κὰϐος,</span> <span class='ocrx_word' id='word_1_612' title='bbox 2736 3942 2786 3987; x_wconf 90' lang='lat' dir='ltr'><strong>et</strong></span> <span class='ocrx_word' id='word_1_613' title='bbox 2818 3933 3005 4003; x_wconf 83' lang='grc' dir='ltr'>χοῖνιξ.</span> <span class='ocrx_word' id='word_1_614' title='bbox 3043 3935 3117 3988; x_wconf 82' lang='lat' dir='ltr'><strong>in.</strong></span> 
     </span>
    </p>
   </div>
   <div class='ocr_carea' id='block_1_86' title="bbox 2177 4083 3768 4174">
    <p class='ocr_par' dir='ltr' id='par_1_86' title="bbox 2177 4083 3768 4174">
     <span class='ocr_line' id='line_1_86' title="bbox 2177 4083 3768 4174; baseline -0.002 -33"><span class='ocrx_word' id='word_1_615' title='bbox 2177 4097 2262 4174; x_wconf 75' lang='lat' dir='ltr'><strong>est</strong></span> <span class='ocrx_word' id='word_1_616' title='bbox 2302 4102 2366 4142; x_wconf 89' lang='lat' dir='ltr'><strong>ac</strong></span> <span class='ocrx_word' id='word_1_617' title='bbox 2399 4096 2737 4174; x_wconf 45' lang='lat' dir='ltr'><strong>suggestum,</strong></span> <span class='ocrx_word' id='word_1_618' title='bbox 2769 4085 2893 4168; x_wconf 62' lang='lat' dir='ltr'><strong>Par.</strong></span> <span class='ocrx_word' id='word_1_619' title='bbox 2927 4086 2990 4151; x_wconf 91' lang='lat' dir='ltr'><strong>ll,</strong></span> <span class='ocrx_word' id='word_1_620' title='bbox 3028 4101 3150 4174; x_wconf 69' lang='lat' dir='ltr'><strong>cap.</strong></span> <span class='ocrx_word' id='word_1_621' title='bbox 3185 4101 3259 4152; x_wconf 73' lang='grc' dir='ltr'><strong>τι,</strong></span> <span class='ocrx_word' id='word_1_622' title='bbox 3292 4086 3378 4140; x_wconf 78' lang='lat' dir='ltr'><strong>i5.</strong></span> <span class='ocrx_word' id='word_1_623' title='bbox 3421 4083 3527 4140; x_wconf 88' lang='lat' dir='ltr'><strong>Sed</strong></span> <span class='ocrx_word' id='word_1_624' title='bbox 3556 4083 3628 4139; x_wconf 90' lang='lat' dir='ltr'><strong>de</strong></span> <span class='ocrx_word' id='word_1_625' title='bbox 3662 4101 3768 4155; x_wconf 82' lang='grc' dir='ltr'>χα-</span> 
     </span>
    </p>
   </div>
   <div class='ocr_carea' id='block_1_87' title="bbox 2183 4156 3773 4305">
    <p class='ocr_par' dir='ltr' id='par_1_87' title="bbox 2183 4156 3773 4305">
     <span class='ocr_line' id='line_1_87' title="bbox 2183 4156 3234 4227; baseline 0 -19"><span class='ocrx_word' id='word_1_626' title='bbox 2183 4158 2272 4227; x_wconf 81' lang='grc' dir='ltr'><strong>ρίᾳ</strong></span> <span class='ocrx_word' id='word_1_627' title='bbox 2309 4156 2556 4220; x_wconf 71' lang='lat' dir='ltr'><strong>quaerant</strong></span> <span class='ocrx_word' id='word_1_628' title='bbox 2592 4156 2897 4210; x_wconf 86' lang='lat' dir='ltr'><strong>Hebraismi</strong></span> <span class='ocrx_word' id='word_1_629' title='bbox 2931 4157 3234 4226; x_wconf 87' lang='lat' dir='ltr'><strong>peritiores.</strong></span> 
     </span>
     <span class='ocr_line' id='line_1_88' title="bbox 2183 4221 3773 4305; baseline -0.003 -26"><span class='ocrx_word' id='word_1_630' title='bbox 2183 4295 2194 4305; x_wconf 45' lang='lat'>.</span> <span class='ocrx_word' id='word_1_631' title='bbox 2402 4227 2609 4305; x_wconf 42' lang='lat' dir='ltr'><strong>asotia</strong></span> <span class='ocrx_word' id='word_1_632' title='bbox 2623 4225 2691 4278; x_wconf 83' lang='grc' dir='ltr'>δὲ</span> <span class='ocrx_word' id='word_1_633' title='bbox 2714 4227 2794 4292; x_wconf 84' lang='grc' dir='ltr'>ὡς</span> <span class='ocrx_word' id='word_1_634' title='bbox 2823 4225 3009 4305; x_wconf 47' lang='grc' dir='ltr'><strong>ἐντῷ</strong></span> <span class='ocrx_word' id='word_1_635' title='bbox 3037 4224 3246 4305; x_wconf 38' lang='grc' dir='ltr'>,Ὠσηὲ</span> <span class='ocrx_word' id='word_1_636' title='bbox 3283 4222 3401 4304; x_wconf 78' lang='lat' dir='ltr'><strong>Non</strong></span> <span class='ocrx_word' id='word_1_637' title='bbox 3429 4221 3557 4305; x_wconf 85' lang='lat' dir='ltr'><strong>alibi</strong></span> <span class='ocrx_word' id='word_1_638' title='bbox 3590 4237 3773 4305; x_wconf 71' lang='lat' dir='ltr'><strong>quam</strong></span> 
     </span>
    </p>
   </div>
   <div class='ocr_carea' id='block_1_88' title="bbox 506 4293 3778 4364">
    <p class='ocr_par' dir='ltr' id='par_1_88' title="bbox 506 4293 3778 4364">
     <span class='ocr_line' id='line_1_89' title="bbox 506 4293 3778 4364; baseline -0.001 -15"><span class='ocrx_word' id='word_1_639' title='bbox 506 4298 650 4350; x_wconf 89' lang='lat' dir='ltr'><strong>enim</strong></span> <span class='ocrx_word' id='word_1_640' title='bbox 681 4295 779 4364; x_wconf 85' lang='lat' dir='ltr'><strong>otii</strong></span> <span class='ocrx_word' id='word_1_641' title='bbox 812 4293 1225 4364; x_wconf 11' lang='lat' dir='ltr'><strong>niajorisgatque</strong></span> <span class='ocrx_word' id='word_1_642' title='bbox 1247 4307 1445 4364; x_wconf 65' lang='lat' dir='ltr'><strong>operm,</strong></span> <span class='ocrx_word' id='word_1_643' title='bbox 1474 4303 1744 4364; x_wconf 79' lang='lat' dir='ltr'><strong>quamut</strong></span> <span class='ocrx_word' id='word_1_644' title='bbox 1771 4309 1872 4347; x_wconf 91' lang='lat' dir='ltr'><strong>nos</strong></span> <span class='ocrx_word' id='word_1_645' title='bbox 1925 4309 2074 4346; x_wconf 90' lang='lat' dir='ltr'><strong>com-</strong></span> <span class='ocrx_word' id='word_1_646' title='bbox 2112 4307 2152 4361; x_wconf 81' lang='grc' dir='ltr'><strong>ο</strong></span> <span class='ocrx_word' id='word_1_647' title='bbox 2182 4295 2235 4347; x_wconf 92' lang='lat' dir='ltr'><strong>in</strong></span> <span class='ocrx_word' id='word_1_648' title='bbox 2267 4293 2359 4348; x_wconf 90' lang='lat' dir='ltr'><strong>illo</strong></span> <span class='ocrx_word' id='word_1_649' title='bbox 2397 4293 2551 4349; x_wconf 65' lang='lat' dir='ltr'><strong>Oscae</strong></span> <span class='ocrx_word' id='word_1_650' title='bbox 2597 4297 2718 4350; x_wconf 92' lang='lat' dir='ltr'><strong>loco</strong></span> <span class='ocrx_word' id='word_1_651' title='bbox 2751 4311 2855 4349; x_wconf 81' lang='lat' dir='ltr'><strong>vox</strong></span> <span class='ocrx_word' id='word_1_652' title='bbox 2900 4297 3004 4364; x_wconf 84' lang='lat' dir='ltr'><strong>ista</strong></span> <span class='ocrx_word' id='word_1_653' title='bbox 3037 4295 3252 4364; x_wconf 84' lang='lat' dir='ltr'><strong>legitur,</strong></span> <span class='ocrx_word' id='word_1_654' title='bbox 3296 4293 3456 4362; x_wconf 91' lang='lat' dir='ltr'><strong>cujus</strong></span> <span class='ocrx_word' id='word_1_655' title='bbox 3487 4293 3778 4364; x_wconf 84' lang='lat' dir='ltr'><strong>etymolo-</strong></span> 
     </span>
    </p>
   </div>
   <div class='ocr_carea' id='block_1_89' title="bbox 511 4361 2077 4432">
    <p class='ocr_par' dir='ltr' id='par_1_89' title="bbox 511 4361 2077 4432">
     <span class='ocr_line' id='line_1_90' title="bbox 511 4361 2077 4432; baseline -0.001 -16"><span class='ocrx_word' id='word_1_656' title='bbox 511 4363 788 4418; x_wconf 90' lang='lat' dir='ltr'><strong>mentandi</strong></span> <span class='ocrx_word' id='word_1_657' title='bbox 826 4364 1009 4417; x_wconf 85' lang='lat' dir='ltr'><strong>labore</strong></span> <span class='ocrx_word' id='word_1_658' title='bbox 1039 4362 1152 4430; x_wconf 90' lang='lat' dir='ltr'><strong>jam</strong></span> <span class='ocrx_word' id='word_1_659' title='bbox 1191 4361 1341 4423; x_wconf 78' lang='lat' dir='ltr'><strong>fesSi,</strong></span> <span class='ocrx_word' id='word_1_660' title='bbox 1374 4368 1535 4432; x_wconf 88' lang='lat' dir='ltr'><strong>atque</strong></span> <span class='ocrx_word' id='word_1_661' title='bbox 1574 4361 1696 4415; x_wconf 90' lang='lat' dir='ltr'><strong>aliis</strong></span> <span class='ocrx_word' id='word_1_662' title='bbox 1733 4363 1959 4432; x_wconf 77' lang='lat' dir='ltr'><strong>insuper</strong></span> <span class='ocrx_word' id='word_1_663' title='bbox 2002 4378 2077 4415; x_wconf 85' lang='lat' dir='ltr'><strong>re-</strong></span> 
     </span>
    </p>
   </div>
   <div class='ocr_carea' id='block_1_90' title="bbox 508 4430 2076 4500">
    <p class='ocr_par' dir='ltr' id='par_1_90' title="bbox 508 4430 2076 4500">
     <span class='ocr_line' id='line_1_91' title="bbox 508 4430 2076 4500; baseline -0.003 -14"><span class='ocrx_word' id='word_1_664' title='bbox 508 4435 610 4486; x_wconf 82' lang='lat' dir='ltr'><strong>bus</strong></span> <span class='ocrx_word' id='word_1_665' title='bbox 637 4433 908 4500; x_wconf 85' lang='lat' dir='ltr'><strong>occupati,</strong></span> <span class='ocrx_word' id='word_1_666' title='bbox 944 4432 999 4485; x_wconf 91' lang='lat' dir='ltr'><strong>in</strong></span> <span class='ocrx_word' id='word_1_667' title='bbox 1029 4445 1148 4484; x_wconf 90' lang='lat' dir='ltr'><strong>eam</strong></span> <span class='ocrx_word' id='word_1_668' title='bbox 1177 4430 1490 4500; x_wconf 74' lang='lat' dir='ltr'><strong>incumbere</strong></span> <span class='ocrx_word' id='word_1_669' title='bbox 1519 4433 1808 4500; x_wconf 78' lang='lat' dir='ltr'><strong>possimus.</strong></span> <span class='ocrx_word' id='word_1_670' title='bbox 1842 4430 2076 4500; x_wconf 71' lang='lat' dir='ltr'><strong>Praeser-</strong></span> 
     </span>
    </p>
   </div>
   <div class='ocr_carea' id='block_1_91' title="bbox 508 4499 2075 4571">
    <p class='ocr_par' dir='ltr' id='par_1_91' title="bbox 508 4499 2075 4571">
     <span class='ocr_line' id='line_1_92' title="bbox 508 4499 2075 4571; baseline -0.002 -16"><span class='ocrx_word' id='word_1_671' title='bbox 508 4505 602 4555; x_wconf 90' lang='lat' dir='ltr'><strong>tim</strong></span> <span class='ocrx_word' id='word_1_672' title='bbox 643 4499 903 4571; x_wconf 13' lang='lat' dir='ltr'><strong>cumialii</strong></span> <span class='ocrx_word' id='word_1_673' title='bbox 937 4501 1180 4569; x_wconf 85' lang='lat' dir='ltr'><strong>plerique</strong></span> <span class='ocrx_word' id='word_1_674' title='bbox 1220 4499 1331 4567; x_wconf 87' lang='lat' dir='ltr'><strong>jam</strong></span> <span class='ocrx_word' id='word_1_675' title='bbox 1383 4499 1760 4571; x_wconf 80' lang='lat' dir='ltr'><strong>argumentum</strong></span> <span class='ocrx_word' id='word_1_676' title='bbox 1808 4499 2075 4571; x_wconf 88' lang='lat' dir='ltr'><strong>ejusmodi</strong></span> 
     </span>
    </p>
   </div>
   <div class='ocr_carea' id='block_1_92' title="bbox 507 4570 2080 4638">
    <p class='ocr_par' dir='ltr' id='par_1_92' title="bbox 507 4570 2080 4638">
     <span class='ocr_line' id='line_1_93' title="bbox 507 4570 2080 4638; baseline -0.001 -15"><span class='ocrx_word' id='word_1_677' title='bbox 507 4570 842 4626; x_wconf 89' lang='lat' dir='ltr'><strong>doctissimis</strong></span> <span class='ocrx_word' id='word_1_678' title='bbox 891 4571 1359 4624; x_wconf 87' lang='lat' dir='ltr'><strong>lucubrationibus</strong></span> <span class='ocrx_word' id='word_1_679' title='bbox 1406 4570 1749 4638; x_wconf 83' lang='lat' dir='ltr'><strong>occuparint,</strong></span> <span class='ocrx_word' id='word_1_680' title='bbox 1795 4577 1848 4623; x_wconf 90' lang='lat' dir='ltr'><strong>et</strong></span> <span class='ocrx_word' id='word_1_681' title='bbox 1887 4570 1939 4622; x_wconf 89' lang='lat' dir='ltr'><strong>in</strong></span> <span class='ocrx_word' id='word_1_682' title='bbox 1970 4570 2080 4637; x_wconf 85' lang='lat' dir='ltr'><strong>pri-</strong></span> 
     </span>
    </p>
   </div>
   <div class='ocr_carea' id='block_1_93' title="bbox 507 4638 2077 4709">
    <p class='ocr_par' dir='ltr' id='par_1_93' title="bbox 507 4638 2077 4709">
     <span class='ocr_line' id='line_1_94' title="bbox 507 4638 2077 4709; baseline -0.001 -15"><span class='ocrx_word' id='word_1_683' title='bbox 507 4645 612 4696; x_wconf 90' lang='lat' dir='ltr'><strong>mis</strong></span> <span class='ocrx_word' id='word_1_684' title='bbox 659 4641 816 4694; x_wconf 86' lang='lat' dir='ltr'><strong>Arias</strong></span> <span class='ocrx_word' id='word_1_685' title='bbox 863 4640 1181 4702; x_wconf 87' lang='lat' dir='ltr'><strong>Montanus,</strong></span> <span class='ocrx_word' id='word_1_686' title='bbox 1238 4654 1301 4693; x_wconf 86' lang='lat' dir='ltr'><strong>ac</strong></span> <span class='ocrx_word' id='word_1_687' title='bbox 1355 4638 1726 4709; x_wconf 75' lang='lat' dir='ltr'><strong>Villalpandus</strong></span> <span class='ocrx_word' id='word_1_688' title='bbox 1775 4647 1964 4692; x_wconf 87' lang='lat' dir='ltr'><strong>noster</strong></span> <span class='ocrx_word' id='word_1_689' title='bbox 2025 4641 2077 4692; x_wconf 90' lang='lat' dir='ltr'><strong>in</strong></span> 
     </span>
    </p>
   </div>
   <div class='ocr_carea' id='block_1_94' title="bbox 506 4709 2081 4780">
    <p class='ocr_par' dir='ltr' id='par_1_94' title="bbox 506 4709 2081 4780">
     <span class='ocr_line' id='line_1_95' title="bbox 506 4709 2081 4780; baseline -0.001 -16"><span class='ocrx_word' id='word_1_690' title='bbox 506 4715 783 4780; x_wconf 76' lang='lat' dir='ltr'><strong>Apparalu</strong></span> <span class='ocrx_word' id='word_1_691' title='bbox 813 4710 882 4763; x_wconf 87' lang='lat' dir='ltr'><strong>ad</strong></span> <span class='ocrx_word' id='word_1_692' title='bbox 914 4709 1255 4780; x_wconf 77' lang='lat' dir='ltr'><strong>Ezechielent.</strong></span> <span class='ocrx_word' id='word_1_693' title='bbox 1293 4709 1471 4774; x_wconf 77' lang='lat' dir='ltr'><strong>Quare</strong></span> <span class='ocrx_word' id='word_1_694' title='bbox 1494 4725 1600 4780; x_wconf 88' lang='lat' dir='ltr'><strong>nos</strong></span> <span class='ocrx_word' id='word_1_695' title='bbox 1640 4709 1786 4780; x_wconf 88' lang='lat' dir='ltr'><strong>quod</strong></span> <span class='ocrx_word' id='word_1_696' title='bbox 1828 4718 2081 4780; x_wconf 83' lang='lat' dir='ltr'><strong>superest</strong></span> 
     </span>
    </p>
   </div>
   <div class='ocr_carea' id='block_1_95' title="bbox 507 4778 2076 4851">
    <p class='ocr_par' dir='ltr' id='par_1_95' title="bbox 507 4778 2076 4851">
     <span class='ocr_line' id='line_1_96' title="bbox 507 4778 2076 4851; baseline -0.002 -17"><span class='ocrx_word' id='word_1_697' title='bbox 507 4778 679 4851; x_wconf 84' lang='lat' dir='ltr'><strong>pauca</strong></span> <span class='ocrx_word' id='word_1_698' title='bbox 718 4781 986 4850; x_wconf 60' lang='lat' dir='ltr'><strong>quaedam,</strong></span> <span class='ocrx_word' id='word_1_699' title='bbox 1021 4791 1074 4834; x_wconf 91' lang='lat' dir='ltr'><strong>et</strong></span> <span class='ocrx_word' id='word_1_700' title='bbox 1121 4781 1187 4833; x_wconf 89' lang='lat' dir='ltr'><strong>ad</strong></span> <span class='ocrx_word' id='word_1_701' title='bbox 1218 4779 1505 4850; x_wconf 87' lang='lat' dir='ltr'><strong>Epiphanii</strong></span> <span class='ocrx_word' id='word_1_702' title='bbox 1555 4778 1992 4851; x_wconf 80' lang='lat' dir='ltr'><strong>intelligentiam,</strong></span> <span class='ocrx_word' id='word_1_703' title='bbox 2027 4779 2076 4851; x_wconf 75' lang='lat' dir='ltr'><strong>id</strong></span> 
     </span>
    </p>
   </div>
   <div class='ocr_carea' id='block_1_96' title="bbox 508 4846 2078 4920">
    <p class='ocr_par' dir='ltr' id='par_1_96' title="bbox 508 4846 2078 4920">
     <span class='ocr_line' id='line_1_97' title="bbox 508 4846 2078 4920; baseline -0.003 -16"><span class='ocrx_word' id='word_1_704' title='bbox 508 4846 650 4904; x_wconf 77' lang='lat' dir='ltr'><strong>enim</strong></span> <span class='ocrx_word' id='word_1_705' title='bbox 681 4846 948 4920; x_wconf 66' lang='lat' dir='ltr'><strong>prascipue</strong></span> <span class='ocrx_word' id='word_1_706' title='bbox 986 4846 1335 4918; x_wconf 61' lang='lat' dir='ltr'><strong>proﬁtemur,</strong></span> <span class='ocrx_word' id='word_1_707' title='bbox 1357 4849 1665 4903; x_wconf 88' lang='lat' dir='ltr'><strong>necessaria</strong></span> <span class='ocrx_word' id='word_1_708' title='bbox 1718 4846 1955 4901; x_wconf 84' lang='lat' dir='ltr'><strong>breviter</strong></span> <span class='ocrx_word' id='word_1_709' title='bbox 1983 4846 2078 4900; x_wconf 56' lang='lat' dir='ltr'><strong>ad-</strong></span> 
     </span>
    </p>
   </div>
   <div class='ocr_carea' id='block_1_97' title="bbox 509 4921 842 4974">
    <p class='ocr_par' dir='ltr' id='par_1_97' title="bbox 509 4921 842 4974">
     <span class='ocr_line' id='line_1_98' title="bbox 509 4921 842 4974; baseline 0.003 -1"><span class='ocrx_word' id='word_1_710' title='bbox 509 4921 842 4974; x_wconf 86' lang='lat' dir='ltr'><strong>notabimus.</strong></span> 
     </span>
    </p>
   </div>
   <div class='ocr_carea' id='block_1_98' title="bbox 579 5005 2078 5080">
    <p class='ocr_par' dir='ltr' id='par_1_98' title="bbox 579 5005 2078 5080">
     <span class='ocr_line' id='line_1_99' title="bbox 579 5005 2078 5080; baseline -0.003 -15"><span class='ocrx_word' id='word_1_711' title='bbox 579 5011 691 5080; x_wconf 82' lang='lat'><strong>(59)</strong></span> <span class='ocrx_word' id='word_1_712' title='bbox 722 5009 1017 5076; x_wconf 76' lang='grc' dir='ltr'>Εῑληπται</span> <span class='ocrx_word' id='word_1_713' title='bbox 1046 5011 1252 5062; x_wconf 76' lang='grc' dir='ltr'>τοίνυν</span> <span class='ocrx_word' id='word_1_714' title='bbox 1298 5011 1330 5061; x_wconf 87' lang='grc' dir='ltr'><strong>ό</strong></span> <span class='ocrx_word' id='word_1_715' title='bbox 1364 5007 1558 5080; x_wconf 75' lang='grc' dir='ltr'>κόρος.</span> <span class='ocrx_word' id='word_1_716' title='bbox 1616 5006 1814 5061; x_wconf 90' lang='lat' dir='ltr'><strong>Corum</strong></span> <span class='ocrx_word' id='word_1_717' title='bbox 1868 5005 2078 5060; x_wconf 71' lang='lat' dir='ltr'><strong>Hebrmi</strong></span> 
     </span>
    </p>
   </div>
   <div class='ocr_carea' id='block_1_99' title="bbox 509 5077 2075 5147">
    <p class='ocr_par' dir='ltr' id='par_1_99' title="bbox 509 5077 2075 5147">
     <span class='ocr_line' id='line_1_100' title="bbox 509 5077 2075 5147; baseline 0.001 -15"><span class='ocrx_word' id='word_1_718' title='bbox 509 5077 706 5134; x_wconf 84' lang='lat' dir='ltr'><strong>vocant</strong></span> <span class='ocrx_word' id='word_1_719' title='bbox 740 5091 862 5138; x_wconf 74' lang='lat'><strong>&#39;12:</strong></span> <span class='ocrx_word' id='word_1_720' title='bbox 893 5095 1014 5147; x_wconf 77' lang='lat' dir='ltr'><strong>qua:</strong></span> <span class='ocrx_word' id='word_1_721' title='bbox 1079 5092 1332 5132; x_wconf 86' lang='lat' dir='ltr'><strong>mensura</strong></span> <span class='ocrx_word' id='word_1_722' title='bbox 1381 5077 1567 5130; x_wconf 88' lang='lat' dir='ltr'><strong>eadem</strong></span> <span class='ocrx_word' id='word_1_723' title='bbox 1621 5085 1705 5130; x_wconf 89' lang='lat' dir='ltr'><strong>est</strong></span> <span class='ocrx_word' id='word_1_724' title='bbox 1741 5090 1865 5129; x_wconf 91' lang='lat' dir='ltr'><strong>cum</strong></span> <span class='ocrx_word' id='word_1_725' title='bbox 1924 5086 2075 5139; x_wconf 60' lang='lat' dir='ltr'><strong>“inn,</strong></span> 
     </span>
    </p>
   </div>
   <div class='ocr_carea' id='block_1_100' title="bbox 509 5147 2079 5216">
    <p class='ocr_par' dir='ltr' id='par_1_100' title="bbox 509 5147 2079 5216">
     <span class='ocr_line' id='line_1_101' title="bbox 509 5147 2079 5216; baseline 0 -18"><span class='ocrx_word' id='word_1_726' title='bbox 509 5151 859 5216; x_wconf 66' lang='lat' dir='ltr'><strong>i-mitinetque</strong></span> <span class='ocrx_word' id='word_1_727' title='bbox 887 5151 1072 5203; x_wconf 88' lang='lat' dir='ltr'><strong>decem</strong></span> <span class='ocrx_word' id='word_1_728' title='bbox 1117 5147 1338 5216; x_wconf 70' lang='lat' dir='ltr'><strong>eplioth,</strong></span> <span class='ocrx_word' id='word_1_729' title='bbox 1370 5163 1489 5216; x_wconf 73' lang='lat' dir='ltr'><strong>qua:</strong></span> <span class='ocrx_word' id='word_1_730' title='bbox 1521 5155 1649 5199; x_wconf 89' lang='lat' dir='ltr'><strong>sunt</strong></span> <span class='ocrx_word' id='word_1_731' title='bbox 1681 5162 1791 5216; x_wconf 13' lang='lat' dir='ltr'><strong>xu,</strong></span> <span class='ocrx_word' id='word_1_732' title='bbox 1807 5153 1957 5216; x_wconf 87' lang='lat' dir='ltr'><strong>sata,</strong></span> <span class='ocrx_word' id='word_1_733' title='bbox 2003 5149 2079 5199; x_wconf 91' lang='lat' dir='ltr'><strong>ait</strong></span> 
     </span>
    </p>
   </div>
   <div class='ocr_carea' id='block_1_101' title="bbox 513 5215 2078 5284">
    <p class='ocr_par' dir='ltr' id='par_1_101' title="bbox 513 5215 2078 5284">
     <span class='ocr_line' id='line_1_102' title="bbox 513 5215 2078 5284; baseline 0 -16"><span class='ocrx_word' id='word_1_734' title='bbox 513 5219 575 5270; x_wconf 78' lang='lat' dir='ltr'><strong>ll.</strong></span> <span class='ocrx_word' id='word_1_735' title='bbox 617 5215 784 5272; x_wconf 82' lang='lat' dir='ltr'><strong>David</strong></span> <span class='ocrx_word' id='word_1_736' title='bbox 822 5218 1100 5272; x_wconf 85' lang='lat' dir='ltr'><strong>Kimchius</strong></span> <span class='ocrx_word' id='word_1_737' title='bbox 1130 5215 1180 5269; x_wconf 90' lang='lat' dir='ltr'><strong>in</strong></span> <span class='ocrx_word' id='word_1_738' title='bbox 1215 5215 1398 5269; x_wconf 69' lang='lat' dir='ltr'><strong>Radit.</strong></span> <span class='ocrx_word' id='word_1_739' title='bbox 1434 5216 1536 5270; x_wconf 86' lang='lat' dir='ltr'><strong>Sed</strong></span> <span class='ocrx_word' id='word_1_740' title='bbox 1573 5215 1727 5282; x_wconf 79' lang='lat' dir='ltr'><strong>origo</strong></span> <span class='ocrx_word' id='word_1_741' title='bbox 1763 5215 1872 5277; x_wconf 91' lang='lat' dir='ltr'><strong>illa,</strong></span> <span class='ocrx_word' id='word_1_742' title='bbox 1913 5230 2078 5284; x_wconf 87' lang='lat' dir='ltr'><strong>quam</strong></span> 
     </span>
    </p>
   </div>
   <div class='ocr_carea' id='block_1_102' title="bbox 511 5285 2076 5358">
    <p class='ocr_par' dir='ltr' id='par_1_102' title="bbox 511 5285 2076 5358">
     <span class='ocr_line' id='line_1_103' title="bbox 511 5285 2076 5358; baseline -0.001 -20"><span class='ocrx_word' id='word_1_743' title='bbox 511 5289 666 5342; x_wconf 72' lang='lat' dir='ltr'><strong>adert</strong></span> <span class='ocrx_word' id='word_1_744' title='bbox 715 5288 1073 5358; x_wconf 84' lang='lat' dir='ltr'><strong>Epiphanius,</strong></span> <span class='ocrx_word' id='word_1_745' title='bbox 1125 5297 1256 5358; x_wconf 75' lang='lat' dir='ltr'><strong>uta</strong></span> <span class='ocrx_word' id='word_1_746' title='bbox 1291 5286 1457 5356; x_wconf 78' lang='grc' dir='ltr'>χαρίᾳ</span> <span class='ocrx_word' id='word_1_747' title='bbox 1498 5285 1730 5347; x_wconf 86' lang='lat' dir='ltr'><strong>dicatur,</strong></span> <span class='ocrx_word' id='word_1_748' title='bbox 1761 5285 1906 5353; x_wconf 88' lang='lat' dir='ltr'><strong>quod</strong></span> <span class='ocrx_word' id='word_1_749' title='bbox 1935 5285 2076 5339; x_wconf 87' lang='lat' dir='ltr'><strong>idem</strong></span> 
     </span>
    </p>
   </div>
   <div class='ocr_carea' id='block_1_103' title="bbox 509 5356 2079 5427">
    <p class='ocr_par' dir='ltr' id='par_1_103' title="bbox 509 5356 2079 5427">
     <span class='ocr_line' id='line_1_104' title="bbox 509 5356 2079 5427; baseline -0.003 -18"><span class='ocrx_word' id='word_1_750' title='bbox 509 5367 593 5411; x_wconf 85' lang='lat' dir='ltr'><strong>est</strong></span> <span class='ocrx_word' id='word_1_751' title='bbox 643 5374 706 5411; x_wconf 92' lang='lat' dir='ltr'><strong>ac</strong></span> <span class='ocrx_word' id='word_1_752' title='bbox 757 5356 962 5427; x_wconf 77' lang='grc' dir='ltr'>βουνός,</span> <span class='ocrx_word' id='word_1_753' title='bbox 997 5359 1114 5412; x_wconf 86' lang='lat' dir='ltr'><strong>sive</strong></span> <span class='ocrx_word' id='word_1_754' title='bbox 1159 5356 1345 5418; x_wconf 81' lang='lat' dir='ltr'><strong>clivus,</strong></span> <span class='ocrx_word' id='word_1_755' title='bbox 1399 5364 1492 5409; x_wconf 90' lang='lat' dir='ltr'><strong>aut</strong></span> <span class='ocrx_word' id='word_1_756' title='bbox 1523 5369 1820 5427; x_wconf 72' lang='lat' dir='ltr'><strong>acervus,_a</strong></span> <span class='ocrx_word' id='word_1_757' title='bbox 1858 5369 1966 5416; x_wconf 88' lang='lat' dir='ltr'><strong>me,</strong></span> <span class='ocrx_word' id='word_1_758' title='bbox 2022 5362 2079 5406; x_wconf 92' lang='lat' dir='ltr'><strong>ut</strong></span> 
     </span>
    </p>
   </div>
   <div class='ocr_carea' id='block_1_104' title="bbox 514 5421 2079 5496">
    <p class='ocr_par' dir='ltr' id='par_1_104' title="bbox 514 5421 2079 5496">
     <span class='ocr_line' id='line_1_105' title="bbox 514 5421 2079 5496; baseline 0 -20"><span class='ocrx_word' id='word_1_759' title='bbox 514 5421 767 5496; x_wconf 52' lang='lat' dir='ltr'><strong>ingenue&#39;</strong></span> <span class='ocrx_word' id='word_1_760' title='bbox 803 5421 1383 5496; x_wconf 37' lang='lat' dir='ltr'><strong>proliteat‘tpomlum</strong></span> <span class='ocrx_word' id='word_1_761' title='bbox 1450 5427 1681 5496; x_wconf 87' lang='lat' dir='ltr'><strong>capitur.</strong></span> <span class='ocrx_word' id='word_1_762' title='bbox 1737 5421 1923 5492; x_wconf 82' lang='lat' dir='ltr'><strong>Neque</strong></span> <span class='ocrx_word' id='word_1_763' title='bbox 1977 5438 2079 5496; x_wconf 80' lang='lat' dir='ltr'><strong>vox</strong></span> 
     </span>
    </p>
   </div>
   <div class='ocr_carea' id='block_1_105' title="bbox 511 5493 2075 5564">
    <p class='ocr_par' dir='ltr' id='par_1_105' title="bbox 511 5493 2075 5564">
     <span class='ocr_line' id='line_1_106' title="bbox 511 5493 2075 5564; baseline 0 -18"><span class='ocrx_word' id='word_1_764' title='bbox 511 5493 774 5564; x_wconf 77' lang='lat' dir='ltr'><strong>ejusmodi</strong></span> <span class='ocrx_word' id='word_1_765' title='bbox 804 5493 954 5551; x_wconf 50' lang='lat' dir='ltr'><strong>&#39;mihi</strong></span> <span class='ocrx_word' id='word_1_766' title='bbox 1013 5498 1066 5564; x_wconf 86' lang='lat' dir='ltr'><strong>in</strong></span> <span class='ocrx_word' id='word_1_767' title='bbox 1107 5494 1427 5551; x_wconf 84' lang='lat' dir='ltr'><strong>liebraismo</strong></span> <span class='ocrx_word' id='word_1_768' title='bbox 1475 5493 1737 5548; x_wconf 73' lang='lat' dir='ltr'><strong>hactenus</strong></span> <span class='ocrx_word' id='word_1_769' title='bbox 1791 5493 2075 5547; x_wconf 89' lang='lat' dir='ltr'><strong>occurrit:</strong></span> 
     </span>
    </p>
   </div>
   <div class='ocr_carea' id='block_1_106' title="bbox 515 5563 2078 5632">
    <p class='ocr_par' dir='ltr' id='par_1_106' title="bbox 515 5563 2078 5632">
     <span class='ocr_line' id='line_1_107' title="bbox 515 5563 2078 5632; baseline 0.002 -20"><span class='ocrx_word' id='word_1_770' title='bbox 515 5563 669 5616; x_wconf 77' lang='lat' dir='ltr'><strong>radix</strong></span> <span class='ocrx_word' id='word_1_771' title='bbox 697 5567 840 5618; x_wconf 89' lang='lat' dir='ltr'><strong>enim</strong></span> <span class='ocrx_word' id='word_1_772' title='bbox 876 5575 958 5620; x_wconf 87' lang='lat' dir='ltr'><strong>est</strong></span> <span class='ocrx_word' id='word_1_773' title='bbox 1007 5563 1121 5628; x_wconf 63' lang='grc' dir='ltr'><strong>Ἣ),</strong></span> <span class='ocrx_word' id='word_1_774' title='bbox 1147 5581 1267 5632; x_wconf 67' lang='lat' dir='ltr'><strong>qua:</strong></span> <span class='ocrx_word' id='word_1_775' title='bbox 1311 5581 1412 5618; x_wconf 85' lang='lat' dir='ltr'><strong>vox</strong></span> <span class='ocrx_word' id='word_1_776' title='bbox 1445 5566 1696 5620; x_wconf 75' lang='lat' dir='ltr'><strong>catinum.</strong></span> <span class='ocrx_word' id='word_1_777' title='bbox 1725 5573 1780 5617; x_wconf 88' lang='lat' dir='ltr'><strong>et</strong></span> <span class='ocrx_word' id='word_1_778' title='bbox 1811 5563 2078 5631; x_wconf 81' lang='lat' dir='ltr'><strong>fornacem</strong></span> 
     </span>
    </p>
   </div>
   <div class='ocr_carea' id='block_1_107' title="bbox 515 5633 2076 5705">
    <p class='ocr_par' dir='ltr' id='par_1_107' title="bbox 515 5633 2076 5705">
     <span class='ocr_line' id='line_1_108' title="bbox 515 5633 2076 5705; baseline -0.002 -15"><span class='ocrx_word' id='word_1_779' title='bbox 515 5633 805 5704; x_wconf 74' lang='lat' dir='ltr'><strong>signiﬁcat,</strong></span> <span class='ocrx_word' id='word_1_780' title='bbox 826 5650 1134 5705; x_wconf 84' lang='lat' dir='ltr'><strong>quanquam</strong></span> <span class='ocrx_word' id='word_1_781' title='bbox 1163 5636 1286 5688; x_wconf 89' lang='lat' dir='ltr'><strong>huic</strong></span> <span class='ocrx_word' id='word_1_782' title='bbox 1307 5636 1462 5690; x_wconf 89' lang='lat' dir='ltr'><strong>allinc</strong></span> <span class='ocrx_word' id='word_1_783' title='bbox 1480 5643 1563 5687; x_wconf 88' lang='lat' dir='ltr'><strong>est</strong></span> <span class='ocrx_word' id='word_1_784' title='bbox 1589 5643 1728 5696; x_wconf 62' lang='grc' dir='ltr'>ην).</span> <span class='ocrx_word' id='word_1_785' title='bbox 1762 5633 1906 5701; x_wconf 88' lang='lat' dir='ltr'><strong>quod</strong></span> <span class='ocrx_word' id='word_1_786' title='bbox 1936 5633 2076 5687; x_wconf 88' lang='lat' dir='ltr'><strong>idem</strong></span> 
     </span>
    </p>
   </div>
   <div class='ocr_carea' id='block_1_108' title="bbox 2177 4363 3776 4433">
    <p class='ocr_par' dir='ltr' id='par_1_108' title="bbox 2177 4363 3776 4433">
     <span class='ocr_line' id='line_1_109' title="bbox 2177 4363 3776 4433; baseline -0.001 -20"><span class='ocrx_word' id='word_1_787' title='bbox 2177 4364 2262 4431; x_wconf 85' lang='lat' dir='ltr'><strong>gia</strong></span> <span class='ocrx_word' id='word_1_788' title='bbox 2316 4378 2508 4431; x_wconf 89' lang='lat' dir='ltr'><strong>parum</strong></span> <span class='ocrx_word' id='word_1_789' title='bbox 2559 4365 2862 4433; x_wconf 81' lang='lat' dir='ltr'><strong>explorata.</strong></span> <span class='ocrx_word' id='word_1_790' title='bbox 2919 4363 3051 4418; x_wconf 84' lang='lat' dir='ltr'><strong>Nam</strong></span> <span class='ocrx_word' id='word_1_791' title='bbox 3083 4363 3151 4433; x_wconf 85' lang='lat' dir='ltr'><strong>ut</strong></span> <span class='ocrx_word' id='word_1_792' title='bbox 3199 4365 3422 4433; x_wconf 79' lang='grc' dir='ltr'>ἔπαρμα</span> <span class='ocrx_word' id='word_1_793' title='bbox 3462 4363 3776 4431; x_wconf 78' lang='lat' dir='ltr'><strong>significet,</strong></span> 
     </span>
    </p>
   </div>
   <div class='ocr_carea' id='block_1_109' title="bbox 2185 4432 3777 4504">
    <p class='ocr_par' dir='ltr' id='par_1_109' title="bbox 2185 4432 3777 4504">
     <span class='ocr_line' id='line_1_110' title="bbox 2185 4432 3777 4504; baseline -0.002 -19"><span class='ocrx_word' id='word_1_794' title='bbox 2185 4432 3012 4504; x_wconf 12' lang='lat' dir='ltr'><strong>non,persuadet’Epiphanius.</strong></span> <span class='ocrx_word' id='word_1_795' title='bbox 3053 4432 3146 4489; x_wconf 88' lang='lat' dir='ltr'><strong>Est</strong></span> <span class='ocrx_word' id='word_1_796' title='bbox 3174 4432 3354 4487; x_wconf 89' lang='lat' dir='ltr'><strong>autem</strong></span> <span class='ocrx_word' id='word_1_797' title='bbox 3387 4446 3449 4485; x_wconf 90' lang='lat' dir='ltr'><strong>ea</strong></span> <span class='ocrx_word' id='word_1_798' title='bbox 3499 4446 3777 4504; x_wconf 80' lang='lat' dir='ltr'><strong>mensura</strong></span> 
     </span>
    </p>
   </div>
   <div class='ocr_carea' id='block_1_110' title="bbox 2185 4447 3781 4570">
    <p class='ocr_par' dir='ltr' id='par_1_110' title="bbox 2185 4447 3781 4570">
     <span class='ocr_line' id='line_1_111' title="bbox 2185 4447 3777 4555; baseline -0.003 -70"><span class='ocrx_word' id='word_1_799' title='bbox 2185 4447 2291 4486; x_wconf 92' lang='lat' dir='ltr'><strong>non</strong></span> <span class='ocrx_word' id='word_1_800' title='bbox 2321 4447 2618 4555; x_wconf 56' lang='lat' dir='ltr'><strong>gersuaaet</strong></span> <span class='ocrx_word' id='word_1_801' title='bbox 2657 4447 3012 4504; x_wconf 70' lang='lat' dir='ltr'><strong>Epiphanius.</strong></span> <span class='ocrx_word' id='word_1_802' title='bbox 3053 4447 3146 4489; x_wconf 72' lang='lat' dir='ltr'><strong>Est</strong></span> <span class='ocrx_word' id='word_1_803' title='bbox 3174 4447 3354 4487; x_wconf 88' lang='lat' dir='ltr'><strong>autem</strong></span> <span class='ocrx_word' id='word_1_804' title='bbox 3387 4447 3449 4485; x_wconf 89' lang='lat' dir='ltr'><strong>ea</strong></span> <span class='ocrx_word' id='word_1_805' title='bbox 3499 4447 3777 4485; x_wconf 84' lang='lat' dir='ltr'><strong>mensura</strong></span> 
     </span>
     <span class='ocr_line' id='line_1_112' title="bbox 2185 4502 3781 4570; baseline -0.001 -15"><span class='ocrx_word' id='word_1_806' title='bbox 2185 4503 2315 4555; x_wconf 91' lang='lat' dir='ltr'><strong>dimi</strong></span> <span class='ocrx_word' id='word_1_807' title='bbox 2362 4502 2502 4556; x_wconf 88' lang='lat' dir='ltr'><strong>iatus</strong></span> <span class='ocrx_word' id='word_1_808' title='bbox 2551 4519 2713 4558; x_wconf 91' lang='lat' dir='ltr'><strong>corus</strong></span> <span class='ocrx_word' id='word_1_809' title='bbox 2769 4511 2862 4556; x_wconf 93' lang='lat' dir='ltr'><strong>aut</strong></span> <span class='ocrx_word' id='word_1_810' title='bbox 2918 4514 3262 4565; x_wconf 36' lang='lat' dir='ltr'><strong>“Imhnam</strong></span> <span class='ocrx_word' id='word_1_811' title='bbox 3313 4516 3501 4570; x_wconf 14' lang='lat' dir='ltr'><strong>corus,</strong></span> <span class='ocrx_word' id='word_1_812' title='bbox 3531 4502 3781 4570; x_wconf 78' lang='lat' dir='ltr'><strong>triginta</strong></span> 
     </span>
    </p>
   </div>
   <div class='ocr_carea' id='block_1_111' title="bbox 2183 4569 3780 4642">
    <p class='ocr_par' dir='ltr' id='par_1_111' title="bbox 2183 4569 3780 4642">
     <span class='ocr_line' id='line_1_113' title="bbox 2183 4569 3780 4642; baseline -0.002 -18"><span class='ocrx_word' id='word_1_813' title='bbox 2183 4573 2394 4642; x_wconf 84' lang='lat' dir='ltr'><strong>modios</strong></span> <span class='ocrx_word' id='word_1_814' title='bbox 2443 4573 2637 4638; x_wconf 89' lang='lat' dir='ltr'><strong>habet;</strong></span> <span class='ocrx_word' id='word_1_815' title='bbox 2674 4573 2846 4626; x_wconf 87' lang='lat' dir='ltr'><strong>Iethec</strong></span> <span class='ocrx_word' id='word_1_816' title='bbox 2873 4571 3234 4642; x_wconf 75' lang='lat' dir='ltr'><strong>quindecim._</strong></span> <span class='ocrx_word' id='word_1_817' title='bbox 3267 4571 3460 4642; x_wconf 63' lang='lat' dir='ltr'><strong>biirum</strong></span> <span class='ocrx_word' id='word_1_818' title='bbox 3492 4569 3599 4623; x_wconf 89' lang='lat' dir='ltr'><strong>hoc</strong></span> <span class='ocrx_word' id='word_1_819' title='bbox 3620 4569 3780 4623; x_wconf 79' lang='lat' dir='ltr'><strong>era-</strong></span> 
     </span>
    </p>
   </div>
   <div class='ocr_carea' id='block_1_112' title="bbox 2181 4639 3784 4706">
    <p class='ocr_par' dir='ltr' id='par_1_112' title="bbox 2181 4639 3784 4706">
     <span class='ocr_line' id='line_1_114' title="bbox 2181 4639 3784 4706; baseline 0 -14"><span class='ocrx_word' id='word_1_820' title='bbox 2181 4640 2310 4694; x_wconf 88' lang='lat' dir='ltr'><strong>ditis</strong></span> <span class='ocrx_word' id='word_1_821' title='bbox 2341 4641 2731 4706; x_wconf 87' lang='lat' dir='ltr'><strong>interpretibus</strong></span> <span class='ocrx_word' id='word_1_822' title='bbox 2762 4639 2936 4695; x_wconf 83' lang='lat' dir='ltr'><strong>visum</strong></span> <span class='ocrx_word' id='word_1_823' title='bbox 2967 4649 3072 4703; x_wconf 92' lang='lat' dir='ltr'><strong>est,</strong></span> <span class='ocrx_word' id='word_1_824' title='bbox 3109 4639 3240 4706; x_wconf 93' lang='lat' dir='ltr'><strong>quid</strong></span> <span class='ocrx_word' id='word_1_825' title='bbox 3272 4639 3324 4693; x_wconf 92' lang='lat' dir='ltr'><strong>in</strong></span> <span class='ocrx_word' id='word_1_826' title='bbox 3377 4646 3618 4691; x_wconf 89' lang='lat' dir='ltr'><strong>mentem</strong></span> <span class='ocrx_word' id='word_1_827' title='bbox 3667 4655 3784 4692; x_wconf 80' lang='lat' dir='ltr'><strong>ve-</strong></span> 
     </span>
    </p>
   </div>
   <div class='ocr_carea' id='block_1_113' title="bbox 2187 4707 3788 4779">
    <p class='ocr_par' dir='ltr' id='par_1_113' title="bbox 2187 4707 3788 4779">
     <span class='ocr_line' id='line_1_115' title="bbox 2187 4707 3788 4779; baseline -0.002 -17"><span class='ocrx_word' id='word_1_828' title='bbox 2187 4711 2328 4763; x_wconf 87' lang='lat' dir='ltr'><strong>nerit</strong></span> <span class='ocrx_word' id='word_1_829' title='bbox 2370 4707 2509 4762; x_wconf 75' lang='lat' dir='ltr'><strong>LXX</strong></span> <span class='ocrx_word' id='word_1_830' title='bbox 2540 4712 2880 4774; x_wconf 78' lang='lat' dir='ltr'><strong>Senioribus,</strong></span> <span class='ocrx_word' id='word_1_831' title='bbox 2907 4719 2966 4764; x_wconf 92' lang='lat' dir='ltr'><strong>ut</strong></span> <span class='ocrx_word' id='word_1_832' title='bbox 3012 4725 3109 4779; x_wconf 91' lang='lat' dir='ltr'><strong>pro</strong></span> <span class='ocrx_word' id='word_1_833' title='bbox 3138 4724 3226 4774; x_wconf 86' lang='lat' dir='ltr'><strong>eo,</strong></span> <span class='ocrx_word' id='word_1_834' title='bbox 3259 4709 3406 4778; x_wconf 92' lang='lat' dir='ltr'><strong>quod</strong></span> <span class='ocrx_word' id='word_1_835' title='bbox 3438 4709 3492 4761; x_wconf 87' lang='lat' dir='ltr'><strong>in</strong></span> <span class='ocrx_word' id='word_1_836' title='bbox 3524 4707 3788 4761; x_wconf 65' lang='lat' dir='ltr'><strong>Hebraeo</strong></span> 
     </span>
    </p>
   </div>
   <div class='ocr_carea' id='block_1_114' title="bbox 2181 4787 3789 4884">
    <p class='ocr_par' dir='ltr' id='par_1_114' title="bbox 2181 4787 3789 4884">
     <span class='ocr_line' id='line_1_116' title="bbox 2181 4787 3789 4884; baseline 0 -30"><span class='ocrx_word' id='word_1_837' title='bbox 2181 4809 2291 4884; x_wconf 64' lang='lat' dir='ltr'><strong>est,</strong></span> <span class='ocrx_word' id='word_1_838' title='bbox 2351 4787 2722 4884; x_wconf 40' lang='lat' dir='ltr'><strong>piij‘jni</strong></span> <span class='ocrx_word' id='word_1_839' title='bbox 2755 4802 2862 4884; x_wconf 72' lang='lat' dir='ltr'><strong>hoc</strong></span> <span class='ocrx_word' id='word_1_840' title='bbox 2931 4809 3042 4884; x_wconf 51' lang='lat' dir='ltr'><strong>est“</strong></span> <span class='ocrx_word' id='word_1_841' title='bbox 3075 4801 3298 4884; x_wconf 41' lang='lat' dir='ltr'><strong>dii-ltiti“</strong></span> <span class='ocrx_word' id='word_1_842' title='bbox 3353 4817 3472 4854; x_wconf 87' lang='lat' dir='ltr'><strong>coro</strong></span> <span class='ocrx_word' id='word_1_843' title='bbox 3551 4799 3789 4884; x_wconf 60' lang='lat' dir='ltr'><strong>hordei,</strong></span> 
     </span>
    </p>
   </div>
   <div class='ocr_carea' id='block_1_115' title="bbox 2182 4871 3788 4940">
    <p class='ocr_par' dir='ltr' id='par_1_115' title="bbox 2182 4871 3788 4940">
     <span class='ocr_line' id='line_1_117' title="bbox 2182 4871 3788 4940; baseline 0 -18"><span class='ocrx_word' id='word_1_844' title='bbox 2182 4876 2465 4931; x_wconf 81' lang='lat' dir='ltr'><strong>verterint,</strong></span> <span class='ocrx_word' id='word_1_845' title='bbox 2501 4872 2593 4924; x_wconf 73' lang='grc' dir='ltr'><strong>καὶ</strong></span> <span class='ocrx_word' id='word_1_846' title='bbox 2613 4871 2785 4923; x_wconf 81' lang='grc' dir='ltr'>’νέϐελ</span> <span class='ocrx_word' id='word_1_847' title='bbox 2811 4873 2973 4924; x_wconf 78' lang='grc' dir='ltr'>οἴνου.</span> <span class='ocrx_word' id='word_1_848' title='bbox 3003 4871 3155 4936; x_wconf 82' lang='lat' dir='ltr'><strong>Quod</strong></span> <span class='ocrx_word' id='word_1_849' title='bbox 3195 4871 3557 4940; x_wconf 85' lang='lat' dir='ltr'><strong>Hieronymus</strong></span> <span class='ocrx_word' id='word_1_850' title='bbox 3581 4871 3788 4923; x_wconf 83' lang='lat' dir='ltr'><strong>adno-</strong></span> 
     </span>
    </p>
   </div>
   <div class='ocr_carea' id='block_1_116' title="bbox 2181 4941 3792 5010">
    <p class='ocr_par' dir='ltr' id='par_1_116' title="bbox 2181 4941 3792 5010">
     <span class='ocr_line' id='line_1_118' title="bbox 2181 4941 3792 5010; baseline 0.002 -18"><span class='ocrx_word' id='word_1_851' title='bbox 2181 4941 2358 5010; x_wconf 78' lang='lat' dir='ltr'><strong>tavit:</strong></span> <span class='ocrx_word' id='word_1_852' title='bbox 2408 4941 2588 4994; x_wconf 68' lang='lat' dir='ltr'><strong>caeteri</strong></span> <span class='ocrx_word' id='word_1_853' title='bbox 2643 4941 2967 5010; x_wconf 90' lang='lat' dir='ltr'><strong>interpretes</strong></span> <span class='ocrx_word' id='word_1_854' title='bbox 3016 4941 3792 5010; x_wconf 10' lang='lat' dir='ltr'><strong>ﬁprixoprovitranstulerunt.</strong></span> 
     </span>
    </p>
   </div>
   <div class='ocr_carea' id='block_1_117' title="bbox 2181 5009 3794 5080">
    <p class='ocr_par' dir='ltr' id='par_1_117' title="bbox 2181 5009 3794 5080">
     <span class='ocr_line' id='line_1_119' title="bbox 2181 5009 3794 5080; baseline 0 -18"><span class='ocrx_word' id='word_1_855' title='bbox 2181 5009 2292 5080; x_wconf 90' lang='lat' dir='ltr'><strong>Ego</strong></span> <span class='ocrx_word' id='word_1_856' title='bbox 2321 5025 2451 5064; x_wconf 91' lang='lat' dir='ltr'><strong>vero</strong></span> <span class='ocrx_word' id='word_1_857' title='bbox 2501 5009 2821 5080; x_wconf 86' lang='lat' dir='ltr'><strong>mendosum</strong></span> <span class='ocrx_word' id='word_1_858' title='bbox 2877 5009 3045 5064; x_wconf 78' lang='lat' dir='ltr'><strong>fuisse</strong></span> <span class='ocrx_word' id='word_1_859' title='bbox 3094 5009 3571 5080; x_wconf 72' lang='lat' dir='ltr'><strong>LXX__Seniorum</strong></span> <span class='ocrx_word' id='word_1_860' title='bbox 3603 5011 3794 5062; x_wconf 78' lang='lat' dir='ltr'><strong>codi-</strong></span> 
     </span>
    </p>
   </div>
   <div class='ocr_carea' id='block_1_118' title="bbox 2181 5078 3796 5150">
    <p class='ocr_par' dir='ltr' id='par_1_118' title="bbox 2181 5078 3796 5150">
     <span class='ocr_line' id='line_1_120' title="bbox 2181 5078 3796 5150; baseline -0.001 -18"><span class='ocrx_word' id='word_1_861' title='bbox 2181 5078 2298 5132; x_wconf 75' lang='lat' dir='ltr'><strong>cem</strong></span> <span class='ocrx_word' id='word_1_862' title='bbox 2334 5080 2485 5133; x_wconf 90' lang='lat' dir='ltr'><strong>illum</strong></span> <span class='ocrx_word' id='word_1_863' title='bbox 2534 5079 2791 5143; x_wconf 88' lang='lat' dir='ltr'><strong>arbitror,</strong></span> <span class='ocrx_word' id='word_1_864' title='bbox 2827 5095 2936 5150; x_wconf 89' lang='lat' dir='ltr'><strong>quo</strong></span> <span class='ocrx_word' id='word_1_865' title='bbox 2967 5095 3100 5150; x_wconf 88' lang='lat' dir='ltr'><strong>usus</strong></span> <span class='ocrx_word' id='word_1_866' title='bbox 3133 5090 3217 5134; x_wconf 88' lang='lat' dir='ltr'><strong>est</strong></span> <span class='ocrx_word' id='word_1_867' title='bbox 3253 5078 3624 5150; x_wconf 82' lang='lat' dir='ltr'><strong>Hieronymus</strong></span> <span class='ocrx_word' id='word_1_868' title='bbox 3649 5085 3796 5150; x_wconf 73' lang='lat' dir='ltr'><strong>;__in</strong></span> 
     </span>
    </p>
   </div>
   <div class='ocr_carea' id='block_1_119' title="bbox 2180 5146 3798 5218">
    <p class='ocr_par' dir='ltr' id='par_1_119' title="bbox 2180 5146 3798 5218">
     <span class='ocr_line' id='line_1_121' title="bbox 2180 5146 3798 5218; baseline 0.001 -19"><span class='ocrx_word' id='word_1_869' title='bbox 2180 5163 2352 5218; x_wconf 71' lang='lat' dir='ltr'><strong>eoque</strong></span> <span class='ocrx_word' id='word_1_870' title='bbox 2374 5164 2498 5202; x_wconf 91' lang='lat' dir='ltr'><strong>cum</strong></span> <span class='ocrx_word' id='word_1_871' title='bbox 2527 5163 2688 5204; x_wconf 85' lang='lat' dir='ltr'><strong>voces</strong></span> <span class='ocrx_word' id='word_1_872' title='bbox 2723 5146 2858 5205; x_wconf 49' lang='lat' dir='ltr'><strong>illas&#39;</strong></span> <span class='ocrx_word' id='word_1_873' title='bbox 2874 5149 3233 5210; x_wconf 87' lang='lat' dir='ltr'><strong>desideratas,</strong></span> <span class='ocrx_word' id='word_1_874' title='bbox 3263 5165 3383 5218; x_wconf 65' lang='lat' dir='ltr'><strong>qua:</strong></span> <span class='ocrx_word' id='word_1_875' title='bbox 3403 5146 3624 5218; x_wconf 80' lang='lat' dir='ltr'><strong>duabus</strong></span> <span class='ocrx_word' id='word_1_876' title='bbox 3661 5148 3798 5201; x_wconf 72' lang='lat' dir='ltr'><strong>illis</strong></span> 
     </span>
    </p>
   </div>
   <div class='ocr_carea' id='block_1_120' title="bbox 2182 5217 3796 5288">
    <p class='ocr_par' dir='ltr' id='par_1_120' title="bbox 2182 5217 3796 5288">
     <span class='ocr_line' id='line_1_122' title="bbox 2182 5217 3796 5288; baseline 0.002 -20"><span class='ocrx_word' id='word_1_877' title='bbox 2182 5217 2464 5288; x_wconf 75' lang='lat' dir='ltr'><strong>llebraicis</strong></span> <span class='ocrx_word' id='word_1_878' title='bbox 2502 5218 2894 5288; x_wconf 86' lang='lat' dir='ltr'><strong>responderent</strong></span> <span class='ocrx_word' id='word_1_879' title='bbox 2927 5238 2939 5273; x_wconf 93' lang='lat'><strong>:</strong></span> <span class='ocrx_word' id='word_1_880' title='bbox 2979 5226 3178 5288; x_wconf 87' lang='lat' dir='ltr'><strong>utputa</strong></span> <span class='ocrx_word' id='word_1_881' title='bbox 3201 5217 3294 5288; x_wconf 66' lang='grc' dir='ltr'>καὶ</span> <span class='ocrx_word' id='word_1_882' title='bbox 3327 5217 3594 5288; x_wconf 73' lang='grc' dir='ltr'>ἠμίκορον</span> <span class='ocrx_word' id='word_1_883' title='bbox 3634 5233 3796 5288; x_wconf 73' lang='grc' dir='ltr'>κρι-</span> 
     </span>
    </p>
   </div>
   <div class='ocr_carea' id='block_1_121' title="bbox 2183 5285 3800 5394">
    <p class='ocr_par' dir='ltr' id='par_1_121' title="bbox 2183 5285 3800 5394">
     <span class='ocr_line' id='line_1_123' title="bbox 2183 5285 3800 5394; baseline 0.003 -57"><span class='ocrx_word' id='word_1_884' title='bbox 2183 5285 2312 5350; x_wconf 84' lang='grc' dir='ltr'>θῶν,</span> <span class='ocrx_word' id='word_1_885' title='bbox 2346 5289 2458 5351; x_wconf 84' lang='lat' dir='ltr'><strong>vel,</strong></span> <span class='ocrx_word' id='word_1_886' title='bbox 2495 5298 2553 5340; x_wconf 88' lang='lat' dir='ltr'><strong>ut</strong></span> <span class='ocrx_word' id='word_1_887' title='bbox 2582 5285 2916 5358; x_wconf 84' lang='lat' dir='ltr'><strong>Epiphanius</strong></span> <span class='ocrx_word' id='word_1_888' title='bbox 2969 5285 3119 5358; x_wconf 79' lang='lat' dir='ltr'><strong>legit,</strong></span> <span class='ocrx_word' id='word_1_889' title='bbox 3171 5285 3604 5394; x_wconf 41' lang='lat' dir='ltr'><strong>leOéx&#39;xrpLG&#39;cbv-</strong></span> <span class='ocrx_word' id='word_1_890' title='bbox 3645 5285 3800 5342; x_wconf 69' lang='lat' dir='ltr'><strong>tum</strong></span> 
     </span>
     <span class='ocr_line' id='line_1_124' title="bbox 2183 5355 3799 5394; baseline 0 0"><span class='ocrx_word' id='word_1_891' title='bbox 2183 5356 2485 5394; x_wconf 70' lang='lat' dir='ltr'><strong>cunni-“unc</strong></span> <span class='ocrx_word' id='word_1_892' title='bbox 2539 5359 2674 5394; x_wconf 67' lang='lat' dir='ltr'><strong>alius:</strong></span> <span class='ocrx_word' id='word_1_893' title='bbox 2731 5359 2961 5394; x_wconf 63' lang='lat' dir='ltr'><strong>ineat-Inc.</strong></span> <span class='ocrx_word' id='word_1_894' title='bbox 3039 5357 3128 5394; x_wconf 69' lang='grc' dir='ltr'><strong>νηὶ</strong></span> <span class='ocrx_word' id='word_1_895' title='bbox 3177 5355 3327 5394; x_wconf 67' lang='grc' dir='ltr'><strong>υέΕςἎ</strong></span> <span class='ocrx_word' id='word_1_896' title='bbox 3369 5367 3536 5394; x_wconf 62' lang='lat' dir='ltr'><strong>nun-.1.</strong></span> <span class='ocrx_word' id='word_1_897' title='bbox 3609 5361 3799 5394; x_wconf 66' lang='grc' dir='ltr'><strong>ιιι-(ιιι</strong></span> 
     </span>
    </p>
   </div>
   <div class='ocr_carea' id='block_1_122' title="bbox 2181 5355 3800 5425">
    <p class='ocr_par' dir='ltr' id='par_1_122' title="bbox 2181 5355 3800 5425">
     <span class='ocr_line' id='line_1_125' title="bbox 2181 5355 3800 5425; baseline 0 -15"><span class='ocrx_word' id='word_1_898' title='bbox 2181 5356 2486 5425; x_wconf 87' lang='lat' dir='ltr'><strong>superﬂuas</strong></span> <span class='ocrx_word' id='word_1_899' title='bbox 2537 5355 2697 5412; x_wconf 57' lang='lat' dir='ltr'><strong>alias&#39;</strong></span> <span class='ocrx_word' id='word_1_900' title='bbox 2730 5359 2982 5420; x_wconf 88' lang='lat' dir='ltr'><strong>insertas,</strong></span> <span class='ocrx_word' id='word_1_901' title='bbox 3028 5355 3133 5409; x_wconf 66' lang='grc' dir='ltr'>’καὶ</span> <span class='ocrx_word' id='word_1_902' title='bbox 3177 5355 3331 5408; x_wconf 79' lang='grc' dir='ltr'>νέϐελ</span> <span class='ocrx_word' id='word_1_903' title='bbox 3369 5355 3536 5408; x_wconf 76' lang='grc' dir='ltr'>οῖνου⁶</span> <span class='ocrx_word' id='word_1_904' title='bbox 3609 5361 3800 5424; x_wconf 78' lang='lat' dir='ltr'><strong>quod</strong></span> 
     </span>
    </p>
   </div>
   <div class='ocr_carea' id='block_1_123' title="bbox 2184 5425 3800 5494">
    <p class='ocr_par' dir='ltr' id='par_1_123' title="bbox 2184 5425 3800 5494">
     <span class='ocr_line' id='line_1_126' title="bbox 2184 5425 3800 5494; baseline 0.001 -17"><span class='ocrx_word' id='word_1_905' title='bbox 2184 5441 2282 5494; x_wconf 86' lang='lat' dir='ltr'><strong>pro</strong></span> <span class='ocrx_word' id='word_1_906' title='bbox 2331 5425 2717 5480; x_wconf 86' lang='lat' dir='ltr'><strong>llebraicarum</strong></span> <span class='ocrx_word' id='word_1_907' title='bbox 2775 5427 3057 5480; x_wconf 90' lang='lat' dir='ltr'><strong>ambarum</strong></span> <span class='ocrx_word' id='word_1_908' title='bbox 3111 5426 3598 5494; x_wconf 89' lang='lat' dir='ltr'><strong>interpretamento</strong></span> <span class='ocrx_word' id='word_1_909' title='bbox 3633 5440 3800 5492; x_wconf 82' lang='lat' dir='ltr'><strong>per-</strong></span> 
     </span>
    </p>
   </div>
   <div class='ocr_carea' id='block_1_124' title="bbox 2185 5495 3806 5563">
    <p class='ocr_par' dir='ltr' id='par_1_124' title="bbox 2185 5495 3806 5563">
     <span class='ocr_line' id='line_1_127' title="bbox 2185 5495 3806 5563; baseline 0.002 -15"><span class='ocrx_word' id='word_1_910' title='bbox 2185 5510 2364 5562; x_wconf 89' lang='lat' dir='ltr'><strong>peram</strong></span> <span class='ocrx_word' id='word_1_911' title='bbox 2398 5502 2481 5548; x_wconf 91' lang='lat' dir='ltr'><strong>est</strong></span> <span class='ocrx_word' id='word_1_912' title='bbox 2514 5503 2822 5563; x_wconf 91' lang='lat' dir='ltr'><strong>acceptum,</strong></span> <span class='ocrx_word' id='word_1_913' title='bbox 2854 5510 2976 5549; x_wconf 91' lang='lat' dir='ltr'><strong>cum</strong></span> <span class='ocrx_word' id='word_1_914' title='bbox 3011 5495 3131 5548; x_wconf 67' lang='lat' dir='ltr'><strong>alia:</strong></span> <span class='ocrx_word' id='word_1_915' title='bbox 3166 5495 3279 5562; x_wconf 87' lang='lat' dir='ltr'><strong>jam</strong></span> <span class='ocrx_word' id='word_1_916' title='bbox 3312 5503 3497 5548; x_wconf 91' lang='lat' dir='ltr'><strong>essent</strong></span> <span class='ocrx_word' id='word_1_917' title='bbox 3521 5495 3806 5563; x_wconf 63' lang='lat' dir='ltr'><strong>extrita‘.</strong></span> 
     </span>
    </p>
   </div>
   <div class='ocr_carea' id='block_1_125' title="bbox 2181 5561 3815 5633">
    <p class='ocr_par' dir='ltr' id='par_1_125' title="bbox 2181 5561 3815 5633">
     <span class='ocr_line' id='line_1_128' title="bbox 2181 5561 3815 5633; baseline 0 -15"><span class='ocrx_word' id='word_1_918' title='bbox 2181 5561 2522 5633; x_wconf 63' lang='lat' dir='ltr'><strong>Conjecturm</strong></span> <span class='ocrx_word' id='word_1_919' title='bbox 2552 5561 2716 5633; x_wconf 84' lang='lat' dir='ltr'><strong>hujus</strong></span> <span class='ocrx_word' id='word_1_920' title='bbox 2745 5564 3001 5618; x_wconf 88' lang='lat' dir='ltr'><strong>admonet</strong></span> <span class='ocrx_word' id='word_1_921' title='bbox 3033 5579 3141 5617; x_wconf 90' lang='lat' dir='ltr'><strong>non</strong></span> <span class='ocrx_word' id='word_1_922' title='bbox 3165 5561 3269 5633; x_wconf 73' lang='lat' dir='ltr'><strong>hic</strong></span> <span class='ocrx_word' id='word_1_923' title='bbox 3307 5564 3484 5633; x_wconf 89' lang='lat' dir='ltr'><strong>solum</strong></span> <span class='ocrx_word' id='word_1_924' title='bbox 3517 5561 3815 5632; x_wconf 73' lang='lat' dir='ltr'><strong>Epipha-</strong></span> 
     </span>
    </p>
   </div>
   <div class='ocr_carea' id='block_1_126' title="bbox 2185 5632 3814 5704">
    <p class='ocr_par' dir='ltr' id='par_1_126' title="bbox 2185 5632 3814 5704">
     <span class='ocr_line' id='line_1_129' title="bbox 2185 5632 3814 5704; baseline 0 -17"><span class='ocrx_word' id='word_1_925' title='bbox 2185 5635 2258 5688; x_wconf 89' lang='lat' dir='ltr'><strong>nii</strong></span> <span class='ocrx_word' id='word_1_926' title='bbox 2301 5637 2505 5704; x_wconf 87' lang='lat' dir='ltr'><strong>locus;</strong></span> <span class='ocrx_word' id='word_1_927' title='bbox 2565 5632 2659 5690; x_wconf 86' lang='lat' dir='ltr'><strong>sed</strong></span> <span class='ocrx_word' id='word_1_928' title='bbox 2709 5634 2873 5690; x_wconf 87' lang='lat' dir='ltr'><strong>etiam</strong></span> <span class='ocrx_word' id='word_1_929' title='bbox 2916 5632 3268 5698; x_wconf 79' lang='lat' dir='ltr'><strong>Ambrosius,</strong></span> <span class='ocrx_word' id='word_1_930' title='bbox 3317 5632 3411 5703; x_wconf 92' lang='lat' dir='ltr'><strong>qui</strong></span> <span class='ocrx_word' id='word_1_931' title='bbox 3467 5633 3644 5700; x_wconf 87' lang='lat' dir='ltr'><strong>epist.</strong></span> <span class='ocrx_word' id='word_1_932' title='bbox 3718 5635 3814 5689; x_wconf 65' lang='lat'><strong>52</strong></span> 
     </span>
    </p>
   </div>
  </div>
