3916 6196
356 166 462 222 275

1748 164 1804 220 S.
1846 162 2183 220 ΕΡῙΡΠΑΝΙΙ

3506 157 3612 216 276

359 276 571 332 Mnasis
610 283 703 330 aut
747 277 1059 334 medimnus
1080 292 1144 333 ex
1176 275 1445 340 Romana,
1481 283 1541 330 ut
1568 284 1722 349 puto,
1755 278 1937 347 lingua

2057 287 2107 331 ικ
2163 277 2263 348 τῆς
2306 275 2617 347 Ῥωμαῖκῆς
2668 271 2921 341 γλώσσης
2963 271 3345 342 παρήχθησαν.
3396 270 3468 323 Τὸ
3511 272 3614 340 γὰρ

359 369 630 425 deductus
669 378 772 436 est,
806 384 837 421 a
872 385 1002 424 voce
1036 369 1283 423 medium.
1324 367 1529 423 Mnasis
1572 369 1755 438 itaque
1798 370 1940 439 apud

358 458 627 530 Cyprios,
696 467 751 513 et
801 458 944 528 apud
1000 458 1137 512 alias
1184 464 1374 525 gentes
1419 474 1733 513 mensuram
1778 458 1944 513 habet

359 549 661 618 prepriam,
687 548 872 603 decem
910 546 1161 601 videlicet
1190 545 1449 605 frumenti
1497 549 1790 620 hordeique
1822 565 1942 605 mo-

362 642 486 696 dios
525 641 833 695 eontinens.
868 636 1084 693 Modius
1127 638 1271 707 apud
1317 637 1528 709 Cypros
1576 638 1940 693 sextariorum

359 743 446 787 est
496 733 683 786 decem
733 745 798 784 ae
855 737 1103 798 septem;
1161 730 1473 785 medimnus
1529 731 1671 800 apud
1720 730 1939 787 eosdem

361 825 615 877 diversus
676 828 781 876 est.
849 819 1183 876 Medimnum
1229 825 1373 875 enim
1441 819 1764 883 Salaminii,
1826 821 1943 875 sive

361 913 671 968 Constantii
729 911 974 981 quinque
1023 912 1221 967 modiis
1279 912 1549 967 deﬁniunt
1597 910 1840 981 :Paphii
1890 918 1945 964 et

362 1003 534 1058 Siculi
588 1009 827 1071 quatuor
873 1016 999 1055 eum
1044 999 1294 1057 dimidio.
1353 1000 1543 1055 Satum
1593 999 1942 1055 Hebraeorum

362 1095 537 1151 dictio
574 1101 700 1159 est,
755 1107 922 1163 quam
969 1092 1023 1146 hi
1085 1092 1350 1148 feminino
1409 1105 1604 1163 genere
1652 1094 1941 1159 usurpant,

361 1184 535 1240 Graeci
582 1194 800 1248 neutro,
835 1199 866 1236 a
902 1183 1104 1253 quibus
1156 1189 1335 1237 satum
1375 1198 1483 1237 non
1532 1189 1688 1237 satus
1720 1180 1941 1233 dicitur.

360 1275 571 1346 Estque
603 1274 823 1329 modius
852 1273 1171 1327 redundans
1196 1288 1258 1325 ac
1293 1270 1637 1342 superfluens
1664 1289 1677 1325 :
1705 1268 1849 1339 quod
1877 1267 1943 1322 ad

362 1382 490 1420 eum
521 1365 852 1436 quadrantis
879 1363 971 1417 ﬁat
1002 1366 1269 1420 accessio.
1314 1364 1580 1419 llebraice
1623 1377 1789 1433 porro
1828 1369 1945 1416 sata

365 1459 732 1526 sumptionem,
758 1457 872 1514 sive
894 1458 1176 1512 elationem
1208 1455 1513 1525 signiﬁcat:
1537 1456 1679 1525 quod
1714 1453 1806 1524 qui
1835 1468 1945 1519 me-

364 1552 501 1607 titur
532 1565 847 1605 mensuram
882 1566 1080 1620 capere
1130 1558 1185 1605 et
1213 1550 1463 1604 attollere
1484 1547 1853 1603 consueverit.
1877 1543 1948 1597 At

2046 367 2298 441 μεδιοὺμ,
2343 366 2539 436 μέσον
2596 362 2955 436 ἑρμηνεύεται
2997 362 3054 413 ὲν
3087 361 3223 431 αὐτῇ
3256 363 3322 432 τῇ
3378 360 3614 433 γλώσσῃ.

2042 461 2303 531 Μανασὴς
2348 461 2364 490 ¹
2421 456 2597 512 τοίνυν
2664 455 2817 527 παρὰ
2867 454 3136 524 Κυπρίοις
3194 456 3472 525 μετρεῖται
3524 456 3622 508 καὶ

2044 554 2172 623 παρ’
2209 551 2386 616 ἄλλοις
2416 547 2625 602 ἔθνεσιν
2645 565 2658 578 ο
2689 548 2795 600 εἰσὶ
2823 546 2879 599 δὲ
2912 546 3003 598 καὶ
3035 544 3205 615 μόδιοι
3239 545 3386 597 σίτου
3418 544 3550 616 (65),
3586 544 3622 613 ἢ

2043 645 2247 718 κριθῶν
2295 647 2375 707 εἰς
2408 645 2505 715 τὴν
2544 644 2655 696 τῶν
2713 643 2847 695 δέκα
2895 643 2989 695 καὶ
3019 642 3160 695 ἑπτά
3204 640 3426 705 ξέστων,
3472 645 3626 711 παρὰ

2042 738 2311 808 Κυπρίοις
2347 736 2545 807 μόδιον.
2586 735 2855 804 Μέδιμνος
2892 733 2949 786 δὲ
2983 734 3113 803 παρ’
3144 733 3327 796 αὐτοῖς
3362 735 3477 796 τοῖς
3512 734 3624 785 Κυ-

2044 829 2224 900 πρίοις
2243 828 2515 899 διάφορος.
2540 826 2643 879 Τὸν
2666 825 2774 895 γὰρ
2800 824 3056 895 μέδιμνον
3080 824 3420 895 Σαλαμίνιοι,
3446 826 3626 876 εἶτουν

2043 919 2434 981 Κωνστάντιοι,
2465 920 2529 969 ἐκ
2558 916 2718 969 πέντε
2752 915 2950 985 μοδίων
2983 913 3201 984 ἔχουσι’
3232 914 3503 983 Πάφιοιδὲ
3530 914 3627 966 καὶ

2043 1010 2256 1062 Σικελοὶ
2300 1008 2581 1079 τεσσάρων
2641 1007 2813 1077 ἥμισυ
2867 1006 3064 1075 μοδίων
3124 1004 3285 1059 αὑτὸν
3342 1005 3624 1076 μετροῦσι.

2043 1100 2212 1153 Σάτον
2248 1100 2493 1153 καλεῖται
2524 1098 2669 1168 (66),
2721 1098 2779 1164 ἐξ
2829 1098 2999 1167 αὐτῆς
3035 1098 3131 1167 τῆς
3174 1097 3452 1167 Ἑϐραῖδος
3506 1096 3629 1151 δια-

2042 1189 2264 1259 ληφθὲν,
2296 1188 2548 1260 θηλυκῶς
2577 1188 2633 1240 δὲ
2664 1186 3092 1257 ἐκφωνούμενον.
3138 1188 3225 1239 Ἐν
3257 1187 3313 1239 δὲ
3341 1190 3404 1257 τῇ
3437 1187 3632 1257 Ἐλλη-

2043 1279 2145 1331 νίδι
2175 1278 2496 1349 οὐδετέρως.
2558 1277 2726 1330 Σάτον
2760 1276 2869 1347 γὰρ
2894 1277 3134 1344 λέγεται,
3160 1277 3255 1329 καὶ
3278 1277 3397 1346 οὐχὶ
3438 1276 3628 1339 σάτος.

2048 1369 2206 1423 Ἔστι
2231 1370 2285 1423 δὲ
2315 1370 2494 1439 μόδιος
2523 1368 2853 1439 ύπέργομος,
2877 1367 3017 1422 ὥστε
3047 1367 3381 1439 πληροῦσθαι
3405 1368 3504 1437 μὲν
3533 1365 3633 1421 τὸν

2050 1459 2250 1530 μόδιον,
2281 1460 2369 1512 διὰ
2396 1458 2452 1511 δὲ
2485 1457 2578 1511 τοῦ
2610 1457 3000 1530 ὑπεργινεσθαι
3028 1456 3087 1510 τὸ
3115 1457 3371 1529 τέταρτον
3402 1456 3494 1510 τοῦ
3529 1475 3634 1529 μου

2046 1553 2180 1607 δίου.
2217 1551 2492 1622 Κέκληται
2534 1551 2588 1604 δὲ
2628 1552 2785 1615 σάτα,
2821 1550 2963 1604 κατὰ
3000 1550 3096 1622 τὴν
3144 1550 3312 1621 αὐτὴν
3347 1549 3634 1603 διάλεκτον

362 1642 535 1697 modii
586 1641 913 1696 vocabulum
963 1641 1149 1701 subtili
1192 1639 1429 1711 quadam
1486 1638 1629 1708 apud
1686 1636 1944 1692 [Iebrzeos

2057 1641 2485 1712 ὲκφωνούμενον,
2534 1641 2747 1710 λῆψις,
2779 1642 2811 1713 ἢ
2843 1639 3041 1710 ἄρσις,
3094 1639 3202 1693 ἀπὸ
3249 1640 3341 1694 τοῦ
3386 1641 3477 1693 τὸν
3533 1657 3633 1712 με-

365 1734 580 1788 ratione
611 1733 843 1787 duorum
874 1740 928 1787 et
956 1733 1147 1801 viginti
1185 1731 1555 1787 sextariorum
1588 1744 1713 1784 esse
1740 1728 1946 1797 reperi-

368 1839 479 1894 tur,
521 1827 667 1897 quod
704 1842 813 1880 non
847 1837 1072 1888 temere,
1104 1839 1206 1879 nec
1244 1816 1547 1892 utcunque,
1577 1821 1670 1878 sed
1703 1820 1949 1875 subtilis-

367 1918 529 1980 sima,
557 1918 632 1970 uti
672 1917 934 1979 diximus,
970 1917 1355 1971 observatione
1386 1914 1614 1968 factum.
1652 1912 1786 1966 Nam
1814 1911 1949 1981 legi-

366 2008 538 2062 timus
564 2008 864 2077 justusque
907 2008 1146 2075 modius,
1177 2007 1231 2061 id
1272 2010 1417 2077 quod
1459 2007 1516 2061 in
1560 2004 1701 2077 Lege
1748 2004 1949 2074 sacpius

367 2097 716 2162 ineuleatur,
765 2097 834 2150 ad
892 2112 1109 2151 sacram
1160 2112 1472 2153 mensuram
1524 2097 1663 2166 exigi
1717 2095 1946 2150 solebat.

367 2188 500 2254 Qum
559 2203 818 2243 mensura
865 2188 1001 2243 nihil
1063 2189 1211 2243 aliud
1266 2187 1570 2257 signiﬁcat,
1629 2202 1789 2256 quam
1839 2201 1948 2239 χχιι

366 2278 461 2333 illa
503 2292 691 2350 Opera,
727 2293 848 2349 quae
879 2293 972 2334 sex
1004 2277 1363 2333 hebdomadis
1392 2276 1590 2332 diebus
1622 2276 1844 2329 molitus
1865 2280 1949 2329 est

368 2368 541 2425 Deus.

437 2538 606 2594 XXII.
654 2540 861 2595 Etenim
898 2540 1077 2611 primo
1117 2540 1206 2594 die
1257 2540 1572 2610 superiores
1618 2539 1744 2593 illos
1784 2539 1949 2594 orbes

369 2634 517 2698 coeli,
571 2649 692 2691 cum
736 2632 918 2705 aquis,
970 2642 1226 2701 terraque
1274 2631 1582 2687 fabricavit.
1634 2630 1845 2697 Quibus
1881 2646 1947 2685 ex

370 2726 654 2781 clementis
681 2726 907 2795 glacies,
938 2725 1170 2795 grando,
1217 2725 1362 2794 gelu,
1406 2740 1680 2793 roresque
1710 2724 1949 2794 gignun-

369 2827 490 2886 tur;
526 2826 642 2871 tum
682 2816 1043 2871 administros
1068 2817 1329 2886 spiritus,
1361 2816 1455 2885 qui
1488 2830 1674 2869 coram
1716 2816 1811 2869 illo
1854 2830 1951 2886 apo

369 2911 640 2983 paritione
681 2908 1017 2979 funguntur;
1070 2906 1375 2976 cujusmodi
1425 2915 1603 2963 sunt:
1638 2908 1811 2975 angeli
1860 2921 1949 2962 as-

2047 1734 2278 1803 τροῠντα
2304 1732 2413 1798 ἕξει
2440 1732 2547 1785 τιν)⁵
2580 1733 2639 1787 τὸ
2681 1733 2880 1804 μέτρον
2921 1732 3216 1804 λαμϐάνειν
3259 1750 3319 1785 τε
3364 1733 3458 1786 καὶ
3501 1750 3634 1785 κους

2050 1826 2246 1895 φῐζειν.
2270 1825 2376 1878 Τοῦ
2407 1825 2464 1878 δὲ
2497 1825 2679 1895 μοδὶου
2708 1825 2769 1877 τὸ
2801 1824 2971 1895 δνομα
2999 1824 3086 1877 διὰ
3112 1824 3312 1893 πολλῆς
3341 1824 3636 1895 ἀκριϐείας

2051 1919 2155 1972 ὑπὸ
2184 1918 2293 1971 τῶν
2314 1916 2585 1989 Ἐϐραίων
2614 1916 2811 1987 εὑρέθη
2845 1916 3110 1969 εἰκοσιδύο
3139 1916 3336 1981 ξέστων
3359 1917 3635 1987 ὑπάρχον,

2050 2010 2147 2080 ούχ
2170 2008 2354 2072 ἁπλῶς
2382 2009 2462 2075 δὲ,
2485 2008 2593 2062 οὐδ’
2623 2009 2697 2073 ὡς
2725 2009 2932 2078 ἔτυχεν,
2964 2008 3099 2062 ἀλλὰ
3126 2007 3214 2063 διὰ
3245 2008 3443 2079 πολλὴν
3468 2009 3641 2079 ἀκρί-

2052 2100 2225 2159 ϐειαν,
2268 2099 2330 2154 '0
2357 2100 2466 2171 γὰρ
2495 2100 2702 2162 δίκαιος
2734 2100 2929 2169 μόδιος,
2966 2097 3148 2161 καθὼς
3177 2098 3366 2151 εῐωθεν
3399 2099 3427 2150 ὁ
3461 2100 3639 2167 νόμος

2050 2192 2251 2259 λέγειν,
2287 2192 2427 2246 κατὰ
2470 2190 2529 2243 τὸ
2568 2188 2764 2261 μέτρον
2799 2188 2860 2242 τὸ
2890 2191 3043 2258 ἅγιον
3073 2190 3183 2261 (67)
3222 2189 3516 2260 ἐμετρήθη.
3553 2188 3639 2241 Τδ

2050 2284 2106 2338 δὲ
2142 2285 2293 2353 ἆγιον
2325 2284 2523 2355 μέτρον
2556 2282 2709 2336 οὐδὲν
2740 2282 2867 2338 ἄλλο
2916 2283 3063 2336 ἐστὶν
3108 2281 3140 2351 ἢ
3180 2280 3249 2333 τά
3278 2280 3360 2352 κβ⁹
3395 2281 3552 2351 ἔργα,
3596 2280 3638 2333 a

2050 2376 2307 2444 ἐποίησεν
2352 2376 2381 2427 ὁ
2422 2374 2554 2437 Θεὸς
2597 2376 2655 2429 ὲν
2695 2378 2817 2438 ταῖς
2853 2373 2912 2441 ἒξ
2969 2374 3205 2445 ἡμέραις
3262 2373 3364 2443 τῆς
3398 2372 3640 2442 ἑϐδομά-

2050 2462 2157 2525 δος.

2123 2554 2248 2609 ΚΒ’.
2292 2553 2371 2627 Τῇ
2411 2553 2509 2625 μὲν
2539 2554 2648 2624 γάρ
2679 2553 2868 2627 πρώτῃ
2895 2554 3003 2626 (68)
3032 2556 3216 2626 ἡμέρᾳ
3244 2554 3465 2625 ἐποίησε
3504 2553 3641 2618 τοὺς

2053 2645 2358 2716 ἀνωτέρους
2395 2646 2690 2716 οὐρανοὺς,
2737 2645 2836 2715 τὴν
2884 2646 3016 2715 γῆν,
3065 2644 3132 2698 τὰ
3169 2645 3356 2699 ὕδατα.
3417 2645 3507 2708 Ἐξ
3552 2638 3643 2697 ὧν

2054 2736 2366 2808 στοιχείων,
2419 2738 2514 2790 καὶ
2546 2737 2900 2809 κρύσταλλος,
2958 2737 3051 2789 κςιι)⁸
3083 2736 3293 2807 χάλαζα
3318 2777 3332 2799 ,
3384 2736 3477 2789 καὶ
3517 2754 3640 2788 πα-

2052 2830 2227 2900 γετοὶ,
2266 2830 2360 2883 καὶ
2397 2830 2621 2900 δρόσος,
2662 2830 2729 2884 τὰ
2770 2830 3052 2901 πνεύματα
3089 2831 3157 2885 τὰ
3215 2828 3643 2902 λειτουργοῦντα

2055 2920 2283 2973 ἐνώπιον
2310 2920 2499 2984 αὑτοῦ,
2526 2922 2686 2976 ἅτινά
2727 2923 2842 2974 ἐστι
2872 2922 2995 2975 τάδε
3016 2939 3029 2952 ’
3072 2920 3293 2989 ἄγγελοι
3329 2920 3433 2990 πρὸ
3460 2937 3641 2990 προσ-

370 3003 654 3065 sistentes,
686 3001 866 3068 angeli
899 2999 1107 3069 gloriae,
1143 2998 1321 3067 angeli
1349 2997 1641 3066 spirituum
1671 2997 1944 3061 ﬁantium,

2057 3009 2222 3073 ώπου,
2250 3012 2343 3064 καὶ
2366 3011 2587 3080 ἄγγελοι
2612 3013 2710 3081 τῆς
2738 3013 2914 3082 δόξης,
2949 3013 3041 3066 καὶ
3059 3012 3279 3081 ἄγγελοι
3304 3012 3641 3081 πνευμάτων

373 3092 536 3160 179
565 3091 744 3159 angeli
775 3091 1025 3153 nubium,
1058 3102 1122 3141 ac
1152 3088 1426 3158 caliginis.
1460 3088 1627 3153 nivis,
1662 3087 1949 3157 grandinis

371 3190 535 3250 atque
566 3179 759 3250 glaciei
791 3197 803 3234 :
841 3179 1017 3247 angeli
1060 3178 1362 3249 fragorum,
1410 3178 1803 3242 tonitruorum,
1842 3176 1950 3230 ful-

370 3288 591 3343 gurum,
655 3271 896 3341 frigoris,
940 3281 1127 3336 aestus,
1180 3270 1398 3335 hiemis,
1460 3270 1732 3335 autumni,
1786 3269 1952 3333 veris,

369 3362 600 3425 aestatis,
640 3362 997 3431 omniumque
1048 3362 1367 3431 spirituum,
1414 3362 1507 3431 qui
1550 3362 1753 3417 creatis
1788 3361 1952 3416 rebus

372 3454 565 3508 insunt
595 3455 874 3520 omnibus,
918 3468 1059 3524 quas
1089 3454 1288 3508 cmlum
1338 3460 1598 3522 terraque
1638 3453 1955 3521 complecti-

372 3555 461 3600 tur
489 3566 502 3602 :
530 3545 598 3600 ad
648 3547 764 3600 haae
813 3546 1071 3618 abyssos,
1118 3561 1183 3601 ac
1232 3546 1525 3616 voragines
1573 3544 1797 3609 ereavit,
1833 3559 1953 3615 quae

372 3638 515 3693 infra
545 3648 745 3695 terram
775 3647 903 3694 sunt
937 3655 1001 3692 ac
1030 3640 1221 3702 chaos,
1245 3646 1300 3694 et
1326 3638 1615 3704 tenebras;
1647 3647 1833 3693 secuta
1866 3645 1954 3693 est

369 3746 621 3802 vespera,
667 3746 799 3796 nox,
851 3730 958 3784 diei
1003 3731 1115 3795 lux,
1167 3745 1232 3785 ac
1280 3730 1529 3784 diluculi.
1579 3729 1797 3800 Septem
1840 3729 1954 3783 haec

371 3825 633 3894 primaria
665 3839 831 3895 opera
868 3823 1010 3879 Deus
1045 3824 1224 3894 primo
1256 3823 1345 3878 die
1376 3823 1606 3894 perﬁcit.

443 3919 699 3976 Secundo
738 3934 868 3974 vero
905 3919 992 3973 die
1029 3918 1457 3980 ﬁrmamentum,
1490 3919 1636 3986 quod
1679 3917 1732 3969 in
1775 3914 1955 3969 medio

373 4025 641 4079 aquarum
660 4018 766 4074 est,
798 4010 1065 4075 condidit,
1094 4017 1150 4064 ct
1175 4010 1492 4065 earumdem
1520 4024 1809 4080 aquarum,
1835 4022 1957 4079 quae

371 4116 539 4171 supra
584 4103 984 4158 ﬁrmamentum
1033 4111 1187 4161 sunt.
1213 4102 1283 4158 ab
1330 4103 1399 4158 iis
1458 4118 1579 4172 qua:
1623 4102 1729 4158 sub
1774 4101 1955 4156 ﬁrma—

444 4265 460 4295 ¹
488 4261 548 4316 L.
581 4263 795 4334 μνασὶς.
838 4260 997 4314 Ευιτ.

2054 3103 2344 3169 πνεόντων,
2392 3104 2611 3173 ἄγγελοι
2646 3104 2882 3174 νεφελῶν
2918 3106 3012 3159 καὶ
3054 3105 3290 3175 γνόφων,
3333 3105 3505 3175 χιόνος
3536 3107 3639 3159 καὶ

2055 3195 2297 3266 χαλάζης
2354 3196 2450 3249 καὶ
2504 3198 2717 3265 πάγου⁶
2785 3196 3004 3266 ἄγγελοι
3071 3196 3300 3266 φωνῶν,
3358 3195 3633 3267 βροντῶν,

2054 3290 2369 3361 ἀστραπῶν,
2411 3291 2636 3361 ψύχους,
2677 3292 2979 3362 καύματος,
3026 3293 3311 3363 χειμῶνος,
3358 3292 3640 3360 φθινσπώ·

2058 3397 2172 3451 ρου,
2196 3380 2373 3451 ἔαρος,
2418 3381 2512 3434 καὶ
2540 3380 2750 3452 θέρους,
2786 3383 2876 3434 καὶ
2908 3383 3125 3435 πάντων
3158 3382 3264 3435 τῶν
3307 3384 3641 3453 πνευμάτων

2053 3471 2161 3523 τῶν
2209 3472 2524 3541 κτισμάτων
2572 3473 2734 3527 αὑτοῦ
2781 3474 2891 3527 τῶν
2932 3475 2989 3527 ὲν
3030 3474 3279 3544 οὐρανοῖς
3330 3475 3424 3527 καὶ
3468 3475 3525 3525 ὲν
3562 3479 3639 3547 τῇ

2055 3567 2125 3636 γῇ
2152 3580 2164 3594 ⁸
2195 3564 2295 3627 τὰς
2316 3564 2607 3628 ἀϐύσσους,
2632 3566 2731 3635 τήν
2759 3583 2818 3618 τε
2853 3567 3112 3620 ὑποκάτω
3140 3567 3241 3636 τῆς
3269 3567 3390 3637 γῆς,
3417 3567 3512 3620 καὶ
3538 3568 3642 3619 τοῦ

2050 3655 2204 3724 χάως
2222 3673 2236 3685 ·
2262 3656 2354 3708 καὶ
2382 3656 2590 3721 σκότος,
2623 3657 2827 3727 ἑσπέρα
2858 3659 2953 3710 καὶ
2971 3658 3085 3723 νὺξ,
3114 3658 3172 3711 τὺ
3201 3657 3316 3728 φῶς
3345 3658 3557 3729 ἡμέρας
3573 3676 3643 3712 τε

2058 3750 2150 3801 ια).
2178 3747 2395 3820 ὄρθρου.
2435 3749 2621 3803 Ταῦτα
2650 3749 2719 3803 τά
2756 3750 2897 3804 ἑπτὰ
2930 3751 3162 3821 μέγιστα
3204 3751 3343 3822 ἔργα
3378 3752 3645 3823 ἐποίησεν

2055 3844 2083 3895 ὁ
2108 3842 2237 3905 Θεὸς
2267 3843 2324 3893 ὲν
2354 3844 2418 3913 τῇ
2460 3842 2652 3917 πρώτῃ
2671 3843 2877 3915 ἡμέρᾳ.

2140 3933 2229 3986 Ἐν
2258 3932 2312 3985 δὲ
2341 3936 2404 4004 τῇ
2445 3933 2677 4005 δευτέρα
2720 3934 2781 3986 τὸ
2829 3933 3113 4005 στερέωμα
3152 3934 3211 3987 τὸ
3244 3934 3301 3987 ἐν
3334 3934 3482 4004 μέσῳ
3526 3932 3641 3986 τῶν

2059 4022 2288 4088 ὑδάτων,
2315 4025 2406 4078 καὶ
2436 4025 2535 4096 τὴν
2565 4025 2887 4097 διαμέρησιν
2921 4026 3029 4079 τῶν
3063 4027 3249 4081 ἐπάνω
3274 4025 3368 4079 τοῦ
3399 4024 3641 4097 στερεώ-

2062 4132 2232 4185 ματος
2267 4116 2495 4181 ὑδάτων,
2544 4116 2640 4170 καὶ
2677 4116 2784 4171 τῶν
2819 4117 3077 4170 ὑποκάτω
3114 4114 3208 4170 τοῦ
3253 4117 3641 4187 στερεώματος

440 4416 551 4480 (65)
594 4383 747 4485 Εεάι.
772 4412 841 4465 δὲ
890 4411 989 4485 καὶ
1032 4410 1457 4485 μόδιοι-σίτου.
1486 4410 1627 4485 _Leg.
1672 4411 1807 4485 δέδια
1851 4413 1949 4481 μό-

2057 4429 2185 4468 vero
2222 4414 2395 4482 magis
2446 4413 2514 4468 de
2557 4414 2808 4469 llebraici
2855 4415 3094 4470 nominis
3136 4415 3348 4485 origine
3396 4424 3641 4480 constat,

366 4489 503 4539 διοι·
538 4493 594 4536 ιιι
629 4493 682 4538 et
713 4483 1014 4537 Cornarius
1050 4482 1198 4551 legit.
1235 4480 1438 4535 Μηδεὶς
1467 4482 1606 4537 duos
1642 4480 1949 4536 medimnus

369 4555 617 4610 continet
640 4570 662 4634 ;_
696 4554 1003 4634 medimnus
1032 4551 1268 4634 Cyprius
1310 4552 1532 4634 modios
1561 4552 1954 4634 quinquenlgi-

368 4636 461 4681 tur
490 4625 698 4678 mnasis
730 4624 944 4677 modios
968 4622 1113 4692 capit
1145 4623 1354 4676 decem.
1395 4623 1461 4675 At
1497 4622 1779 4682 Romanis.
1810 4622 1955 4675 Gne-

369 4699 561 4766 cisque
590 4695 900 4750 medimnus
931 4709 1093 4749 senos
1133 4694 1345 4747 modios
1382 4696 1650 4764 capiebat.
1701 4692 1805 4746 Sed
1830 4710 1952 4766 qua:

371 4764 604 4823 subinde
645 4766 898 4834 pertexit.
942 4780 1005 4819 ea
1036 4774 1289 4833 corrupta
1335 4775 1463 4818 sunt
1488 4773 1541 4818 et
1571 4766 1825 4834 obscura.
1877 4764 1951 4816 Ex

369 4839 570 4908 quibus
604 4832 732 4891 illud
766 4832 1502 4908 tameneilieitur,_modium
1537 4834 1679 4902 apud
1703 4832 1954 4908 _Cyprios

371 4902 481 4961 xvu
516 4908 787 4962 sextarios
816 4907 1118 4960 conﬁnere.
1153 4902 1328 4973 Vulgo
1361 4916 1535 4957 autent
1565 4921 1651 4956 xv:
1685 4902 1952 4957 duntaxat

371 4978 729 5046 imputantur.
767 4976 873 5031 Sed
905 4978 959 5027 in
992 4975 1113 5046 istis
1146 4974 1522 5046 άιεριϐολογεῖν
1550 4975 1825 5028 nolumus.

443 5043 556 5119 (66)
597 5046 792 5101 Σάτον
844 5044 1133 5097 καλεῖται.
1185 5043 1395 5119 ﬂebrmi
1447 5055 1565 5119 map
1604 5054 1817 5119 vocant
1866 5060 1955 5098 sa-

372 5114 509 5171 tum.
539 5114 699 5184 'Quae
733 5130 991 5172 mensura
1033 5114 1468 5184 sesquimodium
1522 5116 1765 5169 ltalicum
1802 5130 1956 5169 eom-

374 5182 653 5256 plectitur,
681 5187 921 5258 Josepho
943 5193 1000 5258 et
1032 5182 1363 5258 Hieronymo
1390 5185 1620 5258 testibus
1655 5202 1667 5238 :
1709 5184 1955 5251 adeoque

374 5254 828 5312 sextarios'xxtvf
852 5258 919 5310 At
966 5254 1301 5323 Epiphanius
1332 5255 1570 5308 modium
1603 5271 1726 5308 cum
1761 5262 1954 5324 quarta

375 5328 600 5398 insuper
626 5340 780 5398 parte
812 5335 932 5383 sato
961 5326 1173 5398 tribuit.
1203 5325 1382 5390 Quare
1406 5341 1527 5379 cum
1564 5326 1957 5398 modio_scxta-

375 5396 652 5469 ᾐτιεάνὴ
702 5396 1169 5469 assignct,capict
1216 5406 1391 5469 satum
1448 5397 1719 5452 sextarios
1746 5396 1950 5469 Sinni.

379 5463 531 5538 lianc
562 5463 873 5523 mensurain
922 5463 1100 5538 μόδιον
1149 5466 1460 5538 ὑπέργομον
1498 5469 1752 5536 appellat.
1800 5464 1955 5538 Unde

374 5549 422 5589 ct
464 5535 822 5605 Hieronymus
850 5535 1082 5591 fortasse
1111 5535 1294 5591 vocent
1338 5535 1656 5593 llebraicam
1697 5546 1816 5594 .‘tND
1852 5536 1954 5588 hoc

374 5611 462 5664 est
502 5614 819 5679 satum,pcr
859 5609 1103 5661 Latinam
1155 5612 1385 5662 modunn
1442 5607 1726 5675 expressit.
1770 5606 1953 5676 Neque

2058 4499 2217 4552 quam
2267 4486 2495 4555 aliarum
2550 4501 2952 4541 mensurarum.
3010 4485 3245 4541 Proinde
3293 4486 3436 4555 quod
3484 4487 3643 4554 dicit,

2060 4566 2233 4628 Srtum
2288 4554 2737 4628 llebraiee_idem
2773 4571 2911 4628 esse
2957 4570 3022 4610 ac
3068 4556 3250 4628 λῆψιν,
3302 4554 3416 4611 sive
3456 4558 3641 4626 ἄρσιν,

2059 4624 2467 4695 suffragatorem
2498 4626 2661 4679 habet
2694 4626 2923 4679 nullum.
2954 4624 3419 4696 Quod'utcunque
3450 4624 3639 4696 verum

2056 4702 2224 4753 esset,
2254 4696 2297 4749 si
2325 4704 2457 4753 nuto
2496 4710 2601 4747 non
2635 4707 2753 4754 uno
2792 4696 3146 4750 scriberetur.
3180 4696 3415 4751 Tametsi
3459 4695 3640 4749 littera

2057 4774 2110 4824 tv
2147 4780 2270 4817 eum
2315 4766 2539 4818 sinistro
2586 4776 2785 4833 puncto
2814 4781 2914 4837 pro
2955 4777 2994 4824 D
3031 4767 3343 4837 promiscue
3376 4780 3642 4819 nonnun-

2060 4850 2222 4906 quam
2265 4844 2578 4906 usurpatur.

2129 4906 2238 4976 (67)
2257 4905 2419 4959 Κατὰ
2439 4906 2502 4958 τὸ
2521 4906 2741 4975 μέτρον
2754 4905 2821 4959 τὸ
2837 4906 3025 4977 ἅγιον.
3051 4906 3219 4977 Igitur
3240 4906 3379 4959 alius
3404 4904 3505 4957 fuit
3530 4919 3645 4957 mo.

2056 4974 2180 5032 dius
2218 4977 2500 5045 profanus,
2551 4977 2689 5030 alius
2726 4974 2898 5030 sacer.
2950 4974 3047 5029 Hic
3078 4974 3195 5030 'erit
3235 4984 3410 5029 satum
3442 4983 3641 5044 quarta

2058 5057 2212 5117 parte
2242 5048 2447 5115 vulg’ari
2499 5046 2681 5099 modio
2712 5046 2910 5113 majus.
2961 5046 3083 5101 Haec
3119 5046 3474 5116 Epiphanius,
3518 5059 3645 5114 quae

2057 5132 2159 5171 nos
2189 5118 2290 5171 hoc
2315 5118 2439 5170 loco
2470 5132 2577 5169 non
2613 5117 2964 5171 discutimus.

2130 5188 2240 5248 (68)
2284 5185 2360 5254 Τῇ
2386 5185 2502 5254 μὲν
2528 5186 2640 5254 τὰρ
2669 5185 2887 5254 πρώτῃ.
2927 5184 3174 5255 Sequens
3191 5185 3491 5255 disputatio
3506 5199 3645 5253 prae-

2058 5257 2283 5311 termitti
2314 5252 2717 5327 ab'Epiphanio
2739 5252 2969 5327 poterat.
3019 5252 3207 5327 Neque
3240 5252 3384 5327 enim
3418 5252 3487 5308 ad
3512 5252 3641 5327 rem

2062 5327 2354 5380 admodum
2407 5325 2565 5389 facit,
2616 5323 2790 5393 neque
2834 5323 3134 5395 quidquam
3187 5323 3644 5395 continet,_quod

2061 5397 2203 5452 scite
2242 5396 2437 5464 magis,
2468 5411 2630 5464 quam
2663 5392 2920 5481 ignorare
2967 5392 3155 5481 nostra
3192 5395 3414 5451 referat.
3456 5392 3645 5461 Quan-

2058 5482 2221 5543 quam
2265 5482 2326 5520 ea
2372 5480 2589 5543 quoque
2631 5467 2705 5521 ab‘
2752 5467 2958 5523 Isidoro
3000 5470 3055 5523 iu
3091 5467 3185 5521 lib.
3232 5482 3342 5543 χγι,
3381 5480 3505 5534 cap.
3560 5474 3637 5531 33

2058 5538 2205 5604 Orig.
2228 5548 2311 5592 est
2350 5536 2634 5590 translata.
