3916 6196
277 154 385 210 277

1259 154 1587 210 LIBER—DE
1626 155 1980 214 MENSLRIS
2018 155 2108 213 ET
2149 156 2604 218 PONDERIBUS.

3439 165 3547 222 978

281 273 376 325 ἐπὶ
411 269 700 342 πρόσωπον
727 267 912 341 πάσης
937 269 1040 340 τῆς
1064 269 1189 348 γῆς.
1220 271 1394 332 Τοῦτο
1424 272 1591 343 μόνον
1610 271 1868 344 ἐποίησεν

1995 281 2181 343 uento,
2208 278 2462 348 atquein
2511 286 2673 333 terra:
2717 275 3008 348 superﬁcie
3053 277 3427 348 porriguntur,
3460 277 3546 333 di-

279 363 309 416 6
329 360 464 425 Θεὸς
491 361 548 416 ἐν
575 363 643 431 τῇ
676 361 906 433 δευτέρᾳ
933 361 1140 434 ήμέρα.

351 540 523 615 Τρίτῃ
565 540 622 596 δὲ
661 540 847 612 ἡμέρᾳ
900 539 1000 606 τὰς
1051 540 1350 608 θαλάσσας,
1386 542 1518 606 τοὺς
1560 541 1864 613 ποταμοὺς.

283 633 389 695 τὰς
419 629 596 702 πηγὰς
625 630 720 686 καὶ
741 630 960 702 λίμνας,
993 631 1063 686 τὰ
1096 631 1390 704 σπέρματα
1418 632 1514 690 τοῦ
1550 632 1774 704 σπόρου,
1798 630 1870 690 τὰ

288 724 662 794 βλαστήματα.
690 723 759 784 τὰ
789 721 922 788 illa
964 723 1035 780 τὰ
1079 723 1339 796 κάρπιμα
1377 741 1436 784 τε
1471 723 1568 782 καὶ
1619 725 1866 798 ἄκαρπα,

288 819 417 879 τοὺς
441 815 691 886 δριμούς.
747 813 934 876 Ταῦτα
962 815 1032 876 τὰ
1076 816 1321 888 τέσσαρα
1356 799 1495 888 ἐρῆα
1524 814 1595 877 τὰ
1633 816 1869 888 μέγιστα

286 907 540 976 ἐποίησεν
566 908 597 962 6
622 906 756 971 Θεὸς
784 908 844 961 ὲν
878 909 943 978 τῇ
974 907 1135 978 τρίτῃ
1166 906 1374 978 ἡμέρᾳ.

356 999 435 1069 Τῇ
470 998 524 1050 δὲ
554 997 790 1070 τετάρτῃ
818 998 912 1052 τὸν
943 997 1114 1069 ἥλιον,
1145 997 1244 1070 τὴν
1276 998 1528 1071 σελήνην,
1553 999 1680 1064 τοὺς
1705 998 1871 1056 ἀστέ-

287 1106 384 1161 ρας
401 1107 416 1121 ·
451 1088 623 1142 ταῦτα
648 1091 716 1144 τὰ
740 1091 870 1160 τρία
894 1089 1034 1161 ἔργα
1054 1090 1121 1144 τὰ
1159 1089 1371 1162 μεγάλα
1393 1091 1648 1162 ἐποίησεν
1671 1092 1700 1144 6
1736 1090 1869 1162 Θεὸς

285 1183 341 1232 ἐν
369 1181 437 1250 τῇ
479 1179 716 1251 τετάρτῃ
741 1179 942 1251 ήμέρᾳ.

352 1267 431 1340 Τῇ
460 1267 517 1321 δὲ
547 1269 775 1339 πέμπτῃ
809 1267 878 1324 τὰ
913 1271 1054 1340 κήτη
1099 1269 1169 1324 τὰ
1220 1269 1454 1340 μεγάλα,
1485 1271 1613 1334 τοὺς
1657 1271 1868 1342 ἰχθύας.

285 1359 378 1415 καὶ
400 1358 474 1412 τὰ
496 1359 633 1412 ἄλλα
662 1358 872 1429 ἑρπετὰ
902 1359 971 1414 τὰ
997 1360 1055 1418 ἐν
1079 1362 1196 1425 τοῖς
1228 1359 1405 1427 ὕδασι,
1430 1361 1499 1414 τὰ
1527 1362 1770 1427 πετεινὰ,
1794 1365 1866 1417 τὰ

288 1448 564 1519 πτερωτά.
591 1448 775 1504 Ταῦτα
798 1449 867 1504 τὰ
889 1450 1014 1523 τρία
1046 1449 1184 1524 ἔργα
1229 1451 1299 1504 τὰ
1341 1449 1551 1522 μεγάλα
1611 1452 1868 1523 ἐποίησεν

283 1542 312 1594 6
350 1539 488 1602 Θεὸς
532 1542 592 1593 ὲν
626 1543 694 1612 τῇ
724 1540 949 1612 πέμπτῃ
985 1541 1191 1613 ήμέρᾳ.

1972 363 2148 420 vortia
2168 366 2480 424 constituit.
2511 365 2693 423 Unum
2719 365 2824 422 hoc
2846 380 2988 436 opus
3026 367 3271 424 secundo
3299 365 3390 421 die
3415 379 3546 420 con-

1969 453 2173 511 fectum
2207 464 2312 514 est.

2043 546 2228 604 Tertio
2255 548 2345 604 die
2373 549 2570 614 maria,
2602 550 2848 618 ﬁumina,
2873 549 3074 616 fontes,
3105 550 3279 617 lacus,
3314 547 3549 614 semina,

1970 639 2194 710 stirpes.
2224 641 2542 698 fructiferas
2569 642 2796 701 arbores
2828 657 2894 698 ac
2919 641 3162 708 steriles,
3181 641 3354 702 silvas
3385 638 3549 695 deni-

1969 746 2075 800 que
2109 735 2444 802 procreavit.
2477 734 2726 801 Quatuor
2751 736 2865 790 haee
2904 733 3179 805 praecipua
3211 731 3356 790 Deus
3380 744 3549 801 opera

1971 821 2138 877 tertio
2166 822 2257 888 die
2291 823 2599 887 fabricavit.

2043 999 2253 1070 Quarto
2289 1001 2377 1057 die
2408 1001 2602 1066 solem,
2641 1002 2826 1056 lunam
2877 1016 2940 1056 ac
2971 1000 3188 1069 stellas,
3215 999 3321 1068 tria
3356 997 3553 1056 videli-

1973 1100 2060 1150 cet
2091 1093 2329 1166 insignia
2362 1109 2552 1168 opera,
2589 1093 2734 1160 Deus
2764 1093 3086 1150 elaboravit.

2047 1277 2249 1344 Quinto
2288 1276 2378 1332 die
2418 1274 2714 1346 grandiora
2749 1281 2888 1336 cete,
2931 1272 3134 1344 pisces,
3172 1284 3236 1326 ac
3267 1277 3464 1326 czetera
3495 1269 3552 1324 in

1977 1369 2136 1441 aquis
2167 1367 2436 1439 repentis,
2498 1379 2710 1421 necnon
2744 1375 2798 1419 et
2839 1379 2990 1429 aves,
3021 1377 3086 1418 ac
3123 1361 3386 1418 volatilia.
3421 1360 3556 1428 Quae.

1975 1459 2081 1512 tria
2111 1467 2240 1515 sunt
2268 1458 2548 1530 prmeipua
2586 1456 2769 1528 quinti
2809 1454 2918 1512 diei
2941 1469 3131 1526 opera.

349 1633 430 1704 Τῇ
462 1610 891 1708 assumat”
918 1610 987 1686 τὰ
1016 1610 1202 1706 θηρία,
1235 1631 1305 1688 τὰ
1337 1635 1532 1708 κτήνη,
1561 1636 1631 1690 τὰ.
1665 1634 1871 1705 ἑρπετὰ

2049 1634 2218 1690 Sexto
2243 1634 2332 1690 die
2370 1634 2537 1700 feras,
2569 1633 2828 1705 pecudes,
2859 1639 3004 1691 terra
3043 1639 3431 1702 proserpentes
3462 1631 3557 1688 bc-

285 1724 384 1795 τῆς
427 1723 564 1794 γῆς,
592 1723 686 1776 τὸν
729 1723 1033 1797 ἄνθρωπον.
1073 1724 1260 1781 Ταῦτα
1286 1724 1356 1778 τὰ
1382 1725 1622 1798 τέσσαρα
1661 1725 1872 1797 μεγάλα

285 1813 421 1882 ἔργα
452 1809 758 1882 ἐποίησενὸ
786 1812 918 1876 Θεὸς
941 1814 999 1867 ὲν
1026 1815 1090 1884 τῇ
1122 1813 1256 1884 ἕκτῃ
1286 1814 1488 1890 ἡμέρᾳ.
1521 1816 1632 1870 Καὶ
1659 1816 1873 1886 ἐγένετο

292 1903 467 1958 πάντα
519 1905 590 1960 τὰ
621 1906 680 1960 ὲν
706 1906 828 1978 ταῖς
952 1905 1187 1980 ἡμέραις
1220 1905 1370 1982 παρὰ
1413 1905 1506 1961 τοῦ
1543 1906 1680 1970 Θεοῦ
1718 1925 1875 1977 ποιη-

287 1997 464 2063 θέντα,
491 1996 634 2070 ἔργα
676 1996 783 2072 κβ’.
832 1998 943 2054 Καὶ
976 1997 1322 2058 συνετέλεσεν
1359 1999 1387 2052 6
1415 1997 1546 2060 Θεὸς
1588 1997 1764 2054 πάντα
1814 1998 1874 2050 ὲν

284 2091 348 2162 τῇ
373 2090 510 2160 ἕκτῃ
547 2088 752 2161 ἡμέρᾳ,
783 2089 884 2144 ὅσα
911 2089 971 2142 ἐν
1015 2091 1128 2152 τοῖς
1168 2090 1418 2161 οὐρανοῖς
1462 2089 1556 2144 καὶ
1583 2089 1641 2142 ὲν
1667 2091 1734 2160 τῇ
1777 2090 1871 2160 γῇ·

285 2184 339 2238 ὲν
375 2184 497 2248 ταῖς
537 2181 836 2246 θαλάσσαις
863 2181 958 2236 καὶ
991 2183 1050 2236 ὲν
1075 2183 1196 2246 ταῖς
1222 2181 1501 2248 ἀϐύσσοις,
1525 2182 1584 2236 ὲν
1623 2180 1702 2252 τῷ
1734 2181 1874 2252 φωτὶ

288 2273 375 2326 καὶ
402 2273 464 2326 ὲν
488 2271 572 2344 τῷ
605 2272 813 2337 σκότει,
845 2274 939 2328 καὶ
959 2274 1018 2326 ὲν
1043 2274 1199 2328 πᾶσι.

353 2363 463 2416 Καὶ
505 2363 856 2418 ἀνεπαύσατο
899 2365 929 2418 6
965 2363 1100 2428 Θεὸς
1147 2365 1213 2418 ἐκ
1274 2365 1492 2424 πάντων
1536 2363 1645 2420 τῶν
1695 2363 1874 2437 ἔργων

286 2455 446 2509 αὑτοῦ
492 2459 555 2508 ὲν
592 2458 658 2527 τῇ
703 2456 910 2530 ἐϐδόμῃ
938 2456 1145 2530 ήμέρᾳ,
1187 2457 1282 2511 κιιι)⁵
1331 2457 1634 2528 ηὑλόγησεν
1680 2457 1872 2527 αὐτὴν,

289 2549 376 2600 καὶ
419 2549 660 2618 ἡγίασεν
691 2547 899 2621 αὐτὴν,
959 2551 1054 2604 καὶ
1109 2549 1345 2622 ἐδήλωσε
1392 2549 1460 2603 δι’
1519 2549 1753 2618 ἀγγέλου
1797 2547 1875 2619 τῷ

292 2640 529 2710 Μωῦσῇ.
559 2639 642 2692 ὃτι
666 2643 762 2693 καὶ
801 2639 1069 2694 εἰκοσιδύο
1103 2640 1373 2710 κεφάλαια
1404 2641 1512 2695 ἀπὸ
1545 2641 1717 2710 Ἀδὰμ
1746 2639 1878 2714 ἄχρι

293 2728 380 2783 τοῦ
420 2727 626 2784 Ἰακώϐ
646 2746 659 2759 ·
699 2731 806 2784 Καὶ
831 2730 1153 2800 ἐκλέξομαι
1178 2721 1511 2801 ἐμαυτῷὲκ
1549 2731 1657 2786 τοῦ
1692 2732 1878 2804 σπέρ-

290 2834 476 2884 ματος
509 2817 700 2874 αὐτοῦ
735 2818 893 2873 λαὸν
930 2821 1284 2889 περιούσιον
1317 2821 1436 2875 ἀπὸ
1474 2819 1719 2876 πάντων
1759 2821 1879 2876 τῶν

1978 1728 2141 1790 stias,
2166 1714 2556 1796 hominemque
2577 1723 2908 1794 designavit.
2937 1721 3189 1788 Quatuor
3209 1725 3324 1779 haec
3346 1721 3557 1793 majora

1979 1815 2125 1873 Deus
2171 1831 2336 1887 opera
2386 1823 2542 1874 sexto
2579 1815 2668 1872 die
2705 1813 2953 1885 perfecit.
2998 1811 3290 1884 Colligitur
3319 1799 3554 1886 'operum

1975 1908 2223 1966 omnium
2257 1921 2491 1972 summa,
2525 1921 2648 1977 qua).
2674 1920 2769 1962 sex
2801 1905 2995 1961 diebus
3021 1904 3168 1961 edita
3191 1912 3341 1972 sunt,
3369 1903 3479 1959 duo
3503 1914 3560 1960 et

1977 2001 2190 2071 viginti.
2227 1999 2360 2054 Nam
2391 2007 2548 2065 sexto
2578 1999 2666 2061 die
2695 1998 2949 2054 absoluta
2978 2005 3108 2054 sunt
3141 2013 3172 2052 a
3211 1997 3320 2053 Deo
3344 1997 3555 2064 omnia,

1976 2106 2099 2162 quae
2130 2091 2292 2156 coelo,
2325 2101 2495 2156 terra,
2527 2090 2690 2158 mari,
2713 2088 2950 2162 abyssis,
2984 2089 3126 2157 luce,
3159 2089 3422 2158 tenebris,
3451 2104 3560 2146 οδες

1976 2184 2220 2255 terisque
2247 2184 2619 2246 continentur.
2662 2235 2686 2253 ,
3391 2183 3400 2186 ”

2050 2359 2299 2432 Septimo
2351 2359 2554 2416 deinde
2601 2361 2688 2416 die
2738 2361 2975 2418 cessavit
3019 2360 3090 2417 ab
3130 2359 3279 2416 omni
3327 2372 3559 2430 prorsus

1979 2467 2147 2522 opere
2182 2450 2346 2516 Deus,
2381 2451 2542 2522 eique
2567 2451 2677 2506 diei
2704 2451 3005 2517 benedixit,
3030 2466 3093 2506 ac
3119 2450 3432 2510 consecrari
3460 2465 3559 2503 vo-

1981 2542 2104 2608 luit,
2140 2541 2304 2612 idque
2340 2556 2436 2611 per
2478 2543 2733 2612 angelum
2764 2542 2938 2615 Moysi
2977 2541 3327 2613 signiﬁcavit.
3356 2539 3558 2594 Eodem

1979 2633 2255 2704 pertinere
2283 2639 2484 2702 potest,
2519 2634 2665 2702 quod
2697 2634 2766 2690 ab
2793 2635 3008 2689 Adamo
3046 2633 3114 2687 ad
3161 2631 3426 2688 Jacobum
3452 2631 3562 2686 duo

1979 2737 2034 2783 et
2079 2726 2273 2797 viginti
2316 2727 2495 2796 capita
2543 2733 2955 2789 numerantur:
2999 2724 3068 2779 Et
3115 2725 3330 2795 eligam,
3363 2725 3562 2794 inquit,

1981 2820 2114 2874 mihi
2138 2835 2204 2874 ex
2231 2819 2347 2890 ejus
2378 2820 2546 2888 stirpe
2570 2818 2823 2889 populum
2849 2819 3194 2886 peculiarem,
3225 2833 3291 2872 ea:
3319 2814 3562 2872 omnibus

292 2908 610 3008 ἐθνῶν..Δί
643 2910 700 2963 δὲ
729 2912 962 2984 κεφαλαὶ
1001 2913 1128 2985 περὶ
1153 2908 1228 2967 ὧν
1262 2909 1414 2968 εἶπεν
1441 2913 1553 2985 (69)
1578 2916 1606 2968 6
1650 2913 1877 2988 Κύριος.

1995 2910 2218 2982 rentibus
2238 2912 2279 2964 ³.
2309 2911 2500 2981 Capita
2533 2925 2698 2980 porro
2738 2908 2851 2975 illa,
2885 2909 2953 2965 de
2996 2908 3202 2979 quibus
3232 2908 3450 2962 locutus
3479 2915 3566 2961 est

292 3002 426 3055 εἰσὶν
461 2995 660 3056 αὗται·
698 3002 888 3073 Ἀδὰμ,
931 3003 1066 3076 Σὴθ,
1104 3002 1290 3070 Ἐνὼς,
1344 3003 1535 3076 Ἑνὼχ,
1581 3005 1874 3082 Ἀρφαξάδ,

294 3092 452 3157 Σᾶλα,
511 3093 754 3159 Καϊνὰν,
800 3095 1011 3158 Φαλὲκ,
1045 3095 1349 3167 Μαὶαλεὴλ,
1401 3097 1593 3170 Ἔϐερ,
1650 3098 1877 3167 Ῥαγαῦ,

305 3183 500 3254 Ίὰρεδ,
541 3185 767 3256 Σεροῦχ,
803 3185 1028 3260 Ναχὼρ,
1063 3185 1415 3254 Μαθουσάλα,
1447 3187 1622 3258 Θάρα,
1667 3189 1879 3260 Λάμεχ,

293 3275 433 3341 Νῶε,
477 3275 768 3350 Ἀϐραὰμ,
830 3278 1034 3346 Ἰσαὰκ,
1077 3278 1295 3344 Ἰακὼϐ,
1339 3281 1482 3351 Σήμ.
1532 3280 1696 3353 Ὁμοῦ
1738 3283 1883 3335 εἰκο-

297 3367 439 3419 σιδύο
485 3367 695 3435 γενεαί.
721 3367 812 3420 Διὸ
841 3369 936 3424 καὶ
989 3368 1256 3424 εἰκοσιδύο
1302 3371 1408 3423 εἰσὶ
1461 3371 1529 3428 τὰ
1571 3371 1721 3443 παρὰ
1771 3375 1884 3436 τοῖς

307 3459 586 3530 Ἐσραεοις
616 3460 938 3533 γράμματα,
967 3462 1058 3514 καὶ
1083 3461 1220 3533 πρὸς
1250 3461 1390 3515 αὐτὰ
1418 3462 1514 3516 καὶ
1539 3462 1640 3526 τὰς
1670 3462 1886 3535 βίϐλους

296 3552 474 3608 αὐτῶν
509 3551 593 3623 κβ¹
618 3552 932 3626 ἠρίθμησαν
963 3553 1282 3610 εἰκοσιεπτὰ
1308 3553 1472 3620 οὔσας
1493 3571 1507 3585 ·
1544 3555 1658 3610 ἀλλ’
1697 3556 1885 3629 ἐπειδὴ

298 3642 616 3697 διπλοῦνται
666 3645 829 3700 πέντε
867 3645 996 3716 παρ’
1035 3646 1218 3710 αὐτοῖς
1257 3650 1532 3720 στοιχεῖα,
1569 3649 1886 3708 εἰκοσιεπτὰ

305 3736 396 3790 καὶ
449 3736 600 3792 αὐτὰ
653 3737 802 3804 ὄντα,
843 3739 935 3794 καὶ
991 3741 1071 3805 εἰς
1118 3739 1202 3809 κβ¹
1233 3739 1659 3806 ἀποτελοῦνται,
1693 3741 1885 3802 τούτου

307 3828 462 3903 χάριν
494 3829 592 3886 καὶ
620 3829 720 3893 τὰς
745 3829 959 3900 βίϐλους
991 3829 1071 3898 κζ’
1098 3829 1282 3896 οὓσας,
1316 3831 1400 3904 κβ¹
1429 3838 1813 3905 πεποιήκασιν.

372 4000 608 4061 ΚΡ.Ὠν
637 4005 833 4080 πρώτη
853 4006 1082 4080 Βρισῆθ,
1100 4006 1134 4077 ἥ
1153 4006 1399 4067 καλεῖται
1418 4007 1636 4070 Γένεσις
1657 4006 1884 4078 κόσμου·

312 4096 712 4169 Ἐλησιμὼθ,ἢ
757 4098 975 4165 Ἐξοδος
1009 4098 1119 4151 τῶν
1161 4097 1294 4152 υἱῶν
1357 4097 1573 4170 Ἰσραήλ
1619 4098 1677 4166 ἐξ
1722 4098 1891 4167 Λιγύ-

302 4202 469 4238 πτου·
503 4187 855 4259 Οὐδωῖεκρὰ,
900 4187 934 4259 ἢ
969 4187 1332 4259 ἑρμηνεύεται
1377 4188 1692 4241 Λευῖτικόν·
1728 4189 1893 4243 Ἰουδ⁴

1983 3000 2249 3056 Dominus
2289 2999 2394 3056 ista
2449 3008 2578 3066 sunt
2617 3018 2632 3055 :
2679 3000 2877 3065 Adam,
2930 2997 3084 3063 Seth,
3135 2999 3301 3064 Enos,
3349 2998 3563 3064 Enoch,

1981 3091 2302 3163 Arphaxad,
2336 3093 2484 3158 Sala,
2517 3091 2769 3159 Cainam,
2793 3091 3019 3158 Phalec,
3056 3090 3324 3155 Malaleel,
3361 3089 3564 3156 Hebcr,

1983 3182 2193 3254 Ragau,
2217 3184 2404 3250 Jared,
2443 3185 2675 3251 Serueh,
2709 3184 2953 3252 Naelior,
2994 3184 3326 3250 Mathusala,
3362 3183 3564 3248 Thare,

1985 3276 2244 3344 Lamech,
2261 3278 2394 3354 Noe,
2411 3279 3060 3354 Abraham,lsolsaac,
3077 3277 3266 3343 Jacob,
3287 3277 3570 3334 Sem.Col-

1987 3369 2234 3439 liguntur‘
2253 3372 2636 3446 generationes
2680 3353 2804 3425 duae
2828 3380 2883 3426 et
2910 3371 3124 3441 viginti.
3159 3369 3319 3426 Unde
3357 3378 3411 3426 et
3452 3385 3567 3424 χιιι

1988 3469 2118 3517 sunt
2146 3462 2288 3536 apud
2315 3461 2575 3519 Hebraeos
2594 3464 2822 3528 litterae;
2846 3461 3149 3519 secundum
3178 3477 3317 3533 quas
3346 3461 3572 3532 perinde

1988 3570 2106 3616 xxix
2146 3555 2318 3611 libros
2359 3563 2672 3623 numerant,
2709 3557 2839 3612 licet
2867 3571 3016 3624 xxvii
3049 3556 3271 3627 proprie
3303 3556 3433 3610 sint.
3462 3551 3570 3608 Ve-

1989 3659 2110 3706 rum
2146 3645 2404 3714 quoniam
2428 3645 2672 3717 quinque
2701 3642 2848 3713 apud
2885 3643 3011 3698 illos
3047 3643 3244 3697 littera:
3281 3641 3570 3710 duplican-

1991 3743 2100 3802 tur,
2137 3736 2384 3808 ﬁuntque
2411 3736 2820 3807 quodammodo
2847 3750 3020 3800 xxv",
3047 3748 3170 3805 qua:
3199 3734 3256 3788 in
3290 3747 3402 3787 mi
3432 3746 3569 3787 con-

1990 3827 2301 3892 trahuntur,
2338 3826 2461 3882 ideo
2497 3841 2648 3880 xxvu
2689 3839 2912 3898 quoque
2939 3824 3112 3880 libros
3142 3823 3200 3878 in
3229 3836 3345 3877 xxu
3377 3819 3570 3878 confe-

1990 3924 2140 3970 ιἰιιιι.

2064 4005 2252 4062 XXlll.
2287 4006 2506 4062 Primus
2533 4014 2617 4063 est
2643 4005 2915 4071 Beresith,
2955 4021 3078 4077 quae
3118 4004 3348 4063 Genesis
3389 4005 3576 4081 appel-

1992 4099 2171 4166 latur;
2214 4107 2328 4153 tum
2375 4096 2738 4166 Ellesemoth,
2786 4113 2910 4170 qua:
2955 4105 3043 4154 est
3071 4097 3314 4164 Exodus,
3355 4096 3459 4152 hoc
3489 4102 3578 4152 est

1992 4191 2236 4262 egressio
2279 4190 2511 4246 ﬁliorum
2559 4189 2729 4248 lsrael
2767 4206 2834 4248 ex
2871 4189 3145 4263 Egypto;
3181 4187 3400 4259 Vajicra
3428 4227 3444 4254 ,
3476 4189 3575 4259 qui

301 4277 498 4351 δαΰὴρ,
524 4280 563 4351 ἢ
592 4280 742 4333 ἐστιν
779 4279 1056 4352 Ἀριθμῶν
1078 4295 1094 4311 ·
1140 4280 1575 4352 Ἑλλεδεϐαρεὶμ,
1610 4281 1673 4334 τὸ
1700 4283 1878 4334 Δευτε·

1996 4291 2081 4340 est
2131 4282 2445 4351 Leviticus;
2489 4281 2862 4354 Vajedabber,
2916 4283 3023 4339 hoc
3074 4289 3160 4340 est
3209 4279 3578 4337 Numerorum

306 4372 592 4443 ρονὸμιον·
651 4371 849 4442 Amani}
878 4413 893 4439 ,
938 4374 972 4444 ὴ
1021 4373 1116 4427 τοῦ
1163 4372 1340 4445 Ἰησοῦ
1386 4373 1498 4445 (70)
1547 4374 1642 4427 τοῦ
1694 4375 1888 4444 Ναυῆ·

303 4457 478 4524 Διὼὸ,
532 4460 568 4530 ή
611 4459 706 4514 τοῦ
761 4461 916 4515 Ίὼὁ·
971 4461 1425 4533 Διασωφ’θεὶμ,ή
1475 4462 1585 4516 τῶν
1636 4464 1888 4535 Κριτῶν·

305 4550 564 4620 Διαροὺθ,
597 4552 631 4622 ή
665 4551 766 4623 τῆς
801 4552 958 4606 Ῥούθ
980 4570 994 4587 ·
1037 4554 1401 4636 Σφεργελεὶμ,
1443 4557 1504 4609 τὸ
1534 4557 1849 4630 Ψαλτήριον
1875 4576 1886 4589 ⁸

307 4639 714 4712 Δεεριιαμεὶμ,
750 4643 783 4713 ή
831 4641 1022 4715 πρώτη
1060 4645 1170 4696 τῶν
1226 4645 1696 4717 Παραλειπομένω
1743 4664 1757 4678 ·
1797 4651 1894 4701 Δε-

309 4730 602 4804 ϐριιαμεὶμ
621 4776 636 4799 ,
672 4735 1167 4807 Παραλειπομένων
1196 4737 1424 4810 δευτέρα
1444 4755 1458 4769 ·
1490 4740 1747 4811 Δεμουὲλ,
1786 4743 1892 4796 Βα-

312 4823 525 4877 σιλειῶν
554 4823 778 4896 πρώτη·
827 4827 1257 4900 Δαδουδεμουὴλ,
1289 4829 1585 4884 Βασιλειῶν
1623 4833 1855 4904 δευτέρα
1875 4853 1889 4867 ·

311 4916 614 4989 Δμαλαχεὶ,
660 4919 958 4973 Βασιλειῶν
999 4921 1188 4993 τρίτη·
1233 4922 1546 4992 Δμαλαχεὶ,
1593 4925 1894 4982 Βασιλειῶν

311 5007 547 5081 τετάρτη
565 5026 577 5040 ·
597 5009 930 5084 Δμεαλὼθ,ή
961 5013 1276 5083 Παροιμιῶν
1295 5029 1308 5045 ·
1335 5014 1631 5080 Δεκωέλεθ,
1667 5019 1895 5092 Ἐκκλη-

408 5187 426 5220 ¹
466 5187 619 5246 Deut.
661 5207 774 5258 xlv,
815 5192 868 5246 2.

391 5369 505 5442 (69)
537 5375 610 5429 Δὶ
642 5371 711 5427 δὲ
739 5375 995 5446 κεφαλαὶ
1029 5376 1160 5446 περὶ
1188 5373 1276 5434 ὧν
1303 5375 1495 5435 εἶπεν.
1541 5377 1900 5436 Perturbatus

326 5454 387 5522 ac
409 5453 772 5522 praeposterus
805 5445 945 5522 ordo
973 5445 1245 5522 nominum
1286 5459 1392 5508 est.
1434 5450 1548 5516 Qua
1587 5451 1640 5506 in
1673 5467 1731 5506 re
1768 5450 1899 5521 quid

327 5510 727 5584 lns_i_t_r_nysterii
760 5531 867 5568 non
903 5515 1072 5571 video.
1372 5540 1374 5543 τ

399 5580 804 5652 (70)⁷Διησοῦ,
861 5586 900 5652 7i
951 5587 1051 5642 τοῦ
1124 5595 1353 5672 Ἰησοῦ.
1410 5590 1714 5663 Depravata
1771 5600 1900 5646 sunt

1993 4377 2162 4442 liber;
2194 4375 2578 4445 Elledebarim,
2610 4375 3127 4445 Deuteronomium;
3162 4375 3298 4432 liber
3317 4373 3447 4431 Jesu
3483 4374 3579 4429 lilii

1996 4466 2179 4535 Nave;
2213 4465 2337 4531 Job,
2381 4466 2685 4539 Sophetim,
2724 4469 2774 4524 id
2821 4479 2906 4525 est
2946 4466 3225 4533 Judicum,
3263 4466 3435 4533 Ruth,
3483 4467 3582 4522 Se-

1995 4560 2132 4628 plier
2154 4556 2431 4622 Tehillim,
2458 4558 2564 4614 hoc
2585 4567 2668 4615 est
2686 4557 3012 4615 Psalterium
3037 4576 3052 4627 ;
3084 4557 3246 4613 Dibre
3274 4557 3578 4622 haiiamim,

1999 4653 2112 4708 sive
2147 4653 2358 4723 primus
2385 4651 2840 4724 Paralipomenon
2869 4652 3042 4718 liber;
3077 4651 3238 4705 Dibre
3271 4650 3578 4719 haijamim,

2001 4743 2280 4798 secundus
2318 4741 2775 4813 Paralipomenon
2817 4739 2987 4806 liber;
3031 4737 3304 4793 Samuelis
3348 4736 3578 4806 primus.

2004 4837 2120 4892 sive
2150 4835 2462 4908 Regnorum
2499 4835 2749 4906 primus;
2785 4830 3081 4896 Samuelis,
3111 4829 3226 4885 sive
3263 4827 3579 4900 Regnorum

2005 4929 2316 4996 secundus;
2350 4927 2654 4991 Melaclnim,
2681 4925 2797 4981 sive
2825 4923 3136 4995 Regnorum
3169 4920 3397 4983 tertius;
3418 4918 3583 4974 Mela-

2003 5023 2146 5076 cliim
2171 5023 2286 5077 sive
2309 5019 2621 5090 Regnorum
2652 5024 2922 5090 quartus;
2946 5015 3194 5081 Miscblc,
3218 5013 3331 5070 sive
3351 5011 3584 5070 Prover-

2045 5383 2264 5450 leraque
2297 5392 2583 5450 sacrorum
2610 5375 2875 5450 librorum
2905 5371 3192 5450 vocabula.
3231 5369 3467 5450 Setinos
3505 5369 3586 5450 ni-

2045 5401 2264 5450 leraque
2297 5401 2583 5434 sacrorum
2611 5401 2875 5431 IIUI'UI'UUI
2909 5401 3192 5429 νυυὸιυυιιι.
3233 5401 3467 5450 acuat-va
3506 5401 3573 5420 υτ

2008 5401 2082 5510 rlil
2138 5449 2534 5506 immutamlum
2589 5444 2926 5499 censuimus.
3003 5442 3286 5512 Plerisque
3331 5441 3573 5497 litterao

2011 5522 2225 5594 praeﬁxa
2255 5539 2265 5574 :
2300 5519 2391 5590 qui
2421 5526 2503 5575 est
2535 5513 2869 5571 Clialdaicus
2901 5512 3186 5568 articulus.
