3916 6196
248 145 354 203 2ἷ9
1654 148 1711 205 S.
1754 148 1794 203 E

1979 151 2093 205 LNII
3424 155 3525 211 εειι

248 264 467 320 biorum
510 262 675 332 liber;
702 262 993 332 Cobeletb,
1036 265 1139 320 hoc
1172 275 1255 321 est
1296 264 1794 334 Ecclesiastes;Sit

1980 271 2163 341 ιαστής
2187 288 2199 300 ·
2234 271 2647 342 Σιρασισεὶν,τὸ
2667 268 2857 343 τᾼσμιι
2889 272 2999 325 τῶν
3026 269 3295 342 ᾀσμάτων
3315 285 3328 300 ·
3357 270 3526 323 Δαοα-

252 356 768 419 bassirim,Cantica
790 358 1131 415 canticorum
1154 358 1594 426 ;Dalbariasara,
1621 362 1725 417 hoc
1751 378 1798 418 es

1980 362 2200 434 ιασαρά,
2213 368 2276 416 τὸ
2300 363 2703 436 Δωδεκαπρὸφη
2713 383 2799 418 τον
2817 384 2831 397 ·
2850 366 3109 436 Δησαΐου,
3128 363 3224 417 τοῦ
3247 366 3526 435 προφήτου

252 464 329 503 XII
355 446 677 519 Proplietaa;
705 449 873 505 Isaias
896 451 1181 520 propheta,
1216 449 1540 516 Hieremias,
1564 452 1793 509 Ezechie

1981 452 2172 505 iloa‘iou
2192 470 2204 481 ο
2229 452 2535 523 Διερεμίου,
2554 455 2587 523 ἡ
2612 453 2703 506 τοῦ
2729 454 2996 525 Ἰερεμίου
3016 470 3030 485 ο
3050 452 3357 527 Διεζεκιὴλ,
3379 456 3414 523 ἡ
3437 453 3527 506 τοῦ

254 540 470 609 Daniel,
502 540 643 598 liber
664 541 879 613 primus
916 540 1123 607 Esdraa,
1156 542 1297 598 liber
1327 546 1603 602 secundus
1632 545 1800 602 Esdra

1982 544 2230 616 εζεκιήλο
2259 544 2591 616 Διδανιὴλ,ἠ
2629 544 2720 599 τοῦ
2774 546 2978 617 Δανιὴλ
3002 563 3016 577 ·
3052 546 3336 615 Διδέσδρα,
3360 547 3395 611 ἡ
3434 544 3528 597 τοῦ

255 632 475 690 Esther.
506 633 572 689 Hi
621 642 751 689 sunt
790 642 996 704 septem
1028 644 1084 689 et
1113 636 1305 706 viginti
1357 638 1523 694 libri:
1572 639 1666 710 qui
1713 654 1801 694 cur

1981 632 2149 703 Εσδρα
2189 631 2415 703 πρώτη⁶
2461 633 2740 704 Διδέσδρα,
2775 635 2808 703 ἡ
2866 633 2963 687 τοῦ
2997 634 3206 703 Ἔσδρα
3249 632 3488 700 δευτέρα
3514 647 3527 659 ·

255 740 490 780 numero
545 726 853 779 litterarum
909 738 1298 797 exaequantur,
1352 730 1551 786 litteris
1598 731 1801 801 quinqu

1985 724 2172 795 εσθὴρ,
2202 726 2236 795 ἡ
2276 725 2376 795 τῆς
2424 723 2647 797 Ἐσθῆρ’
2677 720 2848 779 Αὖται
2891 725 2949 779 δὲ
2990 726 3055 778 ά
3096 724 3419 777 εἰκοσιεπτά
3453 723 3531 792 βί-

256 819 572 889 geminatis,
610 827 669 873 ul
716 834 885 889 supra
920 823 1257 879 monuimus.
1295 824 1393 880 Est
1440 836 1495 880 et
1536 827 1677 882 alius
1716 829 1802 897 qui

1985 819 2056 869 tat
2100 816 2182 887 κβ⁹
2223 817 2580 888 ἀριθμοῦνται
2624 817 2765 870 κατὰ
2818 818 2911 873 τὸν
2954 817 3189 889 ἀριθμὸν
3235 816 3346 870 τῶν
3380 832 3531 869 στοιο

257 912 383 965 dam
416 913 646 983 exiguus
689 912 845 977 liber,
878 914 971 983 qui
1006 913 1206 969 Cinotb
1252 916 1600 984 inscribitur,
1630 919 1734 973 hoc
1760 936 1803 974 ea

1976 912 2123 976 είων,
2162 911 2464 983 ἐπειδήπερ
2513 913 2607 965 καὶ
2658 912 2820 965 πέντε
2874 915 3115 981 στοιχεῖα
3169 909 3521 979 διπλοῦνται,

254 1006 705 1063 Lamentationes
775 1006 1087 1073 Hieremiae,
1154 1009 1247 1078 qui
1333 1018 1489 1064 extra
1550 1027 1800 1067 numerul

1982 1009 2125 1070 αθὼς
2159 1010 2272 1065 ἄνω
2321 1009 2681 1080 προείπομεν.
2724 1010 2879 1061 Ἔστι
2919 1009 2976 1062 δὲ
3029 1010 3125 1061 καὶ
3174 1007 3310 1077 άλλη
3350 1014 3528 1077 μικρά

254 1098 324 1154 ad
360 1097 691 1153 Hieremiam
719 1098 1053 1168 adiungitur.
1085 1097 1355 1153 Caeterum
1379 1101 1571 1170 viginti
1606 1101 1800 1156 duorm

1984 1101 2144 1167 ίδλος,
2175 1101 2210 1172 ἢ
2247 1099 2489 1154 καλεῖται
2510 1100 2713 1159 Κινὼθ,
2741 1100 2864 1169 ἥτις
2903 1098 3266 1171 ἑρμηνεύεται
3315 1097 3530 1168 Θρῆνος

255 1193 363 1247 iste
398 1208 661 1248 numerus
697 1192 900 1261 ubique
943 1192 1239 1261 reperitur,
1278 1207 1343 1247 ac
1379 1192 1614 1248 diversis
1655 1194 1709 1247 in
1754 1209 1801 1249 re

1983 1196 2235 1267 [ερεμίου.
2282 1194 2428 1265 Αὕτη
2476 1194 2532 1247 δὲ
2581 1192 2659 1264 τῷ
2713 1194 2957 1263 Ἱερεμίᾳ
3009 1192 3364 1255 συνάπτεται,
3402 1192 3529 1261 ἥτις

255 1283 363 1339 bus
386 1284 653 1347 cernitur,
680 1284 831 1338 velut
854 1285 909 1337 in
940 1283 1131 1353 viginti
1157 1283 1374 1339 duobus
1403 1285 1684 1355 operibus,
1719 1302 1801 1355 qu:

1982 1288 2060 1341 στὶ
2114 1286 2350 1357 περισσὴ
2396 1284 2491 1339 τοῦ
2547 1284 2783 1357 ἀριθμοῦ
2838 1284 2934 1337 καὶ
2973 1284 3059 1355 τῷ
3106 1284 3349 1355 Ἱερεμίᾳ
3402 1299 3528 1335 συν-

258 1376 407 1431 Deus
433 1376 680 1430 sex-illis
727 1374 944 1439 diebus,
982 1376 1075 1449 qui
1110 1378 1164 1430 in
1199 1377 1387 1431 mundi
1430 1376 1804 1433 fabricatione!

1982 1378 2240 1447 πτομένη.
2267 1368 2426 1430 Οὗτοι
2464 1376 2515 1429 ot
2544 1372 2810 1428 εἰκοσιδύο
2854 1372 3081 1446 ἀριθμοὶ
3123 1372 3403 1443 πανταχοῦ
3437 1373 3528 1424 εὑ-

257 1468 523 1538 insnmpti
568 1476 727 1535 sunt,
768 1466 1109 1533 elaboravit;
1143 1475 1258 1521 tum
1306 1468 1361 1522 in
1395 1469 1584 1538 viginti
1627 1469 1803 1523 duabu

1982 1468 2276 1540 ισκόμενοι,
2307 1467 2402 1520 καὶ
2444 1468 2502 1519 ὲν
2543 1466 2823 1538 διαφόροις
2861 1466 3061 1519 εἴδεσιν
3106 1464 3523 1537 ἀριθμούμενοι,

260 1559 730 1631 generationibus,
763 1574 885 1629 qua:
916 1560 983 1614 ab
1021 1558 1233 1613 Adamo
1264 1559 1332 1614 ad
1365 1561 1620 1616 lsraelem
1669 1561 1806 1615 inter

1981 1578 2079 1612 ντε
2116 1562 2229 1621 τοῖς
2261 1556 2526 1611 εἰκοσιδύο
2567 1556 2768 1627 ἔργοις,
2804 1550 2886 1619 οἷς
2930 1556 3187 1626 ἐποίησεν
3232 1559 3260 1609 ὁ
3300 1556 3435 1618 Θεὸς
3467 1558 3527 1609 ὲν

260 1652 486 1707 cedunt.
523 1648 656 1704 item
706 1650 761 1704 in
816 1651 1009 1721 viginti
1071 1650 1288 1706 duabus
1329 1652 1543 1711 litteris,
1574 1652 1643 1707 ab
1684 1653 1804 1721 alep

1983 1655 2061 1715 αῖς
2094 1649 2153 1716 ἓξ
2194 1650 2428 1722 ἡμέραις
2456 1649 2555 1720 τῆς
2586 1648 2973 1720 κοσμοποιίας,
3015 1648 3111 1703 καί
3153 1650 3211 1703 ὲν
3259 1649 3529 1703 εἰκοσιδύο

262 1743 330 1797 ad
359 1742 513 1796 tltau.
560 1740 848 1803 Postremo
883 1742 937 1796 in
972 1742 1189 1797 duobus
1217 1750 1271 1796 et
1302 1742 1495 1813 viginti
1541 1742 1719 1805 libris,
1748 1758 1808 1812 qt

1982 1746 2158 1806 ενεαῖς
2202 1744 2310 1796 ἀπὸ
2364 1740 2536 1811 Ἀδὰμ
2578 1742 2706 1812 ἄχρι
2745 1739 2841 1793 τοῦ
2878 1740 3131 1812 Ἰσραὴλ,
3180 1741 3276 1795 καὶ
3307 1742 3365 1793 ὲν
3410 1742 3525 1803 τοῖς

262 1833 334 1887 ab
371 1832 570 1888 Genesi
601 1832 669 1886 ad
704 1832 904 1889 Esther
935 1848 1114 1907 usque
1154 1842 1474 1889 censentur.
1516 1832 1593 1887 lla
1625 1834 1808 1888 modiu

1978 1832 2210 1887 ἰκοσιδύο
2246 1830 2531 1901 στοιχείοις
2562 1830 2671 1882 τῶν
2710 1830 3058 1901 γραμμάτων
3096 1830 3206 1884 ἀπὸ
3248 1830 3343 1883 τοῦ
3384 1836 3524 1897 ωεςρ

262 1940 522 1980 mensura
552 1925 713 1981 nobis
739 1932 825 1981 est
864 1910 1236 1982 sextariorum
1270 1925 1505 1982 duorum
1542 1936 1595 1983 et
1630 1926 1808 1999 viginti

1982 1943 2072 1996 χρι
2125 1923 2221 1978 τοῦ
2273 1921 2398 1989 θαῦ,
2444 1923 2541 1976 καὶ
2589 1921 2647 1973 ὲν
2697 1924 2817 1985 ταῖς
2869 1921 2953 1992 κβ¹
3012 1921 3221 1992 βίϐλοις
3258 1921 3368 1974 ἀπὸ
3421 1924 3526 1991 τῆς

263 2021 438 2098 Quem
464 2019 675 2076 Hebraei
700 2020 857 2076 mode
889 2028 1106 2082 vocant,
1138 2019 1313 2077 Graeci
1331 2022 1687 2093 expeditioris
1716 2037 1809 2092 pro

1980 2017 2214 2080 ἐνέσεως
2242 2015 2370 2086 ἄχρι
2421 2014 2518 2085 τῆς
2552 2012 2774 2084 Ἐσθὴρ,
2807 2013 3005 2085 μέτρον
3032 2015 3164 2085 ἡμῖν
3188 2015 3204 2043 ¹
3256 2013 3526 2083 ἐγενήθη-

262 2113 627 2169 nuntiationis
657 2114 856 2185 gratia,
886 2114 1089 2168 modia.
1118 2112 1268 2170 Idem
1299 2122 1352 2168 et
1378 2114 1520 2184 apud
1553 2113 1808 2185 Egyptio

1981 2125 2045 2161 αν
2090 2106 2173 2175 κβ⁹
2228 2104 2464 2171 ξέστων,
2493 2102 2522 2154 ὃ
2568 2101 2814 2155 καλεῖται
2865 2102 2995 2173 παρ’
3048 2102 3321 2173 Ἑϐραίοις
3365 2103 3526 2174 μόδη,

264 2221 464 2261 nomen
500 2215 615 2271 est;
665 2206 761 2261 sed
792 2214 846 2261 et
881 2206 1026 2278 Syri,
1065 2213 1121 2261 et
1151 2206 1361 2261 Arabes
1391 2206 1571 2262 modia
1620 2215 1810 2261 vocanl

1981 2200 2076 2268 παρ’
2100 2196 2328 2267 Ἕλλησι
2372 2194 2430 2248 δὲ
2464 2194 2658 2265 μόδια,
2693 2192 2780 2248 διὰ
2824 2194 2924 2265 τὴν
2960 2194 3299 2264 τρανότητα·
3337 2211 3527 2265 παρα-

265 2301 413 2370 quod
462 2298 844 2368 confessionem
890 2298 1182 2369 signiﬁcat.
1221 2298 1377 2369 181
1412 2297 1548 2351 Nam
1584 2298 1808 2366 impletn

1984 2288 2190 2359 πλησίως
2225 2287 2281 2339 δὲ
2311 2286 2406 2339 καὶ
2447 2285 2735 2353 Αἰγύπτιοι
2788 2285 2888 2355 μέν
2915 2302 2999 2338 τοι
3030 2285 3190 2339 τοῦτο
3229 2284 3490 2340 καλοῦσιν
3513 2306 3530 2320 ·

265 2388 485 2445 modius
506 2389 727 2457 plenum
759 2403 819 2443 se
847 2402 969 2443 esse
996 2387 1312 2443 conﬁtetur.
1338 2387 1481 2442 ldcm
1510 2395 1563 2441 et
1592 2386 1811 2443 Gnomm

1981 2378 2145 2448 μοίως
2170 2376 2227 2429 δὲ
2266 2377 2358 2430 καὶ
2393 2376 2578 2446 Σύροι,
2634 2378 2730 2431 κει)⁹
2777 2377 3018 2448 ’Ἄραϐες
3056 2377 3213 2448 μόδια
3250 2377 3527 2447 λέγουσιν,

268 2477 590 2550 appellatur.

2034 2468 2396 2539 ἑρμηνεύεται
2444 2470 2749 2538 ὁμολογία.
2810 2468 3127 2539 Πληρωθείς
3186 2468 3293 2540 γὰρ
3344 2472 3373 2523 ὁ
3428 2471 3532 2540 μό-

1945 2562 2055 2624 διος
2085 2560 2194 2628 (71)
2233 2560 2502 2630 ὁμολογεῖ,
2568 2560 2653 2614 ὅτι
2694 2559 3089 2631 Πεπλήρωμαι.
3149 2560 3411 2616 Καλεῖται
3471 2561 3534 2614 δὲ

1949 2654 2043 2706 καὶ
2072 2651 2327 2723 γνώμων.

340 2764 532 2823 XXIV.
571 2765 839 2823 Caeterum
873 2782 1138 2823 numerus
1180 2766 1271 2822 ille
1308 2766 1540 2821 duorum
1615 2780 1872 2838 operum.

2020 2764 2138 2821 KA'.
2173 2765 2262 2836 Τῷ
2289 2766 2345 2820 δὲ
2398 2766 2614 2837 ἀριθμῷ
2641 2767 2748 2819 τῶν
2795 2765 2876 2835 κβ⁹
2912 2766 3088 2838 ἔργων
3112 2766 3205 2819 τοῦ
3249 2766 3383 2820 Θεοῦ
3417 2767 3538 2820 τῶν

269 2867 324 2919 et
344 2858 559 2930 viginti,
596 2873 718 2929 quae
762 2856 907 2913 Deus
944 2858 1100 2914 initio
1130 2857 1353 2913 molitus
1383 2866 1489 2923 est,
1530 2865 1646 2912 tum
1681 2872 1815 2927 gene

1989 2859 2239 2929 ωρχῆς,
2297 2859 2391 2912 καὶ
2442 2858 2549 2913 τῶν
2614 2858 2696 2929 κβ¹
2746 2861 2946 2928 γενεῶν
2999 2861 3104 2924 ἕως
3152 2859 3245 2912 τοῦ
3308 2858 3535 2919 Ἰακὼϐ,

271 2951 544 3007 rationum
581 2952 825 3014 totidem,
855 2966 977 3021 qua:
1015 2950 1082 3005 ad
1124 2948 1390 3006 Iacobum
1438 2966 1611 3021 usque
1646 2965 1813 3021 propa

1992 2953 2044 3005 αἰ
2068 2952 2176 3004 τῶν
2214 2950 2297 3021 κβ¹
2332 2950 2550 3021 βιϐλίων
2594 2953 2699 3015 ἕως
2730 2954 2831 3023 τῆς
2879 2951 3079 3025 Ἐσθὴρ
3103 2994 3119 3018 ,
3160 2954 3255 3005 καὶ
3298 2953 3385 3006 διὰ
3427 2954 3538 3023 τῆς

269 3051 408 3113 gata:
454 3050 603 3115 sunt,
648 3051 702 3096 et
742 3042 933 3111 viginti
971 3040 1205 3097 duorum
1244 3042 1507 3098 librorum
1542 3042 1611 3096 ad
1650 3040 1815 3097 Estbe

1994 3042 2031 3112 β’
2055 3042 2395 3113 γραμμάτων
2430 3041 2736 3110 ὑποθέσεως
2755 3084 2771 3107 ,
2803 3043 2860 3109 ἐξ
2893 3036 2967 3097 ὧν
3010 3045 3039 3096 ὁ
3076 3043 3239 3114 νόμος
3269 3043 3362 3098 τοῦ
3391 3042 3540 3099 θεοῦ

272 3117 467 3205 usque,
498 3147 561 3187 ac
585 3134 887 3187 litterarum
908 3133 1102 3205 viginti
1131 3134 1389 3199 duarum,
1411 3134 1612 3203 quibus
1641 3133 1736 3190 Dei
1760 3134 1818 3189 le:

1993 3136 2105 3205 μῶν
2136 3134 2410 3204 παρέστη,
2440 3136 2535 3187 καὶ
2570 3134 2705 3187 Θεοῦ
2751 3135 3065 3190 διδασκαλία
3095 3138 3229 3207 ἡμῖν
3269 3136 3539 3208 προτετύ-

270 3225 597 3295 consignata
649 3224 809 3279 nobis
855 3232 961 3290 est,
1017 3241 1081 3281 ac
1135 3224 1233 3282 Dei
1275 3228 1513 3297 primum
1555 3225 1813 3280 informat

1994 3242 2126 3278 ωται
2151 3266 2165 3287 ,
2208 3224 2366 3277 τοῦτο
2389 3223 2643 3294 δηλοῦται
2672 3268 2685 3290 ,
2716 3227 2796 3279 ὅτι
2826 3227 2889 3279 ὲκ
2924 3226 3018 3279 τοῦ
3055 3227 3223 3296 νόμου
3248 3266 3262 3291 ,
3299 3226 3392 3280 καὶ
3421 3227 3540 3280 τῶν

270 3315 543 3377 doctrina,
582 3313 715 3367 illud
747 3314 924 3385 ipsum
956 3314 1267 3385 signiﬁcare
1291 3314 1523 3381 videtur,
1554 3325 1816 3371 venturum

1994 3314 2175 3386 μαὺτῷ
2207 3315 2540 3386 μυστηρίων,
2567 3318 2596 3369 ὁ
2624 3316 2859 3387 Χριστὸς
2885 3319 3020 3387 ἡμῖν
3047 3318 3337 3389 ἐρχόμενος
3360 3320 3540 3391 ἐμαρ-

270 3407 402 3465 olim
444 3406 748 3471 Christum,
794 3407 933 3477 legis
983 3407 1213 3478 ejusque
1262 3409 1647 3481 mysteriorum
1693 3409 1816 3464 testi

1994 3406 2157 3477 ψήθη
2198 3406 2291 3460 καὶ
2320 3406 2700 3478 ἀπεκαλύφθη.
2743 3408 2839 3472 Ὃς
2868 3407 3039 3461 ὲλθὼν
3069 3410 3126 3461 ἐν
3158 3408 3237 3479 τῷ
3284 3410 3540 3478 Εὐαγγεσ

269 3498 457 3552 monio
494 3497 831 3553 declaratum
879 3514 1022 3564 esse,
1057 3507 1221 3570 atque
1263 3500 1613 3570 patefactum.
1651 3499 1754 3565 Qui
1792 3500 1806 3553 i

1994 3494 2048 3565 ίῳ
2078 3493 2393 3565 ἐπλήρωσεν
2426 3496 2559 3564 ἡμῖν
2583 3496 2642 3548 τὸ
2669 3494 2861 3569 μέτρον
2884 3496 2983 3568 τῆς
3012 3498 3155 3568 ζωῆς
3188 3497 3276 3551 διὰ
3300 3498 3395 3550 τοῦ
3439 3516 3540 3569 μο-

270 3591 420 3645 hunc
464 3590 727 3646 mundum
784 3593 1009 3647 veniens
1055 3592 1179 3647 vitze
1227 3592 1384 3647 nobis
1429 3605 1743 3648 mensuram
1795 3590 1809 3644 i

1997 3589 2064 3641 ἴου
2087 3628 2101 3650 ,
2138 3588 2404 3652 τουτέστι,
2462 3588 2562 3658 τῆς
2599 3588 2906 3659 ὁμολογίας,
2935 3590 3098 3643 παντί
3145 3589 3224 3660 τῷ
3262 3592 3339 3653 εἰς
3369 3590 3543 3645 αὑτὸν

268 3682 568 3754 Evangelio
605 3699 700 3754 per
731 3684 975 3739 modium
1004 3683 1268 3754 implevit,
1299 3683 1403 3737 hoc
1431 3690 1514 3740 est
1545 3681 1814 3738 confessio

1994 3680 2346 3751 μολογήσαντι
2380 3680 2474 3734 καὶ
2510 3680 2606 3751 τὴν
2636 3680 2780 3751 ζωὴν
2802 3683 2930 3752 παρ’
2958 3680 3123 3735 αὐτοῦ
3154 3683 3540 3753 κομισαμένῳ.

269 3790 418 3842 nem,
451 3783 505 3831 ct
552 3775 619 3832 iis
651 3776 933 3840 omnibus,
967 3776 1060 3846 qui
1101 3776 1249 3830 illius
1291 3774 1450 3829 tidem
1499 3775 1815 3845 proﬁtentur

1999 3774 2044 3826 ιὸ
2069 3772 2128 3826 τὸ
2163 3772 2358 3843 μέτρον
2382 3772 2443 3824 τὸ
2476 3772 2628 3840 ἅγιον
2665 3771 2905 3843 Ἑϐραῖοι
2935 3772 3183 3840 λέγουσιν
3203 3815 3216 3839 ,
3245 3774 3274 3827 ὃ
3305 3775 3421 3826 ὲστι
3451 3776 3545 3845 κβ’

271 3882 335 3921 ac
363 3867 526 3921 vitam
554 3867 674 3938 ejus
689 3867 953 3925 beneﬁcio
967 3874 1400 3937 consequuntur.
1427 3866 1600 3933 Quam
1625 3867 1696 3921 ob
1722 3880 1817 3921 cau

1998 3866 2155 3920 ἔστων
2181 3908 2195 3931 ,
2235 3866 2375 3919 κατά
2417 3866 2544 3928 τοὺς
2574 3865 3023 3936 προειρημένους.
3064 3866 3257 3920 Πολλοὶ
3285 3866 3392 3938 γὰρ
3426 3868 3544 3920 τῶν

271 3976 388 4016 sam
428 3977 698 4017 mensura:
727 3977 901 4034 genus
944 3968 1197 4017 sanctum
1237 3959 1307 4015 ab
1349 3957 1594 4015 Hebrtcis
1623 3959 1817 4015 dicitur

1994 3958 2127 4013 λλων
2170 3958 2339 4012 ἐθνῶν
2394 3957 2427 4027 ἢ
2485 3957 2845 4027 προσέθεντο,
2901 3957 2934 4029 ἢ
2985 3958 3271 4027 ἀφείλαντο
3301 3959 3409 4012 ἀπὸ
3439 3960 3540 4013 τοῦ

270 4051 422 4123 quod
449 4067 513 4107 ex
545 4053 727 4110 allatis
759 4053 1066 4109 rationibus
1100 4053 1241 4109 duos
1266 4060 1321 4107 et
1351 4052 1543 4122 viginti
1578 4051 1816 4107 sextario

1994 4052 2156 4123 ,ἐτρου
2184 4050 2395 4106 τούτου.
2430 4047 2524 4102 τοῦ
2552 4047 2795 4122 ἀκριϐῶς
2823 4050 2955 4120 παρ’
2996 4049 3267 4119 Ἑϐραίοις
3296 4050 3540 4121 ἀριθμη-

270 4146 439 4215 capit.
467 4143 603 4198 Nam
638 4145 908 4215 pleneque
942 4152 1132 4212 gentes
1167 4143 1233 4196 ad
1268 4156 1388 4195 eam
1422 4157 1735 4197 mensuram
1758 4140 1816 4195 ad

1999 4142 2156 4204 ἐντος.
2228 4138 2387 4192 Ἀλλά
2450 4139 2543 4192 καὶ
2612 4139 2763 4209 παρὰ
2834 4140 3125 4210 Ῥωμαίοις
3191 4141 3545 4211 συμϐέϐηκεν

270 4235 530 4297 diderunt
569 4234 799 4303 aliquid,
829 4234 915 4287 vel
944 4234 993 4286 ei
1021 4234 1401 4289 detraxerunt,
1428 4246 1552 4284 cum
1583 4233 1726 4301 apud
1749 4231 1816 4285 Hc

2000 4233 2462 4304 ιοιοκαταλὴκτως
2520 4218 2700 4303 μοδίου
2757 4231 2952 4303 μέτρον
3000 4234 3308 4297 καλεῖσθαι,
3347 4235 3546 4307 ὥσπερ

270 4325 450 4385 braeos
503 4338 764 4378 numerus
800 4322 1211 4376 accuratissime
1258 4321 1362 4375 sibi
1423 4328 1656 4379 constet.
1709 4322 1812 4387 Qui

2001 4325 2087 4394 αρ’
2139 4323 2412 4395 Ἑϐραίοις
2466 4323 2527 4375 τὸ
2562 4321 2697 4391 άλεφ
2746 4322 2823 4394 τῷ
2879 4324 3077 4395 παιδίῳ
3124 4325 3186 4377 τὸ
3247 4325 3546 4395 μανθάνειν

271 4416 437 4477 etiam
482 4414 623 4484 apud
663 4412 944 4469 Romanos
977 4413 1204 4481 aequalis
1228 4426 1481 4471 mensura
1506 4412 1721 4467 modius
1751 4427 1817 4481 ap

1990 4418 2216 4487 ταραινεῖ
2244 4433 2255 4444 ⁸
2290 4416 2382 4467 καὶ
2413 4413 2542 4483 παρ’
2590 4414 2816 4483 Ἕλλησι
2851 4416 2911 4468 τὸ
2934 4416 3121 4485 ἀλφεῖν
3176 4416 3371 4485 ζητεῖν
3400 4435 3536 4488 συμ-

272 4506 528 4578 pellatur,
554 4504 1015 4575 quemadmodum
1055 4505 1197 4575 apud
1216 4502 1474 4561 Hebraeos
1498 4503 1654 4574 alcpli
1673 4504 1818 4560 litter

2005 4505 2159 4576 ἓϐηκε
2194 4504 2494 4560 καλεῖσθαι.
2527 4503 2691 4557 Ὅθεν
2727 4505 2966 4575 δηλονότι
3014 4509 3108 4561 καὶ
3158 4509 3220 4562 τὸ
3275 4510 3421 4578 ἄλφα
3481 4512 3551 4577 ἐξ

275 4614 505 4669 puerum
538 4596 610 4661 ad.
638 4595 960 4653 discendum
990 4596 1352 4664 adhortatur;
1392 4597 1481 4652 cui
1511 4596 1692 4652 simile
1729 4611 1821 4651 ver

2005 4597 2246 4669 Ξϐραῖδος
2301 4595 2621 4671 παρηνέχθη
2666 4602 2745 4664 εἰς
2799 4599 2895 4671 τὴν
2948 4600 3247 4672 Ἑλληνίδα.
3297 4603 3369 4654 Τὸ
3407 4602 3551 4670 γοῦν

274 4693 405 4756 bum
456 4690 602 4762 apud
631 4690 851 4746 Graecos
889 4690 1077 4761 ἀλφεῖν
1110 4692 1420 4763 investigare
1450 4690 1741 4762 signiﬁcat.
1773 4690 1815 4743 Ε

2004 4689 2182 4753 ὅδιον,
2235 4690 2310 4754 ὡς
2366 4695 2429 4747 ἐκ
2487 4694 2588 4764 τῆς
2634 4695 2913 4767 Ἐϐραῖδος
2966 4694 3200 4765 εὑρέθη,
3259 4693 3550 4764 ὁμολογεῖν

275 4801 387 4856 quo
418 4783 767 4840 manifestum
800 4791 884 4841 est
912 4799 1099 4840 vocem
1131 4783 1273 4838 hanc
1312 4783 1470 4854 alpha
1519 4783 1573 4837 in
1604 4781 1821 4836 Griecan

2002 4781 2176 4851 εχθὲν,
2211 4783 2287 4847 ὡς
2320 4783 2579 4850 πολλάκις
2607 4783 2759 4841 εἷπον
2786 4826 2800 4850 ,
2834 4786 2921 4839 διὰ
2960 4786 3060 4855 τῆς
3090 4787 3337 4857 χρήσεως
3361 4786 3548 4856 ἑρμη-

276 4881 519 4950 lingnam
563 4878 632 4933 ab
684 4876 950 4932 llebraica
995 4892 1120 4932 esse
1167 4875 1513 4930 translatam.
1559 4872 1650 4927 Sic
1683 4874 1817 4943 igitu

2003 4874 2265 4945 ευόμενον.
2312 4877 2375 4930 Εἰ
2417 4877 2490 4948 μὴ
2544 4878 2653 4949 γάρ
2686 4879 2847 4933 αὑτὸν
2876 4878 3264 4950 πληρεστάτως
3292 4876 3549 4948 γεμίσειὲ

278 4967 495 5025 modius
534 4968 603 5022 ab
630 4966 875 5022 Hebraeis
917 4965 1175 5035 proﬂuxit
1210 4984 1222 5017 :
1258 4963 1399 5037 apud
1427 4977 1565 5033 quos
1595 4963 1737 5019 idem
1768 4979 1824 5023 es

2006 4984 2043 5030 ,ς
2067 5009 2082 5036 ,
2118 4968 2215 5039 οὐχ
2252 4969 2535 5040 ὁμολογεῖ,
2591 4971 2671 5023 ὅτι
2699 4971 3095 5042 Πεπλήρωμαι.
3126 4970 3343 5041 Πλὴσας
3393 4969 3450 5023 δὲ
3477 4969 3552 5027 τὸ

351 5182 366 5213 ¹
395 5179 553 5235 Deest
586 5176 812 5247 aliquid.

352 5400 465 5470 (7|)
525 5403 861 5473 Πληρωθείς
912 5403 1021 5472 τὰρ
1076 5404 1109 5456 ὀ
1176 5402 1405 5471 μόδιος.
1486 5400 1686 5473 Eadem
1771 5415 1859 5453 ra-

2003 5414 2090 5453 nm
2134 5397 2422 5473 impletum
2451 5397 2537 5459 sit,
2553 5396 2784 5473 plenum
2809 5410 2865 5449 se
2908 5407 3030 5473 esse
3064 5391 3320 5473 fateatur.
3358 5388 3549 5473 Iside:

284 5463 690 5527 tione'nnllm'n
745 5463 853 5527 non
904 5463 1194 5527 {nc-usurae“
1231 5463 1401 5541 genus
1464 5472 1703 5526 modium
1760 5485 1858 5540 ap-
1969 5484 2063 5541 rus
2107 5463 2267 5521 aliain
2304 5468 2458 5541 vocis
2496 5464 2878 5541 etymologiam
2935 5465 3111 5529 achrt,
3162 5463 3231 5517 ab
3276 5476 3341 5517 eo
3389 5464 3553 5531 quod

284 5542 483 5619 peilarc
526 5544 667 5597 licet.
719 5543 851 5597 Nam
886 5545 1093 5600 nullum
1130 5535 1413 5613 estfquod
1461 5559 1567 5597 non
1608 5535 1852 5612 perinde,
1966 5540 2033 5599 sit
2071 5553 2169 5593 suo
2202 5538 2359 5592 modo
2394 5535 2687 5607 perfectus.
