3916 6196
225 262 302 318 2J3
1414 259 1501 312 PE
1536 261 1629 314 XII
1664 262 1927 316 GEMMiS
1968 260 2188 316 LIBER.

3331 261 3439 316 2M

224 376 332 443 παρ’
387 371 646 444 Ἑϐραίοις
704 372 1119 443 ὲκξοωνούμενον
1151 388 1165 403 ·
1225 371 1384 426 τοῦτο
1444 376 1505 426 τὸ
1563 375 1749 445 μέτρω

1871 376 2002 430 braei
2038 376 2203 430 etiam
2250 387 2536 446 usurpant.
2570 376 2818 433 Meminit
2865 378 3030 447 hujus
3071 393 3341 435 mensura:
3383 389 3439 435 et

216 465 339 518 ἐστὶν
383 466 438 516 ὲν
467 464 939 533 Χρονοτριιςςίαις
979 463 1240 517 Εὐσεϐίου
1288 464 1384 516 καὶ
1433 465 1543 517 τῶν
1591 466 1749 519 mw

1866 464 2134 520 Eusebius
2185 465 2238 519 in
2291 465 2564 520 Clu'onicis
2631 468 2833 536 aliique
2895 467 3235 536 chronologi.
3282 468 3439 538 Apud

214 557 562 628 χρονογράφων
603 554 974 624 δηλούμενον,,
1020 555 1095 618 ὡς
1120 555 1353 617 ἕκαστος
1391 555 1499 607 τῶν
1525 555 1644 608 τότε
1672 556 1768 625 βα-

1869 570 2010 625 quos
2077 556 2466 624 imperatorum
2542 557 2770 625 quilibet
2835 558 3256 626 magnificentia
3320 573 3436 612 sua:

214 648 380 702 σιλέων
420 645 561 700 κατὰ
603 645 920 716 φιλσιιμίαν
971 646 1050 716 τῷ
1101 646 1258 717 δήμῳ
1303 647 1589 717 Ῥωμαίων
1632 649 1749 718 πρὸς

1869 648 2206 701 ostentanda:
2251 647 2433 701 studio
2481 647 2820 716 congiarium
2865 647 3063 716 populo
3098 647 3342 700 Romano
3370 651 3442 702 ad

210 741 479 813 εὐφρασίαν
530 739 868 810 ἐχαρίζοντο,
900 738 929 791 ὃ
957 737 1318 810 ἑρμηνεύεται
1354 739 1768 809 συνημμένον,

208 829 235 896 ἢ
264 827 804 898 συνεστραμμένον.

1878 739 2210 810 epulandum
2243 740 2426 810 largiri
2453 740 2690 795 solebat:
2725 757 2842 809 quae
2870 757 2970 794 vox
3004 741 3142 795 idem
3171 741 3442 812 signiﬁcat

1872 845 1937 884 ac
1969 830 2328 899 conjunctum,
2366 832 2480 886 sive
2509 841 2947 900 coagmentatum.

216 972 3397 1012 Μ

1264 1125 1401 1179 ΤΟΥ
1441 1122 1530 1178 EN
1569 1125 1796 1179 ΑΙΊΟΙΣ
1834 1127 2107 1181 ΠΑΤΡΟΣ
2147 1130 2344 1182 ΗΜΩΝ

861 1292 1487 1378 ΕΠΙΦΑΝΙΟΥ
1542 1294 2214 1380 ΕΠΙΣΚΟΠΟΥ
2269 1297 2734 1383 ΚΥΠΡΟΥ

1308 1468 1452 1540 Πρὸς
1484 1469 1748 1541 Διόδωρον
1774 1472 2071 1527 ἐπίσκοπον
2101 1473 2281 1546 Τύρου

378 1618 559 1681 [Ep]
600 1625 740 1681 ΤΩΝ
770 1622 865 1679 ΙΒ’
899 1626 1132 1680 ΛΙΘΩΝ
1169 1627 1308 1680 ΤΩΝ
1347 1624 1591 1682 ΟΝΤΩΝ
1613 1628 1718 1680 ΕΝ
1751 1626 1913 1682 ΤΟΙΣ
1953 1631 2406 1686 ΣΤΟΛῙΣΜΟΙΣ
2445 1633 2572 1686 ΊῸΥ
2605 1635 2856 1688 ΑΛΡΩΝ
2888 1634 3220 1692 ΒΙΒΛΙΟΝ.

669 1855 764 1944 S.
847 1853 949 1945 P.
1029 1859 1164 1964 N.
1226 1861 1749 1953 EPIPHAN

1856 1866 1867 1952 l
1943 1864 2491 1956 EPISCOPI
2550 1869 2900 1957 CYPBI

1365 2066 1434 2104 AD
1466 2066 1743 2108 DIODORUII
1775 2071 1896 2108 TYRI
1929 2071 2222 2110 EPISCOPUI

685 2205 774 2260 DE
812 2203 1166 2263 DUODECIM
1205 2207 1470 2264 GEMMIS
1509 2211 1675 2278 ΩυίΕ
1714 2212 1749 2265 Ε

1856 2212 1947 2266 NT
1987 2213 2052 2267 IN
2092 2213 2319 2268 VESTE
2357 2212 2661 2270 AARONIS
2700 2212 2924 2269 LIBER.

1358 2364 1479 2420 Iota
1515 2365 1909 2421 Ierotaranliuo
1944 2370 2247 2439 interprete.

250 2587 480 2656 ᾜτησας
518 2585 670 2656 (παρ’
727 2585 858 2657 ἐμοῦ
899 2584 1062 2658 [7⁸]),
1115 2587 1413 2658 τιμιώτατε
1460 2588 1749 2661 (Διόδωρε),

1935 2591 2276 2663 185-225
2302 2592 2458 2660 Quod
2485 2591 2712 2662 petiisti,
2750 2591 2833 2646 vir
2861 2592 3330 2663 praestantissime,
3359 2597 3430 2656 de

193 2676 421 2745 περὶτῶν
460 2678 529 2729 ὲν
562 2675 640 2746 τῷ
669 2676 837 2747 λογίῳ
866 2677 966 2748 τῆς
1001 2677 1276 2748 ἐπωμίδος
1307 2676 1403 2730 τοῦ
1438 2679 1632 2750 ἱερέως
1660 2682 1753 2735 ἐπὶ

189 2768 262 2820 τοῦ
308 2769 542 2838 στήθους
614 2767 821 2840 Ἀαρὼν
874 2770 1362 2840 προστεταγμένων
1409 2769 1529 2824 τότε
1577 2773 1748 2841 ἐμπε-

190 2859 472 2928 πορπῆσθαι
529 2859 713 2922 λίθων,
744 2860 843 2923 τάς
884 2876 942 2910 τε
977 2860 1295 2930 ὀνομασίας,
1338 2861 1437 2924 τὰς
1471 2878 1528 2912 τε
1565 2863 1751 2934 χρόας,

187 2949 268 3001 εἴτ’
316 2946 402 3004 οὖν
440 2951 615 3016 ίδὲας,
652 2949 776 3013 τούς
813 2967 872 3002 τε
915 2950 1137 3014 τόπους,
1174 2950 1267 3003 καὶ
1308 2950 1407 3014 τὰς
1449 2951 1528 3014 εἰς
1569 2951 1752 3005 θεοσέ-

188 3039 316 3092 ϐειαν
355 3042 635 3114 φερούσας
664 3042 772 3094 τῶν
811 3041 990 3094 αὐτῶν
1029 3040 1190 3094 λίθων
1226 3041 1476 3112 Θεωρίας,
1505 3043 1599 3095 καὶ
1624 3043 1753 3096 ’ἑκασ-

189 3145 287 3196 cro;
329 3133 504 3196 λίθοςξ
542 3131 684 3203 ὑπὲρ
732 3133 891 3194 ποίας
927 3131 1101 3202 φυλῆς
1151 3131 1437 3184 ἐτέτακτο·
1485 3133 1650 3186 πόθεν
1691 3151 1752 3188 ἰε

189 3223 402 3295 εὓρηται,
436 3227 542 3280 καὶ
579 3225 739 3289 ποίας
766 3223 1024 3296 πατρίδος
1055 3223 1153 3293 (8).

240 3400 483 3471 Τετραχῆ
518 3399 578 3452 δὲ
607 3399 897 3472 διαιρεῖται
926 3397 989 3450 τὸ
1025 3397 1227 3466 λόγιον,
1256 3397 1365 3468 ,καὶ
1399 3397 1530 3452 αὐτὸ
1559 3397 1749 3467 τετρά-

187 3506 349 3556 γωνον,
379 3489 672 3560 σπιθαμῆς
712 3489 775 3541 τὸ
822 3489 995 3559 μῆκος
1039 3489 1134 3540 καὶ
1183 3483 1341 3558 εὖρος
1387 3486 1609 3558 ὁμοίως.
1640 3485 1748 3539 Τοῦ

183 3583 264 3650 μὲν
290 3581 511 3652 πρώτου
545 3580 729 3649 στίχου
759 3579 974 3652 πρῶτος
997 3578 1146 3642 λίθος
1171 3579 1408 3649 σάρδιον,
1435 3573 1554 3632 εἶτα
1582 3578 1750 3631 τοπὰ-

181 3671 294 3737 ζιον,
321 3669 438 3726 εἷτα
485 3672 822 3744 σμάραγδος.
855 3671 963 3726 Τοῦ
993 3673 1047 3726 δὲ
1089 3673 1344 3745 δευτέρου
1383 3672 1565 3743 στίχου
1598 3672 1750 3743 πρῶ-

175 3778 253 3825 τος
273 3762 415 3827 λίθος
455 3761 690 3834 ἄνθραξ,
736 3757 853 3815 εἶτα
889 3763 1212 3834 σάπφειρος,
1249 3757 1367 3814 εἶτα
1408 3761 1612 3824 ἴασπις.
1641 3761 1747 3815 Τοῦ

177 3855 338 3922 τρίτου
371 3857 561 3926 στίχου
609 3853 825 3925 πρῶτος
866 3853 1033 3918 λίθος,
1063 3853 1328 3924 λιγύριον,
1363 3848 1482 3906 εἶτα
1514 3853 1744 3922 ἀχάτης,

1856 2685 2085 2754 gemmis
2131 2697 2268 2752 quas
2316 2683 2369 2738 in
2414 2682 2671 2736 rationali
2714 2681 2826 2736 sive
2869 2683 3092 2738 oraculo
3123 2684 3270 2740 dicto
3298 2703 3429 2758 epo-

1854 2772 2015 2828 midis
2054 2773 2352 2826 humeralis
2394 2770 2722 2836 sacerdotis,
2765 2785 2931 2841 supra
2968 2783 3157 2842 pectus
3196 2775 3428 2834 Aaronis

1853 2861 2120 2919 Dominus
2138 2862 2305 2934 jussit
2327 2874 2358 2913 a
2384 2858 2455 2927 lig
2493 2857 2632 2921 ri,ut
2662 2877 2786 2916 cum
2823 2878 3011 2918 eorum
3056 2865 3300 2932 nomina,
3334 2883 3426 2923 co-

1854 2955 1995 3010 lores
2019 2955 2134 3011 sive
2167 2956 2391 3018 formas,
2417 2952 2588 3017 locos,
2616 2960 2670 3006 et
2694 2968 2816 3022 quae
2846 2952 3055 3008 faciunt
3075 2955 3199 3012 inde
3226 2958 3292 3011 ad
3315 2960 3415 3028 pie-

1852 3053 2018 3100 tatem
2045 3045 2447 3108 meditationes,
2469 3055 2582 3098 tum
2609 3041 2770 3098 etiam
2799 3045 2864 3099 ad
2888 3060 3051 3115 quam
3080 3045 3427 3103 indicandam

1852 3135 2055 3189 tribum
2118 3134 2369 3203 quaelibet
2399 3149 2607 3202 gemma
2641 3136 2814 3206 posita
2872 3134 3056 3201 fuerit,
3107 3152 3326 3207 quoque
3371 3141 3424 3193 in

1855 3225 1974 3278 loco
2004 3231 2056 3277 et
2085 3232 2136 3276 tn
2178 3239 2284 3292 qua
2315 3223 2491 3292 patria
2527 3223 2856 3288 inveniatur,
2890 3224 2941 3279 id
2969 3230 3162 3295 paucis
3201 3228 3297 3282 tibi
3330 3243 3428 3282 ex-

1851 3330 2045 3386 ponam
2077 3334 2090 3368 :
2124 3315 2224 3368 hoc
2253 3316 2470 3382 quidem
2500 3316 2573 3368 ita
2599 3331 2658 3370 se
2687 3315 2868 3371 habet.

1921 3402 2327 3470 Quadril‘ariam
2361 3404 2563 3460 dicitur
2594 3407 2876 3460 rationale.
2898 3405 2963 3459 Et
2990 3407 3166 3476 ipsum
3191 3407 3428 3477 quadra-

1850 3503 1963 3550 tum
1985 3495 2146 3565 palmi
2180 3495 2567 3565 longitudinem
2591 3511 2654 3550 ac
2678 3497 3018 3552 latitudinem
3045 3498 3225 3552 habet.
3255 3497 3426 3554 Primi

1848 3587 2066 3658 quidem
2106 3588 2314 3642 ordinis
2345 3589 2517 3657 prima
2567 3603 2800 3658 gemma,
2851 3589 3090 3655 sardius,
3127 3596 3240 3643 tum
3277 3601 3429 3659 topa-

1849 3677 2130 3741 zius,dein
2163 3679 2505 3748 smaragdus.
2539 3678 2826 3734 Secundus
2849 3680 2985 3734 ordo
3015 3681 3245 3750 primam
3273 3696 3425 3749 gem-

1849 3786 1992 3824 mam
2043 3771 2201 3823 habet
2255 3771 2677 3833 carbunCulum,
2731 3772 3027 3826 secundam
3082 3771 3424 3841 sapphirum.

1848 3860 2061 3914 tertiam
2099 3859 2386 3928 iaspidem.
2423 3859 2481 3913 lu
2519 3863 2680 3914 tertio
2721 3861 2915 3914 ordine
2953 3868 3100 3923 sunt,
3137 3860 3313 3930 prima
3355 3861 3425 3914 li-

175 3940 279 3999 εἷτα
300 3946 632 4017 ἀμέθυστος.
659 3945 766 3999 Τοῦ
793 3947 1056 4016 τετάρτου
1085 3947 1267 4016 στίχου
1287 3944 1522 4017 πρῶτος,
1547 3943 1746 4012 χρυσό-

1856 3952 2060 4024 gurius,
2121 3952 2362 4007 secunda
2416 3953 2678 4017 achates,
2737 3953 2898 4006 tertia
2951 3952 3313 4022 amethystus.
3364 3953 3420 4008 In

175 4035 326 4103 λιθος,
371 4034 490 4092 εἶτα
527 4037 836 4110 βηρύλλιον,
872 4035 990 4093 εἶτα
1041 4037 1273 4108 ὀνύχιον.
1305 4037 1415 4090 Καὶ
1453 4029 1598 4088 οὗτοι
1643 4033 1743 4104 μὲν

172 4129 294 4182 εἰσὶν
326 4131 377 4182 οἱ
406 4130 495 4200 ιβ’,
524 4133 573 4183 oi
604 4133 662 4183 ἐν
695 4132 761 4201 τῇ
789 4129 1025 4201 ἐπωμίδι
1063 4128 1156 4182 τοῦ
1207 4129 1396 4200 ἱερέως
1442 4125 1747 4198 ἐξηρτημέ-

173 4237 260 4286 νοι,
291 4214 366 4276 ὧν
396 4223 494 4277 καὶ
515 4223 797 4294 διαφοραὶ,
827 4222 923 4275 καὶ
959 4222 1008 4274 οἱ
1039 4221 1194 4274 τόποι
1224 4213 1389 4274 οὗτοι·

920 4426 999 4478 Α’.

232 4517 459 4587 Πρῶτος
493 4516 641 4580 λίθος
673 4516 889 4586 σάρδιος
922 4517 950 4568 ὁ
979 4512 1343 4576 Βαϐυλώνιος,
1383 4511 1526 4565 οὓτω
1553 4511 1749 4565 καλού-

175 4623 340 4672 μενος.
376 4607 539 4660 Ἐστι
576 4599 634 4660 δὲ
669 4605 929 4677 πυρωπὸς
955 4604 1035 4676 τῷ
1067 4603 1197 4657 εἴδει
1242 4604 1336 4657 καὶ
1373 4602 1744 4672 αἱματοειδὴς,

173 4697 365 4768 σαρδίῳ
389 4699 477 4768 τῷ
500 4697 643 4768 ίχθύί
665 4697 1104 4768 τεταριχευμένῳ
1129 4693 1322 4755 ἐοικώς
1343 4709 1356 4722 ·
1384 4693 1462 4746 διὸ
1490 4693 1587 4745 καὶ⁹
1617 4693 1748 4761 σάρ-

171 4787 270 4851 διος
322 4789 573 4857 λέγεται,
617 4789 724 4840 ἀπὸ
771 4787 865 4840 τοῦ
905 4787 1078 4848 εἴδους
1128 4782 1308 4836 λαϐὼν
1351 4783 1412 4836 τὸ
1442 4780 1745 4850 ἐπώνυμον.

183 4879 264 4932 Ἐν
289 4879 576 4932 Βαϐυλῶνι
603 4879 660 4931 δὲ
685 4879 752 4947 τῇ
779 4877 915 4947 πρὸς
947 4873 1236 4945 Ἀσσυρίαν
1258 4871 1487 4941 γίνεται.
1518 4872 1672 4923 Ἐστι
1691 4869 1749 4922 δὲ

171 4971 390 5041 διαυγὴς
417 4973 450 5024 6
482 4970 626 5033 λίθος
650 4986 665 4999 ’
696 4969 976 5038 δυνάμεως
1005 4966 1061 5019 δέ
1106 4967 1225 5018 ἐστι
1253 4961 1672 5033 θεραπευτικῆς,
1703 4951 1749 5027 ᾧ

173 5062 471 5131 κέχρηνται
499 5061 551 5113 οι
579 5059 753 5130 ἰατροὶ
785 5059 922 5130 πρὸς
964 5057 1254 5128 οἰδήματα,
1294 5053 1390 5107 καὶ
1426 5051 1590 5114 ἄλλας
1615 5051 1749 5121 πλη-

172 5152 262 5216 γὰς
316 5152 429 5204 ὐτὼ
483 5151 702 5222 σιδήρου
739 5149 1088 5219 γιγνομένας.
1129 5146 1285 5198 Ἔστι
1328 5143 1385 5197 δὲ
1431 5143 1526 5196 καὶ
1567 5140 1747 5204 ἄλλος,

175 5242 457 5313 εαρδόνυξ,
589 5241 835 5295 καλεῖται
870 5239 1134 5311 μολοχάς·
1168 5226 1501 5306 μαλακτικὸς
1541 5232 1596 5285 δέ
1619 5233 1747 5339 ’ἐστι
1777 5281 1823 5339 D

176 5334 594 5404 στεατωμὰτων.
626 5334 737 5404 Τῆς
769 5333 834 5400 ,δὲ
879 5331 1054 5401 αὐτῆς
1107 5329 1251 5392 ἰδέας
1297 5326 1578 5398 τυγχάνει,
1611 5325 1746 5376 ὑπο-

240 5486 339 5554 (Ἲ⁰)
363 5485 536 5556 Deest
557 5485 784 5556 aliquid,
807 5495 860 5539 et
888 5484 1160 5556 sententia
1183 5483 1401 5556 pendet.

240 5549 331 5622 (εγ
355 5549 672 5628 Genuinum
701 5557 1056 5628 et__integrum
1085 5549 1381 5628 Epiphanii
1404 5549 1740 5628 opus_de_.xu

182 5617 406 5696 geminis
448 5641 575 5681 esse
615 5617 930 5696 perhibetur
961 5623 1103 5692 quod
1132 5617 1216 5681 ’ἰὴ
1275 5617 1500 5704 antiqua
1552 5617 1744 5670 Latina

1847 4053 2062 4114 quarto,
2088 4043 2262 4113 prima
2293 4043 2684 4114 chrysolithus,
2713 4043 2952 4098 secunda
2978 4043 3240 4114 beryllus,
3265 4046 3424 4099 tertia

1847 4131 2159 4200 onychium.
2190 4129 2256 4184 Et
2287 4131 2404 4186 ista:
2433 4130 2652 4201 quidem
2683 4139 2810 4187 sunt
2841 4146 2919 4184 xu
2948 4147 3192 4202 gemmae.
3221 4148 3342 4202 qua:
3370 4134 3423 4186 iu

1849 4222 2117 4276 humerali
2159 4222 2452 4296 (epomide)
2483 4222 2788 4278 sacerdotis
2820 4230 2950 4276 sunt
3001 4237 3250 4291 annexze,
3285 4239 3424 4295 qua-

1848 4327 1970 4366 rum
2005 4319 2121 4367 tum
2150 4313 2468 4368 discrimina
2508 4323 2620 4366 tum
2652 4312 2756 4368 loci
2789 4318 2920 4366 sunt
2951 4309 3038 4366 isti
3069 4329 3082 4366 :

1918 4510 2101 4566 Prima
2124 4528 2357 4584 gemma,
2380 4513 2597 4569 sardius
2622 4513 2953 4586 Babylonius
2979 4515 3146 4571 dicta.
3172 4514 3269 4571 Est
3293 4531 3423 4570 vero

1851 4601 2023 4655 forma
2071 4602 2249 4671 ignea,
2294 4609 2350 4655 et
2399 4617 2521 4670 quae
2566 4606 2855 4674 sanguinis
2905 4607 3144 4662 colorem
3194 4605 3418 4663 referat.

1850 4691 2036 4747 sardio
2066 4693 2201 4761 pisci
2237 4693 2350 4746 sale
2377 4693 2596 4749 condito
2626 4703 2680 4749 et
2711 4697 3014 4752 inveterato
3040 4696 3236 4751 similis
3263 4714 3276 4748 :
3313 4713 3419 4764 qua

1849 4783 1918 4838 de
1961 4797 2129 4838 causa
2162 4783 2324 4837 etiam
2371 4783 2590 4838 sardius
2634 4783 2857 4848 dicitur,
2899 4800 2930 4838 a
2981 4785 3155 4838 forma
3191 4784 3418 4852 (colore)

1849 4875 2071 4929 neruine
2102 4875 2409 4944 desumpta.
2445 4873 2706 4930 Nascitur
2754 4876 2809 4930 in
2859 4875 3132 4946 Babylone
3171 4875 3421 4945 Assyrio-

1851 4979 1996 5018 rum.
2029 4961 2306 5018 Pellucida
2333 4971 2420 5019 est
2448 4982 2461 5018 :
2489 4972 2542 5019 et
2568 4964 2676 5017 vim
2724 4964 2888 5019 habet
2934 4963 3184 5019 medendi
3225 4963 3291 5018 ad
3335 4974 3418 5016 tu-

1851 5069 2032 5109 mores
2076 5069 2142 5109 ac
2193 5056 2419 5110 vulnera
2467 5054 2613 5109 ferro
2656 5055 2882 5110 inﬂicta.
2922 5055 3016 5111 Est
3057 5062 3115 5110 et
3161 5055 3265 5109 alia
3300 5070 3421 5123 qua:

1850 5143 2126 5214 sardonyx
2164 5153 2415 5209 vocatur,
2449 5147 2615 5217 226
2647 5158 2700 5202 et
2733 5148 3074 5211 molocbites,
3104 5146 3212 5199 vim
3251 5145 3423 5198 emol-

1852 5232 2018 5288 liendi
2049 5243 2369 5290 steatomata
2401 5238 2628 5293 habens.
2665 5237 2922 5306 Ejusdem
2961 5239 3077 5292 haec
3107 5235 3308 5289 coloris
3337 5245 3425 5288 est

1849 5340 1974 5378 cum
2021 5327 2326 5394 superiore,
2375 5327 2696 5382 subviridis.
2735 5327 3069 5382 Gravissima
3112 5333 3294 5379 autem
3336 5331 3422 5376 est

1851 5476 2100 5549 versione
2128 5486 2514 5549 repertum,“
2541 5477 2662 5533 cod.
2693 5476 2978 5547 Vaticano,
3002 5477 3201 5549 prodiit
3233 5475 3424 5528 lieni-1‘

1852 5547 2010 5602 1745.
2047 5546 2180 5602 Vide
2214 5547 2374 5600 infra.
2404 5547 2558 5601 Enn.
