3916 6196
432 260 535 317 995

1816 247 1873 301 S.
1914 245 2252 302 EPlPllANll

3568 252 3674 305 206

436 373 539 427 sub
568 370 783 424 initium
806 367 975 422 veris.
1001 379 1122 419 cum
1158 358 1471 431 liujusmodi
1507 359 1665 413 mala:
1694 357 2007 413 alIccﬁoncs

2131 358 2402 428 [λωρίζων.
2438 357 2889 428 Ἐμϐριθέστατος
2915 355 2971 407 δὲ
2999 355 3198 425 μᾶλλον
3224 353 3373 424 παρὰ
3393 355 3487 426 τὴν
3504 358 3676 428 ἀρχὴν

434 464 725 533 incipiunt.

510 703 780 772 Topazius
809 710 1017 768 gemma
1061 695 1245 749 colore
1280 691 1438 746 rubet
1471 691 1647 759 magis
1679 703 1842 758 quam
1882 701 2005 740 car-

440 794 727 849 bunculus.
763 787 1019 843 Nascitur
1044 787 1098 839 in
1134 783 1353 853 Topaza
1388 782 1524 837 urbe
1566 780 1753 842 lndim,
1790 780 2008 833 inventa

440 882 713 955 quondam
752 880 864 933 illic
897 893 927 930 a
959 876 1211 946 lapicidis
1241 876 1295 927 in
1321 873 1486 927 corde
1520 872 1748 925 alterius
1773 869 2006 940 lapidis:

441 986 602 1042 quam
637 984 761 1023 cum
798 966 1138 1037 splendidam
1171 964 1461 1027 vidissent,
1494 970 1547 1015 et
1584 960 1863 1015 Thebanis
1892 958 2013 1027 qui—

442 1060 668 1116 busdam
700 1056 1069 1112 ostendissent
1107 1068 1274 1124 parvo
1324 1052 1499 1121 pretio
1532 1049 1842 1104 vendidere.
1872 1048 2015 1103 Thc-

444 1151 571 1205 bani
599 1162 727 1203 vero
761 1158 873 1200 tum
907 1147 1167 1213 temporis
1205 1157 1430 1211 regnum
1489 1140 1890 1194 administranti
1927 1154 2014 1193 re-

443 1244 583 1314 gina:
609 1240 932 1294 attulerunt.
970 1235 1066 1289 Illa
1106 1249 1236 1289 vero
1279 1232 1576 1288 diademati
1615 1247 1716 1287 suo
1756 1231 2015 1301 imposuit

446 1334 500 1386 iu
546 1331 722 1385 medio
777 1327 993 1382 frontis.
1052 1324 1225 1379 liabet
1268 1324 1377 1379 tale
1420 1324 1847 1393 experii’ucnuun
1903 1323 2016 1375 haec

447 1435 658 1491 gemma
696 1438 709 1473 :
758 1418 958 1471 Attrita
990 1415 1199 1471 medica
1245 1424 1367 1469 cote
1414 1414 1592 1467 reddit
1634 1427 1858 1468 succum
1908 1428 2013 1467 nor.

449 1527 548 1581 pro
573 1525 674 1564 suo
704 1509 886 1563 colore
917 1506 1167 1573 rubrum,
1194 1505 1287 1560 sed
1322 1505 1579 1559 lacteum.
1612 1502 1804 1573 Implet
1832 1510 2014 1556 autem

451 1615 615 1655 succo
658 1600 804 1653 illius
852 1598 1053 1651 attrita:
1094 1602 1231 1665 quot
1281 1601 1522 1649 crateres
1564 1594 1801 1647 voluerit
1838 1593 1883 1645 is
1924 1592 2017 1660 qui

2102 445 2195 497 τοῦ
2226 445 2405 515 ἔαρος,
2434 447 2520 498 ὅτε
2546 448 2577 515 ἡ
2606 447 2745 515 ἁρχὴ
2779 445 2887 495 τῶν
2922 445 3127 496 παθῶν.

2843 573 2919 627 B’.

2179 682 2337 744 Λίθος
2381 680 2661 745 τοπάζιον,
2707 683 2938 754 ἐρυθρὸς
2985 683 3063 753 τῷ
3095 683 3227 737 εῖδει
3282 684 3423 754 ὑπὲρ
3463 685 3558 739 τὸν
3592 687 3687 740 ἆν-

2108 769 2305 841 ορακα.
2365 771 2579 823 Γίνεται
2612 774 2634 803 ³
2667 770 2723 823 δὲ
2763 773 2820 823 ὲν
2869 772 3091 843 Τοπάζῃ
3146 773 3298 825 πόλει
3329 774 3430 844 τῆς
3479 772 3686 837 Ἰνδίας,

2109 861 2214 914 ὑπὸ
2238 861 2346 913 τῶν
2376 862 2556 915 ἐκεῖσὲ
2597 880 2728 916 ποτε
2758 862 2939 927 λίθους
2970 863 3370 933 λατομούντων,
3403 867 3461 916 ὲν
3493 865 3686 937 καρδία

2110 952 2296 1020 ἐτέρου
2341 950 2525 1003 λίθου’
2564 951 2622 1003 ὃν
2665 954 2715 1004 οἱ
2754 952 3158 1022 λατομήσαντες
3204 952 3540 1021 θεασάμενοι
3566 971 3685 1020 (ξαι-

2108 1040 2252 1110 δρὸν,
2279 1040 2373 1093 καὶ
2403 1042 2780 1106 ὑποδείξαντες
2824 1041 3162 1112 ἀλάϐαστρον
3184 1058 3324 1094 τισιν
3360 1043 3402 1105 ⁸,
3432 1042 3691 1095 ἀπέδοντο

2111 1130 2290 1198 όλίγου
2328 1132 2654 1201 τιμήματος.
2683 1130 2909 1201 Θηϐαῖοι
2954 1132 3011 1184 δὲ
3064 1133 3444 1202 προσήνεγκαν
3472 1136 3539 1203 τῇ
3576 1136 3691 1187 κατ’

2111 1221 2316 1274 ἐκεῖνον
2346 1223 2535 1293 καιρὸν
2564 1223 2850 1296 βασιλίσσῃ
2873 1240 2886 1253 ·
2919 1225 2952 1293 ή
2976 1223 3033 1276 δὲ
3056 1222 3318 1289 λαϐοῦσα,
3342 1225 3399 1275 ὲν
3424 1224 3502 1293 τῷ
3526 1226 3696 1291 αὐτῆς

2112 1310 2402 1381 διαδήματι
2433 1315 2595 1384 μέσον
2637 1314 2730 1366 τοῦ
2771 1314 3022 1384 μετώπου
3064 1314 3367 1386 περιέθετο.
3401 1316 3555 1385 Ἔχει
3581 1316 3639 1368 δὲ
3670 1320 3698 1364 ὁ

2113 1405 2259 1467 λίθος
2286 1404 2515 1475 δοκιμὴν
2549 1405 2779 1457 τοιάνδε⁶
2805 1406 3142 1477 Τριϐὁμενος
3160 1406 3231 1460 ἐν
3260 1409 3474 1480 ἰατρικῇ
3502 1412 3701 1479 ἀκόνῃ,

2114 1497 2214 1548 οὑκ
2250 1495 2479 1566 ἐρυθρὸν
2517 1495 2809 1549 ἀποδίδωσι
2862 1498 3003 1550 κατὰ
3030 1498 3091 1550 τὸ
3132 1498 3329 1569 χρῶμα
3378 1499 3469 1552 τὸν
3514 1501 3701 1569 χυλὸν,

2118 1586 2251 1639 ἀλλὰ
2284 1586 2629 1657 γαλακτώδη.
2680 1586 3012 1658 Ἐμπίπλησι
3045 1589 3102 1641 δὲ
3132 1590 3415 1663 κρατῆρας
3440 1591 3600 1656 ὅσους
3633 1594 3699 1645 ἂν

453 1690 682 1754 aﬂ‘ricat,
723 1690 884 1759 idque
925 1690 1131 1757 absque
1175 1686 1378 1755 prioris
1426 1684 1686 1755 ponderis
1732 1685 1822 1737 illa
1860 1683 2019 1752 plane

2131 1676 2251 1750 θέλῃ
2275 1676 2610 1747 άποτρίϐων,
2637 1677 2732 1731 καὶ
2754 1676 2847 1730 τοῦ
2870 1680 3134 1750 προτέρου
3161 1680 3402 1749 σταθμοῦ
3421 1680 3522 1733 οὐκ
3543 1682 3700 1735 ἐλατ-

453 1780 854 1835 imminutione.
890 1778 1053 1834 Utilis
1081 1786 1165 1833 est
1187 1791 1387 1833 succos
1421 1777 1509 1829 hic
1537 1774 1605 1828 ad
1632 1775 1852 1829 morbos
1884 1788 2020 1827 ocu-

454 1874 651 1926 lorum.
681 1870 889 1940 Epotus
921 1871 1244 1926 adversatur
1277 1870 1527 1939 liyilropi,
1570 1877 1625 1922 et
1665 1865 1912 1922 medetur
1941 1873 2025 1918 ta-

456 1963 799 2019 bescentibus
833 1962 901 2017 ab
939 1977 1041 2016 uva
1071 1962 1282 2015 marina
1308 1970 1543 2029 sumpta.

534 2289 865 2360 Sniaragdus
892 2305 1122 2362 gemma.
1151 2288 1382 2343 Vocatur
1408 2288 1523 2343 haec
1555 2289 1718 2344 etiam
1748 2288 2023 2357 prasinus,

457 2390 649 2451 estque
676 2382 838 2436 viridi
873 2382 1075 2444 colore,
1104 2389 1159 2434 et
1191 2378 1449 2433 dill‘erunt
1470 2387 1651 2432 tamen
1682 2379 2025 2447 aliquantum

458 2476 601 2528 inter
634 2488 713 2527 se.
746 2472 975 2537 Quidam
1010 2470 1154 2523 enim
1185 2470 1308 2522 illos
1337 2466 2025 2531 vocantNeronianos,alii

463 2562 815 2616 Domitianos.
842 2559 906 2612 Et
925 2558 1269 2612 Neronianas
1294 2558 1512 2627 quidem
1534 2572 1697 2627 parva
1720 2565 1804 2612 est
1830 2558 2024 2623 forma,

465 2652 621 2708 valde
648 2650 855 2714 viridis,
892 2648 1219 2718 pellucidus,
1250 2655 1304 2702 et
1338 2648 1647 2717 splendens.
1682 2647 2027 2717 Appellatum

469 2757 598 2797 vero
637 2739 1004 2795 Neronianum
1050 2738 1164 2792 sive
1204 2737 1566 2791 Domitianum
1611 2736 1921 2807 hujusmodi
1962 2736 2028 2793 de

467 2846 631 2885 causa
691 2829 901 2884 ferunt:
955 2826 1222 2883 Neronem
1282 2828 1434 2883 aiunt
1490 2829 1604 2883 sive
1661 2827 2025 2882 Domitianum

463 2922 641 2976 oleum
682 2922 735 2975 in
785 2920 953 2974 multa
978 2935 1109 2975 vasa
1140 2918 1410 2974 iufudisse
1439 2938 1453 2975 :
1487 2929 1542 2974 ct
1571 2921 1857 2976 intervallo
1893 2928 2030 2973 tem-

464 3015 632 3083 poris,
677 3013 853 3066 oleum
887 3011 1113 3065 viridem
1147 3010 1385 3064 colorem
1420 3010 1781 3071 contraxisse,
1818 2994 2030 3076 hocque

464 3104 583 3157 oleo
628 3112 834 3170 petram
879 3100 1156 3168 copiosius
1208 3101 1437 3170 rigatam
1491 3098 1785 3154 ﬂoridioris
1830 3099 2031 3154 coloris

464 3192 725 3247 evasisse.
773 3191 878 3244 Alii
911 3191 1103 3245 dicunt
1132 3189 1401 3246 Neronem
1424 3192 1713 3261 quemdam
1748 3190 2033 3260 antiquum

465 3284 747 3347 artificem,
790 3299 1125 3353 gemmarum
1186 3284 1536 3354 scalptorem,
1586 3283 1853 3353 smaragdi
1895 3298 2034 3353 pra:-

467 3373 687 3440 cipuum
725 3388 882 3426 usum
929 3372 1232 3437 invenisse,
1265 3381 1318 3427 et
1349 3387 1615 3442 gemmam
1648 3373 1807 3427 istam
1838 3374 1907 3428 ab
1942 3374 2034 3427 illo

466 3464 831 3520 Neronianam
871 3467 1072 3521 dictam
1109 3485 1121 3520 :
1154 3468 1244 3520 alii
1280 3484 1409 3521 vero
1454 3466 1813 3522 Domitianam
1853 3470 2036 3540 appel-

472 3558 571 3610 lari
606 3557 835 3610 malunt.
875 3556 1013 3611 Sunt
1042 3566 1220 3611 autem
1254 3567 1307 3612 et
1339 3558 1431 3611 alii
1471 3559 1745 3628 smaragdi
1785 3577 1798 3613 :
1838 3568 1892 3614 et
1923 3560 2037 3629 pri-

471 3664 591 3703 mus
634 3648 852 3717 quidem
904 3649 1151 3702 nascitur
1196 3649 1250 3701 iu
1294 3647 1502 3711 Iudaea,
1541 3647 1851 3702 Ncroniano
1882 3651 2037 3706 valde

469 3739 662 3793 similis
701 3758 713 3793 :
751 3740 887 3793 alter
926 3754 1054 3794 vero
1097 3739 1153 3793 in
1210 3738 1526 3808 Aitliiopia,
1565 3754 1727 3809 quem
1776 3742 1940 3793 etiam
1982 3741 2036 3793 in

472 3827 703 3884 Phisone
744 3828 909 3883 lluvio
958 3832 1110 3883 nasci
1162 3830 1375 3885 dicunt.
1416 3830 1620 3885 Phison
1667 3840 1848 3885 autem
1893 3831 2035 3901 apud

469 3920 686 3974 Graecos
727 3918 922 3984 Indus,
974 3921 1116 3991 apud
1167 3921 1441 3975 Barbaros
1485 3920 1701 3991 Ganges
1785 3932 2032 3978 vocatur.

471 4012 640 4065 Aiunt
668 4013 841 4066 etiam
869 4013 1261 4067 carbunculum
1292 4013 1348 4067 iu
1393 4013 1493 4067 hoc
1524 4012 1686 4067 ﬂuvio
1726 4013 1889 4083 gigni.
1927 4014 2037 4067 Illic

469 4102 634 4163 enim,
672 4098 830 4170 227
862 4102 1039 4172 inquit
1080 4102 1254 4157 Moses
1278 4103 1317 4169 ¹,
1351 4102 1723 4157 carbunculus
1747 4111 1800 4158 et
1828 4116 2036 4173 gemma

475 4191 746 4258 prasinus.
780 4187 982 4245 Ferunt
1018 4200 1195 4244 autem
1242 4191 1591 4262 smaragdum
1634 4193 1839 4261 speculi
1867 4194 2039 4247 instar

474 4280 736 4349 imagines
774 4281 1021 4333 reddere.
1062 4280 1308 4335 Tradunt
1350 4283 1513 4335 etiam
1563 4281 1889 4338 fabulatores
1930 4283 2035 4336 vim

471 4385 593 4424 eum
629 4369 823 4422 habere
854 4369 918 4421 ad
951 4369 1323 4437 prwdicendas
1355 4386 1444 4425 res
1485 4370 1718 4425 futuras.

1204 4502 1293 4557 1V.

543 4617 919 4673 Carbunculus
961 4632 1194 4688 gemma,
1223 4618 1461 4676 Puniceo
1505 4620 1691 4676 colore
1723 4621 1895 4677 ardet.
1930 4622 2038 4677 Na-

476 4704 648 4760 scitur
693 4704 746 4758 in
790 4704 1121 4775 Carthagine
1164 4708 1382 4779 Libyae,
1420 4723 1540 4778 quae
1589 4708 1793 4764 dicitur
1832 4709 2039 4767 Africa.

477 4795 616 4850 Sunt
653 4796 743 4869 qui
798 4796 871 4850 ita
908 4796 1139 4853 inveniri
1189 4799 1327 4852 hanc
1367 4815 1631 4868 gemmam
1675 4802 1859 4855 dicant
1900 4822 1913 4856 :
1952 4804 2038 4855 in-

476 4887 650 4941 terdiu
669 4886 887 4956 quidem
906 4903 1016 4941 non
1038 4886 1232 4948 videri,
1260 4888 1354 4941 sed
1382 4901 1546 4942 noctu
1578 4890 1751 4943 instar
1776 4889 2039 4958 lampadis

476 4988 531 5033 et
561 4978 814 5033 carbonis
844 4978 1195 5033 scintillantis
1224 4978 1440 5031 eminus
1463 4993 1525 5032 ac
1540 4979 1730 5047 procul
1752 4992 2033 5048 apparere.

477 5069 614 5123 Hinc
654 5067 891 5138 agnitam
932 5064 1024 5135 qui
1070 5081 1188 5119 cam
1231 5076 1503 5135 qua‘runt,
1539 5067 1697 5123 facile
1732 5069 2032 5121 inveniunt.

472 5156 693 5213 Gestata
722 5157 1137 5226 quibuscunque
1174 5156 1419 5211 vestibus
1449 5164 1681 5228 tegatur,
1725 5158 1890 5211 latere
1928 5171 2036 5211 non

476 5255 671 5315 potest.
712 5245 982 5316 Splendor
1014 5245 1163 5300 enim
1194 5247 1314 5316 ejus
1351 5254 1506 5302 extra
1541 5258 1719 5303 vestes
1764 5254 2032 5316 apparet:

2121 1767 2308 1820 τοῦται
2341 1768 2448 1821 οὐδ’
2473 1767 2629 1831 ὅλως.
2661 1770 2998 1840 Χρησιμεύει
3024 1770 3079 1821 δὲ
3107 1771 3200 1823 καὶ
3222 1772 3250 1822 6
3272 1770 3331 1835 ἐξ
3356 1771 3524 1825 αὐτοῦ
3547 1768 3701 1835 οὗτος

2123 1858 2283 1929 χυλὸς
2312 1859 2449 1931 πρὸς
2477 1860 2649 1923 πάθος
2679 1860 2992 1932 ὀφθαλμῶν.
3026 1862 3137 1914 Καὶ
3163 1862 3445 1931 πινόμενος
3472 1864 3532 1916 δὲ
3555 1866 3703 1917 ἀντι-

2126 1950 2290 2004 παθεῖ
2310 1951 2447 2021 πρὸς
2478 1949 2751 2021 ὕδρωπας,
2788 1952 2881 2005 καὶ
2904 1952 3029 2016 τοὺς
3063 1951 3170 2006 ἀπὸ
3196 1953 3475 2023 σταφυλῆς
3500 1950 3704 2010 θαλασ-

2126 2040 2247 2105 σίας
2288 2040 2737 2112 μαραινομένους.

2870 2178 2943 2233 Γ’.

2197 2284 2357 2349 Λίθος
2411 2288 2745 2359 σμάραγδος.
2778 2284 2944 2353 Οὗτος
2995 2290 3236 2345 καλεῖται
3285 2294 3379 2346 καὶ
3415 2295 3704 2365 πράσινος.

2129 2377 2283 2429 Ἐστι
2314 2378 2370 2430 δὲ
2401 2378 2494 2431 καὶ
2544 2380 2751 2449 χλωρὸς
2801 2379 2876 2449 τῷ
2918 2380 3067 2447 εἴδει,
3116 2383 3210 2436 καὶ⁵
3241 2384 3473 2454 διαφορά
3515 2401 3601 2447 τις
3645 2387 3709 2437 ἐν

2126 2468 2330 2531 αὐτοῖς.
2364 2469 2522 2532 Τινὲς
2558 2470 2655 2540 μὲν
2693 2469 2801 2540 γὰρ
2833 2472 3027 2535 αὐτοὺς
3074 2473 3452 2544 Νερωνιανοὺς
3505 2474 3712 2527 καλοῦ-

2130 2576 2241 2612 σιν·
2274 2559 2423 2613 ἄλλοι
2470 2560 2525 2612 δὲ
2570 2562 2945 2632 Δομετιανούς.
2994 2564 3103 2617 Καὶ
3147 2567 3174 2617 6
3218 2566 3315 2634 μὲν
3361 2567 3714 2637 Νερωνιανὶς

2127 2649 2322 2719 πικρός
2353 2649 2372 2680 ⁵
2401 2651 2516 2703 ἐστι
2539 2650 2614 2720 τῷ
2641 2650 2789 2716 εῖδει,
2817 2653 3017 2723 σφόδρα
3050 2654 3346 2726 χλωρίζων,
3375 2656 3576 2727 διειδὴς
3613 2660 3715 2709 καὶ

2129 2738 2381 2792 στίλϐων.
2430 2740 2726 2794 Καλεῖσθαι
2755 2741 2811 2794 δὲ
2843 2743 3183 2814 Νερωνιανὸν
3218 2744 3483 2813 λέγουσιν,
3530 2748 3717 2800 εἴτουν

2126 2831 2470 2902 Δομετιανὸν,
2511 2831 2600 2885 διὰ
2646 2833 2902 2905 τοιαύτην
2943 2837 3154 2889 αἰτίαν·
3188 2840 3274 2891 ὅτι
3315 2839 3479 2907 φασὶν
3526 2838 3717 2891 ἔλαιον

2130 2921 2361 2993 Νέρωνα
2395 2923 2504 2976 εἴτε
2544 2924 2866 2993 Δομετιανὸν
2904 2927 2961 2979 ὲν
3005 2927 3218 2982 σκεύεσι
3257 2928 3435 2998 βαλεῖν
3472 2932 3713 2995 ἱκανοῖς,

2132 3012 2225 3063 καὶ
2269 3013 2333 3064 ὲκ
2378 3011 2472 3065 τοῦ
2509 3011 2589 3065 ἰοῦ
2622 3013 2697 3085 τῷ
2736 3015 2910 3086 χρόνῳ
2963 3017 3352 3089 χλωραίνεσθαι
3396 3020 3455 3072 τὸ
3502 3021 3715 3087 ἔλαιον,

2133 3101 2226 3155 καὶ
2252 3104 2315 3155 ὲκ
2344 3102 2530 3156 τούτου
2558 3105 2656 3174 τὴν
2685 3106 2886 3177 πέτραν
2915 3108 3269 3179 ποτιζομένην
3303 3113 3716 3184 περισσοτέρως

2133 3192 2372 3257 ἐξανθεῖν
2410 3196 2472 3264 τῇ
2511 3196 2686 3265 χροιᾷ.
2729 3195 2908 3249 nmo;
2943 3197 2998 3250 δέ
3030 3215 3159 3266 φασι
3197 3199 3424 3270 Νέρωνά
3458 3218 3583 3255 τινα
3616 3221 3707 3255 τεο

2134 3283 2319 3353 χνίτην
2350 3283 2457 3337 τῶν
2506 3284 2749 3339 παλαιῶν
2774 3288 3139 3357 πιναροποιὸν,
3174 3291 3346 3343 εῐτουν
3378 3291 3667 3362 λιθουργὸν
3695 3335 3711 3356 ,

2134 3373 2383 3444 ἐφευρεῖν
2433 3372 2493 3425 τὸ
2546 3374 2972 3443 ἀναγκαιότατον
3017 3376 3107 3429 τοῦ
3150 3377 3481 3448 σμαράγδου,
3506 3382 3614 3448 καὶ
3650 3383 3717 3434 ὲκ

2134 3464 2324 3517 τούτου
2378 3464 2719 3535 Νερωνιανὸν
2778 3467 3101 3520 καλεῖσθαι·
3155 3470 3204 3520 οἱ
3257 3469 3313 3521 δὲ
3360 3447 3714 3539 Δομετιανόν.

2151 3553 2309 3606 Ἀλλά
2341 3555 2434 3607 καὶ
2470 3554 2618 3607 ἄλλοι
2667 3557 2769 3609 εἰσὶ
2808 3558 3129 3628 σμάραγδοι.
3174 3558 3232 3611 '0
3280 3560 3376 3629 μὲν
3407 3561 3628 3630 πρῶτος
3660 3565 3717 3614 ἐν

2137 3648 2202 3716 τῇ
2246 3645 2492 3717 Ἰουδαίᾳ,
2523 3648 2661 3700 πάνυ
2698 3648 2888 3712 ἐοικὼς
2913 3649 2991 3719 τῷ
3019 3650 3367 3721 Νερωνιανῴ.
3410 3650 3469 3703 '0
3497 3651 3552 3702 δὲ
3597 3653 3722 3704 Ets-

2140 3754 2230 3807 ρος
2262 3738 2317 3789 ὲν
2341 3739 2407 3808 τῇ
2450 3737 2727 3809 Αἰθιοπίᾳ,
2764 3740 2823 3793 δν
2858 3742 2951 3793 καὶ
2981 3743 3037 3794 ὲν
3060 3742 3137 3812 τῷ
3177 3743 3439 3797 Φεισσῶνι
3478 3745 3721 3815 ποταμῷ

2136 3826 2349 3895 λέγεται
2378 3830 2755 3901 γεγεννῆσθαι.
2798 3833 3035 3885 Φεισσὼν
3063 3834 3119 3886 δέ
3166 3835 3257 3887 ὲστ
3272 3854 3320 3889 ιν
3348 3837 3377 3887 6
3416 3836 3570 3905 παρὰ
3601 3838 3721 3898 τοῖς

2140 3918 2394 3990 Ἕλλησιν
2435 3920 2589 3985 Ἰνδὸς
2612 3922 2961 3993 καλούμενος,
3005 3925 3154 3996 παρὰ
3186 3926 3297 3988 τοῖς
3322 3925 3633 3995 Βαρϐάροις
3659 3926 3719 3979 δὲ

2138 4014 2373 4085 Γάγγης.
2405 4015 2636 4082 Λέγουσι
2668 4014 2723 4067 δὲ
2753 4015 2846 4067 καὶ
2878 4013 2967 4066 τὸν
3006 4013 3253 4084 ἄνθρακα
3290 4016 3346 4066 ὲν
3384 4015 3530 4084 αὐτῷ
3564 4017 3721 4083 γίνε-

2141 4110 2282 4165 σθαι.
2320 4110 2465 4163 Ἐκεῖ
2486 4109 2613 4180 γὰρ,
2644 4108 2825 4178 φησὶν,
2851 4109 2878 4160 6
2904 4104 3131 4179 ἄνθραξ,
3160 4108 3252 4161 καὶ
3284 4109 3311 4159 6
3337 4107 3481 4172 λίθος
3509 4110 3536 4159 6
3570 4111 3721 4178 πρά-

2140 4218 2302 4265 σινος.
2347 4201 2411 4253 Ἦ
2440 4201 2503 4255 δὲ
2528 4203 2779 4271 δύναμις,
2823 4201 2974 4269 φασὶ,
3010 4199 3103 4253 τοῦ
3144 4199 3312 4265 λίθου,
3361 4200 3561 4271 δηλαδὴ
3620 4205 3720 4254 τοῦ

2140 4290 2475 4361 σμαράγδου,
2505 4293 2641 4364 πρὸς
2670 4290 2728 4341 τὸ
2755 4288 3164 4361 ὲνοπτρίξεσθαι
3196 4289 3502 4358 πρόσωπον.
3537 4290 3722 4358 Λέγε-

2069 4407 2111 4461 D
2140 4398 2227 4434 ται
2256 4382 2313 4435 δὲ
2347 4382 2497 4453 παρὰ
2531 4382 2641 4443 τοῖς
2675 4380 2989 4450 μυθοποιοῖς
3028 4381 3432 4453 προγνωστικὸς
3474 4378 3634 4435 εἶναι.

2888 4513 2962 4569 Δ’.

2210 4625 2369 4689 Λίθος
2393 4626 2614 4696 ἄνθραξ.
2646 4621 2810 4690 Οὗτος
2835 4623 2974 4688 εἶδος
3007 4613 3311 4693 ξυφοίνικον
3336 4626 3357 4657 ⁸
3386 4625 3519 4695 ἔχει.
3555 4628 3724 4682 Γίνεο

2135 4731 2224 4767 ται
2252 4714 2309 4764 δὲ
2352 4715 2410 4764 ὲν
2446 4713 2751 4783 Καρχηδόνι
2791 4715 2889 4784 τῆς
2924 4713 3148 4783 Λιϐύης,
3177 4714 3299 4783 ἥτις
3331 4713 3565 4784 Ἀφρικὴ
3605 4735 3722 4768 κα-

2135 4805 2326 4856 λεῖται.
2362 4803 2578 4872 Ἕτεροι
2615 4803 2671 4855 δέ
2702 4822 2833 4873 φασι
2876 4805 2967 4857 τὸν
3004 4805 3147 4858 λίθον
3191 4805 3377 4857 τοῦτον
3411 4806 3586 4869 οὕτως
3616 4810 3721 4860 εὑ-

2138 4892 2439 4963 ρίσκεσθαι,
2469 4895 2569 4947 οὐκ
2597 4896 2654 4947 ὲν
2676 4896 2858 4967 ἡμέρᾳ
2885 4898 3365 4967 κατοπτευόμενον,
3397 4897 3530 4950 ἀλλὰ
3565 4901 3727 4954 κατὰ

2137 4983 2232 5052 τὴν
2292 4983 2461 5037 νύκτα
2508 4985 2786 5057 πόρρωθεν
2831 4987 2986 5046 δίκην
3033 4988 3311 5057 λαμπάδος
3348 4989 3380 5057 ἢ
3433 4987 3729 5056 ἄνθρακος

2139 5074 2598 5145 σπινθηρίζοντος,
2656 5079 2750 5129 καὶ
2802 5078 2877 5140 ὼς
2926 5078 3195 5149 μακρόθεν
3244 5080 3542 5146 φαίνοντος.
3597 5082 3729 5134 Καὶ

2134 5162 2319 5215 τούτου
2351 5165 2821 5232 ἐπιγινώσκοντες,
2854 5168 2901 5219 οί
2936 5168 3123 5222 τοῦτον
3150 5168 3567 5239 ἁνερευνῶντες,
3616 5172 3739 5239 ρᾳ-

2133 5251 2258 5314 δίως
2294 5253 2636 5323 εὑρίσκουσιν
2678 5257 2857 5311 αὐτόν.
2904 5258 3313 5328 Βασταζόμενον
3346 5257 3401 5310 δὲ
3444 5256 3731 5312 ἀδύνατον

476 5337 616 5391 unde
666 5338 828 5391 etiam
885 5336 1254 5393 carbunculus
1307 5340 1631 5408 appellatur.
1687 5337 2027 5393 Carbunculo

2132 5341 2430 5397 διαλαθεῖν·
2486 5346 2691 5410 όποίοις
2728 5347 2835 5418 γὰρ
2879 5348 2944 5401 ἂν
2999 5350 3231 5419 ἱματίοις
3282 5349 3627 5420 κατακρυῶῇ,
3688 5353 3731 5422 ἡ

475 5428 754 5491 nonnihil,
797 5443 988 5499 parum
1031 5429 1281 5499 quidem,
1323 5432 1519 5487 similis
1558 5439 1642 5485 est
1689 5446 1899 5501 gemina
1936 5446 2026 5486 ce.

544 5600 567 5633 ¹
592 5601 724 5660 Gen.
759 5619 820 5674 tt,
848 5606 931 5662 12.
1008 5611 1027 5641 ¹
1056 5607 1298 5677 εὓρηται.
1376 5611 1397 5643 ³
1427 5610 1502 5673 ὠς
1527 5608 1864 5681 ἀλάϐαστρον
1892 5650 1908 5677 ,
1944 5610 2028 5667 vel
2057 5611 2313 5683 Θηϐαίοις
2337 5614 2496 5670 τισίν.
2575 5618 2597 5649 ⁵
2640 5616 2852 5688 μικρός.

2133 5432 2427 5503 ἁνταύγεια
2469 5438 2632 5491 αὐτοῦ
2678 5438 2874 5505 ἔξωθεν
2920 5439 3019 5509 τῆς
3069 5440 3361 5510 περιϐολῆς
3413 5440 3677 5509 φαίνεται
3707 5456 3730 5475 ο

2952 5619 2970 5650 ⁵
2993 5616 3353 5687 όξυιροίνικον.
