3916 6196
279 214 363 272 297
1477 207 1564 260 DE
1602 206 1695 260 ΧΠ
1737 206 1818 261 GE

1927 206 2003 261 llS
2040 205 2262 260 LIBER.

3384 203 3488 256 9.98

276 336 380 388 ὅθεν
421 331 506 383 καὶ
549 327 754 398 ἄνθραξ
790 327 1076 398 κέκληται.
1108 327 1318 396 Ὀλίγον
1361 328 1418 380 δὲ
1449 332 1478 381 ό
1530 329 1814 398 κεραύνιος

1927 329 2166 389 raunius,
2203 340 2363 394 quem
2397 323 2562 392 aliqui
2587 324 2815 376 οἰνωπόν
2841 337 2869 375 a
2902 323 3014 377 vini
3042 322 3360 392 nigrieantis
3393 336 3490 375 co-

274 419 567 491 λίθοςαῦτῷ
617 421 780 474 ἔοικε.
827 419 1070 472 Καλοῦσι
1103 420 1157 472 δὲ
1195 420 1287 472 τὸν
1335 420 1656 490 κεραύνιον,
1711 421 1820 473 οἰν-

275 516 420 569 ωπόν.
437 513 583 564 Ἐστι
606 511 662 564 δὲ
677 513 706 564 ό
725 509 1087 580 Χαλκηδόνιος
1103 511 1117 540 ¹
1137 509 1470 579 καλούμενος
1489 509 1634 572 λίθος
1650 525 1820 578 παρα-

275 604 474 672 πλήσιος
506 600 700 669 τούτῳ,
744 600 826 652 ὅτι
875 599 970 652 καὶ
1013 602 1076 652 ἐκ
1109 599 1202 652 τοῦ
1249 600 1411 652 αὐτοῦ
1461 599 1624 652 τόπου
1671 600 1820 670 εὑρί-

278 709 462 746 σκεται.

998 801 1072 856 E'.

335 897 479 959 Λίθος
504 895 802 966 σάπφειρος
849 893 1215 965 πορφυρίζων,
1244 895 1319 954 ὡς
1349 892 1582 963 βλάττης
1609 891 1818 962 πορφύ-

275 1004 361 1058 ρας
381 987 462 1054 (9}
485 986 584 1055 τῆς
617 986 876 1057 μελαίνης
903 987 962 1038 τὸ
984 981 1141 1048 εἶδος.
1177 983 1352 1036 Πολλὰ
1376 984 1432 1036 δὲ
1465 983 1594 1053 γένη
1626 983 1818 1036 τούτου

271 1078 605 1146 ὑπάρχουσιν.
654 1078 810 1130 Ἐστι
849 1076 958 1146 γὰρ
997 1077 1025 1126 ὁ
1078 1074 1372 1144 βασιλικὸς,
1425 1074 1816 1144 χρυσοστιγής·

270 1170 320 1222 οὐ
344 1170 476 1222 πάνυ
495 1169 554 1221 δὲ
568 1162 724 1232 οὗτος
751 1167 1185 1238 θαυμαζόμενος,
1203 1167 1277 1229 ὡς
1303 1169 1332 1219 ὁ
1351 1166 1522 1219 διόλου
1552 1165 1820 1235 πορφυρί-

271 1262 381 1325 ζων.
413 1261 522 1314 Καὶ
544 1254 698 1322 οὗτος
724 1260 780 1311 δὲ
808 1259 1023 1326 λέγεται
1049 1253 1190 1310 εἶναι
1224 1259 1280 1309 ἐν
1308 1260 1372 1327 τῇ
1420 1258 1580 1328 Ἰνδίᾳ
1607 1258 1700 1310 καὶ
1726 1259 1822 1310 Αἰ·-

269 1351 453 1420 θιοπία.
489 1352 584 1402 Διὸ
626 1351 688 1402 τὸ
719 1350 944 1419 τέμενος
980 1349 1130 1418 παρὰ
1152 1349 1334 1411 Ἰνδοῖς
1364 1349 1528 1417 φασὶν
1567 1344 1703 1402 εἶναι
1726 1347 1818 1400 τοῦ

267 1439 498 1492 Διονύσου
531 1439 639 1504 τξε’
664 1438 1010 1507 ἀναϐαθμοὺς
1041 1437 1161 1506 ἕχον
1197 1441 1259 1490 ἐκ
1301 1437 1602 1507 σαπφείρου
1645 1437 1817 1503 λίθου,

265 1529 306 1578 εί
326 1529 409 1578 καὶ
435 1530 550 1590 τοῖς
578 1526 791 1588 πολλοῖς
819 1525 1052 1594 ὑπάρχει
1073 1525 1318 1578 ἄπιστον.
1348 1526 1502 1578 Ἐστι
1529 1526 1582 1578 δὲ
1611 1524 1822 1596 θαυμα-

269 1618 375 1679 στὸς
396 1620 423 1670 ό
445 1618 595 1678 λίθος
637 1617 731 1669 καὶ
763 1618 1154 1678 εὐειδέστατος,
1194 1617 1286 1668 καὶ
1318 1615 1694 1687 χαριέστατος.
1727 1617 1820 1668 Διὸ

265 1709 345 1761 καὶ
372 1710 425 1761 ὲν
454 1712 571 1770 τοῖς
596 1711 615 1739 ⁸
647 1708 848 1776 χλιδόσι
874 1709 966 1761 καὶ
991 1708 1275 1778 όρμίσκοις
1316 1707 1666 1760 κατατιθέασι
1694 1707 1817 1759 τοῦ-

264 1818 357 1862 τον,
382 1800 617 1870 μάλιστα
648 1803 696 1854 οἱ
732 1799 990 1869 βασιλεῖς.
1019 1797 1356 1864 Ἀλεξίπονος
1381 1799 1438 1852 δέ
1464 1801 1596 1853 ἐστι.
1630 1799 1817 1869 Τριϐό-

267 1908 404 1960 μενος
445 1891 562 1960 γὰρ
594 1892 688 1942 καὶ
742 1891 1030 1962 ψυδράκων
1078 1890 1172 1943 καὶ
1223 1891 1486 1960 φυμάτων
1527 1891 1816 1960 γινομένας

263 1982 452 2050 πληγὰς
472 1983 579 2034 σὺν
600 1981 832 2048 γᾶλακτι
857 1983 1020 2045 ἰᾶται,
1044 1981 1330 2051 χριόμενος
1351 1984 1464 2044 τοῖς
1483 1981 1818 2052 ήλκωμένοις

262 2072 444 2133 τόποις.
479 2072 800 2142 Γέγραπται
843 2071 900 2123 δὲ
927 2074 1020 2125 καὶ
1068 2073 1130 2123 ἐν
1164 2070 1242 2140 τῷ
1270 2072 1440 2142 νόμῳ,
1483 2071 1580 2141 τὴν
1610 2071 1813 2140 Μωῦσῇ

259 2161 496 2228 ὀφθεῖσαν
544 2163 808 2215 ὀπτασίαν
832 2164 890 2214 ὲν
927 2160 1004 2231 τῷ
1037 2160 1173 2232 δρει,
1212 2162 1305 2214 καὶ
1331 2160 1570 2212 δοθεῖσαν
1596 2159 1816 2228 νομοθει·

264 2254 384 2318 σίαν,
414 2254 508 2306 ἐπὶ
542 2254 691 2306 λίθου
719 2253 1020 2324 σαπφείρου
1047 2253 1346 2322 πεφυκέναι
1374 2251 1611 2318 λέγεται.

318 2535 465 2597 Δίθος
500 2538 713 2595 ῐασπις.
753 2529 917 2598 υῦτός
959 2445 1073 2586 sic
1111 2533 1189 2602 τῷ
1234 2533 1361 2586 εἴδει
1411 2527 1815 2602 σμαραγδίζων,

262 2629 393 2696 παρὰ
433 2627 486 2679 δὲ
526 2625 597 2678 τὰ
630 2626 780 2696 χείλη
821 2625 910 2678 τοῦ
951 2625 1331 2696 Θερμώδοντος
1381 2621 1624 2692 ποταμοῦ
1665 2619 1818 2688 εὑρί-

261 2735 449 2783 σκεται,
489 2718 592 2771 καὶ
633 2717 759 2788 περὶ
797 2715 1156 2786 Ἀμαθοῦντα,
1187 2717 1249 2768 οὐ
1289 2717 1412 2778 τοὺς
1449 2717 1506 2768 ἐν
1540 2714 1746 2786 Κύπρῳ
1777 2715 1816 2765 ³.

259 2806 382 2862 Ἀλλ’
413 2782 538 2863 ἔστι
585 2782 742 2876 γένος
787 2782 919 2860 πολὺ
965 2807 1295 2877 καλούμενον
1336 2782 1853 2876 Ἀμαθούσιονίτὸ.

257 2898 380 2965 εἶδος
420 2901 478 2954 δὲ
531 2899 734 2953 τοιόνδε
769 2899 886 2950 ἐστὶ
929 2898 1020 2951 τοῦ
1059 2898 1235 2951 λίθου’
1271 2896 1429 2950 Κατὰ
1467 2897 1566 2966 τὴν
1606 2897 1818 2966 σμάρα-

1923 417 2035 471 lore
2069 415 2480 484 cognominant.
2517 414 2610 466 Est
2656 416 2818 467 etiam
2853 429 3065 483 gemma
3097 414 3244 468 dicta
3269 413 3492 467 carche-

1921 509 2120 562 donius
2157 523 2262 561 non
2300 507 2569 562 absimilis
2603 507 2751 566 huic.
2780 508 3037 577 quoniam
3069 514 3126 560 et
3152 506 3352 562 ibidem
3385 504 3491 560 loci

1921 602 2210 670 reperitur.

2677 791 2736 846 V.

1993 884 2297 953 Sapphirus
2324 897 2536 955 gemma
2567 881 2939 951 purpurascit,
2974 889 3030 934 ut
3053 881 3262 951 species
3284 880 3488 940 blattae.

1924 973 1974 1026 id
2011 981 2118 1036 est,
2149 989 2402 1043 purpura:
2431 974 2617 1042 nigrm.
2645 972 2814 1026 Multa
2845 981 2974 1027 sunt
2999 971 3118 1040 ejus
3145 987 3363 1041 genera.
3396 973 3491 1027 Est

1922 1066 2065 1119 enim
2116 1065 2321 1133 regius,
2366 1064 2549 1118 aureis
2587 1067 2808 1132 punctis
2853 1062 3055 1116 varius.
3096 1061 3208 1114 Non
3244 1069 3329 1115 est.
3360 1077 3489 1116 vero

1922 1155 2013 1211 hic
2047 1156 2100 1210 in
2143 1163 2294 1210 tanta
2335 1155 2720 1221 admiratione,
2760 1164 2962 1223 quanta
3005 1153 3094 1207 ille
3135 1155 3226 1220 qui
3263 1169 3490 1223 prorsus

1922 1245 2290 1314 purpura-scit.
2326 1243 2390 1297 Et
2431 1244 2518 1298 hic
2556 1243 2902 1299 dicituresse
2940 1258 3066 1298 cum
3104 1245 3156 1298 in
3190 1245 3338 1298 india
3375 1253 3487 1298 tum

1921 1339 2083 1390 etiam
2108 1337 2162 1390 in
2185 1335 2489 1405 Altinio-pia.
2519 1334 2790 1400 Quocirca
2815 1336 2970 1388 aiunt
2997 1335 3140 1405 apud
3163 1335 3326 1391 Indos
3355 1345 3489 1390 tem-

1921 1430 2068 1498 plum
2112 1436 2451 1482 exstructum
2499 1426 2714 1482 Baccho
2742 1434 2978 1490 exstare,
3017 1428 3156 1496 quod
3191 1429 3391 1497 gradus
3422 1443 3488 1482 ex

1923 1519 2185 1588 sapphiro
2245 1527 2522 1573 trecentos
2593 1519 2875 1587 sexaginta
2935 1519 3176 1587 quinque
3249 1518 3487 1582 haheat,

1921 1609 2173 1678 quamvis
2231 1609 2384 1662 multi
2449 1609 2606 1663 fidem
2671 1625 2775 1664 non
2836 1609 3148 1664 adhibeant.
3204 1609 3300 1664 Est
3363 1625 3492 1663 vero

1925 1713 2135 1767 gemma
2171 1697 2530 1760 admirabilis,
2557 1697 2942 1766 pulcherrima,
2970 1697 3280 1766 gratissima
3314 1716 3327 1752 :
3365 1712 3492 1766 pro-

1927 1797 2112 1860 pterea
2151 1789 2315 1844 etiam
2355 1788 2409 1841 in
2451 1788 2680 1843 armillis
2719 1796 2772 1842 et
2809 1789 3105 1842 monilibus
3140 1789 3326 1856 reponi
3357 1805 3490 1842 con-

1925 1879 2122 1943 suevit,
2164 1878 2327 1947 idque
2374 1878 2718 1947 potissimum
2749 1893 2780 1930 a
2817 1878 3059 1948 regibus.
3086 1876 3288 1931 Locum
3328 1878 3491 1932 etiam

1926 1970 2071 2023 inter
2121 1969 2358 2023 remedia
2418 1968 2600 2022 habet.
2653 1969 2850 2022 Attrita
2907 1969 3050 2022 enim
3095 1975 3147 2022 et
3199 1967 3322 2021 lacti
3369 1982 3486 2036 pcr-

1926 2061 2086 2114 mista
2124 2061 2297 2129 plagis
2341 2075 2462 2128 qme
2497 2059 2630 2112 fiunt
2660 2074 2724 2112 ex
2771 2059 3005 2127 pustulis
3047 2059 3186 2112 albis
3216 2067 3269 2112 et
3309 2058 3486 2112 tuber-

1923 2151 2064 2204 culis
2096 2151 2364 2214 medetur,
2391 2151 2435 2203 si
2474 2149 2584 2202 illis
2625 2150 2888 2205 illinatur.
2919 2148 3195 2218 Scriptum
3228 2157 3311 2204 cst
3340 2156 3392 2203 et
3438 2149 3489 2200 in

1925 2243 2064 2312 lege,
2096 2243 2362 2296 visionem
2399 2257 2519 2310 qua:
2554 2240 2690 2296 Mosi
2722 2241 2971 2309 apparuit
3012 2240 3065 2293 in
3093 2250 3293 2303 monte,
3331 2248 3384 2293 et
3420 2239 3486 2289 le-

1924 2349 2043 2404 gem
2087 2334 2293 2397 datam,
2331 2335 2385 2387 in
2426 2348 2636 2404 gemma
2668 2332 2927 2402 sapphiro
2954 2331 3126 2385 fuisse
3156 2344 3491 2399 expressam.

2663 2445 2748 2500 Vl.

1994 2532 2178 2607 Jaspis
2228 2554 2462 2608 gemma.
2511 2537 2634 2594 llaec
2675 2538 3021 2608 smaragdum
3062 2535 3232 2590 forma
3265 2533 3492 2603 (colore)

1928 2629 2112 2684 refert.
2154 2629 2432 2683 Invenitur
2471 2630 2536 2683 ad
2574 2630 2722 2699 ripas
2773 2627 3192 2682 Thermodontis
3235 2624 3404 2684 fluvii,
3440 2632 3492 2678 et

1926 2719 2072 2773 circa
2125 2719 2510 2772 Amathuntem
2564 2719 2730 2787 228
2787 2717 3044 2787 oppidum
3093 2717 3277 2788 Cypri.
3319 2714 3491 2784 Hujus

1926 2825 2056 2864 vero
2102 2808 2301 2877 lapidis
2329 2807 2636 2862 Amathusii
2681 2806 2813 2860 dicti
2866 2807 3039 2861 multa
3086 2813 3217 2861 sunt
3263 2822 3488 2876 genera.

1925 2900 2080 2966 Quod
2111 2899 2179 2952 ad
2208 2899 2470 2964 colorem,
2506 2897 2646 2952 viret
2679 2907 2735 2952 ut
2766 2897 3122 2966 smaragdus;
3154 2895 3252 2951 sed
3286 2903 3370 2952 cst
3391 2897 3491 2950 ob-

257 2993 367 3059 γδὸν
402 2993 524 3047 ἐστι
555 2989 913 3060 χλωρίζουσα,
952 2989 1087 3042 ἀλλὰ
1113 2988 1426 3059 ἀμϐλυτέρα
1449 2987 1541 3040 καὶ
1579 2987 1818 3056 ἀμαυρο-

1927 2991 2098 3066 tusior
2115 2999 2170 3045 et
2193 2989 2462 3044 hebetior.
2495 2987 2644 3045 Intus
2667 3002 2868 3058 corpus
2893 2988 3058 3043 habet
3081 2987 3274 3053 viride,
3297 2988 3492 3042 similis

260 3081 394 3150 τέρα.
430 3080 550 3133 Καὶ
578 3077 788 3130 ἔνδοθεν
829 3076 1033 3148 χλωρὸν
1065 3076 1178 3146 ἔχει
1210 3077 1271 3129 τὸ
1301 3076 1480 3146 σῶμα,
1524 3075 1731 3128 ἐοικυῖα
1758 3073 1821 3143 ἰῷ

260 3169 464 3238 χαλκοῦ,
535 3169 710 3238 ἔχοντι
745 3166 947 3237 φλέϐας
995 3167 1413 3238 τετραστίχουςο
1462 3165 1536 3228 ὼς
1577 3164 1632 3218 δὲ
1663 3163 1821 3218 τοῦτο

261 3261 564 3329 ἠκούσαμεν
589 3256 730 3311 εἶναι
753 3257 1073 3326 φαντασίας,
1098 3257 1174 3321 ὡς
1197 3259 1244 3310 oi
1276 3256 1560 3327 μυθολόγοι
1586 3257 1606 3286 ⁸
1634 3255 1814 3323 λέγου-

259 3366 352 3403 σιν.
401 3352 577 3420 Ἄλλη
620 3350 677 3403 δέ
713 3351 828 3402 ἐστι
861 3349 1198 3420 γλαυκοτέρα
1224 3348 1520 3416 Θαλάσσης,
1552 3347 1820 3418 βαθυτέρα

259 3440 492 3509 τῷἀνθει
531 3441 627 3493 καὶ
657 3443 723 3511 τῇ
765 3440 930 3511 βαφῇ.
970 3439 1135 3508 Ἀλλη
1169 3439 1227 3492 δὲ
1272 3441 1329 3492 ὲν
1361 3443 1473 3502 τοῖς
1520 3438 1817 3510 σπηλαίοις,

255 3530 307 3582 ὲν
332 3532 403 3600 τῷ
438 3533 564 3603 δρει
607 3533 704 3600 τῆς
752 3531 892 3599 Ἴδης
923 3533 980 3582 ὲν
1016 3533 1082 3599 τῇ
1124 3531 1350 3600 Φρυγίᾳ,
1397 3531 1727 3600 ὁμοιάξουσα
1753 3531 1818 3597 τῇ

258 3621 353 3672 ἀπὸ
375 3621 465 3674 τοῦ
488 3622 728 3688 αἵματος
745 3621 764 3649 ⁸
789 3619 998 3688 κόχλου,
1016 3618 1372 3688 διαυγεστέρα
1399 3618 1616 3687 μᾶλλον,
1634 3617 1821 3687 ῶσπερ

251 3712 368 3779 οἴνῳ
393 3709 752 3779 όμοιὰζουσα,
786 3709 820 3778 ἦ
855 3709 1158 3778 ἀμεθύστου
1202 3708 1497 3779 ξανθοτέρα
1531 3709 1569 3761 ⁸.
1606 3709 1682 3760 Οὐ
1711 3708 1820 3778 γάρ

254 3801 358 3851 ἐστι
409 3804 542 3870 μιᾶς
591 3802 800 3869 χροιᾶς,
841 3801 960 3852 οὐδὲ
1004 3801 1100 3869 τῆς
1137 3799 1304 3868 αὐτῆς
1349 3799 1648 3868 δυνάμεως.
1679 3798 1818 3849 um

251 3890 281 3957 ἡ
326 3891 421 3956 μὲν
473 3889 591 3942 ἐστι
639 3890 955 3958 χαυνοτέρα,
997 3888 1088 3941 καὶ
1143 3887 1458 3957 λευκοτέρα,
1504 3886 1626 3939 οῦτε
1679 3888 1818 3939 πάνυ

256 3979 556 4044 στῧῦουσα,
591 3979 716 4032 οὔτε
751 3980 910 4033 πάλιν
943 3979 1274 4031 ἀποδέουσα·
1302 3978 1431 4047 ἄλλη
1461 3976 1516 4028 δὲ
1550 3974 1818 4044 κρυστάλ-

250 4067 331 4120 λου
388 4070 543 4123 ῦδατι
602 4071 782 4140 ὁμοία.
820 4072 1052 4137 Λέγεται
1095 4070 1151 4122 δὲ
1200 4070 1304 4122 ὑπὸ
1344 4069 1451 4120 τῶν
1513 4064 1818 4136 μυθοποιῶν

250 4159 372 4222 ἄκος
416 4159 557 4215 εἶναι
611 4162 917 4231 φαντασιῶν
951 4163 991 4214 ⁷.
1017 4157 1258 4231 Ἐύρέθη
1303 4160 1358 4212 δὲ
1407 4158 1555 4228 παρὰ
1607 4157 1818 4226 Ἴϐηρσι

250 4251 334 4301 καὶ
365 4253 627 4321 ποιμέσιν
669 4251 948 4321 Ὑρκανῶν
976 4253 1086 4314 τοῖς
1117 4251 1256 4304 κατὰ
1283 4250 1380 4318 τὴν
1413 4248 1666 4300 Κασπίαν
1695 4249 1816 4317 γῆν.

1921 3081 2175 3149 mrugini,
2225 3080 2498 3151 habetque
2557 3096 2726 3136 venas
2773 3087 3009 3151 quatuor
3048 3078 3323 3134 ordinum.
3370 3076 3494 3132 Haec

1923 3170 2086 3225 noxia
2119 3170 2508 3240 phantasmata
2539 3171 2788 3241 expellit,
2810 3179 2869 3224 ut
2900 3170 3121 3240 quidam
3159 3170 3491 3225 fabulantur.

1922 3262 2017 3316 Est
2058 3271 2110 3316 et
2153 3263 2258 3316 alia
2303 3263 2477 3333 magis
2521 3263 2712 3332 glauca
2763 3278 2924 3332 quam
2977 3277 3148 3325 mare,
3199 3264 3495 3316 saturatior

1923 3352 2058 3406 ﬂore
2081 3358 2138 3406 ct
2171 3351 2433 3406 tinctura.
2458 3352 2578 3406 Alia
2605 3353 2876 3422 reperitur
2900 3352 2952 3405 in
2984 3351 3263 3420 speluncis
3293 3355 3489 3407 montis

1925 3441 2030 3495 Idm
2062 3441 2117 3494 in
2151 3439 2409 3511 Phrygia,
2454 3440 2781 3511 pellucidior
2819 3455 3060 3511 purpura
3087 3456 3209 3510 qua:
3253 3441 3488 3496 cochleze

1922 3531 2151 3586 marina:
2181 3532 2449 3602 sanguine
2478 3533 2793 3601 tingitur,et
2825 3532 2934 3586 vini
2969 3531 3290 3602 nigricantis
3321 3531 3489 3586 colori

1922 3621 2174 3683 similior,
2192 3623 2498 3692 amethysto
2514 3621 2945 3676 saturatior.Nec
2961 3623 3102 3676 enim
3118 3623 3276 3675 unius
3288 3629 3341 3674 et
3356 3621 3402 3687 ej
3412 3637 3488 3673 us

1923 3714 2042 3765 dem
2066 3713 2266 3767 coloris
2283 3727 2345 3765 ac
2364 3712 2640 3767 facultatis
2656 3720 2738 3767 est
2748 3713 2957 3782 jaspis:
2990 3713 3082 3766 sed
3121 3713 3235 3765 haec
3272 3711 3488 3780 quidem

1924 3803 2139 3857 mollior
2168 3811 2250 3858 est
2280 3811 2334 3857 et
2373 3803 2568 3866 albior,
2593 3820 2714 3872 qua:
2748 3819 2923 3873 neque
2948 3802 3103 3857 valde
3131 3803 3288 3868 nitet,
3318 3816 3488 3870 neque

1920 3909 2118 3949 rursus
2141 3893 2435 3964 Splendore
2461 3895 2813 3960 destituitur;
2840 3894 2943 3948 alia
2969 3910 3096 3950 vero
3121 3896 3317 3951 similis
3337 3911 3488 3966 aqua’

1922 3983 2138 4053 glaciei.
2176 3983 2425 4038 Tradunt
2455 3985 2793 4040 fabulatores
2823 3985 2925 4040 hac
2951 3986 3068 4055 ipsa
3099 3987 3227 4056 pelli
3257 3989 3481 4058 phanta-

1922 4085 2118 4127 smata.
2158 4073 2438 4129 invenitur
2483 4083 2666 4128 autem
2717 4075 2862 4144 apud
2911 4077 3096 4132 lbcros
3143 4086 3196 4130 et
3243 4087 3489 4148 pastores

1923 4162 2230 4233 Hyrcanos,
2277 4165 2369 4233 qui
2423 4173 2627 4218 terram
2679 4164 2935 4236 Caspiam
2981 4167 3256 4221 accolunt.
3295 4168 3389 4222 Est
3437 4179 3488 4222 et

1924 4255 2066 4310 alius
2112 4255 2309 4324 jaspis,
2336 4272 2444 4310 non
2502 4256 2658 4312 valde
2713 4257 3031 4327 splendens,
3067 4260 3283 4315 viridis.
3318 4260 3411 4314 list
3439 4271 3490 4313 et

249 4336 412 4407 ’Δλλη
449 4340 511 4390 δὲ
564 4340 772 4403 ἴασπις,
818 4340 877 4390 οὐ
931 4338 1069 4392 πάνυ
1113 4335 1654 4408 λάμπουσα,χλωρὰ,
1698 4336 1818 4405 ἥτις

1927 4347 2067 4401 alius
2096 4348 2236 4400 idem
2255 4349 2502 4418 antiquus
2535 4357 2782 4411 vocatus,
2806 4351 3005 4405 similis
3031 4351 3140 4404 nivi
3168 4366 3263 4405 seu
3287 4367 3487 4420 spumae

246 4426 352 4497 εχει
385 4430 655 4500 γραμμὰς
696 4429 884 4498 μέσας.
916 4431 1023 4482 Καὶ
1068 4428 1223 4491 ἄλλος
1264 4428 1448 4487 ἴασπις
1485 4427 1513 4476 ό
1558 4425 1815 4489 παλαιὸς

245 4519 598 4589 καλούμενος,
622 4521 806 4590 ὅμοιος
833 4519 863 4587 ἢ
906 4519 1061 4589 χιόνι,
1093 4519 1124 4588 ἦ
1165 4516 1324 4588 ἀφρῷ
1356 4516 1649 4584 θαλάσσης.
1682 4515 1816 4567 Τοῦ-

245 4608 330 4658 τόν
363 4626 532 4676 φασιν
555 4611 606 4661 oi
634 4609 915 4679 μυθοποιοὶ
940 4609 1066 4670 τοὺς
1096 4607 1266 4677 θῆρας
1297 4605 1421 4667 τοὺς
1457 4607 1514 4657 ὲν
1536 4603 1690 4673 ἀγρῷ
1723 4620 1817 4671 φο·

242 4695 473 4762 δεῖσθαι,
498 4701 598 4752 καὶ
623 4700 690 4752 τὰ
722 4701 1002 4769 φάσματα.

988 4833 1057 4885 Ζ’.

303 4925 466 4987 Λίθος
512 4925 751 4996 λιγύριον
783 4925 824 4977 ⁸.
855 4924 1055 4976 Τούτου
1097 4923 1151 4974 δὲ
1182 4923 1278 4992 τὴν
1323 4922 1536 4994 εὕρεσιν
1563 4922 1813 4993 οὐδαμῶς

239 5011 507 5084 ἔγνωμεν,
545 5016 662 5068 οὔτε
711 5016 856 5086 παρὰ
899 5014 1251 5084 φυσιολόγοις,
1302 5013 1421 5066 οὔτε
1470 5015 1618 5084 παρά
1672 5032 1813 5067 τισιν

241 5106 483 5173 ἀρχαίοις
532 5112 635 5172 τοῖς
671 5109 798 5179 περὶ
842 5108 1043 5161 τούτων
1100 5107 1584 5177 μεμεριμνηκόσιν.
1639 5105 1811 5177 Εὖρο-

240 5211 332 5263 μεν
359 5198 420 5250 δὲ
463 5199 787 5269 λαγκούριον
819 5199 961 5251 οὕτω
1003 5197 1331 5266 καλούμενον
1362 5198 1525 5263 λίθον,
1575 5198 1634 5250 ὅν
1667 5214 1807 5260 τινες

303 5354 318 5382 ¹
354 5355 738 5423 καρχηδόνιος.
807 5359 826 5387 ¹
858 5359 996 5420 ταῖς.

1073 5357 1094 5427 f
1123 5355 1458 5426 Ἀμαθοῦντα
1490 5356 1585 5427 τὴν
1625 5357 1680 5408 ὲν
1723 5356 1951 5427 Κύπρῳ-
2037 5355 2296 5427 έὲχουσα-

1923 4439 2170 4492 marium.
2207 4439 2363 4493 ilunc
2401 4440 2624 4494 tradunt
2669 4441 3008 4498 fabulatorcs
3043 4450 3156 4496 tum
3193 4450 3488 4498 venenatas

1921 4529 2146 4593 bestias,
2185 4538 2297 4582 tum
2336 4531 2498 4583 etiam
2530 4539 2747 4600 spectra
2783 4539 3044 4586 metuere.

2655 4831 2763 4886 \"ll.

1989 4924 2242 4996 Ligyrius
2272 4925 2356 4981 vel
2386 4923 2670 4996 lyncurius
2705 4939 2938 4995 gemma.
2988 4923 3062 4978 De
3093 4922 3258 4992 hujus
3293 4924 3482 4978 inven-

1919 5017 2066 5072 tione
2095 5018 2175 5072 vel
2218 5018 2362 5089 apud
2396 5024 2605 5071 natura:
2647 5017 3018 5088 indagatores.
3051 5016 3136 5071 vel
3176 5017 3316 5086 apud
3349 5019 3483 5070 alios

1916 5119 2149 5172 veteres,
2185 5111 2276 5179 qui
2319 5110 2512 5164 harum
2563 5125 2744 5164 rerum
2790 5109 3176 5171 meminerunt,
3224 5107 3359 5159 nihil
3390 5121 3481 5159 co-

1919 5201 2226 5270 gnovimus.
2278 5201 2591 5256 invenimus
2640 5209 2821 5254 tamen
2872 5199 3178 5253 lancurium
3215 5210 3481 5265 gemmam

2330 5373 2385 5422 φ.
2427 5371 2551 5427 τετ.Δ
2599 5357 2691 5407 καὶ
2735 5357 2938 5427 ταῦτην
2993 5355 3123 5427 ἄκος
3167 5350 3305 5406 εἶναι
3345 5368 3479 5427 φαν-

241 5412 559 5489 τασμάτῶνξ
582 5427 627 5476 οι
664 5412 788 5493 μνθ.
866 5429 885 5457 ⁵
918 5412 1199 5496 πορφύραξ
1226 5429 1322 5499 τῆς
1359 5429 1466 5482 ἀπὸ
1493 5412 1584 5480 τᾶῦ
1614 5427 1733 5496 αῖμ.
1811 5426 1832 5457 ⁸
1855 5412 2144 5498 Baliari-ipa:
2220 5427 2239 5458 ⁷
2267 5412 2686 5492 φαντασμάτων.
2767 5426 2787 5453 ⁸
2825 5412 3261 5494 Ρίλυγκοῦριον.

306 5534 381 5604 (9)
419 5537 722 5608 Πορφύρας
742 5550 870 5607 puto
895 5557 993 5610 pro
1014 5542 1454 5611 interpretatione
1484 5545 1536 5599 in
1565 5545 1806 5614 margine
1847 5553 2106 5614 scriptum
2132 5549 2321 5595 luisse.

565 5632 830 5691 PATROL.
865 5634 979 5691 Gn.
1025 5636 1234 5707 XLIII.

3122 5635 3196 5693 10
