3916 6196
398 288 502 345 2οθ
1796 288 1852 342 S.
1902 288 1943 341 E

2081 287 2240 343 IAN"
3532 299 3625 353 ’5οθ

397 416 667 471 vocatam,
699 420 861 475 quam
896 408 1102 478 vulgari
1140 408 1320 477 lingua
1369 406 1637 478 lagurium
1676 406 1943 476 appellant

2087 410 2135 476 τῇ
2190 410 2357 478 τρανῇ
2404 409 2666 479 διαλέκτῳ
2720 410 3004 481 λαγούριον
3061 411 3299 464 καλοῦσι.
3346 410 3454 464 Καὶ
3502 417 3633 484 τάχα.

397 501 459 554 Et
500 500 639 555 forte
676 510 808 571 puto
848 502 993 555 hunc
1034 517 1157 555 esse
1202 501 1483 570 ligurium,
1526 499 1943 571 quandoquidem

2092 498 2227 551 ῖοῦτο
2274 496 2425 570 οἶμαι
2468 502 2530 553 τὸ
2558 500 2819 572 λιγύριον,
2852 502 3038 573 ἐπειδὴ
3083 503 3138 555 αί
3169 503 3305 554 θεῖαι
3334 504 3546 574 Γραφαὶ
3575 508 3638 557 τὰ

395 594 594 647 divinae
656 593 871 647 Litterae
928 594 1146 645 nomina
1206 600 1682 662 transposucrunt,
1737 593 1941 661 exempl

2096 588 2309 658 ινόματα
2344 588 2544 661 ἑτέρως
2592 592 3050 662 μετεποιήσαντο’
3098 592 3173 655 ὡς
3210 592 3301 644 τὸν
3339 592 3642 664 σμάραγδον

398 686 592 753 gratia,
625 684 970 755 sm‘aragdum
1036 685 1319 753 prasinum
1350 686 1709 755 appellantes.
1738 686 1801 740 Et
1828 686 1939 741 inte

2102 681 2351 749 πράσινον.
2382 681 2491 732 Καὶ
2519 682 2599 733 ὃτι
2636 700 2751 744 πως
2786 684 2842 734 ὲν
2870 685 2936 752 τῇ
2966 682 3073 734 τῶν
3100 682 3260 735 λίθων
3299 684 3505 736 τούτων
3532 685 3648 736 ὀνο-

399 776 619 828 nomina
642 789 977 843 gemmarum
1014 774 1323 845 hyacinthi,
1367 776 1459 846 qui
1492 785 1544 831 et
1575 778 1883 846 praecipuus
1920 792 1945 832 e

2103 772 2264 843 ιασίᾳ,
2288 773 2387 825 οὑκ
2413 772 2762 844 ἐμνήσθησαν
2795 775 2889 827 καὶ
2918 774 3194 837 ὑακίνθου,
3225 775 3400 828 καίτοι
3426 792 3491 842 γε
3518 792 3649 845 προ-

398 866 671 935 pretiosus
711 873 795 919 est
841 866 979 934 lapis
1013 876 1282 936 notusque
1316 869 1593 934 omnibus,
1630 884 1737 922 non
1773 869 1935 923 memi

2099 880 2237 916 πτου
2266 864 2359 917 καὶ
2392 864 2609 934 ἐντίμου
2642 864 2794 927 ὄντος
2836 864 2984 918 λίθου
3004 882 3017 895 ⁸
3059 864 3197 917 ῶστε
3229 867 3307 927 είς
3334 866 3458 919 νοῦν
3503 869 3645 937 ἡμᾶς

398 963 597 1011 nerunt
634 975 646 1009 :
700 964 759 1009 ut
806 957 859 1009 in
896 966 1131 1012 mentem
1177 960 1335 1013 nobis
1383 962 1615 1021 venerit,
1657 976 1783 1013 num
1832 959 1944 1013 forti

2095 953 2275 1019 .α6εἶν,
2307 956 2513 1025 μήποτε
2531 955 2589 1007 τὸ
2614 955 2852 1025 λιγύριον
2879 954 3036 1009 τοῦτο
3050 955 3201 1007 καλεί
3226 957 3258 1025 ἡ
3290 954 3407 1007 Θεία
3432 956 3641 1027 Γραφή.

398 1048 649 1116 ligyrium
682 1046 824 1101 hanc
851 1064 1121 1115 geminam
1151 1050 1387 1119 appellet
1421 1058 1611 1104 sancta
1655 1048 1940 1119 Scriptura

2110 1046 2368 1110 Υάκινθος
2416 1044 2508 1101 οὖν
2542 1048 2640 1112 τὰς
2676 1049 2774 1118 μὲν
2828 1049 2967 1113 ίδέας
3000 1048 3111 1119 ἔχει
3156 1049 3462 1121 διαφόρους.
3501 1052 3648 1120 Ὀσῳ

397 1137 736 1208 Hyacinthus
794 1138 961 1208 igitur
1019 1139 1270 1195 diversas
1341 1140 1504 1195 habet
1566 1141 1790 1196 formas.
1850 1140 1943 1207 Qui

2103 1138 2182 1207 ’άρ
2226 1138 2537 1209 εὑρίσκεται
2572 1141 2601 1192 6
2633 1139 2776 1203 λίθος
2822 1140 2987 1209 βαθὺς
3022 1142 3040 1171 ¹
3068 1143 3132 1211 τῇ
3176 1142 3353 1211 χροιᾷ,
3400 1141 3649 1194 τοσοῦτον

395 1234 540 1284 enim
589 1231 865 1300 reperitur
897 1232 1083 1287 colore
1121 1232 1464 1302 profundior,
1498 1249 1564 1288 eo
1597 1235 1808 1289 cateris
1840 1248 1941 1303 pra

2100 1230 2497 1301 ιναγκαιὸτερός
2520 1234 2633 1284 ἐστι
2658 1232 2765 1284 τῶν
2787 1232 2978 1286 ἄλλων.
3011 1232 3191 1284 Ἐοικε
3212 1232 3267 1283 δὲ
3302 1230 3555 1293 ὑάκινθος
3582 1235 3646 1301 τῇ

400 1324 638 1376 stanlior
660 1331 763 1376 est.
793 1322 1005 1376 Similis
1035 1331 1119 1377 est
1148 1325 1321 1378 colori
1359 1325 1496 1379 lanae
1521 1325 1611 1395 qui
1652 1340 1946 1395 suppurpu'

2109 1320 2272 1392 ρέᾳ.ἣ
2293 1321 2749 1392 ὑποπορφυρίζων
2770 1322 2793 1351 ³
2820 1320 3017 1384 ποσῶς.
3043 1323 3132 1375 Διὸ
3151 1322 3243 1375 καὶ
3270 1324 3301 1391 ἡ
3322 1322 3441 1374 θεία
3458 1323 3651 1391 Γρα-,ςὴ

398 1415 570 1465 raseit
600 1414 972 1481 aliquatenus.
1007 1413 1355 1485 QuaprOptcr
1384 1424 1562 1471 vestes
1602 1414 1941 1470 sacerdotale

2107 1412 2134 1475 ξ
2167 1411 2421 1465 ὑακίνθου
2455 1412 2547 1464 καὶ
2573 1413 2858 1485 προφύρας
2885 1412 2953 1465 τά
2994 1412 3237 1483 ἱερατικά
3267 1412 3534 1481 ἐνδύματα
3561 1429 3652 1463 κε-

399 1504 697 1573 hyaeintho
742 1513 797 1557 et
828 1519 1066 1573 purpura
1113 1514 1337 1561 ornatas
1373 1506 1540 1561 fuisse
1572 1507 1737 1560 tradit
1785 1506 1945 1560 divin:

2104 1501 2385 1571 ιοσμῆσθαί
2420 1519 2570 1571 φησι.
2604 1502 2713 1554 Καὶ
2739 1504 2767 1554 6
2809 1501 2906 1571 μὲν
2958 1502 3171 1570 πρῶτος
3213 1501 3358 1564 λίθος
3404 1501 3650 1555 καλεῖται

403 1594 707 1663 Scriptura.
757 1594 818 1647 Et
843 1595 1053 1664 primus
1098 1597 1317 1665 quidem
1352 1597 1488 1667 lapis
1550 1606 1778 1651 vocatur
1807 1597 1943 1650 mari

2102 1593 2430 1662 ιαλασσίτης·
2463 1594 2491 1643 6
2533 1594 2588 1646 δὲ
2630 1593 2900 1664 δεύτερος,
2938 1593 3168 1664 ῥοδινὸςο
3200 1596 3227 1646 6
3266 1594 3467 1663 τρίτος,
3497 1594 3648 1646 νάτι-

402 1701 534 1749 nus;
568 1687 862 1750 secundus,
898 1701 1126 1752 roseus;
1167 1689 1387 1750 tertius,
1421 1690 1679 1755 nativus;
1717 1696 1947 1757 quartus

2104 1684 2169 1746 ἶος
2193 1701 2204 1713 ·
2246 1686 2274 1736 6
2320 1684 2576 1755 τέταρτος
2614 1683 2830 1751 λέγεται
2875 1686 3175 1753 χαννιαῖοςο
3223 1685 3250 1737 6
3284 1685 3340 1738 δὲ
3380 1685 3650 1755 πέμπτος,

402 1777 755 1841 ehanniaeus;
804 1778 1054 1845 quintus,
1105 1779 1435 1847 perileucus.
1489 1779 1851 1834 Inveniuntur
1891 1780 1948 1831 ha

2110 1753 2515 1847 ταραλεύκιοςδ.
2552 1775 2907 1845 Εὑρίσκονται
2932 1774 2988 1847 δὲ
3021 1770 3161 1828 οὑτοι
3211 1777 3263 1828 ἐν
3304 1778 3368 1845 τῇ
3408 1753 3656 1847 ἐσωτέρα

402 1882 627 1936 gemmae
676 1866 729 1920 in
765 1867 1013 1921 interiori
1048 1868 1307 1923 Barbaria
1356 1868 1628 1941 Scythiae;
1661 1880 1715 1924 et
1755 1878 1943 1939 propte

2107 1866 2347 1938 ,αρϐαρίᾳ
2364 1868 2461 1936 τῆς
2482 1867 2733 1929 Σκυθίας.
2754 1860 2911 1919 Οὗτοι
2931 1866 2987 1919 δὲ
3004 1867 3053 1917 οἱ
3076 1865 3209 1918 λίθοι
3236 1866 3373 1936 μετά
3393 1866 3487 1918 τοῦ
3512 1864 3653 1919 εἶναι

408 1955 553 2026 quod
600 1966 731 2009 sunt
798 1958 953 2011 valde
1000 1960 1267 2027 pretiosa,
1304 1960 1496 2013 miram
1543 1975 1760 2031 quoque
1802 1961 1954 2016 enica

2107 1956 2383 2027 τολύτιμοι,
2409 1957 2590 2027 ἔχουσι
2618 1958 2711 2009 καὶ
2757 1956 3034 2026 ἐνέργειαν
3073 1955 3347 2025 τοιαύτην·
3378 1955 3653 2027 Βαλλόμε-

403 2048 541 2101 ciam
566 2046 767 2099 habent
794 2064 807 2100 :
834 2062 957 2100 nam
990 2048 1043 2101 in
1071 2049 1211 2119 ignis
1234 2050 1501 2103 carbones
1529 2051 1811 2119 conjectze,
1845 2051 1949 2122 ipsa

2099 2064 2155 2100 to:
2198 2050 2277 2110 είς
2323 2048 2598 2118 ἄνθρακας
2642 2048 2831 2118 πυρὸς,
2862 2048 3016 2104 αὐτοὶ
3059 2049 3158 2118 μὲν
3197 2047 3645 2116 οὑβλάπτονται,

401 2137 621 2205 quidem
648 2144 861 2190 tantum
894 2138 1049 2192 abest
1079 2146 1137 2192 ut
1165 2140 1543 2204 absumantur,
1584 2149 1643 2193 ut
1673 2141 1822 2210 ipsos
1854 2157 1947 2196 ear

2111 2142 2201 2202 οὓς
2232 2140 2288 2192 δὲ
2332 2140 2607 2210 ἄνθρακας
2656 2139 3019 2193 σϐεννύουσιν.
3066 2140 3139 2192 υὺ
3182 2139 3339 2209 μόνον
3370 2138 3426 2191 δὲ
3472 2138 3654 2205 τοῦτο,

412 2230 580 2284 hones
606 2232 987 2301 cxstinguant;
1018 2245 1117 2284 nec
1139 2231 1191 2284 id
1220 2238 1453 2295 tantum,
1482 2231 1575 2287 sed
1607 2234 1653 2287 si
1684 2236 1810 2303 quis
1839 2234 1958 2287 ham

2108 2230 2217 2283 ιλλά
2247 2230 2341 2283 καὶ
2373 2232 2419 2281 εί
2446 2228 2625 2284 λαϐών
2652 2247 2732 2293 τις
2755 2229 2846 2282 τὸν
2871 2229 3015 2281 λίθον
3048 2229 3319 2299 ἐνειλίσσῃ
3348 2228 3528 2299 ὀθόνῃ,
3555 2230 3654 2281 καὶ

404 2334 672 2387 geminam
711 2320 1008 2389 panniculo
1041 2319 1337 2372 involutam
1386 2320 1438 2373 in
1472 2320 1738 2375 carbones
1768 2321 1950 2391 ignita:

2116 2319 2241 2389 πιθῇ
2274 2322 2357 2371 ἐπ’
2387 2319 2665 2389 ἄνθρακας
2711 2318 2901 2387 πυρὸς,
2930 2318 3037 2369 οὐδ’
3066 2317 3202 2386 αὑτὴ
3241 2319 3274 2386 ἡ
3309 2316 3662 2369 καλύπτουσα

404 2410 725 2476 conjecerit,
757 2410 1091 2477 panniculus
1112 2425 1331 2479 quoque
1357 2409 1561 2464 illaesus
1591 2420 1950 2466 conservatur

2118 2410 2237 2479 θόνη
2290 2409 2622 2476 φλογίξεται,
2660 2408 2797 2461 ἀλλά
2840 2406 2987 2477 μένει
3032 2407 3240 2476 ἀσινὴς.
3276 2407 3506 2474 Λέγεται
3538 2407 3592 2459 δὲ
3626 2408 3664 2455 ὁ

410 2499 618 2550 Ilicitur
662 2499 827 2552 etiam
879 2499 998 2552 hrec
1047 2514 1257 2567 gemma
1304 2500 1614 2555 conducere
1657 2502 1956 2555 mulieribus

2120 2500 2226 2562 ίθος
2259 2502 2378 2561 τοῖς
2415 2499 2727 2563 τικτούσαις
2756 2498 2998 2568 γυναιξὶν
3034 2500 3112 2561 εἰς
3149 2498 3427 2551 εὐτεκνίαν
3460 2514 3666 2569 χρησμ-

407 2588 687 2657 parituris,
712 2595 767 2641 ut
789 2588 1002 2643 facilius
1032 2590 1265 2658 pariant.
1286 2590 1552 2646 Praaterea
1574 2592 1721 2663 fugat
1743 2601 1953 2663 spectra

1865 2601 1976 2648 ιιι-ει.
2086 2590 2291 2659 μεύειν.
2322 2591 2476 2641 Ἔστι
2505 2590 2560 2642 δὲ
2589 2590 2681 2643 καὶ
2710 2589 3007 2658 φασμάτων
3036 2587 3411 2648 ἀπελαστικός.

1015 2722 1179 2792 229
1203 2720 1335 2775 vut.

2824 2728 2905 2778 Μ’.

478 2813 699 2869 Gemma
744 2817 984 2868 achates.
1041 2813 1189 2867 llanc
1234 2830 1502 2885 gemmam
1558 2816 1816 2885 suspicati
1855 2828 1983 2873 sunt

2153 2817 2313 2880 Λίθος
2346 2819 2574 2888 ἀχάτης.
2620 2811 2789 2881 Οὗτος
2823 2816 3106 2888 ὑπελήφθη
3156 2812 3294 2870 εἶναι
3336 2815 3670 2885 περίλευκος

409 2907 629 2974 quidam
663 2921 786 2961 esse
837 2921 956 2960 eam
991 2922 1110 2975 quae
1142 2906 1344 2959 dicitur
1378 2907 1679 2975 perilcueos
1706 2947 1722 2972 ,
1778 2924 1896 2978 qure
1928 2911 1955 2963 il

2118 2908 2435 2978 αλούμενος,
2471 2910 2529 2971 ὂς
2575 2909 2680 2960 ὑπὸ
2721 2909 2810 2960 τὸν
2851 2909 3102 2961 ὑάκινθον
3144 2908 3473 2978 εὑρίσκεται.
3507 2908 3664 2960 Θαυ-

410 2999 686 3069 hyacinthi
734 3000 748 3029 ‘
796 3000 1069 3051 mentione
1106 2997 1249 3050 dicta
1281 3006 1364 3051 est
1416 3016 1444 3051 ει
1504 3001 1682 3053 nobis.
1723 3000 1951 3055 Mirabili

2125 2998 2290 3059 ,αστδς
2342 2997 2397 3049 δέ
2459 2999 2614 3058 ἐστι,
2677 2997 2755 3066 τῷ
2811 2997 2940 3049 εἴδει
2996 2996 3401 3061 ὑποκυανίζων,
3457 2995 3671 3060 ἔξωθεν

408 3098 491 3142 est
519 3104 727 3157 gemma
752 3089 954 3142 coloris
984 3088 1328 3152 subcmrulei,
1358 3082 1701 3145 extrinsecus
1737 3092 1954 3145 circum

2126 3086 2445 3156 τεριφέρειαν
2485 3084 2683 3154 λευκὴν
2731 3085 2889 3154 ἔχων,
2930 3084 3221 3155 μαρμάρου
3249 3085 3447 3155 τρόπον
3479 3084 3511 3153 ἢ
3546 3084 3672 3136 ἐλε-

412 3178 698 3231 fcrentiam
729 3178 934 3231 habens
966 3180 1143 3231 albam
1194 3180 1366 3233 instar
1419 3183 1705 3237 marnm-is
1741 3183 1821 3237 vel
1856 3186 1956 3237 eho

2126 3176 2345 3227 αντίνου
2368 3177 2409 3230 ⁸.
2444 3176 2550 3228 Καὶ
2585 3169 2740 3237 οὗτος
2773 3176 2829 3228 δὲ
2860 3176 2987 3244 ’περὶ¹
3023 3174 3120 3244 τὴν
3155 3175 3385 3228 Σκυθίαν
3421 3174 3672 3245 εὑρίσκε-

413 3270 509 3321 ris.
568 3268 853 3324 Invenitur
915 3271 1060 3324 circa
1132 3270 1432 3341 Scythiam.
1493 3273 1583 3326 Est
1623 3274 1785 3327 etiam
1847 3276 1957 3329 inte

2125 3286 2199 3321 αι.
2234 3267 2477 3320 Ἔστιδέ
2518 3266 2581 3319 ἐκ
2630 3267 2834 3318 τούτων
2874 3267 2982 3319 τῶν
3025 3267 3187 3318 λίθων
3230 3266 3436 3335 ἀχάτης
3465 3266 3669 3335 χρῶμα

413 3359 628 3413 aehatis
688 3362 941 3430 species,
990 3377 1110 3432 qua:
1164 3362 1335 3419 leonis
1400 3364 1638 3420 colorem
1690 3366 1871 3421 habet.
1929 3369 1959 3423 S

2123 3378 2229 3431 χων
2251 3358 2479 3423 λέοντος·
2514 3356 2834 3431 τριϐόμενος
2859 3358 2915 3414 δὲ
2948 3358 3067 3431 μεθ’
3093 3357 3303 3420 ὓδατος,
3329 3357 3419 3408 καὶ
3448 3357 3669 3425 χριόμε-

414 3459 624 3506 teratur
675 3469 797 3507 cum
840 3468 1015 3522 aqua,
1048 3463 1099 3507 et
1152 3456 1396 3509 illinatur
1440 3459 1645 3512 morsui
1697 3470 1960 3513 venenato

2122 3471 2179 3516 ος
2234 3454 2325 3505 ἐπὶ
2377 3454 2657 3523 δήγματος
2700 3453 2911 3523 θηρίου,
2942 3455 3237 3523 ἀποτρέπει
3272 3448 3349 3506 ἱὸν
3380 3448 3668 3522 σκορπίου,

414 3544 610 3597 avertit
641 3560 906 3597 venenum
944 3546 1169 3614 scorpii,
1198 3546 1513 3617 viperarum
1567 3558 1621 3604 et
1672 3550 1960 3618 hujusmod

1468 3564 1513 3601 In
1567 3558 1621 3604 et
1672 3550 1986 3618 huiusmodi
2092 3546 2185 3597 καὶ
2212 3545 2453 3615 ἐχιδνῶν,
2488 3545 2581 3597 καὶ
2604 3544 2712 3596 τῶν
2738 3544 3014 3601 τοιούτων.

416 3642 807 3687 venenatarum
842 3635 1157 3690 bestiarum.

1159 3749 1247 3801 IX.
2843 3742 2919 3795 δ’.

486 3832 843 3904 Amcthystus
867 3851 1102 3905 gemma.
1148 3836 1269 3889 llaec
1292 3837 1788 3892 circumferentiam
1830 3839 1917 3893 hal
1938 3848 1991 3894 et

2162 3834 2321 3895 Λίθος
2336 3833 2656 3901 ἀμέθυστος.
2678 3826 2844 3895 Οὗτος
2858 3831 2998 3885 κατὰ
3014 3833 3111 3903 τὴν
3132 3832 3291 3885 αὑτοῦ
3316 3833 3675 3903 περιφέρειαν

416 3922 688 3991 profundo
728 3938 827 3977 ceu
872 3925 1053 3979 colore
1085 3926 1313 3979 ﬂamma:
1350 3926 1669 3993 ardentem;
1718 3928 1834 3997 ipsa
1862 3946 1962 3983 veri

2129 3924 2361 3993 ιλογίζων
2380 3925 2499 3975 ἐστί
2533 3924 2757 3994 βαθέως.
2799 3926 2861 3976 Ἠ
2887 3926 2941 3977 δὲ
2970 3926 3105 3995 αὐτή
3146 3928 3261 3977 ἐστι
3287 3925 3585 3996 λευκοτέρα
3608 3931 3675 3981 ἐκ

417 4009 856 4065 circumferentia
885 4013 939 4065 in
974 4014 1155 4067 medio
1176 4016 1351 4069 albior
1380 4024 1494 4079 est,
1536 4025 1588 4071 ct
1622 4032 1651 4069 a
1685 4018 1813 4071 vino
1843 4018 1963 4072 Grze

2131 4016 2187 4067 οῦ
2222 4017 2409 4085 μέσου,
2437 4016 2666 4067 οἰνωπὸν
2694 4017 3098 4085 ἁποπέμπουσα
3130 4013 3286 4079 εἶδος.
3314 4017 3375 4067 Ἠ
3397 4016 3454 4069 δὲ
3483 4019 3677 4088 μορφὴ

419 4097 502 4151 cis
534 4096 739 4153 dictum
771 4102 1007 4156 colorem
1055 4105 1249 4158 vibrat.
1286 4104 1481 4159 Forma
1534 4107 1653 4174 ejus
1690 4116 1773 4161 est
1818 4110 1965 4163 varia

2135 4106 2261 4159 ὑτοῦ
2286 4106 2559 4175 διάφορος.
2593 4108 2746 4175 Τάχα
2773 4107 2829 4158 δέ
2864 4108 2956 4158 καὶ
2984 4107 3147 4168 αὑτὸς
3175 4110 3232 4158 ἐν
3262 4109 3373 4168 τοῖς
3400 4107 3554 4177 ὄρεσι
3586 4109 3678 4173 γί-

421 4187 562 4242 forte
591 4199 770 4245 autem
805 4200 859 4245 et
904 4194 1019 4262 ipsa
1060 4196 1112 4246 in
1166 4198 1445 4251 montibus
1492 4198 1673 4269 Libyae
1726 4204 1967 4255 nascitur

2132 4219 2243 4254 εται
2270 4203 2367 4271 τῆς
2404 4201 2628 4271 Λιϐύης.
2673 4202 2729 4254 Ὀ
2772 4202 2870 4270 μὲν
2903 4201 3009 4271 γὰρ
3040 4201 3218 4254 αὐτῶν
3250 4203 3394 4253 ἐστιν
3429 4199 3678 4270 ὑακίνθῳ

416 4278 672 4343 Quaedam
700 4297 764 4334 ex
797 4283 876 4334 eis
912 4298 1049 4349 puro
1081 4285 1375 4353 hyacintho
1422 4296 1506 4341 est
1546 4292 1777 4356 similis,
1824 4295 1958 4347 alter

2136 4293 2321 4362 αθαρῷ
2354 4293 2748 4363 παραπλήσιος
2791 4293 2819 4341 6
2846 4292 2902 4343 δὲ
2939 4292 3258 4361 άμφικόχλῳ
3282 4291 3412 4361 (Η).
3457 4291 3682 4344 Γίνεται

420 4384 548 4422 vero
578 4386 831 4438 purpura:
866 4390 877 4423 :
919 4374 1273 4443 nasciturque
1304 4376 1358 4428 in
1394 4376 1577 4431 littore
1606 4388 1659 4432 et
1702 4384 1966 4452 praerupti

1978 4399 1992 4438 ἰ
2030 4443 2065 4455 _
2098 4385 2155 4436 ἐν
2184 4386 2302 4446 ταῖς
2324 4384 2512 4453 ὄχθαις
2544 4383 2644 4452 τῆς
2684 4383 2956 4451 θαλάσσης
2983 4385 3080 4455 τῆς
3102 4384 3270 4451 αὑτῆς
3300 4382 3524 4452 Λιϐύης.

422 4458 557 4511 locis
592 4460 757 4513 maris
790 4459 1033 4529 ejusdem
1068 4462 1268 4533 Lybiaz.
1703 4443 1721 4448 _
1884 4443 1900 4452 '
2028 4443 2069 4497 θ

1160 4572 1230 4629 Χ.
2861 4583 2915 4636 I'.

491 4652 713 4749 Gemma
764 4658 1154 4729 chrysolithus.
1211 4662 1365 4721 llune
1418 4670 1584 4741 aliqui
1631 4674 1992 4749 ehrysophyl-

2162 4675 2322 4738 Λίθος
2375 4674 2710 4744 χρυσόλιθος.
2765 4673 2964 4726 Τοῦτόν
3006 4691 3148 4736 τινες
3190 4671 3556 4743 χρυσόφυλλον
3598 4690 3692 4728 κε-

424 4743 533 4797 lum
566 4744 677 4816 (10)
711 4758 990 4804 vocarunt.
1019 4751 1227 4807 Aurum
1264 4757 1481 4826 quidem
1525 4762 1706 4817 colore
1735 4743 1859 4819 vsuo
1908 4743 1967 4822 re

2151 4769 2355 4837 ιήκασι.
2379 4743 2672 4837 Χρυσίζων
2711 4766 2809 4835 μὲν
2850 4766 3015 4818 ἔστιν.
3066 4764 3389 4832 Εὑρίσκεται
3419 4763 3476 4816 δὲ
3508 4765 3570 4817 ἐν
3601 4766 3697 4837 τῷ

426 4836 549 4891 fert.
595 4837 873 4894 Invenitur
902 4851 1080 4899 autem
1138 4845 1191 4899 in
1241 4856 1403 4916 puteo
1453 4850 1687 4920 duplicis
1727 4863 1893 4923 petrae
1926 4872 1972 4911 at

2150 4858 2295 4929 ρέατι
2329 4857 2586 4927 διπέτρῳ,
2631 4856 2782 4926 παρά
2820 4856 2882 4907 τὸ
2914 4858 3089 4923 τεῖχος
3115 4856 3212 4924 τῆς
3253 4854 3696 4923 ’Λχαιμενίτιδος

426 4930 624 4982 ιιιωιιίει
655 4932 1097 4990 Aclnemenitidis
1120 4936 1433 5008 Babylonis.
1466 4940 1798 5014 Babylonem
1830 4950 1972 5004 etian

2152 4948 2443 5011 αϐυλῶνος.
2507 4948 2618 5017 Τὴν
2689 4948 2798 5017 γάρ
2870 4946 3163 4998 Βαϐυλῶνα
3233 4946 3327 4999 καὶ
3376 4945 3436 4997 τὺ
3497 4947 3698 5017 φρέαρ

424 5028 478 5073 et
506 5029 725 5089 puteum
766 5024 913 5075 illum
941 5024 1366 5083 Achremenitida
1404 5035 1814 5101 cognominant,
1847 5056 1970 5109 quo:

2156 5048 2278 5097 ιεῖνο
2322 5042 2719 5112 ’Λχαιμενίτιδα
2766 5040 3039 5105 καλοῦσιν,
3084 5040 3447 5107 ὃτι,φασίν,ὁ
3495 5039 3702 5111 πατὴρ

426 5113 611 5169 dicant
657 5116 800 5187 regis
852 5115 977 5183 Cyri
1037 5127 1246 5188 patrem
1303 5122 1682 5181 Aehaemcnem
1738 5140 1972 5187 vocatun

2159 5136 2287 5208 ύρου
2338 5135 2431 5187 τοῦ
2481 5132 2767 5204 βασιλέως,
2821 5130 3183 5202 ’Λχιμενεὺς⁶
3220 5130 3483 5182 ἐκαλεῖτο.
3523 5130 3699 5183 Ἐστι

497 5262 1082 5359 Sub‘l‘lyacin'tho
1106 5281 1391 5347 reperitur.
1470 5284 1490 5313 ¹
1525 5281 1837 5357 βαθύτερος.
1903 5289 1923 5321 ⁸
1954 5290 1985 5359 ἢ
2014 5290 2043 5342 ὑ

2158 5288 2461 5359 τορφυρίζει.
2539 5290 2561 5317 ⁵
2584 5286 2923 5354 περίλευκος,
2959 5285 3013 5339 in
3044 5284 3289 5356 sequenti
3309 5298 3431 5353 cap.
3512 5282 3535 5313 ⁸
3564 5282 3704 5336 ἐλέ-

430 5354 647 5407 φαντος.
723 5342 743 5373 ⁶
767 5342 921 5414 Ἀχαι
929 5347 1139 5415 μένους.

528 5496 617 5577 1οὶ
648 5496 1100 5577 Chrysophyllum
1149 5505 1238 5559 alii
1290 5516 1546 5577 auctores
1602 5522 1710 5563 non
1766 5509 1989 5572 habent,
2175 5508 2667 5577 (ΙΙ)Θ(1.1ἀσσης,
2720 5509 2802 5561 vel
2853 5508 3125 5577 θαλασσίῳ
3152 5506 3346 5575 κόχλῳ
3378 5504 3463 5559 vel
3493 5503 3712 5576 potius

437 5565 1033 5693 mccggstélseyyll'ulm
1071 5614 1085 5638 ,
1119 5590 1347 5646 eamque
1387 5576 1766 5648 Babylonicam
1802 5598 1812 5634 :
1851 5565 1996 5653 quod
2107 5565 2299 5649 αἵματί
2331 5580 2544 5648 κόχλου,
2574 5565 2638 5632 ύί
2656 5565 2831 5648 supra
2866 5581 2916 5632 in
2952 5565 3109 5633 sexto
3141 5565 3334 5647 lapide.

855 5657 971 5693 vent
1004 5681 1015 5693 .

855 5657 1015 5694 γριιιι.
