3916 6196
315 116 394 169 501
464 129 472 135 ’
1525 116 1611 170 DE
1644 117 1736 172 XII
1773 117 2036 173 GEMMIS
2075 117 2295 172 LIBER.

3423 127 3532 184 502

309 227 353 277 δὲ
385 225 476 276 καὶ
499 223 872 292 χρυσόπαστος
898 223 914 292 (
926 223 1030 292 12).
1061 218 1225 284 Οὗτος
1256 229 1600 294 στομαχικοίς
1635 227 1727 280 καὶ
1755 245 1858 278 κοιο

1971 227 2144 281 Fuisse.
2195 227 2466 282 Invenitur
2495 235 2546 282 et
2587 229 2999 302 chrySOpastus,
3033 250 3151 304 qua!
3183 239 3531 298 stomachicis

309 315 500 375 Αιακοίς
531 313 867 382 τριϐόμενος,
899 312 990 365 καὶ
1021 313 1328 382 πινόμενος,
1365 316 1647 384 ίαματικὺς
1688 317 1862 386 ὑπάρ-

307 420 401 471 χει.

1030 515 1131 566 Μ’.

370 613 526 676 Λίοος
547 613 854 685 βηρύλλιον,
902 617 1210 686 γλαυκίζων
1243 623 1340 692 μὲν
1372 623 1506 685 ἐστι,
1535 624 1863 679 Θαλασσοϐα·

312 705 434 776 φὴς,
469 705 598 774 ἔχων
635 703 773 770 εἶδος
801 709 897 762 καὶ
931 711 1031 780 τῆς
1073 712 1436 784 ὑδαρεστέρας
1468 715 1741 770 ὑακίνθου.
1776 717 1864 768 Γί-

305 812 451 846 νεται
493 795 544 846 δὲ
587 798 711 867 περὶ
743 799 804 850 τὸ
841 800 1016 870 τέρμα
1054 802 1147 854 τοῦ
1187 803 1346 872 ὅρους
1387 805 1479 858 τοῦ
1529 806 1860 877 καλουμένου

308 887 531 958 Ταύρου.
581 890 641 942 Et
691 891 749 943 δέ
797 893 1118 968 τις,θελήσῃ
1143 897 1282 949 κατὰ
1320 898 1547 969 ἀντικρὺ
1581 897 1673 950 τοῦ
1713 899 1860 968 ἡλίου

303 977 480 1030 τοῦτον
523 978 856 1034 ἀνακαλέσαι
882 983 920 1048 ¹,
974 985 1221 1052 φαίνεται
1265 987 1341 1050 ὡς
1388 988 1538 1053 ὓελος
1598 993 1864 1064 κέγχρους

300 1065 429 1136 ἔχων
474 1067 685 1120 ἔνδοθεν
730 1071 989 1140 διαυγεῖς.
1026 1074 1191 1146 ’Λλλη
1221 1075 1278 1128 δέ
1317 1095 1399 1141 τις
1430 1077 1711 1150 βήρυλλος,
1742 1083 1863 1144 ταῖς

301 1155 476 1223 κόραις
506 1156 616 1208 τῶν
645 1158 940 1230 ὀφθαλμῶν
971 1162 1066 1215 τοῦ
1097 1163 1385 1236 δράκοντός
1424 1169 1537 1219 ἐστι
1574 1169 1862 1240 παραπλη-

305 1245 402 1297 σία.
441 1247 598 1298 Ἐστι
641 1249 699 1302 δὲ
740 1251 834 1304 καὶ
867 1252 998 1322 ἄλλη
1052 1255 1210 1308 πάλιν
1241 1258 1401 1327 ὁμοία
1434 1259 1608 1330 κηρῷ.
1659 1261 1861 1332 Ἐφάνη

297 1334 350 1387 δὲ
372 1335 505 1408 αὕτη
536 1338 668 1410 περὶ
695 1339 792 1410 τὴν
825 1341 1002 1406 ἔξοδον
1040 1344 1132 1398 τοῦ
1163 1347 1444 1418 Εὐφράτου
1479 1351 1743 1421 ποταμοῦ.

1030 1455 1128 1509 ΙΒ’.

1965 325 2016 369 et
2049 317 2286 370 cmliacis
2318 326 2441 386 pota
2464 319 2569 371 vim
2598 320 2844 376 medendi
2879 323 3057 378 habet.

2709 515 2796 570 Χῐ.

2036 621 2198 691 230
2232 621 2477 694 Beryllus
2525 639 2734 694 gemma
2781 627 2970 696 glauca
3008 638 3130 691 est,
3179 631 3362 688 colore
3413 649 3534 690 ma-

1965 712 2042 764 ris
2069 752 2082 777 ,
2132 722 2223 766 aut
2268 713 2547 784 hyacinthi
2576 712 2871 768 dilutioris.
2907 715 3162 772 Nascitur
3189 721 3336 775 circa
3369 722 3528 781 ﬁnem

1965 803 2164 856 montis
2199 801 2385 857 Tauri.
2429 804 2484 857 Si
2527 805 2650 874 quis
2681 807 2808 860 velit
2859 807 2997 861 hanc
3042 825 3070 863 e
3125 813 3344 881 regione
3396 818 3531 874 solis

1964 894 2342 962 contemplari,
2371 893 2646 949 \idebitur
2672 912 2779 949 non
2817 913 2974 952 secus
3009 913 3071 952 ac
3106 901 3300 957 vitrum
3330 905 3529 963 intrin-

1965 999 2124 1039 secus
2168 1000 2333 1054 grana
2361 987 2495 1039 milii
2527 986 2726 1041 habere
2769 989 3053 1058 pellucida.
3089 991 3181 1046 Est
3211 1001 3264 1047 et
3295 997 3398 1051 alia
3437 997 3533 1054 be-

1964 1076 2133 1146 ryllus
2168 1076 2387 1146 pupillis
2445 1078 2725 1132 oculorum
2785 1089 3096 1148 serpentum
3149 1084 3365 1142 similis.
3399 1087 3528 1144 Item

1967 1167 2069 1218 alia
2099 1181 2237 1220 cerae
2272 1166 2499 1232 similis,
2546 1184 2667 1237 quae
2700 1169 2846 1223 circa
2875 1169 3166 1240 Euphratis
3201 1176 3404 1232 exitum
3445 1194 3534 1235 re-

1967 1257 2174 1324 peritur
2207 1255 2343 1326 (il).

2704 1450 2818 1506 XII.

362 1555 517 1618 AiOo;
543 1559 609 1611 τὸ
633 1559 864 1630 ὀνύχων.
902 1559 1070 1629 Οὗτος
1090 1569 1119 1620 6
1147 1568 1289 1632 λίθος
1327 1570 1522 1642 ξανθὴν
1571 1575 1710 1628 πάνυ
1751 1575 1860 1645 ἔχει

2037 1555 2189 1627 Onyx
2220 1559 2302 1611 vel
2336 1559 2626 1630 onychium
2676 1576 2908 1630 gemma.
2947 1561 3040 1617 Est
3067 1562 3181 1621 hmc
3208 1567 3363 1624 valde
3397 1569 3534 1626 ﬂavo

297 1645 388 1716 τὴν
417 1650 633 1716 χροιάν.
690 1652 998 1723 Τέρπεσθαι
1040 1658 1097 1710 δὲ
1128 1659 1206 1730 τῷ
1237 1660 1369 1730 λίθῳ
1397 1663 1572 1732 τούτῳ
1598 1668 1728 1734 φασὶ
1767 1669 1865 1731 τὰς

298 1736 500 1808 νύμφας
529 1740 644 1794 τῶν
684 1740 964 1810 βασιλέων,
1010 1746 1042 1816 ἦ
1077 1749 1173 1802 καὶ
1214 1749 1482 1804 πλουσίων
1501 1755 1734 1826 ἀνδρῶν,
1781 1758 1865 1810 αἵ-

298 1845 427 1892 τινες
446 1831 541 1881 καὶ
558 1832 643 1893 είς
663 1832 995 1904 ὲκπτώματα
1014 1837 1122 1908 (15)
1158 1839 1264 1892 ἴδια
1285 1841 1660 1913 ἀνατρέψασαι
1679 1845 1863 1916 ἔχουσι

297 1916 376 1972 τὸν
406 1919 550 1973 λίθον
580 1920 788 1975 τοῦτον.
820 1925 940 1977 Εἰσὶ
970 1926 1027 1978 δὲ
1056 1928 1150 1981 καὶ
1186 1929 1335 1984 ἄλλοι
1373 1934 1614 2003 ὀνυχίται
1646 1938 1862 2007 ὁμωνύ-

297 2028 404 2077 μως
451 2011 822 2083 καλούμενοι,
870 2016 1065 2081 οἵτινες
1113 2021 1267 2092 κηρῷ
1310 2023 1388 2092 τῷ
1435 2025 1705 2097 μελιχρόῳ
1758 2029 1865 2082 εἰσὶ

300 2101 685 2172 παραπλήσιοι.
719 2105 874 2171 Τινὲς
906 2107 962 2160 δέ
996 2127 1156 2178 φασιν
1192 2113 1388 2178 αὐτοὺς
1419 2116 1478 2180 ἐξ
1507 2117 1692 2182 ὓδατος
1719 2121 1866 2173 ἀταί-

301 2207 413 2242 κτου
441 2195 748 2264 πεπῆχοαι.
814 2198 1094 2269 ὀνυχίτας
1143 2203 1201 2255 δὲ
1252 2204 1445 2269 αὐτοὺς
1503 2206 1718 2275 λέγουσι
1772 2228 1866 2278 φυ-

303 2279 630 2347 σιολογικῶς,
690 2285 810 2337 ἐπεὶ
857 2289 883 2340 6
925 2288 1048 2354 ὄνυξ
1086 2292 1192 2343 τῶν
1235 2293 1466 2347 ἀστείων
1497 2297 1705 2368 ἀνδρῶν
1733 2316 1866 2370 μαρ-

305 2368 446 2440 μάρῳ
465 2373 594 2424 ἐστὶ
622 2375 1064 2447 συνεδιαζόμενος
1089 2384 1128 2446 ⁸,
1154 2382 1249 2434 σὺν
1271 2387 1335 2454 τῇ
1361 2385 1455 2437 τοῦ
1477 2387 1704 2456 αἵματος
1729 2368 1860 2459 ἰδέα.

314 2461 481 2515 Ἀλλοι
508 2463 574 2516 δέ
606 2480 708 2517 που
736 2469 829 2521 καὶ
859 2469 946 2522 τὸν
975 2469 1120 2526 λίϐον
1147 2473 1239 2526 τὸν
1271 2476 1611 2548 μαρμάρινον
1638 2480 1745 2532 ἀπὸ
1771 2479 1862 2533 τοῦ

299 2551 556 2623 δοκιμίου,
592 2556 960 2630 ψευδωνύμως
993 2563 1243 2635 ὁνυχίτην
1270 2566 1491 2620 καλοῦσι
1509 2568 1595 2622 διὰ
1621 2570 1682 2622 τὸ
1704 2571 1864 2625 καΘασ

304 2641 383 2710 ph
409 2645 506 2715 τῆς
538 2645 870 2719 λευκότητος
894 2651 931 2703 ³.

551 2778 714 2832 ΠΕΡΙ
750 2781 885 2833 ΤΟΥ
927 2783 1334 2838 ΑΔΛΜΛΝΤΟΣ
1376 2789 1600 2853 ΛΙΘυΥ,

1969 1650 2167 1703 colore.
2196 1648 2494 1705 Plurimum
2517 1651 2776 1707 delectari
2800 1653 2900 1709 hac
2929 1670 3142 1725 gemma
3169 1658 3322 1713 aiunt
3347 1675 3534 1731 regqu

1967 1749 2020 1794 et
2075 1741 2301 1794 divitum
2338 1743 2616 1797 hominum
2654 1758 2916 1812 sponsas,
2956 1761 3075 1815 qua:
3103 1747 3243 1803 hanc
3268 1765 3533 1818 gemmam

1968 1831 2022 1884 in
2094 1832 2412 1900 poeulorum
2492 1847 2651 1885 usum
2706 1843 3053 1889 conver'unt.
3127 1839 3264 1892 Sunt
3330 1847 3385 1894 et
3443 1841 3537 1895 alii

1967 1923 2236 1992 onychita:
2258 1922 2538 1991 tequivoce
2569 1921 2722 1985 dicti,
2763 1927 2856 1992 qui
2891 1940 3058 1989 certe,
3091 1928 3266 1982 mellis
3299 1929 3534 1985 colorem

1969 2011 2240 2076 habentis,
2269 2021 2399 2067 sunt
2430 2011 2656 2067 similes.
2687 2013 2854 2066 Aiunt
2898 2023 3078 2069 autem
3129 2017 3296 2086 aliqui
3344 2034 3438 2074 eos
3467 2035 3536 2075 ex

1967 2116 2105 2170 aqua
2155 2101 2302 2156 coire
2358 2117 2422 2156 ac
2473 2102 2637 2156 veluti
2687 2104 2981 2172 congelari.
3018 2104 3314 2176 Onychitas
3353 2111 3538 2180 appel-

1968 2192 2081 2245 lant
2113 2208 2142 2245 a
2175 2193 2356 2246 nativo
2401 2193 2842 2269 eorumcolore,
2877 2196 3001 2262 quia
3035 2197 3362 2266 elegantium
3393 2201 3537 2255 viro—

1966 2300 2086 2338 rum
2119 2285 2316 2355 unguis
2347 2285 2416 2339 sit
2456 2286 2714 2339 marmori
2768 2287 2964 2342 similis
2993 2327 3008 2352 ,
3042 2305 3148 2343 non
3196 2291 3316 2346 sine
3355 2293 3539 2349 colore

1968 2374 2250 2443 sanguinis
2277 2382 2476 2428 tamen.
2511 2375 2614 2428 Alii
2646 2390 2772 2429 vero
2800 2391 2932 2431 sane
2977 2386 3032 2432 et
3074 2383 3252 2449 ipsum
3298 2397 3540 2438 marmor

1967 2464 2035 2516 ab
2070 2465 2444 2533 exploratione
2503 2464 2700 2534 unguis
2747 2467 3059 2537 onychitam
3114 2481 3350 2539 vocant,
3401 2472 3540 2530 falso

1967 2556 2185 2611 nomine
2215 2565 2432 2624 propter
2463 2559 2753 2625 puritatem
2783 2558 3050 2615 albedinis
3087 2561 3220 2632 (15).

2358 2789 2447 2843 DE
2484 2790 2863 2864 ADAMAN‘I’E
2901 2761 3167 2864 atauus,

305 2893 394 2945 Ὃν
427 2893 524 2981 καὶ
557 2892 749 2981 αἰντιξν
779 2894 975 2981 ἐφόρεέ
1011 2897 1043 2948 ό
1081 2896 1405 2981 ᾀροχιερεὺς.
1427 2901 1860 2981 τρζςενιαυτοῦ

1971 2901 2139 2967 Quam
2170 2903 2334 2958 etiam
2357 2906 2603 2981 gestabat
2642 2906 2880 2981 sumptus
2909 2912 3180 2981 pontifex,
3211 2914 3337 2970 dum
3376 2925 3454 2974 ter
3481 2919 3537 2976 in

458 2961 884 3031 εἰσερχόμενος
917 2967 1003 3028 εὶς
1034 2961 1296 3036 τὰ”’Ᾰγὶα
1333 2961 1682 3040 τῶιῗὰᾖηίων.

371 3076 425 3128 '0
451 3076 604 3138 λίθος
632 3075 662 3126 6
699 3076 912 3146 ἀδάμας
939 3078 1184 3149 ἐμφερής
1222 3081 1336 3133 ἐστι
1376 3083 1518 3136 κατὰ
1549 3084 1648 3154 τὴν
1674 3087 1862 3155 χροιὰν

295 3165 364 3234 τῷ
390 3166 530 3235 ἀέρι.
568 3164 770 3218 Τοῦτον
794 3167 848 3218 δὲ
878 3168 1061 3239 ἐφόρει
1095 3171 1123 3222 6
1151 3171 1440 3242 ἀρχιερεὺς
1464 3174 1551 3225 ὅτε
1581 3177 1863 3247 εἰσήρχετο

299 3255 370 3316 είς
396 3255 459 3307 τὰ
490 3257 664 3321 ’Ἅγια
692 3257 800 3308 τῶν
833 3257 1021 3324 ἁγίων.
1051 3259 1180 3330 Τρὶς
1200 3260 1255 3312 δὲ
1277 3261 1368 3314 τοῦ
1399 3265 1641 3317 ἐνιαυτοῦ
1675 3269 1861 3338 εἰσήρ-

298 3360 425 3411 χετνγ
451 3349 517 3415 τῇ
541 3347 707 3414 ἑορτῇ
736 3345 830 3397 τοῦ
859 3346 1069 3416 Πάσχα,
1096 3349 1195 3419 τῆς
1225 3351 1622 3422 Πεντηκοστῆς,
1649 3357 1740 3407 καὶ
1766 3357 1863 3425 τῆς

297 3433 692 3503 Σκηνοπηγίας.
726 3429 833 3486 Ἷὶν
862 3435 914 3488 δὲ
947 3437 1195 3506 κείμενος
1224 3441 1316 3492 ἐπὶ
1362 3441 1454 3493 τοῦ
1500 3443 1727 3514 στήθους
1764 3445 1859 3498 τοῦ

295 3524 586 3593 ἀρχιερέως
621 3525 708 3576 ὅτε
749 3525 1111 3580 ἐνεδιδύσκετο
1150 3529 1240 3582 τὸν
1290 3532 1520 3603 ποδήρη,
1556 3535 1648 3587 καὶ
1678 3536 1862 3590 ἐπάνω

296 3613 376 3664 =05
407 3615 542 3685 ποδή
553 3633 683 3684 ρους
715 3617 1030 3671 ἐπενεδύετο
1059 3620 1156 3690 τὴν
1180 3623 1444 3692 ἐπωμίδα.
1481 3626 1783 3680 Κατέὸαινε
1805 3629 1861 3681 δὲ

291 3703 321 3768 ἡ
357 3705 572 3772 ἐπωμὶς
606 3704 785 3774 ὀλίγον
827 3707 1133 3780 κατώτερον
1175 3711 1269 3764 τοῦ
1321 3713 1569 3784 στήθους.
1606 3713 1715 3770 ’Ἦν
1753 3719 1862 3789 γὰρ

294 3789 566 3861 σπιθαμῆς
597 3793 690 3844 καὶ
719 3795 974 3863 ἡμισείας
1007 3796 1066 3849 τὸ
1111 3797 1305 3868 μῆκος.
1351 3801 1445 3854 Ἐκ
1475 3802 1664 3870 δεξιῶν
1687 3805 1741 3859 δὲ
1766 3809 1862 3860 καὶ

288 3881 342 3942 ἐξ
369 3882 672 3953 εὐωνύμων
704 3886 981 3941 ὲπάνωθεν
1011 3887 1116 3942 τῶν
1141 3891 1326 3961 μαζῶν
1348 3892 1388 3958 ⁸⁵,
1420 3893 1548 3948 ἔνθα
1577 3895 1670 3950 δύο
1699 3899 1861 3953 ἀσπι-

287 3969 458 4024 δίσκοι
492 3970 630 4044 ἦσαν
666 3978 1121 4047 συνεῤῥαμμένοι,
1151 3980 1479 4052 ἀπῃὼρηντο
1520 3984 1612 4036 δύο
1653 3989 1862 4057 σμάρα-

285 4058 416 4123 γδοι.
462 4060 560 4124 Εἰς
605 4063 771 4133 μέσον
797 4064 853 4116 δὲ
891 4065 1094 4118 τούτων
1141 4062 1209 4137 ἦν
1255 4070 1288 4138 ἡ
1328 4068 1576 4139 δήλωσις,
1617 4071 1676 4135 ὃς
1706 4068 1775 4144 ἦν
1832 4077 1860 4126 ὁ

2185 2989 2322 3026 antro
2351 2975 2709 3045 ingrederetur
2733 2975 2931 3033 Sancti:
2963 2975 3289 3040 sanctorum.

2036 3083 2270 3138 Adamas
2317 3085 2501 3141 colore
2549 3086 2747 3144 similis
2779 3095 2864 3144 est
2911 3091 3048 3144 aeri.
3097 3089 3254 3148 Hunc
3289 3097 3538 3166 gestabat

1963 3186 2208 3228 summus
2237 3173 2474 3243 pontifex
2524 3177 2579 3230 in
2616 3176 2813 3231 Sancta
2849 3188 3164 3236 sanctorum
3208 3183 3539 3255 ingrediens.

1966 3262 2071 3318 Ter
2097 3280 2225 3320 vero
2255 3266 2307 3318 in
2338 3281 2482 3322 anno
2511 3267 2937 3338 ingrediebatur,
2966 3273 3021 3326 in
3059 3273 3324 3332 Paschate
3351 3320 3366 3344 ,
3396 3278 3538 3336 Pen-

1965 3361 2168 3408 tecoste
2215 3363 2269 3410 et
2296 3354 2800 3412 Tabernaculorum
2833 3359 2990 3416 festo.
3018 3360 3327 3419 Ponebatur
3357 3374 3536 3423 autem

1966 3459 2128 3512 super
2158 3453 2348 3515 pectus
2388 3448 2586 3503 summi
2611 3444 2933 3516 sacerdotis,
2969 3452 3058 3506 ubi
3095 3455 3140 3511 is
3189 3456 3413 3511 talarem
3445 3473 3538 3513 ve-

1965 3541 2135 3600 stem,
2184 3543 2238 3592 et
2277 3552 2441 3607 super
2497 3538 2723 3595 talarem
2781 3541 3060 3599 humerale
3095 3545 3209 3617 (16)
3249 3547 3536 3604 induisset.

1965 3623 2331 3681 Descendebat
2359 3643 2487 3681 vero
2515 3629 2792 3686 humeralc
2810 3635 2972 3701 paulo
2997 3635 3138 3689 infra
3166 3648 3387 3708 pectus;
3419 3650 3539 3694 erat

1963 3714 2106 3766 enim
2139 3714 2258 3782 ejus
2293 3715 2572 3786 longitudo
2622 3718 2907 3775 dodrantis
2953 3721 3066 3792 (l7)
3113 3738 3236 3777 cum
3281 3725 3533 3783 dimidio.

1962 3805 2007 3856 Α
2054 3804 2263 3858 dextris
2315 3814 2369 3860 et
2397 3821 2426 3859 a
2469 3807 2709 3863 sinistris
2733 3824 2895 3880 supra
2931 3814 3198 3869 mamillas
3221 3815 3261 3874 ⁸.
3299 3817 3390 3870 ubi
3428 3818 3538 3873 duo

1961 3893 2118 3962 231
2146 3908 2309 3961 parva
2333 3909 2430 3948 ceu
2459 3908 2612 3950 scuta
2639 3907 2867 3953 consuta
2897 3909 3075 3967 erant,
3097 3904 3401 3972 pendebant
3425 3907 3536 3964 duo

1963 3983 2256 4052 smaragdi.
2303 3983 2360 4037 In
2390 3986 2572 4041 medio
2602 3995 2783 4043 autem
2819 3989 3010 4045 horum
3060 4001 3176 4046 erat
3215 3995 3535 4064 declaratio,

1961 4088 2082 4142 qua:
2119 4086 2234 4130 erat
2275 4075 2386 4146 jam
2427 4075 2607 4131 dictus
2651 4077 2905 4144 adamas,
2953 4081 3136 4139 colore
3176 4100 3354 4142 acrem
3391 4089 3534 4144 refe-

284 4147 543 4216 δηλωῦεὶς
567 4154 587 4183 ⁸
628 4154 864 4222 ἀδάμας,
909 4155 1008 4224 τὴν
1046 4157 1234 4227 χροιὰν
1268 4157 1518 4230 ἀερίζων.
1563 4161 1776 4215 Ἐπάνω
1802 4164 1857 4218 δὲ

1971 4179 2110 4220 rens.
2157 4165 2331 4235 Super
2360 4169 2617 4224 humeros
2649 4183 2779 4224 vero
2824 4170 3109 4228 duodecim
3155 4175 3262 4245 iam
3289 4178 3538 4234 iudicata:

282 4239 385 4290 τῶν
412 4241 585 4312 ὤμων
616 4246 666 4297 οἱ
699 4245 1028 4315 δηλωθέντες
1058 4247 1265 4302 δώδεκα
1295 4249 1451 4304 λίοοι.
1501 4253 1632 4323 Τρὶς
1661 4253 1738 4317 δὲ,
1782 4254 1858 4318 ὡς

285 4329 520 4398 εἴρηται,
553 4332 642 4384 τοῦ
670 4334 916 4387 ἐνιαυτοῦ
945 4336 1194 4407 ἐδηλοῦτο
1209 4337 1284 4409 τῷ
1312 4339 1424 4411 λαῷ
1449 4340 1536 4394 διὰ
1563 4343 1656 4395 τοῦ
1693 4344 1859 4397 πετά-

283 4415 391 4470 λου.
437 4421 556 4474 Καὶ
594 4425 642 4474 εἰ
684 4426 742 4476 ἐν
783 4425 1022 4497 ἁμαρτίᾳ
1069 4429 1391 4498 εὑρέθησαν,
1425 4431 1516 4482 καὶ
1546 4430 1620 4502 μὴ
1647 4433 1702 4486 ὲν
1738 4436 1859 4497 ταῖς

282 4507 545 4574 ἐντολαῖς,
562 4511 627 4574 ἃς
655 4514 904 4568 ἐδεδώκει
924 4519 952 4570 6
973 4518 1124 4581 Θεὸς,
1145 4520 1424 4588 ἐτρέπετο,
1441 4524 1625 4590 φασὶν,
1649 4525 1680 4594 ἡ
1702 4525 1860 4596 χροιὰ

281 4596 370 4650 τοῦ
408 4598 586 4666 λίθου,
617 4603 710 4656 καὶ
741 4606 958 4673 ἐγένετο
991 4608 1178 4678 μέλας·
1212 4610 1306 4664 καὶ
1339 4613 1403 4663 ἐκ
1438 4612 1627 4666 τούτου
1667 4616 1858 4684 ἐγίνω-

352 4752 366 4781 ¹
392 4753 721 4838 ἀνακλάσαι.
764 4760 1286 4838 ,⁸⁸συνδιαζομενος,
1319 4763 1400 4818 vel
1435 4765 1840 4838 ὁμοιαζόμενος.

286 4815 307 4847 ⁸
333 4817 389 4873 In
418 4822 686 4880 humeris.
764 4829 784 4858 ⁷
811 4828 1008 4885 Galcro
1040 4815 1245 4886 addita.

355 4973 472 5050 (12)
505 4978 958 5063 Σςρυσόπαᾳτος.
978 4985 1031 5038 Id
1045 4994 1149 5052 est,
1169 4988 1348 5044 aureis
1367 4991 1582 5061 punctis
1599 5007 1855 5063 consper-

286 5055 396 5106 Sus;
435 5049 629 5131 malim.
654 5049 1053 5131 χρυσόπρασος,
1088 5049 1209 5131 qua;
1235 5049 1444 5131 genu-na
1485 5065 1669 5117 colore
1707 5049 1853 5131 p'orri

285 5124 512 5202 saecla-In
553 5117 734 5202 refert,
779 5117 895 5176 auri
942 5117 1430 5202 intervenientibus
1476 5133 1667 5202 guttis,
1708 5117 1854 5188 itnde

286 5183 543 5271 similitLer
570 5187 816 5271 ευριπ-ο,
857 5202 918 5245 ut
960 5183 1849 5271 chrysolithus'nom‘envac'cepit:

289 5253 772 5344 {'fg__0_l'rysulillno
821 5268 1023 5328 tamen,
1064 5253 1167 5319 'sed
1211 5253 1846 5344 δετὶῐιόξυὶῖάιὶιῖἰήόιὲ

287 5329 496 5392 agetur,
518 5335 774 5392 cognata.
1311 5329 1329 5344 ”
1427 5329 1439 5337 ’
1596 5329 1612 5342 ⁸
1689 5359 1706 5374 ⁹

515 5391 882 5464 Ἐ’κζτὼματα.
931 5397 1007 5453 Ex
1050 5407 1254 5474 onyche
1295 5417 1437 5475 enim
1473 5411 1671 5485 pocula
1707 5411 1847 5465 facta

1965 4271 2210 4326 gemmae.
2236 4257 2343 4312 Ter
2375 4274 2526 4324 vero,
2563 4271 2621 4314 ut
2647 4260 2848 4316 dictum
2876 4271 2980 4326 est,
3009 4280 3105 4335 per
3129 4281 3330 4323 annum
3353 4279 3536 4326 osten-
3572 4274 3627 4338 ;-‘":

1965 4347 2197 4401 debatur
2242 4347 2344 4420 (sic
2377 4358 2602 4406 ornatus
2656 4352 2920 4424 pontifex)
2948 4358 3146 4426 populo
3177 4374 3302 4414 cum
3333 4359 3538 4418 lamina
3578 4343 3584 4349 ’

1967 4451 2130 4493 aurea
2149 4440 2192 4495 '.
2246 4439 2399 4506 Quod
2447 4442 2493 4496 si
2527 4443 2580 4496 in
2632 4453 2857 4513 peccato
2891 4446 3447 4520 deprehenderentur,
3489 4456 3536 4510 si

1965 4528 2020 4583 in
2053 4531 2337 4600 praeceptis
2381 4546 2502 4601 quae
2538 4532 2762 4590 dederat
2793 4534 2954 4601 Deus,
3000 4554 3108 4594 non
3138 4543 3534 4610 ambulassem,

1965 4621 2298 4690 mutabatur,
2332 4629 2392 4675 ut
2419 4621 2622 4691 ferunt,
2652 4627 2804 4680 color
2831 4627 3052 4696 lapidis,
3082 4638 3137 4684 et
3169 4631 3332 4687 ﬁebat
3360 4634 3532 4705 niger.

1917 4769 1938 4800 ³
1965 4770 2053 4824 διὰ
2077 4773 2137 4826 τὸ
2163 4774 2382 4846 ἀκριϐὲς
2398 4776 2498 4845 τῆς
2527 4776 2816 4848 λειότητος.
2875 4780 2896 4810 ⁸
2920 4779 3104 4852 ὤμων.
3179 4786 3200 4815 ⁵
3228 4786 3257 4837 6
3279 4786 3395 4856 ἦτοι
3416 4789 3533 4860 δηλ.

2036 4995 2377 5082 (ΙβλΒεηχΙΙί
2418 4999 2464 5054 si
2498 5000 2777 5082 spinet-ica:
2811 5003 2964 5071 ﬁant,
2994 5013 3045 5062 et
3080 5008 3247 5082 radiis
3274 5011 3408 5067 solis
3433 5027 3535 5082 op~

1963 5075 2257 5148 ponantur,
2293 5068 2496 5148 ignem
2531 5068 2814 5148 emittunt,
2872 5068 3206 5148 ut’specula
3259 5068 3524 5136 concava.

1963 5137 2288 5203 Anonymus.
2321 5137 2412 5192 Sic
2452 5147 2506 5193 et
2535 5145 2800 5203 crystalli.

2031 5201 2142 5274 (15)
2171 5207 2530 5285 Alabastrites
2559 5201 2778 5279 quidem
2809 5213 2948 5285 lapis
2980 5232 3008 5269 a
3039 5217 3353 5275 Dioscoride
3369 5222 3532 5277 etiam

1957 5286 2113 5342 onyx
2135 5283 2382 5329 vocatur.

1959 5341 2142 5466 ιῚ(16)
2179 5342 2491 5413 Epomidem
2536 5347 2597 5402 ι).
2643 5348 2864 5406 Hieron.
2923 5356 3348 5424 super-[tumente
3411 5371 3536 5416 ver-

1986 5431 1996 5466 I
2031 5450 2042 5461 .

2031 5450 2144 5555 in)
2175 5485 2497 5553 Σπιθιιμῆς,
2531 5489 2694 5554 palmi
2715 5531 2728 5555 ,
2769 5489 2827 5544 D.
2867 5493 3064 5551 Hieron
3080 5513 3267 5559 imus.-
