3916 6196
409 271 518 327 303

1414 264 1471 316 s.
1516 259 1857 316 El’lPllANll
1902 258 1989 312 DE
2027 257 2122 313 xu
2163 260 2423 318 GEMMIS
2463 263 2684 319 LIBER.
3566 272 3656 328 δα

416 385 553 439 llinc
588 384 958 454 agnoscebant
983 378 1130 450 quod
1165 377 1429 432 Dominus
1456 382 1689 430 mortem
1725 373 1992 428 missurus

2110 388 2225 427 rxov
2253 374 2333 428 ὅτι
2352 375 2581 431 θάνατον
2596 379 2943 445 ἐξαπέστειλε
2960 380 3183 450 Κύριος.
3202 379 3392 433 ’Πνίκα
3415 380 3472 434 δὲ
3492 380 3550 434 ἐν
3571 399 3657 451 μα,-

412 485 579 531 esset.
629 474 766 529 Cum
807 488 937 528 vero
974 487 1071 526 eos
1096 468 1277 538 gladio
1312 465 1544 536 perdere
1580 467 1765 528 vellet,
1795 464 1995 519 eﬂicie—

414 571 576 622 batur
610 566 894 637 sanguinei
923 562 1145 616 coloris.
1199 559 1268 615 Ut
1297 575 1390 629 per
1449 558 1739 613 Jeremiam
1786 559 1989 628 inquit:

417 658 610 711 Emitte
666 656 913 725 populum
962 652 1151 720 ipsius,
1202 660 1250 704 et
1290 650 1668 720 egrediantur;
1707 652 1997 719 quicunque

412 751 479 801 ad
518 757 758 809 mortem,
788 743 857 796 ad
897 752 1147 805 mortem;
1188 742 1482 812 quicunque
1529 740 1596 794 ad
1624 741 1883 811 gladium,
1927 739 1996 791 ad

412 837 682 902 gladium;
721 834 1013 903 quicunque
1041 832 1110 886 ad
1147 832 1365 899 famem,
1404 832 1473 883 ad
1508 830 1741 899 famem:
1773 829 1995 899 quicun-

411 943 507 994 que
536 925 603 977 ad
649 924 1032 993 captivitatem,
1082 922 1151 975 ad
1188 922 1549 991 captivitatem
1607 922 1647 975 ί.
1701 917 1905 984 Quodsi
1940 924 1997 970 ut

409 1019 501 1071 nix
544 1013 876 1084 splenderet.
928 1012 1303 1082 agnoscebant
1352 1026 1410 1065 se
1456 1026 1562 1065 non
1616 1025 1895 1081 peccasse.
1944 1018 1997 1063 et

410 1114 542 1159 tunc
576 1105 775 1159 festum
803 1104 1178 1159 celebrabant.
1227 1102 1698 1169 Quemadmodum
1733 1101 1995 1172 propheta

408 1196 483 1247 ait
512 1214 525 1249 :
559 1193 780 1249 Celebra
809 1195 943 1263 festa
978 1204 1101 1257 tua,
1144 1194 1290 1247 Juda
1312 1234 1325 1257 ,
1362 1193 1520 1248 redde
1557 1203 1676 1247 vota
1704 1203 1797 1245 tua
1825 1210 1841 1245 :
1878 1192 1997 1245 abs-

408 1284 530 1337 tulit
585 1283 843 1339 Dominus
886 1295 1003 1337 tuas
1035 1286 1355 1354 iniquitates.
1398 1283 1632 1337 Redemit
1670 1294 1720 1337 te
1766 1300 1793 1337 e
1825 1283 1997 1365 ηιαμὶ-

408 1377 503 1430 bus
551 1376 782 1429 hostium
829 1385 1064 1429 tuorum.
1112 1374 1365 1445 Regnabit
1423 1375 1677 1428 Dominus
1729 1376 1781 1428 in
1826 1375 1996 1427 medio

409 1469 507 1521 tui.
543 1467 665 1520 Non
695 1467 889 1520 videbis
924 1467 1141 1519 ulterius
1178 1468 1319 1519 mala
1348 1468 1389 1516 '.
1424 1466 1630 1519 Idcirco
1658 1466 1821 1520 etiam
1863 1477 1997 1520 tem-

407 1575 542 1630 pore
576 1558 853 1611 Zacharim
903 1557 1076 1626 patris
1112 1554 1361 1620 Joannis,
1413 1556 1541 1609 dum
1588 1556 1653 1609 ad
1688 1570 1812 1610 eum
1846 1556 1996 1609 vices

407 1658 742 1721 spectarent,
777 1651 827 1702 in
864 1648 1152 1712 Pasehate,
1185 1647 1503 1716 splendidus
1531 1646 1631 1698 fuit
1666 1646 1823 1714 lapis.
1856 1644 1993 1697 Tum

406 1744 575 1797 etiam
609 1741 773 1811 coepit
819 1740 925 1794 hoc
968 1754 1111 1793 anno
1141 1738 1289 1808 fungi
1332 1738 1659 1793 sacerdotio.
1722 1736 1997 1806 Sequente

408 1842 593 1889 autem
621 1834 760 1887 alius
786 1833 1027 1887 tunicam
1049 1833 1277 1886 talarcm
1302 1830 1566 1900 sumpsit:
1594 1830 1811 1900 quando
1833 1831 1995 1883 etiam

409 1926 659 1981 tardante
712 1924 979 1979 Zacharia
1030 1924 1084 1977 in
1133 1923 1354 1977 Sanctis
1408 1932 1749 1984 sanctorum,
1800 1922 1996 1977 anxius

406 2026 525 2071 erat
554 2016 789 2086 populus
811 2015 851 2079 ³,
898 2030 967 2069 ne
1011 2012 1149 2067 forte
1184 2028 1396 2084 gemma
1426 2027 1522 2068 eos
1558 2013 1762 2083 peccati
1808 2013 1998 2067 redar-

406 2117 614 2180 gueret.
662 2108 930 2163 Caeterum
976 2107 1095 2175 ipso
1145 2120 1368 2175 egresso
1420 2106 1802 2175 agnoscentes,
1852 2106 1995 2174 quod

408 2217 616 2271 inagnre
666 2199 853 2271 gloria:
887 2198 1164 2252 visionem
1213 2197 1462 2261 vidisset,
1511 2196 1667 2252 valde
1705 2197 1994 2251 exhilarati

406 2304 555 2349 sunt.
620 2292 946 2347 Nasciturus
994 2289 1140 2343 enim
1199 2298 1317 2343 erat
1364 2288 1607 2344 Joannes
1655 2290 1995 2359 praenuntius

405 2385 629 2439 Christi.
687 2383 1033 2451 Quapropter
1062 2382 1224 2435 etiam
1258 2380 1461 2433 lamina
1498 2394 1663 2433 aurea
1696 2379 1993 2448 gloriﬁcata

406 2476 681 2529 annaruit.

516 2492 681 2527 aruit.

440 2492 748 2629 Ρῗὶυοιιὶιιιιι
801 2574 931 2614 vero
965 2558 1056 2613 isti
1100 2558 1391 2612 duodecim
1439 2557 1649 2627 lapides
1689 2557 1829 2627 jussi
1866 2566 1994 2614 sunt

406 2655 571 2710 inseri
596 2651 886 2715 ltationali,
927 2650 1229 2705 secundum
1258 2648 1543 2702 duodecim
1571 2649 1748 2705 tribus
1777 2649 1992 2705 Israeli-

404 2751 566 2812 ticas,
602 2754 658 2799 ut
699 2743 1076 2813 unusquisque
1115 2742 1255 2812 lapis
1286 2741 1378 2795 uni
1427 2741 1588 2795 tribui
1617 2743 1990 2811 responderet,

404 2838 618 2894 veniam
667 2836 820 2906 juxta
862 2835 1190 2889 divisionem
1222 2831 1617 2904 przeccdentem
1643 2831 1710 2885 ad
1757 2833 1897 2887 ﬁlior
1939 2850 1989 2887 ιη

402 2929 609 2988 Jacobo
631 2936 883 2980 natorum
905 2924 1123 2980 seriem.
1154 2922 1231 2975 lla
1260 2922 1404 2976 enim
1431 2922 1686 2975 convenit
1717 2936 1811 2976 eos
1830 2923 1991 2993 (hlios

417 3019 604 3076 Jacobi
636 3027 689 3072 et
719 3016 949 3087 lapides)
988 3014 1183 3068 idoneo
1216 3014 1408 3068 ordine
1445 3012 1723 3082 conjungi.

474 3109 595 3163 Filii
631 3108 750 3161 [λείη
781 3115 1055 3175 quatuor;
1098 3102 1315 3167 Ruben,
1343 3104 1594 3166 sardius;
1633 3101 1891 3172 Symeon,
1918 3112 1994 3159 to-

406 3200 595 3270 pazius
621 3214 635 3261 ;
666 3196 816 3259 Levi,
848 3194 1204 3265 smaragdus;
1240 3192 1431 3261 Judas,
1462 3196 1849 3251 carbunculus.

475 3287 595 3341 Filii
622 3286 811 3349 Bilhze,
845 3286 974 3340 duo.
1012 3282 1168 3339 Bilba
1198 3285 1399 3337 ancilla
1430 3296 1545 3339 erat
1576 3286 1850 3342 Rachelis.
1886 3286 1992 3340 Ra-

404 3385 526 3439 chel
569 3398 698 3437 vero
730 3398 852 3435 eum
904 3396 1014 3435 non
1060 3387 1295 3450 pareret,
1353 3378 1503 3433 dedit
1534 3397 1652 3436 eam
1702 3380 1907 3435 Jacobo
1935 3381 1988 3435 in

404 3494 655 3542 uxorem,
686 3485 746 3531 ut
776 3476 917 3529 lilios
944 3477 998 3529 in
1034 3491 1097 3530 ea
1134 3476 1457 3546 susciperet.
1504 3473 1624 3529 Nati
1658 3485 1838 3530 autem
1864 3483 1992 3531 sunt

406 3570 565 3639 232
591 3584 654 3623 ex
686 3582 749 3622 ea
775 3587 786 3621 :
822 3565 961 3628 Dan,
992 3566 1321 3636 sapphirus;
1351 3564 1657 3635 Nephthali,
1681 3565 1880 3634 jaspis.

473 3660 596 3713 Filii
630 3658 868 3728 Zilphm,
916 3659 1043 3712 duo.
1111 3656 1302 3727 Zilpha
1348 3656 1543 3709 ancilla
1589 3667 1704 3710 erat
1746 3654 1886 3719 Leto,
1939 3664 1993 3710 et

405 3753 552 3809 dedit
605 3768 723 3807 eam
756 3751 862 3806 Lea
892 3750 1098 3805 Jacobo
1147 3750 1201 3802 in
1253 3763 1502 3810 uxorem,
1555 3754 1615 3800 ut
1665 3762 1728 3801 ex
1756 3761 1817 3801 ea
1851 3747 1987 3801 lilios

404 3852 750 3914 procuraret.
806 3843 947 3897 Sunt
994 3856 1123 3896 vero
1158 3840 1284 3895 isti:
1336 3836 1474 3902 Gad,
1518 3838 1781 3909 Iignrius;
1831 3839 1988 3904 Aser,

404 3936 648 3991 achates.

473 4026 598 4081 Filii
632 4027 772 4091 Lem,
816 4026 963 4080 duo:
1004 4023 1245 4087 lsachar,
1294 4022 1665 4094 amethystus;
1721 4020 1985 4085 Zabulon,

403 4114 797 4188 chrysolithus.

474 4209 597 4264 Filii
631 4208 917 4271 Rachelis,
979 4207 1129 4260 duo:
1186 4202 1428 4274 Ioseph,
1475 4203 1746 4274 beryllus;
1794 4201 1989 4271 Benja-

402 4300 537 4363 min,
573 4298 891 4367 onychium.

2098 466 2316 537 χαίραις
2345 470 2538 533 αὐτοὺς
2558 470 2823 542 ἔπεμπεν,
2851 473 3069 540 ἐγένετο
3089 473 3392 541 αἱμάτινος·
3424 471 3500 534 ὡς
3520 474 3578 525 ἐν
3601 474 3660 543 τῷ

2110 557 2348 629 Ἱερεμίᾳ
2366 578 2436 630 φη
2446 562 2546 614 σίν·
2580 562 3049 626 Ἐξιιπόστειλον
3060 562 3332 617 τὸνλαὸν
3353 563 3565 627 αὐτοῦ,
3580 567 3660 618 καὶ

2096 648 2523 714 ἐξελθέτωσαν,
2559 652 2690 706 ὅσοι
2719 656 2807 718 εἰς
2826 653 3105 716 θάνατον,
3127 657 3215 717 είς
3236 654 3521 707 θάνατον·
3546 654 3663 708 ὅσοι

2097 740 2184 805 εἷς
2206 740 2526 810 μάχαιραν,
2553 746 2639 809 εἰς
2658 743 2976 813 μάχαιραν·
3008 746 3106 799 καί
3126 745 3259 799 ὅσοι
3274 745 3579 813 ειςλιμὸν,
3594 748 3667 811 εἱς

2097 834 2295 899 λιμόν·
2320 834 2415 885 καὶ
2433 835 2563 887 ὅσοι
2580 837 2666 901 εὶς
2680 839 3117 905 αἰχμαλωσίαν,
3133 840 3219 902 είς
3234 839 3662 906 αἰχμαλωσίαν.

2102 922 2162 976 Εἰ
2191 924 2247 977 δὲ
2284 924 2489 992 ἐγίνετο
2518 927 2649 979 ὡσεὶ
2678 927 2808 997 χιὼν
2846 929 3113 1001 λαμπρὸς,
3156 930 3451 997 ἐγίνωσκεν
3486 932 3516 982 ό
3554 930 3664 995 λαὸς

2098 1014 2179 1067 ὅτι
2209 1015 2443 1086 οὐδαμοῦ
2482 1019 2745 1088 ἁμαρτία·
2788 1020 2881 1073 καὶ
2901 1022 3019 1073 τότε
3050 1020 3343 1091 ἑώρταζον·
3371 1022 3447 1084 ὡς
3476 1021 3664 1089 λέγειό

2100 1109 2402 1178 προφήτης
2446 1109 2726 1177 Ἑώρταζε,
2766 1111 2980 1175 Ἰούδα,
3003 1112 3109 1178 τὰς
3138 1112 3347 1180 ἑορτάς
3375 1129 3515 1176 σου,
3536 1113 3666 1167 ἀπό-

2098 1198 2205 1265 δος
2226 1199 2331 1265 τὰς
2354 1199 2541 1267 εὐχάς
2558 1214 2696 1254 σουο
2721 1200 2979 1268 περιεῖλε
3008 1203 3224 1269 Κύριος
3246 1201 3317 1255 τὰ
3342 1202 3665 1272 ἀδικήματά

2098 1304 2233 1341 σου.
2267 1288 2613 1356 Λελύτρωκέ
2642 1303 2715 1341 σε
2736 1289 2802 1341 ἐκ
2831 1286 3031 1357 χειρὸς
3062 1287 3290 1356 ἐχθρῶν
3323 1302 3462 1341 σου.
3499 1292 3666 1341 Βασι-

2097 1380 2303 1433 λεύσει
2335 1379 2548 1446 Κύριος
2571 1378 2640 1431 ἐν
2660 1378 2825 1447 μέσῳ
2857 1393 2993 1432 σου.
3032 1381 3154 1431 Οὐκ
3196 1378 3318 1446 ὄψῃ
3356 1378 3515 1431 κακὰ
3547 1381 3665 1431 οὐκ·

2098 1469 2205 1522 ἐτι.
2242 1470 2331 1521 Διὸ
2358 1470 2451 1522 καὶ
2480 1470 2571 1522 ἐπὶ
2599 1470 2869 1540 Ζαχαρίου
2894 1470 2988 1522 τοῦ
3020 1469 3224 1539 πατρὸς
3262 1469 3508 1522 Ἰωάννου
3533 1472 3587 1522 ἐν
3606 1472 3663 1540 τῇ

2099 1562 2374 1633 ἐφημερίᾳ
2407 1561 2591 1628 αὐτοῦ,
2627 1561 2684 1614 ἐν
2724 1560 2801 1630 τῷ
2844 1561 3054 1629 Πάσχα,
3104 1560 3355 1631 λαμπρὸς
3397 1561 3603 1628 ἐγίνετο
3641 1564 3666 1614 ό

2100 1652 2260 1716 λίθος.
2300 1654 2431 1705 Τότε
2475 1652 2585 1724 γὰρ
2614 1653 2788 1724 ἀρχὴν
2814 1652 2971 1707 ἔλαϐε
2995 1652 3090 1705 τοῦ
3120 1652 3421 1723 ἱερατεύειν
3446 1652 3539 1705 τὸν
3568 1654 3666 1705 ἐνι-

2099 1745 2280 1797 αυτόν.
2314 1745 2424 1798 Καὶ
2452 1745 2529 1815 τῷ
2559 1745 2764 1797 ἐπιόντι
2800 1744 2983 1815 ἔτερος
3016 1744 3357 1814 ἀνελάμϐανε
3390 1745 3482 1797 τὸν
3511 1746 3667 1817 ποδη-

2101 1853 2189 1908 ρηο
2221 1836 2311 1889 ὅτε
2340 1836 2433 1887 καὶ¹
2469 1834 2820 1905 βραδύνοντος
2862 1834 2950 1886 τοῦ
2984 1834 3256 1903 Ζαχαρίου
3291 1834 3371 1895 είς
3415 1834 3482 1885 τὰ
3512 1834 3670 1901 ’Λγια

2098 1926 2209 1981 τῶν
2239 1928 2409 1995 ἁγίων
2436 1928 2494 1979 ἐν
2511 1924 2721 1996 ἀγωνίᾳ
2740 1920 2805 1995 ἦν
2827 1927 2854 1978 ό
2872 1924 3019 1987 λαὸς,
3046 1925 3120 1993 μή
3144 1940 3273 1976 ποτε
3294 1924 3449 1977 ἔσται
3477 1925 3507 1977 ὁ
3530 1924 3668 1989 λίθος

2100 2020 2285 2081 αὐτοῖς
2319 2018 2550 2088 ὲλεγμὸς
2574 2017 2868 2088 ἁμαρτίας.
2898 2016 3007 2069 Καὶ
3036 2014 3343 2079 ἐξελθόντος
3364 2015 3552 2079 αὑτοῦ,
3580 2018 3670 2068 καὶ

2100 2110 2319 2179 γνόντες
2349 2110 2430 2163 ὅτι
2468 2109 2712 2179 μεγάλης
2754 2108 2911 2177 δόξης
2949 2107 3216 2160 ὀπτασίαν
3255 2106 3520 2177 ἑώρακεν,
3550 2108 3670 2177 sxa-

2102 2220 2275 2274 ρησαν
2309 2202 2531 2273 σφόδρα.
2571 2201 2821 2271 Ἰωάννης
2854 2200 2963 2272 γὰρ
2994 2195 3062 2271 ἦν
3090 2199 3298 2271 μέλλων
3327 2199 3612 2268 γεννᾶσθαι
3642 2202 3672 2252 ὁ

2100 2294 2329 2363 ἄγγελος
2356 2293 2452 2347 τοῦ
2482 2292 2741 2365 Χριστοῦ.
2790 2293 2879 2346 Διὸ
2920 2293 3015 2346 καὶ
3057 2291 3442 2362 δεδοξασμένον
3480 2292 3541 2344 τὸ
3580 2292 3675 2343 πέ-

2100 2386 2229 2438 πλον
2252 2386 2271 2418 ⁸
2303 2386 2497 2455 ἐφάνη.

2180 2561 2396 2631 Ἐπειδὴ
2427 2560 2482 2612 δὲ
2514 2560 2657 2613 κατὰ
2683 2561 2781 2623 τάς
2805 2558 3012 2613 δώδεκα
3040 2558 3212 2626 φυλὰς
3247 2557 3341 2611 τοῦ
3382 2558 3599 2629 Ἰσραὴλ
3625 2560 3674 2611 οί

2096 2651 2306 2705 δώδεκα
2330 2651 2467 2704 λίθοι
2504 2644 2648 2704 οὗτοι
2678 2650 3124 2722 προσετάχθησαν
3152 2649 3677 2719 ἐγκαταλεχθῆναϋ,

2096 2746 2170 2809 ὡς
2210 2740 2348 2798 εἶναι
2388 2744 2483 2797 ἕνα
2526 2742 2671 2796 λίθον
2715 2743 2850 2812 πρὸς
2903 2742 3030 2811 μίαν
3082 2741 3253 2811 φυλὴν
3298 2742 3680 2813 ἡρμοσμένον,

2097 2835 2427 2906 ἐλευσόμεθα
2469 2835 2611 2889 κατὰ
2656 2835 2753 2906 τὴν
2801 2834 3071 2903 προτέραν
3108 2833 3395 2903 διαίρεσιν,
3440 2833 3533 2883 ἐπὶ
3577 2833 3683 2903 τὴν

2096 2929 2412 2982 ἀκολουθίαν
2441 2928 2550 2981 τῶν
2581 2926 2962 2996 γεγενημένων
2991 2925 3121 2977 υἱῶν
3146 2925 3239 2977 τοῦ
3273 2924 3491 2977 Ἰακώϐ.
3520 2923 3683 2977 Οὕτω

2022 3028 2063 3084 c
2096 3018 2203 3087 γάρ
2236 3017 2381 3069 ἐστιν
2404 3016 2657 3086 ἁρμόδιον
2689 3015 3000 3067 συντάττειν
3027 3013 3242 3075 αὐτούς.

2169 3108 2361 3169 Παῖδες
2391 3107 2553 3168 Λείας
2582 3106 2623 3158 δ’
2631 3123 2644 3137 ο
2688 3104 2935 3175 Ῥουϐὴν,
2969 3105 3203 3175 σάρδιονο
3230 3102 3480 3175 Συμεὼν,
3512 3103 3685 3157 τοπά-

2098 3197 2230 3262 ζιονο
2265 3197 2419 3261 Λευῒ,
2448 3196 2775 3267 σμάραγδος·
2822 3196 3039 3260 Ἰούδας,
3066 3195 3288 3265 ἄνθραξ.

2163 3288 2357 3351 Παῖδες
2408 3288 2613 3352 Βαλλᾶς
2665 3288 2729 3357 β’.
2792 3288 2855 3339 Ἥ
2905 3286 3083 3339 Βαλλὰ
3137 3286 3397 3357 παιδίσκη
3450 3282 3522 3357 ἦν
3580 3287 3683 3357 τῆς

2108 3382 2329 3455 Ῥαχήλ.
2360 3383 2470 3435 Καὶ
2503 3381 2624 3433 ἐπεὶ
2657 3381 2755 3433 οὐκ
2781 3380 2980 3444 ἔτικτε,
3008 3380 3192 3433 δίδωσι
3224 3379 3301 3449 τῷ
3344 3379 3547 3432 Ἰακὼϐ
3583 3381 3687 3433 αὐ-

2094 3475 2191 3545 τὴν
2224 3476 2456 3542 γυναῖκα
2491 3472 2627 3543 πρὸς
2665 3471 2726 3524 τὸ
2764 3471 2987 3541 ποιῆσαι
3020 3470 3235 3533 παῖδας.
3274 3470 3394 3522 Εἰσὶ
3418 3470 3478 3522 δὲ
3502 3465 3682 3523 οὗτοι*

2095 3565 2223 3627 Δὰν,
2258 3566 2577 3634 σάπφειρος·
2604 3562 2942 3632 Νεφθαλείμ,
2968 3564 3174 3623 ἴασπις.

2163 3657 2355 3718 Παῖδες
2378 3654 2587 3722 Ζελφᾶς
2613 3651 2675 3722 β’.
2711 3653 2775 3704 ἸΙ
2799 3651 2975 3719 Ζελφὰ
3001 3652 3257 3721 παιδίσκη
3273 3646 3341 3720 ἦν
3364 3650 3465 3721 τῆς
3484 3652 3688 3715 Λείας,

2093 3749 2187 3801 καὶ
2217 3747 2398 3799 δίδωσι
2429 3745 2505 3814 τῷ
2541 3743 2733 3797 Ἰακὼϐ
2773 3746 3004 3811 γυναῖκα
3034 3742 3168 3813 πρὸς
3201 3742 3257 3795 ea
3290 3743 3515 3813 ποιῆσαι
3551 3747 3693 3796 παῖ-

2089 3840 2203 3904 δας.
2226 3840 2347 3892 Εἰσὶ
2375 3838 2430 3891 δὲ
2463 3830 2626 3890 οὗτοι·
2656 3836 2783 3902 Γὰδ,
2806 3835 3066 3907 λιγύριον’
3108 3834 3297 3906 Ἀσὴρ,
3331 3835 3568 3905 ἀχάτης.

2162 4014 2357 4077 Παῖδες
2401 4011 2565 4072 Λείας
2595 4010 2661 4080 β’*
2703 4008 2943 4078 ’1σάχαρ,
2988 4005 3314 4076 ἀμέθυστος·
3360 4001 3695 4068 Ζαϐουλὼν,

2091 4105 2426 4179 χρυσόλιθος.

2159 4198 2355 4260 Παῖδες
2397 4193 2595 4265 Ῥαχὴλ
2643 4191 2709 4263 β’·
2764 4190 2984 4260 Ἰωσὴφ,
3035 4187 3338 4259 βηρύλλιοψ
3386 4187 3691 4256 Βενιαμὶν,

2090 4290 2320 4359 ὀνύχιον.

473 4387 568 4441 lla:
604 4395 735 4442 sunt
764 4383 1052 4439 duodecim
1092 4397 1339 4455 gemmae,
1377 4380 1671 4451 unicuique
1713 4382 1878 4435 tribui
1904 4382 1981 4436 ls-

2166 4375 2326 4436 Οὗτοί
2365 4382 2502 4432 είσιν
2543 4380 2592 4432 οἱ
2627 4376 2960 4449 ἡρμοσμένοι
2986 4373 3192 4427 δώδεκα
3222 4371 3359 4424 λίθοι
3398 4371 3525 4423 καθ’
3557 4371 3703 4424 ἐκκ-

403 4476 567 4531 raelis
594 4474 1010 4546 respondentes.

477 4630 493 4661 ¹
533 4626 645 4685 Jer.
682 4646 770 4697 xv,
805 4630 857 4697 l,
891 4629 947 4685 ‘2.
1026 4629 1045 4661 ²
1076 4626 1288 4686 Nahum
1346 4630 1501 4696 1,15.
1579 4631 1599 4662 ³
1630 4628 1760 4685 Luc.
1805 4646 1845 4698 ι,
1875 4630 1937 4683 2|
1968 4646 2089 4701 sqq.

2087 4490 2219 4544 στην
2259 4471 2429 4541 φυλὴν
2461 4469 2553 4523 τοῦ
2593 4468 2831 4539 Ἰσραήλ.

2165 4631 2187 4659 ⁵
2216 4626 2465 4681 πέταλον.
2542 4626 2562 4656 ⁸
2590 4620 3137 4691 ἐγκατακλεισθῆναι.

1731 4965 1840 5025 AD
1880 4954 2333 5023 LECTOREM.

473 5119 609 5175 Cum
641 5115 894 5186 superior
926 5113 1015 5169 ille
1045 5111 1183 5165 liber
1205 5107 1498 5186 Epiphanii
1538 5107 1698 5186 longe
1723 5104 1946 5158 brevior
1978 5102 2031 5154 in
2068 5099 2457 5186 manuscriptis
2490 5096 2826 5186 quihlusdan}
2866 5094 3168 5177 codicibus
3178 5096 3580 5186 exstaretuubi
3600 5168 3615 5186 Ι
3642 5106 3715 5151 et

402 5164 1053 5255 quain—in
1083 5164 1331 5255 Gesne'ri'
1347 5178 1586 5255 editione
1620 5164 1947 5245 lcgerelitttr,
1970 5185 2107 5251 nos,
2136 5178 2193 5223 ut
2215 5185 2281 5255 ne
2305 5164 2634 5255 quidt‘qund
2669 5168 2973 5255 Epiphanio
3001 5164 3424 5255 iqscriberetpr,
3449 5165 3712 5255 desildc-

402 5233 766 5328 ἶςὶῖζίπῖἑεῖὲζ
796 5233 966 5311 ἕιῖᾆῆί
997 5233 1221 5306 alteram
1245 5233 1396 5302 illam
1426 5233 1743 5328 editioneiih
1780 5259 1901 5323 qua;
1937 5233 2141 5328 'pri'o‘ris
2173 5233 2628 5328 .velu‘tnepiitome
2678 5233 2925 5305 quaedam
2973 5235 3208 5297 videtur,
3236 5233 3711 5328 vsubj'icielli‘dm}!

799 5302 1655 5387 {latina—Vinterpretatione
1696 5302 1975 5390 Ριξξιιοὶεῶ
2024 5308 2303 5387 Τυγνὶίιιιί.
2333 5302 2493 5390 Quod
2535 5302 2831 5389 utrumque
2873 5319 2979 5357 una
3020 5321 3147 5357 cum
3375 5302 3715 5385 [Epiphanii

1284 5373 1500 5468 Aiitlrea
1531 5386 1755 5468 Scliptto
1788 5380 2076 5468 societatis
2106 5389 2310 5468 nostra:
2333 5373 3510 5468 huIpanissiinoperzgquegererpditisnsintp.
3530 5374 3713 5468 νἰῇρέ

403 5444 1084 5592 iiiié’é'EﬁﬁBhﬁEth
1110 5444 1393 5532 Epiphanii
1424 5466 1531 5523 est,
1567 5456 1660 5512 sed
1687 5451 1962 5509 Anastasii
2002 5449 2241 5514 Sinaiue,
2267 5449 2321 5502 in
2356 5448 2511 5517 cujus
2540 5448 2702 5504 etiam
2737 5447 2997 5516 operibus
3022 5445 3301 5500 invenitur
3335 5452 3540 5513 quaest.
3571 5444 3663 5499 40
3690 5461 3717 5511 ;

423 5535 495 5592 tie
518 5536 682 5592 igitur
711 5534 1012 5592 omittenda
1040 5542 1176 5591 erat.
1240 5527 1424 5592 Emr.|

423 5530 495 5592 iic
518 5536 682 5606 igitur
711 5527 1012 5595 omittenda
1040 5527 1176 5591 erat.
1214 5527 1424 5599 dium]

1706 5698 1773 5709 —
1784 5687 2326 5719 ψ--ι
