3916 6196
336 284 431 338 Si?

1374 277 1624 336 VERSIO
1663 278 1989 346 ANTIQUA.
2015 312 2084 324 -—
2124 279 2511 336 PREFATIO.

3448 287 3545 344 ⁸⁵13

3448 323 3478 342 υ

3448 323 3478 342 ν

336 401 887 480 t-eteliratumestan.
919 393 1284 480 57.9,neclnon
1315 395 1883 480 Acta‘conciliriuCon-
1915 405 1956 460 Λ
1989 399 2140 480 tiam,
2190 406 2243 452 et
2281 399 2429 480 quod
2465 398 2642 470 Tyrus
2688 414 2782 480 per
2820 415 2956 480 eum_
2996 401 3309 480 cognoverit
3354 414 3548 458 rectum

337 465 990 538 stantinopotitani,iquod
1021 464 1352 538 celebratum
1396 473 1482 520 est
1509 465 1765 538 an._581_,
1795 481 1882 521 re-

337 534 791 604 censentquidem
828 537 971 589 inter
1017 534 1208 605 Patres
1253 535 1568 604 episc0pum
1614 534 1744 605 Tyri
1785 550 1885 588 no-

337 611 471 664 mine
511 602 820 671 Zeitonem;
873 605 965 660 sed
1016 602 1226 671 jamdiu
1280 602 1530 658 novimus
1582 602 1713 657 tunc
1751 612 1888 658 tem-

340 679 479 748 poris
507 677 796 748 episcopos
819 674 1038 728 inurbe
1067 672 1211 742 Tyro
1253 672 1392 748 duos
1424 673 1632 748 fuisse;
1663 672 1889 728 Rulinus

339 742 504 808 enim,
543 742 654 814 'qui
697 742 887 814 eadem
945 748 1263 814 tempestate
1318 742 1570 814 claruit,
1602 751 1887 814 postquam

343 816 477 870 Hist.
516 811 607 868 lib.
657 828 717 875 tt,
773 828 824 866 c.
857 813 948 876 2t,
977 811 1326 864 Antiocheam
1368 812 1625 866 Ecclesiae
1669 811 1890 865 infando

341 885 622 939 schismate
664 881 875 944 divisae,
922 881 1135 952 duobus
1184 881 1237 933 in
1285 896 1362 952 ea;
1396 881 1667 952 episcopis
1699 881 1890 952 eodem

339 963 569 1022 tempore
598 952 934 1022 sedentibus
950 949 1211 1022 Flaviano
1251 959 1306 1003 et
1334 949 1598 1022 Paulino,
1623 950 1885 1022 memine-f

339 1024 422 1085 rit,
442 1019 523 1076 ita
566 1023 813 1090 sequitur
842 1039 856 1074 :
886 1020 1001 1074 Hoc
1031 1019 1175 1072 ident
1220 1021 1361 1088 apud
1393 1021 1602 1090 Tyrum
1622 1019 1722 1088 fuit
1755 1035 1772 1073 :
1802 1019 1890 1071 ubi

339 1110 445 1146 cum
477 1088 764 1155 Diodorus,
791 1107 928 1143 unus
957 1106 1083 1143 sane
1128 1103 1193 1142 ea:
1232 1088 1462 1156 antiquis
1495 1088 1766 1143 catholicis
1792 1089 1890 1152 vir,

339 1173 382 1215 et
411 1163 758 1215 tentationum
805 1159 1132 1213 documentis
1171 1159 1442 1225 probatus,
1487 1159 1768 1212 Athanasii
1819 1168 1894 1210 te--

337 1233 576 1285 slimonio
606 1249 639 1284 ιι
675 1229 1060 1297 confessoribus
1091 1235 1224 1281 esset
1253 1229 1522 1297 episcopus
1556 1229 1749 1296 factus,
1782 1243 1894 1279 mo-

338 1302 496 1354 destia
519 1302 637 1369 ejus
669 1308 983 1366 contempta,
1017 1298 1156 1351 alius
1187 1314 1219 1350 a
1259 1297 1458 1352 Meletii
1483 1298 1722 1367 partibus
1760 1297 1896 1349 ordi-

339 1383 504 1424 natur.

406 1440 562 1511 [ult]
604 1438 682 1491 Ex
727 1438 832 1511 hac
859 1445 1042 1511 autem
1079 1436 1261 1511 Rutilii
1296 1435 1626 1511 auctoritate
1677 1451 1785 1490 non
1814 1451 1897 1511 so-

342 1507 442 1562 lum
487 1507 714 1580 Tyrium
755 1508 1015 1580 schism'a,
1048 1507 1310 1580 sed‘illnd
1337 1508 1498 1580 etiam
1539 1507 1920 1580 opportttnis-.

339 1582 466 1633 sime
494 1573 678 1647 colligi
711 1593 873 1647 posse
904 1576 1063 1630 video
1093 1595 1104 1630 :
1135 1576 1424 1647 Diodorum
1449 1573 1592 1647 Tyri
1615 1573 1707 1632 an.
1741 1575 1897 1628 Chri-

341 1648 402 1703 sti
452 1649 560 1702 592
619 1646 968 1716 episcopatus
1025 1661 1198 1716 annos
1245 1646 1464 1716 triginta
1512 1646 1580 1716 ad
1620 1658 1894 1716 summum

342 1733 627 1794 numerare
652 1713 930 1785 potuisse;
964 1713 1476 1794 confessores'enim
1497 1715 1596 1794 illi,
1621 1713 1889 1794 aqu-illius,
1929 1737 1967 1794 Β

342 1787 526 1840 llulino
580 1782 742 1850 teste,
772 1801 895 1840 eum
930 1783 1174 1838 ordinem
1209 1785 1437 1853 accepit.
1482 1793 1539 1838 ut
1562 1782 1707 1837 recte
1729 1782 1894 1836 Tille-

342 1859 577 1910 montius
608 1863 822 1924 reputat
847 1858 964 1909 Art.
1008 1855 1109 1908 ΗΟ
1143 1853 1218 1907 De
1253 1853 1311 1907 S.
1342 1854 1654 1924 Athanasio,
1695 1862 1804 1924 aut
1830 1868 1891 1904 ex

343 1927 439 1980 illis
465 1926 641 1980 fuisse.
670 1922 924 1978 videntur
955 1924 1249 1992 episcopis,
1283 1925 1375 1991 qui
1419 1925 1520 1978 sub
1546 1922 1758 1976 Iuliano
1795 1922 1895 1973 im-

343 2005 591 2063 peratore
631 1996 700 2046 ab
745 1994 940 2048 exsilio
969 1991 1204 2046 revocati
1235 2001 1362 2046 sunt
1405 2009 1492 2063 an.
1529 1993 1735 2063 Christi
1769 1991 1894 2063 56:2,

342 2060 426 2116 aut
449 2081 510 2118 ex
558 2065 690 2127 illis,
725 2064 817 2132 qui
851 2063 1087 2116 revocati
1119 2071 1246 2117 sunt
1274 2077 1362 2114 an.
1397 2062 1598 2116 Christi
1636 2060 1760 2132 565,
1797 2060 1898 2132 im-

343 2145 558 2200 perante
599 2129 852 2197 Joviano,
878 2132 1242 2186 Ecclesiarum
1274 2145 1460 2185 curam
1485 2129 1700 2199 gerendi
1743 2129 1897 2196 copia

343 2205 414 2255 cis
439 2202 608 2257 facta.
639 2202 898 2270 Equidem
927 2202 979 2254 in
1018 2209 1264 2268 promptu
1297 2201 1469 2253 habeo
1508 2200 1895 2270 testimonittm,

344 2288 443 2339 quo
473 2266 790 2334 ostendam,
837 2280 985 2324 certe
1025 2266 1121 2324 an.
1151 2266 1350 2324 Christi
1387 2270 1492 2324 559
1529 2269 1737 2339 sedisse
1769 2266 1897 2339 Tyri

343 2337 499 2394 alium
524 2343 874 2411 episcopum,
908 2339 1171 2411 Uraniutn
1216 2340 1454 2411 nomine,
1490 2354 1611 2392 cum
1659 2337 1900 2411 subseri-

347 2421 486 2478 plum
517 2405 651 2466 eum
687 2405 956 2464 inveniam
995 2409 1175 2463 libello
1218 2409 1291 2473 De
1322 2409 1442 2476 ﬁde,
1479 2422 1639 2478 quem
1672 2405 1901 2459 Aeacius

347 2477 713 2534 thesareensis
747 2479 994 2533 recitavit
1023 2479 1075 2531 in
1106 2479 1315 2548 synodo
1345 2478 1606 2548 Seleucia:
1627 2477 1902 2548 hocanno

347 2549 548 2604 lmbita.
604 2550 865 2603 Praeterea
918 2545 1149 2616 epistola
1185 2547 1462 2601 Athanasii
1512 2547 1578 2598 ad
1614 2545 1902 2616 Diodorum

347 2617 466 2688 Tyri
518 2635 654 2674 mox
699 2610 1272 2688 referenda'lortassis
1321 2633 1428 2670 non
1473 2618 1646 2688 solum
1673 2610 1743 2688 ‘se
1773 2628 1905 2688 esse

346 2683 519 2742 datam
571 2689 755 2758 prodit
791 2689 938 2758 circa
987 2688 1138 2740 initia
1177 2687 1544 2758 episcopatus
1571 2683 1809 2758 Diodori,
1848 2690 1907 2736 ut

345 2753 785 2820 observabimus,
831 2757 924 2812 sed
971 2758 1134 2810 etiam
1179 2753 1300 2809 cum
1348 2753 1460 2825 jam
1507 2753 1760 2825 Ecclesiae
1800 2766 1902 2820 pax

352 2827 477 2881 foret
498 2829 784 2890 restituta,
806 2826 948 2895 quod
969 2841 1031 2879 ex
1057 2841 1119 2878 ea
1143 2824 1365 2894 liqueat,
1401 2824 1687 2877 Diodorum
1716 2829 1907 2895 contra

349 2897 641 2951 haereticos
685 2899 757 2950 ita
790 2889 1172 2965 Iibereegisse
1202 2889 1262 2948 et
1297 2904 1537 2965 strepuit,
1577 2901 1634 2946 ιιι
1670 2907 1765 2947 eos
1795 2889 1906 2965 fre-

347 2968 498 3034 gerit,
538 2977 604 3021 et
659 2975 863 3020 rectam
915 2960 1073 3019 ﬁdem
1112 2965 1165 3016 in
1212 2965 1348 3018 urbe
1395 2962 1540 3032 Tyro
1583 2960 1904 3034 restituerit.

347 3032 519 3099 Quare
583 3038 628 3089 si
672 3037 866 3099 aetatis,
923 3049 1028 3102 qua
1086 3042 1216 3087 tunc
1263 3034 1523 3101 temporis
1573 3032 1910 3102 eligebantur

348 3105 616 3173 episcopi,
671 3101 1102 3167 meminerimus,
1152 3101 1392 3174 profecto
1446 3103 1750 3174 hocctiam
1789 3101 1916 3174 pla:

349 3169 470 3225 num
506 3169 595 3237 ti't,
637 3189 814 3241 neque
867 3188 1039 3227 annos
1087 3169 1286 3234 ait'atis,
1338 3187 1477 3240 quos
1515 3171 1748 3224 Diodoro
1789 3169 1916 3238 Tyri

347 3251 560 3309 oportet
607 3243 864 3306 tribuere,
917 3243 1007 3294 ubi
1061 3257 1183 3296 eum
1216 3242 1446 3295 velimus
1492 3256 1600 3294 non
1653 3247 1778 3294 ante
1827 3253 1916 3290 an.

347 3313 546 3366 Christi
586 3312 694 3365 592
723 3313 999 3380 accepisse
1029 3312 1095 3364 ab
1118 3310 1420 3379 Epiphanio
1448 3311 1645 3363 librum
1683 3309 1754 3362 De
1780 3323 1920 3378 gent-

353 3382 463 3449 mis,
499 3398 597 3446 ea,
630 3397 752 3452 qua:
787 3381 1051 3436 hactenus
1079 3380 1500 3450 disputavimus,
1530 3380 1828 3432 inﬁrmare.

1056 3518 1083 3590 ς
1121 3517 1213 3572 x1.

352 3630 559 3698 Optime
597 3631 651 3683 in
687 3629 981 3682 Diodorum
1019 3629 1235 3699 Tyrium
1277 3645 1366 3681 eas
1409 3630 1678 3682 convenire
1717 3629 1920 3695 laudes,

411 3719 550 3766 quas
603 3699 932 3768 Epiphanius
964 3699 1144 3751 tribuit
1178 3699 1412 3751 Diodoro
1458 3699 1560 3764 illi,
1596 3701 1681 3753 cui
1732 3701 1923 3755 librant

418 3770 492 3825 De
527 3771 767 3840 gemmis
798 3769 1084 3836 inscripsit.

420 3859 532 3915 Sed
591 3859 741 3913 aliud
794 3875 1010 3928 quoque
1069 3875 1134 3913 ex
1183 3859 1474 3928 descriptis
1521 3860 1700 3916 Rufini
1747 3865 1925 3918 verbis

353 3932 726 3999 colligendum
774 3937 1024 4001 superest
1055 3947 1068 3982 :
1099 3929 1152 3981 in
1189 3928 1479 4001 Diodorum
1525 3932 1746 4001 Tyrium
1805 3948 1925 3986 eam

353 4001 778 4053 aestimationem
832 3999 1034 4066 optimc
1073 3999 1385 4058 convenire,
1434 4015 1540 4065 qua
1574 3999 1927 4068 ‘l'lpiphanius

354 4068 670 4139 [Diodorum
693 4068 842 4139 illum
895 4068 1259 4139 prosequitur,
1293 4069 1378 4139 cui
1412 4069 1608 4139 libr‘uin
1646 4071 1928 4139 inscripsit

355 4137 430 4190 De
474 4138 721 4207 gemmis.
773 4137 908 4207 Cum
961 4137 1103 4189 enim
1156 4135 1529 4207 quantum]
1574 4139 1786 4194 celebre
1820 4135 1928 4193 ’ρει

357 4203 579 4260 Diodori
608 4203 901 4260 Tarsensis
934 4220 1152 4267 nomen,
1176 4203 1302 4258 itam
1332 4203 1639 4272 ignoratum
1675 4209 1746 4261 sit
1794 4207 1926 4261 illud

353 4276 580 4330 Diodori
603 4274 780 4345 Tyrii,
811 4289 972 4344 quem
1002 4275 1090 4326 vix
1133 4275 1505 4343 diligentiores
1539 4277 1927 4332 ecclesiasticae

355 4345 603 4398 historia:
647 4353 1215 4414 amatoresAnosscnt,
1265 4345 1372 4398 nisi
1417 4346 1469 4397 in
1520 4345 1754 4414 aliquam
1801 4363 1924 4400 eum

354 4416 629 4469 evexisset
687 4415 883 4466 famam
929 4412 1307 4466 Tillemoutius
1344 4413 1562 4482 :itaquc
1607 4412 1708 4470 hoc
1757 4418 1919 4470 etiam

354 4483 798 4555 praetereundum
863 4497 968 4555 non
1005 4481 1126 4555 Aluit
1163 4483 1438 4555 __sil_et_ttio_,
1479 4481 1643 4551 quod
1703 4487 1921 4555 quidem

353 4550 565 4620 optime
595 4553 866 4606 Diodorus
893 4551 1017 4621 Tyri
1067 4553 1134 4605 ab
1163 4550 1466 4620 Epiphanio
1503 4550 1750 4608 dicitur}
1792 4555 1925 4608 Elia:

355 4625 690 4689 aliorumque
739 4620 1108 4690 prophetarum
1153 4620 1320 4687 ﬁlius,
1363 4621 1652 4689 discipulus
1713 4634 1761 4677 et
1807 4640 1926 4677 suc-

355 4707 531 4744 cessor
586 4693 890 4745 tenet-abitis
924 4707 942 4742 :
974 4698 1028 4763 et
1073 4691 1216 4758 quod
1270 4691 1474 4763 optime
1519 4692 1734 4746 Diodori
1778 4692 1923 4763 Tyrii

359 4764 623 4827 precibus
645 4763 844 4814 divina:
880 4761 1066 4830 gratim
1096 4761 1414 4812 muneribus
1457 4762 1767 4829 locupletari
1806 4761 1927 4831 spe-

359 4840 475 4895 tat;
501 4839 626 4883 erat
651 4832 794 4882 enim
838 4831 924 4883 ille
954 4845 1086 4881 unus
1117 4845 1243 4882 sane
1292 4844 1366 4899 exi
1397 4831 1625 4899 antiquis
1655 4834 1926 4885 catholicis

358 4901 455 4958 tir,
493 4903 851 4956 tentationum
889 4899 1214 4952 documentis
1252 4898 1527 4966 probatus,
1556 4905 1823 4968 episcopus
1855 4912 1928 4955 te-

357 4970 611 5020 stimonio
653 4968 936 5037 Athanasii
982 4968 1156 5034 {actus
1207 4985 1238 5020 a
1289 4968 1692 5037 confessoribus,
1752 4971 1930 5025 mode-

357 5040 570 5108 stiaque
598 5036 1162 5108 singtdaripra'ditus,
1193 5044 1250 5090 ιιι
1293 5053 1356 5089 cx
1399 5036 1601 5090 Ruliun
1641 5039 1925 5095 discimus.

357 5106 501 5169 Quin
531 5106 697 5160 etiam
727 5115 922 5160 cmtcra
950 5122 1188 5176 quoque,
1216 5122 1338 5174 qua:
1361 5107 1428 5162 de
1459 5124 1525 5162 eo
1554 5108 1816 5163 habemus
1847 5119 1930 5166 tc-

358 5178 620 5228 stintonia
650 5192 774 5228 eum
812 5177 894 5230 his
927 5177 1242 5230 coneinuut.

428 5246 767 5298 Athanasius
794 5246 860 5297 ad
894 5260 1018 5298 cum
1051 5247 1124 5298 ita
1163 5246 1406 5314 scripsit,
1441 5261 1563 5300 cum
1602 5245 1694 5300 ille
1736 5263 1931 5304 recens

358 5316 738 5383 episcopatqu
787 5313 1136 5378 obtinuisset,
1176 5313 1318 5369 utcx
1371 5317 1486 5384 ipso
1529 5317 1772 5384 epistol:c
1802 5332 1930 5372 eon-

363 5392 512 5434 textu
558 5385 922 5454 consuadeor,
959 5384 1012 5454 in
1043 5399 1148 5450 qua
1191 5386 1398 5441 litteras
1423 5388 1491 5441 ab
1521 5402 1586 5440 eo
1619 5386 1932 5454 frequentes

365 5459 548 5526 petit,_
584 5462 636 5526 et
683 5453 864 5526 nullas
909 5453 1090 5526 adhuc
1141 5459 1416 5524 accepisse
1458 5453 1729 5526 queritur,
1766 5458 1838 5510 ita
1873 5466 1932 5510 ut

365 5524 592 5576 aliunde
627 5522 951 5577 intellexerit
994 5522 1186 5588 {actam
1228 5522 1322 5595 per
1367 5522 1492 5585 cuni
1534 5526 1588 5580 in
1632 5525 1770 5596 Tyro
1803 5544 1929 5597 gra-

439 5665 609 5718 ‘Col.
640 5682 707 5728 IV,
743 5667 794 5719 6.
871 5667 890 5697 ι
919 5663 1143 5735 Ριιιιῑιιρ-
1181 5683 1215 5735 li
1252 5673 1337 5734 ‘29.

1987 676 2133 730 tuit:
2174 674 2394 728 Domino
2443 693 2554 729 meo

1989 745 2099 796 doti
2129 744 2359 798 Diodoro
2387 747 2705 798 Athanasius
2734 746 2785 797 in
2813 745 3034 800 Domino
3064 749 3308 801 salutem.
3339 747 3552 803 Gratias

1989 813 2216 867 Domino
2250 831 2386 876 meo,
2414 816 2503 882 qui
2529 815 2816 883 ubicunque
2850 833 2999 868 suam
3023 816 3315 869 doctrinam
3340 819 3552 885 fundat,

1990 893 2037 937 et
2069 885 2295 936 maxime
2325 900 2415 951 per
2454 885 2594 950 filios
2637 885 2898 954 proprios,
2943 886 3148 951 qualem
3193 891 3242 939 el
3292 896 3338 939 te
3388 889 3554 954 ipsum

1991 969 2072 1006 res
2128 954 2245 1019 ipsa
2295 955 2642 1008 demonstrat.
2704 952 2912 1006 Etenim
2975 966 3250 1023 antequam
3309 952 3555 1010 scriberet

1988 467 2196 540 uerbum
2246 467 2635 540 pietatisfscu
2689 467 3017 540 ejuraverit,
3067 467 3142 526 ἰιι
3199 473 3549 540 interpretor,

1989 537 2242 610 hrianam
2277 538 2554 610 haeresim,
2580 553 2740 607 quam
2771 541 2872 610 sub
2904 539 3127 603 Uranio,
3164 542 3252 610 qui
3282 537 3550 596 Nicmnatti

1991 605 2147 680 ﬁdem
2182 607 2562 680 abrogandam
2599 605 2838 680 censuit,
2892 605 3203 664 combibere
3248 610 3408 666 facile
3455 627 3551 680 po-

2602 677 2733 743 filio,
2785 687 2834 729 et
2879 680 3247 732 amantissimo
3287 677 3552 733 consacer-

1992 1032 2162 1076 vestra
2193 1025 2516 1092 reverentia,
2572 1023 2904 1088 cognorimus
2955 1035 3151 1091 quanta
3201 1027 3375 1092 gratia
3411 1026 3555 1092 facta

1991 1101 2067 1145 est
2098 1092 2148 1144 in
2188 1091 2326 1164 Tyro
2368 1108 2458 1164 per
2498 1101 2640 1144 luant
2679 1095 3153 1164 perseverantiam;
3188 1091 3234 1147 et
3273 1091 3556 1164 congaude-

1994 1177 2108 1241 ntus
2157 1159 2271 1240 tibi,
2317 1159 2564 1241 quianper
2595 1170 2641 1215 te
2671 1159 2907 1241 cognovit
2936 1171 2983 1213 et
3013 1161 3182 1241 Tyrus
3217 1159 3412 1216 rectum
3445 1181 3552 1216 ver-

1994 1231 2113 1283 bum
2153 1230 2389 1298 pietatis.
2419 1231 2490 1300 Et
2515 1248 2607 1299 ego
2648 1230 2853 1300 quidem
2901 1233 3226 1283 occasionem
3279 1249 3553 1288 assumens

1994 1301 2182 1366 scripsi
2231 1300 2343 1362 tibi,
2393 1299 2734 1352 dilectissime
2781 1309 2828 1352 et
2876 1301 3257 1354 amantissime.
3313 1300 3389 1353 Tu
3442 1319 3557 1354 rero

1997 1368 2251 1440 quomodo
2308 1386 2386 1421 me
2437 1369 2691 1422 scribente
2747 1387 2849 1422 non
2911 1371 3264 1440 rescripsisti,
3332 1372 3555 1425 miratus

1994 1437 2131 1492 sum.
2164 1437 2473 1509 Itaquenon
2506 1440 2578 1492 sis
2610 1440 2779 1509 segnis
2820 1437 3042 1509 scribere
3077 1437 3343 1505 continue,
3389 1441 3557 1492 sciens

1995 1510 2120 1577 quia
2147 1509 2280 1560 sicut
2308 1507 2450 1575 ﬁlius
2476 1507 2790 1576 requiescere
2823 1524 2903 1561 me
2931 1507 3062 1574 facis
3086 1521 3304 1576 patrem,
3338 1517 3387 1561 et
3421 1511 3555 1562 sicut

1996 1593 2167 1645 praeco
2199 1578 2431 1630 veritatis
2460 1578 2858 1646 superlwtiﬁcas
2883 1593 2980 1631 me.
3019 1577 3085 1630 Et
3118 1577 3248 1629 nihil
3279 1577 3559 1630 contendas

1998 1647 2245 1700 adversus
2270 1646 2564 1707 hwrelicos,
2589 1648 2680 1700 sed
2710 1647 2919 1701 silentio
2959 1648 3318 1700 verbositatem
3348 1646 3560 1699 illorunt

1997 1732 2206 1784 supera,
2242 1718 2641 1770 mansuetudine
2700 1717 2983 1784 malitiam.
3041 1715 3130 1770 Sic
3190 1719 3327 1769 enint
3391 1733 3561 1768 sermo

1945 1785 1964 1810 ⁷
1998 1785 2192 1857 [xxxu]
2219 1797 2337 1839 tuus
2372 1787 2482 1840 sale
2507 1788 2746 1841 conditus
2779 1788 2795 1818 ⁵
2827 1786 3037 1857 habebit
3065 1787 3312 1857 gratiam,
3353 1785 3434 1857 illi
3474 1802 3563 1837 au-

1999 1853 2098 1909 tem
2132 1853 2272 1923 apud
2299 1857 2530 1910 omnium
2561 1857 2932 1909 conscientiam
2955 1853 3326 1923 culpabuntur.
3357 1853 3553 1908 Hacte-

1998 1941 2100 1978 nus
2155 1927 2485 1980 Athanasius
2517 1945 2528 1979 :
2560 1935 2612 1981 et
2639 1941 2800 1994 quam
2837 1925 3124 1991 insigniter
3154 1925 3413 1992 praeclaro
3443 1924 3562 1991 ejus

1998 1994 2206 2047 monito
2257 1995 2554 2062 superandi
2597 1995 2973 2062 hmrctieorum
3007 1995 3274 2046 malitiam
3305 2007 3562 2046 mansuc-

1998 2064 2205 2127 tudiue,
2235 2061 2615 2117 verbositutem
2649 2064 2886 2126 silentio,
2911 2061 3178 2116 Diodorus
3211 2076 3342 2114 usus
3374 2062 3556 2123 fuerit,

1999 2148 2064 2186 ex
2104 2130 2297 2202 Ruﬁno
2322 2141 2470 2186 certe
2500 2142 2665 2200 patet,
2697 2134 2789 2202 qui
2815 2131 3082 2186 modestia:
3109 2129 3269 2184 laude
3292 2129 3560 2199 insignem

1999 2218 2120 2271 cum
2158 2200 2324 2256 fuisse
2355 2203 2628 2271 praedicat.

2071 2267 2369 2324 Servaruni
2400 2267 2524 2340 erga
2552 2271 2842 2324 Diodorum
2898 2267 3024 2337 Tyri
3068 2268 3466 2340 venerationem
3491 2275 3560 2340 et

2002 2340 2243 2403 cultum,
2296 2342 2386 2408 qui
2436 2337 3171 2408 A'lltanasium‘excepcrunt
3214 2337 3564 2408 Alexandrini

2003 2405 2418 2478 archiepiscopi,
2450 2409 2642 2462 Petrus
2693 2416 2746 2462 et
2782 2405 3116 2461 Timotheus.
3146 2405 3336 2478 Petrus
3361 2406 3566 2478 episco-

2004 2479 2106 2546 pis,
2149 2475 2476 2548 preshyieris
2507 2489 2558 2532 et
2595 2477 2836 2531 diaconis
2874 2492 2975 2548 pro
3006 2490 3145 2548 vera
3191 2475 3293 2548 ﬁde
3323 2475 3570 2548 exsulan-

2006 2544 2162 2601 tibus’
2194 2544 2442 2602 scribens
2473 2565 2485 2600 :
2517 2544 2956 2601 Consiliatoribus
2999 2546 3160 2613 igitur
3182 2544 3343 2607 vobis,
3369 2546 3564 2613 inquit,

2005 2618 2060 2668 in
2088 2619 2167 2669 Itis
2194 2633 2309 2684 qua:
2335 2619 2630 2679 incurrunt,
2668 2626 2826 2679 utor;
2870 2615 3084 2736 et1quid
3123 2623 3321 2682 oportet
3371 2630 3449 2664 me
3485 2615 3567 2680 [a-

2006 2701 2120 2736 cere
2154 2687 2228 2736 sic
2261 2703 2462 2736 senwer
2512 2686 2895 2736 nerturbatum.
2982 2685 3206 2736 imotheo
3258 2684 3567 2736 diﬂ'amante

2006 2701 2120 2738 cere
2154 2687 2228 2736 sic
2261 2703 2462 2754 semper
2510 2686 2895 2753 perturbatum,
2935 2684 3569 2754 Timotheodiﬂ‘amante

2009 2770 2064 2806 se
2087 2752 2408 2822 episcopum
2444 2752 2574 2814 esse,
2616 2763 2669 2805 ut
2713 2770 2802 2821 per
2831 2753 3300 2822 hoccon/identius
3350 2752 3567 2820 injuret,

2007 2835 2056 2893 et
2105 2821 2349 2891 paternas
2398 2824 2528 2893 leges
2572 2824 2866 2893 infringat?
2904 2821 3076 2874 Voluit
3122 2824 3258 2893 enim
3303 2837 3388 2893 me
3437 2837 3570 2872 ana-

2011 2892 2374 2955 thematizare,
2405 2890 2459 2946 ei
2492 2890 2751 2945 Basiliam
2785 2892 3060 2954 Ca’sarear,
3092 2899 3138 2943 et
3177 2890 3478 2952 Paulinum,
3521 2900 3570 2942 et

2010 2961 2387 3030 Epiphaniam,
2435 2974 2483 3016 et
2531 2962 2818 3015 Diodorum
2863 2963 3150 3029 episcopos,
3187 2970 3234 3012 et
3265 2959 3364 3011 soli
3395 2958 3572 3030 _Vitali

2020 3028 2423 3084 communicare.
2469 3032 2572 3085 Sed
2617 3028 2980 3100 pulcherrima
3028 3037 3111 3084 cst
3142 3029 3204 3082 ad
3235 3044 3356 3100 cum
3393 3028 3570 3100 ipsum

2020 3066 2423 3084 νωιηηαηηιηο.
2470 3066 2572 3085 mu
2640 3066 2980 3085 ...ηηιυηυα
3028 3066 3111 3084 ιο.
3142 3066 3204 3082 ..υ
3235 3066 3356 3082 μυ...
3394 3066 3570 3081 ηομ...

1943 3066 1985 3124 C
2020 3101 2148 3154 data
2203 3103 2430 3171 epistola
2483 3066 2772 3162 Tinttithci,
2817 3102 2907 3154 ubi
2955 3114 3078 3152 cum
3125 3066 3437 3171 non__soluth
3473 3095 3573 3149 lidc

2022 3168 2354 3232 clarusfsed
2401 3173 2560 3224 etiam
2601 3171 2882 3228 aerumnis,
2912 3184 3048 3236 quas
3078 3184 3173 3236 pro
3205 3168 3420 3219 Christo
3451 3182 3574 3234 pas-

2023 3256 2118 3296 sus
2144 3249 2281 3304 erat,
2308 3242 2498 3294 beatus
2532 3241 2764 3302 dicatur,
2793 3240 3137 3293 tentationum
3170 3237 3575 3289 meminerimus

2023 3318 2257 3380 oportet,
2316 3310 2517 3380 quibus
2563 3311 2823 3380 probatus
2864 3309 3064 3380 dicitur
3093 3322 3123 3380 a_
3159 3305 3372 3380 Ruﬁno,
3405 3313 3457 3356 t-t
3494 3305 3573 3356 iu-

2019 3375 2198 3448 jurite,
2223 3375 2586 3448 qua’aﬂ‘ectus
2631 3379 2822 3439 fuerat,
2863 3379 2970 3431 alio
2999 3375 3126 3446 Tyri
3156 3377 3423 3448 episeopo
3443 3389 3575 3425 con-

2025 3439 2108 3500 ira
2131 3439 2255 3502 enni
2280 3447 2442 3510 laeto,
2480 3449 2570 3517 qui
2604 3465 2632 3500 a
2659 3448 2850 3501 Meletii
2884 3439 3130 3517 partibus
3158 3439 3360 3517 siaretf
3385 3439 3458 3494 lia
3493 3452 3578 3495 est

2025 3519 2147 3570 talis
2177 3541 2186 3571 :
2221 3515 2596 3581 Dominonteo,
2628 3527 2675 3571 et
2715 3515 3048 3572 sanctissimo
3088 3515 3344 3581 episcopo,
3377 3522 3423 3565 et
3460 3528 3578 3564 con—

2026 3587 2286 3640 sacerdoti
2341 3587 2588 3651 Diodoro,
2651 3587 2948 3639 Timotheus
2999 3586 3051 3637 in
3095 3584 3302 3636 Christo
3331 3582 3576 3634 salutem.

2040 3657 2291 3709 Virtutem
2325 3666 2487 3720 tuam,
2510 3668 2556 3710 et
2588 3658 2704 3710 vita:
2727 3656 3114 3725 perfectionem,
3149 3662 3195 3706 et
3236 3652 3401 3725 zelum
3426 3661 3580 3702 recta:

2024 3737 2071 3778 et
2104 3727 2404 3792 apostolica:
2435 3736 2537 3778 tua:
2566 3726 2690 3794 ﬁdei
2727 3721 2830 3793 pro
2872 3723 3126 3792 dignitate
3165 3721 3450 3789 pra'dicare
3496 3734 3576 3771 ne-

2026 3811 2288 3863 quaquam
2325 3808 2524 3862 potero.
2569 3795 2777 3847 etiamsi
2821 3795 3435 3863 nimium_properarem;
3476 3803 3580 3863 non

2026 3857 2162 3915 cnim
2201 3857 2474 3932 a'quantur
2502 3879 2761 3916 sermones
2798 3872 2997 3932 etrrcss
3020 3859 3267 3932 Volis‘ea:
3305 3869 3443 3932 certo
3482 3857 3579 3908 do-

2029 3941 2210 3984 natunt
2256 3928 2354 3992 est,
2399 3950 2498 3985 non
2537 3933 2706 3985 solum
2748 3931 2951 3984 credere
2981 3931 3033 3982 in
3072 3928 3339 3982 Christum
3379 3929 3579 3992 Jesum,

2028 4003 2116 4054 sed
2145 4002 2302 4054 etiam
2331 4016 2425 4068 pro
2457 4004 2568 4069 ipso
2597 4003 2709 4069 pati
2736 4004 2778 4054 ’.
2808 4003 2958 4052 Hanc
2993 4009 3136 4069 tuam
3157 3997 3360 4069 rectam
3385 4007 3430 4049 et
3462 3997 3579 4069 bea-

2029 4079 2137 4134 tam
2173 4066 2507 4124 circa—Deum
2545 4066 2880 4131 voluntatem,
2919 4078 2967 4121 et
2996 4066 3414 4122 indeclinabilem
3441 4066 3584 4118 circa

2027 4142 2237 4208 pietatis
2279 4142 2580 4209 mysterium
2624 4142 2994 4193 conscientiam
3041 4139 3163 4192 olint
3208 4136 3349 4190 vobis
3391 4136 3579 4194 inesse,

2029 4219 2075 4261 et
2106 4211 2312 4262 divinus
2354 4226 2491 4278 papa
2534 4221 2708 4264 noster
2741 4211 3062 4261 Athanasius
3095 4216 3370 4278 attestatus
3400 4215 3474 4278 est
3506 4220 3585 4278 ne:

2029 4290 2154 4332 stra:
2197 4274 2548 4348 religiositati,
2592 4289 2640 4333 et
2670 4297 2763 4332 nos
2796 4296 2918 4332 suos
2951 4279 3236 4345 discipulos
3267 4275 3488 4348 adduxit
3518 4274 3584 4348 ad

2032 4345 2316 4401 amandam
2365 4360 2508 4402 luant
2537 4345 2944 4418 perfectionem,
2999 4359 3046 4402 et
3096 4362 3248 4400 orare
3297 4363 3328 4397 a
3375 4345 3483 4418 Deo
3533 4345 3586 4396 in

2028 4420 2220 4472 multos
2265 4435 2521 4472 annorum
2557 4415 2809 4472 circuitus
2839 4419 3148 4486 prtvserrari
3178 4424 3400 4470 vestram
3427 4415 3588 4468 vitam
3669 4439 3678 4452 κ

2029 4490 2097 4541 ad
2131 4489 2413 4540 utilitatem
2448 4487 2798 4541 Ecclesiarum
2830 4487 3047 4542 Christi.

2105 4557 2322 4639 [statim]
2361 4557 2774 4639 239.Demui_n
2803 4557 3044 4639 episcopi
3081 4550 3589 4639 ¹(ιιιίόιιιῑιλᾂζξζῃιιίἰ

2029 4623 2118 4696 qui
2148 4623 2504 4681 Dior:a?s:t_t'5a§
2526 4628 2578 4678 in
2617 4627 2809 4680 exsilio
2836 4623 2999 4696 erant
3029 4623 3287 4696 adversus
3313 4623 3590 4696 Apollina-

2032 4688 2170 4751 rium
2201 4698 2498 4750 scribentes
2537 4697 2676 4748 inter
2716 4704 2906 4748 eastern
2941 4695 3050 4746 haec
3090 4695 3330 4745 habent:
3362 4688 3441 4740 Λα
3482 4688 3592 4738 hac

2030 4769 2187 4819 etiam
2225 4778 2272 4818 et
2313 4766 2448 4818 alius
2480 4767 2703 4824 litteras,
2751 4767 2803 4814 in
2845 4761 3032 4830 quibus
3069 4760 3332 4812 accusavit
3377 4772 3593 4830 venera-

2032 4838 2186 4889 bilem
2239 4836 2680 4902 archiepiscopum
2722 4825 2879 4900 (λείριίί
2930 4829 3300 4902 I'Ipiphanium,
3347 4825 3596 4878 orthodo-

2031 4923 2156 4960 xam
2224 4916 2272 4957 et
2318 4899 2788 4957 communicantem
2833 4917 3033 4968 semper
3087 4899 3388 4951 beatissimo
3445 4909 3594 4963 pupa!

2032 4991 2212 5029 nostro
2264 4976 2553 5027 Athanasio
2586 4991 2602 5026 :
2634 4973 2806 5025 adhuc
2867 4973 3026 5023 etiam
3095 4979 3143 5022 et
3203 4970 3596 5020 sanctissimum

2036 5045 2372 5106 Tarsensem,
2401 5054 2447 5097 et
2485 5044 2960 5097 communicantem
2993 5039 3238 5114 similiter
3275 5037 3423 5114 beato
3449 5047 3598 5099 papa:

2035 5125 2216 5167 nostro
2257 5116 2581 5172 Athanasio,
2632 5125 2679 5165 et
2730 5120 2962 5164 nostrum
3017 5111 3267 5182 ipsorum
3303 5111 3600 5182 episcopum

2036 5183 2324 5236 Diodorum
2363 5184 2682 5249 abiudicavit
2730 5183 2920 5248 injuste.
2959 5173 3047 5246 per
3091 5176 3330 5249 proprias
3374 5173 3598 5230 litteras,

2035 5255 2080 5306 si
2113 5270 2212 5305 non
2261 5244 2598 5306 abstinuisset
2639 5268 2671 5302 a
2698 5244 3057 5320 communione
3095 5244 3477 5320 antedictorunt
3518 5256 3606 5291 or-

2037 5322 2384 5374 thodoxorum
2409 5321 2768 5388 episcoiiorum
2799 5319 3017 5388 Paulini
3047 5325 3090 5368 et
3127 5313 3425 5388 lt'piphanii.

2112 5390 2220 5444 llas
2278 5380 2512 5458 quatuor
2577 5380 2834 5457 epistolas
2892 5387 2957 5439 ad
3021 5380 3185 5437 unum
3250 5380 3608 5458 euntdcntquc

2040 5447 2335 5512 Diodorum
2371 5447 2638 5527 pertinere
2671 5473 2735 5510 ex
2765 5471 2950 5527 carum
2986 5459 3240 5527 contextu
3274 5450 3410 5527 adeo
3448 5447 3606 5500 clare

2041 5537 2209 5597 patet,
2249 5538 2304 5583 ut
2337 5520 2401 5583 uc
2431 5527 2720 5584 dubitandi
2753 5524 2968 5595 quidem
2999 5525 3148 5579 locus
3177 5521 3249 5575 sit
3276 5520 3456 5586 ullus;
3488 5529 3612 5587 per—
