  <div class='ocr_page' id='page_1' title='image "/cluster/home/n/w/nwhite01/storage/ocr_20150623/43/hvd.32044054272794/176.png"; bbox 0 0 3916 6196; ppageno 0'>
   <div class='ocr_carea' id='block_1_1' title="bbox 1579 197 2274 266">
    <p class='ocr_par' dir='ltr' id='par_1_1' title="bbox 1579 197 2274 266">
     <span class='ocr_line' id='line_1_1' title="bbox 1579 197 2274 266; baseline 0.001 -11"><span class='ocrx_word' id='word_1_1' title='bbox 1579 197 1832 257; x_wconf 76' lang='lat' dir='ltr'><strong><em>VEBSIO</em></strong></span> <span class='ocrx_word' id='word_1_2' title='bbox 1867 199 2200 266; x_wconf 81' lang='lat' dir='ltr'><strong><em>ANTIQUA.</em></strong></span> <span class='ocrx_word' id='word_1_3' title='bbox 2270 198 2274 201; x_wconf 76' lang='grc'><em>’</em></span> 
     </span>
    </p>
   </div>
   <div class='ocr_carea' id='block_1_2' title="bbox 3418 204 3525 309">
    <p class='ocr_par' dir='ltr' id='par_1_2' title="bbox 3418 204 3525 309">
     <span class='ocr_line' id='line_1_2' title="bbox 3418 204 3525 309; baseline 0 0"><span class='ocrx_word' id='word_1_4' title='bbox 3418 204 3525 309; x_wconf 52' lang='lat' dir='ltr'><strong><em>se</em></strong></span> 
     </span>
    </p>
   </div>
   <div class='ocr_carea' id='block_1_3' title="bbox 339 359 3504 383">
    <p class='ocr_par' dir='ltr' id='par_1_3' title="bbox 339 359 3504 383">
     <span class='ocr_line' id='line_1_3' title="bbox 339 359 3504 383; baseline 0 -4"><span class='ocrx_word' id='word_1_5' title='bbox 339 359 3504 383; x_wconf 62' lang='lat' dir='ltr'><em>W</em></span> 
     </span>
    </p>
   </div>
   <div class='ocr_carea' id='block_1_4' title="bbox 344 1374 996 1426">
    <p class='ocr_par' dir='ltr' id='par_1_4' title="bbox 344 1374 996 1426">
     <span class='ocr_line' id='line_1_4' title="bbox 344 1374 996 1426; baseline -0.023 0"><span class='ocrx_word' id='word_1_6' title='bbox 344 1378 573 1426; x_wconf 72' lang='grc' dir='ltr'><strong><em>εΡιετοω.</em></strong></span> <span class='ocrx_word' id='word_1_7' title='bbox 621 1374 887 1415; x_wconf 64' lang='grc' dir='ltr'><strong><em>ΕιηιδηΔκιι</em></strong></span> <span class='ocrx_word' id='word_1_8' title='bbox 930 1375 996 1413; x_wconf 79' lang='lat' dir='ltr'><strong>AD</strong></span> 
     </span>
    </p>
   </div>
   <div class='ocr_carea' id='block_1_5' title="bbox 501 1446 798 1486">
    <p class='ocr_par' dir='ltr' id='par_1_5' title="bbox 501 1446 798 1486">
     <span class='ocr_line' id='line_1_5' title="bbox 501 1446 798 1486; baseline -0.007 -1"><span class='ocrx_word' id='word_1_9' title='bbox 501 1446 798 1486; x_wconf 73' lang='grc' dir='ltr'><strong><em>υιουοιιωι.</em></strong></span> 
     </span>
    </p>
   </div>
   <div class='ocr_carea' id='block_1_6' title="bbox 314 1537 1032 1594">
    <p class='ocr_par' dir='ltr' id='par_1_6' title="bbox 314 1537 1032 1594">
     <span class='ocr_line' id='line_1_6' title="bbox 314 1537 1032 1594; baseline -0.01 -1"><span class='ocrx_word' id='word_1_10' title='bbox 314 1541 507 1594; x_wconf 75' lang='lat' dir='ltr'><strong><em>Facundo</em></strong></span> <span class='ocrx_word' id='word_1_11' title='bbox 550 1541 912 1590; x_wconf 80' lang='lat' dir='ltr'><strong><em>Hermianense</em></strong></span> <span class='ocrx_word' id='word_1_12' title='bbox 954 1537 1032 1586; x_wconf 80' lang='lat' dir='ltr'><strong><em>in-</em></strong></span> 
     </span>
    </p>
   </div>
   <div class='ocr_carea' id='block_1_7' title="bbox 539 1608 785 1663">
    <p class='ocr_par' dir='ltr' id='par_1_7' title="bbox 539 1608 785 1663">
     <span class='ocr_line' id='line_1_7' title="bbox 539 1608 785 1663; baseline -0.004 -13"><span class='ocrx_word' id='word_1_13' title='bbox 539 1608 785 1663; x_wconf 83' lang='lat' dir='ltr'><strong><em>terprete.</em></strong></span> 
     </span>
    </p>
   </div>
   <div class='ocr_carea' id='block_1_8' title="bbox 314 1707 1030 1767">
    <p class='ocr_par' dir='ltr' id='par_1_8' title="bbox 314 1707 1030 1767">
     <span class='ocr_line' id='line_1_8' title="bbox 314 1707 1030 1767; baseline -0.01 0"><span class='ocrx_word' id='word_1_14' title='bbox 314 1713 505 1767; x_wconf 88' lang='lat' dir='ltr'><strong><em>Domino</em></strong></span> <span class='ocrx_word' id='word_1_15' title='bbox 556 1728 674 1766; x_wconf 88' lang='lat' dir='ltr'><strong><em>meo</em></strong></span> <span class='ocrx_word' id='word_1_16' title='bbox 731 1707 1030 1763; x_wconf 77' lang='lat' dir='ltr'><strong><em>honorabili</em></strong></span> 
     </span>
    </p>
   </div>
   <div class='ocr_carea' id='block_1_9' title="bbox 368 1778 1033 1852">
    <p class='ocr_par' dir='ltr' id='par_1_9' title="bbox 368 1778 1033 1852">
     <span class='ocr_line' id='line_1_9' title="bbox 368 1778 1033 1852; baseline -0.014 -16"><span class='ocrx_word' id='word_1_17' title='bbox 368 1783 509 1852; x_wconf 77' lang='lat' dir='ltr'><strong><em>fratri</em></strong></span> <span class='ocrx_word' id='word_1_18' title='bbox 559 1790 611 1836; x_wconf 91' lang='lat' dir='ltr'><strong><em>et</em></strong></span> <span class='ocrx_word' id='word_1_19' title='bbox 669 1778 1033 1852; x_wconf 72' lang='lat' dir='ltr'><strong><em>consacerdoti</em></strong></span> 
     </span>
    </p>
   </div>
   <div class='ocr_carea' id='block_1_10' title="bbox 367 1848 1033 1915">
    <p class='ocr_par' dir='ltr' id='par_1_10' title="bbox 367 1848 1033 1915">
     <span class='ocr_line' id='line_1_10' title="bbox 367 1848 1033 1915; baseline -0.012 -9"><span class='ocrx_word' id='word_1_20' title='bbox 367 1848 580 1906; x_wconf 79' lang='lat' dir='ltr'><strong><em>Diodoro</em></strong></span> <span class='ocrx_word' id='word_1_21' title='bbox 650 1849 869 1903; x_wconf 78' lang='lat' dir='ltr'><strong><em>amabili</em></strong></span> <span class='ocrx_word' id='word_1_22' title='bbox 926 1848 1033 1915; x_wconf 82' lang='lat' dir='ltr'><strong><em>epi-</em></strong></span> 
     </span>
    </p>
   </div>
   <div class='ocr_carea' id='block_1_11' title="bbox 368 1918 1033 1990">
    <p class='ocr_par' dir='ltr' id='par_1_11' title="bbox 368 1918 1033 1990">
     <span class='ocr_line' id='line_1_11' title="bbox 368 1918 1033 1990; baseline -0.012 -14"><span class='ocrx_word' id='word_1_23' title='bbox 368 1939 536 1990; x_wconf 81' lang='lat' dir='ltr'><strong><em>scopo,</em></strong></span> <span class='ocrx_word' id='word_1_24' title='bbox 593 1919 925 1988; x_wconf 75' lang='lat' dir='ltr'><strong><em>Epiphanius</em></strong></span> <span class='ocrx_word' id='word_1_25' title='bbox 979 1918 1033 1969; x_wconf 89' lang='lat' dir='ltr'><strong><em>in</em></strong></span> 
     </span>
    </p>
   </div>
   <div class='ocr_carea' id='block_1_12' title="bbox 369 1990 856 2045">
    <p class='ocr_par' dir='ltr' id='par_1_12' title="bbox 369 1990 856 2045">
     <span class='ocr_line' id='line_1_12' title="bbox 369 1990 856 2045; baseline -0.01 -2"><span class='ocrx_word' id='word_1_26' title='bbox 369 1993 570 2045; x_wconf 79' lang='lat' dir='ltr'><strong><em>Domino</em></strong></span> <span class='ocrx_word' id='word_1_27' title='bbox 606 1990 856 2044; x_wconf 78' lang='lat' dir='ltr'><strong><em>salutem.</em></strong></span> 
     </span>
    </p>
   </div>
   <div class='ocr_carea' id='block_1_13' title="bbox 368 2099 1036 2173">
    <p class='ocr_par' dir='ltr' id='par_1_13' title="bbox 368 2099 1036 2173">
     <span class='ocr_line' id='line_1_13' title="bbox 368 2099 1036 2173; baseline -0.007 -20"><span class='ocrx_word' id='word_1_28' title='bbox 368 2101 436 2173; x_wconf 85' lang='lat' dir='ltr'><strong><em>[I]</em></strong></span> <span class='ocrx_word' id='word_1_29' title='bbox 467 2101 628 2172; x_wconf 62' lang='lat'><strong><em>240</em></strong></span> <span class='ocrx_word' id='word_1_30' title='bbox 660 2099 899 2152; x_wconf 86' lang='lat' dir='ltr'><strong><em>Gratiam</em></strong></span> <span class='ocrx_word' id='word_1_31' title='bbox 923 2113 1036 2149; x_wconf 88' lang='lat' dir='ltr'><strong><em>ma-</em></strong></span> 
     </span>
    </p>
   </div>
   <div class='ocr_carea' id='block_1_14' title="bbox 305 2194 1037 2262">
    <p class='ocr_par' dir='ltr' id='par_1_14' title="bbox 305 2194 1037 2262">
     <span class='ocr_line' id='line_1_14' title="bbox 305 2194 1037 2262; baseline -0.008 -17"><span class='ocrx_word' id='word_1_32' title='bbox 305 2194 445 2262; x_wconf 88' lang='lat' dir='ltr'><strong><em>jorem</em></strong></span> <span class='ocrx_word' id='word_1_33' title='bbox 471 2204 736 2261; x_wconf 66' lang='lat' dir='ltr'><strong><em>prastans</em></strong></span> <span class='ocrx_word' id='word_1_34' title='bbox 765 2206 922 2258; x_wconf 90' lang='lat' dir='ltr'><strong><em>quam</em></strong></span> <span class='ocrx_word' id='word_1_35' title='bbox 949 2205 1037 2240; x_wconf 82' lang='lat' dir='ltr'><strong><em>ac-</em></strong></span> 
     </span>
    </p>
   </div>
   <div class='ocr_carea' id='block_1_15' title="bbox 310 2279 1035 2352">
    <p class='ocr_par' dir='ltr' id='par_1_15' title="bbox 310 2279 1035 2352">
     <span class='ocr_line' id='line_1_15' title="bbox 310 2279 1035 2352; baseline -0.004 -20"><span class='ocrx_word' id='word_1_36' title='bbox 310 2283 492 2350; x_wconf 84' lang='lat' dir='ltr'><strong><em>cipiens,</em></strong></span> <span class='ocrx_word' id='word_1_37' title='bbox 526 2281 738 2352; x_wconf 95' lang='lat' dir='ltr'><strong><em>petebat</em></strong></span> <span class='ocrx_word' id='word_1_38' title='bbox 781 2279 1035 2332; x_wconf 76' lang='lat' dir='ltr'><strong><em>Dominus</em></strong></span> 
     </span>
    </p>
   </div>
   <div class='ocr_carea' id='block_1_16' title="bbox 309 2367 1035 2440">
    <p class='ocr_par' dir='ltr' id='par_1_16' title="bbox 309 2367 1035 2440">
     <span class='ocr_line' id='line_1_16' title="bbox 309 2367 1035 2440; baseline -0.003 -19"><span class='ocrx_word' id='word_1_39' title='bbox 309 2371 688 2425; x_wconf 79' lang='lat' dir='ltr'><strong><em>aSamaritana</em></strong></span> <span class='ocrx_word' id='word_1_40' title='bbox 721 2385 912 2440; x_wconf 87' lang='lat' dir='ltr'><strong><em>aquant</em></strong></span> <span class='ocrx_word' id='word_1_41' title='bbox 959 2367 1035 2420; x_wconf 88' lang='lat' dir='ltr'><strong><em>bi-</em></strong></span> 
     </span>
    </p>
   </div>
   <div class='ocr_carea' id='block_1_17' title="bbox 310 2463 1034 2530">
    <p class='ocr_par' dir='ltr' id='par_1_17' title="bbox 310 2463 1034 2530">
     <span class='ocr_line' id='line_1_17' title="bbox 310 2463 1034 2530; baseline -0.001 -18"><span class='ocrx_word' id='word_1_42' title='bbox 310 2463 441 2514; x_wconf 83' lang='lat' dir='ltr'><strong><em>bere:</em></strong></span> <span class='ocrx_word' id='word_1_43' title='bbox 470 2464 575 2530; x_wconf 88' lang='lat' dir='ltr'><strong><em>ipse</em></strong></span> <span class='ocrx_word' id='word_1_44' title='bbox 626 2467 750 2528; x_wconf 82' lang='lat' dir='ltr'><strong><em>[ens</em></strong></span> <span class='ocrx_word' id='word_1_45' title='bbox 796 2469 1034 2523; x_wconf 76' lang='lat' dir='ltr'><strong><em>exstans,</em></strong></span> 
     </span>
    </p>
   </div>
   <div class='ocr_carea' id='block_1_18' title="bbox 306 2550 1038 2622">
    <p class='ocr_par' dir='ltr' id='par_1_18' title="bbox 306 2550 1038 2622">
     <span class='ocr_line' id='line_1_18' title="bbox 306 2550 1038 2622; baseline -0.001 -20"><span class='ocrx_word' id='word_1_46' title='bbox 306 2551 433 2619; x_wconf 72' lang='lat' dir='ltr'><strong><em>juxta</em></strong></span> <span class='ocrx_word' id='word_1_47' title='bbox 458 2563 677 2622; x_wconf 79' lang='lat' dir='ltr'><strong><em>puteum</em></strong></span> <span class='ocrx_word' id='word_1_48' title='bbox 711 2550 946 2612; x_wconf 76' lang='lat' dir='ltr'><strong><em>sedebat,</em></strong></span> <span class='ocrx_word' id='word_1_49' title='bbox 989 2557 1038 2602; x_wconf 88' lang='lat' dir='ltr'><strong><em>et</em></strong></span> 
     </span>
    </p>
   </div>
   <div class='ocr_carea' id='block_1_19' title="bbox 309 2633 1039 2715">
    <p class='ocr_par' dir='ltr' id='par_1_19' title="bbox 309 2633 1039 2715">
     <span class='ocr_line' id='line_1_19' title="bbox 309 2633 1039 2715; baseline -0.003 -18"><span class='ocrx_word' id='word_1_50' title='bbox 309 2643 533 2715; x_wconf 69' lang='lat' dir='ltr'><strong><em>fatigatus</em></strong></span> <span class='ocrx_word' id='word_1_51' title='bbox 569 2633 642 2701; x_wconf 75' lang='lat' dir='ltr'><strong><em>ea:</em></strong></span> <span class='ocrx_word' id='word_1_52' title='bbox 684 2647 871 2699; x_wconf 80' lang='lat' dir='ltr'><strong><em>itinere</em></strong></span> <span class='ocrx_word' id='word_1_53' title='bbox 897 2644 1039 2696; x_wconf 81' lang='lat' dir='ltr'><strong><em>inve-</em></strong></span> 
     </span>
    </p>
   </div>
   <div class='ocr_carea' id='block_1_20' title="bbox 309 2737 1040 2807">
    <p class='ocr_par' dir='ltr' id='par_1_20' title="bbox 309 2737 1040 2807">
     <span class='ocr_line' id='line_1_20' title="bbox 309 2737 1040 2807; baseline 0 -21"><span class='ocrx_word' id='word_1_54' title='bbox 309 2737 540 2798; x_wconf 81' lang='lat' dir='ltr'><strong><em>niebatur,</em></strong></span> <span class='ocrx_word' id='word_1_55' title='bbox 569 2747 632 2791; x_wconf 86' lang='lat' dir='ltr'><strong><em>ut</em></strong></span> <span class='ocrx_word' id='word_1_56' title='bbox 666 2746 1040 2807; x_wconf 84' lang='lat' dir='ltr'><strong><em>consequenter</em></strong></span> 
     </span>
    </p>
   </div>
   <div class='ocr_carea' id='block_1_21' title="bbox 306 2827 1042 2891">
    <p class='ocr_par' dir='ltr' id='par_1_21' title="bbox 306 2827 1042 2891">
     <span class='ocr_line' id='line_1_21' title="bbox 306 2827 1042 2891; baseline 0.005 -18"><span class='ocrx_word' id='word_1_57' title='bbox 306 2830 524 2891; x_wconf 66' lang='lat' dir='ltr'><strong><em>presenti</em></strong></span> <span class='ocrx_word' id='word_1_58' title='bbox 558 2842 826 2888; x_wconf 81' lang='lat' dir='ltr'><strong><em>sermone,</em></strong></span> <span class='ocrx_word' id='word_1_59' title='bbox 864 2827 1042 2879; x_wconf 84' lang='lat' dir='ltr'><strong><em>incar-</em></strong></span> 
     </span>
    </p>
   </div>
   <div class='ocr_carea' id='block_1_22' title="bbox 307 2916 1043 2970">
    <p class='ocr_par' dir='ltr' id='par_1_22' title="bbox 307 2916 1043 2970">
     <span class='ocr_line' id='line_1_22' title="bbox 307 2916 1043 2970; baseline 0.008 -6"><span class='ocrx_word' id='word_1_60' title='bbox 307 2917 511 2970; x_wconf 80' lang='lat' dir='ltr'><strong><em>nationis</em></strong></span> <span class='ocrx_word' id='word_1_61' title='bbox 533 2933 642 2970; x_wconf 89' lang='lat' dir='ltr'><strong><em>non</em></strong></span> <span class='ocrx_word' id='word_1_62' title='bbox 673 2916 941 2970; x_wconf 76' lang='lat' dir='ltr'><strong><em>excederet</em></strong></span> <span class='ocrx_word' id='word_1_63' title='bbox 968 2933 1043 2970; x_wconf 71' lang='lat' dir='ltr'><strong><em>ee-</em></strong></span> 
     </span>
    </p>
   </div>
   <div class='ocr_carea' id='block_1_23' title="bbox 304 3005 1044 3077">
    <p class='ocr_par' dir='ltr' id='par_1_23' title="bbox 304 3005 1044 3077">
     <span class='ocr_line' id='line_1_23' title="bbox 304 3005 1044 3077; baseline 0.008 -24"><span class='ocrx_word' id='word_1_64' title='bbox 304 3005 506 3061; x_wconf 87' lang='lat' dir='ltr'><strong><em>rilatem.</em></strong></span> <span class='ocrx_word' id='word_1_65' title='bbox 554 3008 656 3077; x_wconf 84' lang='lat' dir='ltr'><strong><em>(Et</em></strong></span> <span class='ocrx_word' id='word_1_66' title='bbox 695 3013 812 3075; x_wconf 83' lang='lat' dir='ltr'><strong><em>post</em></strong></span> <span class='ocrx_word' id='word_1_67' title='bbox 852 3006 1044 3076; x_wconf 87' lang='lat' dir='ltr'><strong><em>paulu-</em></strong></span> 
     </span>
    </p>
   </div>
   <div class='ocr_carea' id='block_1_24' title="bbox 303 3093 1040 3167">
    <p class='ocr_par' dir='ltr' id='par_1_24' title="bbox 303 3093 1040 3167">
     <span class='ocr_line' id='line_1_24' title="bbox 303 3093 1040 3167; baseline 0.005 -20"><span class='ocrx_word' id='word_1_68' title='bbox 303 3093 552 3165; x_wconf 82' lang='lat' dir='ltr'><strong><em>lum.)Sed</em></strong></span> <span class='ocrx_word' id='word_1_69' title='bbox 593 3099 762 3152; x_wconf 88' lang='lat' dir='ltr'><strong><em>etiam</em></strong></span> <span class='ocrx_word' id='word_1_70' title='bbox 804 3099 916 3167; x_wconf 85' lang='lat' dir='ltr'><strong><em>ejus</em></strong></span> <span class='ocrx_word' id='word_1_71' title='bbox 956 3098 1040 3151; x_wconf 84' lang='lat' dir='ltr'><strong><em>di-</em></strong></span> 
     </span>
    </p>
   </div>
   <div class='ocr_carea' id='block_1_25' title="bbox 304 3187 1042 3259">
    <p class='ocr_par' dir='ltr' id='par_1_25' title="bbox 304 3187 1042 3259">
     <span class='ocr_line' id='line_1_25' title="bbox 304 3187 1042 3259; baseline 0.011 -24"><span class='ocrx_word' id='word_1_72' title='bbox 304 3187 488 3251; x_wconf 77' lang='lat' dir='ltr'><strong><em>tcipttli,</em></strong></span> <span class='ocrx_word' id='word_1_73' title='bbox 522 3204 568 3243; x_wconf 87' lang='lat' dir='ltr'><strong><em>et</em></strong></span> <span class='ocrx_word' id='word_1_74' title='bbox 607 3190 771 3252; x_wconf 80' lang='lat' dir='ltr'><strong><em>servi,</em></strong></span> <span class='ocrx_word' id='word_1_75' title='bbox 798 3208 828 3241; x_wconf 92' lang='lat' dir='ltr'><strong><em>a</em></strong></span> <span class='ocrx_word' id='word_1_76' title='bbox 854 3191 1042 3259; x_wconf 85' lang='lat' dir='ltr'><strong><em>quibus</em></strong></span> 
     </span>
    </p>
   </div>
   <div class='ocr_carea' id='block_1_26' title="bbox 309 3277 1043 3351">
    <p class='ocr_par' dir='ltr' id='par_1_26' title="bbox 309 3277 1043 3351">
     <span class='ocr_line' id='line_1_26' title="bbox 309 3277 1043 3351; baseline 0.015 -27"><span class='ocrx_word' id='word_1_77' title='bbox 309 3277 484 3345; x_wconf 83' lang='lat' dir='ltr'><strong><em>aliquid</em></strong></span> <span class='ocrx_word' id='word_1_78' title='bbox 532 3280 818 3348; x_wconf 82' lang='lat' dir='ltr'><strong><em>petebant,</em></strong></span> <span class='ocrx_word' id='word_1_79' title='bbox 875 3284 1043 3351; x_wconf 85' lang='lat' dir='ltr'><strong><em>magis</em></strong></span> 
     </span>
    </p>
   </div>
   <div class='ocr_carea' id='block_1_27' title="bbox 303 3370 1044 3443">
    <p class='ocr_par' dir='ltr' id='par_1_27' title="bbox 303 3370 1044 3443">
     <span class='ocr_line' id='line_1_27' title="bbox 303 3370 1044 3443; baseline 0.012 -25"><span class='ocrx_word' id='word_1_80' title='bbox 303 3370 364 3421; x_wconf 82' lang='lat' dir='ltr'><strong><em>eis</em></strong></span> <span class='ocrx_word' id='word_1_81' title='bbox 409 3372 632 3436; x_wconf 84' lang='lat' dir='ltr'><strong><em>dabant,</em></strong></span> <span class='ocrx_word' id='word_1_82' title='bbox 695 3391 853 3443; x_wconf 85' lang='lat' dir='ltr'><strong><em>quant</em></strong></span> <span class='ocrx_word' id='word_1_83' title='bbox 907 3376 1044 3428; x_wconf 88' lang='lat' dir='ltr'><strong><em>acci-</em></strong></span> 
     </span>
    </p>
   </div>
   <div class='ocr_carea' id='block_1_28' title="bbox 306 3459 1044 3525">
    <p class='ocr_par' dir='ltr' id='par_1_28' title="bbox 306 3459 1044 3525">
     <span class='ocr_line' id='line_1_28' title="bbox 306 3459 1044 3525; baseline 0.012 -17"><span class='ocrx_word' id='word_1_84' title='bbox 306 3459 492 3524; x_wconf 83' lang='lat' dir='ltr'><strong><em>piebant</em></strong></span> <span class='ocrx_word' id='word_1_85' title='bbox 543 3464 608 3516; x_wconf 91' lang='lat' dir='ltr'><strong><em>ab</em></strong></span> <span class='ocrx_word' id='word_1_86' title='bbox 668 3465 761 3525; x_wconf 89' lang='lat' dir='ltr'><strong><em>eis,</em></strong></span> <span class='ocrx_word' id='word_1_87' title='bbox 807 3474 856 3516; x_wconf 87' lang='lat' dir='ltr'><strong><em>et</em></strong></span> <span class='ocrx_word' id='word_1_88' title='bbox 911 3465 1044 3517; x_wconf 90' lang='lat' dir='ltr'><strong><em>allo-</em></strong></span> 
     </span>
    </p>
   </div>
   <div class='ocr_carea' id='block_1_29' title="bbox 299 3553 1038 3623">
    <p class='ocr_par' dir='ltr' id='par_1_29' title="bbox 299 3553 1038 3623">
     <span class='ocr_line' id='line_1_29' title="bbox 299 3553 1038 3623; baseline 0.009 -23"><span class='ocrx_word' id='word_1_89' title='bbox 299 3553 533 3616; x_wconf 77' lang='lat' dir='ltr'><strong><em>quebatur</em></strong></span> <span class='ocrx_word' id='word_1_90' title='bbox 563 3556 780 3623; x_wconf 85' lang='lat' dir='ltr'><strong><em>quidem</em></strong></span> <span class='ocrx_word' id='word_1_91' title='bbox 831 3553 977 3607; x_wconf 86' lang='lat' dir='ltr'><strong><em>Elias</em></strong></span> <span class='ocrx_word' id='word_1_92' title='bbox 1000 3556 1038 3619; x_wconf 75' lang='lat'><strong><em>‘,</em></strong></span> 
     </span>
    </p>
   </div>
   <div class='ocr_carea' id='block_1_30' title="bbox 300 3637 1042 3716">
    <p class='ocr_par' dir='ltr' id='par_1_30' title="bbox 300 3637 1042 3716">
     <span class='ocr_line' id='line_1_30' title="bbox 300 3637 1042 3716; baseline 0.011 -24"><span class='ocrx_word' id='word_1_93' title='bbox 300 3637 378 3708; x_wconf 75' lang='lat' dir='ltr'><strong><em>qui</em></strong></span> <span class='ocrx_word' id='word_1_94' title='bbox 420 3654 530 3698; x_wconf 90' lang='lat' dir='ltr'><strong><em>erat</em></strong></span> <span class='ocrx_word' id='word_1_95' title='bbox 606 3647 786 3715; x_wconf 82' lang='lat' dir='ltr'><strong><em>ﬁgura</em></strong></span> <span class='ocrx_word' id='word_1_96' title='bbox 832 3648 1042 3716; x_wconf 83' lang='lat' dir='ltr'><strong><em>proprie</em></strong></span> 
     </span>
    </p>
   </div>
   <div class='ocr_carea' id='block_1_31' title="bbox 298 3733 1036 3804">
    <p class='ocr_par' dir='ltr' id='par_1_31' title="bbox 298 3733 1036 3804">
     <span class='ocr_line' id='line_1_31' title="bbox 298 3733 1036 3804; baseline 0.008 -19"><span class='ocrx_word' id='word_1_97' title='bbox 298 3733 488 3789; x_wconf 84' lang='lat' dir='ltr'><strong><em>Domini</em></strong></span> <span class='ocrx_word' id='word_1_98' title='bbox 496 3751 570 3800; x_wconf 90' lang='lat' dir='ltr'><strong><em>,et</em></strong></span> <span class='ocrx_word' id='word_1_99' title='bbox 588 3741 1036 3804; x_wconf 84' lang='lat' dir='ltr'><strong><em>necessariorum,</em></strong></span> 
     </span>
    </p>
   </div>
   <div class='ocr_carea' id='block_1_32' title="bbox 295 3830 1040 3894">
    <p class='ocr_par' dir='ltr' id='par_1_32' title="bbox 295 3830 1040 3894">
     <span class='ocr_line' id='line_1_32' title="bbox 295 3830 1040 3894; baseline 0.009 -21"><span class='ocrx_word' id='word_1_100' title='bbox 295 3836 524 3888; x_wconf 76' lang='lat' dir='ltr'><strong><em>quantum</em></strong></span> <span class='ocrx_word' id='word_1_101' title='bbox 570 3844 707 3894; x_wconf 88' lang='lat' dir='ltr'><strong><em>opus</em></strong></span> <span class='ocrx_word' id='word_1_102' title='bbox 752 3838 885 3891; x_wconf 85' lang='lat' dir='ltr'><strong><em>erat,</em></strong></span> <span class='ocrx_word' id='word_1_103' title='bbox 930 3830 1040 3880; x_wconf 75' lang='lat' dir='ltr'><strong><em>cari-</em></strong></span> 
     </span>
    </p>
   </div>
   <div class='ocr_carea' id='block_1_33' title="bbox 292 3918 1040 3990">
    <p class='ocr_par' dir='ltr' id='par_1_33' title="bbox 292 3918 1040 3990">
     <span class='ocr_line' id='line_1_33' title="bbox 292 3918 1040 3990; baseline 0.012 -24"><span class='ocrx_word' id='word_1_104' title='bbox 292 3918 423 3980; x_wconf 82' lang='lat' dir='ltr'><strong><em>gebat</em></strong></span> <span class='ocrx_word' id='word_1_105' title='bbox 457 3938 768 3974; x_wconf 85' lang='lat' dir='ltr'><strong><em>mensuram</em></strong></span> <span class='ocrx_word' id='word_1_106' title='bbox 800 3938 818 3974; x_wconf 92' lang='lat'><strong><em>:</em></strong></span> <span class='ocrx_word' id='word_1_107' title='bbox 861 3938 1040 3990; x_wconf 85' lang='lat' dir='ltr'><strong><em>super—</em></strong></span> 
     </span>
    </p>
   </div>
   <div class='ocr_carea' id='block_1_34' title="bbox 293 4005 1034 4082">
    <p class='ocr_par' dir='ltr' id='par_1_34' title="bbox 293 4005 1034 4082">
     <span class='ocr_line' id='line_1_34' title="bbox 293 4005 1034 4082; baseline 0.019 -30"><span class='ocrx_word' id='word_1_108' title='bbox 293 4005 614 4064; x_wconf 67' lang='lat' dir='ltr'><strong><em>abundanter</em></strong></span> <span class='ocrx_word' id='word_1_109' title='bbox 759 4021 930 4065; x_wconf 89' lang='lat' dir='ltr'><strong><em>autem</em></strong></span> <span class='ocrx_word' id='word_1_110' title='bbox 963 4029 1034 4066; x_wconf 86' lang='lat' dir='ltr'><strong><em>re-</em></strong></span> 
     </span>
    </p>
   </div>
   <div class='ocr_carea' id='block_1_35' title="bbox 289 4090 1038 4165">
    <p class='ocr_par' dir='ltr' id='par_1_35' title="bbox 289 4090 1038 4165">
     <span class='ocr_line' id='line_1_35' title="bbox 289 4090 1038 4165; baseline -0.003 -12"><span class='ocrx_word' id='word_1_111' title='bbox 289 4090 449 4152; x_wconf 78' lang='lat' dir='ltr'><strong><em>Plebat</em></strong></span> <span class='ocrx_word' id='word_1_112' title='bbox 523 4097 850 4165; x_wconf 63' lang='lat' dir='ltr'><strong><em>praebentem</em></strong></span> <span class='ocrx_word' id='word_1_113' title='bbox 937 4101 1038 4152; x_wconf 90' lang='lat' dir='ltr'><strong><em>sibi</em></strong></span> 
     </span>
    </p>
   </div>
   <div class='ocr_carea' id='block_1_36' title="bbox 293 4179 1039 4243">
    <p class='ocr_par' dir='ltr' id='par_1_36' title="bbox 293 4179 1039 4243">
     <span class='ocr_line' id='line_1_36' title="bbox 293 4179 1039 4243; baseline 0.016 -13"><span class='ocrx_word' id='word_1_114' title='bbox 293 4179 689 4242; x_wconf 78' lang='lat' dir='ltr'><strong><em>benedictionem</em></strong></span> <span class='ocrx_word' id='word_1_115' title='bbox 774 4206 805 4242; x_wconf 93' lang='lat' dir='ltr'><strong><em>a</em></strong></span> <span class='ocrx_word' id='word_1_116' title='bbox 882 4189 1039 4243; x_wconf 83' lang='lat' dir='ltr'><strong><em>vidua</em></strong></span> 
     </span>
    </p>
   </div>
   <div class='ocr_carea' id='block_1_37' title="bbox 354 4293 1046 4368">
    <p class='ocr_par' dir='ltr' id='par_1_37' title="bbox 354 4293 1046 4368">
     <span class='ocr_line' id='line_1_37' title="bbox 354 4293 1046 4368; baseline 0.004 -21"><span class='ocrx_word' id='word_1_117' title='bbox 354 4293 452 4348; x_wconf 84' lang='grc' dir='ltr'><strong><em>Ι111</em></strong></span> <span class='ocrx_word' id='word_1_118' title='bbox 480 4295 622 4368; x_wconf 76' lang='lat' dir='ltr'><strong><em>Reg.</em></strong></span> <span class='ocrx_word' id='word_1_119' title='bbox 659 4312 801 4363; x_wconf 77' lang='lat' dir='ltr'><strong><em>xm,</em></strong></span> <span class='ocrx_word' id='word_1_120' title='bbox 837 4297 902 4350; x_wconf 89' lang='grc'><strong>10</strong></span> <span class='ocrx_word' id='word_1_121' title='bbox 926 4313 1046 4367; x_wconf 85' lang='lat' dir='ltr'><strong><em>sqq.</em></strong></span> 
     </span>
    </p>
   </div>
   <div class='ocr_carea' id='block_1_38' title="bbox 1178 478 2651 612">
    <p class='ocr_par' dir='ltr' id='par_1_38' title="bbox 1178 478 2651 612">
     <span class='ocr_line' id='line_1_38' title="bbox 1178 478 2651 612; baseline -0.007 0"><span class='ocrx_word' id='word_1_122' title='bbox 1178 478 1746 612; x_wconf 86' lang='lat' dir='ltr'><strong><em>SANCTI</em></strong></span> <span class='ocrx_word' id='word_1_123' title='bbox 1842 478 2651 606; x_wconf 83' lang='lat' dir='ltr'><strong><em>EPIPHANII</em></strong></span> 
     </span>
    </p>
   </div>
   <div class='ocr_carea' id='block_1_39' title="bbox 1614 728 2158 869">
    <p class='ocr_par' dir='ltr' id='par_1_39' title="bbox 1614 728 2158 869">
     <span class='ocr_line' id='line_1_39' title="bbox 1614 728 2158 869; baseline 0.013 -52"><span class='ocrx_word' id='word_1_124' title='bbox 1614 728 2158 869; x_wconf 52' lang='lat' dir='ltr'><strong><em>EPISCOPI</em></strong></span> 
     </span>
    </p>
   </div>
   <div class='ocr_carea' id='block_1_40' title="bbox 621 918 3140 987">
    <p class='ocr_par' dir='ltr' id='par_1_40' title="bbox 621 918 3140 987">
     <span class='ocr_line' id='line_1_40' title="bbox 621 918 3140 987; baseline 0.001 -3"><span class='ocrx_word' id='word_1_125' title='bbox 621 924 729 984; x_wconf 88' lang='lat' dir='ltr'><strong>DE</strong></span> <span class='ocrx_word' id='word_1_126' title='bbox 763 921 884 985; x_wconf 82' lang='lat' dir='ltr'><strong><em>XII</em></strong></span> <span class='ocrx_word' id='word_1_127' title='bbox 917 921 1230 984; x_wconf 84' lang='lat' dir='ltr'><strong><em>GEMMIS</em></strong></span> <span class='ocrx_word' id='word_1_128' title='bbox 1266 920 1745 982; x_wconf 81' lang='lat' dir='ltr'><strong><em>RATIONALIS</em></strong></span> <span class='ocrx_word' id='word_1_129' title='bbox 1777 919 2035 981; x_wconf 88' lang='lat' dir='ltr'><strong>SUMMI</strong></span> <span class='ocrx_word' id='word_1_130' title='bbox 2075 918 2572 983; x_wconf 79' lang='lat' dir='ltr'><strong><em>SACERDOTIS</em></strong></span> <span class='ocrx_word' id='word_1_131' title='bbox 2609 920 3140 987; x_wconf 68' lang='lat' dir='ltr'><strong><em>HEBRIEORUM</em></strong></span> 
     </span>
    </p>
   </div>
   <div class='ocr_carea' id='block_1_41' title="bbox 1688 1039 2084 1187">
    <p class='ocr_par' dir='ltr' id='par_1_41' title="bbox 1688 1039 2084 1187">
     <span class='ocr_line' id='line_1_41' title="bbox 1688 1039 2084 1187; baseline 0.005 -4"><span class='ocrx_word' id='word_1_132' title='bbox 1688 1039 2084 1187; x_wconf 27' lang='lat' dir='ltr'><strong><em>LIOBER.</em></strong></span> 
     </span>
    </p>
   </div>
   <div class='ocr_carea' id='block_1_42' title="bbox 1145 1360 2694 1431">
    <p class='ocr_par' dir='ltr' id='par_1_42' title="bbox 1145 1360 2694 1431">
     <span class='ocr_line' id='line_1_42' title="bbox 1145 1360 2694 1431; baseline 0.003 -21"><span class='ocrx_word' id='word_1_133' title='bbox 1145 1369 1404 1410; x_wconf 68' lang='lat' dir='ltr'><strong><em>msrou</em></strong></span> <span class='ocrx_word' id='word_1_134' title='bbox 1447 1368 1714 1409; x_wconf 63' lang='lat' dir='ltr'><strong><em>meum“</em></strong></span> <span class='ocrx_word' id='word_1_135' title='bbox 1755 1371 1821 1409; x_wconf 81' lang='grc' dir='ltr'><strong><em>Αι)</em></strong></span> <span class='ocrx_word' id='word_1_136' title='bbox 1875 1360 2115 1428; x_wconf 85' lang='lat' dir='ltr'><strong><em>Apetens</em></strong></span> <span class='ocrx_word' id='word_1_137' title='bbox 2167 1377 2375 1430; x_wconf 86' lang='lat' dir='ltr'><strong><em>panem,</em></strong></span> <span class='ocrx_word' id='word_1_138' title='bbox 2413 1379 2505 1431; x_wconf 84' lang='lat' dir='ltr'><strong><em>per</em></strong></span> <span class='ocrx_word' id='word_1_139' title='bbox 2552 1378 2694 1415; x_wconf 84' lang='lat' dir='ltr'><strong><em>occa-</em></strong></span> 
     </span>
    </p>
   </div>
   <div class='ocr_carea' id='block_1_43' title="bbox 1339 1440 1635 1478">
    <p class='ocr_par' dir='ltr' id='par_1_43' title="bbox 1339 1440 1635 1478">
     <span class='ocr_line' id='line_1_43' title="bbox 1339 1440 1635 1478; baseline 0.003 -1"><span class='ocrx_word' id='word_1_140' title='bbox 1339 1440 1635 1478; x_wconf 76' lang='lat' dir='ltr'><strong><em>DIODORUII.</em></strong></span> 
     </span>
    </p>
   </div>
   <div class='ocr_carea' id='block_1_44' title="bbox 1175 1537 1783 1600">
    <p class='ocr_par' dir='ltr' id='par_1_44' title="bbox 1175 1537 1783 1600">
     <span class='ocr_line' id='line_1_44' title="bbox 1175 1537 1783 1600; baseline -0.007 -11"><span class='ocrx_word' id='word_1_141' title='bbox 1175 1539 1438 1599; x_wconf 80' lang='lat' dir='ltr'><strong><em>Anonymo</em></strong></span> <span class='ocrx_word' id='word_1_142' title='bbox 1487 1537 1783 1600; x_wconf 88' lang='lat' dir='ltr'><strong><em>inlerprele.</em></strong></span> 
     </span>
    </p>
   </div>
   <div class='ocr_carea' id='block_1_45' title="bbox 1112 1709 1864 1765">
    <p class='ocr_par' dir='ltr' id='par_1_45' title="bbox 1112 1709 1864 1765">
     <span class='ocr_line' id='line_1_45' title="bbox 1112 1709 1864 1765; baseline 0.004 -3"><span class='ocrx_word' id='word_1_143' title='bbox 1112 1709 1342 1763; x_wconf 84' lang='lat' dir='ltr'><strong><em>Domino</em></strong></span> <span class='ocrx_word' id='word_1_144' title='bbox 1378 1711 1687 1765; x_wconf 81' lang='lat' dir='ltr'><strong><em>venerando</em></strong></span> <span class='ocrx_word' id='word_1_145' title='bbox 1711 1711 1864 1765; x_wconf 81' lang='lat' dir='ltr'><strong><em>fratri</em></strong></span> 
     </span>
    </p>
   </div>
   <div class='ocr_carea' id='block_1_46' title="bbox 1180 1782 1867 1834">
    <p class='ocr_par' dir='ltr' id='par_1_46' title="bbox 1180 1782 1867 1834">
     <span class='ocr_line' id='line_1_46' title="bbox 1180 1782 1867 1834; baseline -0.001 -1"><span class='ocrx_word' id='word_1_146' title='bbox 1180 1790 1233 1833; x_wconf 91' lang='lat' dir='ltr'><strong><em>ct</em></strong></span> <span class='ocrx_word' id='word_1_147' title='bbox 1292 1782 1670 1834; x_wconf 85' lang='lat' dir='ltr'><strong><em>consacerdoti</em></strong></span> <span class='ocrx_word' id='word_1_148' title='bbox 1740 1782 1867 1833; x_wconf 87' lang='lat' dir='ltr'><strong><em>Dio-</em></strong></span> 
     </span>
    </p>
   </div>
   <div class='ocr_carea' id='block_1_47' title="bbox 1180 1848 1866 1904">
    <p class='ocr_par' dir='ltr' id='par_1_47' title="bbox 1180 1848 1866 1904">
     <span class='ocr_line' id='line_1_47' title="bbox 1180 1848 1866 1904; baseline 0.004 -3"><span class='ocrx_word' id='word_1_149' title='bbox 1180 1848 1317 1903; x_wconf 88' lang='lat' dir='ltr'><strong><em>doro</em></strong></span> <span class='ocrx_word' id='word_1_150' title='bbox 1417 1851 1866 1904; x_wconf 82' lang='lat' dir='ltr'><strong><em>reverendissiino</em></strong></span> 
     </span>
    </p>
   </div>
   <div class='ocr_carea' id='block_1_48' title="bbox 1178 1919 1865 1988">
    <p class='ocr_par' dir='ltr' id='par_1_48' title="bbox 1178 1919 1865 1988">
     <span class='ocr_line' id='line_1_48' title="bbox 1178 1919 1865 1988; baseline 0.003 -17"><span class='ocrx_word' id='word_1_151' title='bbox 1178 1919 1459 1988; x_wconf 81' lang='lat' dir='ltr'><strong><em>episcopo,</em></strong></span> <span class='ocrx_word' id='word_1_152' title='bbox 1528 1919 1865 1988; x_wconf 80' lang='lat' dir='ltr'><strong><em>Epiphanius</em></strong></span> 
     </span>
    </p>
   </div>
   <div class='ocr_carea' id='block_1_49' title="bbox 1177 1987 1863 2056">
    <p class='ocr_par' dir='ltr' id='par_1_49' title="bbox 1177 1987 1863 2056">
     <span class='ocr_line' id='line_1_49' title="bbox 1177 1987 1863 2056; baseline 0 -16"><span class='ocrx_word' id='word_1_153' title='bbox 1177 1988 1228 2040; x_wconf 89' lang='lat' dir='ltr'><strong><em>in</em></strong></span> <span class='ocrx_word' id='word_1_154' title='bbox 1249 1987 1474 2041; x_wconf 83' lang='lat' dir='ltr'><strong><em>Domino</em></strong></span> <span class='ocrx_word' id='word_1_155' title='bbox 1491 1987 1717 2042; x_wconf 83' lang='lat' dir='ltr'><strong><em>salutem</em></strong></span> <span class='ocrx_word' id='word_1_156' title='bbox 1733 1989 1863 2056; x_wconf 83' lang='grc'><strong><em>(18).</em></strong></span> 
     </span>
    </p>
   </div>
   <div class='ocr_carea' id='block_1_50' title="bbox 1181 2095 1866 2168">
    <p class='ocr_par' dir='ltr' id='par_1_50' title="bbox 1181 2095 1866 2168">
     <span class='ocr_line' id='line_1_50' title="bbox 1181 2095 1866 2168; baseline 0.003 -20"><span class='ocrx_word' id='word_1_157' title='bbox 1181 2095 1424 2150; x_wconf 83' lang='lat' dir='ltr'><strong><em>Gratiam</em></strong></span> <span class='ocrx_word' id='word_1_158' title='bbox 1456 2104 1728 2168; x_wconf 59' lang='lat' dir='ltr'><strong><em>praestans</em></strong></span> <span class='ocrx_word' id='word_1_159' title='bbox 1769 2112 1866 2166; x_wconf 88' lang='lat' dir='ltr'><strong><em>po-</em></strong></span> 
     </span>
    </p>
   </div>
   <div class='ocr_carea' id='block_1_51' title="bbox 1113 2188 1867 2260">
    <p class='ocr_par' dir='ltr' id='par_1_51' title="bbox 1113 2188 1867 2260">
     <span class='ocr_line' id='line_1_51' title="bbox 1113 2188 1867 2260; baseline 0 -19"><span class='ocrx_word' id='word_1_160' title='bbox 1113 2189 1242 2251; x_wconf 88' lang='lat' dir='ltr'><strong><em>tius,</em></strong></span> <span class='ocrx_word' id='word_1_161' title='bbox 1278 2205 1441 2260; x_wconf 89' lang='lat' dir='ltr'><strong><em>quam</em></strong></span> <span class='ocrx_word' id='word_1_162' title='bbox 1485 2205 1708 2244; x_wconf 89' lang='lat' dir='ltr'><strong><em>sumens</em></strong></span> <span class='ocrx_word' id='word_1_163' title='bbox 1762 2188 1867 2241; x_wconf 89' lang='lat' dir='ltr'><strong><em>Do-</em></strong></span> 
     </span>
    </p>
   </div>
   <div class='ocr_carea' id='block_1_52' title="bbox 1113 2279 1865 2340">
    <p class='ocr_par' dir='ltr' id='par_1_52' title="bbox 1113 2279 1865 2340">
     <span class='ocr_line' id='line_1_52' title="bbox 1113 2279 1865 2340; baseline 0 -8"><span class='ocrx_word' id='word_1_164' title='bbox 1113 2280 1294 2335; x_wconf 85' lang='lat' dir='ltr'><strong><em>minus</em></strong></span> <span class='ocrx_word' id='word_1_165' title='bbox 1322 2295 1351 2332; x_wconf 90' lang='lat' dir='ltr'><strong><em>a</em></strong></span> <span class='ocrx_word' id='word_1_166' title='bbox 1381 2279 1751 2340; x_wconf 73' lang='lat' dir='ltr'><strong><em>Samaritana,</em></strong></span> <span class='ocrx_word' id='word_1_167' title='bbox 1785 2281 1865 2332; x_wconf 61' lang='lat' dir='ltr'><strong><em>bi.</em></strong></span> 
     </span>
    </p>
   </div>
   <div class='ocr_carea' id='block_1_53' title="bbox 1113 2369 1869 2442">
    <p class='ocr_par' dir='ltr' id='par_1_53' title="bbox 1113 2369 1869 2442">
     <span class='ocr_line' id='line_1_53' title="bbox 1113 2369 1869 2442; baseline 0.003 -18"><span class='ocrx_word' id='word_1_168' title='bbox 1113 2369 1241 2426; x_wconf 90' lang='lat' dir='ltr'><strong><em>bere</em></strong></span> <span class='ocrx_word' id='word_1_169' title='bbox 1291 2372 1606 2442; x_wconf 79' lang='lat' dir='ltr'><strong><em>postulabat</em></strong></span> <span class='ocrx_word' id='word_1_170' title='bbox 1655 2375 1697 2434; x_wconf 78' lang='grc'><em>³,</em></span> <span class='ocrx_word' id='word_1_171' title='bbox 1754 2372 1869 2440; x_wconf 89' lang='lat' dir='ltr'><strong><em>ipse</em></strong></span> 
     </span>
    </p>
   </div>
   <div class='ocr_carea' id='block_1_54' title="bbox 1112 2461 1862 2527">
    <p class='ocr_par' dir='ltr' id='par_1_54' title="bbox 1112 2461 1862 2527">
     <span class='ocr_line' id='line_1_54' title="bbox 1112 2461 1862 2527; baseline 0.003 -13"><span class='ocrx_word' id='word_1_172' title='bbox 1112 2461 1235 2516; x_wconf 81' lang='lat' dir='ltr'><strong><em>fons</em></strong></span> <span class='ocrx_word' id='word_1_173' title='bbox 1293 2463 1488 2516; x_wconf 87' lang='lat' dir='ltr'><strong><em>salutis</em></strong></span> <span class='ocrx_word' id='word_1_174' title='bbox 1553 2463 1862 2527; x_wconf 75' lang='lat' dir='ltr'><strong><em>exsistens,</em></strong></span> 
     </span>
    </p>
   </div>
   <div class='ocr_carea' id='block_1_55' title="bbox 1110 2554 1870 2626">
    <p class='ocr_par' dir='ltr' id='par_1_55' title="bbox 1110 2554 1870 2626">
     <span class='ocr_line' id='line_1_55' title="bbox 1110 2554 1870 2626; baseline -0.001 -18"><span class='ocrx_word' id='word_1_175' title='bbox 1110 2564 1165 2608; x_wconf 90' lang='lat' dir='ltr'><strong><em>ct</em></strong></span> <span class='ocrx_word' id='word_1_176' title='bbox 1194 2554 1273 2626; x_wconf 58' lang='grc' dir='ltr'><strong><em>[ἓ]</em></strong></span> <span class='ocrx_word' id='word_1_177' title='bbox 1309 2555 1466 2624; x_wconf 78' lang='lat' dir='ltr'><strong><em>juxta</em></strong></span> <span class='ocrx_word' id='word_1_178' title='bbox 1497 2556 1715 2625; x_wconf 87' lang='lat' dir='ltr'><strong><em>quidem</em></strong></span> <span class='ocrx_word' id='word_1_179' title='bbox 1771 2572 1870 2625; x_wconf 84' lang='lat' dir='ltr'><strong><em>pu-</em></strong></span> 
     </span>
    </p>
   </div>
   <div class='ocr_carea' id='block_1_56' title="bbox 1112 2647 1868 2710">
    <p class='ocr_par' dir='ltr' id='par_1_56' title="bbox 1112 2647 1868 2710">
     <span class='ocr_line' id='line_1_56' title="bbox 1112 2647 1868 2710; baseline 0 -10"><span class='ocrx_word' id='word_1_180' title='bbox 1112 2655 1257 2700; x_wconf 89' lang='lat' dir='ltr'><strong><em>teum</em></strong></span> <span class='ocrx_word' id='word_1_181' title='bbox 1289 2647 1450 2710; x_wconf 84' lang='lat' dir='ltr'><strong><em>sedit,</em></strong></span> <span class='ocrx_word' id='word_1_182' title='bbox 1476 2655 1529 2699; x_wconf 79' lang='lat' dir='ltr'><strong><em>et</em></strong></span> <span class='ocrx_word' id='word_1_183' title='bbox 1557 2662 1622 2701; x_wconf 84' lang='lat' dir='ltr'><strong><em>ex</em></strong></span> <span class='ocrx_word' id='word_1_184' title='bbox 1655 2647 1868 2700; x_wconf 79' lang='lat' dir='ltr'><strong><em>itineris</em></strong></span> 
     </span>
    </p>
   </div>
   <div class='ocr_carea' id='block_1_57' title="bbox 1112 2736 1869 2808">
    <p class='ocr_par' dir='ltr' id='par_1_57' title="bbox 1112 2736 1869 2808">
     <span class='ocr_line' id='line_1_57' title="bbox 1112 2736 1869 2808; baseline 0.003 -18"><span class='ocrx_word' id='word_1_185' title='bbox 1112 2738 1300 2793; x_wconf 88' lang='lat' dir='ltr'><strong><em>labore</em></strong></span> <span class='ocrx_word' id='word_1_186' title='bbox 1351 2736 1607 2808; x_wconf 83' lang='lat' dir='ltr'><strong><em>fatigatus</em></strong></span> <span class='ocrx_word' id='word_1_187' title='bbox 1658 2748 1761 2802; x_wconf 90' lang='lat' dir='ltr'><strong><em>est,</em></strong></span> <span class='ocrx_word' id='word_1_188' title='bbox 1809 2748 1869 2792; x_wconf 92' lang='lat' dir='ltr'><strong><em>ut</em></strong></span> 
     </span>
    </p>
   </div>
   <div class='ocr_carea' id='block_1_58' title="bbox 1115 2827 1868 2896">
    <p class='ocr_par' dir='ltr' id='par_1_58' title="bbox 1115 2827 1868 2896">
     <span class='ocr_line' id='line_1_58' title="bbox 1115 2827 1868 2896; baseline 0.001 -17"><span class='ocrx_word' id='word_1_189' title='bbox 1115 2840 1460 2896; x_wconf 84' lang='lat' dir='ltr'><strong><em>consequens</em></strong></span> <span class='ocrx_word' id='word_1_190' title='bbox 1491 2827 1738 2882; x_wconf 83' lang='lat' dir='ltr'><strong><em>veritatis</em></strong></span> <span class='ocrx_word' id='word_1_191' title='bbox 1780 2843 1868 2880; x_wconf 83' lang='lat' dir='ltr'><strong><em>ar-</em></strong></span> 
     </span>
    </p>
   </div>
   <div class='ocr_carea' id='block_1_59' title="bbox 1112 2925 1429 2988">
    <p class='ocr_par' dir='ltr' id='par_1_59' title="bbox 1112 2925 1429 2988">
     <span class='ocr_line' id='line_1_59' title="bbox 1112 2925 1429 2988; baseline -0.003 -17"><span class='ocrx_word' id='word_1_192' title='bbox 1112 2925 1429 2988; x_wconf 72' lang='lat' dir='ltr'><strong><em>gumentum</em></strong></span> 
     </span>
    </p>
   </div>
   <div class='ocr_carea' id='block_1_60' title="bbox 1115 3010 1867 3082">
    <p class='ocr_par' dir='ltr' id='par_1_60' title="bbox 1115 3010 1867 3082">
     <span class='ocr_line' id='line_1_60' title="bbox 1115 3010 1867 3082; baseline -0.001 -17"><span class='ocrx_word' id='word_1_193' title='bbox 1115 3026 1228 3065; x_wconf 70' lang='lat' dir='ltr'><strong><em>suae</em></strong></span> <span class='ocrx_word' id='word_1_194' title='bbox 1288 3010 1594 3082; x_wconf 60' lang='lat' dir='ltr'><strong><em>praesentia:</em></strong></span> <span class='ocrx_word' id='word_1_195' title='bbox 1665 3027 1867 3081; x_wconf 86' lang='lat' dir='ltr'><strong><em>nequa-</em></strong></span> 
     </span>
    </p>
   </div>
   <div class='ocr_carea' id='block_1_61' title="bbox 1115 3085 2694 3172">
    <p class='ocr_par' dir='ltr' id='par_1_61' title="bbox 1115 3085 2694 3172">
     <span class='ocr_line' id='line_1_61' title="bbox 1115 3085 2694 3172; baseline -0.002 -30"><span class='ocrx_word' id='word_1_196' title='bbox 1115 3118 1279 3172; x_wconf 69' lang='lat' dir='ltr'><strong><em>quam</em></strong></span> <span class='ocrx_word' id='word_1_197' title='bbox 1328 3117 1557 3172; x_wconf 67' lang='lat' dir='ltr'><strong><em>prorsus</em></strong></span> <span class='ocrx_word' id='word_1_198' title='bbox 1585 3104 1890 3164; x_wconf 61' lang='lat' dir='ltr'><strong><em>excederet,</em></strong></span> <span class='ocrx_word' id='word_1_199' title='bbox 1949 3100 1996 3143; x_wconf 90' lang='lat' dir='ltr'><strong><em>et</em></strong></span> <span class='ocrx_word' id='word_1_200' title='bbox 2029 3088 2263 3151; x_wconf 86' lang='lat' dir='ltr'><strong><em>nomina,</em></strong></span> <span class='ocrx_word' id='word_1_201' title='bbox 2304 3096 2350 3140; x_wconf 91' lang='lat' dir='ltr'><strong><em>et</em></strong></span> <span class='ocrx_word' id='word_1_202' title='bbox 2383 3085 2602 3150; x_wconf 82' lang='lat' dir='ltr'><strong><em>colores,</em></strong></span> <span class='ocrx_word' id='word_1_203' title='bbox 2647 3095 2694 3139; x_wconf 90' lang='lat' dir='ltr'><strong><em>et</em></strong></span> 
     </span>
    </p>
   </div>
   <div class='ocr_carea' id='block_1_62' title="bbox 1121 3193 1871 3262">
    <p class='ocr_par' dir='ltr' id='par_1_62' title="bbox 1121 3193 1871 3262">
     <span class='ocr_line' id='line_1_62' title="bbox 1121 3193 1871 3262; baseline 0.003 -18"><span class='ocrx_word' id='word_1_204' title='bbox 1121 3201 1202 3248; x_wconf 72' lang='lat' dir='ltr'><strong><em>«et</em></strong></span> <span class='ocrx_word' id='word_1_205' title='bbox 1221 3193 1420 3262; x_wconf 88' lang='lat' dir='ltr'><strong><em>ubique</em></strong></span> <span class='ocrx_word' id='word_1_206' title='bbox 1439 3193 1599 3247; x_wconf 90' lang='lat' dir='ltr'><strong><em>simul</em></strong></span> <span class='ocrx_word' id='word_1_207' title='bbox 1622 3193 1871 3246; x_wconf 73' lang='lat' dir='ltr'><strong><em>humanae</em></strong></span> 
     </span>
    </p>
   </div>
   <div class='ocr_carea' id='block_1_63' title="bbox 1117 3283 1864 3353">
    <p class='ocr_par' dir='ltr' id='par_1_63' title="bbox 1117 3283 1864 3353">
     <span class='ocr_line' id='line_1_63' title="bbox 1117 3283 1864 3353; baseline -0.004 -15"><span class='ocrx_word' id='word_1_208' title='bbox 1117 3291 1345 3347; x_wconf 68' lang='lat' dir='ltr'><strong><em>naturae,</em></strong></span> <span class='ocrx_word' id='word_1_209' title='bbox 1389 3299 1550 3353; x_wconf 89' lang='lat' dir='ltr'><strong><em>quam</em></strong></span> <span class='ocrx_word' id='word_1_210' title='bbox 1598 3283 1864 3350; x_wconf 77' lang='lat' dir='ltr'><strong><em>condidit,</em></strong></span> 
     </span>
    </p>
   </div>
   <div class='ocr_carea' id='block_1_64' title="bbox 1118 3362 1864 3443">
    <p class='ocr_par' dir='ltr' id='par_1_64' title="bbox 1118 3362 1864 3443">
     <span class='ocr_line' id='line_1_64' title="bbox 1118 3362 1864 3443; baseline -0.001 -16"><span class='ocrx_word' id='word_1_211' title='bbox 1118 3362 1360 3443; x_wconf 34' lang='lat' dir='ltr'><strong><em>propria.</em></strong></span> <span class='ocrx_word' id='word_1_212' title='bbox 1423 3373 1644 3442; x_wconf 82' lang='lat' dir='ltr'><strong><em>largiter</em></strong></span> <span class='ocrx_word' id='word_1_213' title='bbox 1722 3373 1864 3426; x_wconf 89' lang='lat' dir='ltr'><strong><em>dona</em></strong></span> 
     </span>
    </p>
   </div>
   <div class='ocr_carea' id='block_1_65' title="bbox 1117 3465 1866 3528">
    <p class='ocr_par' dir='ltr' id='par_1_65' title="bbox 1117 3465 1866 3528">
     <span class='ocr_line' id='line_1_65' title="bbox 1117 3465 1866 3528; baseline -0.003 -9"><span class='ocrx_word' id='word_1_214' title='bbox 1117 3465 1460 3528; x_wconf 82' lang='lat' dir='ltr'><strong><em>concedens,</em></strong></span> <span class='ocrx_word' id='word_1_215' title='bbox 1542 3481 1689 3518; x_wconf 91' lang='lat' dir='ltr'><strong><em>nunc</em></strong></span> <span class='ocrx_word' id='word_1_216' title='bbox 1747 3481 1866 3519; x_wconf 81' lang='lat' dir='ltr'><strong><em>cam</em></strong></span> 
     </span>
    </p>
   </div>
   <div class='ocr_carea' id='block_1_66' title="bbox 1113 3554 1864 3624">
    <p class='ocr_par' dir='ltr' id='par_1_66' title="bbox 1113 3554 1864 3624">
     <span class='ocr_line' id='line_1_66' title="bbox 1113 3554 1864 3624; baseline 0.001 -18"><span class='ocrx_word' id='word_1_217' title='bbox 1113 3554 1334 3624; x_wconf 83' lang='lat' dir='ltr'><strong><em>quidem</em></strong></span> <span class='ocrx_word' id='word_1_218' title='bbox 1411 3554 1701 3623; x_wconf 83' lang='lat' dir='ltr'><strong><em>dignanter</em></strong></span> <span class='ocrx_word' id='word_1_219' title='bbox 1783 3571 1864 3607; x_wconf 83' lang='lat' dir='ltr'><strong><em>as-</em></strong></span> 
     </span>
    </p>
   </div>
   <div class='ocr_carea' id='block_1_67' title="bbox 1115 3649 1865 3712">
    <p class='ocr_par' dir='ltr' id='par_1_67' title="bbox 1115 3649 1865 3712">
     <span class='ocr_line' id='line_1_67' title="bbox 1115 3649 1865 3712; baseline 0 -10"><span class='ocrx_word' id='word_1_220' title='bbox 1115 3664 1358 3712; x_wconf 87' lang='lat' dir='ltr'><strong><em>sumens,</em></strong></span> <span class='ocrx_word' id='word_1_221' title='bbox 1400 3664 1544 3702; x_wconf 90' lang='lat' dir='ltr'><strong><em>nunc</em></strong></span> <span class='ocrx_word' id='word_1_222' title='bbox 1587 3650 1748 3702; x_wconf 86' lang='lat' dir='ltr'><strong><em>etiam</em></strong></span> <span class='ocrx_word' id='word_1_223' title='bbox 1792 3649 1865 3712; x_wconf 88' lang='lat' dir='ltr'><strong><em>id,</em></strong></span> 
     </span>
    </p>
   </div>
   <div class='ocr_carea' id='block_1_68' title="bbox 1115 3740 1874 3811">
    <p class='ocr_par' dir='ltr' id='par_1_68' title="bbox 1115 3740 1874 3811">
     <span class='ocr_line' id='line_1_68' title="bbox 1115 3740 1874 3811; baseline -0.001 -17"><span class='ocrx_word' id='word_1_224' title='bbox 1115 3741 1258 3811; x_wconf 90' lang='lat' dir='ltr'><strong><em>quod</em></strong></span> <span class='ocrx_word' id='word_1_225' title='bbox 1286 3740 1406 3808; x_wconf 85' lang='lat' dir='ltr'><strong><em>ejus</em></strong></span> <span class='ocrx_word' id='word_1_226' title='bbox 1453 3748 1557 3802; x_wconf 87' lang='lat' dir='ltr'><strong><em>est,</em></strong></span> <span class='ocrx_word' id='word_1_227' title='bbox 1600 3742 1874 3794; x_wconf 84' lang='lat' dir='ltr'><strong><em>veraciter</em></strong></span> 
     </span>
    </p>
   </div>
   <div class='ocr_carea' id='block_1_69' title="bbox 1113 3840 1871 3895">
    <p class='ocr_par' dir='ltr' id='par_1_69' title="bbox 1113 3840 1871 3895">
     <span class='ocr_line' id='line_1_69' title="bbox 1113 3840 1871 3895; baseline 0 -11"><span class='ocrx_word' id='word_1_228' title='bbox 1113 3847 1384 3895; x_wconf 85' lang='lat' dir='ltr'><strong><em>asserens,</em></strong></span> <span class='ocrx_word' id='word_1_229' title='bbox 1447 3846 1655 3886; x_wconf 81' lang='lat' dir='ltr'><strong><em>necnon</em></strong></span> <span class='ocrx_word' id='word_1_230' title='bbox 1685 3840 1738 3885; x_wconf 77' lang='lat' dir='ltr'><strong><em>et</em></strong></span> <span class='ocrx_word' id='word_1_231' title='bbox 1781 3848 1871 3884; x_wconf 90' lang='lat' dir='ltr'><strong><em>cu-</em></strong></span> 
     </span>
    </p>
   </div>
   <div class='ocr_carea' id='block_1_70' title="bbox 1113 3925 1851 3994">
    <p class='ocr_par' dir='ltr' id='par_1_70' title="bbox 1113 3925 1851 3994">
     <span class='ocr_line' id='line_1_70' title="bbox 1113 3925 1851 3994; baseline 0 -16"><span class='ocrx_word' id='word_1_232' title='bbox 1113 3940 1226 3979; x_wconf 91' lang='lat' dir='ltr'><strong><em>ram</em></strong></span> <span class='ocrx_word' id='word_1_233' title='bbox 1269 3925 1391 3993; x_wconf 89' lang='lat' dir='ltr'><strong><em>ejus</em></strong></span> <span class='ocrx_word' id='word_1_234' title='bbox 1449 3940 1512 3978; x_wconf 87' lang='lat' dir='ltr'><strong><em>ac</em></strong></span> <span class='ocrx_word' id='word_1_235' title='bbox 1565 3925 1851 3994; x_wconf 85' lang='lat' dir='ltr'><strong><em>providen-</em></strong></span> 
     </span>
    </p>
   </div>
   <div class='ocr_carea' id='block_1_71' title="bbox 1108 4011 1866 4081">
    <p class='ocr_par' dir='ltr' id='par_1_71' title="bbox 1108 4011 1866 4081">
     <span class='ocr_line' id='line_1_71' title="bbox 1108 4011 1866 4081; baseline -0.003 -16"><span class='ocrx_word' id='word_1_236' title='bbox 1108 4013 1236 4065; x_wconf 88' lang='lat' dir='ltr'><strong><em>tiam</em></strong></span> <span class='ocrx_word' id='word_1_237' title='bbox 1255 4027 1449 4081; x_wconf 80' lang='lat' dir='ltr'><strong><em>gerens</em></strong></span> <span class='ocrx_word' id='word_1_238' title='bbox 1473 4012 1604 4081; x_wconf 85' lang='grc'><strong>(19).</strong></span> <span class='ocrx_word' id='word_1_239' title='bbox 1631 4031 1648 4062; x_wconf 77' lang='grc' dir='ltr'><strong>ι</strong></span> <span class='ocrx_word' id='word_1_240' title='bbox 1683 4011 1785 4065; x_wconf 82' lang='lat' dir='ltr'><strong><em>Sed</em></strong></span> <span class='ocrx_word' id='word_1_241' title='bbox 1812 4018 1866 4065; x_wconf 89' lang='lat' dir='ltr'><strong><em>et</em></strong></span> 
     </span>
    </p>
   </div>
   <div class='ocr_carea' id='block_1_72' title="bbox 1111 4097 1859 4171">
    <p class='ocr_par' dir='ltr' id='par_1_72' title="bbox 1111 4097 1859 4171">
     <span class='ocr_line' id='line_1_72' title="bbox 1111 4097 1859 4171; baseline -0.003 -15"><span class='ocrx_word' id='word_1_242' title='bbox 1111 4101 1364 4171; x_wconf 85' lang='lat' dir='ltr'><strong><em>discipuli</em></strong></span> <span class='ocrx_word' id='word_1_243' title='bbox 1399 4101 1519 4170; x_wconf 86' lang='lat' dir='ltr'><strong><em>ejus</em></strong></span> <span class='ocrx_word' id='word_1_244' title='bbox 1533 4107 1586 4153; x_wconf 87' lang='lat' dir='ltr'><strong><em>et</em></strong></span> <span class='ocrx_word' id='word_1_245' title='bbox 1602 4097 1810 4166; x_wconf 79' lang='lat' dir='ltr'><strong><em>fanmli,</em></strong></span> <span class='ocrx_word' id='word_1_246' title='bbox 1831 4116 1859 4154; x_wconf 87' lang='lat' dir='ltr'><strong><em>a</em></strong></span> 
     </span>
    </p>
   </div>
   <div class='ocr_carea' id='block_1_73' title="bbox 1113 4190 1860 4260">
    <p class='ocr_par' dir='ltr' id='par_1_73' title="bbox 1113 4190 1860 4260">
     <span class='ocr_line' id='line_1_73' title="bbox 1113 4190 1860 4260; baseline -0.001 -17"><span class='ocrx_word' id='word_1_247' title='bbox 1113 4191 1533 4260; x_wconf 87' lang='lat' dir='ltr'><strong><em>quibuscunquc</em></strong></span> <span class='ocrx_word' id='word_1_248' title='bbox 1589 4190 1860 4256; x_wconf 72' lang='lat' dir='ltr'><strong><em>petebant,</em></strong></span> 
     </span>
    </p>
   </div>
   <div class='ocr_carea' id='block_1_74' title="bbox 1113 4295 1634 4362">
    <p class='ocr_par' dir='ltr' id='par_1_74' title="bbox 1113 4295 1634 4362">
     <span class='ocr_line' id='line_1_74' title="bbox 1113 4295 1634 4362; baseline -0.01 -10"><span class='ocrx_word' id='word_1_249' title='bbox 1113 4297 1310 4351; x_wconf 82' lang='lat' dir='ltr'><strong><em>‘Joan.</em></strong></span> <span class='ocrx_word' id='word_1_250' title='bbox 1340 4311 1413 4358; x_wconf 81' lang='lat' dir='ltr'><strong><em>tv,</em></strong></span> <span class='ocrx_word' id='word_1_251' title='bbox 1444 4295 1474 4348; x_wconf 85' lang='lat'><strong>7</strong></span> <span class='ocrx_word' id='word_1_252' title='bbox 1519 4307 1634 4362; x_wconf 86' lang='lat' dir='ltr'><strong><em>seq.</em></strong></span> 
     </span>
    </p>
   </div>
   <div class='ocr_carea' id='block_1_75' title="bbox 1561 2904 2694 2988">
    <p class='ocr_par' dir='ltr' id='par_1_75' title="bbox 1561 2904 2694 2988">
     <span class='ocr_line' id='line_1_75' title="bbox 1561 2904 2694 2988; baseline -0.015 -16"><span class='ocrx_word' id='word_1_253' title='bbox 1561 2919 1866 2988; x_wconf 87' lang='lat' dir='ltr'><strong><em>corporalis</em></strong></span> <span class='ocrx_word' id='word_1_254' title='bbox 1888 2915 1928 2967; x_wconf 85' lang='grc' dir='ltr'><strong>Β</strong></span> <span class='ocrx_word' id='word_1_255' title='bbox 1943 2923 2097 2976; x_wconf 84' lang='lat' dir='ltr'><strong><em>super</em></strong></span> <span class='ocrx_word' id='word_1_256' title='bbox 2118 2915 2296 2976; x_wconf 86' lang='lat' dir='ltr'><strong><em>pectus</em></strong></span> <span class='ocrx_word' id='word_1_257' title='bbox 2319 2907 2498 2958; x_wconf 77' lang='lat' dir='ltr'><strong><em>Aaron</em></strong></span> <span class='ocrx_word' id='word_1_258' title='bbox 2523 2904 2694 2971; x_wconf 76' lang='lat' dir='ltr'><strong><em>dispo-</em></strong></span> 
     </span>
    </p>
   </div>
   <div class='ocr_carea' id='block_1_76' title="bbox 2769 1360 3525 1429">
    <p class='ocr_par' dir='ltr' id='par_1_76' title="bbox 2769 1360 3525 1429">
     <span class='ocr_line' id='line_1_76' title="bbox 2769 1360 3525 1429; baseline 0.011 -17"><span class='ocrx_word' id='word_1_259' title='bbox 2769 1360 2972 1429; x_wconf 89' lang='lat' dir='ltr'><strong><em>aliquid</em></strong></span> <span class='ocrx_word' id='word_1_260' title='bbox 3053 1360 3363 1417; x_wconf 86' lang='lat' dir='ltr'><strong><em>tribuebant</em></strong></span> <span class='ocrx_word' id='word_1_261' title='bbox 3438 1365 3525 1421; x_wconf 85' lang='lat' dir='ltr'><strong><em>bis</em></strong></span> 
     </span>
    </p>
   </div>
   <div class='ocr_carea' id='block_1_77' title="bbox 1944 1454 3520 1522">
    <p class='ocr_par' dir='ltr' id='par_1_77' title="bbox 1944 1454 3520 1522">
     <span class='ocr_line' id='line_1_77' title="bbox 1944 1454 3520 1522; baseline 0.003 -17"><span class='ocrx_word' id='word_1_262' title='bbox 1944 1455 2142 1506; x_wconf 83' lang='lat' dir='ltr'><strong><em>sionem</em></strong></span> <span class='ocrx_word' id='word_1_263' title='bbox 2194 1463 2368 1507; x_wconf 90' lang='lat' dir='ltr'><strong><em>autem</em></strong></span> <span class='ocrx_word' id='word_1_264' title='bbox 2431 1455 2696 1521; x_wconf 85' lang='lat' dir='ltr'><strong><em>petitionis</em></strong></span> <span class='ocrx_word' id='word_1_265' title='bbox 2770 1454 2975 1522; x_wconf 88' lang='lat' dir='ltr'><strong><em>potius,</em></strong></span> <span class='ocrx_word' id='word_1_266' title='bbox 3014 1468 3176 1522; x_wconf 89' lang='lat' dir='ltr'><strong><em>quam</em></strong></span> <span class='ocrx_word' id='word_1_267' title='bbox 3213 1456 3520 1510; x_wconf 84' lang='lat' dir='ltr'><strong><em>sumebant.</em></strong></span> 
     </span>
    </p>
   </div>
   <div class='ocr_carea' id='block_1_78' title="bbox 1937 1543 3526 1615">
    <p class='ocr_par' dir='ltr' id='par_1_78' title="bbox 1937 1543 3526 1615">
     <span class='ocr_line' id='line_1_78' title="bbox 1937 1543 3526 1615; baseline 0.003 -21"><span class='ocrx_word' id='word_1_268' title='bbox 1937 1555 2196 1612; x_wconf 75' lang='lat' dir='ltr'><strong><em>prtestans</em></strong></span> <span class='ocrx_word' id='word_1_269' title='bbox 2311 1543 2694 1597; x_wconf 82' lang='lat' dir='ltr'><strong><em>abundantiam</em></strong></span> <span class='ocrx_word' id='word_1_270' title='bbox 2771 1543 3009 1613; x_wconf 84' lang='lat' dir='ltr'><strong><em>ldipsum</em></strong></span> <span class='ocrx_word' id='word_1_271' title='bbox 3046 1545 3426 1615; x_wconf 69' lang='lat' dir='ltr'><strong><em>praeligurabat</em></strong></span> <span class='ocrx_word' id='word_1_272' title='bbox 3470 1555 3526 1600; x_wconf 86' lang='lat' dir='ltr'><strong><em>et</em></strong></span> 
     </span>
    </p>
   </div>
   <div class='ocr_carea' id='block_1_79' title="bbox 1940 1635 3525 1699">
    <p class='ocr_par' dir='ltr' id='par_1_79' title="bbox 1940 1635 3525 1699">
     <span class='ocr_line' id='line_1_79' title="bbox 1940 1635 3525 1699; baseline 0.008 -13"><span class='ocrx_word' id='word_1_273' title='bbox 1940 1635 2350 1699; x_wconf 78' lang='lat' dir='ltr'><strong><em>benedictionis;</em></strong></span> <span class='ocrx_word' id='word_1_274' title='bbox 2391 1639 2467 1689; x_wconf 87' lang='lat' dir='ltr'><strong><em>sic</em></strong></span> <span class='ocrx_word' id='word_1_275' title='bbox 2514 1649 2562 1690; x_wconf 84' lang='lat' dir='ltr'><strong><em>et</em></strong></span> <span class='ocrx_word' id='word_1_276' title='bbox 2607 1647 2695 1689; x_wconf 88' lang='lat' dir='ltr'><strong><em>tua</em></strong></span> <span class='ocrx_word' id='word_1_277' title='bbox 2769 1638 2915 1693; x_wconf 87' lang='lat' dir='ltr'><strong><em>Elias</em></strong></span> <span class='ocrx_word' id='word_1_278' title='bbox 2957 1640 2972 1668; x_wconf 79' lang='grc'>¹</span> <span class='ocrx_word' id='word_1_279' title='bbox 3021 1641 3073 1692; x_wconf 91' lang='lat' dir='ltr'><strong><em>in</em></strong></span> <span class='ocrx_word' id='word_1_280' title='bbox 3107 1640 3278 1693; x_wconf 80' lang='lat' dir='ltr'><strong><em>forma</em></strong></span> <span class='ocrx_word' id='word_1_281' title='bbox 3313 1639 3525 1698; x_wconf 82' lang='lat' dir='ltr'><strong><em>Domini</em></strong></span> 
     </span>
    </p>
   </div>
   <div class='ocr_carea' id='block_1_80' title="bbox 1938 1725 3527 1800">
    <p class='ocr_par' dir='ltr' id='par_1_80' title="bbox 1938 1725 3527 1800">
     <span class='ocr_line' id='line_1_80' title="bbox 1938 1725 3527 1800; baseline 0.004 -24"><span class='ocrx_word' id='word_1_282' title='bbox 1938 1725 2320 1779; x_wconf 82' lang='lat' dir='ltr'><strong><em>Itonorabtlitas</em></strong></span> <span class='ocrx_word' id='word_1_283' title='bbox 2460 1735 2696 1778; x_wconf 88' lang='lat' dir='ltr'><strong><em>nostram</em></strong></span> <span class='ocrx_word' id='word_1_284' title='bbox 2773 1731 2857 1784; x_wconf 85' lang='lat' dir='ltr'><strong><em>sui</em></strong></span> <span class='ocrx_word' id='word_1_285' title='bbox 2915 1731 3251 1800; x_wconf 64' lang='lat' dir='ltr'><strong><em>prwcedens.</em></strong></span> <span class='ocrx_word' id='word_1_286' title='bbox 3305 1730 3527 1785; x_wconf 85' lang='lat' dir='ltr'><strong><em>Modum</em></strong></span> 
     </span>
    </p>
   </div>
   <div class='ocr_carea' id='block_1_81' title="bbox 1942 1820 2697 1889">
    <p class='ocr_par' dir='ltr' id='par_1_81' title="bbox 1942 1820 2697 1889">
     <span class='ocr_line' id='line_1_81' title="bbox 1942 1820 2697 1889; baseline 0.004 -19"><span class='ocrx_word' id='word_1_287' title='bbox 1942 1820 2281 1888; x_wconf 75' lang='lat' dir='ltr'><strong><em>exiguitatem</em></strong></span> <span class='ocrx_word' id='word_1_288' title='bbox 2319 1829 2494 1887; x_wconf 85' lang='lat' dir='ltr'><strong><em>petens</em></strong></span> <span class='ocrx_word' id='word_1_289' title='bbox 2529 1821 2697 1889; x_wconf 87' lang='lat' dir='ltr'><strong><em>magis</em></strong></span> 
     </span>
    </p>
   </div>
   <div class='ocr_carea' id='block_1_82' title="bbox 1941 1910 2698 1979">
    <p class='ocr_par' dir='ltr' id='par_1_82' title="bbox 1941 1910 2698 1979">
     <span class='ocr_line' id='line_1_82' title="bbox 1941 1910 2698 1979; baseline 0.004 -19"><span class='ocrx_word' id='word_1_290' title='bbox 1941 1910 2060 1972; x_wconf 89' lang='lat' dir='ltr'><strong><em>das,</em></strong></span> <span class='ocrx_word' id='word_1_291' title='bbox 2086 1927 2243 1979; x_wconf 93' lang='lat' dir='ltr'><strong><em>quam</em></strong></span> <span class='ocrx_word' id='word_1_292' title='bbox 2274 1913 2437 1964; x_wconf 87' lang='lat' dir='ltr'><strong><em>sumis</em></strong></span> <span class='ocrx_word' id='word_1_293' title='bbox 2455 1928 2473 1965; x_wconf 88' lang='lat'><em>:</em></span> <span class='ocrx_word' id='word_1_294' title='bbox 2499 1911 2698 1964; x_wconf 89' lang='lat' dir='ltr'><strong><em>submi-</em></strong></span> 
     </span>
    </p>
   </div>
   <div class='ocr_carea' id='block_1_83' title="bbox 1941 1999 2696 2068">
    <p class='ocr_par' dir='ltr' id='par_1_83' title="bbox 1941 1999 2696 2068">
     <span class='ocr_line' id='line_1_83' title="bbox 1941 1999 2696 2068; baseline -0.004 -16"><span class='ocrx_word' id='word_1_295' title='bbox 1941 2001 2174 2052; x_wconf 86' lang='lat' dir='ltr'><strong><em>nistrans</em></strong></span> <span class='ocrx_word' id='word_1_296' title='bbox 2234 1999 2442 2068; x_wconf 86' lang='lat' dir='ltr'><strong><em>quidem</em></strong></span> <span class='ocrx_word' id='word_1_297' title='bbox 2495 2009 2585 2050; x_wconf 89' lang='lat' dir='ltr'><strong><em>tua</em></strong></span> <span class='ocrx_word' id='word_1_298' title='bbox 2629 2007 2696 2050; x_wconf 83' lang='lat' dir='ltr'><strong><em>att</em></strong></span> 
     </span>
    </p>
   </div>
   <div class='ocr_carea' id='block_1_84' title="bbox 1944 2089 2698 2157">
    <p class='ocr_par' dir='ltr' id='par_1_84' title="bbox 1944 2089 2698 2157">
     <span class='ocr_line' id='line_1_84' title="bbox 1944 2089 2698 2157; baseline -0.003 -15"><span class='ocrx_word' id='word_1_299' title='bbox 1944 2089 2110 2142; x_wconf 89' lang='lat' dir='ltr'><strong><em>Deum</em></strong></span> <span class='ocrx_word' id='word_1_300' title='bbox 2157 2089 2447 2157; x_wconf 89' lang='lat' dir='ltr'><strong><em>postulatio</em></strong></span> <span class='ocrx_word' id='word_1_301' title='bbox 2490 2089 2698 2155; x_wconf 80' lang='lat' dir='ltr'><strong><em>capsari</em></strong></span> 
     </span>
    </p>
   </div>
   <div class='ocr_carea' id='block_1_85' title="bbox 1942 2180 2695 2247">
    <p class='ocr_par' dir='ltr' id='par_1_85' title="bbox 1942 2180 2695 2247">
     <span class='ocr_line' id='line_1_85' title="bbox 1942 2180 2695 2247; baseline -0.003 -15"><span class='ocrx_word' id='word_1_302' title='bbox 1942 2191 2122 2233; x_wconf 87' lang='lat' dir='ltr'><strong><em>nostro</em></strong></span> <span class='ocrx_word' id='word_1_303' title='bbox 2171 2180 2599 2247; x_wconf 80' lang='lat' dir='ltr'><strong><em>indcﬁcientiam,</em></strong></span> <span class='ocrx_word' id='word_1_304' title='bbox 2632 2194 2695 2231; x_wconf 80' lang='lat' dir='ltr'><strong><em>ea:</em></strong></span> 
     </span>
    </p>
   </div>
   <div class='ocr_carea' id='block_1_86' title="bbox 1939 2267 2694 2338">
    <p class='ocr_par' dir='ltr' id='par_1_86' title="bbox 1939 2267 2694 2338">
     <span class='ocr_line' id='line_1_86' title="bbox 1939 2267 2694 2338; baseline -0.001 -17"><span class='ocrx_word' id='word_1_305' title='bbox 1939 2287 2096 2332; x_wconf 81' lang='lat' dir='ltr'><strong><em>parvo</em></strong></span> <span class='ocrx_word' id='word_1_306' title='bbox 2126 2277 2368 2338; x_wconf 77' lang='lat' dir='ltr'><strong><em>prwstat,</em></strong></span> <span class='ocrx_word' id='word_1_307' title='bbox 2405 2277 2453 2321; x_wconf 89' lang='lat' dir='ltr'><strong><em>et</em></strong></span> <span class='ocrx_word' id='word_1_308' title='bbox 2492 2267 2694 2336; x_wconf 80' lang='lat' dir='ltr'><strong><em>hydria:</em></strong></span> 
     </span>
    </p>
   </div>
   <div class='ocr_carea' id='block_1_87' title="bbox 1942 2361 2692 2432">
    <p class='ocr_par' dir='ltr' id='par_1_87' title="bbox 1942 2361 2692 2432">
     <span class='ocr_line' id='line_1_87' title="bbox 1942 2361 2692 2432; baseline -0.008 -15"><span class='ocrx_word' id='word_1_309' title='bbox 1942 2364 2317 2432; x_wconf 77' lang='lat' dir='ltr'><strong><em>indnﬁcientem</em></strong></span> <span class='ocrx_word' id='word_1_310' title='bbox 2355 2375 2418 2413; x_wconf 76' lang='lat' dir='ltr'><strong><em>ea:</em></strong></span> <span class='ocrx_word' id='word_1_311' title='bbox 2439 2361 2692 2429; x_wconf 84' lang='lat' dir='ltr'><strong><em>parvissi-</em></strong></span> 
     </span>
    </p>
   </div>
   <div class='ocr_carea' id='block_1_88' title="bbox 1944 2449 2689 2518">
    <p class='ocr_par' dir='ltr' id='par_1_88' title="bbox 1944 2449 2689 2518">
     <span class='ocr_line' id='line_1_88' title="bbox 1944 2449 2689 2518; baseline -0.004 -14"><span class='ocrx_word' id='word_1_312' title='bbox 1944 2469 2027 2505; x_wconf 88' lang='lat' dir='ltr'><strong><em>mo</em></strong></span> <span class='ocrx_word' id='word_1_313' title='bbox 2102 2450 2371 2503; x_wconf 85' lang='lat' dir='ltr'><strong><em>cumulum</em></strong></span> <span class='ocrx_word' id='word_1_314' title='bbox 2445 2449 2689 2518; x_wconf 85' lang='lat' dir='ltr'><strong><em>largitur.</em></strong></span> 
     </span>
    </p>
   </div>
   <div class='ocr_carea' id='block_1_89' title="bbox 1943 2539 2693 2611">
    <p class='ocr_par' dir='ltr' id='par_1_89' title="bbox 1943 2539 2693 2611">
     <span class='ocr_line' id='line_1_89' title="bbox 1943 2539 2693 2611; baseline -0.005 -15"><span class='ocrx_word' id='word_1_315' title='bbox 1943 2544 2086 2597; x_wconf 84' lang='lat' dir='ltr'><strong><em>Petis</em></strong></span> <span class='ocrx_word' id='word_1_316' title='bbox 2117 2544 2294 2611; x_wconf 90' lang='lat' dir='ltr'><strong><em>itaque</em></strong></span> <span class='ocrx_word' id='word_1_317' title='bbox 2341 2542 2396 2594; x_wconf 87' lang='lat' dir='ltr'><strong><em>in</em></strong></span> <span class='ocrx_word' id='word_1_318' title='bbox 2437 2539 2693 2608; x_wconf 77' lang='lat' dir='ltr'><strong><em>principio</em></strong></span> 
     </span>
    </p>
   </div>
   <div class='ocr_carea' id='block_1_90' title="bbox 1941 2631 2692 2704">
    <p class='ocr_par' dir='ltr' id='par_1_90' title="bbox 1941 2631 2692 2704">
     <span class='ocr_line' id='line_1_90' title="bbox 1941 2631 2692 2704; baseline -0.007 -16"><span class='ocrx_word' id='word_1_319' title='bbox 1941 2635 2174 2704; x_wconf 66' lang='lat' dir='ltr'><strong><em>epistolis</em></strong></span> <span class='ocrx_word' id='word_1_320' title='bbox 2197 2643 2318 2698; x_wconf 77' lang='lat' dir='ltr'><strong><em>tute,</em></strong></span> <span class='ocrx_word' id='word_1_321' title='bbox 2345 2631 2692 2693; x_wconf 82' lang='lat' dir='ltr'><strong><em>honorabilis,</em></strong></span> 
     </span>
    </p>
   </div>
   <div class='ocr_carea' id='block_1_91' title="bbox 1941 2722 2694 2793">
    <p class='ocr_par' dir='ltr' id='par_1_91' title="bbox 1941 2722 2694 2793">
     <span class='ocr_line' id='line_1_91' title="bbox 1941 2722 2694 2793; baseline -0.004 -16"><span class='ocrx_word' id='word_1_322' title='bbox 1941 2726 2002 2778; x_wconf 86' lang='lat' dir='ltr'><strong><em>de</em></strong></span> <span class='ocrx_word' id='word_1_323' title='bbox 2038 2723 2299 2793; x_wconf 87' lang='lat' dir='ltr'><strong><em>lapidibus</em></strong></span> <span class='ocrx_word' id='word_1_324' title='bbox 2347 2723 2398 2775; x_wconf 91' lang='lat' dir='ltr'><strong><em>in</em></strong></span> <span class='ocrx_word' id='word_1_325' title='bbox 2424 2722 2694 2774; x_wconf 84' lang='lat' dir='ltr'><strong><em>Rationali</em></strong></span> 
     </span>
    </p>
   </div>
   <div class='ocr_carea' id='block_1_92' title="bbox 1942 2813 2692 2885">
    <p class='ocr_par' dir='ltr' id='par_1_92' title="bbox 1942 2813 2692 2885">
     <span class='ocr_line' id='line_1_92' title="bbox 1942 2813 2692 2885; baseline -0.004 -15"><span class='ocrx_word' id='word_1_326' title='bbox 1942 2814 2384 2885; x_wconf 83' lang='lat' dir='ltr'><strong><em>superltumeralis</em></strong></span> <span class='ocrx_word' id='word_1_327' title='bbox 2405 2813 2692 2867; x_wconf 82' lang='lat' dir='ltr'><strong><em>sacerdotis</em></strong></span> 
     </span>
    </p>
   </div>
   <div class='ocr_carea' id='block_1_93' title="bbox 2771 1822 3525 1890">
    <p class='ocr_par' dir='ltr' id='par_1_93' title="bbox 2771 1822 3525 1890">
     <span class='ocr_line' id='line_1_93' title="bbox 2771 1822 3525 1890; baseline 0.001 -15"><span class='ocrx_word' id='word_1_328' title='bbox 2771 1822 2991 1890; x_wconf 86' lang='lat' dir='ltr'><strong><em>quidem</em></strong></span> <span class='ocrx_word' id='word_1_329' title='bbox 3056 1823 3384 1877; x_wconf 73' lang='lat' dir='ltr'><strong><em>necessariae</em></strong></span> <span class='ocrx_word' id='word_1_330' title='bbox 3445 1825 3525 1877; x_wconf 82' lang='lat' dir='ltr'><strong><em>rei</em></strong></span> 
     </span>
    </p>
   </div>
   <div class='ocr_carea' id='block_1_94' title="bbox 2770 1910 3534 1980">
    <p class='ocr_par' dir='ltr' id='par_1_94' title="bbox 2770 1910 3534 1980">
     <span class='ocr_line' id='line_1_94' title="bbox 2770 1910 3534 1980; baseline -0.001 -15"><span class='ocrx_word' id='word_1_331' title='bbox 2770 1917 3140 1979; x_wconf 89' lang='lat' dir='ltr'><strong><em>competenter</em></strong></span> <span class='ocrx_word' id='word_1_332' title='bbox 3185 1910 3487 1980; x_wconf 79' lang='lat' dir='ltr'><strong><em>emagitans</em></strong></span> <span class='ocrx_word' id='word_1_333' title='bbox 3507 1951 3534 1974; x_wconf 90' lang='lat'><strong><em>,.</em></strong></span> 
     </span>
    </p>
   </div>
   <div class='ocr_carea' id='block_1_95' title="bbox 2769 2003 3524 2073">
    <p class='ocr_par' dir='ltr' id='par_1_95' title="bbox 2769 2003 3524 2073">
     <span class='ocr_line' id='line_1_95' title="bbox 2769 2003 3524 2073; baseline -0.003 -15"><span class='ocrx_word' id='word_1_334' title='bbox 2769 2019 2931 2072; x_wconf 85' lang='lat' dir='ltr'><strong><em>super</em></strong></span> <span class='ocrx_word' id='word_1_335' title='bbox 2986 2003 3037 2057; x_wconf 91' lang='lat' dir='ltr'><strong><em>id</em></strong></span> <span class='ocrx_word' id='word_1_336' title='bbox 3110 2012 3325 2068; x_wconf 89' lang='lat' dir='ltr'><strong><em>autem,</em></strong></span> <span class='ocrx_word' id='word_1_337' title='bbox 3379 2004 3524 2073; x_wconf 88' lang='lat' dir='ltr'><strong><em>quod</em></strong></span> 
     </span>
    </p>
   </div>
   <div class='ocr_carea' id='block_1_96' title="bbox 2768 2097 3521 2166">
    <p class='ocr_par' dir='ltr' id='par_1_96' title="bbox 2768 2097 3521 2166">
     <span class='ocr_line' id='line_1_96' title="bbox 2768 2097 3521 2166; baseline 0.004 -17"><span class='ocrx_word' id='word_1_338' title='bbox 2768 2097 3142 2151; x_wconf 87' lang='lat' dir='ltr'><strong><em>necessarium</em></strong></span> <span class='ocrx_word' id='word_1_339' title='bbox 3197 2105 3316 2152; x_wconf 86' lang='lat' dir='ltr'><strong><em>erat</em></strong></span> <span class='ocrx_word' id='word_1_340' title='bbox 3378 2097 3521 2166; x_wconf 83' lang='lat' dir='ltr'><strong><em>ejus,</em></strong></span> 
     </span>
    </p>
   </div>
   <div class='ocr_carea' id='block_1_97' title="bbox 2768 2187 3522 2258">
    <p class='ocr_par' dir='ltr' id='par_1_97' title="bbox 2768 2187 3522 2258">
     <span class='ocr_line' id='line_1_97' title="bbox 2768 2187 3522 2258; baseline 0.001 -16"><span class='ocrx_word' id='word_1_341' title='bbox 2768 2187 2858 2258; x_wconf 89' lang='lat' dir='ltr'><strong><em>qui</em></strong></span> <span class='ocrx_word' id='word_1_342' title='bbox 2928 2189 2983 2242; x_wconf 90' lang='lat' dir='ltr'><strong><em>in</em></strong></span> <span class='ocrx_word' id='word_1_343' title='bbox 3049 2204 3108 2244; x_wconf 85' lang='lat' dir='ltr'><strong><em>se</em></strong></span> <span class='ocrx_word' id='word_1_344' title='bbox 3167 2190 3522 2253; x_wconf 87' lang='lat' dir='ltr'><strong><em>morabatur,</em></strong></span> 
     </span>
    </p>
   </div>
   <div class='ocr_carea' id='block_1_98' title="bbox 2768 2279 3522 2348">
    <p class='ocr_par' dir='ltr' id='par_1_98' title="bbox 2768 2279 3522 2348">
     <span class='ocr_line' id='line_1_98' title="bbox 2768 2279 3522 2348; baseline 0.004 -17"><span class='ocrx_word' id='word_1_345' title='bbox 2768 2279 3070 2348; x_wconf 77' lang='lat' dir='ltr'><strong><em>largitatem</em></strong></span> <span class='ocrx_word' id='word_1_346' title='bbox 3125 2279 3522 2334; x_wconf 75' lang='lat' dir='ltr'><strong><em>benedictionis</em></strong></span> 
     </span>
    </p>
   </div>
   <div class='ocr_carea' id='block_1_99' title="bbox 2767 2369 3521 2441">
    <p class='ocr_par' dir='ltr' id='par_1_99' title="bbox 2767 2369 3521 2441">
     <span class='ocr_line' id='line_1_99' title="bbox 2767 2369 3521 2441; baseline 0 -18"><span class='ocrx_word' id='word_1_347' title='bbox 2767 2371 3076 2425; x_wconf 89' lang='lat' dir='ltr'><strong><em>insinuans.</em></strong></span> <span class='ocrx_word' id='word_1_348' title='bbox 3154 2369 3256 2436; x_wconf 90' lang='lat' dir='ltr'><strong><em>Qui</em></strong></span> <span class='ocrx_word' id='word_1_349' title='bbox 3327 2386 3521 2441; x_wconf 86' lang='lat' dir='ltr'><strong><em>panem</em></strong></span> 
     </span>
    </p>
   </div>
   <div class='ocr_carea' id='block_1_100' title="bbox 2767 2458 3521 2532">
    <p class='ocr_par' dir='ltr' id='par_1_100' title="bbox 2767 2458 3521 2532">
     <span class='ocr_line' id='line_1_100' title="bbox 2767 2458 3521 2532; baseline -0.003 -16"><span class='ocrx_word' id='word_1_350' title='bbox 2767 2458 2986 2532; x_wconf 87' lang='lat' dir='ltr'><strong><em>quidem</em></strong></span> <span class='ocrx_word' id='word_1_351' title='bbox 3009 2465 3265 2532; x_wconf 85' lang='lat' dir='ltr'><strong><em>poscebat</em></strong></span> <span class='ocrx_word' id='word_1_352' title='bbox 3281 2464 3521 2524; x_wconf 83' lang='lat' dir='ltr'><strong><em>viduam,</em></strong></span> 
     </span>
    </p>
   </div>
   <div class='ocr_carea' id='block_1_101' title="bbox 2769 2554 3523 2625">
    <p class='ocr_par' dir='ltr' id='par_1_101' title="bbox 2769 2554 3523 2625">
     <span class='ocr_line' id='line_1_101' title="bbox 2769 2554 3523 2625; baseline 0.001 -17"><span class='ocrx_word' id='word_1_353' title='bbox 2769 2554 2863 2608; x_wconf 88' lang='lat' dir='ltr'><strong><em>sed</em></strong></span> <span class='ocrx_word' id='word_1_354' title='bbox 2911 2555 3199 2610; x_wconf 87' lang='lat' dir='ltr'><strong><em>occasione</em></strong></span> <span class='ocrx_word' id='word_1_355' title='bbox 3245 2556 3523 2625; x_wconf 87' lang='lat' dir='ltr'><strong><em>petitionis</em></strong></span> 
     </span>
    </p>
   </div>
   <div class='ocr_carea' id='block_1_102' title="bbox 2771 2646 3524 2716">
    <p class='ocr_par' dir='ltr' id='par_1_102' title="bbox 2771 2646 3524 2716">
     <span class='ocr_line' id='line_1_102' title="bbox 2771 2646 3524 2716; baseline 0.003 -18"><span class='ocrx_word' id='word_1_356' title='bbox 2771 2646 2956 2714; x_wconf 86' lang='lat' dir='ltr'><strong><em>hujus,</em></strong></span> <span class='ocrx_word' id='word_1_357' title='bbox 2973 2647 3370 2702; x_wconf 85' lang='lat' dir='ltr'><strong><em>benedictionis</em></strong></span> <span class='ocrx_word' id='word_1_358' title='bbox 3395 2662 3524 2716; x_wconf 85' lang='lat' dir='ltr'><strong><em>opu-</em></strong></span> 
     </span>
    </p>
   </div>
   <div class='ocr_carea' id='block_1_103' title="bbox 2770 2738 3518 2827">
    <p class='ocr_par' dir='ltr' id='par_1_103' title="bbox 2770 2738 3518 2827">
     <span class='ocr_line' id='line_1_103' title="bbox 2770 2738 3518 2827; baseline 0.007 -38"><span class='ocrx_word' id='word_1_359' title='bbox 2770 2738 2991 2792; x_wconf 87' lang='lat' dir='ltr'><strong><em>lentiam</em></strong></span> <span class='ocrx_word' id='word_1_360' title='bbox 3067 2739 3447 2827; x_wconf 59' lang='lat' dir='ltr'><strong><em>comtngdabat</em></strong></span> <span class='ocrx_word' id='word_1_361' title='bbox 3505 2758 3518 2794; x_wconf 92' lang='lat'>:</span> 
     </span>
    </p>
   </div>
   <div class='ocr_carea' id='block_1_104' title="bbox 2769 2828 3524 2883">
    <p class='ocr_par' dir='ltr' id='par_1_104' title="bbox 2769 2828 3524 2883">
     <span class='ocr_line' id='line_1_104' title="bbox 2769 2828 3524 2883; baseline 0.003 -2"><span class='ocrx_word' id='word_1_362' title='bbox 2769 2828 2847 2882; x_wconf 92' lang='lat' dir='ltr'><strong><em>sic</em></strong></span> <span class='ocrx_word' id='word_1_363' title='bbox 2871 2835 2924 2881; x_wconf 88' lang='lat' dir='ltr'><strong><em>et</em></strong></span> <span class='ocrx_word' id='word_1_364' title='bbox 2962 2837 3051 2881; x_wconf 88' lang='lat' dir='ltr'><strong><em>tua</em></strong></span> <span class='ocrx_word' id='word_1_365' title='bbox 3082 2828 3468 2882; x_wconf 85' lang='lat' dir='ltr'><strong><em>venerabilitas</em></strong></span> <span class='ocrx_word' id='word_1_366' title='bbox 3491 2845 3524 2883; x_wconf 88' lang='lat' dir='ltr'><strong><em>a</em></strong></span> 
     </span>
    </p>
   </div>
   <div class='ocr_carea' id='block_1_105' title="bbox 2767 2917 3524 2988">
    <p class='ocr_par' dir='ltr' id='par_1_105' title="bbox 2767 2917 3524 2988">
     <span class='ocr_line' id='line_1_105' title="bbox 2767 2917 3524 2988; baseline 0 -18"><span class='ocrx_word' id='word_1_367' title='bbox 2767 2917 3031 2988; x_wconf 84' lang='lat' dir='ltr'><strong><em>parvitate</em></strong></span> <span class='ocrx_word' id='word_1_368' title='bbox 3116 2926 3305 2972; x_wconf 88' lang='lat' dir='ltr'><strong><em>nostra</em></strong></span> <span class='ocrx_word' id='word_1_369' title='bbox 3373 2918 3524 2986; x_wconf 88' lang='lat' dir='ltr'><strong><em>quid-</em></strong></span> 
     </span>
    </p>
   </div>
   <div class='ocr_carea' id='block_1_106' title="bbox 2769 3008 3524 3077">
    <p class='ocr_par' dir='ltr' id='par_1_106' title="bbox 2769 3008 3524 3077">
     <span class='ocr_line' id='line_1_106' title="bbox 2769 3008 3524 3077; baseline -0.004 -15"><span class='ocrx_word' id='word_1_370' title='bbox 2769 3008 2892 3062; x_wconf 87' lang='lat' dir='ltr'><strong><em>dam</em></strong></span> <span class='ocrx_word' id='word_1_371' title='bbox 2919 3008 3222 3077; x_wconf 86' lang='lat' dir='ltr'><strong><em>postulans,</em></strong></span> <span class='ocrx_word' id='word_1_372' title='bbox 3253 3008 3386 3062; x_wconf 91' lang='lat' dir='ltr'><strong><em>dare</em></strong></span> <span class='ocrx_word' id='word_1_373' title='bbox 3412 3023 3524 3061; x_wconf 88' lang='lat' dir='ltr'><strong><em>ma-</em></strong></span> 
     </span>
    </p>
   </div>
   <div class='ocr_carea' id='block_1_107' title="bbox 2773 3103 3528 3173">
    <p class='ocr_par' dir='ltr' id='par_1_107' title="bbox 2773 3103 3528 3173">
     <span class='ocr_line' id='line_1_107' title="bbox 2773 3103 3528 3173; baseline 0.008 -17"><span class='ocrx_word' id='word_1_374' title='bbox 2773 3103 2876 3172; x_wconf 78' lang='lat' dir='ltr'><strong><em>gis,</em></strong></span> <span class='ocrx_word' id='word_1_375' title='bbox 2913 3117 3076 3172; x_wconf 89' lang='lat' dir='ltr'><strong><em>quam</em></strong></span> <span class='ocrx_word' id='word_1_376' title='bbox 3100 3103 3351 3173; x_wconf 89' lang='lat' dir='ltr'><strong><em>accipere</em></strong></span> <span class='ocrx_word' id='word_1_377' title='bbox 3379 3117 3528 3162; x_wconf 85' lang='lat' dir='ltr'><strong><em>com-</em></strong></span> 
     </span>
    </p>
   </div>
   <div class='ocr_carea' id='block_1_108' title="bbox 2770 3191 3529 3263">
    <p class='ocr_par' dir='ltr' id='par_1_108' title="bbox 2770 3191 3529 3263">
     <span class='ocr_line' id='line_1_108' title="bbox 2770 3191 3529 3263; baseline -0.001 -18"><span class='ocrx_word' id='word_1_378' title='bbox 2770 3200 3051 3262; x_wconf 84' lang='lat' dir='ltr'><strong><em>probatur.</em></strong></span> <span class='ocrx_word' id='word_1_379' title='bbox 3144 3191 3240 3263; x_wconf 72' lang='grc' dir='ltr'><strong><em>[ι]</em></strong></span> <span class='ocrx_word' id='word_1_380' title='bbox 3319 3192 3529 3262; x_wconf 83' lang='lat' dir='ltr'><strong><em>Coepe-</em></strong></span> 
     </span>
    </p>
   </div>
   <div class='ocr_carea' id='block_1_109' title="bbox 2769 3288 3529 3355">
    <p class='ocr_par' dir='ltr' id='par_1_109' title="bbox 2769 3288 3529 3355">
     <span class='ocr_line' id='line_1_109' title="bbox 2769 3288 3529 3355; baseline 0 -15"><span class='ocrx_word' id='word_1_381' title='bbox 2769 3296 2924 3340; x_wconf 87' lang='lat' dir='ltr'><strong><em>rante</em></strong></span> <span class='ocrx_word' id='word_1_382' title='bbox 2988 3301 3225 3355; x_wconf 86' lang='lat' dir='ltr'><strong><em>namque</em></strong></span> <span class='ocrx_word' id='word_1_383' title='bbox 3293 3294 3386 3340; x_wconf 87' lang='lat' dir='ltr'><strong><em>tua</em></strong></span> <span class='ocrx_word' id='word_1_384' title='bbox 3439 3288 3529 3352; x_wconf 86' lang='lat' dir='ltr'><strong><em>jn—</em></strong></span> 
     </span>
    </p>
   </div>
   <div class='ocr_carea' id='block_1_110' title="bbox 2769 3365 3532 3446">
    <p class='ocr_par' dir='ltr' id='par_1_110' title="bbox 2769 3365 3532 3446">
     <span class='ocr_line' id='line_1_110' title="bbox 2769 3365 3532 3446; baseline 0.005 -18"><span class='ocrx_word' id='word_1_385' title='bbox 2769 3381 2910 3442; x_wconf 69' lang='lat' dir='ltr'><strong><em>giter</em></strong></span> <span class='ocrx_word' id='word_1_386' title='bbox 2967 3377 3108 3446; x_wconf 88' lang='lat' dir='ltr'><strong><em>apud</em></strong></span> <span class='ocrx_word' id='word_1_387' title='bbox 3169 3365 3338 3433; x_wconf 81' lang='lat' dir='ltr'><strong><em>Deum</em></strong></span> <span class='ocrx_word' id='word_1_388' title='bbox 3406 3393 3532 3446; x_wconf 89' lang='lat' dir='ltr'><strong><em>sup-</em></strong></span> 
     </span>
    </p>
   </div>
   <div class='ocr_carea' id='block_1_111' title="bbox 2773 3469 3528 3538">
    <p class='ocr_par' dir='ltr' id='par_1_111' title="bbox 2773 3469 3528 3538">
     <span class='ocr_line' id='line_1_111' title="bbox 2773 3469 3528 3538; baseline 0.001 -19"><span class='ocrx_word' id='word_1_389' title='bbox 2773 3469 3069 3538; x_wconf 87' lang='lat' dir='ltr'><strong><em>plicatione</em></strong></span> <span class='ocrx_word' id='word_1_390' title='bbox 3125 3483 3358 3538; x_wconf 88' lang='lat' dir='ltr'><strong><em>capsace</em></strong></span> <span class='ocrx_word' id='word_1_391' title='bbox 3413 3470 3528 3538; x_wconf 81' lang='lat' dir='ltr'><strong><em>qni-</em></strong></span> 
     </span>
    </p>
   </div>
   <div class='ocr_carea' id='block_1_112' title="bbox 2771 3558 3526 3613">
    <p class='ocr_par' dir='ltr' id='par_1_112' title="bbox 2771 3558 3526 3613">
     <span class='ocr_line' id='line_1_112' title="bbox 2771 3558 3526 3613; baseline 0 -1"><span class='ocrx_word' id='word_1_392' title='bbox 2771 3559 2892 3612; x_wconf 89' lang='lat' dir='ltr'><strong><em>dem</em></strong></span> <span class='ocrx_word' id='word_1_393' title='bbox 2942 3559 3046 3612; x_wconf 89' lang='lat' dir='ltr'><strong><em>olei</em></strong></span> <span class='ocrx_word' id='word_1_394' title='bbox 3095 3558 3413 3613; x_wconf 82' lang='lat' dir='ltr'><strong><em>indeﬁciens</em></strong></span> <span class='ocrx_word' id='word_1_395' title='bbox 3458 3575 3526 3612; x_wconf 80' lang='lat' dir='ltr'><strong><em>ex</em></strong></span> 
     </span>
    </p>
   </div>
   <div class='ocr_carea' id='block_1_113' title="bbox 2772 3645 3527 3716">
    <p class='ocr_par' dir='ltr' id='par_1_113' title="bbox 2772 3645 3527 3716">
     <span class='ocr_line' id='line_1_113' title="bbox 2772 3645 3527 3716; baseline -0.029 0"><span class='ocrx_word' id='word_1_396' title='bbox 2772 3661 2938 3715; x_wconf 63' lang='lat' dir='ltr'><strong>Parvo</strong></span> <span class='ocrx_word' id='word_1_397' title='bbox 2991 3647 3360 3716; x_wconf 57' lang='lat' dir='ltr'><strong><em>prastabitur.</em></strong></span> <span class='ocrx_word' id='word_1_398' title='bbox 3414 3645 3527 3715; x_wconf 74' lang='lat' dir='ltr'><strong><em>Hy-</em></strong></span> 
     </span>
    </p>
   </div>
   <div class='ocr_carea' id='block_1_114' title="bbox 2771 3735 3528 3791">
    <p class='ocr_par' dir='ltr' id='par_1_114' title="bbox 2771 3735 3528 3791">
     <span class='ocr_line' id='line_1_114' title="bbox 2771 3735 3528 3791; baseline -0.003 -1"><span class='ocrx_word' id='word_1_399' title='bbox 2771 3737 2904 3790; x_wconf 70' lang='lat' dir='ltr'><strong><em>driae</em></strong></span> <span class='ocrx_word' id='word_1_400' title='bbox 2927 3752 3057 3791; x_wconf 83' lang='lat' dir='ltr'><strong><em>vero</em></strong></span> <span class='ocrx_word' id='word_1_401' title='bbox 3084 3737 3273 3790; x_wconf 68' lang='lat' dir='ltr'><strong><em>farina:</em></strong></span> <span class='ocrx_word' id='word_1_402' title='bbox 3314 3735 3383 3790; x_wconf 91' lang='lat' dir='ltr'><strong><em>de</em></strong></span> <span class='ocrx_word' id='word_1_403' title='bbox 3417 3740 3528 3789; x_wconf 78' lang='lat' dir='ltr'><strong><em>exi-</em></strong></span> 
     </span>
    </p>
   </div>
   <div class='ocr_carea' id='block_1_115' title="bbox 2771 3829 3533 3899">
    <p class='ocr_par' dir='ltr' id='par_1_115' title="bbox 2771 3829 3533 3899">
     <span class='ocr_line' id='line_1_115' title="bbox 2771 3829 3533 3899; baseline -0.001 -15"><span class='ocrx_word' id='word_1_404' title='bbox 2771 3847 2878 3899; x_wconf 80' lang='lat' dir='ltr'><strong><em>guo</em></strong></span> <span class='ocrx_word' id='word_1_405' title='bbox 2908 3845 3073 3899; x_wconf 86' lang='lat' dir='ltr'><strong><em>supra</em></strong></span> <span class='ocrx_word' id='word_1_406' title='bbox 3122 3831 3340 3883; x_wconf 88' lang='lat' dir='ltr'><strong><em>modum</em></strong></span> <span class='ocrx_word' id='word_1_407' title='bbox 3373 3829 3533 3899; x_wconf 77' lang='lat' dir='ltr'><strong><em>largi-</em></strong></span> 
     </span>
    </p>
   </div>
   <div class='ocr_carea' id='block_1_116' title="bbox 1944 3917 3526 3988">
    <p class='ocr_par' dir='ltr' id='par_1_116' title="bbox 1944 3917 3526 3988">
     <span class='ocr_line' id='line_1_116' title="bbox 1944 3917 3526 3988; baseline 0.004 -21"><span class='ocrx_word' id='word_1_408' title='bbox 1944 3917 2573 3984; x_wconf 73' lang='lat' dir='ltr'><strong><em>Itarumrerumdiﬂ‘icilis</em></strong></span> <span class='ocrx_word' id='word_1_409' title='bbox 2597 3917 2699 3983; x_wconf 75' lang='lat' dir='ltr'><strong><em>fuit</em></strong></span> <span class='ocrx_word' id='word_1_410' title='bbox 2773 3923 2900 3973; x_wconf 89' lang='lat' dir='ltr'><strong><em>tatis</em></strong></span> <span class='ocrx_word' id='word_1_411' title='bbox 2959 3922 3114 3988; x_wconf 89' lang='lat' dir='ltr'><strong><em>copia</em></strong></span> <span class='ocrx_word' id='word_1_412' title='bbox 3180 3919 3526 3974; x_wconf 82' lang='lat' dir='ltr'><strong><em>conferetur.</em></strong></span> 
     </span>
    </p>
   </div>
   <div class='ocr_carea' id='block_1_117' title="bbox 1949 4008 3524 4080">
    <p class='ocr_par' dir='ltr' id='par_1_117' title="bbox 1949 4008 3524 4080">
     <span class='ocr_line' id='line_1_117' title="bbox 1949 4008 3524 4080; baseline 0.001 -19"><span class='ocrx_word' id='word_1_413' title='bbox 1949 4009 2182 4070; x_wconf 89' lang='lat' dir='ltr'><strong><em>omnino,</em></strong></span> <span class='ocrx_word' id='word_1_414' title='bbox 2214 4009 2351 4060; x_wconf 85' lang='lat' dir='ltr'><strong><em>velut</em></strong></span> <span class='ocrx_word' id='word_1_415' title='bbox 2383 4008 2464 4061; x_wconf 91' lang='lat' dir='ltr'><strong><em>illi</em></strong></span> <span class='ocrx_word' id='word_1_416' title='bbox 2508 4008 2698 4068; x_wconf 63' lang='lat' dir='ltr'><strong><em>viduas,</em></strong></span> <span class='ocrx_word' id='word_1_417' title='bbox 2773 4009 3080 4080; x_wconf 83' lang='lat' dir='ltr'><strong><em>Poposeisti</em></strong></span> <span class='ocrx_word' id='word_1_418' title='bbox 3189 4010 3358 4080; x_wconf 77' lang='lat' dir='ltr'><strong><em>igitur</em></strong></span> <span class='ocrx_word' id='word_1_419' title='bbox 3469 4013 3524 4063; x_wconf 90' lang='lat' dir='ltr'><strong><em>in</em></strong></span> 
     </span>
    </p>
   </div>
   <div class='ocr_carea' id='block_1_118' title="bbox 1942 4099 3533 4172">
    <p class='ocr_par' dir='ltr' id='par_1_118' title="bbox 1942 4099 3533 4172">
     <span class='ocr_line' id='line_1_118' title="bbox 1942 4099 3533 4172; baseline 0.001 -21"><span class='ocrx_word' id='word_1_420' title='bbox 1942 4107 2154 4167; x_wconf 85' lang='lat' dir='ltr'><strong><em>propter</em></strong></span> <span class='ocrx_word' id='word_1_421' title='bbox 2201 4108 2582 4167; x_wconf 83' lang='lat' dir='ltr'><strong><em>paupertatem,</em></strong></span> <span class='ocrx_word' id='word_1_422' title='bbox 2617 4099 2700 4151; x_wconf 85' lang='lat' dir='ltr'><strong><em>in-</em></strong></span> <span class='ocrx_word' id='word_1_423' title='bbox 2777 4102 3047 4172; x_wconf 87' lang='lat' dir='ltr'><strong><em>principio</em></strong></span> <span class='ocrx_word' id='word_1_424' title='bbox 3094 4118 3190 4172; x_wconf 91' lang='lat' dir='ltr'><strong><em>per</em></strong></span> <span class='ocrx_word' id='word_1_425' title='bbox 3246 4102 3533 4172; x_wconf 87' lang='lat' dir='ltr'><strong><em>epistolam</em></strong></span> 
     </span>
    </p>
   </div>
   <div class='ocr_carea' id='block_1_119' title="bbox 1945 4189 3538 4261">
    <p class='ocr_par' dir='ltr' id='par_1_119' title="bbox 1945 4189 3538 4261">
     <span class='ocr_line' id='line_1_119' title="bbox 1945 4189 3538 4261; baseline 0.005 -17"><span class='ocrx_word' id='word_1_426' title='bbox 1945 4191 2148 4250; x_wconf 82' lang='lat' dir='ltr'><strong><em>ventio;</em></strong></span> <span class='ocrx_word' id='word_1_427' title='bbox 2183 4189 2272 4243; x_wconf 87' lang='lat' dir='ltr'><strong><em>sed</em></strong></span> <span class='ocrx_word' id='word_1_428' title='bbox 2301 4191 2449 4244; x_wconf 81' lang='lat' dir='ltr'><strong><em>sicut.</em></strong></span> <span class='ocrx_word' id='word_1_429' title='bbox 2485 4190 2564 4243; x_wconf 84' lang='lat' dir='ltr'><strong><em>illi</em></strong></span> <span class='ocrx_word' id='word_1_430' title='bbox 2613 4205 2705 4256; x_wconf 86' lang='lat' dir='ltr'><strong><em>per</em></strong></span> <span class='ocrx_word' id='word_1_431' title='bbox 2784 4207 2969 4261; x_wconf 83' lang='lat' dir='ltr'><strong><em>tuam,</em></strong></span> <span class='ocrx_word' id='word_1_432' title='bbox 3043 4197 3403 4261; x_wconf 81' lang='lat' dir='ltr'><strong><em>venerabilis,</em></strong></span> <span class='ocrx_word' id='word_1_433' title='bbox 3469 4197 3538 4249; x_wconf 84' lang='lat' dir='ltr'><strong><em>de</em></strong></span> 
     </span>
    </p>
   </div>
   <div class='ocr_carea' id='block_1_120' title="bbox 1942 2997 2690 3059">
    <p class='ocr_par' dir='ltr' id='par_1_120' title="bbox 1942 2997 2690 3059">
     <span class='ocr_line' id='line_1_120' title="bbox 1942 2997 2690 3059; baseline -0.009 -6"><span class='ocrx_word' id='word_1_434' title='bbox 1942 2999 2057 3053; x_wconf 88' lang='lat' dir='ltr'><strong><em>sitis</em></strong></span> <span class='ocrx_word' id='word_1_435' title='bbox 2088 3008 2137 3052; x_wconf 90' lang='lat' dir='ltr'><strong><em>et</em></strong></span> <span class='ocrx_word' id='word_1_436' title='bbox 2178 2997 2411 3059; x_wconf 87' lang='lat' dir='ltr'><strong><em>insertis,</em></strong></span> <span class='ocrx_word' id='word_1_437' title='bbox 2440 3004 2486 3048; x_wconf 91' lang='lat' dir='ltr'><strong><em>et</em></strong></span> <span class='ocrx_word' id='word_1_438' title='bbox 2511 3011 2690 3048; x_wconf 90' lang='lat' dir='ltr'><strong><em>eorum</em></strong></span> 
     </span>
    </p>
   </div>
   <div class='ocr_carea' id='block_1_121' title="bbox 1942 3180 2696 3251">
    <p class='ocr_par' dir='ltr' id='par_1_121' title="bbox 1942 3180 2696 3251">
     <span class='ocr_line' id='line_1_121' title="bbox 1942 3180 2696 3251; baseline -0.005 -14"><span class='ocrx_word' id='word_1_439' title='bbox 1942 3185 2169 3251; x_wconf 86' lang='lat' dir='ltr'><strong><em>species,</em></strong></span> <span class='ocrx_word' id='word_1_440' title='bbox 2227 3192 2272 3235; x_wconf 87' lang='lat' dir='ltr'><strong><em>et</em></strong></span> <span class='ocrx_word' id='word_1_441' title='bbox 2325 3181 2482 3244; x_wconf 87' lang='lat' dir='ltr'><strong><em>loca,</em></strong></span> <span class='ocrx_word' id='word_1_442' title='bbox 2533 3189 2581 3234; x_wconf 88' lang='lat' dir='ltr'><strong><em>et</em></strong></span> <span class='ocrx_word' id='word_1_443' title='bbox 2627 3180 2696 3234; x_wconf 89' lang='lat' dir='ltr'><strong><em>ad</em></strong></span> 
     </span>
    </p>
   </div>
   <div class='ocr_carea' id='block_1_122' title="bbox 1941 3276 2695 3346">
    <p class='ocr_par' dir='ltr' id='par_1_122' title="bbox 1941 3276 2695 3346">
     <span class='ocr_line' id='line_1_122' title="bbox 1941 3276 2695 3346; baseline -0.004 -16"><span class='ocrx_word' id='word_1_444' title='bbox 1941 3280 2185 3346; x_wconf 87' lang='lat' dir='ltr'><strong><em>pietatem</em></strong></span> <span class='ocrx_word' id='word_1_445' title='bbox 2205 3276 2445 3329; x_wconf 86' lang='lat' dir='ltr'><strong><em>ducentes</em></strong></span> <span class='ocrx_word' id='word_1_446' title='bbox 2464 3277 2695 3344; x_wconf 79' lang='lat' dir='ltr'><strong><em>ipsorum</em></strong></span> 
     </span>
    </p>
   </div>
   <div class='ocr_carea' id='block_1_123' title="bbox 1942 3369 2696 3438">
    <p class='ocr_par' dir='ltr' id='par_1_123' title="bbox 1942 3369 2696 3438">
     <span class='ocr_line' id='line_1_123' title="bbox 1942 3369 2696 3438; baseline 0 -16"><span class='ocrx_word' id='word_1_447' title='bbox 1942 3369 2180 3438; x_wconf 86' lang='lat' dir='ltr'><strong><em>lapidum</em></strong></span> <span class='ocrx_word' id='word_1_448' title='bbox 2209 3369 2696 3436; x_wconf 84' lang='lat' dir='ltr'><strong><em>contemplationes,</em></strong></span> 
     </span>
    </p>
   </div>
   <div class='ocr_carea' id='block_1_124' title="bbox 1942 3462 2697 3532">
    <p class='ocr_par' dir='ltr' id='par_1_124' title="bbox 1942 3462 2697 3532">
     <span class='ocr_line' id='line_1_124' title="bbox 1942 3462 2697 3532; baseline -0.001 -17"><span class='ocrx_word' id='word_1_449' title='bbox 1942 3473 1992 3515; x_wconf 87' lang='lat' dir='ltr'><strong><em>et</em></strong></span> <span class='ocrx_word' id='word_1_450' title='bbox 2023 3463 2374 3532; x_wconf 86' lang='lat' dir='ltr'><strong><em>unusquisque</em></strong></span> <span class='ocrx_word' id='word_1_451' title='bbox 2421 3462 2556 3528; x_wconf 89' lang='lat' dir='ltr'><strong><em>lapis</em></strong></span> <span class='ocrx_word' id='word_1_452' title='bbox 2603 3477 2697 3529; x_wconf 87' lang='lat' dir='ltr'><strong><em>pro</em></strong></span> 
     </span>
    </p>
   </div>
   <div class='ocr_carea' id='block_1_125' title="bbox 1943 3552 2696 3621">
    <p class='ocr_par' dir='ltr' id='par_1_125' title="bbox 1943 3552 2696 3621">
     <span class='ocr_line' id='line_1_125' title="bbox 1943 3552 2696 3621; baseline 0 -15"><span class='ocrx_word' id='word_1_453' title='bbox 1943 3553 2090 3621; x_wconf 89' lang='lat' dir='ltr'><strong><em>quali</em></strong></span> <span class='ocrx_word' id='word_1_454' title='bbox 2179 3553 2318 3606; x_wconf 86' lang='lat' dir='ltr'><strong><em>tribu</em></strong></span> <span class='ocrx_word' id='word_1_455' title='bbox 2422 3552 2696 3606; x_wconf 84' lang='lat' dir='ltr'><strong><em>ordinatus</em></strong></span> 
     </span>
    </p>
   </div>
   <div class='ocr_carea' id='block_1_126' title="bbox 1943 3646 2696 3711">
    <p class='ocr_par' dir='ltr' id='par_1_126' title="bbox 1943 3646 2696 3711">
     <span class='ocr_line' id='line_1_126' title="bbox 1943 3646 2696 3711; baseline 0.001 -13"><span class='ocrx_word' id='word_1_456' title='bbox 1943 3656 2078 3711; x_wconf 83' lang='lat' dir='ltr'><strong><em>erat,</em></strong></span> <span class='ocrx_word' id='word_1_457' title='bbox 2109 3656 2159 3699; x_wconf 89' lang='lat' dir='ltr'><strong><em>et</em></strong></span> <span class='ocrx_word' id='word_1_458' title='bbox 2185 3646 2320 3698; x_wconf 89' lang='lat' dir='ltr'><strong><em>unde</em></strong></span> <span class='ocrx_word' id='word_1_459' title='bbox 2340 3646 2574 3698; x_wconf 79' lang='lat' dir='ltr'><strong><em>inventus</em></strong></span> <span class='ocrx_word' id='word_1_460' title='bbox 2596 3658 2696 3710; x_wconf 88' lang='lat' dir='ltr'><strong><em>est,</em></strong></span> 
     </span>
    </p>
   </div>
   <div class='ocr_carea' id='block_1_127' title="bbox 1943 3728 2698 3804">
    <p class='ocr_par' dir='ltr' id='par_1_127' title="bbox 1943 3728 2698 3804">
     <span class='ocr_line' id='line_1_127' title="bbox 1943 3728 2698 3804; baseline 0 -16"><span class='ocrx_word' id='word_1_461' title='bbox 1943 3746 1991 3788; x_wconf 90' lang='lat' dir='ltr'><strong><em>et</em></strong></span> <span class='ocrx_word' id='word_1_462' title='bbox 2031 3728 2113 3789; x_wconf 74' lang='lat' dir='ltr'><strong><em>ea:</em></strong></span> <span class='ocrx_word' id='word_1_463' title='bbox 2172 3753 2277 3804; x_wconf 91' lang='lat' dir='ltr'><strong><em>qua</em></strong></span> <span class='ocrx_word' id='word_1_464' title='bbox 2329 3737 2532 3804; x_wconf 83' lang='lat' dir='ltr'><strong><em>patria.</em></strong></span> <span class='ocrx_word' id='word_1_465' title='bbox 2613 3735 2698 3798; x_wconf 85' lang='lat' dir='ltr'><strong><em>Et,</em></strong></span> 
     </span>
    </p>
   </div>
   <div class='ocr_carea' id='block_1_128' title="bbox 1946 3826 2699 3896">
    <p class='ocr_par' dir='ltr' id='par_1_128' title="bbox 1946 3826 2699 3896">
     <span class='ocr_line' id='line_1_128' title="bbox 1946 3826 2699 3896; baseline 0 -18"><span class='ocrx_word' id='word_1_466' title='bbox 1946 3827 2103 3879; x_wconf 88' lang='lat' dir='ltr'><strong><em>sicuti</em></strong></span> <span class='ocrx_word' id='word_1_467' title='bbox 2132 3827 2266 3888; x_wconf 74' lang='lat' dir='ltr'><strong><em>dixi,</em></strong></span> <span class='ocrx_word' id='word_1_468' title='bbox 2295 3826 2444 3879; x_wconf 85' lang='lat' dir='ltr'><strong><em>nobis</em></strong></span> <span class='ocrx_word' id='word_1_469' title='bbox 2489 3828 2699 3896; x_wconf 87' lang='lat' dir='ltr'><strong><em>quidem</em></strong></span> 
     </span>
    </p>
   </div>
   <div class='ocr_carea' id='block_1_129' title="bbox 350 4447 3538 4526">
    <p class='ocr_par' dir='ltr' id='par_1_129' title="bbox 350 4447 3538 4526">
     <span class='ocr_line' id='line_1_129' title="bbox 350 4447 3538 4526; baseline 0.002 -21"><span class='ocrx_word' id='word_1_470' title='bbox 350 4450 462 4526; x_wconf 75' lang='lat' dir='ltr'><strong><em>il8)_</em></strong></span> <span class='ocrx_word' id='word_1_471' title='bbox 505 4453 766 4526; x_wconf 83' lang='lat' dir='ltr'><strong><em>Epitome</em></strong></span> <span class='ocrx_word' id='word_1_472' title='bbox 814 4455 939 4526; x_wconf 72' lang='lat' dir='ltr'><strong><em>libri</em></strong></span> <span class='ocrx_word' id='word_1_473' title='bbox 989 4449 1264 4526; x_wconf 82' lang='lat' dir='ltr'><strong><em>hujus__S.</em></strong></span> <span class='ocrx_word' id='word_1_474' title='bbox 1291 4448 1609 4526; x_wconf 71' lang='lat' dir='ltr'><strong><em>_Epiphanii</em></strong></span> <span class='ocrx_word' id='word_1_475' title='bbox 1645 4447 1722 4502; x_wconf 86' lang='lat' dir='ltr'><strong><em>De</em></strong></span> <span class='ocrx_word' id='word_1_476' title='bbox 1750 4463 1854 4526; x_wconf 86' lang='lat' dir='ltr'><strong><em>_xn</em></strong></span> <span class='ocrx_word' id='word_1_477' title='bbox 1885 4453 1927 4511; x_wconf 88' lang='lat' dir='ltr'><strong><em>C</em></strong></span> <span class='ocrx_word' id='word_1_478' title='bbox 1963 4462 2059 4526; x_wconf 77' lang='lat' dir='ltr'><strong><em>rus</em></strong></span> <span class='ocrx_word' id='word_1_479' title='bbox 2098 4448 2383 4526; x_wconf 82' lang='lat' dir='ltr'><strong><em>Epitomen</em></strong></span> <span class='ocrx_word' id='word_1_480' title='bbox 2423 4451 2701 4526; x_wconf 80' lang='lat' dir='ltr'><strong><em>laudatam</em></strong></span> <span class='ocrx_word' id='word_1_481' title='bbox 2735 4453 3018 4526; x_wconf 83' lang='lat' dir='ltr'><strong><em>edidisset,</em></strong></span> <span class='ocrx_word' id='word_1_482' title='bbox 3051 4455 3144 4510; x_wconf 87' lang='lat' dir='ltr'><strong><em>sed</em></strong></span> <span class='ocrx_word' id='word_1_483' title='bbox 3176 4457 3340 4510; x_wconf 87' lang='lat' dir='ltr'><strong><em>etiam</em></strong></span> <span class='ocrx_word' id='word_1_484' title='bbox 3376 4455 3538 4510; x_wconf 85' lang='lat' dir='ltr'><strong><em>Peta—</em></strong></span> 
     </span>
    </p>
   </div>
   <div class='ocr_carea' id='block_1_130' title="bbox 287 4518 1854 4589">
    <p class='ocr_par' dir='ltr' id='par_1_130' title="bbox 287 4518 1854 4589">
     <span class='ocr_line' id='line_1_130' title="bbox 287 4518 1854 4589; baseline 0 -20"><span class='ocrx_word' id='word_1_485' title='bbox 287 4524 513 4587; x_wconf 73' lang='lat' dir='ltr'><strong><em>gemmis,</em></strong></span> <span class='ocrx_word' id='word_1_486' title='bbox 551 4518 696 4589; x_wconf 70' lang='lat' dir='ltr'><strong><em>&#39;cte.,</em></strong></span> <span class='ocrx_word' id='word_1_487' title='bbox 749 4539 779 4579; x_wconf 61' lang='grc' dir='ltr'><strong>Δ</strong></span> <span class='ocrx_word' id='word_1_488' title='bbox 831 4518 1076 4578; x_wconf 80' lang='lat' dir='ltr'><strong><em>Gesnero</em></strong></span> <span class='ocrx_word' id='word_1_489' title='bbox 1103 4520 1248 4589; x_wconf 86' lang='lat' dir='ltr'><strong><em>edita</em></strong></span> <span class='ocrx_word' id='word_1_490' title='bbox 1291 4519 1436 4571; x_wconf 85' lang='lat' dir='ltr'><strong><em>lnmc</em></strong></span> <span class='ocrx_word' id='word_1_491' title='bbox 1473 4518 1689 4589; x_wconf 53' lang='lat' dir='ltr'><strong><em>praefert</em></strong></span> <span class='ocrx_word' id='word_1_492' title='bbox 1725 4518 1854 4570; x_wconf 88' lang='lat' dir='ltr'><strong><em>titu-</em></strong></span> 
     </span>
    </p>
   </div>
   <div class='ocr_carea' id='block_1_131' title="bbox 290 4588 1856 4673">
    <p class='ocr_par' dir='ltr' id='par_1_131' title="bbox 290 4588 1856 4673">
     <span class='ocr_line' id='line_1_131' title="bbox 290 4588 1856 4673; baseline 0.003 -38"><span class='ocrx_word' id='word_1_493' title='bbox 290 4589 387 4673; x_wconf 70' lang='lat' dir='ltr'><strong><em>lum</em></strong></span> <span class='ocrx_word' id='word_1_494' title='bbox 416 4609 430 4643; x_wconf 91' lang='lat'>:</span> <span class='ocrx_word' id='word_1_495' title='bbox 477 4588 807 4663; x_wconf 69' lang='grc' dir='ltr'>Ἐπιφανῐου</span> <span class='ocrx_word' id='word_1_496' title='bbox 848 4592 1154 4673; x_wconf 44' lang='lat' dir='ltr'><strong><em>interceptae</em></strong></span> <span class='ocrx_word' id='word_1_497' title='bbox 1174 4588 1564 4673; x_wconf 32' lang='grc' dir='ltr'><strong><em>βμύπροζδωπρὸς</em></strong></span> <span class='ocrx_word' id='word_1_498' title='bbox 1593 4588 1856 4673; x_wconf 51' lang='grc' dir='ltr'><strong><em>Διόδιιὶρᾳν</em></strong></span> 
     </span>
    </p>
   </div>
   <div class='ocr_carea' id='block_1_132' title="bbox 287 4655 1858 4733">
    <p class='ocr_par' dir='ltr' id='par_1_132' title="bbox 287 4655 1858 4733">
     <span class='ocr_line' id='line_1_132' title="bbox 287 4655 1858 4733; baseline -0.003 -21"><span class='ocrx_word' id='word_1_499' title='bbox 287 4656 576 4733; x_wconf 42' lang='lat' dir='ltr'><strong><em>inimicam;</em></strong></span> <span class='ocrx_word' id='word_1_500' title='bbox 612 4655 810 4733; x_wconf 58' lang='grc' dir='ltr'><strong><em>’ῩὺρςδυΔ</em></strong></span> <span class='ocrx_word' id='word_1_501' title='bbox 833 4663 958 4733; x_wconf 66' lang='grc' dir='ltr'>περὶ</span> <span class='ocrx_word' id='word_1_502' title='bbox 986 4659 1103 4733; x_wconf 51' lang='lat' dir='ltr'><strong><em>acini</em></strong></span> <span class='ocrx_word' id='word_1_503' title='bbox 1125 4655 1333 4733; x_wconf 59' lang='lat' dir='ltr'><strong><em>suam</em></strong></span> <span class='ocrx_word' id='word_1_504' title='bbox 1359 4655 1543 4733; x_wconf 69' lang='grc' dir='ltr'><strong><em>λίοῴν,</em></strong></span> <span class='ocrx_word' id='word_1_505' title='bbox 1588 4667 1690 4710; x_wconf 83' lang='lat' dir='ltr'><strong><em>etc.</em></strong></span> <span class='ocrx_word' id='word_1_506' title='bbox 1728 4655 1858 4733; x_wconf 38' lang='lat' dir='ltr'><strong><em>Epit</em></strong></span> 
     </span>
    </p>
   </div>
   <div class='ocr_carea' id='block_1_133' title="bbox 285 4725 1858 4801">
    <p class='ocr_par' dir='ltr' id='par_1_133' title="bbox 285 4725 1858 4801">
     <span class='ocr_line' id='line_1_133' title="bbox 285 4725 1858 4801; baseline 0 -24"><span class='ocrx_word' id='word_1_507' title='bbox 285 4728 452 4801; x_wconf 68' lang='lat' dir='ltr'><strong><em>phanii</em></strong></span> <span class='ocrx_word' id='word_1_508' title='bbox 499 4725 742 4800; x_wconf 79' lang='lat' dir='ltr'><strong><em>episcopi</em></strong></span> <span class='ocrx_word' id='word_1_509' title='bbox 774 4725 934 4801; x_wconf 76' lang='lat' dir='ltr'><strong><em>Cypri</em></strong></span> <span class='ocrx_word' id='word_1_510' title='bbox 969 4731 1036 4782; x_wconf 85' lang='lat' dir='ltr'><strong><em>ad</em></strong></span> <span class='ocrx_word' id='word_1_511' title='bbox 1071 4729 1691 4801; x_wconf 59' lang='lat' dir='ltr'><strong><em>Diodorumepiscopuat</em></strong></span> <span class='ocrx_word' id='word_1_512' title='bbox 1731 4725 1858 4795; x_wconf 77' lang='lat' dir='ltr'><strong><em>Tyri</em></strong></span> 
     </span>
    </p>
   </div>
   <div class='ocr_carea' id='block_1_134' title="bbox 289 4794 1858 4867">
    <p class='ocr_par' dir='ltr' id='par_1_134' title="bbox 289 4794 1858 4867">
     <span class='ocr_line' id='line_1_134' title="bbox 289 4794 1858 4867; baseline -0.004 -16"><span class='ocrx_word' id='word_1_513' title='bbox 289 4794 343 4867; x_wconf 63' lang='grc' dir='ltr'><em>ἀρ</em></span> <span class='ocrx_word' id='word_1_514' title='bbox 370 4812 439 4850; x_wconf 76' lang='lat' dir='ltr'><strong><em>xu</em></strong></span> <span class='ocrx_word' id='word_1_515' title='bbox 483 4794 737 4867; x_wconf 78' lang='lat' dir='ltr'><strong><em>gemmis,</em></strong></span> <span class='ocrx_word' id='word_1_516' title='bbox 776 4794 882 4856; x_wconf 64' lang='lat' dir='ltr'><strong><em>etc.</em></strong></span> <span class='ocrx_word' id='word_1_517' title='bbox 916 4803 983 4853; x_wconf 83' lang='lat' dir='ltr'><strong><em>At</em></strong></span> <span class='ocrx_word' id='word_1_518' title='bbox 1011 4813 1140 4852; x_wconf 83' lang='lat' dir='ltr'><strong><em>vero</em></strong></span> <span class='ocrx_word' id='word_1_519' title='bbox 1170 4796 1460 4850; x_wconf 84' lang='lat' dir='ltr'><strong><em>Facundus</em></strong></span> <span class='ocrx_word' id='word_1_520' title='bbox 1497 4794 1858 4867; x_wconf 67' lang='lat' dir='ltr'><strong><em>ﬂet-minuen-</em></strong></span> 
     </span>
    </p>
   </div>
   <div class='ocr_carea' id='block_1_135' title="bbox 286 4864 1858 4937">
    <p class='ocr_par' dir='ltr' id='par_1_135' title="bbox 286 4864 1858 4937">
     <span class='ocr_line' id='line_1_135' title="bbox 286 4864 1858 4937; baseline 0.001 -23"><span class='ocrx_word' id='word_1_521' title='bbox 286 4864 356 4917; x_wconf 86' lang='lat' dir='ltr'><strong><em>sis</em></strong></span> <span class='ocrx_word' id='word_1_522' title='bbox 388 4867 440 4920; x_wconf 91' lang='lat' dir='ltr'><strong><em>in</em></strong></span> <span class='ocrx_word' id='word_1_523' title='bbox 472 4864 644 4926; x_wconf 65' lang='lat' dir='ltr'><strong><em>fibris</em></strong></span> <span class='ocrx_word' id='word_1_524' title='bbox 686 4864 799 4925; x_wconf 83' lang='lat' dir='ltr'><strong><em>suis</em></strong></span> <span class='ocrx_word' id='word_1_525' title='bbox 833 4869 938 4922; x_wconf 87' lang='lat' dir='ltr'><strong><em>Pro</em></strong></span> <span class='ocrx_word' id='word_1_526' title='bbox 967 4868 1268 4937; x_wconf 75' lang='lat' dir='ltr'><strong><em>defensione</em></strong></span> <span class='ocrx_word' id='word_1_527' title='bbox 1299 4869 1458 4918; x_wconf 87' lang='lat' dir='ltr'><strong><em>trium</em></strong></span> <span class='ocrx_word' id='word_1_528' title='bbox 1507 4865 1858 4932; x_wconf 84' lang='lat' dir='ltr'><strong><em>capitulorum</em></strong></span> 
     </span>
    </p>
   </div>
   <div class='ocr_carea' id='block_1_136' title="bbox 287 4935 1858 5000">
    <p class='ocr_par' dir='ltr' id='par_1_136' title="bbox 287 4935 1858 5000">
     <span class='ocr_line' id='line_1_136' title="bbox 287 4935 1858 5000; baseline -0.001 -15"><span class='ocrx_word' id='word_1_529' title='bbox 287 4939 482 4989; x_wconf 79' lang='lat' dir='ltr'><strong><em>concilii</em></strong></span> <span class='ocrx_word' id='word_1_530' title='bbox 542 4939 990 4994; x_wconf 74' lang='lat' dir='ltr'><strong><em>Chalcedonensis</em></strong></span> <span class='ocrx_word' id='word_1_531' title='bbox 1034 4935 1114 4990; x_wconf 84' lang='lat' dir='ltr'><strong><em>ad</em></strong></span> <span class='ocrx_word' id='word_1_532' title='bbox 1165 4935 1530 4988; x_wconf 72' lang='lat' dir='ltr'><strong><em>Iustinianum</em></strong></span> <span class='ocrx_word' id='word_1_533' title='bbox 1577 4937 1858 5000; x_wconf 88' lang='lat' dir='ltr'><strong><em>imperato-</em></strong></span> 
     </span>
    </p>
   </div>
   <div class='ocr_carea' id='block_1_137' title="bbox 288 5004 1856 5077">
    <p class='ocr_par' dir='ltr' id='par_1_137' title="bbox 288 5004 1856 5077">
     <span class='ocr_line' id='line_1_137' title="bbox 288 5004 1856 5077; baseline 0.002 -27"><span class='ocrx_word' id='word_1_534' title='bbox 288 5017 405 5066; x_wconf 83' lang='lat' dir='ltr'><strong><em>rem,</em></strong></span> <span class='ocrx_word' id='word_1_535' title='bbox 441 5009 536 5062; x_wconf 86' lang='lat' dir='ltr'><strong><em>ubi</em></strong></span> <span class='ocrx_word' id='word_1_536' title='bbox 575 5012 750 5063; x_wconf 85' lang='lat' dir='ltr'><strong><em>multa</em></strong></span> <span class='ocrx_word' id='word_1_537' title='bbox 781 5009 1022 5077; x_wconf 81' lang='lat' dir='ltr'><strong><em>congerit</em></strong></span> <span class='ocrx_word' id='word_1_538' title='bbox 1055 5007 1394 5077; x_wconf 75' lang='lat' dir='ltr'><strong><em>laudatorum</em></strong></span> <span class='ocrx_word' id='word_1_539' title='bbox 1429 5004 1682 5077; x_wconf 52' lang='lat' dir='ltr'><strong><em>virilium</em></strong></span> <span class='ocrx_word' id='word_1_540' title='bbox 1704 5004 1856 5056; x_wconf 86' lang='lat' dir='ltr'><strong><em>testi-</em></strong></span> 
     </span>
    </p>
   </div>
   <div class='ocr_carea' id='block_1_138' title="bbox 287 5071 1852 5148">
    <p class='ocr_par' dir='ltr' id='par_1_138' title="bbox 287 5071 1852 5148">
     <span class='ocr_line' id='line_1_138' title="bbox 287 5071 1852 5148; baseline -0.001 -23"><span class='ocrx_word' id='word_1_541' title='bbox 287 5077 479 5148; x_wconf 80' lang='lat' dir='ltr'><strong><em>monia,</em></strong></span> <span class='ocrx_word' id='word_1_542' title='bbox 527 5093 560 5131; x_wconf 87' lang='lat' dir='ltr'><strong><em>a</em></strong></span> <span class='ocrx_word' id='word_1_543' title='bbox 605 5081 822 5148; x_wconf 78' lang='lat' dir='ltr'><strong><em>quibus</em></strong></span> <span class='ocrx_word' id='word_1_544' title='bbox 865 5071 1132 5148; x_wconf 60' lang='lat' dir='ltr'><strong><em>Diodorus</em></strong></span> <span class='ocrx_word' id='word_1_545' title='bbox 1185 5075 1475 5148; x_wconf 73' lang='lat' dir='ltr'><strong><em>episcopus</em></strong></span> <span class='ocrx_word' id='word_1_546' title='bbox 1530 5071 1688 5148; x_wconf 66' lang='lat' dir='ltr'><strong><em>Tarsi</em></strong></span> <span class='ocrx_word' id='word_1_547' title='bbox 1739 5088 1852 5148; x_wconf 73' lang='lat' dir='ltr'><strong><em>non</em></strong></span> 
     </span>
    </p>
   </div>
   <div class='ocr_carea' id='block_1_139' title="bbox 288 5140 1849 5218">
    <p class='ocr_par' dir='ltr' id='par_1_139' title="bbox 288 5140 1849 5218">
     <span class='ocr_line' id='line_1_139' title="bbox 288 5140 1849 5218; baseline -0.003 -22"><span class='ocrx_word' id='word_1_548' title='bbox 288 5144 451 5218; x_wconf 57' lang='lat' dir='ltr'><strong><em>gelum</em></strong></span> <span class='ocrx_word' id='word_1_549' title='bbox 490 5157 552 5201; x_wconf 75' lang='lat' dir='ltr'><strong><em>ut</em></strong></span> <span class='ocrx_word' id='word_1_550' title='bbox 582 5140 806 5211; x_wconf 71' lang='lat' dir='ltr'><strong><em>doctus,</em></strong></span> <span class='ocrx_word' id='word_1_551' title='bbox 843 5147 937 5218; x_wconf 83' lang='lat' dir='ltr'><strong><em>sed</em></strong></span> <span class='ocrx_word' id='word_1_552' title='bbox 971 5148 1133 5218; x_wconf 86' lang='lat' dir='ltr'><strong><em>etiam</em></strong></span> <span class='ocrx_word' id='word_1_553' title='bbox 1177 5140 1235 5197; x_wconf 77' lang='lat' dir='ltr'><strong><em>ut</em></strong></span> <span class='ocrx_word' id='word_1_554' title='bbox 1278 5140 1397 5218; x_wconf 80' lang='lat' dir='ltr'><strong><em>pius</em></strong></span> <span class='ocrx_word' id='word_1_555' title='bbox 1424 5143 1681 5218; x_wconf 67' lang='lat' dir='ltr'><strong><em>laudatus</em></strong></span> <span class='ocrx_word' id='word_1_556' title='bbox 1729 5140 1849 5218; x_wconf 72' lang='lat' dir='ltr'><strong><em>fuit,</em></strong></span> 
     </span>
    </p>
   </div>
   <div class='ocr_carea' id='block_1_140' title="bbox 290 5207 1852 5284">
    <p class='ocr_par' dir='ltr' id='par_1_140' title="bbox 290 5207 1852 5284">
     <span class='ocr_line' id='line_1_140' title="bbox 290 5207 1852 5284; baseline -0.002 -19"><span class='ocrx_word' id='word_1_557' title='bbox 290 5207 406 5284; x_wconf 72' lang='lat' dir='ltr'><strong><em>|_ib._</em></strong></span> <span class='ocrx_word' id='word_1_558' title='bbox 438 5231 511 5279; x_wconf 80' lang='lat' dir='ltr'><strong><em>iv,</em></strong></span> <span class='ocrx_word' id='word_1_559' title='bbox 567 5233 700 5284; x_wconf 84' lang='lat' dir='ltr'><strong><em>cap.</em></strong></span> <span class='ocrx_word' id='word_1_560' title='bbox 749 5207 805 5280; x_wconf 74' lang='lat'><strong><em>2,</em></strong></span> <span class='ocrx_word' id='word_1_561' title='bbox 847 5217 988 5270; x_wconf 89' lang='lat' dir='ltr'><strong><em>hanc</em></strong></span> <span class='ocrx_word' id='word_1_562' title='bbox 1037 5215 1200 5269; x_wconf 89' lang='lat' dir='ltr'><strong><em>etiam</em></strong></span> <span class='ocrx_word' id='word_1_563' title='bbox 1257 5207 1520 5284; x_wconf 74' lang='lat' dir='ltr'><strong><em>deseribit</em></strong></span> <span class='ocrx_word' id='word_1_564' title='bbox 1565 5211 1852 5284; x_wconf 72' lang='lat' dir='ltr'><strong><em>epistolam</em></strong></span> 
     </span>
    </p>
   </div>
   <div class='ocr_carea' id='block_1_141' title="bbox 289 5275 1858 5355">
    <p class='ocr_par' dir='ltr' id='par_1_141' title="bbox 289 5275 1858 5355">
     <span class='ocr_line' id='line_1_141' title="bbox 289 5275 1858 5355; baseline -0.004 -18"><span class='ocrx_word' id='word_1_565' title='bbox 289 5275 341 5355; x_wconf 58' lang='grc' dir='ltr'><strong><em>ξε</em></strong></span> <span class='ocrx_word' id='word_1_566' title='bbox 372 5275 699 5355; x_wconf 75' lang='lat' dir='ltr'><strong><em>Epiphanii.</em></strong></span> <span class='ocrx_word' id='word_1_567' title='bbox 733 5275 901 5340; x_wconf 81' lang='lat' dir='ltr'><strong><em>Porro</em></strong></span> <span class='ocrx_word' id='word_1_568' title='bbox 934 5285 1345 5355; x_wconf 78' lang='lat' dir='ltr'><strong><em>ltinc_pri_mum,</em></strong></span> <span class='ocrx_word' id='word_1_569' title='bbox 1375 5275 1858 5355; x_wconf 42' lang='lat' dir='ltr'><strong><em>cuinam-Diodoro</em></strong></span> 
     </span>
    </p>
   </div>
   <div class='ocr_carea' id='block_1_142' title="bbox 291 5346 1860 5426">
    <p class='ocr_par' dir='ltr' id='par_1_142' title="bbox 291 5346 1860 5426">
     <span class='ocr_line' id='line_1_142' title="bbox 291 5346 1860 5426; baseline 0.004 -31"><span class='ocrx_word' id='word_1_570' title='bbox 291 5346 491 5404; x_wconf 60' lang='lat' dir='ltr'><strong><em>libru&#39;m&#39;</em></strong></span> <span class='ocrx_word' id='word_1_571' title='bbox 530 5354 613 5410; x_wconf 87' lang='lat' dir='ltr'><strong><em>De</em></strong></span> <span class='ocrx_word' id='word_1_572' title='bbox 669 5371 741 5409; x_wconf 78' lang='lat' dir='ltr'><strong><em>xu</em></strong></span> <span class='ocrx_word' id='word_1_573' title='bbox 786 5355 1002 5426; x_wconf 84' lang='lat' dir='ltr'><strong><em>gemmis</em></strong></span> <span class='ocrx_word' id='word_1_574' title='bbox 1053 5346 1112 5426; x_wconf 31' lang='lat' dir='ltr'><strong><em>Si.</em></strong></span> <span class='ocrx_word' id='word_1_575' title='bbox 1147 5350 1860 5426; x_wconf 68' lang='lat' dir='ltr'><strong><em>Epiphaniusinscripserit</em></strong></span> 
     </span>
    </p>
   </div>
   <div class='ocr_carea' id='block_1_143' title="bbox 293 5417 1861 5494">
    <p class='ocr_par' dir='ltr' id='par_1_143' title="bbox 293 5417 1861 5494">
     <span class='ocr_line' id='line_1_143' title="bbox 293 5417 1861 5494; baseline 0.003 -28"><span class='ocrx_word' id='word_1_576' title='bbox 293 5428 597 5494; x_wconf 74' lang='lat' dir='ltr'><strong><em>constasse,</em></strong></span> <span class='ocrx_word' id='word_1_577' title='bbox 637 5433 762 5478; x_wconf 85' lang='lat' dir='ltr'><strong><em>nota</em></strong></span> <span class='ocrx_word' id='word_1_578' title='bbox 786 5417 868 5478; x_wconf 63' lang='lat' dir='ltr'><strong><em>&#39;ad</em></strong></span> <span class='ocrx_word' id='word_1_579' title='bbox 915 5438 1038 5494; x_wconf 86' lang='lat' dir='ltr'><strong><em>eum</em></strong></span> <span class='ocrx_word' id='word_1_580' title='bbox 1086 5417 1263 5494; x_wconf 80' lang='lat' dir='ltr'><strong><em>locum</em></strong></span> <span class='ocrx_word' id='word_1_581' title='bbox 1308 5423 1579 5494; x_wconf 74' lang='lat' dir='ltr'><strong><em>apposita,</em></strong></span> <span class='ocrx_word' id='word_1_582' title='bbox 1617 5417 1722 5494; x_wconf 62' lang='lat' dir='ltr'><strong><em>_qu&#39;i</em></strong></span> <span class='ocrx_word' id='word_1_583' title='bbox 1759 5417 1861 5470; x_wconf 82' lang='lat' dir='ltr'><strong><em>Fa-</em></strong></span> 
     </span>
    </p>
   </div>
   <div class='ocr_carea' id='block_1_144' title="bbox 295 5491 1863 5558">
    <p class='ocr_par' dir='ltr' id='par_1_144' title="bbox 295 5491 1863 5558">
     <span class='ocr_line' id='line_1_144' title="bbox 295 5491 1863 5558; baseline 0.001 -18"><span class='ocrx_word' id='word_1_584' title='bbox 295 5493 445 5558; x_wconf 81' lang='lat' dir='ltr'><strong><em>cundi</em></strong></span> <span class='ocrx_word' id='word_1_585' title='bbox 493 5491 786 5548; x_wconf 34' lang='lat' dir='ltr'><strong><em>in’lucem</em></strong></span> <span class='ocrx_word' id='word_1_586' title='bbox 834 5493 1019 5548; x_wconf 85' lang='lat' dir='ltr'><strong><em>emisit</em></strong></span> <span class='ocrx_word' id='word_1_587' title='bbox 1068 5493 1256 5558; x_wconf 88' lang='lat' dir='ltr'><strong><em>libros,</em></strong></span> <span class='ocrx_word' id='word_1_588' title='bbox 1298 5491 1580 5548; x_wconf 80' lang='lat' dir='ltr'><strong><em>admonuit</em></strong></span> <span class='ocrx_word' id='word_1_589' title='bbox 1612 5491 1863 5544; x_wconf 87' lang='lat' dir='ltr'><strong><em>Sirmon-</em></strong></span> 
     </span>
    </p>
   </div>
   <div class='ocr_carea' id='block_1_145' title="bbox 297 5555 1859 5632">
    <p class='ocr_par' dir='ltr' id='par_1_145' title="bbox 297 5555 1859 5632">
     <span class='ocr_line' id='line_1_145' title="bbox 297 5555 1859 5632; baseline 0.001 -21"><span class='ocrx_word' id='word_1_590' title='bbox 297 5555 409 5625; x_wconf 78' lang='lat' dir='ltr'><strong><em>dus,</em></strong></span> <span class='ocrx_word' id='word_1_591' title='bbox 439 5561 538 5616; x_wconf 85' lang='lat' dir='ltr'><strong><em>sed</em></strong></span> <span class='ocrx_word' id='word_1_592' title='bbox 586 5563 777 5619; x_wconf 82' lang='lat' dir='ltr'><strong><em>minus</em></strong></span> <span class='ocrx_word' id='word_1_593' title='bbox 807 5578 956 5632; x_wconf 85' lang='lat' dir='ltr'><strong><em>vere,</em></strong></span> <span class='ocrx_word' id='word_1_594' title='bbox 987 5577 1110 5617; x_wconf 86' lang='lat' dir='ltr'><strong><em>cum</em></strong></span> <span class='ocrx_word' id='word_1_595' title='bbox 1150 5555 1260 5630; x_wconf 77' lang='lat' dir='ltr'><strong><em>jam</em></strong></span> <span class='ocrx_word' id='word_1_596' title='bbox 1294 5579 1404 5622; x_wconf 88' lang='lat' dir='ltr'><strong><em>non</em></strong></span> <span class='ocrx_word' id='word_1_597' title='bbox 1437 5563 1615 5622; x_wconf 86' lang='lat' dir='ltr'><strong><em>solum</em></strong></span> <span class='ocrx_word' id='word_1_598' title='bbox 1651 5559 1859 5615; x_wconf 83' lang='lat' dir='ltr'><strong><em>Gesne-</em></strong></span> 
     </span>
    </p>
   </div>
   <div class='ocr_carea' id='block_1_146' title="bbox 1965 4520 3540 4588">
    <p class='ocr_par' dir='ltr' id='par_1_146' title="bbox 1965 4520 3540 4588">
     <span class='ocr_line' id='line_1_146' title="bbox 1965 4520 3540 4588; baseline 0.004 -16"><span class='ocrx_word' id='word_1_599' title='bbox 1965 4520 2109 4582; x_wconf 86' lang='lat' dir='ltr'><strong><em>vius,</em></strong></span> <span class='ocrx_word' id='word_1_600' title='bbox 2161 4521 2213 4574; x_wconf 88' lang='lat' dir='ltr'><strong><em>in</em></strong></span> <span class='ocrx_word' id='word_1_601' title='bbox 2254 4522 2413 4588; x_wconf 88' lang='lat' dir='ltr'><strong><em>cujus</em></strong></span> <span class='ocrx_word' id='word_1_602' title='bbox 2447 4523 2602 4574; x_wconf 87' lang='lat' dir='ltr'><strong><em>titulo</em></strong></span> <span class='ocrx_word' id='word_1_603' title='bbox 2633 4523 2856 4577; x_wconf 89' lang='lat' dir='ltr'><strong><em>minime</em></strong></span> <span class='ocrx_word' id='word_1_604' title='bbox 2891 4525 3099 4577; x_wconf 90' lang='lat' dir='ltr'><strong><em>nudum</em></strong></span> <span class='ocrx_word' id='word_1_605' title='bbox 3151 4534 3271 4579; x_wconf 88' lang='lat' dir='ltr'><strong><em>erat</em></strong></span> <span class='ocrx_word' id='word_1_606' title='bbox 3317 4526 3540 4579; x_wconf 86' lang='lat' dir='ltr'><strong><em>Diodori</em></strong></span> 
     </span>
    </p>
   </div>
   <div class='ocr_carea' id='block_1_147' title="bbox 1962 4591 3538 4657">
    <p class='ocr_par' dir='ltr' id='par_1_147' title="bbox 1962 4591 3538 4657">
     <span class='ocr_line' id='line_1_147' title="bbox 1962 4591 3538 4657; baseline 0.003 -16"><span class='ocrx_word' id='word_1_607' title='bbox 1962 4603 2180 4651; x_wconf 88' lang='lat' dir='ltr'><strong><em>nomen,</em></strong></span> <span class='ocrx_word' id='word_1_608' title='bbox 2231 4591 2692 4657; x_wconf 88' lang='lat' dir='ltr'><strong><em>quemadmodum</em></strong></span> <span class='ocrx_word' id='word_1_609' title='bbox 2745 4593 2833 4647; x_wconf 88' lang='lat' dir='ltr'><strong><em>ille</em></strong></span> <span class='ocrx_word' id='word_1_610' title='bbox 2883 4593 3095 4647; x_wconf 85' lang='lat' dir='ltr'><strong><em>censuit</em></strong></span> <span class='ocrx_word' id='word_1_611' title='bbox 3128 4609 3194 4646; x_wconf 81' lang='lat' dir='ltr'><strong><em>ex</em></strong></span> <span class='ocrx_word' id='word_1_612' title='bbox 3249 4597 3538 4655; x_wconf 84' lang='lat' dir='ltr'><strong><em>memoria,</em></strong></span> 
     </span>
    </p>
   </div>
   <div class='ocr_carea' id='block_1_148' title="bbox 1963 4659 3542 4730">
    <p class='ocr_par' dir='ltr' id='par_1_148' title="bbox 1963 4659 3542 4730">
     <span class='ocr_line' id='line_1_148' title="bbox 1963 4659 3542 4730; baseline 0.002 -20"><span class='ocrx_word' id='word_1_613' title='bbox 1963 4667 2022 4710; x_wconf 89' lang='lat' dir='ltr'><strong><em>ut</em></strong></span> <span class='ocrx_word' id='word_1_614' title='bbox 2052 4659 2592 4730; x_wconf 75' lang='lat' dir='ltr'><strong><em>videtur,scribens.</em></strong></span> <span class='ocrx_word' id='word_1_615' title='bbox 2629 4659 3032 4730; x_wconf 29' lang='lat' dir='ltr'><strong><em>Utrumﬁaulem</em></strong></span> <span class='ocrx_word' id='word_1_616' title='bbox 3065 4659 3335 4730; x_wconf 80' lang='lat' dir='ltr'><strong><em>Facundo</em></strong></span> <span class='ocrx_word' id='word_1_617' title='bbox 3358 4663 3542 4730; x_wconf 83' lang='lat' dir='ltr'><strong><em>potius</em></strong></span> 
     </span>
    </p>
   </div>
   <div class='ocr_carea' id='block_1_149' title="bbox 1963 4727 3542 4795">
    <p class='ocr_par' dir='ltr' id='par_1_149' title="bbox 1963 4727 3542 4795">
     <span class='ocr_line' id='line_1_149' title="bbox 1963 4727 3542 4795; baseline 0.001 -14"><span class='ocrx_word' id='word_1_618' title='bbox 1963 4729 2216 4781; x_wconf 87' lang='lat' dir='ltr'><strong><em>standum</em></strong></span> <span class='ocrx_word' id='word_1_619' title='bbox 2272 4729 2382 4788; x_wconf 89' lang='lat' dir='ltr'><strong><em>sit,</em></strong></span> <span class='ocrx_word' id='word_1_620' title='bbox 2432 4744 2499 4780; x_wconf 85' lang='lat' dir='ltr'><strong><em>an</em></strong></span> <span class='ocrx_word' id='word_1_621' title='bbox 2555 4730 2762 4781; x_wconf 83' lang='lat' dir='ltr'><strong><em>auctori</em></strong></span> <span class='ocrx_word' id='word_1_622' title='bbox 2823 4729 3132 4795; x_wconf 82' lang='lat' dir='ltr'><strong><em>Epitomes.</em></strong></span> <span class='ocrx_word' id='word_1_623' title='bbox 3196 4727 3542 4782; x_wconf 41' lang='lat' dir='ltr'><strong><em>haud—levis</em></strong></span> 
     </span>
    </p>
   </div>
   <div class='ocr_carea' id='block_1_150' title="bbox 1962 4796 3543 4866">
    <p class='ocr_par' dir='ltr' id='par_1_150' title="bbox 1962 4796 3543 4866">
     <span class='ocr_line' id='line_1_150' title="bbox 1962 4796 3543 4866; baseline 0.001 -17"><span class='ocrx_word' id='word_1_624' title='bbox 1962 4796 2356 4866; x_wconf 66' lang='lat' dir='ltr'><strong><em>disputationis</em></strong></span> <span class='ocrx_word' id='word_1_625' title='bbox 2407 4805 2791 4864; x_wconf 79' lang='lat' dir='ltr'><strong><em>argumentum</em></strong></span> <span class='ocrx_word' id='word_1_626' title='bbox 2836 4813 2956 4853; x_wconf 87' lang='lat' dir='ltr'><strong><em>esse</em></strong></span> <span class='ocrx_word' id='word_1_627' title='bbox 2988 4804 3188 4866; x_wconf 89' lang='lat' dir='ltr'><strong><em>potest.</em></strong></span> <span class='ocrx_word' id='word_1_628' title='bbox 3243 4796 3543 4852; x_wconf 83' lang='lat' dir='ltr'><strong><em>Facundos</em></strong></span> 
     </span>
    </p>
   </div>
   <div class='ocr_carea' id='block_1_151' title="bbox 1964 4865 3545 4937">
    <p class='ocr_par' dir='ltr' id='par_1_151' title="bbox 1964 4865 3545 4937">
     <span class='ocr_line' id='line_1_151' title="bbox 1964 4865 3545 4937; baseline 0.004 -22"><span class='ocrx_word' id='word_1_629' title='bbox 1964 4865 2251 4937; x_wconf 77' lang='lat' dir='ltr'><strong><em>postquam</em></strong></span> <span class='ocrx_word' id='word_1_630' title='bbox 2321 4865 2949 4937; x_wconf 10' lang='lat' dir='ltr'><strong><em>Epiphaniiﬁepistolam</em></strong></span> <span class='ocrx_word' id='word_1_631' title='bbox 2989 4865 3368 4937; x_wconf 65' lang='lat' dir='ltr'><strong><em>descripserit</em></strong></span> <span class='ocrx_word' id='word_1_632' title='bbox 3421 4866 3545 4937; x_wconf 68' lang='lat' dir='ltr'><strong><em>llaec</em></strong></span> 
     </span>
    </p>
   </div>
   <div class='ocr_carea' id='block_1_152' title="bbox 1963 4935 3542 5006">
    <p class='ocr_par' dir='ltr' id='par_1_152' title="bbox 1963 4935 3542 5006">
     <span class='ocr_line' id='line_1_152' title="bbox 1963 4935 3542 5006; baseline -0.001 -17"><span class='ocrx_word' id='word_1_633' title='bbox 1963 4935 2148 4989; x_wconf 81' lang='lat' dir='ltr'><strong><em>subdit</em></strong></span> <span class='ocrx_word' id='word_1_634' title='bbox 2203 4951 2311 4988; x_wconf 92' lang='lat' dir='ltr'><strong><em>non</em></strong></span> <span class='ocrx_word' id='word_1_635' title='bbox 2376 4935 2736 4992; x_wconf 49' lang='lat' dir='ltr'><strong><em>omittenda}</em></strong></span> <span class='ocrx_word' id='word_1_636' title='bbox 2775 4935 2898 4990; x_wconf 85' lang='lat' dir='ltr'><strong><em>Non</em></strong></span> <span class='ocrx_word' id='word_1_637' title='bbox 2954 4937 3104 5005; x_wconf 87' lang='lat' dir='ltr'><strong><em>parvi</em></strong></span> <span class='ocrx_word' id='word_1_638' title='bbox 3151 4935 3285 4991; x_wconf 73' lang='lat' dir='ltr'><strong><em>esset</em></strong></span> <span class='ocrx_word' id='word_1_639' title='bbox 3326 4936 3542 5006; x_wconf 87' lang='lat' dir='ltr'><strong><em>judicii,</em></strong></span> 
     </span>
    </p>
   </div>
   <div class='ocr_carea' id='block_1_153' title="bbox 1961 5005 3546 5073">
    <p class='ocr_par' dir='ltr' id='par_1_153' title="bbox 1961 5005 3546 5073">
     <span class='ocr_line' id='line_1_153' title="bbox 1961 5005 3546 5073; baseline 0 -16"><span class='ocrx_word' id='word_1_640' title='bbox 1961 5006 2363 5059; x_wconf 85' lang='lat' dir='ltr'><strong><em>clementissime</em></strong></span> <span class='ocrx_word' id='word_1_641' title='bbox 2419 5007 2740 5073; x_wconf 89' lang='lat' dir='ltr'><strong><em>imperator,</em></strong></span> <span class='ocrx_word' id='word_1_642' title='bbox 2790 5007 2868 5060; x_wconf 81' lang='lat' dir='ltr'><strong><em>vel</em></strong></span> <span class='ocrx_word' id='word_1_643' title='bbox 2919 5009 2966 5061; x_wconf 88' lang='lat' dir='ltr'><strong><em>si</em></strong></span> <span class='ocrx_word' id='word_1_644' title='bbox 3026 5006 3258 5060; x_wconf 87' lang='lat' dir='ltr'><strong><em>aliorum</em></strong></span> <span class='ocrx_word' id='word_1_645' title='bbox 3319 5005 3546 5059; x_wconf 82' lang='lat' dir='ltr'><strong><em>Patrum</em></strong></span> 
     </span>
    </p>
   </div>
   <div class='ocr_carea' id='block_1_154' title="bbox 1963 5075 3546 5139">
    <p class='ocr_par' dir='ltr' id='par_1_154' title="bbox 1963 5075 3546 5139">
     <span class='ocr_line' id='line_1_154' title="bbox 1963 5075 3546 5139; baseline -0.001 -11"><span class='ocrx_word' id='word_1_646' title='bbox 1963 5077 2265 5128; x_wconf 88' lang='lat' dir='ltr'><strong><em>testimonia</em></strong></span> <span class='ocrx_word' id='word_1_647' title='bbox 2315 5075 2624 5139; x_wconf 67' lang='lat' dir='ltr'><strong><em>defuissent.</em></strong></span> <span class='ocrx_word' id='word_1_648' title='bbox 2676 5075 2874 5131; x_wconf 87' lang='lat' dir='ltr'><strong><em>nullius</em></strong></span> <span class='ocrx_word' id='word_1_649' title='bbox 2907 5087 3174 5129; x_wconf 86' lang='lat' dir='ltr'><strong><em>auctorem</em></strong></span> <span class='ocrx_word' id='word_1_650' title='bbox 3204 5075 3416 5129; x_wconf 78' lang='lat' dir='ltr'><strong><em>Itwresis</em></strong></span> <span class='ocrx_word' id='word_1_651' title='bbox 3450 5090 3546 5128; x_wconf 76' lang='lat' dir='ltr'><strong><em>ex-</em></strong></span> 
     </span>
    </p>
   </div>
   <div class='ocr_carea' id='block_1_155' title="bbox 1960 5143 3546 5214">
    <p class='ocr_par' dir='ltr' id='par_1_155' title="bbox 1960 5143 3546 5214">
     <span class='ocr_line' id='line_1_155' title="bbox 1960 5143 3546 5214; baseline -0.001 -17"><span class='ocrx_word' id='word_1_652' title='bbox 1960 5146 2158 5198; x_wconf 87' lang='lat' dir='ltr'><strong><em>stitisse</em></strong></span> <span class='ocrx_word' id='word_1_653' title='bbox 2195 5143 2504 5207; x_wconf 87' lang='lat' dir='ltr'><strong><em>Diodorum,</em></strong></span> <span class='ocrx_word' id='word_1_654' title='bbox 2540 5147 2677 5214; x_wconf 89' lang='lat' dir='ltr'><strong><em>quod</em></strong></span> <span class='ocrx_word' id='word_1_655' title='bbox 2719 5163 2834 5200; x_wconf 88' lang='lat' dir='ltr'><strong><em>eum</em></strong></span> <span class='ocrx_word' id='word_1_656' title='bbox 2888 5145 3234 5214; x_wconf 82' lang='lat' dir='ltr'><strong><em>Epiphanius.</em></strong></span> <span class='ocrx_word' id='word_1_657' title='bbox 3271 5145 3350 5197; x_wconf 85' lang='lat' dir='ltr'><strong><em>vir</em></strong></span> <span class='ocrx_word' id='word_1_658' title='bbox 3383 5161 3546 5214; x_wconf 83' lang='lat' dir='ltr'><strong><em>saga-</em></strong></span> 
     </span>
    </p>
   </div>
   <div class='ocr_carea' id='block_1_156' title="bbox 1959 5213 3550 5281">
    <p class='ocr_par' dir='ltr' id='par_1_156' title="bbox 1959 5213 3550 5281">
     <span class='ocr_line' id='line_1_156' title="bbox 1959 5213 3550 5281; baseline 0 -15"><span class='ocrx_word' id='word_1_659' title='bbox 1959 5216 2224 5274; x_wconf 85' lang='lat' dir='ltr'><strong><em>cissimus,</em></strong></span> <span class='ocrx_word' id='word_1_660' title='bbox 2259 5223 2306 5267; x_wconf 93' lang='lat' dir='ltr'><strong><em>et</em></strong></span> <span class='ocrx_word' id='word_1_661' title='bbox 2343 5218 2394 5267; x_wconf 89' lang='lat' dir='ltr'><strong><em>in</em></strong></span> <span class='ocrx_word' id='word_1_662' title='bbox 2425 5213 2668 5268; x_wconf 84' lang='lat' dir='ltr'><strong><em>doctrina</em></strong></span> <span class='ocrx_word' id='word_1_663' title='bbox 2711 5215 2986 5268; x_wconf 71' lang='lat' dir='ltr'><strong><em>catholica:</em></strong></span> <span class='ocrx_word' id='word_1_664' title='bbox 3038 5215 3161 5281; x_wconf 75' lang='lat' dir='ltr'><strong><em>[ir/ei</em></strong></span> <span class='ocrx_word' id='word_1_665' title='bbox 3205 5213 3550 5266; x_wconf 79' lang='lat' dir='ltr'><strong><em>laudabiliter</em></strong></span> 
     </span>
    </p>
   </div>
   <div class='ocr_carea' id='block_1_157' title="bbox 1965 5283 3546 5352">
    <p class='ocr_par' dir='ltr' id='par_1_157' title="bbox 1965 5283 3546 5352">
     <span class='ocr_line' id='line_1_157' title="bbox 1965 5283 3546 5352; baseline -0.001 -16"><span class='ocrx_word' id='word_1_666' title='bbox 1965 5285 2302 5352; x_wconf 67' lang='lat' dir='ltr'><strong><em>diffamatus,</em></strong></span> <span class='ocrx_word' id='word_1_667' title='bbox 2331 5300 2431 5336; x_wconf 88' lang='lat' dir='ltr'><strong><em>non</em></strong></span> <span class='ocrx_word' id='word_1_668' title='bbox 2459 5285 2820 5338; x_wconf 87' lang='lat' dir='ltr'><strong><em>memoraverit</em></strong></span> <span class='ocrx_word' id='word_1_669' title='bbox 2845 5285 2982 5336; x_wconf 88' lang='lat' dir='ltr'><strong><em>inter</em></strong></span> <span class='ocrx_word' id='word_1_670' title='bbox 3008 5283 3417 5345; x_wconf 81' lang='lat' dir='ltr'><strong><em>Itwresiarchas,</em></strong></span> <span class='ocrx_word' id='word_1_671' title='bbox 3438 5291 3546 5336; x_wconf 89' lang='lat' dir='ltr'><strong><em>etc.</em></strong></span> 
     </span>
    </p>
   </div>
   <div class='ocr_carea' id='block_1_158' title="bbox 2039 5352 3548 5424">
    <p class='ocr_par' dir='ltr' id='par_1_158' title="bbox 2039 5352 3548 5424">
     <span class='ocr_line' id='line_1_158' title="bbox 2039 5352 3548 5424; baseline -0.001 -20"><span class='ocrx_word' id='word_1_672' title='bbox 2039 5354 2154 5424; x_wconf 68' lang='lat' dir='ltr'><strong><em>(l9)</em></strong></span> <span class='ocrx_word' id='word_1_673' title='bbox 2203 5353 2297 5406; x_wconf 87' lang='lat' dir='ltr'><strong><em>llis</em></strong></span> <span class='ocrx_word' id='word_1_674' title='bbox 2357 5354 2539 5407; x_wconf 83' lang='lat' dir='ltr'><strong><em>verbis</em></strong></span> <span class='ocrx_word' id='word_1_675' title='bbox 2595 5353 2822 5407; x_wconf 89' lang='lat' dir='ltr'><strong><em>lineolas</em></strong></span> <span class='ocrx_word' id='word_1_676' title='bbox 2865 5355 2996 5424; x_wconf 61' lang='lat' dir='ltr'><strong><em>illas</em></strong></span> <span class='ocrx_word' id='word_1_677' title='bbox 3052 5352 3431 5424; x_wconf 68' lang='lat' dir='ltr'><strong><em>opposuimus,</em></strong></span> <span class='ocrx_word' id='word_1_678' title='bbox 3467 5357 3548 5424; x_wconf 81' lang='lat' dir='ltr'><strong><em>_ut</em></strong></span> 
     </span>
    </p>
   </div>
   <div class='ocr_carea' id='block_1_159' title="bbox 1968 5418 3550 5491">
    <p class='ocr_par' dir='ltr' id='par_1_159' title="bbox 1968 5418 3550 5491">
     <span class='ocr_line' id='line_1_159' title="bbox 1968 5418 3550 5491; baseline -0.001 -12"><span class='ocrx_word' id='word_1_679' title='bbox 1968 5418 2153 5479; x_wconf 79' lang='lat' dir='ltr'><strong><em>statim</em></strong></span> <span class='ocrx_word' id='word_1_680' title='bbox 2185 5429 2481 5491; x_wconf 83' lang='lat' dir='ltr'><strong><em>appareant</em></strong></span> <span class='ocrx_word' id='word_1_681' title='bbox 2513 5436 2633 5490; x_wconf 63' lang='lat' dir='ltr'><strong><em>quae</em></strong></span> <span class='ocrx_word' id='word_1_682' title='bbox 2667 5420 2906 5491; x_wconf 70' lang='lat' dir='ltr'><strong><em>praeterit</em></strong></span> <span class='ocrx_word' id='word_1_683' title='bbox 2929 5490 2934 5491; x_wconf 14' lang='grc' dir='ltr'>ί</span> <span class='ocrx_word' id='word_1_684' title='bbox 2955 5418 3252 5478; x_wconf 76' lang='lat' dir='ltr'><strong><em>Facundos</em></strong></span> <span class='ocrx_word' id='word_1_685' title='bbox 3298 5418 3550 5478; x_wconf 78' lang='lat' dir='ltr'><strong><em>Hermia-</em></strong></span> 
     </span>
    </p>
   </div>
   <div class='ocr_carea' id='block_1_160' title="bbox 1971 5490 3048 5561">
    <p class='ocr_par' dir='ltr' id='par_1_160' title="bbox 1971 5490 3048 5561">
     <span class='ocr_line' id='line_1_160' title="bbox 1971 5490 3048 5561; baseline -0.005 -13"><span class='ocrx_word' id='word_1_686' title='bbox 1971 5491 2154 5548; x_wconf 85' lang='lat' dir='ltr'><strong><em>nensis</em></strong></span> <span class='ocrx_word' id='word_1_687' title='bbox 2186 5490 2460 5561; x_wconf 86' lang='lat' dir='ltr'><strong><em>inquiens,</em></strong></span> <span class='ocrx_word' id='word_1_688' title='bbox 2502 5494 2569 5546; x_wconf 83' lang='lat' dir='ltr'><strong><em>Et</em></strong></span> <span class='ocrx_word' id='word_1_689' title='bbox 2603 5490 2719 5560; x_wconf 77' lang='lat' dir='ltr'><strong><em>post</em></strong></span> <span class='ocrx_word' id='word_1_690' title='bbox 2747 5490 3048 5560; x_wconf 80' lang='lat' dir='ltr'><strong><em>paululum.</em></strong></span> 
     </span>
    </p>
   </div>
  </div>
