3916 6196
531 193 633 248 323

1781 206 1958 263 LIBRI
2001 208 2084 263 DE
2123 208 2213 265 XII
2257 210 2517 267 GEMMIS

3617 230 3706 285 ιιι

485 320 507 339 ο
533 306 935 367 benedictionem
972 317 1281 371 miraculum
1360 318 1654 388 lapidibus,
1687 324 1779 392 qui
1817 326 1869 378 in
1922 342 2105 396 super-
2134 335 2174 390 Α
2208 329 2407 403 tudine
2423 332 2659 400 palmum
2693 348 2880 388 unum.
2908 332 3071 389 Primi
3104 348 3234 405 ergo
3269 350 3453 392 versus
3478 337 3593 394 ordo
3614 352 3705 401 est:

532 402 770 471 contigit,
815 415 863 458 et
904 405 1279 470 Samaritanw,

533 506 628 557 pro
652 511 788 563 aqua
818 496 1055 549 sensibili
1074 496 1285 549 Domini

534 586 843 651 mysterium
895 584 1224 638 revelabalur
1266 603 1282 639 :

531 674 609 727 sic
619 684 669 726 et
684 676 855 738 nobis,
866 675 1068 743 exigatis
1081 686 1290 732 muts-

532 762 690 827 tibus,
718 764 809 817 sed
831 781 960 819 novo
994 767 1280 835 intellectu,

526 862 575 906 et
605 870 736 907 nova
752 858 1065 925 cognitione,
1088 868 1136 913 et
1151 877 1283 915 nova

529 946 731 999 ratione
761 947 1087 1003 abundantia
1125 951 1280 1005 undi-

524 1054 621 1105 que
664 1040 847 1107 e/fecta
888 1051 987 1106 est,
1022 1045 1179 1098 veluti
1213 1062 1277 1099 ea:

527 1142 716 1196 magna
743 1129 990 1183 imbrium
1021 1133 1276 1200 effusione

522 1239 617 1290 rer
674 1227 961 1280 orationem
1020 1228 1155 1281 Elite
1228 1242 1276 1284 et

524 1317 752 1371 aliorum
865 1321 1273 1389 prop/telarum,

522 1423 744 1475 quarunt
774 1419 823 1462 et
848 1411 1014 1479 ﬁlius,
1047 1422 1094 1465 et
1122 1412 1277 1467 disci-

521 1500 701 1563 palus,
724 1510 773 1553 et
816 1518 1089 1556 successor
1132 1506 1273 1559 exsi-

530 1590 626 1642 stis
692 1590 1039 1655 honorabilis,
1099 1595 1268 1647 susci-

528 1681 675 1747 piens
746 1684 1088 1751 propinquam
1161 1686 1268 1740 illis

520 1770 654 1820 lianc
668 1772 891 1838 gratiam
914 1790 945 1825 a
964 1772 1206 1838 Domino,
1220 1784 1268 1828 et

520 1860 665 1913 nobis
683 1877 773 1928 per
796 1865 1084 1917 oralionem
1119 1867 1271 1919 attri-

521 1954 702 2007 luteus.

1358 406 1653 464 humeralis
1685 410 1954 467 llationali
1980 430 2105 483 pon-

1354 499 1540 565 tificis,
1570 509 1702 557 tunc
1731 508 2103 574 super’pectus

1354 590 1534 646 Aaron
1588 595 1785 664 apponi
1844 599 2101 666 praecepti

1354 691 1506 749 sunt,
1535 693 1597 739 ut
1630 690 1848 741 nomina
1891 702 2101 754 eorum,

1352 786 1405 831 et
1463 778 1710 841 colores.
1763 788 1817 833 et
1869 779 2105 848 species,

1351 883 1561 923 necnon
1614 879 1667 926 et
1700 871 1839 936 loca,
1862 887 1956 926 seu
1980 886 2105 925 con-

1351 963 1767 1032 templationes,
1832 981 1973 1033 quas
2032 964 2101 1019 ad

1355 1051 1594 1106 divinum
1666 1054 1868 1107 cultum
1962 1053 2100 1109 refe—

1350 1158 1492 1211 rant,
1535 1150 1844 1219 singulique
1892 1150 2099 1219 lapides

1351 1256 1448 1309 pro
1495 1256 1601 1309 qua
1659 1242 1801 1295 tribu
1836 1242 2119 1310 impositi,

1348 1331 1430 1385 vel
1463 1332 1607 1387 unde
1648 1332 1874 1402 reperti,
1921 1332 2004 1387 vel
2032 1349 2094 1387 ex

1349 1436 1456 1492 qua
1525 1424 1695 1492 patria
1761 1424 2062 1493 probentur
2080 1463 2094 1489 ,

1347 1530 1634 1586 exponam.
1678 1514 1742 1568 Et
1785 1516 1943 1570 nobis
1984 1517 2099 1585 qui-

1346 1609 1490 1675 dem,
1513 1610 1809 1663 memoravi
1833 1619 2097 1679 tanquam

1346 1797 1586 1867 inopiam
1674 1796 1909 1851 dillicilis
1979 1806 2095 1851 erat

1345 1888 1538 1941 horum
1574 1902 1796 1956 prorsus
1830 1886 1988 1957 24],
2016 1886 2093 1958 [5]

1346 1978 1605 2033 inventio.
1630 1978 1828 2033 Verum
1849 1980 1989 2032 sicut
2017 1979 2094 2032 illi

519 2082 613 2135 per
644 2068 1074 2124 benedictionem
1106 2071 1355 2125 miranda
1382 2086 1467 2125 res
1498 2070 1719 2134 accidit,
1762 2077 1816 2123 et
1852 2068 2095 2123 Samari-

516 2165 655 2210 tana:
691 2174 787 2226 pro
831 2174 969 2228 aqua
1002 2161 1244 2215 sensibili
1299 2159 1685 2231 mysteriorum
1742 2158 1955 2213 Domini
1985 2175 2096 2212 mu-

516 2261 620 2300 uus
671 2255 999 2302 ostensum:
1043 2250 1122 2303 sic
1170 2250 1328 2303 nobis
1382 2249 1546 2304 nimis
1598 2249 1890 2317 sapientia,
1934 2257 2095 2318 atque

515 2334 766 2397 scientia,
801 2343 853 2388 et
885 2351 1139 2391 sermone
1172 2337 1452 2391 destitutis
1501 2336 1613 2406 (20)
1654 2337 1894 2404 undique
1925 2336 2094 2389 l'acul-

515 2430 599 2475 tas
634 2434 715 2475 est
765 2423 1049 2487 attributa,
1104 2426 1251 2478 velut
1284 2413 1352 2479 exi
1403 2426 1591 2479 multis
1630 2425 1896 2477 imbribus
1932 2423 2091 2477 fertili

516 2512 763 2580 largitate
813 2512 1051 2575 diﬂusis,
1099 2513 1227 2567 Elia:
1273 2514 1548 2582 precibus,
1594 2514 1933 2582 aliorumque
1976 2527 2095 2581 pro-

515 2605 818 2670 phetarum,
868 2619 1101 2672 quorum
1146 2603 1249 2667 Tu,
1310 2604 1473 2665 ﬁlius,
1509 2604 1831 2672 discipulus,
1874 2612 1925 2658 et
1960 2617 2076 2659 suc-

512 2708 697 2747 cessor
736 2694 1064 2748 venerabilis
1110 2695 1456 2763 approbaris,
1508 2695 1786 2763 accipiens
1840 2709 1981 2756 eam,
2029 2702 2088 2746 ut

511 2784 609 2849 illi,
641 2800 671 2837 a
718 2784 948 2839 Domino
987 2787 1422 2857 gratiam,nobis
1468 2800 1697 2856 eamque
1750 2786 2091 2841 orationibus

511 2876 620 2931 tuis
650 2877 986 2946 impertiens.

582 2960 735 3017 Unde
761 2964 872 3033 jam
905 2964 972 3019 de
1003 2964 1087 3019 his
1134 2965 1391 3034 incipiam
1436 2965 1619 3057 dicere
1655 2984 1668 3018 :
1709 2966 1943 3034 primum
1976 2964 2089 3034 qui-
2114 2999 2155 3057 ε

508 3055 630 3108 dem
688 3057 896 3109 veniam
946 3071 1203 3127 poscens,
1259 3067 1314 3111 et
1361 3056 1623 3126 propositi
1678 3059 1784 3112 mei
1844 3057 2084 3111 studium

508 3143 857 3213 patefaciens,
891 3146 1016 3199 licet
1049 3147 1299 3201 invalida:
1338 3147 1746 3203 dissertationis
1776 3148 1982 3216 possim
2009 3162 2087 3201 re-

507 3235 649 3289 ferre
695 3250 1023 3290 sermonem.
1090 3236 1185 3291 Est
1236 3253 1365 3307 ergo
1412 3238 1647 3307 primum
1701 3239 1970 3307 scriptum
2027 3239 2081 3291 in

505 3330 743 3391 quatuor
771 3324 1039 3388 versibus,
1077 3324 1469 3393 quadrifariam
1514 3325 1713 3395 quippe
1743 3325 2083 3379 discrimina-

507 3414 687 3477 batur,
735 3415 1016 3468 Rationale
1050 3415 1345 3484 pontiﬁcis,
1403 3416 1691 3486 ipsumque
1744 3417 2085 3487 quadrangu-

520 3506 631 3558 lum
662 3513 800 3569 erat,
834 3506 1037 3561 habens
1068 3515 1174 3561 tam
1204 3506 1260 3559 in
1287 3506 1645 3579 longitudine,
1676 3521 1839 3576 quam
1881 3507 1937 3560 in
1972 3507 2085 3559 lati-

577 3679 689 3750 (20)
729 3678 786 3733 ln
825 3680 949 3735 cod.
986 3679 1103 3734 Vat.
1133 3681 1331 3751 legitur
1366 3683 1706 3746 constitutus,
1763 3682 1854 3736 sed
1901 3682 2073 3734 mani-

503 3748 904 3805 festo'librarii
959 3767 1163 3806 errore.
1192 3748 1373 3820 Ἀριιά
1430 3751 1743 3805 Facundum
1797 3755 2069 3805 sententia

503 3819 661 3874 aliter
720 3821 982 3890 procedit,
1036 3822 1130 3875 sed
1194 3819 1490 3874 Facundus
1527 3822 1870 3876 versionibus
1921 3820 2068 3874 haud

502 3891 1052 3959 multumdiligentcr
1082 3891 1237 3944 factis
1264 3900 1349 3944 est
1386 3907 1537 3945 usus.

573 3957 988 4031 (21)]ῐρὶιιῐιιιίξἓ
1037 3960 1259 4031 Πρῶτος
1300 3960 1446 4023 λίϐος
1485 3960 1707 4031 sepem;
1740 3961 1787 4031 ὸν
1815 3957 2073 4031 Bubulco-

502 4027 614 4099 νιος
659 4027 801 4099 οὖῖώ
828 4027 1178 4099 καλούμεὺος·
1221 4028 1438 4083 Primus
1477 4027 1613 4099 lapis
1635 4030 1855 4085 Sordius
1891 4028 2071 4097 Baby-

504 4096 678 4150 lonius
716 4097 888 4151 dictus
930 4096 1051 4166 fuit.

573 4165 684 4236 (22)
724 4165 1056 4235 Netnpealia
1084 4166 1567 4237 quoque_Babylon
1600 4166 1699 4237 fuit
1736 4167 1787 4218 iu
1813 4166 2069 4237 IEgypto,

512 4235 715 4303 dequa
758 4237 1007 4304 pluribus
1048 4238 1130 4304 egi
1174 4235 1230 4289 in
1275 4235 1753 4292 Exercitationibus
1803 4235 2073 4287 historico-

504 4281 715 4373 ἱνῖιῗεξέ
753 4281 1230 4357 ἂῖἰξὶὲἦῖαιῐῖῥῗ
1267 4281 2063 4373 Et}?iiiiéié'éiépﬁéopam,
2103 4281 2147 4338 υ

498 4371 828 4431 etc.,Exerc.
868 4374 953 4425 l0.

569 4438 682 4513 (ἓξ)
724 4439 946 4513 porrige
975 4440 1181 4513 medici.
1224 4440 1470 4513 Epitome
1500 4440 1749 4513 Gesneri,
1782 4442 1828 4492 ot
1868 4442 2062 4513 ἰατροί.

572 4507 684 4577 (24)
725 4507 901 4577 Hujus
930 4510 1081 4563 urbis
1107 4507 1284 4565 nemo
1307 4512 1445 4566 alius
1472 4512 1603 4564 mihi
1634 4517 1795 4565 notus
1822 4507 2066 4567 meminit

498 4585 699 4646 praeter
728 4577 1087 4651 Epiphanium
1116 4580 1221 4633 hoc
1267 4580 1408 4651 loco,
1460 4580 1587 4635 licet
1638 4581 1891 4651 celebris,
1921 4583 2062 4651 apud

500 4654 711 4703 veteres
744 4658 999 4721 auctores
1023 4649 1093 4721 sit
1135 4651 1313 4721 insula
1350 4649 1602 4721 iTopazos
1656 4650 1819 4704 dicta.
1874 4649 2064 4721 Itaque

498 4725 593 4790 aut
650 4719 852 4772 erravit
907 4718 1244 4789 Epiphanius
1280 4718 1467 4774 urbem
1529 4735 1630 4790 pro
1678 4721 1856 4774 insula
1912 4718 2060 4775 acci-

497 4789 674 4859 piens,
706 4796 797 4841 aut
826 4788 987 4842 etiam
1020 4791 1211 4845 insul-.e
1248 4788 1562 4859 metropolis
1592 4788 1806 4857 Topaza
1839 4790 2061 4845 diceba-

497 4868 605 4910 tur.
642 4857 813 4912 Porro
852 4860 919 4912 de
969 4860 1075 4914 situ
1130 4860 1359 4928 hujusve
1409 4857 1601 4913 insul.e
1640 4874 1745 4928 non
1783 4873 1903 4928 una
1939 4874 2061 4913 esse

493 4928 710 4996 videtur
750 4929 992 4979 omnium
1042 4926 1344 4992 sententia;
1402 4930 1612 4983 scilicet
1647 4926 1956 4996 Stephanus
2005 4929 2059 4981 in

496 4995 645 5049 India
679 4998 946 5061 collocat;
981 4996 1035 5048 in
1068 4999 1203 5051 mari
1252 4997 1439 5052 Rubro
1478 4996 1617 5050 Juba
1646 4995 1787 5065 apud
1822 4995 2055 5049 Plinium

493 5065 587 5120 lib.
644 5080 849 5129 xxxvii,
904 5079 1026 5185 cog.
1077 5067 1182 5131 59.;
1239 5068 1292 5119 in
1332 5069 1528 5120 Arabia
1580 5082 1706 5120 vero
1767 5065 2058 5120 Archelaus

493 5135 633 5185 anud
680 5138 927 5185 euiudeni
1014 5134 1201 5185 linium
1233 5136 1422 5185 eodem
1458 5138 1596 5185 loco.
1640 5144 1693 5185 et
1736 5136 1851 5185 inse
1893 5135 2056 5185 etiam

492 5135 633 5204 apud
680 5138 927 5190 eumdem
968 5134 1201 5187 Plinium
1233 5136 1422 5190 eodem
1458 5138 1596 5196 loco.
1640 5144 1693 5188 et
1736 5136 1851 5204 ipse
1893 5135 2056 5188 etiam

490 5202 701 5260 Plinius
758 5207 849 5257 lib.
890 5220 963 5267 vt,
1016 5220 1137 5273 cap.
1175 5205 1264 5270 54,
1311 5221 1520 5260 necnon
1572 5202 1770 5259 Strabo
1804 5204 1899 5258 lib.
1944 5220 2053 5269 xvi,

492 5273 759 5343 Diodorus
799 5274 1014 5329 Siculus
1045 5275 1137 5328 lib.
1172 5290 1255 5337 III,
1319 5275 1639 5329 Ptolenueus
1684 5275 1780 5329 lib.
1826 5290 1899 5337 tv,
1932 5289 2051 5343 cap.

490 5341 542 5407 Β,
569 5343 776 5398 Psellus
802 5343 879 5397 De
902 5346 1135 5413 gemmis,
1171 5344 1412 5400 Isidorus
1437 5344 1582 5413 Orig.
1616 5346 1708 5399 lib.
1745 5361 1817 5405 Vl,
1853 5359 1977 5412 cap.
2000 5341 2053 5409 7,

490 5413 708 5481 aliique.
767 5413 1024 5478 Quinimo
1072 5415 1348 5469 Braunius
1408 5414 1483 5468 De
1534 5425 1660 5467 eest.
1721 5415 2052 5468 sacerdotum

490 5481 651 5556 Hebr.
684 5483 776 5535 lib.
804 5500 863 5545 ιι,
896 5500 1015 5553 cap.
1045 5484 1099 5556 ἓ,
1129 5484 1155 5556 §
1188 5484 1276 5550 9'2,
1306 5493 1359 5556 et
1395 5483 1527 5556 illud
1553 5482 1686 5556 Jobi
1703 5499 2053 5556 cap.__x1tvm,

489 5560 539 5598 v.
576 5550 656 5615 19,
690 5562 794 5609 tm:
842 5550 1005 5614 r'l'mb
1058 5550 1272 5608 Pit'datlt
1306 5553 1498 5616 Cusch,
1547 5554 1689 5621 quod
1736 5550 1789 5608 in
1824 5553 2053 5625 Vulgata

2213 421 2454 475 sardium
2517 424 2724 492 primus
2776 425 2933 493 lapis,
2985 425 3110 479 dein
3166 428 3426 495 tepazion,
3471 439 3576 498 post
3603 448 3713 487 suta-

2208 513 2409 582 ragdus
2443 533 2455 569 :
2487 515 2713 570 secundi
2743 532 2933 571 versus
2969 516 3179 585 primus
3213 517 3347 586 lapis
3374 520 3712 587 carbunculus.

2206 602 2329 657 dein
2372 604 2685 674 sapphirus,
2736 614 2857 674 post
2894 604 3101 676 jaspis;
3152 606 3290 659 tertii
3332 621 3511 661 versus
3545 610 3718 678 primus

2206 690 2348 762 lapis
2397 694 2671 764 ligyt'ium,
2722 695 2847 749 dein
2905 695 3146 757 achates,
3202 702 3324 764 post
3378 697 3713 766 amethystus:

2204 785 2383 854 quarti
2429 800 2645 854 quoque
2691 800 2880 840 versus
2921 787 3167 849 extremi,
3211 788 3412 855 primus
3442 787 3565 855 lapis
3595 789 3716 858 chry-

2205 876 2462 943 sélithns,
2515 876 2711 932 deinde
2770 878 3072 947 beryllum,
3124 887 3246 947 post
3295 878 3589 947 onychium.
3642 880 3713 934 lsti

2203 967 2421 1037 quidem
2471 975 2597 1023 sunt
2649 967 2939 1024 duodecim
2984 967 3219 1037 lapides,
3262 982 3397 1038 quos
3447 976 3635 1022 constat
3671 970 3714 1023 in

2186 1057 2510 1126 'Rationali,
2540 1057 2684 1128 quod
2735 1059 2787 1112 in
2817 1057 3245 1126 superba-erati
3295 1058 3549 1126 pontificis
3587 1074 3715 1127 pone-

2200 1147 2359 1205 batur
2408 1148 2487 1221 [6]
2530 1150 2787 1216 insertos,
2834 1164 3065 1219 quorum
3126 1148 3454 1206 diﬂerentias
3526 1150 3715 1219 locaque

2199 1239 2461 1294 dicemus.

2275 1328 2553 1393 Sardium,
2585 1328 2728 1400 quod
2761 1338 2813 1385 et
2855 1329 3231 1400 Babylonium,
3267 1328 3347 1383 sic
3383 1326 3566 1381 dicitur
3590 1325 3714 1397 (21):

2201 1420 2359 1475 habet
2397 1421 2617 1490 quidem
2650 1420 2887 1490 speciem
2922 1420 3099 1474 instar
3133 1420 3272 1490 ignis
3316 1419 3597 1486 colorisque
3622 1432 3714 1471 san-

2198 1509 2379 1579 guinei
2431 1508 2616 1564 sardio
2669 1509 2802 1577 pisci
2854 1508 3218 1571 consimilem,
3255 1506 3393 1561 unde
3423 1513 3474 1560 et
3512 1504 3710 1560 sardium

2196 1608 2447 1655 vocatum
2500 1608 2606 1670 est,
2653 1614 2682 1653 a
2741 1598 2925 1669 specie
2978 1612 3280 1668 cognomen
3340 1596 3607 1665 accipiens.
3666 1593 3710 1646 In

1346 1704 1580 1774 praefata;
1636 1704 1827 1771 vidum,
1874 1712 2096 1774 propter
2126 1678 2167 1732 Β
2197 1689 2471 1761 Babylone
2511 1705 2656 1753 vero,
2692 1704 2813 1758 qua:
2845 1699 2928 1744 est
2956 1689 3100 1758 apud
3131 1688 3385 1758 Assyrios
3416 1686 3538 1756 (ἳῖ),
3581 1682 3715 1774 gigni-

2198 1786 2309 1845 tur,
2341 1790 2395 1833 et
2429 1787 2512 1834 est
2556 1780 2694 1849 lapis
2732 1780 2847 1849 ipse
2894 1776 3232 1848 perlucidus,
3281 1776 3479 1831 habens
3509 1773 3713 1830 medendi

2196 1873 2522 1940 potentiam;
2555 1870 2713 1939 cujus
2749 1884 2939 1925 sucum
2976 1868 3117 1923 medi
3154 1868 3268 1938 (23)
3308 1882 3466 1937 super
3514 1874 3713 1919 tumores

2196 1976 2259 2015 ac
2314 1961 2629 2031 putredines
2693 1960 2946 2014 linientes
2997 1960 3214 2023 sedant,
3270 1959 3501 2027 aliasque
3544 1957 3711 2025 plagas.

2196 2066 2317 2121 quae
2348 2035 2789 2120 perincisionem
2822 2050 2949 2103 ferri
2979 2052 3328 2119 proveniunt.
3378 2047 3468 2101 Est
3496 2056 3649 2099 autem
3673 2050 3713 2095 et

2197 2142 2336 2195 alius
2366 2140 2659 2210 sardonyx,
2692 2141 2785 2210 qui
2816 2148 3040 2194 vocatur
3082 2140 3387 2202 molochas,
3418 2136 3581 2192 sciens
3611 2141 3713 2187 atte-

2195 2248 2365 2287 nuare
2409 2232 2765 2302 pinguedines
2798 2248 2811 2284 :
2850 2232 3021 2301 ipsius
3071 2242 3257 2285 autem
3294 2230 3469 2284 forma:
3494 2237 3584 2290 est,
3610 2225 3713 2279 sub-

2194 2326 2386 2379 viridis
2426 2324 2843 2393 aliquantulum,
2876 2323 3262 2393 potentiorque
3304 2322 3469 2391 magis
3499 2328 3571 2374 est
3594 2318 3711 2371 circa

2194 2414 2343 2468 verni
2377 2414 2635 2483 temporis
2668 2414 2903 2479 initium,
2931 2414 3150 2482 quando
3182 2414 3390 2467 Pascha
3418 2411 3709 2469 celebratur;

2192 2515 2247 2561 et
2290 2506 2430 2560 alius
2475 2505 2848 2569 sardachates,
2898 2506 3044 2559 circa
3092 2521 3256 2575 quem
3313 2503 3530 2574 lapidem
3587 2500 3713 2552 albus

2193 2595 2412 2665 quidam
2455 2596 2695 2651 circulus
2720 2603 2963 2665 apparet,
2997 2596 3137 2649 sicut
3168 2595 3227 2649 in
3259 2595 3463 2659 achate,
3496 2606 3635 2662 quem
3667 2588 3712 2648 ii,

2193 2687 2284 2756 qui
2331 2687 2576 2741 fabulosa
2628 2688 2965 2756 contingunt,
3002 2688 3143 2739 mala
3184 2686 3377 2757 fugare
3411 2682 3716 2755 pronuntiant

2194 2792 2374 2846 posse,
2416 2792 2649 2847 eumque
2695 2780 2979 2848 pacilicum
3012 2786 3243 2831 vocant.

2684 2884 2750 2922 DE
2792 2884 2980 2923 LAPIDE
3021 2884 3278 2924 ΥΟΡΑΖΙΟ.

2264 2961 2559 3031 Topazium
2601 2962 2825 3015 rubrum
2875 2970 2961 3017 est
3009 2962 3188 3031 specie
3234 2969 3357 3031 post
3383 2958 3612 3029 lapidem,
3640 2952 3711 3022 qui

2188 3054 2554 3109 carbunculus
2584 3055 2907 3123 appellatur.
2960 3042 3223 3110 inventus
3259 3063 3338 3108 est
3372 3051 3447 3123 [7]
3488 3056 3641 3102 autem
3670 3044 3709 3095 in

2187 3144 2400 3214 Topaze
2425 3144 2643 3198 civitate
2673 3143 2839 3197 Indim
2866 3143 3001 3213 (2/5),
3035 3144 3087 3195 in
3131 3144 3302 3197 corde
3332 3139 3515 3211 lapidis
3541 3136 3598 3190 ab
3622 3133 3707 3192 his,

2186 3235 2280 3307 qui
2327 3234 2523 3289 ibidem
2568 3234 2774 3303 lapides
2803 3242 2932 3287 tunc
2959 3233 3269 3287 credebant.
3306 3232 3469 3298 Quem
3511 3225 3705 3296 lapidun.

2186 3341 2418 3381 censores
2452 3326 2723 3381 intuentes
2776 3324 3306 3395 Splemlidissimum,
3354 3317 3583 3376 delectati
3617 3312 3709 3383 pul-

2183 3416 2495 3471 chritudine
2545 3416 2683 3485 ejus,
2719 3415 3075 3470 ostenderunt
3122 3412 3429 3467 Alabastris
3473 3407 3572 3479 (25)
3612 3400 3709 3471 qui-

2185 3507 2413 3561 busdam
2455 3504 2903 3574 negotiatoribus,
2939 3517 3215 3573 parvoque
3261 3502 3428 3573 pretio
3462 3496 3535 3569 [8]
3558 3489 3711 3549 vendi-

2182 3680 2430 3735 redditur
2482 3682 2741 3750 Topazius
2792 3682 2856 3734 de
2909 3680 3187 3749 ZEthiopia
3242 3678 3562 3735 reddendum
3610 3680 3711 3750 esse

2180 3760 2368 3804 censet
2403 3747 2663 3818 'l'opaaius
2708 3752 2985 3813 Arabicus,
3020 3766 3049 3803 a
3088 3747 3358 3803 Bocharto
3406 3750 3585 3818 doctus
3627 3747 3717 3818 Illi)

2180 3820 2350 3874 Cusch
2389 3813 2644 3875 Arabiam
2678 3836 2818 3874 esse.
2864 3819 3061 3873 Verum
3109 3820 3288 3873 critici
3326 3834 3436 3873 rem
3476 3816 3601 3867 hanc
3642 3813 3711 3859 la-

2182 3892 2272 3942 cili
2334 3893 2549 3959 negotio
2604 3892 2873 3959 explicare
2923 3890 3267 3961 poteruntsi
3322 3882 3711 3961 atiinia‘dvcrlﬁllt

2184 3963 2382 4030 veteris
2406 3954 2760 4030 geographia:
2810 3954 3097 4030 rationein.
3144 3957 3434 4027 Dionysius
3464 3954 3705 4030 Per-it;ng

2182 4021 2552 4099 Erytlirzeitm:
2586 4021 2680 4084 seu
2739 4030 2911 4083 mavis
2960 4026 3201 4099 Rubrum
3264 4021 3430 4099 mare.
3466 4021 3703 4099 {Elitiﬂl’i'

2180 4092 2301 4167 cum
2356 4092 2572 4167 quoque
2622 4098 2957 4166 appellabat,
3015 4106 3067 4149 et
3121 4095 3365 4166 Dionysii
3426 4092 3708 4167 Scholiastes

2182 4159 2499 4238 Eustathius
2561 4159 2851 4221 nonnullos
2908 4159 3399 4238 etiaut‘Arabi'eum
3453 4159 3707 4238 sinum.

2179 4235 2516 4306 Erythrmum
2552 4253 2721 4301 mare,
2764 4248 2929 4289 unum
2962 4244 3013 4288 et
3051 4232 3189 4306 idem
3225 4250 3379 4306 mare
3407 4232 3709 4301 existimasse

2173 4304 2351 4360 docet.
2390 4309 2557 4359 l’orro
2588 4306 2750 4360 Indiae
2790 4320 2983 4359 nomen
3010 4304 3175 4355 variis
3204 4304 3391 4357 datum
3416 4307 3712 4371 esseI'CBlO'

2168 4374 2351 4443 nibus,
2406 4375 2697 4443 jEtliiopia:
2728 4385 2905 4427 autem
2944 4374 3230 4442 prmcipue,
3268 4374 3707 4443 nemocstquem

2166 4435 2369 4509 lateat;
2400 4447 2530 4515 quin
2563 4435 2726 4497 etiam
2758 4435 2972 4515 Indiam
3004 4443 3070 4494 ad
3109 4435 3374 4515 oceanum
3405 4435 3708 4515 Erythrgum

2166 4500 2433 4579 spectasse
2460 4515 2684 4569 disertis
2718 4513 2896 4568 verbis
2938 4512 3257 4565 Eustathius
3302 4500 3565 4568 traditfet
3600 4500 3709 4553 Βίου

2165 4586 2357 4653 nysius
2412 4590 2525 4653 ipse
2575 4585 2718 4637 inter
2751 4593 2979 4653 caeteros
3026 4582 3308 4653 pt'etio$(t§
3341 4580 3540 4653 Ιεψίςῖθξ
3590 4581 3708 4653 ⁶1ξ¹⁰ἓ

2164 4639 2280 4706 Ιιῖἀί
2328 4639 2554 4721 hab-ent,
2581 4654 2742 4706 etiam
2782 4639 3215 4721 glaucum-nitidi
3264 4639 3465 4715 Τορὰιὶ
3509 4639 3709 4711 lapidem

2167 4731 2443 4793 recenset.
2477 4720 2615 4793 Vide
2649 4718 2991 4793 Eustathintn
3014 4718 3474 4793 _in__Dionysiu_m_,
3509 4721 3708 4793 clune}

2161 4791 2414 4844 versione
2462 4790 2531 4843 cl.
2580 4800 2630 4839 γ.
2676 4789 2973 4843 Alexandri
3014 4788 3197 4852 Potiti,
3232 4778 3601 4853 etc.,‘.30lonia:
3628 4778 3709 4830 Al-

2164 4857 2469 4927 lobrogum,
2514 4858 2669 4923 1741,
2704 4874 2826 4927 pag.
2866 4861 2936 4913 23
2968 4867 3021 4912 et
3050 4858 3174 4911 529.

2231 4926 2343 4998 (25)
2404 4928 2653 4998 Ligarius
2706 4926 2937 4982 Sabinae
2996 4926 3392 4999 Tranquillinae
3453 4929 3707 4999 nummum

2161 4995 2443 5062 memerat,
2471 4995 2582 5053 'ubi
2630 5008 2785 5052 erant
2835 4999 2961 5059 Isis,
3006 5006 3060 5051 et
3107 4995 3488 5066 Harpocrates
3524 4995 3706 5066 δι’ίξεξιυ

2160 5082 2321 5121 manu
2369 5057 2590 5123 dextera
2622 5079 2837 5137 gestans
2882 5057 3005 5122 cum
3061 5057 3421 5136 inscriptione
3465 5057 3709 5137 ΔΛᾼΒᾼῙ·

2159 5137 2470 5208 ξΤΡιΤΩΝ.
2521 5127 2831 5208 Aigvyptium
2880 5138 3047 5191 fuisse
3087 5127 3707 5208 hunc-nummumIsidis

2162 5205 2330 5274 ﬁgura
2367 5202 2677 5262 luculenter
2699 5208 2913 5277 probat,
2946 5217 2999 5261 et
3032 5208 3251 5276 quidem
3285 5206 3414 5258 urbs
3446 5202 3705 5277 Alabastra

2158 5281 2321 5348 ctiam
2366 5292 2395 5330 a
2436 5274 2724 5332 Ptoleutrce
2778 5280 2829 5332 in
2859 5274 3093 5348 {Egy'pio
3121 5274 3707 5348 collocatur,nec.nont_t

2158 5342 2335 5417 Plinio
2387 5349 2480 5402 lib.
2532 5365 2585 5411 v,
2623 5365 2743 5417 cap.
2792 5350 2824 5404 9
2874 5339 3265 5417 οῖ’ὖηηοιιοιι
3318 5347 3361 5397 si
3421 5339 3705 5417 Stephanuls

2156 5399 2453 5488 Phrygiam
2468 5399 2666 5471 urbem
2693 5399 2816 5472 ἓὲιηί
2859 5399 3016 5472 vocat
3051 5399 3385 5488 Herodotum
3412 5399 3707 5488 ιρειξιηνξιιξῖ

2158 5474 2370 5550 Ιιιῠὲλῗε,
2405 5502 2505 5541 nos
2554 5488 2773 5557 quidem
2812 5503 2934 5543 cum
2969 5495 3251 5541 exstantes
3286 5482 3546 5557 Herodoti
3593 5474 3704 5557 lib."

2156 5541 2369 5610 nullum
2420 5541 2670 5628 hujusce
2700 5541 2780 5611 rei
2824 5541 3203 5613 testimonium
3257 5554 3591 5623 perhibeant,
3624 5541 3706 5597 lib.
