3916 6196
341 268 447 325 333

1686 259 1937 314 νεικειο
1975 259 2297 331 annona.

3504 265 3615 325 3'54

343 386 435 443 sed
470 385 525 441 in
571 381 968 439 occidentalem
1002 382 1127 451 ejus
1173 389 1389 452 partem
1428 380 1633 436 Phison
1680 380 1793 452 (67)
1822 423 1835 444 .
1871 388 1929 435 ιιι
1958 384 2003 445 Α
2024 391 2144 439 tem
2176 393 2262 442 est
2309 385 2363 441 in
2388 386 2528 458 Lege
2554 388 2669 461 (70)
2695 428 2711 453 ,
2745 389 3010 445 visionem
3044 387 3179 445 Mosi
3204 387 3261 443 in
3287 394 3471 444 monte
3495 390 3609 443 vel-

341 477 597 539 diximus,
627 474 827 536 inﬂuit,
854 482 907 529 et
930 474 1137 529 idcirco
1178 473 1316 543 lapis
1334 473 1445 527 iste
1479 473 1533 526 in
1558 468 1747 541 Libya:
1799 487 1925 541 par-

344 581 423 623 tes
468 566 793 631 advehitur;
850 564 984 618 dicit
1042 575 1219 618 autem
1265 560 1552 632 Scriptura
1604 562 1765 634 2-45
1808 560 1923 634 [2η

343 660 522 714 divina
556 678 568 712 :
616 658 839 711 Flavius
865 656 1130 727 egreditur
1162 672 1229 709 ea:
1258 657 1439 709 eadem
1479 654 1548 707 ad
1592 653 1925 724 irrigandum

341 752 674 822 paradisum,
698 751 791 820 qui
823 750 943 802 inde
973 748 1229 803 dividitur
1254 749 1307 801 in
1336 757 1568 817 quatuor
1602 748 1785 801 initia.
1814 745 1929 800 No-

344 864 457 899 men
482 846 577 899 uni
612 844 808 898 Phison
839 856 857 893 .'
898 843 995 897 iste
1018 850 1117 907 est,
1152 844 1243 911 qui
1279 840 1465 894 circuit
1497 856 1701 893 onmem
1728 849 1929 893 terram

348 940 520 993 Evilat
546 980 560 1001 ,
602 938 691 991 ubi
730 947 807 992 est
842 953 1073 999 aurum,
1105 945 1152 989 et
1188 952 1381 989 aurum
1427 943 1580 988 terra:
1618 933 1763 988 illius
1790 933 1928 1002 opti-

342 1047 516 1095 mum;
548 1030 624 1083 ibi
652 1038 729 1084 est
760 1028 1117 1083 carbunculus
1140 1036 1187 1081 et
1220 1028 1354 1097 lapis
1377 1026 1627 1095 prasinus
1653 1025 1693 1079 ¹.

836 1134 903 1172 DE
938 1132 1197 1174 SAPPHIRO
1234 1130 1424 1170 ιΑιηυε
1434 1156 1445 1167 .

409 1213 722 1285 Sapphirus
760 1211 902 1281 lapis
933 1209 1138 1264 dicitur
1170 1208 1225 1263 in
1252 1208 1475 1262 modum
1507 1220 1764 1277 purpura:
1790 1204 1926 1275 (68),

335 1322 502 1380 quam
547 1307 774 1361 blattam
804 1304 1051 1360 vocitant
1076 1301 1211 1375 (69),
1243 1301 1401 1371 cujus
1430 1308 1512 1356 est
1538 1299 1782 1371 pressior
1808 1314 1929 1369 spe-

332 1403 449 1455 cies
497 1419 513 1454 :
559 1400 731 1454 multa
782 1412 913 1452 vero
946 1410 1148 1467 genera
1190 1402 1321 1450 sunt
1360 1392 1527 1463 hujus
1562 1391 1801 1461 lapidis;
1846 1399 1931 1446 est

336 1491 483 1547 enim
524 1490 582 1544 in
615 1489 752 1560 ipsis
782 1489 985 1557 regalis
1019 1486 1138 1541 auri
1168 1485 1387 1556 punctis
1424 1484 1804 1547 intermicans,
1836 1482 1928 1553 qui

334 1596 445 1636 non
489 1579 630 1635 adeo
665 1588 749 1634 est
796 1567 1263 1643 mirabilisfsicut
1306 1590 1480 1646 purus
1514 1575 1605 1629 ille
1636 1574 1806 1645 lapis,
1835 1573 1927 1643 qui

326 1688 433 1742 per
473 1672 665 1726 omnia
698 1685 955 1741 purpura:
982 1669 1167 1739 specie
1195 1672 1394 1724 renitet
1422 1707 1437 1730 ,
1466 1674 1520 1722 et
1560 1665 1648 1721 hic
1677 1665 1929 1720 fortassis

2024 475 2111 530 uti
2168 491 2332 549 super
2355 480 2532 550 lapide
2568 481 2827 551 sapphiro
2859 480 3028 536 fuisse
3048 480 3407 537 declaratum.

2537 586 2603 625 DE
2634 588 2831 627 ηιλριυε
2873 588 3110 628 ΙΑΞΡΙῺΕ.

2100 657 2281 730 Jaspis
2302 669 2391 718 est
2416 661 2554 731 lapis
2578 665 2727 718 velut
2754 665 2991 734 speciem
3035 662 3309 733 smaragdi
3342 661 3614 724 referens.

2022 748 2124 818 qui
2159 750 2299 819 apud
2342 752 2478 807 ostia
2508 753 2934 809 Thermodontis
2961 753 3203 808 ﬂuminis
3236 754 3537 819 invenitur,
3560 761 3619 821 et

2032 840 2173 907 apud
2205 840 2536 897 Amathunta
2568 844 2704 912 (7i),
2737 861 2845 899 non
2892 861 3014 917 qua:
3051 846 3104 899 in
3133 846 3315 917 Cypro
3346 845 3462 919 [‘23]
3486 856 3607 902 est:

2032 929 2125 983 scd
2167 933 2490 987 naturaliter
2531 933 2977 988 Amatlmsiorum
3016 936 3127 1006 (72)
3162 937 3442 1006 generatio
3471 936 3611 992 mul-

2032 1020 2196 1091 tiplex
2224 1023 2469 1079 habetur.
2507 1025 2605 1078 llic
2631 1042 2760 1080 vero
2796 1027 2935 1096 lapis
2964 1028 3104 1083 hanc
3137 1030 3294 1082 habet
3326 1028 3563 1098 speciem
3592 1044 3605 1078 :

2032 1115 2136 1169 sub
2171 1117 2458 1187 smaragdo
2493 1129 2577 1172 est
2609 1120 3059 1185 inter-vilescens,
3104 1120 3196 1175 sed
3245 1122 3529 1176 obtunsior
3559 1129 3613 1175 ct

2031 1207 2337 1272 obscurior,
2385 1210 2726 1282 interiusque
2759 1227 2960 1281 corpus
3008 1212 3171 1267 habet
3206 1214 3377 1269 viride
3425 1212 3491 1268 ad
3529 1214 3613 1267 in.

2033 1305 2147 1352 star
2187 1299 2445 1371 aeruginis
2478 1303 2623 1356 teris.
2669 1302 3015 1358 Delectantur
3059 1311 3239 1358 autem
3288 1304 3607 1374 phantasia,

2034 1388 2086 1442 id
2115 1396 2199 1443 est
2220 1392 2624 1459 speculationes
2672 1393 2801 1447 huic
2846 1394 3081 1449 insidere
3105 1432 3121 1458 ,
3151 1395 3294 1449 sicut
3333 1405 3609 1462 asserunt,

2030 1482 2123 1550 qui
2155 1480 2403 1537 fabulosa
2441 1494 2878 1540 commemorant
2905 1487 3041 1558 (73).
3076 1486 3174 1542 Est
3202 1496 3257 1542 et
3298 1488 3401 1542 alia
3436 1488 3615 1558 iaspis

2032 1571 2282 1638 albidior,
2306 1590 2469 1644 quam
2502 1591 2691 1640 mare;
2737 1576 2870 1633 ﬂore
2892 1595 3021 1633 vero
3040 1621 3054 1645 ,
3083 1579 3433 1650 tiucturaque
3466 1595 3615 1651 pres-

2032 1662 2146 1718 sior
2191 1664 2301 1737 (74)
2331 1686 2343 1720 :
2379 1666 2484 1721 alia
2523 1684 2652 1723 vero
2688 1669 2742 1724 in
2784 1670 3063 1741 speluncis
3096 1672 3202 1726 Ida:
3241 1672 3479 1735 montis,
3519 1672 3612 1743 qui

332 1730 456 1814 esse
478 1730 713 1812 dicitur.
736 1730 1089 1821 iit-India,-et
1117 1757 1170 1810 in
1192 1753 1472 1824 lEthiOpia
1500 1793 1514 1816 ,
1546 1760 1766 1823 propter
1793 1760 1928 1805 tem-
1960 1730 2002 1788 Β
2033 1764 2119 1810 est
2149 1730 2209 1808 in
2228 1730 2459 1829 Phrygia
2487 1800 2501 1823 ,
2532 1730 3037 1829 reperitudsimilis
3066 1763 3321 1831 sanguini
3350 1730 3610 1825 cochleae,

336 1854 485 1921 plum
512 1850 696 1905 Liberi
727 1848 900 1920 patris
935 1847 1078 1917 apud
1102 1847 1285 1913 Indos,
1311 1846 1455 1917 quod
1479 1846 1683 1903 habere
1705 1845 1926 1911 dicitur,

334 1944 458 1999 licet
494 1943 819 1998 incredibile
841 1941 1127 2005 videatur,
1162 1955 1361 1995 cccuv
1396 1940 1618 2011 gradus,
1646 1954 1838 1995 omnes
1864 1954 1928 1995 ex

336 2034 521 2104 lapide
554 2032 838 2103 sapphiro.
878 2032 935 2086 In
967 2032 1308 2088 ornamentis
1338 2040 1519 2087 autem
1553 2032 1670 2087 suis
1722 2039 1777 2087 et
1820 2046 1930 2085 mo-

336 2126 544 2179 nilibus
577 2139 731 2196 reges
770 2130 1000 2177 utuntur
1025 2140 1091 2177 eo
1121 2124 1204 2179 vel
1228 2125 1482 2186 maxime,
1503 2123 1632 2192 quia
1658 2121 1928 2175 mirabilis

332 2225 436 2281 est,
489 2224 662 2285 atque
722 2214 1129 2284 pulcherrimus
1197 2220 1252 2266 et
1301 2212 1579 2283 gratiosus
1633 2228 1647 2264 :
1691 2210 1836 2265 unde
1875 2219 1930 2265 et

332 2305 594 2359 nonnulli
656 2310 987 2359 vocaverunt
1038 2318 1163 2357 eum
1214 2302 1434 2358 monilis
1486 2300 1599 2373 [22]
1652 2309 1924 2355 ornatum.

332 2396 496 2453 Pellit
530 2396 698 2452 etiam
739 2396 978 2461 dolores,
1002 2410 1129 2448 nam
1179 2394 1225 2450 si
1251 2402 1461 2450 teratur
1485 2408 1609 2449 cum
1640 2393 1782 2448 lacte
1813 2408 1930 2448 me-

331 2487 449 2542 dela
489 2487 768 2544 scabiosis
828 2494 881 2541 et
932 2484 1199 2541 ulcerosis
1263 2484 1496 2540 ellicitur
1534 2483 1725 2538 linitus
1764 2497 1931 2553 super

331 2583 471 2645 loca,
503 2597 632 2652 qua:
652 2580 856 2636 iuerint
880 2578 1202 2635 vulneribus
1227 2586 1499 2649 asperata.
1527 2575 1807 2649 Scriptum
1832 2590 1930 2631 au-

401 2741 419 2772 ¹
453 2738 608 2795 Gen.
635 2753 719 2803 ut,
756 2735 1092 2806 l0-t3juxt.
1118 2733 1284 2789 LXX.

406 2894 531 2963 (67)
568 2891 705 2947 Mira
738 2892 935 2947 iterum
965 2896 1368 2963 commentatur
1386 2888 1453 2943 de
1483 2887 1687 2963 Phison
1707 2889 1930 2963 ﬂumine

333 2958 722 3036 Epiphanius,
754 2974 812 3015 ut
863 2978 926 3036 ea
977 2962 1251 3036 conciliet,
1296 2958 1571 3036 quomodo
1620 2970 1732 3036 tum
1784 2961 1929 3036 apud

333 3028 732 3106 cartilaginem
775 3032 1147 3087 carbunculus
1180 3028 1503 3101 reperiatur,
1545 3036 1660 3083 tttm
1697 3029 1750 3084 in
1796 3028 1927 3084 Phi-

338 3120 525 3243 ωῗεξκ)
563 3172 771 3242 Supple
801 3171 990 3243 lucere,
1018 3171 1399 3243 splendescere:
1424 3168 1481 3223 In
1522 3167 1931 3243 Epitom_e_Ges-

335 3238 449 3299 neri
478 3238 514 3299 :7
553 3238 721 3303 Λίσοξ
770 3238 1091 3311 σάπφειρος
1125 3238 1478 3311 πρρφυρξζων
1501 3279 1515 3303 ,
1567 3238 1644 3302 ὡς
1698 3239 1932 3309 βλάττης

337 3316 636 3387 πορφύρας
660 3313 756 3382 τῆς
776 3306 1030 3387 acidiqu
1050 3310 1113 3364 τὸ
1138 3306 1293 3387 cidae.
1313 3306 1478 3377 Lapis
1501 3306 1777 3387 sapphirus
1807 3306 1934 3378 pur-

334 3380 606 3451 pura'sc'it,
642 3393 699 3435 ut
716 3380 912 3450 species
943 3380 1146 3443 blnttte,
1179 3380 1232 3433 id
1265 3390 1363 3443 est,
1399 3394 1648 3451 purpura:
1674 3381 1856 3451 nigris.

406 3454 521 3525 (69)
568 3454 875 3525 Purpumm
903 3467 1094 3525 nempe
1139 3452 1397 3525 optimam
1425 3450 1609 3525 italis
1631 3450 1774 3504 enim
1787 3464 1932 3525 pur-

334 3518 472 3594 pura
504 3518 713 3594 'blatta
762 3532 845 3578 est
878 3518 1320 3594 olimi'appe‘llata
1350 3518 1590 3594 ablatta
1630 3521 1931 3594 vermiculo

333 3589 413 3648 sic
440 3612 473 3647 α
508 3593 771 3654 nocendo,
806 3592 914 3645 ἀπὸ
942 3593 1037 3645 τοῦ
1070 3592 1348 3661 βλάπτειν,
1379 3589 1527 3661 dicto
1545 3630 1563 3661 ,γ
1586 3591 1713 3659 quia
1740 3605 1931 3661 appre-

336 3664 551 3719 hensus
592 3679 814 3717 manum
862 3660 1099 3715 hominis
1146 3661 1326 3729 tingit.
1378 3660 1641 3729 Egnatius
1695 3662 1749 3713 in
1797 3660 1929 3714 illud

335 3732 647 3805 Lampridii
696 3734 747 3787 iu
810 3732 925 3786 Vita
952 3732 1315 3805 illeliogabali
1348 3746 1381 3805 :_
1420 3731 1721 3805 Parui-erat
1768 3731 1931 3800 igitur

334 3800 489 3870 funes
543 3804 720 3857 blatta
760 3812 807 3856 et
858 3804 1024 3856 serico
1074 3800 1149 3855 et'
1178 3817 1330 3854 cocco
1365 3801 1589 3854 intortos
1612 3843 1626 3865 ,
1658 3800 1882 3854 adnotat
1912 3840 1926 3864 ,

337 3874 571 3927 blattam
622 3888 947 3943 purpuramA
970 3887 1092 3943 esse
1140 3887 1207 3926 ex
1258 3870 1444 3925 Indico
1501 3871 1791 3943 conchylio
1849 3871 1929 3943 ia-

336 3956 519 4010 ctam;
555 3941 655 3998 sed
690 3941 867 4012 ipsum
908 3941 1132 4012 Tyrium
1166 3951 1375 3994 ostrum
1416 3942 1797 4012 nomenidetn
1828 3942 1929 3995 ob-

338 4008 588 4082 tinuisse
615 4008 853 4067 dubitari
888 4008 1075 4082 nequit
1105 4021 1338 4065 canente
1368 4008 1596 4064 Sidonio
1630 4011 1684 4063 in
1724 4009 1925 4080 Paneg.

337 4081 621 4137 Maiorani
654 4100 706 4137 ν.
747 4083 813 4136 4'5
852 4100 865 4135 :

408 4102 622 4207 $333;
654 4102 916 4215 :ast‘o’rea,
959 4150 1181 4204 blattam
1224 4151 1431 4223 Tyrus,
1470 4165 1579 4206 azra
1618 4148 1925 4217 Corinthus,

334 4231 444 4276 εις.

413 4294 534 4361 (71))
572 4290 777 4363 Nempe
808 4292 977 4346 Exodi
1011 4307 1131 4361 cap.
1174 4307 1337 4355 .xxrv,
1390 4291 1476 4357 10,
1515 4290 1929 4363 Epitouie_Ges-

338 4364 453 4433 neri
506 4360 660 4433 ipsas
704 4360 1037 4433 etiatnlegis
1077 4360 1292 4433 tabulas
1330 4378 1409 4433 ex,
1452 4360 1714 4432 sapphiro
1753 4360 1926 4418 fuisse

2030 1847 2125 1902 sed
2159 1848 2392 1904 lucidior
2422 1852 2598 1922 magis
2626 1893 2638 1913 ,
2673 1862 2727 1905 et
2757 1853 2921 1906 veluti
2957 1853 3191 1908 similior
3221 1855 3351 1907 vino
3380 1862 3435 1907 et
3474 1868 3615 1908 ame-

2029 1939 2210 2009 thysto
2240 1941 2636 2009 rubicundior;
2684 1960 2791 1999 non
2822 1946 2967 1999 enim
3015 1956 3143 2000 sunt
3169 1945 3333 2000 unius
3366 1945 3571 2001 coloris
3592 1987 3606 2011 ,

2028 2030 2387 2102 ejusdemque
2424 2035 2716 2103 potentia},
2764 2036 2860 2091 sed
2911 2036 3015 2089 alia
3046 2037 3262 2107 quidem
3304 2040 3484 2092 rarior
3528 2046 3619 2095 est

2029 2130 2084 2175 et
2138 2124 2394 2191 albidior,
2424 2142 2588 2195 quam
2638 2143 2733 2181 aer
2770 2128 2902 2181 fumi
2957 2128 3124 2184 nimis
3172 2128 3460 2198 eﬂ'ulgens,
3510 2143 3613 2183 nec

2030 2213 2207 2283 impar
2239 2216 2367 2270 item
2400 2218 2648 2273 caeruleae
2671 2219 2995 2273 vibrationis
3026 2217 3162 2290 (75),
3184 2218 3429 2273 veluti'si
3469 2226 3611 2272 tem-

2030 2320 2160 2375 pore
2192 2306 2390 2364 hiemis
2419 2309 2486 2365 de
2522 2316 2669 2366 terra
2708 2326 2878 2381 vapor
2935 2319 3029 2364 aut
3061 2310 3259 2366 nebula
3284 2308 3399 2382 [2i]
3424 2317 3614 2365 austro

2030 2394 2317 2449 desinente
2350 2408 2691 2468 consurgat;
2723 2400 2827 2452 alia
2848 2437 2862 2461 .
2896 2415 3019 2469 quas
3062 2400 3256 2469 glaciei
3300 2399 3499 2454 similis
3528 2406 3617 2452 est

2031 2483 2099 2538 ab
2131 2484 2237 2549 bis,
2267 2487 2358 2556 qui
2393 2486 2643 2544 fabulosa
2672 2489 2905 2560 lingunt,
2943 2490 3247 2561 phantasiis
3269 2490 3472 2546 dicitur
3492 2504 3615 2545 esse

2030 2575 2352 2636 remedium.
2383 2577 2679 2650 Repertum
2714 2589 2799 2637 est
2840 2589 3023 2637 autem
3049 2580 3119 2636 ab
3142 2580 3358 2638 Hiberis
3394 2579 3507 2653 (76)
3561 2592 3617 2637 et

2028 2882 2159 2953 quid
2194 2884 2338 2937 aliud
2384 2894 2687 2956 oscitanter
2715 2894 2800 2942 est
2846 2894 3299 2956 praetermissum.
3332 2887 3611 2945 Fortassis

2032 2956 2331 3029 scripserat
2374 2954 2434 3008 S.
2466 2956 2804 3027 Epiphanius
2848 2954 3170 3029 smaragdos
3204 2959 3438 3013 inveniri
3468 2961 3612 3029 apud

2030 3025 2387 3099 Amathunta,
2416 3043 2531 3099 non
2566 3025 2683 3099 qua:
2713 3038 2862 3081 trans
2888 3026 3183 3099 .lordanem
3231 3038 3338 3092 est,
3373 3030 3464 3082 sed
3496 3025 3615 3099 qua:

1953 3090 1995 3146 C
2029 3104 2106 3148 est
2149 3095 2205 3149 in
2252 3090 2425 3165 Cypro
2458 3113 2475 3150 :
2509 3090 2776 3152 Amathus
2813 3097 2957 3151 enim
3000 3099 3261 3167 oppidum
3310 3090 3609 3153 maximum

2035 3168 2281 3237 omnium
2325 3180 2378 3221 et
2405 3168 2832 3237 munitissimum
2860 3169 3000 3221 inter
3035 3184 3120 3229 ea,
3148 3182 3271 3237 quae
3306 3176 3462 3223 trans
3485 3168 3613 3223 Jor-

2034 3235 2425 3308 danemerant,
2460 3252 2489 3290 a
2521 3236 2761 3306 Josepho
2792 3238 2970 3307 Antia.
3010 3238 3102 3292 lib.
3142 3235 3258 3301 sin,
3293 3254 3415 3308 cap.
3452 3240 3537 3300 15,
3560 3248 3611 3293 et

2034 3304 2113 3358 De
2139 3306 2272 3359 bello
2292 3306 2425 3362 Jud.
2459 3309 2551 3361 lib.
2574 3324 2599 3377 γι
2620 3347 2633 3369 ,
2656 3304 2780 3377 cap.
2821 3309 2875 3369 8,
2910 3304 3266 3371 memoratur,
3298 3304 3511 3363 necnon
3544 3310 3615 3364 ab

2034 3383 2261 3430 auctore
2293 3377 2368 3431 De
2392 3377 2520 3431 locis
2557 3376 2615 3431 S.
2650 3376 2972 3447 Scriptum,
2996 3389 3107 3433 etc.
3159 3378 3233 3433 De
3278 3378 3615 3436 Amatliunte

2034 3456 2214 3519 autem
2241 3449 2374 3503 urbe
2406 3449 2458 3501 in
2488 3448 2669 3519 insula
2702 3450 2887 3519 iCypro
2902 3450 3266 3515 celeberrima
3289 3486 3307 3511 ,
3341 3450 3483 3505 unde
3512 3452 3613 3505 toti

2030 3516 2425 3589 etianrinsulae
2473 3518 2653 3589 Cypro
2681 3516 3018 3575 Amathusia:
3054 3535 3258 3574 ttiotnen
3301 3528 3387 3573 est
3424 3520 3613 3575 datum

2037 3595 2171 3639 teste
2201 3588 2394 3649 Plinio,
2420 3590 2553 3642 nihil
2583 3591 2807 3643 interest
2836 3590 3041 3650 dicere,
3073 3598 3127 3643 et
3158 3590 3292 3642 satis
3323 3590 3396 3643 sit
3424 3606 3614 3645 recor-

2031 3655 2187 3720 dari,
2223 3661 2428 3713 metalli
2467 3660 2747 3727 fecundam
2773 3659 2883 3713 dici
2931 3660 2999 3712 ab
3032 3658 3225 3713 Ovidio
3262 3658 3483 3712 Metam.
3516 3662 3611 3716 lib.

2035 3741 2088 3788 λ,
2120 3743 2159 3799 v
2172 3797 2185 3799 _
2202 3729 2328 3799 220,
2356 3738 2411 3781 et
2437 3746 2489 3784 v.
2511 3732 2636 3791 530,
2668 3731 2867 3782 metalli
2892 3729 3185 3799 gravidam.

2106 3796 2216 3865 (7i)
2253 3798 2390 3854 Cod.
2454 3818 2467 3854 :
2535 3800 2624 3853 sed
2685 3796 2934 3852 naturain
2974 3800 3145 3852 litlam
3193 3796 3610 3853 Mathusiorutn.

2033 3864 2264 3949 Restitui
2325 3880 2487 3939 prout
2566 3872 2635 3923 ab
2711 3870 3009 3939 interprete
3086 3869 3259 3923 fuisse
3342 3874 3611 3939 scriptum

2031 3949 2241 3991 CCIISUI.

2103 4002 2216 4080 (75)
2248 4007 2609 4080 Hieronymus
2653 4010 2779 4061 hinc
2825 4018 2972 4080 certe
3021 4016 3301 4062 mutuatus
3341 4018 3451 4080 est.
3489 4026 3611 4080 qua:

2032 4077 2192 4131 habet
2233 4080 2326 4133 lib.
2356 4094 2423 4132 xv
2456 4077 2750 4133 Comment.
2814 4082 2864 4131 in
2906 4077 3069 4132 Isaia:
3097 4094 3217 4146 cap.
3268 4094 3355 4133 Ltv
3387 4100 3397 4133 :
3424 4077 3609 4147 leas-pi-

2030 4148 2154 4220 dum
2208 4150 2376 4201 multa
2427 4164 2796 4220 suittgenera:
2838 4150 2974 4202 alius
3019 4159 3097 4203 est
3150 4150 3288 4202 enim
3334 4152 3610 4219 smaragdi

2030 4218 2224 4273 habens
2252 4218 2667 4274 similitudinem.
2707 4222 2794 4288 qui
2826 4220 3083 4287 reperitur
3104 4223 3160 4273 in
3188 4221 3419 4285 fontibus
3446 4218 3609 4274 Ther-

2031 4289 2294 4362 modontis
2370 4291 2643 4358 ﬂuminis,
2692 4302 2740 4344 et
2797 4301 3015 4343 vocatur
3068 4292 3456 4361 grammatins.
3500 4309 3602 4362 quo

2032 4362 2210 4415 omnia
2237 4360 2613 4428 phantasmata
2642 4363 2820 4431 fugari
2852 4360 3165 4424 autumant;
3208 4362 3345 4414 alius
3381 4360 3604 4416 uiridior

341 4426 635 4488 insinuans
662 4449 844 4486 veram
872 4426 1155 4502 Epiphauii
1181 4426 1536 4496 sententiam,
1555 4426 1613 4486 ut
1639 4433 1764 4486 hinc
1791 4446 1924 4488 con-
1958 4426 2003 4482 Ι)
2033 4433 2189 4494 mari,
2227 4426 2275 4503 et
2309 4434 2501 4485 tinctus
2545 4426 2722 4501 quasi
2753 4431 2975 4501 ﬂoribus
3010 4448 3027 4485 :
3060 4432 3195 4485 hunc
3240 4434 3297 4485 in
3348 4433 3601 4503 .Pltrygia:

339 4511 474 4566 stat,
504 4512 824 4572 corruptam
852 4504 1105 4572 exhibet,
1136 4510 1188 4555 et
1221 4503 1295 4554 illi
1324 4503 1523 4569 injuria
1553 4511 1920 4557 commentum

340 4572 577 4637 intexit,
612 4571 758 4643 quod
796 4572 1034 4627 liebrazis
1071 4571 1318 4643 Lyranus
1366 4573 1644 4637 attribuit,
1674 4580 1743 4643 et
1772 4572 1923 4626 iuve-

337 4643 495 4696 nitur
534 4642 753 4712 quoque
782 4644 921 4709 apud
948 4644 1172 4697 Suidam
1206 4642 1375 4713 verbo
1395 4642 1924 4713 Μωῦσῆςηᾼὶιηιριι-

336 4714 416 4766 sis
451 4711 733 4781 redarguit
775 4714 1022 4766 Hebraeos
1041 4714 1201 4765 etiam
1236 4712 1377 4781 quod
1410 4711 1921 4783 dixerintMoysem,

337 4793 636 4902 postquam
671 4784 740 4837 ob
768 4792 1047 4850 peccatum
1082 4783 1263 4850 populi
1290 4782 1504 4835 tabulas
1538 4782 1775 4853 fregerit,
1806 4784 1923 4835 col-

359 4855 549 4902 eu‘isse
572 4856 871 4902 framnenta
895 4894 908 4902 .
951 4861 1003 4902 et
1036 4854 1161 4902 hinc
1195 4868 1253 4902 se
1286 4854 1508 4902 ditasse.
1535 4853 1803 4902 Caeterum
1835 4853 1921 4902 hi-

359 4855 549 4917 ep-isse
572 4856 871 4922 fragmenta
895 4894 908 4909 .
951 4861 1003 4905 et
1022 4854 1161 4922 hinc
1195 4868 1253 4904 se
1286 4854 1508 4905 ditasse.
1535 4853 1803 4906 Czeterum
1835 4853 1921 4904 hi-

338 4926 596 4981 sturiam.
637 4921 800 4992 atque
830 4924 964 4976 adeo
1010 4921 1245 4992 fabulam
1287 4924 1425 4975 hanc
1462 4939 1567 4975 non
1604 4923 1797 4992 dubito
1834 4938 1925 4975 or-

339 5000 456 5063 tum
487 4990 806 5046 duxisse'cx
838 5010 903 5046 eo
960 4994 1102 5061 quod
1134 4990 1273 5063 Deus
1297 4994 1523 5045 daturus
1555 4994 1723 5061 legem
1751 4990 1920 5063 Moysi

339 5062 470 5132 talis
507 5066 834 5132 processerit
878 5061 1335 5131 conspiciendus,
1370 5072 1425 5115 ut
1461 5063 1681 5115 haberet
1715 5062 1808 5115 sub
1830 5061 1922 5129 pe-

334 5130 516 5203 dibus
566 5130 722 5203 quasi
784 5149 911 5199 opus
961 5130 1156 5203 lapidis
1212 5132 1543 5199 sapphirini,
1609 5142 1669 5186 ut
1728 5134 1922 5201 legitur

338 5196 519 5252 Exodi
579 5196 630 5255 ἒς.
684 5196 833 5263 nth,
895 5203 978 5255 ll).
1014 5196 1317 5254 Enimvero
1342 5203 1660 5272 sapphirum
1704 5196 1919 5257 tali—ula-

336 5280 464 5342 rum
491 5286 558 5323 ex
589 5275 905 5342 sapphirum
932 5272 1022 5325 Dei
1050 5272 1248 5324 tln-ono
1270 5273 1513 5326 excisum
1540 5274 1706 5327 fuisse
1737 5282 1921 5342 aperte

339 5338 991 5411 dictitarunt'Rabbini,
1054 5353 1105 5394 et
1164 5357 1352 5395 earum
1404 5343 1618 5411 pondus
1673 5338 1921 5397 fecerunt

341 5410 707 5482 quadraginta
739 5421 877 5465 sata.
912 5410 1045 5466 V'ide
1076 5419 1233 5468 notas
1261 5410 1497 5482 majores
1529 5413 1710 5467 Drusii
1738 5422 1872 5468 tom.
1902 5412 1919 5466 Ι

345 5478 541 5531 Critia.
573 5478 730 5541 ἐπει,
759 5493 862 5535 etc.

416 5548 538 5625 (71)
574 5549 750 5625 _Loeu_s
812 5552 946 5625 mire
998 5564 1305 5625 corruptus.
1374 5552 1613 5622 Utraque
1672 5551 1920 5625 Epitome

347 5616 518 5697 habet
567 5620 831 5697 jaspidcm
893 5622 1117 5697 inveniri
1161 5616 1303 5697 apud
1353 5616 1684 5697 Atuatl'ttmta
1719 5616 1914 5695 'prri.

350 5690 547 5755 itaque
578 5701 667 5741 aut
697 5690 757 5740 τὸ
791 5706 891 5741 non
936 5690 1224 5753 oscitanter
1269 5708 1350 5757 est
1394 5696 1659 5755 additum,
1693 5690 1791 5747 aut
1815 5690 1914 5749 an-

2034 4513 2207 4555 monte
2236 4502 2358 4560 Ida.
2395 4511 2444 4555 et
2480 4504 2531 4555 in
2567 4504 3000 4573 profundissintis
3028 4503 3281 4570 specubus
3309 4506 3424 4573 ejus
3456 4502 3606 4558 nasci

2031 4573 2305 4643 referunt;
2346 4575 2512 4625 alium
2542 4590 2659 4626 vero
2718 4573 2880 4642 juxta
2921 4572 3104 4626 Iberos
3144 4572 3521 4643 Hyrcanaeque
3558 4584 3607 4627 ct

2029 4658 2174 4711 mare
2221 4641 2472 4709 Caspium
2526 4641 2771 4710 reperiri,
2819 4653 2867 4697 et
2924 4641 3208 4711 pra'cipue'
3224 4644 3384 4711 juxta
3430 4641 3607 4696 larunt

2031 4710 2266 4765 Nausia.
2299 4712 2394 4765 Est
2420 4722 2468 4765 et
2492 4714 2629 4766 alius
2652 4713 2850 4781 μερίς.
2896 4710 3000 4765 uiri
3038 4722 3086 4765 et
3132 4729 3332 4780 spuma:
3373 4715 3607 4765 marino-

2028 4797 2145 4834 rum
2165 4783 2421 4850 ﬂuctuum
2451 4784 2663 4844 similis,
2691 4793 2739 4835 et
2764 4783 3038 4835 clementer
3064 4784 3218 4851 quasi
3245 4783 3401 4838 misto
3422 4799 3607 4835 cruore

2027 4851 2374 4922 subrutilum.
2408 4852 2683 4907 llactenus
2716 4852 2773 4906 S.
2812 4851 3191 4922 Hieronymus.
3224 4851 3404 4907 Mouet
3421 4862 3603 4907 autent

2032 4920 2335 4994 Vallarsius
2368 4924 2419 4976 in
2451 4923 2816 4977 Atubrosiano
2845 4920 3035 4978 codice
3077 4939 3182 4977 non
3226 4924 3601 4994 grammatias,

2028 4994 2122 5063 sed
2175 4992 2381 5047 ϐιηθεὶς
2428 4995 2623 5049 litteris
2654 4993 2930 5049 invenisse
2956 4992 3239 5063 scriptum
3279 4993 3599 5046 ΑΜΛΦΟΥ-

2023 5060 2203 5127 CIUC,
2254 5064 2396 5118 unde
2444 5072 2589 5118 recte
2642 5065 2869 5129 coniicit
2912 5060 3166 5118 fortassis
3191 5078 3377 5117 verum
3407 5064 3602 5133 lapidis

2027 5136 2458 5206 nontenl'uissc
2521 5134 2900 5205 'ApaOo'Js-toc,
2952 5135 3419 5206 siquideurillum
3474 5136 3604 5204 περὶ

2040 5204 2401 5284 Inita-Boium,
2437 5220 2557 5273 qua:
2590 5204 2653 5259 in
2686 5206 2865 5277 Cypro
2912 5204 3035 5269 est,‘
3073 5204 3305 5259 inveniri
3355 5205 3604 5259 docuerit

2028 5272 2385 5345 Epiphanius.

2098 5346 2210 5415 (74)
2243 5346 2486 5416 Epitome
2513 5346 2761 5405 Gesncri,
2799 5345 3090 5416 βαθυτέρα.

2098 5414 2211 5484 (75)
2245 5414 2391 5468 Fort.
2427 5421 2658 5469 ccerutea
2692 5417 3002 5469 ribratione.

2098 5485 2210 5555 (76)
2249 5484 2453 5538 Horum
2499 5488 2823 5556 populorum
2868 5488 3142 5554 regionem
3174 5485 3406 5540 lberiam
3432 5486 3600 5540 anm

2025 5554 2348 5608 Eustathius
2403 5554 2585 5616 vocat,
2621 5564 2673 5609 et
2722 5556 3018 5608 Asiaticum
3066 5559 3228 5611 etiam
3278 5559 3489 5623 dicunt,
3547 5569 3600 5612 ut

2025 5624 2396 5698 distinguatur
2433 5627 2501 5679 ab
2539 5627 2709 5680 Iberia
2747 5625 3029 5695 liurnpzei,
3076 5644 3270 5697 nempe
3317 5629 3598 5698 llgspauia.

2027 5694 2182 5751 Nunc
2205 5694 2316 5753 sub
2342 5695 2775 5766 Gem'gianorum
2808 5694 3026 5753 nomine
3051 5716 3144 5753 eos
3175 5694 3472 5763 "manus.
