3916 6196
279 309 358 365 341

1566 304 1818 368 VERSIG
1857 303 2203 374 ANTIQUA.‘

3403 304 3511 361 ἵνδῖ

283 421 430 496 magis
454 418 730 474 exhibens.
769 417 896 474 Haec
941 417 1183 489 beryllus
1208 421 1364 492 juxta
1393 418 1542 476 viam
1568 418 1680 489 (14)
1710 417 1818 486 Eu-
1845 425 1891 481 Α
1927 417 2251 490 dispositos,
2281 421 2376 491 qui
2408 422 2595 488 ammli
2625 436 2720 495 per
2746 421 3123 481 extremitates
3172 435 3303 478 suas
3340 427 3509 480 ratio-

282 513 458 586 phratis
479 509 716 567 ﬁutninis
742 512 857 567 visa
889 519 988 567 est.

740 620 809 658 ne
849 618 1039 662 ιλιιιιιε
1077 617 1322 674 omento.

336 696 612 771 Onycbium
647 697 789 767 lapis
815 697 1019 752 ﬂavum
1069 697 1234 753 nimis
1284 703 1525 754 ostentat
1557 697 1816 752 colorem.

279 770 508 846 Delectari
525 770 668 842 'vero
696 787 877 858 lapide
900 789 1008 844 isto
1045 790 1227 844 ferunt
1257 804 1443 860 regum
1468 789 1817 861 nuptas(l5),

277 892 327 939 et
347 881 570 944 divitum,
602 896 726 950 quae
771 880 827 934 in
863 881 1055 952 pocula
1092 896 1197 936 sua
1234 881 1625 937 transferentes
1656 892 1818 936 utun-

279 980 355 1028 tur
382 972 472 1027 hoc
504 971 706 1042 lapide.
738 969 879 1026 Sunt
922 981 1105 1026 autem
1153 980 1209 1026 et
1252 970 1343 1026 alii
1388 971 1680 1042 onychitae,
1727 971 1816 1040 qui

278 1066 514 1140 requivoce
545 1075 953 1135 nuncupantur,
981 1064 1034 1119 id
1057 1072 1139 1120 est
1161 1079 1271 1119 non
1296 1065 1584 1130 veraciter,
1611 1064 1821 1120 similes

279 1171 409 1220 certe.
441 1159 558 1226 quia
586 1155 790 1211 coloris
817 1162 900 1211 est
922 1154 1128 1209 mellei.
1170 1153 1402 1222 Quidam
1437 1154 1536 1220 hos
1566 1153 1721 1208 aiunt
1755 1169 1821 1209 ex

278 1245 422 1320 guttis
450 1259 603 1315 aqum
636 1243 995 1298 consolidati.
1031 1242 1332 1314 Onychitas
1365 1253 1544 1299 autem
1585 1243 1820 1299 naturali

277 1337 460 1394 ratione
487 1337 898 1408 cognominant,
941 1351 1005 1392 eo
1034 1335 1180 1406 quod
1230 1351 1439 1406 ungues
1486 1335 1818 1392 urbanorum

274 1429 484 1485 virorum
541 1427 718 1506 instar
763 1434 893 1482 sunt
940 1429 1231 1483 marmoris
1281 1428 1514 1498 quadam
1568 1428 1823 1484 mistione

276 1519 526 1590 sanguinis
573 1518 896 1576 obrubescit
939 1518 1072 1590 (16).
1106 1517 1221 1592 [55]
1250 1517 1405 1574 Unde
1454 1519 1698 1573 nonnulli
1746 1519 1824 1573 la-

276 1613 427 1683 pidem
462 1627 860 1678 marmoreum,
889 1614 982 1683 qui
1011 1628 1080 1668 ex
1111 1613 1232 1667 loco
1258 1611 1484 1666 Docimii
1521 1613 1656 1684 (l7),
1688 1628 1824 1684 ony-

275 1702 447 1766 chitem
485 1701 627 1758 falso
667 1703 892 1760 nomine
935 1703 1179 1762 vocitant
1231 1704 1303 1759 ob
1360 1704 1625 1766 albedinis
1674 1705 1824 1775 puri-

274 1801 433 1850 tatem.

333 1884 443 1942 ﬂzec
481 1887 650 1959 igitur
680 1887 972 1944 duodecim
1013 1887 1276 1960 lapidum,
1314 1889 1407 1960 qui
1459 1889 1514 1946 in
1553 1888 1825 1960 superlin-

273 1979 434 2034 merali
486 1986 621 2034 tunc
675 1978 923 2048 imperati
979 1989 1111 2036 sunt
1169 1982 1385 2036 annecti
1438 1982 1710 2054 pontiﬁcis
1763 1999 1823 2040 ex

274 2068 480 2126 diversis
518 2071 866 2136 auctoribus,
914 2071 1007 2141 qui
1053 2071 1120 2126 de
1159 2072 1608 2131 naturishorum
1645 2073 1830 2128 dixere

272 2162 506 2233 lapidum,
553 2169 774 2218 constat
809 2163 1072 2228 inventio,
1121 2179 1354 2234 quorum
1421 2164 1565 2219 sicut
1604 2163 1827 2228 investi-

272 2267 378 2322 gare
423 2251 725 2322 potuimus,
761 2259 870 2306 tam
929 2252 1141 2323 species
1171 2292 1186 2318 ,
1218 2267 1380 2324 quam
1413 2253 1528 2308 loca
1549 2291 1564 2312 .
1610 2270 1824 2310 necnon

275 2349 320 2395 et
358 2341 625 2410 potentias
681 2340 1042 2411 inspectionis
1093 2356 1280 2397 eorum
1329 2341 1545 2404 interim
1592 2342 1829 2397 breviter

212 2418 217 2423 ’
273 2433 602 2499 adnotantes,
653 2433 994 2503 singulorum
1048 2432 1289 2503 lapidum
1356 2435 1576 2488 nomina
1639 2451 1830 2490 conse-

273 2531 474 2591 quenter
511 2521 914 2592 expressimus.
945 2519 1043 2576 Hic
1071 2522 1183 2593 jam
1215 2539 1361 2578 nunc
1389 2523 1673 2593 quaeritur,
1706 2524 1827 2594 qui.-

272 2615 360 2672 bus
409 2618 589 2672 modis
649 2633 773 2672 eum
825 2618 1071 2673 ordinem
1124 2619 1548 2688 consequentiae,
1600 2620 1693 2690 qui
1747 2627 1833 2676 est

272 2709 589 2764 certissimus
633 2717 687 2764 et
731 2723 1060 2779 congruens,
1099 2709 1483 2779 approbemus.
1538 2708 1673 2764 Nam
1735 2726 1832 2781 per

271 2799 534 2854 duodecim
613 2799 796 2854 tribus
843 2797 1132 2855 duodecim
1188 2800 1395 2870 lapides
1445 2785 1645 2871 apponi
1691 2801 1832 2871 jussi

272 2899 403 2958 sunt,
436 2893 529 2956 ita,
576 2899 635 2946 ut
673 2907 817 2947 unus
845 2892 985 2962 lapis
1028 2892 1124 2946 uni
1163 2892 1330 2947 tribui
1372 2901 1834 2964 coaptaretur,et

272 2984 328 3037 ad
351 2985 690 3056 singularum
725 2985 946 3040 nomina
970 2984 1344 3040 decernantur
1371 2985 1572 3057 singuli
1601 2986 1830 3056 lapides.

270 3074 326 3130 Et
354 3078 620 3148 siquidem
653 3077 989 3133 declarasset
1016 3077 1217 3147 jussio,
1253 3077 1339 3132 cui
1407 3079 1571 3132 tribui
1603 3079 1727 3149 quis
1753 3080 1833 3133 la-

269 3168 342 3239 pis
377 3178 617 3241 aptetur,
659 3170 808 3224 nulla
850 3184 1076 3242 prorsus
1111 3168 1395 3239 inquisitio
1424 3177 1738 3240 superesset
1767 3171 1832 3224 ad

269 3261 613 3335 indagandam
654 3262 1028 3318 deﬁnitionem
1069 3262 1337 3319 divinitus
1375 3262 1712 3332 ordinatam;
1742 3265 1836 3322 sed

267 3354 325 3411 ad
369 3355 747 3429 exponendam
799 3356 960 3412 nobis
1001 3356 1108 3410 vim
1170 3355 1410 3428 lapidum
1459 3357 1838 3420 tantummodo

271 3447 500 3504 studiosa
547 3449 956 3518 relinqueretur
1000 3446 1251 3504 intentio.
1300 3444 1456 3503 Nunc
1502 3458 1682 3510 autem
1726 3465 1836 3504 non

276 3547 349 3596 est
391 3540 843 3604 delet-minatum,
877 3538 972 3596 sed
1021 3539 1342 3609 simpliciter
1381 3541 1434 3594 in
1480 3540 1696 3597 duobus
1725 3539 1837 3614 [56]

269 3631 392 3689 locis
419 3632 619 3687 horum
671 3631 910 3702 lapidum
954 3628 1424 3699 consequentiam,
1464 3635 1518 3683 et
1568 3631 1840 3700 composi-

269 3725 417 3782 tionis
448 3742 646 3782 eorum
675 3723 912 3795 speciem
948 3721 1217 3778 fateamur
1260 3721 1583 3792 ascriptam,
1617 3721 1762 3779 sicut
1783 3722 1839 3778 in

271 3817 530 3894 rationali,
578 3815 730 3888 quod
775 3830 942 3885 super
969 3822 1162 3884 pectus
1191 3813 1498 3884 ponebatur
1537 3813 1836 3885 pontiﬁcis,

268 3913 313 3965 et
350 3907 792 3980 superbumerali
841 3922 938 3976 per
991 3904 1132 3963 duos
1185 3905 1421 3962 annulos
1459 3919 1654 3962 aureos
1683 3905 1738 3960 in
1773 3920 1841 3964 eo

330 4040 346 4072 '
385 4039 560 4095 Exod.
593 4025 758 4105 xxvii,
783 4037 966 4092 10-15.

329 4200 435 4268 (14)
461 4198 522 4254 In
554 4197 656 4253 Gr.
677 4204 824 4252 textu
853 4193 1148 4265 Epitomes,
1180 4195 1308 4265 περὶ
1340 4194 1438 4264 τὴν
1472 4191 1670 4260 ἔξοδον,
1701 4194 1844 4248 circa

269 4271 476 4324 exitum.

330 4340 439 4421 (l5)
489 4339 550 4394 In
582 4336 935 4421 ‘m_s1lcg_itur
970 4337 1182 4421 nuptias
1205 4377 1222 4404 ,
1256 4335 1350 4421 sed
1383 4334 1676 4421 scriptoris
1697 4341 1846 4415 certe

268 4403 536 4493 vitiofne'c
566 4403 929 4493 dubitandum
953 4407 1021 4493 ab
1044 4403 1339 4493 interprete
1359 4403 1625 4493 scriptum
1653 4403 1843 4493 fuisse,

271 4490 471 4551 nuptas.
497 4478 562 4534 In
591 4477 784 4539 Graeco
812 4478 955 4532 enim
985 4484 1133 4533 textu
1165 4477 1440 4546 Epitomes

268 4554 356 4614 τὰς
386 4551 615 4620 νύμφας
634 4589 650 4609 .
683 4555 788 4603 etc.

334 4613 736 4746 glifliic’ipsa
761 4633 980 4688 quoque
1009 4617 1259 4702 Gesneri.
1277 4617 1526 4687 Epitome
1557 4615 1610 4669 in
1650 4613 1846 4670 mendo

403 4699 442 4746 t.
477 4691 792 4746 Salmasius
840 4699 1020 4746 tamen
1056 4707 1111 4744 in
1143 4688 1418 4746 Solutum.
1461 4703 1514 4746 ι).
1571 4686 1676 4742 596
1699 4724 1715 4746 .
1747 4701 1846 4746 one

271 4686 442 4746 cubat.
477 4686 794 4752 Salmasius
840 4686 1020 4746 tamen
1056 4691 1111 4744 in
1143 4686 1418 4752 Setinum,
1461 4703 1514 4756 p.
1571 4686 1676 4742 396
1699 4724 1715 4746 ,
1747 4701 1850 4756 ope

273 4762 460 4828 veteris
514 4760 728 4816 codicis
773 4759 853 4814 sic
893 4759 1186 4822 emendat:
1236 4759 1518 4828 Ὀνυχίτᾳς
1553 4757 1610 4809 δὲ
1654 4757 1852 4828 europe

272 4825 478 4898 λέγουσι
507 4829 1071 4900 φυσιολογικῶςηὲπεὶ
1102 4829 1230 4900 ὄνυξ
1252 4825 1852 4900 τῶνᾶστείωνὲἁνδρῶν

275 4896 697 4973 miramini
723 4896 1283 4973 chppOpvaCdpavo;
1326 4900 1422 4973 ᾳὺν
1451 4901 1516 4968 τῇ
1560 4896 1654 4950 τοῦ
1684 4899 1852 4967 αἵμα-

381 4969 528 5042 ἱδέᾲζ
551 4971 743 5048 Itaque
760 4969 1139 5048 .res'tituimusi
1179 4969 1600 5048 obrubesceutes,
1633 4977 1728 5022 aut
1751 4982 1853 5048 po-

275 5039 404 5112 tius:
437 5039 584 5111 quod
614 5039 824 5112 unguis,
852 5049 996 5112 etc.,
1016 5043 1192 5102 instar
1218 5041 1287 5094 sit
1320 5039 1603 5094 marmoris
1620 5039 1850 5107 quadam

271 5108 509 5181 stistione
541 5108 820 5181 sanguinis
845 5111 1212 5168 obrubescens.

337 5180 448 5261 (17)
478 5177 740 5261 graviter
771 5180 861 5261 hic
899 5191 1048 5261 errat
1079 5182 1358 5261 Gesnerus
1402 5195 1524 5261 cum
1563 5177 1682 5261 Jola
1731 5199 1852 5250 suo,

275 5251 363 5320 qui
384 5251 618 5323 verbum
642 5252 735 5307 τοῦ
761 5251 1018 5323 Δοκιμζου
1037 5255 1203 5323 vertit
1227 5253 1292 5310 ab
1318 5252 1700 5323 exploratione,
1724 5266 1854 5319 etc.,

276 5321 414 5394 quod
446 5322 663 5394 scilicet
691 5321 1002 5394 invenerint
1029 5321 1226 5394 δοκιμή
1253 5365 1268 5389 ,
1307 5332 1362 5378 et
1388 5322 1631 5394 δοκίμιον
1661 5326 1857 5394 proba-

277 5391 472 5460 tionem
521 5392 853 5460 signiﬁcare.
901 5391 1102 5452 Verum
1156 5391 1225 5450 re
1269 5394 1464 5450 melius
1509 5391 1856 5453 considerata

279 5458 764 5545 deprehendissent
786 5463 1031 5545 profecto
1052 5462 1414 5545 Epiphaniam
1441 5463 1510 5521 de
1538 5467 1670 5545 loco
1691 5466 1856 5545 hujus

279 5534 513 5598 minis
547 5534 814 5596 locutum,
845 5542 899 5590 et
925 5534 1260 5590 invenissent
1284 5536 1499 5590 celebre
1529 5538 1672 5598 apud
1719 5534 1858 5591 auti-

280 5613 408 5667 quos
447 5601 631 5662 fuisse
665 5604 863 5673 lapidis
889 5606 1173 5671 cujusdam
1205 5623 1401 5678 genus,
1438 5608 1530 5675 qui
1561 5601 1856 5663 Docimites

285 5669 565 5733 dicebatur
595 5672 890 5732 aDocimio
915 5673 1156 5734 Phrvgia:
1187 5680 1342 5734 urbe.
1368 5693 1463 5734 seu
1495 5678 1671 5733 mavis
1696 5693 1855 5734 nam).

291 5692 565 5733 "matur
595 5692 890 5753 auocmno
915 5692 1156 5745 r'nrygne
1187 5692 1342 5744 urbe,
1368 5693 1463 5734 seu
1495 5694 1671 5733 ntavts
1696 5693 1855 5748 pago.

291 5749 518 5808 utroque
549 5757 696 5798 enim
733 5745 950 5799 nomine
980 5757 1131 5801 vocat.
1167 5749 1498 5823 Stephanus,
1533 5764 1727 5821 nempe
1760 5765 1856 5804 ur-

1935 512 2060 566 nale
2103 511 2158 568 in
2209 512 2389 576 medio
2452 513 2833 578 continebant,
2885 527 3079 568 rursus
3120 513 3349 570 annexis
3416 530 3512 569 su-

1928 601 2244 672 perioribus
2274 602 2514 668 attnulis,
2546 603 2639 672 qui
2670 601 2896 660 erantin
2911 601 3342 672 superhumerali
3373 619 3511 674 pou,

1937 692 2102 748 tiﬁcis
2147 693 2200 748 in
2238 701 2471 767 utraque
2524 694 2738 749 humeri
2789 704 2944 764 parte
2988 694 3248 757 conserti.
3283 694 3418 752 Nam
3453 707 3508 753 et

1934 782 2388 853 superhumerale
2422 798 2547 840 cum
2574 791 2720 839 esset
2754 799 2922 838 unum
2949 799 3046 853 per
3071 783 3366 844 circuitum
3397 801 3508 847 uno

1943 889 2174 946 prorsus
2209 876 2418 934 oriﬁcio
2450 875 2803 931 claudebatur
2831 875 3036 938 habens
3063 874 3252 934 vittam
3283 875 3507 948 hyacinv

1934 966 2149 1022 tbinam
2182 983 2317 1023 auro
2363 969 2732 1038 complexam,
2763 976 2816 1023 et
2855 968 2984 1023 hinc
3019 987 3048 1024 a
3091 969 3301 1026 dextris
3339 987 3506 1029 unum

1938 1061 2227 1128 annulum,
2262 1068 2316 1117 et
2355 1077 2385 1120 a
2413 1062 2657 1118 sinistris
2701 1063 2931 1122 alterum
2968 1078 3062 1132 per
3091 1071 3380 1134 utramque
3406 1063 3509 1126 hu.-

1935 1154 2070 1208 meri
2119 1162 2330 1225 partem
2381 1155 2791 1223 prominentes,
2853 1154 3086 1218 annulus
3143 1154 3212 1211 ad
3256 1155 3515 1226 jugulum

1941 1243 2214 1313 pontiﬁcis
2238 1242 2602 1310 innectcntes,
2631 1243 2725 1313 qui
2757 1259 2949 1304 rursus
2987 1259 3051 1300 ex
3082 1253 3312 1315 utraque
3341 1247 3511 1302 ratio:-

1936 1333 2248 1402 naliSparte
2306 1335 2695 1405 spectabantur
2745 1336 3000 1406 appositi,
3049 1337 3124 1392 ita
3183 1347 3243 1392 ut
3289 1339 3518 1409 perinde

1935 1434 2422 1493 connecterentur,
2471 1434 2526 1482 et
2559 1435 2948 1496 coaptarcntur
2986 1429 3040 1482 in
3091 1445 3213 1485 sese
3243 1446 3338 1500 per
3369 1429 3514 1485 duos

1935 1519 2147 1574 scilicet
2186 1514 2422 1576 annulos
2458 1521 2766 1598 rationalis,
2798 1531 2849 1576 et
2879 1520 3020 1578 duos
3049 1522 3282 1584 annulos
3320 1538 3511 1592 super.-

1937 1609 2257 1676 humeralis,
2293 1612 2382 1667 ubi
2415 1620 2571 1676 erant
2617 1614 2878 1669 catenula:
2925 1629 3103 1669 aurea:
3145 1613 3381 1684 desuper
3411 1613 3512 1668 imo

1933 1703 2224 1758 minentes.

1863 1786 1904 1842 Β
2003 1796 2120 1851 Hoc
2160 1804 2346 1856 autem
2395 1797 2680 1863 rationale,
2735 1798 2896 1854 sicuti
2941 1797 3076 1864 dixi,
3114 1797 3348 1854 habebat
3380 1797 3515 1855 duo-

1930 1889 2107 1944 decim
2173 1889 2384 1958 lapides
2432 1890 2538 1950 sibi
2600 1898 2964 1959 congruenter
3019 1891 3291 1954 insertos,
3352 1897 3514 1960 atque

1935 1982 2272 2052 compositos
2303 1982 2577 2052 quadrato
2621 1983 2836 2046 ordine,
2859 1981 2952 2053 qui
2982 1981 3062 2038 sic
3089 1981 3361 2038 intertexti
3387 1997 3513 2052 ιιι-ος

1933 2073 2158 2136 bantur,
2196 2083 2253 2127 ut
2276 2081 2361 2128 est
2401 2074 2587 2138 subter
2629 2088 2923 2134 annexum.
2960 2073 3179 2138 Primus
3205 2071 3511 2144 249157]

1937 2164 2097 2230 ordo,
2131 2171 2293 2236 atque
2321 2165 2572 2235 superior
2598 2180 2628 2219 a
2661 2165 2790 2226 lzeva
2830 2173 2987 2236 parte
3024 2163 3297 2234 Pontiﬁcis
3323 2179 3514 2220 versus

1935 2255 2000 2310 ad
2033 2259 2278 2316 dextram
2305 2256 2404 2312 hos
2433 2257 2644 2327 lapides
2665 2257 2896 2318 habebat
2918 2258 3219 2327 appositos,
3245 2255 3512 2321 sardium,

1941 2346 2217 2418 topazion,
2273 2347 2652 2418 smaragdum.
2703 2347 2928 2417 Oportet
2968 2347 3112 2409 enim
3151 2354 3200 2400 et
3250 2346 3355 2400 hoc
3392 2345 3514 2401 dili-

1943 2438 2161 2508 gentius
2217 2439 2502 2504 adnatarc,
2538 2438 2681 2494 unde
2715 2438 2925 2493 scilicet
2968 2438 3262 2508 incipiebat
3293 2451 3516 2507 compo-

1939 2529 2088 2592 sitio,
2136 2537 2188 2583 et
2245 2529 2336 2584 ubi
2402 2530 2530 2585 item
2594 2529 2877 2593 desinebat
2921 2528 3352 2598 'scicndumque
3397 2535 3516 2594 est,

1936 2621 2080 2694 quod
2123 2621 2280 2691 juxta
2335 2619 2730 2678 Hebraiearum
2781 2621 3048 2677 elementa
3095 2621 3396 2678 litterarum
3443 2621 3519 2676 ita

1940 2713 2374 2783 compositiones
2432 2714 2551 2774 istae
2594 2713 2813 2767 ﬁebant.
2870 2712 3130 2768 Seribunt
3166 2713 3366 2784 quippe
3413 2712 3523 2768 He-

1945 2803 2072 2858 braei
2116 2819 2145 2856 a
2205 2802 2446 2858 sinistris
2476 2803 2557 2872 ad
2587 2805 2835 2857 dextram
2877 2802 3170 2872 cujuslibet
3216 2803 3292 2858 rei
3339 2802 3522 2872 subje-

1945 2903 2092 2952 ctum
2135 2894 2382 2952 ordinem
2411 2894 2794 2964 perducentes.
2829 2894 2936 2962 Ipsi
2980 2909 3109 2950 vero
3139 2911 3360 2952 manum
3390 2894 3522 2951 snbo

1945 2994 2264 3056 sequentem
2322 2987 2519 3043 litteris
2565 3003 2594 3057 ᾳ
2653 2987 2865 3055 dextris
2903 2987 3104 3043 habere
3157 2986 3411 3042 videntur
3453 2983 3522 3043 ad

1944 3078 2130 3135 laevam
2168 3077 2303 3149 (18).
2337 3077 2508 3135 Erant
2549 3094 2679 3151 ergo
2727 3095 2892 3151 super
2940 3078 3216 3150 pontiﬁcis
3257 3085 3450 3149 pectus
3490 3091 3521 3132 a

1941 3171 2182 3230 sinistris
2214 3173 2335 3241 ejus
2363 3171 2584 3228 ordines
2625 3171 2692 3226 ad
2725 3172 3004 3228 dexteram
3035 3169 3415 3242 perducentes.

2022 3261 2242 3319 Primus
2273 3264 2428 3329 ordo,
2458 3264 2602 3337 sicut
2638 3264 2750 3336 jam
2783 3263 2894 3324 dixi
2929 3282 2941 3320 :
2977 3263 3218 3325 sardius,
3251 3260 3523 3331 tepazius,

1949 3354 2308 3427 smaragdos;
2339 3355 2832 3427 secundusgautem
2875 3354 3268 3420 carbunculus,
3303 3351 3524 3422 sapphi-

1951 3464 2070 3517 rns,
2101 3433 2305 3522 jaSpis;
2339 3450 2532 3505 tertius
2565 3448 2814 3518 Iignrius,
2856 3449 3102 3513 achates,
3145 3447 3524 3518 amethystus;

1947 3551 2210 3613 quartus,
2256 3541 2348 3612 qui
2407 3548 2459 3595 et
2499 3540 2745 3604 ultimus,
2801 3538 3205 3610 ehrysolithus,
3253 3537 3527 3607 beryllus,

1942 3634 2247 3706 onychinus
2271 3635 2309 3688 ¹.

2025 3726 2145 3799 ['58]
2186 3725 2400 3783 Rursus
2435 3725 2743 3781 invenimus
2770 3721 2990 3779 eosdem
3035 3720 3246 3790 lapides
3297 3719 3350 3772 in
3391 3717 3522 3775 dua-

1946 3819 2052 3874 bus
2107 3817 2581 3889 snperhumeralis
2628 3815 2872 3886 partibus
2932 3812 3165 3884 positos,
3226 3811 3282 3866 in
3327 3808 3531 3880 quibus

1948 3905 2058 3963 duo
2096 3905 2322 3976 lapides
2382 3905 2651 3961 eatenulis
2709 3904 2890 3960 aureis
2954 3902 3278 3958 videbantur
3335 3901 3526 3956 inserti

1949 4195 2070 4252 bern
2136 4200 2294 4248 vocat
2321 4208 2379 4248 in
2408 4191 2524 4261 ipsa
2565 4205 2697 4248 voce
2726 4190 3009 4261 Δοκίμειον
3032 4229 3047 4255 ,
3085 4202 3284 4260 pagum
3319 4202 3448 4244 vero
3477 4190 3532 4244 in

1949 4282 2082 4320 voce
2103 4263 2345 4322 Σύνναδα
2375 4262 2700 4318 Strabonem
2731 4261 3072 4316 describens.
3500 4321 3504 4325 _

2020 4336 2132 4407 (18)
2164 4335 2372 4407 Debeo
2397 4332 2746 4407 Hebraeorum
2777 4329 3246 4407 scribendimotlo
3267 4330 3377 4402 agit
3405 4331 3537 4386 iicr-

1951 4402 2186 4464 ma'nn'us
2214 4404 2369 4476 Hugo
2393 4403 2470 4458 De
2497 4405 2680 4476 prima,
2698 4402 2960 4476 scribendi
2988 4403 3211 4476 origine,
3246 4407 3374 4476 etc.,
3409 4416 3530 4476 cap.

1518 4476 1698 4534 esneri
1728 4487 1842 4532 est:
1879 4481 1917 4538 ι)
1951 4478 2006 4542 8,
2032 4478 2124 4531 ubi
2155 4471 2336 4531 tamen
2372 4471 2536 4531 nimis
2581 4475 2841 4530 audacter
2869 4474 2983 4528 ait:
3038 4471 3211 4527 Porro
3241 4472 3377 4525 hanc
3403 4475 3538 4528 serie

1952 4549 2105 4604 bendi
2153 4547 2411 4601 rationem
2458 4545 2700 4615 Egyptii
2747 4543 2828 4615 alii,
2859 4543 3114 4615 Hebreis
3146 4557 3387 4615 accepere
3411 4582 3441 4615 ,Α
3477 4553 3534 4594 ut

1956 4619 2256 4676 Herodotus
2295 4625 2521 4670 testatur
2539 4613 2646 4669 'lib.
2700 4631 2760 4669 ιι.
2799 4614 3021 4668 Scilicet
3073 4613 3382 4668 Herodotus
3430 4613 3534 4666 hoe.

1956 4705 2124 4744 unum
2157 4684 2656 4756 tiarrat.AEgyptios
2703 4699 2733 4737 a
2759 4685 2952 4738 dextro
2990 4686 3042 4735 in
3072 4683 3358 4737 sinistrum
3393 4681 3536 4736 latus

1956 4759 2197 4816 scribere
2251 4759 2604 4811 consuevisse
2660 4771 2712 4821 p.
2758 4753 2860 4808 102
2917 4753 3002 4806 ed.
3057 4752 3314 4805 Gronovil
3361 4749 3533 4821 Lugd.

1955 4773 2197 4816 scribere
2251 4773 2604 4811 consuevtsse
2660 4773 2712 4816 ι).
2758 4773 2860 4808 tu:
2917 4773 3002 4806 eu.
3057 4773 3314 4805 urunuvu
3361 4773 3533 4816 Lugu.

1955 4771 2197 4816 scribere
2251 4771 2604 4811 consuevnsse
2660 4771 2712 4824 p.
2758 4771 2860 4808 tu:
2917 4771 3002 4806 eu.
3057 4771 3314 4805 uronovu
3361 4771 3533 4821 Lugu.

1954 4830 2142 4884 Batav.
2197 4843 2325 4881 ann.
2381 4825 2539 4881 1715.
2580 4825 2647 4879 At
2683 4824 3031 4880 Hebraeorum
3087 4823 3402 4875 nullatenus
3431 4837 3538 4875 me-

1955 4899 2135 4962 minit,
2169 4906 2223 4952 et
2245 4897 2464 4968 quidem
2495 4912 2574 4968 ca_
2585 4895 2862 4968 scribendi
2894 4893 3033 4968 ratio
3065 4892 3120 4968 in
3155 4890 3376 4968 Oriente
3401 4905 3538 4968 pene

1956 4959 2277 5025 communis
2302 4968 2402 5023 fuit
2425 5007 2439 5031 ,
2469 4977 2530 5022 ut
2560 4965 2809 5022 llolmius
2840 4982 2948 5020 non
2983 4962 3297 5019 dissimulat
3322 4962 3380 5015 in
3402 4959 3543 5016 Dis-

1956 5041 2227 5110 putatione
2286 5040 2350 5094 de
2407 5039 2690 5108 scriptura,
2720 5045 3008 5110 etc.,ieap.
3039 5035 3095 5099 5,
3122 5032 3388 5110 enatat.
3414 5032 3535 5110 phi—

1959 5100 2194 5182 iologic.,
2246 5100 2610 5182 etc.,Crenii,
2669 5100 2807 5182 pag;
2840 5100 2924 5163 ‘46
3041 5105 3286 5182 quinimo
3332 5100 3539 5158 Graecis

1957 5173 2214 5252 quoque,
2252 5173 3142 5255 Romanisque,'et'l§tru_scis,:de
3171 5173 3370 5255 quibus
3402 5187 3539 5255 pta:-

1959 5243 2118 5324 eipue
2154 5243 2650 5308 consulundus'cst
2674 5252 2744 5305 cl.
2778 5251 2979 5305 Gorius
3023 5245 3166 5301 Hns.
3197 5243 3426 5297 Etrusci
3455 5253 3539 5298 to-

1961 5341 2049 5378 ιιιο
2071 5323 2137 5390 ΙΙ,
2166 5337 2286 5392 pag.
2323 5321 2450 5386 405,
2477 5337 2597 5386 eam
2621 5321 2897 5379 scribendi
2932 5318 3198 5392 rationem
3234 5330 3347 5392 non
3362 5313 3538 5392 fuisse

1961 5366 2296 5463 suam;
2327 5366 3538 5463 nam:energiesintegerrima

1960 5455 2404 5526 Phoenicium“,
2438 5471 2570 5524 etc.,
2596 5477 2646 5516 c.
2684 5455 2792 5527 1οξ
2825 5455 3149 5516 Edmundus
3174 5455 3542 5512 Dicklnsonus

1963 5533 2246 5588 Fasciculo
2293 5547 2310 5586 ι
2361 5532 2788 5602 Opnscntorum,
2846 5541 2979 5595 etc.,
3007 5528 3192 5585 Crenii
3247 5542 3374 5602 pag.
3415 5527 3539 5583 104.

1967 5543 2246 5588 Fascicuto
2293 5547 2310 5586 t
2361 5543 2788 5602 Upuscntorum,
2846 5543 2979 5595 etc.,
3007 5543 3192 5585 urentt
3247 5543 3374 5652 pag.
3415 5543 3539 5583 ιω.

1967 5603 2363 5682 Dickinsonum
2417 5605 2472 5658 in
2523 5603 2668 5682 notis
2723 5603 2790 5682 ad
2813 5602 3204 5682 __Hermsnnum
3240 5599 3542 5682 "lugoncm

1963 5692 2136 5746 neque
2164 5675 2511 5733 Christianus
2541 5674 2706 5730 Trotz
2736 5675 3003 5731 indictum
3035 5672 3321 5743 praeteriit.
