3916 6196
298 236 408 293 ’ὁδῦ

1591 239 1767 296 LIBRI
1810 238 1897 296 DE
1938 237 2031 294 XII
2069 240 2328 299 GEMMIS

3464 247 3567 304 3H

299 361 460 432 juxta
491 369 790 435 utrumque
822 364 968 420 latus
996 366 1375 430 humerorum,
1416 363 1531 437 jam
1563 380 1670 420 non
1703 377 1770 422 ex
1807 363 1894 419 di-
1924 363 1972 422 Α
1998 362 2086 420 his
2112 364 2227 435 (Ξὲ)
2272 380 2392 436 quae
2444 348 2739 441 dicuntur,
2799 368 2854 422 in
2925 366 3279 439 hippodromo
3332 364 3571 421 Chabra-

303 453 483 511 versis
528 455 826 527 lapidibus,
882 455 977 511 sed
1020 471 1087 511 ex
1150 455 1441 528 smaragdo
1485 454 1888 524 tantummodo,

304 555 574 617 erantque
610 562 803 602 rursus
838 545 1060 601 nomina
1097 546 1333 601 ﬁliorum
1367 548 1536 603 Israel
1586 547 1889 604 secundum

306 647 643 711 praeceptum
679 638 894 693 Dominl
941 637 1173 708 scripta,
1215 648 1382 710 atque
1409 641 1619 712 scalpta
1660 640 1716 696 in
1753 640 1892 696 duo-

310 734 417 788 bus
456 731 581 785 istis
615 729 932 800 lapidibus;
966 744 1075 784 non
1109 737 1293 788 tamen
1324 732 1611 789 evidenter
1640 732 1890 787 ostendi-

307 829 421 879 tur,
458 819 602 891 quod
634 834 833 874 nomen
880 821 933 874 in
970 827 1126 891 parte
1176 822 1398 877 dextera
1438 822 1648 892 prasini
1693 821 1891 892 lapidis

305 911 534 967 inscribi
578 910 792 976 debeat,
842 912 925 966 vel
968 911 1114 982 quod
1156 912 1211 968 in
1260 913 1487 969 sinistra
1531 924 1707 984 parte,
1749 913 1893 968 sicut

305 1005 425 1073 ipse
457 1002 699 1059 decrevit
730 1002 985 1058 similiter
1016 1004 1303 1071 adnotari;
1351 1004 1458 1060 nisi
1485 1004 1632 1076 quod
1662 1019 1891 1076 prorsus

306 1093 721 1165 intelligendum
754 1101 861 1161 est,
911 1094 1040 1164 quia
1089 1110 1185 1149 sex
1233 1096 1457 1150 nomina
1497 1096 1703 1166 scripta
1737 1106 1893 1152 erant

308 1203 362 1241 ιιι
398 1187 622 1242 sinistra
659 1193 834 1257 parte,
860 1194 914 1241 et
942 1202 1038 1241 sex
1073 1187 1127 1241 in
1157 1188 1383 1243 dextera
1429 1188 1666 1244 ﬁliorum
1698 1189 1888 1247 Israel.

308 1274 420 1330 Nec
475 1276 621 1331 enim
673 1284 886 1346 poterat
940 1291 1083 1330 unus
1129 1276 1270 1347 lapis
1326 1278 1548 1333 nomina
1603 1279 1890 1337 duodecim

309 1368 555 1422 tribuum
605 1382 801 1438 capere
848 1374 1076 1438 propter
1121 1367 1509 1446 rotunditatem
1565 1384 1743 1425 suam.
1786 1371 1892 1427 Sed

310 1474 409 1514 nec
443 1461 701 1529 przecepit
749 1459 1032 1525 Dominus,
1083 1464 1143 1513 ut
1190 1458 1481 1529 dupliciter
1527 1460 1895 1518 inscribantur

308 1550 601 1605 duodecim
652 1550 829 1606 tribus
873 1551 929 1605 in
972 1559 1125 1621 parte
1172 1551 1416 1618 dextera,
1457 1562 1513 1608 et
1569 1553 1625 1608 in
1669 1555 1894 1610 sinistra

309 1643 635 1708 duodecim;
670 1643 765 1698 sed
806 1644 1132 1715 simpliciter
1174 1642 1252 1699 ait
1283 1645 1338 1699 in
1380 1647 1665 1716 pressione
1717 1645 1897 1718 signa-

1996 454 2088 509 tha
2118 455 2249 525 (25).

2069 542 2195 619 [40]
2233 548 2461 619 Oportet
2506 548 2690 620 itaque
2740 549 2999 621 primitus
3044 549 3188 604 hanc
3250 547 3575 604 divisionem

1997 652 2186 704 nosse,
2231 648 2287 695 et
2326 639 2539 696 ordinis
2580 640 3060 712 consequentiam,
3107 654 3230 710 qua:
3273 638 3579 695 secundum

1997 737 2210 786 aetatem
2259 740 2341 787 est
2393 733 2731 805 singulorum
2762 734 2802 796 ‘,
2852 731 2907 787 id
2933 739 3016 788 est
3056 731 3281 795 Ruben,
3324 728 3579 794 Simeon,

2002 824 2158 890 Levi,
2204 824 2412 893 Iudas;
2461 832 2690 897 propter
2728 826 2975 897 jurgium
3011 839 3144 880 vero
3191 821 3471 889 Rachelis,
3527 830 3579 877 et

1999 930 2125 986 quae
2171 916 2297 970 data
2341 916 2414 972 sit
2462 914 2634 971 Iacob
2669 916 2872 971 ancilla
2910 915 3080 981 Balla,
3133 914 3381 969 nascitur
3422 913 3583 984 juxta

1998 1007 2178 1062 aetatis
2212 1007 2459 1063 ordinem
2492 1017 2616 1079 post
2639 1006 2832 1062 Iudam
2858 1006 3013 1075 Dan;
3044 1006 3337 1077 statimque
3368 1005 3435 1060 de
3461 1006 3579 1076 ipsa

2000 1098 2199 1154 ancilla
2271 1098 2547 1154 secundus
2608 1100 2790 1155 editur
2846 1097 3117 1169 Neptalim
3179 1097 3317 1169 (2i).
3378 1096 3584 1153 Deinde

1998 1207 2096 1263 per
2126 1191 2531 1247 simulationem
2561 1190 2659 1246 Lia
2688 1207 2818 1247 vero
2851 1190 2998 1246 dedit
3030 1189 3287 1244 ancillam
3327 1189 3447 1243 viro
3468 1188 3586 1243 Zel-

2000 1287 2185 1358 pham,
2212 1301 2332 1357 qua:
2387 1284 2707 1356 concipiens
2758 1284 2968 1356 peperit
3023 1281 3177 1349 Gad;
3234 1280 3364 1336 dein
3417 1281 3579 1337 Aser.

2000 1378 2218 1436 Rursus
2247 1379 2451 1449 adjecit
2488 1394 2626 1433 uxor
2655 1376 2752 1432 Lia
2785 1385 2844 1432 ut
2882 1375 3196 1445 conciperet
3225 1393 3239 1431 ε
3278 1389 3399 1444 qua:
3420 1374 3582 1444 juxta

2002 1468 2397 1525 conscientiam
2441 1468 2650 1539 peperit
2692 1466 2963 1531 Issachar,
2997 1465 3122 1521 exin
3166 1460 3429 1518 Zabulon.
3471 1461 3588 1517 No-

2004 1561 2226 1616 vissime
2258 1576 2389 1616 vero
2416 1560 2483 1614 de
2516 1557 2756 1613 Rachele
2776 1555 2979 1628 Ioseph
3011 1556 3279 1619 nascitur,
3304 1562 3357 1611 et
3382 1554 3583 1609 deinde

2003 1652 2310 1723 Benjamin.
2360 1650 2424 1707 Et
2470 1660 2558 1706 est
2608 1650 2714 1705 ista
2761 1647 3179 1719 consequentia,
3232 1646 3441 1710 Ruben,
3494 1643 3586 1700 Si-

310 1735 417 1790 culi
451 1735 683 1789 ﬁliorum
736 1734 927 1801 Israel,
970 1736 1117 1790 sicut
1148 1736 1312 1792 habet
1361 1738 1479 1809 ipsa
1535 1737 1899 1793 circumstan-
1930 1730 1973 1785 Β
2004 1760 2186 1811 mean,
2258 1743 2407 1809 Levi,
2452 1740 2622 1797 Iudas
2650 1781 2665 1805 ,
2712 1741 2851 1807 Dan,
2895 1747 2949 1797 et
3000 1739 3292 1811 Neptalim,
3342 1736 3481 1800 Gad,
3527 1745 3587 1792 et

310 1831 387 1884 tia
444 1830 718 1894 lectionis,
774 1846 939 1901 quam
1001 1845 1149 1886 nunc
1204 1831 1271 1886 ad
1309 1833 1533 1887 verbum
1584 1833 1899 1888 curavimus
2000 1838 2156 1904 Aser,
2189 1834 2464 1901 Issacbar,
2508 1843 2562 1889 et
2601 1831 2873 1896 Zabulon,
2918 1829 3143 1902 Ioseph,
3182 1828 3343 1900 250
3377 1826 3498 1900 [Il]
3528 1836 3589 1883 et

310 1922 643 1993 exprimere,
682 1922 736 1978 in
780 1938 887 1994 qua
922 1923 1103 1994 ipsum
1151 1939 1369 1996 qu0que
1398 1924 1751 1995 pontiﬁcatus
1794 1925 1901 1979 olli-

311 2015 456 2069 eium
488 2023 820 2085 pneceptum
851 2024 935 2071 cst
980 2013 1225 2070 ordinari
1261 2034 1274 2070 :
1310 2016 1389 2071 sic
1429 2016 1505 2070 ait
1528 2016 1641 2088 (l9)
1676 2036 1688 2071 :
1729 2014 1795 2068 Et
1827 2016 1903 2086 {e-

312 2118 496 2163 cerunt
529 2108 643 2179 (20)
684 2109 1117 2179 superhumeralc
1142 2125 1210 2166 ea:
1238 2128 1393 2178 auro,
1438 2120 1487 2166 et
1522 2110 1826 2182 hyacintho,
1853 2121 1903 2167 et

317 2215 572 2268 purpura,
602 2210 651 2255 et
685 2217 839 2255 cocco
874 2218 993 2255 cum
1024 2201 1179 2273 bysso
1218 2211 1440 2269 retorta,
1475 2211 1582 2258 etc.
1611 2201 1724 2275 [59]
1759 2202 1902 2272 Opus

315 2293 496 2346 textile
554 2292 789 2362 fecerunt
843 2292 1017 2357 illud;
1069 2294 1525 2364 superbumeraliu
1582 2296 1903 2349 continentia

315 2400 428 2437 sese
462 2398 527 2437 ex
565 2385 805 2454 utrisque
823 2384 1087 2451 partibus,
1131 2401 1260 2453 opus
1292 2386 1476 2439 textile
1507 2386 1725 2439 invicem
1756 2401 1902 2439 cont-

316 2473 597 2536 plectentia
635 2488 690 2526 se
732 2488 825 2541 per
866 2474 1169 2527 circuitum.
1206 2472 1291 2526 Ea:
1327 2474 1439 2543 ipso
1478 2474 1709 2543 fecerunt
1741 2474 1904 2543 juxta

317 2564 430 2631 ejus
467 2562 758 2633 facturam,
785 2580 850 2619 ex
869 2580 1024 2629 auro,
1061 2575 1109 2619 et
1146 2566 1453 2637 hyacintho,
1486 2577 1535 2621 et
1564 2583 1822 2638 purpura,
1852 2578 1903 2623 et

318 2666 617 2719 coccoueto,
658 2666 707 2710 et
737 2656 892 2727 bysso
938 2666 1156 2724 retorta,
1191 2659 1329 2713 sicut
1358 2662 1601 2729 prwcepit
1645 2659 1901 2716 Dominus

319 2747 481 2804 Mosi.
516 2747 777 2815 Fecerunt
810 2759 1061 2820 utrosque
1090 2750 1295 2821 lapides
1343 2752 1637 2823 smaragdi,
1670 2752 1905 2822 conﬁbu-

318 2841 480 2905 latos,
516 2851 565 2896 et
595 2842 872 2897 conclusos
896 2860 1049 2905 auro,
1077 2846 1307 2913 scalptos
1343 2847 1397 2901 in
1427 2850 1694 2914 pressione
1724 2848 1905 2919 signa-

318 2934 429 2988 culi
450 2935 722 2989 nominum
746 2937 982 3004 ﬁliorum
1012 2935 1206 2991 Israel.
1241 2936 1308 2989 Et
1331 2938 1694 3007 imposuerunt
1724 2958 1811 2995 eos
1848 2943 1903 2996 in

319 3026 566 3081 humeros
592 3022 1272 3096 super/tumeraliflapides
1314 3032 1639 3085 monumenti
1664 3032 1901 3101 filiorum

322 3118 519 3183 Israel,
574 3119 711 3172 sicut
750 3119 996 3188 praecepit
1037 3118 1246 3190 Moyses
1279 3120 1415 3193 (21).
1464 3121 1590 3178 Haec
1635 3123 1744 3180 duo
1783 3126 1903 3181 loca

321 3218 456 3265 sunt
484 3210 681 3265 horum
720 3210 985 3280 lapidum,
1020 3219 1075 3267 et
1105 3212 1503 3283 appellationes
1546 3231 1759 3283 eorum,
1784 3233 1905 3287 qua:

322 3300 629 3357 secundum
676 3301 879 3357 tribum
926 3313 1211 3374 praecepta:
1250 3314 1378 3361 sunt
1429 3306 1700 3363 adnotari.
1751 3307 1907 3367 Unus

322 3389 541 3461 quidem
592 3390 749 3448 locus
803 3400 889 3447 est
950 3392 1004 3447 in
1063 3394 1169 3450 hoc
1225 3395 1501 3464 rationali,
1555 3404 1608 3453 et
1658 3399 1795 3454 alter
1850 3401 1905 3455 in

397 3590 413 3624 ¹
446 3588 583 3646 Gen.
619 3605 783 3657 xxxv,
810 3590 882 3647 25
907 3606 1027 3663 sqq.
1107 3594 1128 3624 '
1150 3590 1285 3649 Gen.
1334 3610 1484 3650 xxx"
1512 3605 1567 3653 et
1608 3612 1800 3652 xxxm.

398 3774 510 3845 (l9)
528 3772 661 3829 Vide
698 3772 869 3831 Exod.
900 3790 1022 3844 cap.
1058 3791 1245 3839 xxxvi,
1276 3778 1331 3831 in
1365 3778 1616 3834 versione
1640 3776 1813 3844 LXX,
1856 3781 1911 3836 in

325 3845 557 3915 Vulgata
587 3860 719 3900 vero
748 3860 796 3899 c.
823 3846 1225 3915 xxxix,etvide
1263 3847 1426 3901 etiam
1449 3847 1620 3903 Exod.
1641 3864 1691 3904 c.
1712 3865 1906 3904 xxvm.

326 3914 491 3991 {lates
518 3916 903 3991 autern_v_elim
957 3914 1161 3991 lapides
1186 3956 1201 3979 ,
1238 3934 1377 3991 quos
1410 3917 1548 3971 LXX
1586 3920 1909 3991 smaragdos

326 3987 624 4059 dixerunt,
680 3985 964 4059 vulgatam
1004 3987 1253 4059 aliosque
1310 3990 1637 4059 interpretes
1685 3985 1914 4047 voc'asse

326 4056 630 4196 onz'cliinos
661 4074 675 4121 ;
707 4054 1028 4137 Iosephum,
1076 4054 1469 4149 sardonyches:

425 4126 517 4195 20.)
546 4128 637 4180 διο
668 4125 810 4181 LXX
850 4143 903 4179 Ill
941 4142 1044 4180 ms.
1076 4126 1229 4183 Alex.
1302 4129 1469 4196 Εποίη

461 4128 517 4209 ll)
546 4126 637 4209 Sic
668 4125 903 4209 LXX’in
941 4142 1044 4209 ms.
1066 4126 1229 4209 Alex:
1283 4125 1599 4209 Ἔπρίηᾳαν.
1631 4128 1912 4186 Editiones

330 4196 1021 4267 plurimmtamenierunt,
1054 4197 1344 4267 ξΕποίησε,
1377 4196 1519 4264 fecit.

550 4263 692 4348 LXX
726 4284 739 4318 ι
776 4264 983 4348 Κρριος
1010 4263 1088 4332 τῷ
1116 4263 1321 4348 blqu
1356 4263 1838 4348 Dominusdloysi.

404 4335 518 4405 (22)
551 4333 730 4405 Locus
775 4333 924 4405 adeo
952 4342 1246 4405 corruptus
1266 4333 1374 4395 ,"ut
1396 4335 1637 4405 restitui
1689 4333 1912 4393 minime

332 4402 504 4476 posse,
526 4402 794 4476 videatur.
821 4402 987 4476 Multa
1010 4402 1203 4476 deesse
1237 4404 1587 4476 nonﬁdubito.

405 4469 517 4543 (25)
554 4472 694 4538 Quid
731 4472 834 4527 sibi
882 4473 1009 4528 velit
1049 4472 1152 4546 hoc
1182 4474 1287 4528 loci
1336 4473 1672 4546 Epiphanius
1701 4475 1920 4533 dilIicile

332 4545 485 4617 dit-tu
515 4552 618 4617 e_s_t_,
646 4557 769 4617 cum
801 4558 988 4617 neque
1014 4544 1148 4617 satis
1174 4544 1418 4617 constet,
1440 4544 1580 4617 quid
1611 4547 1920 4617 signiﬁcent

333 4615 501 4671 verba
534 4612 903 4682 Hippodromo’
924 4612 1252 4670 Chabratha.
1285 4626 1439 4675 m1:
1465 4612 1721 4671 Chibrath
1754 4626 1839 4674 ter
1865 4619 1918 4673 in

334 4687 510 4757 sacris
534 4684 770 4757 Litteris
792 4686 1069 4741 occurrit:
1107 4684 1383 4757 Geneseos
1413 4703 1532 4757 cap.
1600 4704 1763 4749 xxxv,
1826 4689 1918 4754 l7;

336 4755 585 4825 ejusdem
652 4755 941 4827 libriicap.
983 4772 1187 4820 vauI,
1260 4756 1292 4810 7
1345 4764 1400 4812 et
1438 4755 1507 4823 4';
1567 4759 1664 4813 lib.
1712 4757 1919 4827 Regum

337 4844 461 4898 cap.
515 4843 568 4890 v,
615 4824 701 4882 l9.
752 4824 959 4898 Vocem
994 4827 1169 4898 ipsam
1200 4834 1424 4898 servant
1471 4824 1922 4898 LXX,cap.'xxv

338 4895 613 4952 Geneseos
656 4896 963 4951 scribentes
1000 4895 1298 4965 Xa6pa0cit,
1345 4914 1443 4953 nec
1475 4914 1583 4953 non
1617 4895 1744 4966 cap.
1773 4913 1803 4950 v
1860 4897 1923 4949 Ii-

340 4969 423 5022 bri
452 4967 510 5021 IV
556 4966 764 5035 Regum
794 4966 949 5035 juxta
974 4967 1376 5023 emendatiores
1399 4967 1601 5033 libros;
1630 4974 1757 5021 sunt
1777 4966 1921 5020 enim

339 5038 434 5106 qui
497 5035 778 5106 mendose,
811 5035 1327 5106 habentrAeraBdt.
1385 5036 1587 5092 Verum
1646 5036 1923 5091 Gcncseos

341 5104 460 5177 cap.
487 5122 674 5173 vam,
697 5113 757 5160 ut
772 5105 860 5177 hic
883 5104 1243 5177 Epiphanius,
1273 5122 1398 5177 cum
1418 5124 1549 5162 voce
1569 5107 1925 5177 hippodromo

290 5218 293 5221 ι
342 5193 533 5232 vocem
566 5176 880 5232 Chabratha
912 5176 1275 5244 conjungunt.
1307 5176 1430 5232 Iam
1463 5192 1613 5243 vero,
1634 5176 1705 5231 ni
1740 5176 1920 5237 fallor,

347 5247 491 5301 inter
508 5262 576 5327 ea
612 5247 810 5312 multa,
829 5246 1081 5327 pum-hic
1113 5246 1306 5302 deesse
1331 5256 1474 5327 puto
1494 5288 1509 5310 ,
1635 5246 1923 5327 Rectorem

344 5316 673 5386 exposuisse
716 5316 1076 5383 crediderim,
1104 5316 1382 5387 quomodo
1426 5318 1716 5373 duodecim
1749 5317 1926 5387 tribus

346 5399 379 5458 a
421 5387 545 5441 ﬁliis
575 5386 747 5442 Iacob
773 5403 973 5443 nomen
999 5386 1332 5458 acceperint,
1356 5398 1490 5458 quot
1526 5404 1726 5444 uxores
1754 5386 1927 5458 Iacob

349 5456 589 5527 duxerit,
623 5473 783 5527 quem
829 5458 996 5513 ﬁlium
1047 5456 1301 5513 habuerit
1336 5456 1610 5520 ultimum,
1654 5469 1709 5513 et
1740 5458 1826 5527 his
1860 5456 1926 5510 si-

1947 4394 1991 4449 Ι)

350 5524 526 5599 milia,
559 5524 892 5599 tandemque
918 5544 1178 5599 narrasse
1214 5529 1490 5599 quomodo
1521 5528 1759 5591 Rachel,
1789 5526 1952 5599 Ben-.

347 5593 559 5665 jamino
581 5596 748 5666 edito.
774 5593 960 5666 partus
982 5597 1170 5653 dolore
1196 5593 1445 5653 coniecta
1475 5607 1703 5652 mortem
1732 5597 1929 5651 obierit

353 5668 409 5727 in
440 5672 579 5722 terra
607 5665 891 5735 Chanaan,
928 5668 982 5723 in
1012 5668 1369 5740 hippodromo
1396 5668 1729 5733 Clrabratha,
1761 5676 1813 5722 et
1848 5666 1928 5723 sic

1999 1927 2308 1997 Benjamin.
2340 1925 2467 1980 Haec
2495 1924 2717 1996 quidem
2753 1922 2927 1995 prima
2955 1930 3039 1980 est
3067 1921 3396 1993 compositio
3420 1919 3586 1988 juxta

2004 2021 2182 2075 aetatis
2207 2018 2685 2089 consequentiam.

2074 2110 2209 2165 Cum
2258 2124 2385 2164 vero
2426 2108 2780 2180 pervenirent
2820 2106 2887 2163 de
2934 2103 3334 2176 MeSOpotamia
3389 2118 3583 2159 rever-

2004 2212 2153 2260 tente
2189 2200 2359 2259 Iacob
2394 2201 2447 2256 in
2485 2211 2686 2257 terram
2724 2200 3010 2261 Chanaan,
3061 2196 3305 2253 secunda
3356 2195 3409 2249 ﬁt
3440 2194 3585 2248 divi-

2004 2296 2178 2352 sionis
2223 2294 2585 2351 enumeratio.
2622 2292 2776 2348 Fecit
2799 2291 2944 2346 enim
2980 2288 3149 2344 Iacob
3181 2296 3292 2343 tres
3326 2294 3535 2341 turmas
3561 2287 3585 2316 ¹

2003 2389 2326 2444 discernens
2368 2388 2621 2457 proprios
2671 2384 2833 2448 ﬁlios,
2883 2390 2937 2438 et
2984 2380 3166 2452 posuit
3208 2379 3487 2450 Zelpham,
3528 2386 3591 2433 et

2006 2478 2216 2533 Ballam
2250 2478 2389 2539 duas
2418 2478 2647 2532 ancillas
2680 2475 2887 2532 faciens
2916 2489 3080 2529 unam
3115 2480 3353 2527 turmam
3390 2472 3442 2525 in
3475 2471 3590 2540 pri—

2005 2571 2110 2625 mis
2141 2586 2266 2626 cum
2291 2579 2534 2641 quatuor
2564 2569 2692 2625 ﬁliis
2717 2583 2932 2631 earum,
2960 2566 3012 2621 id
3041 2573 3124 2621 est
3159 2564 3300 2628 Dan,
3354 2571 3408 2618 et
3439 2562 3592 2632 Nep-

2004 2662 2178 2729 talim,
2221 2661 2359 2726 Gad,
2399 2670 2454 2717 et
2501 2661 2668 2727 Aser;
2705 2659 2760 2713 in
2797 2656 3038 2713 secunda
3081 2671 3209 2711 vero
3258 2663 3434 2709 turma
3490 2670 3592 2708 or-

2005 2755 2215 2809 dinavit
2240 2754 2393 2808 Liam
2425 2768 2551 2809 cum
2578 2768 2675 2807 sex
2702 2750 2826 2806 ﬁliis
2850 2750 2969 2819 ejus
3002 2766 3110 2805 non
3139 2749 3251 2819 jam
3283 2745 3595 2803 secundum

2005 2855 2244 2912 aetatem,
2272 2846 2367 2902 sed
2396 2844 2701 2901 secundum
2735 2843 2928 2897 matris
2954 2841 3334 2906 aﬂ'cctionem;
3375 2836 3593 2900 Ruben,

2009 2940 2155 3006 dico,
2184 2946 2238 2994 et
2269 2939 2511 3002 Simeon,
2547 2935 2680 2991 Levi
2717 2942 2770 2990 et
2815 2933 3034 2998 Iudam,
3061 2930 3313 2989 Issachar
3336 2938 3389 2986 et
3414 2929 3600 2984 Zabu-

2009 3033 2139 3085 lon:
2182 3031 2300 3101 ipse
2324 3045 2457 3086 vero
2493 3036 2805 3099 postremus
2843 3025 3046 3082 mansit
3085 3039 3211 3079 cum
3270 3019 3505 3077 Racheie
3536 3030 3600 3075 et

2010 3123 2213 3195 Ioseph
2258 3124 2414 3179 valde
2462 3122 2711 3193 parvulo.
2754 3118 3040 3188 Benjamin
3083 3124 3263 3171 autem
3311 3114 3365 3168 in
3402 3112 3597 3168 matris

2012 3214 2192 3270 adhuc
2225 3222 2383 3269 utero
2424 3212 2782 3284 portabatur;
2817 3215 2873 3264 et
2919 3207 3036 3262 haec
3064 3204 3302 3261 secunda
3332 3203 3598 3259 discretio

2013 3305 2435 3378 compositionis
2469 3302 2717 3374 ejusdem
2746 3298 2962 3354 numeri
2998 3297 3407 3370 comprobatur.

2084 3400 2307 3458 Tertius
2338 3406 2523 3455 autem
2562 3406 2827 3452 numerus
2859 3403 2944 3451 est
2974 3391 3130 3463 juxta
3165 3390 3328 3445 aliam
3364 3402 3599 3459 compo-

2020 3776 2390 3833 narrationem
2446 3773 2753 3829 confecisse
2798 3771 2979 3827 verbis
3016 3769 3270 3824 nimirum
3312 3765 3476 3834 LXX;
3520 3770 3601 3826 ita

2018 3849 2163 3905 enim
2205 3847 2374 3901 Iacob
2417 3844 2677 3914 loquitur,
2711 3842 2857 3914 laud.
2907 3856 2955 3896 c.
2994 3837 3451 3914 xr.vm_Genes.:
3487 3837 3605 3913 Ego

2019 3929 2217 3980 autem,
2249 3914 2461 3986 quando
2489 3909 2610 3968 ueni
2645 3911 3128 3986 deAMesopotamia
3163 3909 3323 3978 Syria
3345 3949 3359 3971 ,
3387 3909 3604 3986 mortua

2016 4000 2094 4045 est
2130 3979 2325 4043 Rachel
2367 3994 2535 4039 mater
2579 3994 2670 4037 tua
2708 3984 2762 4036 in
2804 3979 2942 4035 terra
2978 3979 3233 4036 Chanaan
3256 4019 3271 4042 ,
3314 3984 3605 4047 appropin—

2053 4069 2212 4113 uante
2262 4074 2342 4111 me
2372 4056 2441 4109 ad
2483 4054 2881 4122 hippodromum
2920 4050 3224 4107 Chabratha
3244 4058 3440 4122 “territa.
3459 4049 3602 4119 Ἐγὼ

2048 4130 2074 4181 ὲ
2121 4130 2283 4197 ήνικα
2328 4120 2580 4197 ἡρχόίμήύ
2625 4126 2688 4197 ἐκ
2732 4122 3161 4197 Μεσοπφταμςαε
3207 4120 3305 4197 τῇς
3356 4120 3597 4197 impiae,

2015 4144 2074 4183 6E:
2121 4144 2580 4252 ἓνικαιηρχξμην
2625 4144 2688 4176 εκ
2732 4144 3159 4191 Μεσοποταμιας
3207 4144 3304 4242 τὲς
3354 4144 3597 4241 ἷυεῗας,

2015 4200 2124 4317 5::
2154 4214 2257 4317 δεῖ
2306 4194 2989 4317 tantatanti:
3015 4190 3605 4317 easeas:

2016 4269 2111 4332 τός
2153 4285 2254 4340 μου
2306 4259 2461 4320 mea“
2506 4259 2600 4340 ςτὸύ
2643 4259 2980 4340 {uirgeova
3015 4259 3412 4340 Χρϐρειθὰλτῆς
3462 4261 3598 4340 γῆς.

2018 4330 2125 4393 etc.
2153 4330 2433 4393 'Caelerum
2478 4334 2523 4389 si
2554 4335 2705 4389 vocis
2736 4330 2993 4386 Gltibrath
3028 4330 3480 4400 signiﬁcationem
3512 4331 3602 4384 in-

2020 4409 2325 4479 quirimusi
2353 4414 2479 4479 quot
2516 4405 2891 4479 interpretes,‘
2918 4410 2994 4479 tot
3034 4409 3166 4479 sunt
3212 4400 3607 4479 sententiatuut

2022 4467 2160 4535 bene
2190 4480 2267 4533 ait
2300 4467 2531 4531 Drusius
2568 4475 2621 4528 in
2656 4467 2801 4528 vers.
2828 4472 2893 4526 16
2926 4470 3129 4525 laudati
3153 4483 3274 4538 cap.
3329 4484 3471 4522 xxxv
3494 4467 3606 4538 Ge—

2023 4565 2239 4605 neseos.
2273 4547 2467 4616 Aquila
2492 4544 2746 4614 intelligit
2776 4559 2924 4618 secus
2952 4542 3115 4604 viam,
3149 4537 3367 4618 ali_i_.ite_r
3393 4537 3532 4607 quod
3576 4556 3610 4592 a

2022 4620 2247 4688 prandio
2295 4607 2363 4668 ad
2398 4629 2599 4667 caenam
2660 4607 2850 4683 Eonﬁci
2916 4619 3114 4688 potest,
3157 4607 3271 4688 _a|ii
3322 4607 3598 4688 jugerum,

2024 4678 2218 4757 nempe
2281 4693 2448 4757 terra:
2488 4678 2770 4757 tractum,
2803 4678 3111 4757 q_uem__duo
3136 4680 3323 4757 boves
3373 4694 3481 4731 uno
3514 4678 3611 4757 die

2025 4746 2202 4820 aran't,
2247 4754 2339 4808 alii
2408 4752 2628 4805 multant
2665 4746 2871 4807 itineris
2898 4793 2911 4816 ,
2945 4751 3038 4805 alii
3078 4749 3222 4803 mille
3257 4763 3479 4815 passus,
3512 4746 3611 4801 alii

2026 4826 2191 4880 aliam
2217 4834 2372 4878 terra:
2400 4839 2723 4887 mensuram,
2759 4832 2813 4879 et
2842 4821 3090 4877 nonnulli
3130 4834 3349 4887 vernum
3380 4828 3611 4885 tempus.

2026 4894 2227 4951 Vocem
2291 4886 2721 4964 hippodromum
2754 4893 2824 4964 in,
2863 4901 3074 4964 textum
3126 4888 3287 4953 LXX,
3327 4886 3613 4964 Geneseus

2026 4982 2150 5035 cap.
2183 4958 2363 5019 vam'
2384 4958 2670 5035 irrepsisse
2704 4962 2863 5035 facile
2882 4962 3287 5035 dubitaremnex
3316 4958 3610 5035 marginali

2027 5030 2154 5090 nota
2201 5035 2433 5102 alicujus
2477 5030 2836 5102 intelligentia
2880 5034 2934 5086 in
2987 5047 3120 5086 voce
3170 5030 3429 5102 Chibrath
3479 5042 3616 5097 spa-

2028 5106 2188 5167 tium,
2220 5100 2365 5188 quod
2382 5120 2572 5188 equus
2603 5100 3059 5188 ιηἸιίρροιιιόιιη
3084 5100 3438 5188 percurrebat
3460 5138 3473 5161 ,
3510 5113 3616 5188 rre-

2027 5192 2134 5244 que
2161 5169 2307 5231 enim
2346 5169 2502 5230 video
2530 5190 2632 5228 cur
2661 5169 2771 5227 uno
2786 5169 2857 5227 'in
2893 5173 3014 5225 loco
3039 5169 3186 5244 LXX
3217 5169 3484 5244 duplicem
3509 5169 3615 5244 ad-

2029 5235 2342 5301 hibuissent
2383 5261 2595 5306 vocem,
2648 5245 2864 5299 duobus
2920 5256 3050 5295 vero
3099 5241 3221 5294 aliis
3267 5235 3618 5294 solummodo

2030 5331 2221 5387 vocem
2248 5315 2535 5387 Χαϐραθά.
2569 5315 2790 5368 Scilicet
2817 5326 3100 5387 sacrarum
3130 5310 3457 5387 Litterarum
3490 5314 3615 5387 tex-

2030 5395 2143 5439 tum
2191 5378 2436 5440 Graecum
2465 5425 2479 5448 ,
2532 5401 2691 5453 quem
2736 5399 2881 5438 nunc
2933 5382 3196 5453 habemus
3241 5379 3345 5433 sub
3387 5378 3620 5453 nomine

2031 5454 2193 5529 LXX,
2234 5457 2360 5510 licet
2389 5447 2823 5529 venerabilissit,
2856 5452 3209 5529 plurimaeque
3241 5447 3615 5529 auctoritatis,

2031 5516 2199 5580 variis
2227 5534 2409 5581 tamen
2445 5526 2497 5580 in
2533 5525 2668 5580 locis
2701 5516 3091 5592 interpolatum
3119 5516 3613 5592 deprehendimus.

2106 5596 2220 5665 (QII)
2257 5595 2351 5649 Sic
2403 5612 2529 5664 ms.,
2567 5596 2660 5652 sed
2699 5595 2755 5651 in
2812 5585 2985 5649 Graec.
3045 5606 3156 5648 non
3199 5585 3401 5647 'dubilo
3445 5585 3624 5646 fuisse

2034 5666 2374 5722 Νεφθαλείμ.

2086 5683 2374 5739 quaesiit.
