3916 6196
278 196 367 256 548

1586 204 1834 262 VERSIO
1872 204 2200 272 ANTIQUA.

3405 212 3510 272 346

276 309 503 396 sitionem
529 290 839 369 divisionis.
885 310 1159 384 Incipiens
1205 316 1352 373 enim
1395 316 1570 375 Jacob
1613 321 1822 375 intrare
1851 330 1897 386 Α
1926 320 2060 374 mini
2100 320 2474 386 declarantur,
2521 321 2615 393 qui
2668 320 2904 379 debeant
2946 334 3072 381 esse
3116 324 3394 396 principes
3438 327 3506 385 ad

275 400 322 452 in
358 394 640 468 .Egyptum
670 402 710 466 ³,
751 402 899 457 sicut
933 420 1103 476 super
1143 423 1418 465 annexum
1453 418 1561 475 est,
1600 427 1827 482 congre-

273 486 397 559 gatis
440 488 492 541 in
532 486 767 559 idipsum
810 491 941 550 ﬁliis
979 494 1089 551 Lia:
1126 498 1312 565 simul,
1351 511 1406 554 et
1453 502 1667 557 ancilla:
1704 503 1827 572 ejus

273 578 482 650 Zelpbc,
515 592 939 655 consequenter,
967 588 1117 643 velut
1142 606 1207 645 ex
1240 592 1432 646 eadem
1454 593 1678 647 domina
1704 608 1830 663 pro-

272 670 468 741 genitis,
514 671 591 725 ita
633 670 1060 733 dinumerantur
1108 678 1258 750 ipsi:
1305 680 1525 746 Ruben,
1576 682 1825 751 Simeon,

270 762 403 827 Levi,
453 760 642 831 ludas,
687 765 963 835 Issachar,
1019 769 1321 827 Zabulon:
1374 784 1428 829 et
1482 790 1547 829 ex
1599 775 1825 846 Zelpha,

271 856 371 911 Gad
398 863 449 912 et
474 856 632 912 Aser.
684 856 893 914 Deinde
922 860 1185 920 Rachelis
1217 865 1311 919 ﬁlii
1340 864 1567 937 Ioseph,
1601 876 1657 922 et
1688 867 1829 923 Ben-

265 948 437 1018 iamin.
474 949 534 1016 li,
584 951 680 1022 qui
714 966 781 1008 ex
815 953 937 1022 ejus
968 955 1169 1011 ancilla
1212 966 1365 1023 sunt,
1400 958 1517 1013 Dan
1582 968 1637 1017 et
1676 958 1825 1031 Nep-

268 1042 421 1096 talim.

323 1155 431 1231 [42]
459 1154 668 1223 Quarta
691 1158 895 1216 divisio
914 1168 998 1216 est
1027 1163 1473 1234 compositionis,
1505 1173 1559 1222 ct
1585 1165 1823 1233 numeri,

263 1248 462 1321 quando
485 1249 766 1305 benedixit
786 1249 957 1307 Jacob
985 1253 1113 1310 ﬁliis
1141 1256 1259 1311 suis
1292 1270 1416 1310 cum
1443 1264 1751 1311 moreretur
1775 1259 1822 1323 ’ς

261 1345 456 1406 oportet
500 1338 648 1393 enim
702 1339 1007 1396 secundum
1051 1350 1292 1414 tempus,
1341 1352 1398 1400 et
1451 1345 1507 1400 in
1563 1362 1825 1402 numeros

262 1428 397 1497 ipsos
426 1438 738 1487 annectere.
766 1430 867 1487 Hic
895 1447 1027 1505 ergo
1060 1450 1347 1501 numerus,
1380 1442 1435 1491 et
1471 1436 1574 1491 hoc
1609 1446 1825 1507 tempus

267 1516 581 1588 insequitur,
612 1520 837 1591 quando
864 1521 1034 1578 Jacob
1065 1523 1363 1593 benedixit,
1388 1526 1439 1581 id
1457 1533 1563 1592 est,
1606 1526 1820 1592 Ruben,

261 1606 434 1663 deinde
457 1606 772 1665 Simeonem
804 1625 929 1667 cum
957 1610 1108 1677 Levi,
1140 1623 1194 1669 et
1218 1613 1436 1680 Judam,
1467 1623 1521 1670 et
1550 1614 1819 1680 Zabulon,

259 1706 306 1754 et
335 1697 604 1765 Issacbar,
641 1700 754 1757 Dan
792 1711 849 1759 et
904 1704 1044 1772 Gad,
1089 1707 1232 1762 Aser
1266 1714 1322 1762 et
1380 1705 1671 1778 Neptalim,
1729 1707 1824 1765 Jo-
1858 1681 1899 1739 Β

260 1789 378 1861 seph
404 1798 456 1846 et
484 1791 799 1863 Beniamin.

320 1902 441 1958 Dein
468 1904 728 1975 sequitur
753 1907 946 1976 quinta
968 1907 1167 1963 divisio
1194 1909 1262 1964 dc
1292 1909 1498 1974 Exodo,
1525 1927 1648 1966 cum
1672 1927 1813 1982 egre

257 1990 495 2048 darentur
534 1994 635 2050 ﬁlii
669 1996 837 2052 Israel
874 2013 940 2053 ex
978 1998 1254 2071 IEgyplo;
1300 2002 1647 2056 enumeravit
1679 2004 1824 2058 enim

255 2100 336 2140 eos
353 2087 541 2143 Sermo
576 2090 798 2145 divinus
821 2090 1013 2147 dicens
1039 2093 1059 2124 ⁸
1084 2111 1097 2146 :
1133 2092 1261 2147 Ηωε
1293 2104 1415 2148 sunt
1443 2095 1663 2148 nomina
1684 2096 1817 2164 ﬁlio-

256 2191 356 2229 rum
390 2175 590 2241 Israel,
620 2181 713 2249 qui
745 2180 969 2251 ingressi
1002 2193 1124 2235 sunt
1163 2184 1217 2236 in
1254 2181 1545 2254 «Egyplum
1579 2201 1695 2237 cum
1724 2183 1825 2238 Ja-

256 2266 335 2320 cob
367 2278 514 2337 patre
549 2286 683 2335 suo;
710 2274 1072 2343 unusquisque
1109 2291 1226 2328 cum
1269 2285 1382 2328 tota
1421 2274 1577 2329 domo
1617 2293 1715 2329 sua
1744 2278 1822 2330 in-

254 2373 442 2428 gressus
474 2370 599 2416 est:
632 2360 835 2424 Ruben,
868 2362 1103 2428 Simcon,
1136 2364 1281 2430 Levi,
1316 2364 1513 2429 ludas,
1547 2365 1822 2434 Issachar,

256 2444 501 2515 Zabulon,
540 2451 769 2520 (deinde
806 2451 1086 2526 Rachclis)
1123 2456 1429 2526 Benjamiu,
1469 2458 1687 2528 (deinde
1712 2458 1827 2512 Bal-

257 2540 329 2609 lac)
360 2542 492 2608 Dan,
544 2554 598 2598 et
657 2544 955 2613 Neptalim,
1013 2548 1092 2614 (et
1128 2548 1368 2621 Zelpluc)
1405 2548 1544 2617 Gud,
1578 2559 1627 2604 et
1668 2550 1821 2604 Aser.

252 2630 427 2703 Ioseph
455 2649 641 2691 autem
674 2649 788 2693 erat
820 2640 873 2694 in
901 2639 1152 2711 .Egyplo.

317 2745 440 2802 Dein
479 2759 681 2821 postea
715 2762 869 2809 sexta
905 2755 1105 2811 divisio
1140 2763 1225 2813 est
1258 2757 1473 2813 numeri
1516 2756 1671 2826 juxta
1711 2773 1818 2813 me-

256 2840 493 2896 tationem
522 2852 837 2901 castrorum
863 2846 1098 2902 ﬁliorum
1133 2848 1323 2911 Israel,
1361 2850 1506 2905 sicut
1549 2850 1820 2919 scriptum

254 2940 327 2986 est
347 2931 398 2985 in
438 2932 588 2988 libro
620 2933 984 2992 Numerorum
1009 2938 1031 2969 δ
1062 2954 1127 2994 ex
1162 2948 1436 3009 praecepto
1467 2926 1684 2994 Domini
1719 2958 1731 2993 :
1766 2938 1822 2993 in

254 3024 414 3118 prima
441 3027 747 3118 metatione
777 3026 970 3093 Judas,
1004 3030 1278 3097 Issacbar,
1319 3031 1597 3096 Zabulon;
1643 3030 1698 3085 iu
1735 3045 1825 3085 se-
1854 3029 1901 3089 ϐ
1930 3062 1965 3118 d

252 3116 416 3170 cunda
441 3116 669 3183 Ruben,
697 3119 943 3187 Simeon,
970 3121 1083 3178 Gad
1111 3141 1125 3191 ;
1158 3126 1212 3178 in
1236 3125 1396 3180 tertia
1430 3125 1663 3195 Ephrem
1688 3123 1823 3194 (‘25),

253 3216 301 3263 et
333 3210 640 3282 Manasses,
665 3221 721 3269 et
748 3213 1037 3286 Beniamin
1061 3232 1077 3283 ;
1104 3215 1159 3271 in
1187 3226 1383 3287 quarta
1411 3214 1549 3282 Dan,
1585 3223 1639 3270 et
1664 3215 1823 3281 Aser,

252 3311 300 3358 et
324 3302 623 3375 Neptalim.

314 3414 525 3475 Rursus
566 3421 798 3490 septima
830 3422 1043 3477 numeri
1082 3421 1281 3477 divisio
1314 3432 1420 3489 est,
1451 3438 1517 3477 ex
1563 3422 1683 3493 ipso
1708 3422 1821 3479 Nu-

251 3523 514 3566 merorum
546 3511 667 3585 [45]
702 3513 843 3567 libro
870 3512 1007 3584 (‘26),
1034 3530 1157 3569 cum
1180 3515 1338 3583 iuxta
1368 3523 1694 3585 praeceptum
1730 3516 1828 3571 Do—

316 3671 330 3703 '
364 3670 504 3729 Gen.
550 3687 699 3736 vaI,
734 3672 769 3728 6
806 3689 927 3745 sqq.
1035 3673 1055 3704 '
1098 3671 1236 3727 Gen.
1278 3687 1426 3739 xux,
1472 3674 1646 3743 Isqq.

251 3738 274 3793 I
315 3756 432 3812 sqq.

315 3896 426 3965 (‘25)
462 3896 562 3951 Sic
612 3911 742 3960 ms.,
774 3895 868 3951 scd
898 3895 952 3949 in
993 3894 1168 3951 Graec.
1220 3895 1392 3951 fuisse
1433 3897 1674 3967 Ἐφραῖμ
1722 3912 1831 3951 non

251 3966 587 4022 dubitamus.

312 4036 424 4106 (26)
457 4035 608 4091 Puto
658 4036 771 4091 haec
805 4036 1046 4092 alludere
1086 4036 1153 4090 ad
1184 4045 1351 4107 caput
1403 4035 1564 4090 Num.
1601 4052 1711 4102 vn;
1747 4038 1837 4093 hic

249 4112 385 4165 enim
413 4114 780 4162 recensentur
810 4107 1087 4176 principes
1114 4107 1401 4162 duodecim
1439 4108 1683 4161 tribuum
1706 4108 1836 4164 oﬁ‘e—

253 4184 431 4234 rentes
458 4177 825 4233 tabernaculo
867 4192 964 4231 sua
1012 4177 1152 4231 dona
1176 4219 1189 4241 ,
1223 4177 1350 4231 licet
1375 4179 1484 4231 alio
1536 4177 1726 4233 ordine
1767 4178 1837 4232 ab

247 4264 331 4313 eo,
353 4264 468 4319 quo
501 4259 755 4319 recenset
784 4247 1141 4319 Epiphanius,
1176 4256 1587 4319 recenseantur.
1622 4247 1716 4302 Est
1739 4263 1836 4319 au-

251 4316 581 4389 tem'talis;
629 4316 823 4389 Iudas,
870 4316 1139 4389 Issacliar,
1194 4316 1463 4389 Zabulon,
1506 4320 1717 4389 Ituhen,
1747 4318 1835 4372 Si-
1866 4333 1909 4389 ι)

249 4402 405 4443 nteon
426 4429 442 4453 ,
469 4388 588 4442 Gad
610 4430 624 4448 .
662 4386 917 4457 Ephraim
937 4429 952 4452 ,
994 4386 1243 4441 Manassc
1264 4427 1278 4450 ,
1319 4388 1599 4452 Beniamin
1629 4428 1643 4451 ,
1686 4388 1795 4442 Dan
1814 4429 1831 4453 ,

252 4463 408 4517 Aser,
440 4457 812 4525 Nephthalim.
851 4457 998 4513 Ordo
1031 4466 1285 4528 servatus
1317 4459 1384 4511 ab
1412 4458 1715 4528 Epiphanio
1737 4474 1833 4512 oc-

257 4530 424 4597 gurrit
478 4528 647 4582 Num.
682 4543 803 4597 cap.
843 4546 880 4593 ι,
926 4528 1015 4582 ubi
1071 4526 1243 4581 initur
1290 4526 1552 4583 numerus
1601 4528 1835 4582 ﬁliorum

252 4594 414 4722 :srgel
478 4613 512 4651 a
582 4594 847 4653 vicesimo
895 4612 1040 4653 anno
1114 4608 1169 4653 et
1223 4614 1388 4669 supra
1444 4616 1540 4668 per
1592 4598 1837 4669 singulas

278 4684 316 4721 τι
358 4684 447 4722 us.

253 4672 447 4723 tribus.

343 4739 438 4809 27)
466 4739 624 4809 Apud
646 4737 781 4793 LXX
811 4736 970 4809 Num.
988 4753 1110 4807 cap.
1153 4754 1189 4802 ι,
1212 4753 1276 4793 ex
1301 4754 1405 4793 ms.
1431 4738 1583 4809 Alex.
1604 4736 1833 4809 ‘E'drodp.

340 4809 434 4877 28)
470 4808 611 4863 Ibid.
629 4809 736 4862 τῶν
761 4808 892 4861 υἱῶν
921 4810 1137 4879 Ἰωσὴφ,
1155 4808 1264 4861 τῶν
1281 4808 1538 4879 Ἑφραῖμ,
1575 4808 1838 4879 Ἐλισαίμὰ

256 4877 365 4949 υἱός
401 4879 645 4949 Ἐμίουδ.
679 4879 758 4933 Ea:
780 4880 908 4948 ﬁliis
930 4877 1145 4945 Ioseph,
1180 4881 1270 4949 qui
1296 4877 1576 4948 Epirruem.
1595 4877 1838 4932 Elisama

256 4948 401 5020 ﬁlius
455 4948 651 5020 Emiud
675 4990 689 5010 .
720 4960 812 5003 aut
842 4948 1302 5020 quemadmodum
1343 4959 1426 5004 est
1459 4951 1510 5002 in
1551 4964 1656 5004 ms.
1680 4949 1834 5004 Alex.

257 5019 519 5081 Σεμεωδ,
540 5018 771 5073 Semiud.

347 5090 447 5160 29)
473 5088 609 5144 Ibid.
646 5091 725 5145 sic
751 5090 910 5145 etiam
940 5106 1043 5146 ms.
1069 5089 1577 5160 Αιοκ.Φαδασσούρ.
1596 5090 1689 5144 sed
1715 5088 1815 5144 Vat

258 5159 568 5232 οαξᾳσούρ,
585 5176 702 5230 cap.
728 5169 906 5232 autem
928 5176 1024 5225 vn,
1041 5177 1143 5216 ms.
1168 5159 1322 5215 Alex.
1351 5159 1836 5232 Ιιεὼυιψαδασούρ,

258 5240 311 5283 et
348 5229 540 5301 Ynlic.
566 5229 910 5301 Αῷαδασσούρ.

328 5299 447 5368 (50)
466 5299 599 5355 Ibid.
626 5299 878 5365 Γαδεωνί,
915 5300 1165 5355 ϐηόσοηί.

333 5370 449 5439 (51)
478 5368 614 5424 Ibid.
632 5373 926 5426 secundum
958 5375 1129 5427 codic.
1150 5371 1322 5428 Vatic.
1349 5379 1403 5427 ct
1418 5373 1540 5427 cod.
1563 5371 1841 5427 Alex.@a-

299 5440 430 5510 ςιὶή),
456 5480 473 5504 ,
512 5441 607 5493 sed
634 5456 755 5509 cap.
794 5442 845 5505 7,
884 5443 927 5497 si
982 5446 1220 5501 consulis
1275 5443 1567 5500 editionem
1601 5458 1666 5497 ex
1715 5442 1838 5497 cod.

312 5524 387 5585 at.
420 5510 784 5585 estﬁfaraﬁl,
827 5513 1066 5585 Φαγαιήλ
1114 5525 1295 5575 autem
1334 5516 1387 5573 in
1436 5516 1566 5573 edit.
1608 5529 1672 5570 ex
1716 5511 1835 5570 cod.

273 5578 665 5633 Alexandrino.

338 5648 458 5718 (32)
488 5648 619 5721 Cap.
652 5664 773 5704 xm.

1751 3674 1772 3705 ³
1816 3671 1984 3728 Exod.
2027 3690 2066 3738 ι,
2117 3673 2170 3739 1,,
2207 3672 2263 3728 5.

1928 407 2204 463 offerenda
2257 424 2484 464 munera
2544 396 2797 468 Domino.
2849 411 3149 483 Dixitque:
3191 412 3269 469 De
3314 412 3509 471 Ruben

1928 498 2148 557 IIelisur
2198 502 2344 556 ﬁlius
2394 501 2592 557 Sediur
2642 502 2778 573 (27),
2831 503 2901 559 de
2949 502 3207 562 Simeone
3252 505 3511 563 Salamiel

1930 591 2075 647 ﬁlius
2092 591 2447 658 Surisaddai,
2480 596 2549 651 de
2577 595 2718 651 Juda
2754 595 2969 652 Naason
3004 596 3149 653 ﬁlius
3179 597 3509 667 Aminadab,

1927 682 1995 738 de
2042 678 2295 740 lsSachar
2326 685 2669 742 Nathauahel
2715 688 2862 743 ﬁlius
2912 686 3105 759 SOgar,
3153 689 3221 745 de
3264 688 3509 746 Zabulon

1927 775 2084 830 Eliab
2156 776 2301 833 ﬁlius
2350 779 2596 845 Chaelon,
2642 780 2711 835 de
2758 779 3013 850 .Ephrem
3073 778 3187 849 (28)
3242 776 3508 835 Melcham

1929 867 2074 922 ﬁlius
2136 867 2334 933 Eniud,
2379 869 2448 924 de
2488 869 2742 927 Manasse
2787 869 3053 925 Gamaliel
3086 870 3231 925 ﬁlius
3262 869 3510 926 Phadas-

1928 973 2026 1013 sur
2052 956 2189 1026 (29),
2234 961 2300 1013 de
2346 959 2630 1029 Beniamin
2672 958 2847 1013 Abida
2876 959 3020 1014 ﬁlius
3052 958 3327 1015 Gedeonis
3372 959 3509 1029 (50),

1926 1050 1995 1104 de
2040 1050 2186 1103 tribu
2238 1048 2354 1103 Dan
2406 1050 2672 1104 Achiezer
2716 1049 2863 1104 ﬁlius
2915 1049 3215 1112 Amisadai,
3261 1048 3331 1104 de
3373 1049 3513 1105 Aser

1927 1141 2197 1196 Plraltihel
2242 1142 2354 1211 (3i)
2389 1141 2534 1197 ﬁlius
2576 1141 2808 1205 Ecchra,
2844 1141 2913 1195 de
2952 1140 3070 1197 Gad
3115 1139 3335 1211 Elisaplr
3365 1142 3512 1196 ﬁlius

1928 1232 2196 1305 Ragulrel,
2228 1235 2296 1288 de
2321 1231 2590 1303 Neptalim
2619 1232 2818 1287 Achire
2850 1232 2993 1287 ﬁlius
3016 1231 3221 1286 IEnan.

2000 1324 2241 1396 Itemque
2270 1333 2393 1396 post
2416 1326 2556 1379 hanc
2580 1325 2835 1396 sequitur
2860 1332 3055 1379 octava
3076 1322 3275 1379 divisio
3292 1339 3359 1379 ex
3391 1323 3512 1394 ipso

1927 1417 2068 1473 libro
2095 1417 2458 1473 Numerorum
2494 1417 2633 1488 (52),
2675 1416 2894 1486 quando
2936 1414 3193 1487 praecepit
3219 1413 3508 1478 Dominus,

1927 1518 1983 1566 ct
2011 1510 2161 1565 misit
2188 1509 2369 1566 Moses
2407 1510 2688 1579 principes
2733 1508 2982 1564 tribuum
3032 1506 3201 1562 Israel
3233 1505 3302 1561 ad
3335 1506 3510 1576 inspi-

1927 1602 2181 1658 ciendam
2228 1609 2432 1659 terram
2483 1599 2953 1673 repromissionis.
3005 1597 3097 1652 Ait
3141 1597 3328 1667 itaque
3367 1613 3382 1649 :
3437 1593 3513 1650 De

1929 1693 2045 1765 [44]
2074 1693 2264 1749 Ruben
2293 1694 2405 1764 (55)
2434 1694 2601 1748 Samu
2630 1693 2773 1747 ﬁlius
2796 1691 2984 1745 Acchu
3008 1689 3144 1760 (54),
3167 1688 3235 1743 de
3257 1687 3515 1742 Simeone

1933 1783 2115 1855 Sapha
2150 1783 2265 1854 (55)
2304 1784 2450 1839 ﬁlius
2482 1783 2633 1849 Suri,
2687 1783 2755 1838 de
2789 1781 2931 1838 Juda
2969 1779 3211 1850 Chaleph
3246 1778 3393 1834 ﬁlius
3423 1776 3515 1833 Je-

1931 1876 2113 1946 phonc
2142 1874 2280 1945 (56),
2313 1874 2382 1929 de
2412 1874 2666 1929 Issaclrar
2698 1871 2832 1927 Sara
2862 1871 2979 1942 (57)
3015 1870 3162 1925 ﬁlius
3188 1867 3415 1937 Joseph,
3444 1865 3514 1920 de

1931 1966 2166 2037 Ephrem
2192 1973 2369 2022 Auscs
2398 1967 2513 2036 (58)
2547 1966 2692 2020 ﬁlius
2718 1963 2888 2030 Nave,
2917 1963 2984 2018 dc
3012 1961 3298 2032 Beniamin
3328 1957 3508 2013 Phalti

1930 2059 2075 2114 ﬁlius
2112 2058 2328 2128 Raphu,
2363 2059 2432 2113 de
2466 2058 2718 2112 Zabulon
2748 2055 2981 2111 Gudihel
3020 2054 3166 2108 ﬁlius
3198 2052 3323 2107 Suri
3372 2050 3512 2120 (59),

1929 2150 2165 2204 ﬁliorum
2194 2147 2396 2220 Ioseph
2432 2148 2499 2204 de
2532 2148 2782 2203 Manasse
2821 2146 2934 2216 (40)
2975 2142 3145 2200 Gelad
3178 2142 3320 2198 ﬁlius
3351 2139 3512 2204 Sudi,

1938 2242 2007 2296 dc
2043 2240 2154 2294 Dan
2188 2241 2399 2295 Amihel
2438 2241 2584 2297 ﬁlius
2613 2240 2847 2304 Gamali,
2883 2239 2953 2294 de
2984 2239 3123 2294 Aser
3152 2236 3366 2292 Saclrus
3397 2235 3512 2306 (41)

1929 2334 2073 2389 ﬁlius
2109 2333 2399 2399 Miclralrel,
2441 2334 2510 2388 de
2555 2333 2769 2403 Neptali
2799 2332 2917 2385 llali
2951 2331 3096 2387 ﬁlius
3144 2327 3346 2398 Ulaphi
3371 2327 3510 2400 (42),

1929 2423 1998 2480 de
2024 2422 2140 2478 Gad
2172 2421 2404 2489 Gugihel
2434 2422 2577 2478 Iilius
2609 2422 2820 2477 Maccbi
2860 2420 2996 2490 (45).

1998 2513 2154 2569 Nona
2198 2528 2419 2585 quoque
2463 2514 2663 2569 divisio
2709 2512 2923 2568 numeri
2972 2516 3248 2581 praecepto
3294 2504 3513 2561 Domini

1926 2605 2089 2660 datur
2126 2621 2193 2660 ex
2233 2605 2353 2674 ipso
2399 2605 2540 2659 libro
2579 2604 2965 2669 Numerorum,
3001 2616 3128 2656 cum
3169 2599 3299 2654 ﬁliis
3345 2595 3514 2653 Israel

1927 2708 2073 2752 terra
2118 2703 2267 2751 sorte
2300 2694 2675 2749 distribuitur.
2733 2693 2808 2749 De
2851 2692 3017 2759 Juda,
3061 2690 3266 2762 inquit,
3308 2687 3516 2757 Cbalep

1928 2788 2071 2842 ﬁlius
2095 2783 2378 2855 Jepphane
2404 2783 2520 2854 (44)
2541 2801 2556 2850 ;
2579 2791 2635 2838 et
2664 2782 2925 2852 deinceps
2951 2787 3350 2836 enumerantur
3366 2779 3513 2848 prin-

1927 2877 2078 2948 cipes
2107 2878 2347 2933 tribuum
2374 2894 2388 2931 :
2421 2877 2496 2932 De
2519 2876 2799 2939 Simeone,
2829 2873 2899 2929 de
2921 2872 3234 2943 Beniamin,
3262 2871 3331 2926 de
3368 2869 3509 2934 Dan,

1931 2970 1999 3026 de
2035 2968 2306 3033 Manasse,
2341 2968 2411 3024 de
2443 2967 2703 3038 Ephrem,
2738 2966 2822 3060 (ις
2837 2965 3108 3031 Zabulon,
3140 2963 3211 3021 de
3237 2962 3511 3030 Issacbar,

1969 3078 2000 3118 e
2026 3064 2181 3129 Aser,
2220 3062 2288 3117 de
2322 3059 2557 3132 Neptali.

2004 3152 2137 3209 Dein
2172 3167 2368 3208 rursus
2411 3150 2623 3206 decima
2672 3147 2885 3205 numeri
2928 3146 3127 3204 divisio
3159 3152 3246 3203 est
3289 3142 3512 3217 quando

1932 3245 2091 3316 251
2119 3242 2234 3316 [45]
2267 3243 2545 3299 benedixit
2567 3240 2748 3298 Moses
2776 3241 2798 3274 '
2830 3240 2958 3296 ﬁliis
2990 3238 3159 3297 Israel
3188 3251 3514 3310 praeponens

1930 3331 2149 3397 Ruben,
2169 3338 2226 3387 et
2250 3331 2511 3402 deinceps
2534 3337 2836 3388 annectens
2874 3329 3095 3395 Iudam,
3123 3328 3274 3394 Levi,
3321 3326 3516 3397 Benia«

1931 3424 2070 3490 min,
2110 3423 2338 3495 Joseph,
2374 3423 2642 3489 Zabulon,
2679 3420 2953 3488 lssacbar,
2993 3419 3133 3485 Dan,
3172 3417 3325 3485 Gad,
3374 3416 3517 3489 Nep-

1932 3517 2091 3582 talin,
2152 3525 2209 3574 et
2248 3516 2423 3584 Aser;
2456 3524 2511 3572 et
2550 3516 2609 3572 in
2642 3511 2961 3572 novissimis
2998 3515 3162 3571 iterat
3204 3523 3515 3568 sermonem

2369 3673 2391 3704 ⁸
2424 3671 2587 3728 Num.
2629 3686 2693 3740 ιι,
2732 3668 2770 3725 2
2805 3685 2927 3743 sqq.
3036 3667 3059 3702 ³
3098 3665 3256 3722 Deut.
3308 3675 3512 3727 xxxm,

2008 3893 2123 3968 (55)
2151 3895 2315 3960 LXX,
2368 3896 2469 3967 τῆς
2498 3897 2670 3968 φυλῆς
2707 3893 2957 3968 ῘΡουϐἧν.
2983 3892 3079 3968 _De
3119 3892 3260 3947 tribu
3312 3889 3513 3968 Ruben,

1936 3974 1990 4020 et
2017 3961 2345 4023 'sic'czctera:
2370 3961 2587 4036 quoque
2628 3961 2807 4021 tribus
2834 3961 3241 4036 (nominantur:
3286 3961 3388 4031 τῆς
3414 3978 3514 4030 φυ-

1937 4036 2298 4124 λῆςὲτεεεεέεξ
2332 4032 2462 4124 θέειον
2490 4032 2593 4124 ἑσῆς
2622 4032 3021 4124 suum?“
3050 4044 3157 4124 clc.-

2010 4103 2316 4180 (54)]λΧΧ,
2351 4103 2605 4180 Σαμφυῆλ
2635 4103 2990 4177 ὺὶδξΖαχούρ
3010 4143 3023 4169 ,
3055 4115 3169 4172 aut,
3197 4108 3275 4163 uti
3325 4115 3408 4163 cst
3458 4107 3511 4162 in

1939 4192 2043 4234 ms.
2074 4178 2251 4235 Alex..
2279 4176 2511 4247 Ζαχρού.

2012 4247 2123 4317 (55)
2156 4247 2318 4313 LXX,
2351 4248 2559 4316 Σαφάτ,
2594 4246 2821 4316 Saphat.

1974 4315 2304 4439 hggLLXX,
2338 4317 2519 4371 Χάλεϐ
2553 4315 2678 4383 υξδςί
2715 4316 3197 4389 ’1εφοννή,εΙιαιεὺ
3227 4318 3374 4389 [ilius
3418 4315 3513 4373 ls-

1955 4405 2159 4442 πιωιηε.

1938 4407 2318 4527 ΡηῖέΨῖὶΧΧ,
2354 4459 2550 4522 ’0.αὰλ,
2576 4466 2631 4513 et
2660 4458 2712 4512 in
2743 4474 2847 4516 ms.
2876 4457 3032 4515 Alex.
3068 4460 3230 4529 Ἱγάλ.

2009 4529 2118 4595 (58)
2147 4529 2308 4591 Lxx,
2339 4532 2509 4599 Αὐσή.

2008 4599 2118 4667 (59)
2151 4599 2312 4660 Lxx,
2351 4601 2523 4654 Σουδί.
3384 4642 3387 4643 κ

2009 4666 2121 4740 (40)
2149 4669 2309 4727 LXX,
2340 4672 2438 4740 τῆς
2468 4669 2640 4738 φυλῆς
2675 4668 2872 4739 Ἰωσὴφ
2928 4668 3036 4740 τῷν
3060 4668 3193 4740 ρὶὦν
3222 4666 3513 4740 Mavao’gj,

1937 4737 2095 4791 l‘a66‘i
2128 4741 2239 4804 υἱὸς
2274 4736 2452 4793 Σῦυάί.
2479 4736 2610 4805 Qum
2632 4740 2799 4792 verba
2821 4736 2888 4791 in
2906 4738 3036 4793 edit.
3063 4738 3236 4791 Paris.
3262 4752 3350 4789 an.
3378 4736 3516 4789 1628

1940 4813 2637 4882 perperamrprzetermissa
2688 4817 2844 4882 sunt.
2877 4806 2951 4861 Ex
2975 4808 3069 4882 bis
3105 4816 3286 4861 autem
3327 4812 3513 4882 nostra

1938 4877 2321 4962 iulclligenda,
2355 4890 2449 4935 aut
2489 4880 2672 4962 potius
2704 4877 3023 4962 corrigenda
3076 4886 3181 4962 est.
3214 4877 3430 4962 vers-io,
3447 4882 3512 4962 et

1939 4949 2064 5002 data
2113 4943 2404 5007 occasione
2457 4943 2674 5007 silentio
2730 4943 3511 5019 noupnetermittamIoseph

1940 5035 2062 5091 cum
2097 5020 2348 5078 Manasse
2383 5021 2663 5091 conjungi,
2700 5030 2755 5091 ut
2788 5016 2935 5074 certa
2972 5016 3514 5091 tribus_de_signetur;

1940 5090 2136 5160 duplex
2168 5094 2312 5146 enim
2348 5086 2523 5149 tribus
2549 5086 2749 5161 stcph
2774 5099 2913 5155 erat,
2938 5090 3112 5146 altera
3154 5086 3412 5157 Ephraim
3459 5091 3516 5140 et

1941 5162 2112 5214 altera
2139 5161 2408 5218 Manassc.

2039 5231 2125 5303 4!)
2152 5231 2313 5303 LXX.
2347 5231 2559 5303 Σαβούρ
2579 5272 2601 5303 ι
2628 5229 2845 5303 Suder-

2036 5290 2125 5373 42)
2152 5290 2312 5362 LXX,
2349 5302 2485 5355 Ναὸ).
2508 5290 2649 5373 (bibi;
2681 5300 2852 5373 ξῖςειϐί-1
2908 5296 3052 5373 Ναὸί
3086 5295 3231 5367 filius
3271 5292 3421 5349 Sabr.
3456 5290 3515 5346 In

1944 5369 2049 5424 ms.
2077 5369 2257 5425 autem
2289 5373 2439 5426 Alex.
2471 5372 2629 5425 Ναϐὰ
2654 5371 2768 5432 υἱὸς
2817 5369 2971 5423 Ἰαϐί.

2016 5442 2127 5511 (45)
2162 5441 2324 5504 LXX,
2350 5442 2575 5511 Γουδιὴλ
2603 5440 2718 5503 υἱὸς
2749 5431 3172 5511 Μακχίηϐιξάίςζ
3199 5436 3345 5511 filius
3371 5431 3516 5490 Mae-

1944 5505 2046 5573 chi,
2078 5505 2172 5579 sed
2198 5513 2358 5581 etiam
2399 5514 2451 5565 in
2488 5505 2589 5581 nis.
2624 5510 2777 5565 Alcx.
2807 5505 3303 5581 θείΜαχίμΙασὴί.

2016 5581 2129 5654 (44)
2160 5580 2318 5648 LXX,
2358 5579 2615 5653 Ἰεφθννῆ.
