3916 6196
480 264 584 321 ΞΠ

484 472 760 529 ﬂuitasse.

556 566 689 620 ltem
726 563 1019 619 undecima
1047 558 1263 615 numeri
1290 557 1493 612 divisio
1536 557 1823 626 probatur,
1849 554 2067 626 quando

487 658 809 726 praecipitur
870 654 987 717 eis,
1058 658 1352 719 antequam
1426 649 1804 719 ingrediantur
1862 656 2065 701 terram

485 747 675 812 Israel,
720 760 842 799 mox
880 741 1303 799 transnatantes
1351 740 1669 803 Iordanem,
1715 748 1861 794 stent
1901 754 2067 808 super

485 838 626 892 duos
675 842 888 889 montes
929 820 1150 888 Garizin
1193 841 1248 888 et
1298 832 1468 889 Gebal
1501 833 1541 897 ³,
1592 847 1687 887 sex
1730 831 1858 885 hinc
1904 839 2067 900 atque

487 927 738 991 imle,.ad
778 924 1211 980 benedicendum
1259 924 1344 978 his
1382 924 1476 993 qui
1512 922 1835 977 custodiunt
1869 922 2063 991 legem,

488 1025 541 1073 ct
570 1016 636 1070 ad
663 1016 1102 1071 maledicendum
1135 1016 1219 1070 bis
1254 1015 1347 1084 qui
1377 1014 1513 1085 legis
1545 1025 1816 1085 praecepta
1848 1030 2068 1069 servare

488 1107 947 1175 contempserint,
979 1114 1034 1158 et
1063 1110 1148 1159 est
1190 1104 1293 1159 ista
1324 1102 1599 1156 contextio
1638 1101 1887 1166 numeri;
1939 1114 2065 1154 nam

487 1212 655 1267 super
685 1197 1095 1253 benedictioncs
1122 1194 1405 1249 consecuti
1444 1199 1593 1255 sunt,
1633 1191 1874 1253 Simeon,
1911 1189 2063 1253 Levi.

484 1284 678 1349 Judas,
710 1286 985 1347 lssaehar,
1039 1282 1266 1352 Joseph,
1302 1291 1355 1336 et
1388 1280 1711 1350 Benjamin;
1743 1295 1909 1348 super
1950 1294 2067 1337 ma-

487 1377 810 1433 ledictiones
849 1385 1031 1430 autem
1064 1376 1152 1440 hi,
1188 1374 1402 1439 Ruben,
1429 1372 1567 1440 Gud,
1604 1374 1763 1435 Aser,
1799 1371 2064 1435 Zabulon,

485 1465 628 1529 Dan,
658 1476 714 1520 et
747 1465 1019 1535 Neptalin.

558 1556 891 1611 Duodecima
934 1572 1131 1611 rursus
1172 1563 1254 1611 est
1287 1554 1488 1615 divisio
1531 1553 1747 1613 numeri
1785 1568 1910 1607 cum
1948 1568 2066 1608 sor-

485 1645 701 1700 tiuntur
747 1654 949 1701 terram
1003 1645 1375 1715 possessionis
1419 1659 1532 1698 suae
1580 1644 1719 1714 (45),
1770 1651 1824 1698 et
1873 1643 2063 1698 Ruben

1757 254 1930 313 LIBRI
1973 254 2060 308 DE
2095 256 2185 312 XII
2224 260 2485 313 GEMMIS

418 362 425 373 ’
483 381 553 437 de
585 378 789 451 Joseph
814 396 830 434 :
857 378 975 435 hac
998 385 1129 435 sunt
1163 374 1331 430 millia
1366 372 1634 442 Ephrem;
1670 382 1723 427 et
1753 371 1867 426 haec
1895 371 2066 426 millia
2096 379 2138 434 Α

3586 266 3672 327 348

2250 373 2503 429 Forsitan
2540 383 2721 430 autem
2779 384 2834 430 et
2866 374 2992 433 aliis
3024 376 3157 430 locis
3187 375 3296 446 (ιο)
3324 376 3517 431 numeri
3550 382 3673 439 aliter

2173 465 2523 521 inveniantur
2548 463 2666 536 [47]
2690 463 2952 534 ascripti;
2984 480 3086 520 nos
3127 477 3305 519 tamen
3335 466 3459 521 istos
3477 466 3674 526 invenire

2172 557 2471 625 potuimus,
2502 566 2556 611 et
2603 557 2685 614 liae
2716 559 2943 627 quidem
2977 566 3106 614 sunt
3136 557 3442 621 divisiones,
3481 573 3586 628 qua:
3609 576 3680 616 se-

2171 646 2410 700 cundum
2436 662 2727 701 numerum
2760 646 2985 702 diverso
3016 646 3176 707 modo
3202 654 3411 700 constat
3437 662 3545 703 esse
3562 662 3683 702 com!-

2172 739 2366 808 positaa
2430 739 2564 808 (47),
2644 754 2787 792 nunc
2830 739 3049 808 quidem
3082 724 3377 794 secundum
3408 749 3683 809 praeceptum

2171 827 2409 889 Domini,
2438 844 2586 884 nuaic
2628 838 2811 883 autem
2864 829 3025 899 juxta
3054 829 3386 899 singulorum
3426 831 3681 900 principum

2172 916 2501 973 voluntatem
2531 938 2544 973 :
2578 920 2704 975 dico
2736 933 2869 975 vero
2914 918 3052 975 Mosi
3094 929 3147 974 et
3192 918 3317 974 Jesu
3357 918 3512 983 Nave,
3545 929 3592 975 et
3611 924 3683 992 qui

2170 1008 2429 1079 deinceps
2466 1026 2661 1065 eorum
2708 1026 3064 1068 successores
3109 1013 3369 1075 exsistere
3398 1024 3681 1070 meruerunt.

2171 1098 2281 1153 Nec
2310 1100 2429 1153 sine
2457 1100 2669 1169 Spiritu
2704 1101 2754 1154 id
2786 1111 2966 1154 actum
3001 1110 3104 1166 est,
3139 1102 3255 1163 sed,
3285 1111 3342 1155 ut
3372 1101 3548 1166 voluit,
3575 1102 3685 1157 idem

2176 1188 2416 1258 Spiritus
2458 1200 2684 1245 sanctus
2722 1192 3083 1253 enumeravit,
3117 1201 3276 1260 atque
3332 1190 3577 1260 disposuit
3598 1192 3686 1245 sin-

2172 1281 2328 1351 gulas
2383 1283 2812 1351 consequentias
2856 1282 3011 1351 juxta
3063 1281 3335 1353 propriam
3385 1283 3686 1335 voluntatem.

2174 1373 2493 1436 Revertens,
2520 1375 2661 1429 idem
2690 1372 2757 1427 de
2788 1373 2873 1430 his
2910 1388 3017 1429 uno
3051 1373 3169 1427 loco
3198 1371 3424 1425 breviter
3468 1380 3517 1425 et
3540 1386 3689 1426 conse-

2168 1472 2399 1535 quenter
2440 1464 2741 1520 edisseram
2774 1464 3106 1531 easdemque
3152 1461 3544 1533 quatuordccitu
3583 1462 3689 1515 divi-

2169 1557 2375 1621 siones,
2411 1556 2717 1625 liarumque
2751 1555 3102 1611 selectiones.
3148 1552 3267 1608 Non
3302 1554 3353 1607 in
3388 1568 3595 1607 vacuum
3628 1553 3690 1606 la-

2170 1648 2336 1713 ciam,
2369 1663 2473 1702 nec
2525 1656 2583 1701 ut
2608 1648 2946 1705 venerationi
2986 1656 3093 1705 tuae
3121 1645 3236 1701 haec
3270 1647 3555 1699 recensenti
3600 1659 3691 1696 mo-

483 1744 635 1793 sorte
674 1737 942 1805 contingit
981 1746 1133 1791 trans
1166 1735 1480 1797 .Iordauem,
1530 1744 1824 1804 antequam
1864 1735 2063 1790 transi-
2097 1719 2138 1774 Β
2168 1742 2339 1798 lestus
2377 1742 2677 1808 exsistam;
2725 1741 2819 1797 sed
2850 1746 2907 1793 ut
2947 1740 3190 1805 noveris,
3224 1736 3365 1810 quod
3396 1738 3498 1807 jatu
3526 1735 3607 1790 Dei
3640 1736 3692 1789 sit

490 1839 649 1884 retur
676 1827 729 1882 in
757 1834 964 1884 terram
998 1827 1185 1890 Israel,
1220 1836 1274 1881 et
1305 1834 1388 1885 est
1428 1827 1533 1882 ista
1561 1826 1879 1881 distributio
1906 1844 1919 1879 :
1954 1824 2064 1879 Ru-

485 1920 616 1985 ben,
650 1926 705 1973 et
735 1920 895 1988 juxta
931 1918 1188 1974 eumGad
1220 1928 1273 1973 et
1299 1919 1525 1977 dimidia
1583 1919 1761 1973 tribus
1791 1917 2059 1972 Manasse.

485 2008 622 2064 Dein
663 2017 1014 2064 transeuntes
1051 2007 1348 2063 Jordauem
1395 2010 1605 2078 primus
1640 2007 1812 2063 Judas
1846 2008 2062 2078 accipit,

486 2106 604 2154 tum
641 2098 949 2168 Benjamin,
999 2100 1126 2155 dein
1159 2098 1362 2169 Joseph
1407 2116 1472 2154 ex
1514 2100 1784 2166 Manasse,
1816 2101 1943 2156 dein
1982 2101 2067 2163 Si-

482 2204 644 2245 meon
674 2190 813 2247 inter
845 2189 1127 2261 Benjamiu
1157 2202 1212 2245 et
1235 2190 1429 2247 Judam
1470 2192 1712 2257 locatus,
1749 2203 1823 2257 et,
1887 2201 1943 2247 ut
1992 2192 2065 2246 ita

483 2281 740 2345 dixerim,
793 2292 1189 2351 coangustatus
1240 2293 1347 2342 est.
1396 2288 1525 2354 quia
1576 2286 1686 2341 illis
1737 2286 1911 2354 spatia
1957 2301 2065 2339 non

484 2376 729 2431 fuerunt.
757 2374 891 2431 Dein
925 2374 1170 2435 Zabulon
1203 2384 1407 2430 terram
1443 2378 1824 2445 consequitur,
1849 2387 1900 2430 et
1922 2376 2065 2430 lssa-

496 2466 653 2529 char,
697 2476 751 2518 et
790 2466 949 2530 Aser,
1010 2464 1128 2535 με)
1174 2473 1227 2519 et
1288 2465 1582 2533 Neptalim,
1627 2476 1683 2521 et
1756 2465 1893 2521 Dan.
1936 2467 2065 2523 Levi

486 2570 623 2610 sane
659 2556 711 2608 in
761 2556 1017 2609 onmibus
1066 2555 1352 2622 dispersus
1394 2564 1481 2610 est
1524 2557 1777 2612 tribubus
1815 2558 2065 2615 civitates

495 2647 841 2703 solummodo
871 2655 927 2700 et
962 2646 1278 2703 suburbana
1306 2648 1632 2717 percipiens.

558 2738 773 2793 Rursus
814 2738 979 2797 tertia
1007 2738 1217 2795 decima
1247 2738 1444 2795 divisio
1477 2740 1691 2795 numeri
1731 2742 1973 2795 occurrit
2000 2758 2065 2797 ex

482 2827 751 2884 Zacharia
796 2830 1102 2900 propheta'
1144 2830 1288 2886 sicut
1331 2830 1505 2885 dicit:
1548 2829 1613 2885 In
1647 2832 1744 2887 illa
1770 2830 1859 2886 die
1908 2834 2065 2901 plan-

483 2929 605 2990 gant
644 2938 825 2978 omnes
857 2921 1026 2977 tribus
1061 2932 1257 2979 terrm:
1288 2922 1457 2979 tribus
1493 2923 1682 2979 donius
1713 2924 1884 2979 Dat-id
1913 2941 2068 2995 super

2167 1832 2447 1901 adjuvare,
2490 1840 2549 1885 ut
2598 1832 2895 1901 unicuique
2941 1831 3108 1886 tribui
3165 1837 3486 1885 memoratos
3525 1826 3694 1897 lapides

2138 1924 2441 1997 \vcraciter
2468 1931 2727 1994 coaptarc
2756 1922 3052 1992 pOSSllIlUS.

2247 2012 2361 2087 [i8]
2400 2014 2474 2067 Ex
2510 2014 2783 2085 cogitante
2814 2014 2981 2083 igitur
3018 2013 3254 2066 multum
3284 2016 3696 2079 mentc,traetan-

2169 2116 2251 2162 tcs
2284 2107 2441 2175 juxta
2490 2107 2885 2176 experientiam
2933 2107 3097 2175 hujus
3143 2105 3448 2170 electionis,
3499 2100 3697 2172 suggerit

2168 2197 2328 2253 nobis
2371 2197 2587 2250 animus
2628 2203 2683 2250 et
2718 2198 2834 2266 ipsa
2868 2194 3271 2267 consequentia
3314 2195 3563 2259 lectionis,
3590 2205 3697 2262 qua-

2169 2293 2293 2347 liter
2334 2292 2697 2345 animadverti
2734 2292 2904 2361 possit
2947 2290 3254 2362 quadratus
3298 2289 3428 2344 ordo
3462 2282 3698 2341 rationalis

2170 2398 2234 2436 ex
2267 2382 2533 2451 appositis
2588 2381 2859 2451 lapidibus
2907 2379 3213 2436 secundum
3263 2386 3545 2434 memorata
3572 2389 3700 2427 voca-

2170 2472 2317 2526 bula.
2359 2470 2693 2540 Requiratur
2741 2472 2851 2541 jam
2899 2471 2966 2526 de
3018 2471 3260 2540 singulis
3304 2468 3532 2524 numeris
3571 2466 3700 2519 sicuti

2168 2563 2407 2617 discreta
2442 2570 2528 2617 est
2566 2576 2906 2631 unaquaeque
2935 2560 3153 2623 divisio,
3187 2561 3376 2632 qualis
3425 2559 3485 2613 ad
3521 2573 3703 2611 eorum-

2168 2654 2290 2710 dcm
2316 2653 2554 2723 lapidum
2584 2654 2853 2706 rationem
2884 2652 3291 2721 lectionemque
3321 2654 3389 2707 sit
3410 2663 3701 2719 congruens;

2166 2753 2219 2801 et
2257 2745 2573 2814 ubicunque
2603 2744 2823 2813 quidem
2865 2744 3342 2797 dinumeratarum
3378 2743 3596 2796 tribuum
3623 2747 3708 2791 sta-

2169 2844 2282 2889 ttun
2320 2836 2374 2889 in
2416 2835 2552 2890 locis
2601 2835 2832 2904 singulis
2883 2836 3256 2904 inspeximus,
3295 2843 3566 2902 menteque
3604 2844 3706 2901 per-

2170 2925 2456 2995 pendimus
2484 2940 2589 2978 non
2631 2940 2792 2994 posse
2825 2926 3167 2987 naturaliter,
3199 2934 3264 2979 ut
3316 2938 3559 2979 numerus
3582 2912 3709 2991 quill-

485 3028 563 3078 ιε,
591 3020 642 3068 et
688 3013 934 3069 mulieres
967 3028 1350 3105 earum‘mper
1384 3028 1471 3075 se;
1516 3014 1684 3071 tribus
1711 3014 1899 3069 donius
1944 3015 2059 3069 Na-
2094 3049 2136 3105 ρ
2172 3014 2259 3068 bet
2283 3030 2495 3077 eorum,
2521 3013 2615 3084 qui
2651 3028 2981 3083 unaquaque
3005 3014 3284 3070 divisione
3309 3011 3564 3068 numerati
3585 3014 3704 3071 sunt,

487 3104 613 3157 than
646 3119 799 3171 super
842 3120 927 3166 se,
973 3112 1021 3156 et
1060 3104 1302 3156 muneres
1357 3120 1539 3157 earnm
1581 3116 1740 3174 super
1770 3122 1852 3169 se;
1895 3108 2063 3163 tribus

483 3194 675 3249 domus
714 3192 835 3249 Levi
882 3209 1040 3260 super
1086 3211 1161 3257 re,
1204 3204 1253 3251 et
1297 3195 1541 3251 mulieres
1567 3212 1751 3253 earum
1791 3214 1943 3265 super
1974 3216 2063 3262 se;

488 3287 662 3342 tribus
690 3286 879 3345 domus
909 3286 1122 3343 Simeon
1147 3303 1303 3356 super
1317 3305 1394 3353 ac,
1422 3300 1471 3346 et
1502 3290 1743 3345 mulieres
1763 3307 1947 3345 eamut
1976 3310 2066 3346 su-

484 3395 576 3446 per
609 3396 683 3433 se.
725 3378 1087 3449 “turgentque
1117 3390 1324 3436 cunctas
1353 3381 1582 3435 residuae
1632 3382 1822 3446 tribus,
1866 3391 1921 3437 et
1957 3398 2064 3438 non

486 3470 791 3527 nominavit
818 3489 830 3525 :
862 3471 1026 3541 queis
1046 3487 1148 3527 nos
1178 3479 1359 3533 autem
1385 3484 1606 3543 propter
1671 3475 1835 3529 situm
1868 3474 2069 3530 descri-

487 3564 695 3635 ptionis
739 3572 917 3626 terra,
959 3564 1102 3620 hanc
1123 3567 1572 3635 consequentiam
1615 3582 1741 3622 esse
1786 3570 2065 3639 perspexi-

487 3668 636 3717 mus,
667 3662 728 3707 ut
764 3655 837 3708 sit
875 3655 1054 3710 tribus
1094 3655 1401 3730 lienjamin,
1432 3654 1555 3711 dein
1585 3654 1809 3727 Joseph,
1852 3656 2064 3725 Ruben,

485 3743 917 3811 Gad,Zabulon,
951 3744 1225 3811 lssaehar,
1282 3747 1438 3814 Aser,
1487 3747 1758 3820 Neptalim
1814 3756 1868 3805 et
1926 3748 2063 3804 Dan.

558 3836 691 3892 ltem
722 3846 919 3907 quarta
948 3836 1162 3892 decima
1193 3838 1395 3895 divisio
1423 3841 1636 3896 numeri
1671 3842 1859 3896 subest
1883 3858 1948 3897 ex
1982 3857 2068 3897 re-

485 3926 763 3985 velatioue
792 3928 851 3985 S.
880 3928 1110 3986 Joannis
1141 3931 1161 3962 ³
1203 3931 1297 4001 qui
1329 3931 1696 3991 dinumeravit
1721 3948 1787 3988 ex
1823 3948 2067 4003 unaqua-

486 4035 598 4090 que
640 4020 787 4077 tribu
824 4019 1114 4077 duodecim
1165 4022 1337 4077 millia
1368 4037 1579 4089 eorum,
1628 4024 1721 4094 qui
1755 4025 2068 4094 virginitate

489 4111 815 4167 sanetiticati
846 4120 995 4177 sunt,
1027 4113 1102 4167 ait
1128 4114 1274 4171 enim
1308 4132 1320 4169 :
1360 4114 1431 4170 De
1459 4114 1599 4171 Juda
1628 4117 1914 4172 duodecim
1942 4117 2068 4171 mil-

487 4201 562 4254 lia
590 4217 606 4255 :
639 4201 708 4257 de
737 4200 930 4256 Ruben
962 4203 1238 4268 similiter,
1272 4205 1400 4259 exin
1432 4204 1499 4258 de
1536 4204 1674 4271 Gad,
1701 4207 1768 4260 de
1805 4207 1964 4271 Aser,
2001 4207 2068 4261 de

486 4290 721 4361 Neptali,
784 4294 851 4347 de
910 4294 1177 4355 lilanasse,
1225 4296 1293 4350 de
1339 4295 1614 4357 Simeoue,
1672 4297 1741 4352 de
1804 4297 1952 4361 Levi,
2001 4300 2067 4352 de

2175 3117 2342 3155 unum
2388 3117 2583 3157 nomen
2616 3103 2800 3158 minus
2846 3104 3056 3158 habens
3096 3119 3162 3159 ex
3196 3106 3474 3167 tribubus,
3507 3099 3708 3170 appella-

2174 3192 2309 3245 tioni
2362 3192 2555 3247 horum
2599 3194 2837 3263 lapidum
2887 3194 3156 3264 coaptari.
3206 3194 3443 3265 Ideoque
3490 3190 3705 3261 protinus

2174 3284 2497 3339 divisionem
2528 3288 2826 3342 secundam
2872 3288 2976 3341 rite
3016 3286 3369 3353 sustulimus,
3410 3292 3583 3354 utpote
3614 3293 3709 3349 qua!

2175 3375 2373 3429 borum
2418 3376 2654 3445 lapidum
2696 3377 3117 3431 consmiantiam
3163 3377 3367 3433 habere
3407 3390 3510 3430 non
3550 3372 3710 3444 possil.

2176 3476 2462 3539 propterea
2526 3469 2654 3538 quia
2708 3470 2917 3538 primos
2975 3476 3141 3539 ponat
3196 3467 3317 3524 Dan
3373 3477 3426 3524 et
3464 3464 3712 3536 Neptaliiu.

2186 3559 2301 3614 Gad
2344 3570 2397 3614 et
2443 3560 2599 3621 Aser,
2658 3560 2759 3614 hoc
2818 3569 2925 3626 est,
2958 3562 3287 3616 ancillarum
3335 3563 3494 3626 ﬁlios,
3532 3554 3717 3627 quando

2176 3652 2400 3705 mittens
2437 3650 2615 3705 Jacob
2649 3650 2792 3705 Esau
2833 3668 3058 3706 munera
3108 3653 3162 3705 in
3213 3661 3456 3707 turmam
3502 3666 3589 3705 eos
3626 3645 3719 3716 pri-

2177 3756 2319 3795 mam
2352 3741 2561 3796 divisit.
2593 3740 2721 3795 Post
2752 3741 2866 3795 lucc
2897 3752 3079 3799 autem
3115 3743 3255 3798 ﬁlios
3296 3743 3408 3797 Lia}
3439 3744 3559 3799 fecit
3588 3738 3721 3793 aliain

2177 3842 2435 3887 turmam.
2467 3832 2601 3887 Dein
2642 3832 2783 3887 ﬁlios
2814 3832 3019 3887 Rachel
3070 3844 3314 3888 turmam
3347 3836 3573 3890 tertiam.
3609 3829 3722 3883 Nam

2177 3945 2301 3985 cum
2344 3925 2697 3997 pretiosiores
2733 3924 2936 3995 lapides
2982 3926 3092 3979 sint
3119 3926 3172 3978 in
3210 3928 3485 3997 principio
3514 3923 3725 3978 rationa-

2178 4021 2268 4083 lis,
2302 4033 2467 4090 porro
2497 4016 2588 4070 ﬁlii
2622 4015 2947 4070 ancillarum
2996 4014 3291 4069 inferiores
3339 4018 3644 4075 habeantur,
3680 4018 3724 4064 et

2181 4111 2271 4166 hie
2301 4112 2536 4181 primum
2569 4108 2731 4179 positi
2760 4107 2892 4171 sint,
2927 4108 3265 4177 impossibile
3303 4117 3391 4164 est
3415 4124 3508 4164 eos
3536 4106 3595 4161 ad
3619 4118 3724 4159 cau-

2181 4219 2294 4259 sam
2347 4202 2653 4265 rationalis,
2700 4200 2755 4256 in
2793 4202 2896 4253 hac
2940 4199 3156 4253 numeri
3200 4209 3379 4270 parte,
3433 4209 3722 4271 congruere.

2182 4304 2405 4368 propter
2435 4296 2580 4365 quod
2616 4295 2689 4350 ita
2728 4309 2787 4350 se
2822 4294 3023 4358 habere
3063 4309 3172 4347 non
3202 4296 3398 4364 possit.
3430 4294 3557 4350 ltem
3588 4303 3729 4360 quar-

490 4382 767 4449 lssaehar,
817 4384 885 4438 de
937 4383 1201 4449 Zabulou,
1255 4386 1321 4441 de
1369 4385 1593 4455 Joscph,
1645 4388 1711 4442 de
1761 4388 2064 4457 Benjamin.
2102 4406 2145 4461 ι)
2180 4399 2288 4444 tam
2324 4387 2669 4452 divisionem,
2718 4384 3157 4440 benedictionem
3196 4384 3391 4448 Jacob,
3444 4378 3726 4454 exploravi-

488 4472 771 4544 Nusquam
804 4489 936 4530 vero
969 4475 1021 4533 in
1066 4477 1168 4531 hoc
1203 4476 1324 4531 loco
1359 4479 1606 4532 meminit
1643 4477 1779 4532 llau.

561 4658 577 4689 ⁸
629 4656 783 4713 Deut.
824 4676 994 4727 xxvii,
1037 4659 1101 4714 l2
1143 4676 1265 4731 sqq.
1342 4662 1363 4691 '
1406 4660 1637 4717 Zachar.
1684 4680 1781 4729 xu,
1828 4664 1895 4719 i2
1934 4682 2034 4737 sqq

583 4836 671 4909 45)
695 4836 833 4909 Ϋξιίςξ
860 4839 953 4893 lib.
987 4838 1152 4893 Josuc
1182 4856 1208 4892 a
1241 4855 1361 4909 cap.
1395 4858 1515 4905 xm,
1545 4843 1610 4895 ad
1642 4850 1811 4896 totum
1846 4859 1957 4896 ιιι.

584 4908 672 4975 46)
723 4907 984 4962 Videntur
1012 4907 1613 4978 Epiphanio—excidisse
1669 4920 1830 4980 caput
1864 4929 1893 4964 κ
1944 4912 2065 4964 libri

488 4975 889 5050 Numerorum,
942 4975 1232 5050 ubisacvr
1295 4975 1771 5050 liistoringraplms
1820 4983 2066 5037 ordinem

490 5048 730 5120 exhibet,
771 5063 877 5116 quo
903 5048 1291 5120 gradiebantur
1318 5048 1578 5120 lsraelita:
1610 5048 1731 5120 post
1754 5053 2067 5106 columnam

491 5118 690 5189 nubis,
730 5134 849 5189 qua:
899 5118 1273 5189 illosipt'a-ivit
1322 5119 1375 5172 in
1416 5118 1670 5185 deserto,
1722 5130 1774 5175 ct
1827 5122 2071 5188 ejusdem

492 5186 612 5240 libri
650 5186 767 5257 cap.
805 5203 954 5250 xxvi,
995 5188 1083 5241 ubi
1116 5187 1374 5241 Israelita:
1399 5206 1588 5245 omnes
1613 5208 1639 5244 a
1670 5186 1870 5259 viginti
1892 5190 2073 5252 annis,

491 5264 543 5310 et
593 5272 756 5330 supra
790 5266 1176 5330 numerantur:
1214 5268 1473 5330 pratterca
1503 5262 1620 5314 libri
1650 5260 1879 5330 l’at‘alip.
1930 5277 1979 5314 c.
2014 5275 2074 5323 tl,

534 5328 640 5381 uod
696 5327 920 5395 incipit:
974 5326 1104 5380 Fiiii
1133 5326 1303 5381 autem
1350 5328 1555 5389 Israel.
1604 5330 1803 5395 Ruben,
1831 5326 2069 5392 Simeon,

525 5398 654 5467 gevi,
688 5396 831 5449 Juda
853 5395 1158 5467 ,_Ixsacltar
1220 5409 1268 5452 et
1333 5398 1573 5453 Zabulon
1602 5442 1617 5465 ,
1652 5401 1771 5455 Dan
1797 5442 1811 5463 ,
1844 5399 2070 5467 Josepli,

498 5462 801 5543 lienquin,
841 5464 1148 5535 Nephthali,
1177 5466 1291 5522 Gud
1338 5481 1384 5525 et
1430 5462 1613 5524 Ascra
1643 5483 1697 5525 et
1740 5462 1874 5543 ordo
1902 5512 1916 5533 ,
1967 5462 2074 5538 quo

500 5534 601 5607 lilii
650 5534 819 5591 Jacob
870 5534 1223 5593 recensentur
1281 5557 1404 5595 cum
1463 5542 1831 5607 quorumlibet
1886 5534 2072 5595 eorum

496 5603 704 5680 texitur
730 5609 1043 5676 geuealogia
1068 5610 1120 5662 in
1145 5611 1332 5663 eo.lc.n
1365 5610 1455 5664 lib.
1484 5603 1503 5661 Ἰ
1539 5611 1770 5679 l’aralip.
1807 5628 1834 5664 a
1863 5627 1983 5680 cap.
2018 5627 2069 5667 v.

503 5672 567 5729 ad
588 5672 933 5742 vtn,nccnon
962 5672 1281 5737 'lizechielis
1314 5696 1431 5749 cap.
1468 5697 1651 5745 xum,
1672 5672 1759 5736 ubi
1782 5672 2073 5749 unicuique

2178 4497 2323 4548 mus,
2356 4480 2574 4550 quando
2619 4478 2859 4534 moriens
2896 4478 3019 4533 llliis
3057 4476 3361 4533 benedixit.
3400 4478 3569 4535 Habet
3606 4474 3727 4530 enim

2132 4667 2153 4701 ³
2192 4672 2360 4736 Apoc.
2403 4680 2496 4728 vn,
2532 4664 2564 4716 4
2602 4679 2721 4733 sqq.

2172 4840 2338 4893 tribui
2375 4854 2436 4892 ea
2472 4847 2649 4912 terra;
2687 4850 2900 4912 sanctae
2916 4856 3041 4911 pars
3068 4840 3351 4906 asseritur,
3396 4856 3515 4912 quae
3541 4836 3734 4893 unicui-

2174 4927 2280 4978 que
2336 4910 2562 4974 contigit
2597 4910 2743 4966 Mose
2780 4918 2833 4964 et
2878 4910 3043 4966 Jusue
3082 4927 3201 4966 eam
3237 4910 3439 4966 terram
3478 4913 3614 4965 inter
3655 4920 3736 4963 eos

2175 4980 2983 5052 distribuentibus._Quiuimo
3050 4982 3095 5036 si
3183 4981 3525 5037 meminisset
3590 4978 3735 5052 etiam

2176 5066 2295 5118 cap.
2365 5066 2437 5103 xu
2489 5052 2580 5104 lib.
2626 5051 2642 5103 I
2682 5048 2919 5120 Paralip.
2972 5052 3061 5105 ubi
3087 5052 3121 5105 ii
3164 5062 3520 5107 recensentur
3546 5045 3737 5119 populi.

2178 5123 2270 5190 qui
2320 5137 2384 5174 ex
2439 5136 2764 5190 unaquaque
2808 5122 2954 5174 tribu
3009 5122 3180 5175 secuti
3235 5132 3362 5175 sunt
3406 5120 3656 5173 Davidem
3713 5128 3737 5163 a

2182 5192 2343 5245 Saule
2374 5190 2690 5259 fugientem,
2722 5206 2935 5245 net-non
2995 5191 3259 5255 tribuum,
3286 5208 3407 5260 qua:
3444 5198 3737 5260 memoranf

2183 5271 2271 5315 tur
2305 5262 2357 5314 in
2399 5258 2656 5315 [lebboras
2713 5262 2950 5321 (‘3!lllCtl,
2986 5260 3109 5314 Jud.
3153 5278 3205 5323 v,
3262 5258 3363 5314 ista
3394 5273 3644 5379 qquue,
3690 5258 3741 5303 ul

2183 5341 2327 5379 nuto-
2366 5346 2471 5379 non
2500 5332 2852 5379 nrmlerissel.
2889 5330 3111 5379 Demum
3143 5340 3253 5379 tmn
3281 5330 3461 5379 nrimo
3542 5337 3740 5379 umero-

2180 5341 2328 5401 puto.
2366 5346 2471 5383 non
2500 5332 2852 5401 praeterisset.
2889 5330 3111 5385 Demum
3143 5340 3253 5401 tum
3281 5330 3471 5401 primo
3490 5330 3740 5400 Numero-

2178 5398 2295 5456 rum
2345 5398 2562 5472 capite,
2621 5409 2733 5453 tum
2780 5402 3011 5469 St'plllllo
3063 5398 3353 5472 duodecim
3382 5398 3562 5452 tribus
3604 5398 3742 5472 νεξιςίο

2178 5472 2367 5525 ordine
2417 5463 2739 5525 numeratus
2793 5463 3084 5525 (recurrere
3139 5470 3548 5523 animadvertas
3597 5463 3741 5517 vciim

2180 5541 2478 5596 secundum
2517 5557 2602 5605 ea,
2640 5558 2759 5610 quae
2789 5541 2933 5595 dicta
2974 5549 3101 5595 sunt
3147 5556 3267 5611 pag.
3301 5539 3387 5611 45.

2181 5682 2201 5735 r
2251 5612 2361 5735 (fit?)
2387 5611 2567 5667 Bonus
2590 5608 2858 5680 interpres
2906 5608 3174 5681 grmcizat',
3192 5608 3336 5680 quod
3368 5608 3507 5664 alias
3535 5612 3738 5676 quoque

2202 5702 2277 5735 εισι
2313 5721 2326 5734 ο

2202 5685 2326 5735 urit.
