3916 6196
260 212 328 273 tu
1546 220 1795 276 vnnsm
1833 221 2161 289 ANTIQUA.
3364 237 3469 293 ωε,

252 332 444 406 primum
502 330 709 396 Ruben,
752 331 913 406 252
957 334 1082 413 [i9]
1106 336 1229 391 dein
1294 338 1517 394 Simeon
1557 348 1611 394 et
1660 341 1785 394 Levi
1822 348 1858 405 Α
1894 340 2099 411 Joscph
2133 353 2457 399 numeratus
2500 352 2622 406 est;
2663 345 2909 415 beryllus
2951 353 3139 405 autem.
3176 348 3232 405 in
3267 348 3469 423 Ioseph

248 424 383 482 simul
427 423 751 492 adjunctus,
797 425 871 478 ita
920 437 977 481 ut
1026 426 1134 483 ista
1183 429 1469 499 utriusque
1510 431 1788 501 copulatio
1891 435 2346 491 accommodatus
2401 436 2471 489 ob
2504 439 3000 507 contemplationes
3049 440 3233 497 eidem
3275 457 3474 502 consoo

245 515 413 572 borum
467 514 705 597 tagidum
773 518 1148 584 congruentia:
1199 519 1447 574 videatur
1501 522 1787 578 obsistere.
1891 529 2382 599 nantes,quamvis
2411 530 2635 585 ultimus
2663 531 2803 600 lapis
2838 534 2959 600 ipse
2981 542 3319 598 numeretur,
3342 539 3471 607 quia

246 606 449 675 ideoque
489 605 649 661 istam
698 622 920 677 quoque
962 609 1309 676 sustulimus,
1345 627 1472 665 cum
1519 612 1792 684 lapidibus
1891 625 1973 677 sic
2007 622 2238 688 accidit,
2262 630 2317 677 et
2343 619 2551 693 Joscph
2577 623 2942 681 “carissimum
2967 626 3159 687 sapiu,
3189 628 3331 682 είαυι
3364 605 3473 685 ire.

247 696 349 751 istis
374 694 775 750 accommodari
807 696 1034 753 minime
1066 701 1258 769 possit.
1893 724 2126 785 quenter
2157 715 2391 772 asserui.

304 787 631 856 lnspeximus
664 795 850 845 autem
890 799 945 845 et
974 792 1224 861 quintam
1268 792 1621 861 divisionem,
1673 810 1791 864 qua:

1964 804 2459 875 Transgredientes
2512 804 2677 875 igitur
2720 814 2773 862 et
2820 805 2963 859 hanc
3017 807 3346 866 divisionem
3387 824 3474 865 re-

246 880 457 969 θίξιιίηθι
514 878 732 969 “mium
806 881 1140 951 θετεεείοηίε
1207 882 1444 938 ﬁliorum
1501 885 1671 942 Ιεηιθι
1725 902 1793 943 CX
1904 898 2189 969 speximus
2211 896 2629 966 dispositionem
2660 905 2872 955 sextam
2911 898 3068 966 juxta
3099 899 3475 957 dinumerata-

248 968 473 1039 58W”:
513 976 567 1024 εί
606 968 924 1024 invenimus
956 985 1081 1024 eam
1128 980 1539 1043 Ρτωροηθιιίθω
1590 974 1790 1027 “bera'
1896 968 2016 1042 rum
2060 986 2302 1041 tribuum
2346 986 2818 1054 consequentiam,
2872 993 2926 1039 et
2969 986 3279 1041 invenimus
3318 985 3474 1055 juxta

248 1077 345 1115 rum
375 1061 530 1125 ﬁlios,
568 1068 625 1114 et
657 1061 982 1116 ancillarum
1018 1062 1175 1132 juxta
1202 1064 1619 1134 coinpositionis
1646 1064 1795 1119 ordi-
1897 1079 2247 1135 ωεωιίοηειη
2292 1086 2602 1132 castrorum
2637 1077 2809 1135 [smel
2836 1076 3090 1145 quadrati
3124 1078 3365 1147 agminis
3384 1091 3476 1133 or.

247 1169 346 1208 neut
389 1161 811 1221 supponentem,
868 1154 1277 1226 facientemque
1327 1157 1693 1221 novissimos;
1742 1168 1793 1214 et

1936 1172 2078 1224 inem
2142 1168 2318 1239 magis
2370 1177 2627 1236 oportere
2678 1183 2982 1238 congruere
3024 1169 3275 1225 rationali
3320 1168 3476 1237 juxta

246 1249 303 1304 ob
331 1249 421 1302 hoc
450 1248 596 1317 quod
623 1246 828 1318 Ioseph
859 1248 915 1303 in
955 1248 1190 1320 Egypto
1219 1250 1553 1307 constitutus
1577 1258 1792 1322 postre-

1929 1280 2091 1319 ernas
2135 1271 2188 1318 et
2227 1271 2414 1321 ternas
2448 1261 2648 1325 tribus,
2714 1261 2858 1315 sicut
2892 1261 2947 1315 in
2989 1260 3181 1318 eodem
3220 1261 3475 1316 rationali

245 1355 347 1394 inus
386 1341 697 1396 nominatus
744 1352 850 1405 cst,
899 1342 1394 1399 animadvertimus
1440 1344 1636 1397 iterum
1686 1360 1795 1398 non
1900 1356 1983 1410 [as
2024 1363 2141 1408 erat
2190 1368 2438 1416 cernere,
2473 1352 2622 1422 quod
2662 1354 2915 1422 quadrati
2965 1353 3177 1408 ordinis
3217 1354 3479 1423 probatur

244 1446 382 1500 posse
410 1430 625 1501 lapides
652 1432 790 1487 istos
818 1442 1242 1487 memoratarum
1278 1434 1521 1489 tribuum
1552 1436 1794 1505 coaptari
1897 1453 2143 1506 exstare,
2174 1453 2229 1499 et
2269 1452 2389 1499 erat
2428 1444 2530 1501 hoc
2570 1443 2977 1512 planissimum,
3018 1452 3184 1513 alque
3214 1443 3476 1514 symboli-

245 1522 569 1587 nominibus;
606 1531 663 1577 et
691 1523 837 1593 quod
864 1524 1193 1577 naturaliter
1222 1525 1531 1595 onychiuus
1574 1526 1713 1596 lapis
1742 1527 1796 1580 in
1902 1552 2049 1602 cum,
2100 1536 2153 1590 id
2196 1545 2282 1592 ρει
2330 1535 2776 1605 signiﬁcauvum,
2835 1545 3053 1607 propter
3091 1535 3480 1605 dispositiones

247 1628 449 1683 persona
477 1611 686 1684 Josepb
720 1616 1073 1685 interpretari
1100 1632 1209 1670 non
1239 1620 1434 1687 possit.
1470 1633 1645 1687 neque
1678 1634 1799 1672 I‘UI“
1834 1695 1859 1697 _,
1900 1627 2156 1681 ordinum
2221 1626 2759 1697 consonantiamque
2800 1635 3135 1691 castrorum,
3166 1627 3263 1682 sed
3301 1626 3355 1680 in
3394 1626 3482 1685 his

247 1720 324 1761 sus
344 1712 614 1761 extremus
644 1705 849 1776 Joseph
880 1707 1038 1777 juxta
1069 1709 1525 1779 compositionem
1555 1711 1795 1765 rationa-
1833 1695 1872 1749 Β
1901 1724 2151 1786 separata
2182 1718 2381 1780 tribus,
2422 1718 2601 1772 tribus
2628 1695 2757 1773 Levi
2785 1719 2946 1774 nobis
2993 1719 3229 1774 obstitit.
3266 1718 3485 1775 Consti-

247 1795 301 1848 lis
328 1797 477 1851 inseri
520 1796 743 1863 debeat,
792 1798 898 1853 nisi
937 1798 1080 1868 Quod
1133 1799 1515 1854 tantummodo
1552 1804 1795 1859 necessi~
1902 1820 2052 1864 tutus
2086 1817 2169 1863 est
2218 1812 2363 1864 enim
2398 1808 2590 1873 Judas,
2638 1810 2847 1865 habens
2892 1826 3079 1866 secum
3117 1811 3369 1867 lssachar
3429 1820 3485 1867 et

248 1894 337 1941 tate
361 1896 781 1959 pncposteratus
805 1891 896 1951 sit.
926 1900 981 1945 ut
1002 1906 1125 1947 cum
1153 1891 1481 1948 undecimus
1507 1895 1796 1959 habeatur,
1903 1901 2175 1963 Zabulon,
2218 1902 2272 1955 in
2318 1916 2427 1955 uno
2468 1902 2783 1957 metationis
2824 1903 3222 1968 contubernio;
3258 1911 3314 1957 et
3349 1917 3484 1957 con-

250 1984 319 2036 liic
346 1991 657 2038 muneretur
686 1984 1064 2047 duodecimus,
1089 1985 1247 2055 juxta
1289 1994 1570 2055 cogentem
1608 2004 1641 2040 n
1663 2003 1796 2043 ecs-

1938 1995 2130 2049 titutus
2162 2002 2246 2049 est
2296 1995 2505 2063 primus
2549 1995 2615 2047 ad
2651 1996 2980 2049 orientalem
3018 1996 3227 2073 plagam
3260 2006 3484 2066 propter

251 2076 437 2128 sitatem
467 2076 901 2144 compositionis
939 2076 1101 2145 hujus
1133 2078 1371 2144 numeri,
1397 2093 1563 2148 quam
1596 2079 1797 2148 reperi-
1900 2080 2344 2152 signilieantiam,
2392 2091 2451 2134 ut
2502 2083 2735 2145 aestimo,
2814 2082 2978 2152 regia:
3042 2085 3329 2151 potestatis
3355 2122 3370 2143 .
3426 2095 3486 2140 et

251 2183 349 2222 mus
377 2168 707 2223 ordinatam.
759 2169 815 2223 ln
862 2169 1053 2224 Graeca
1084 2172 1285 2241 quippe
1330 2171 1629 2235 locutione,
1680 2188 1799 2241 qua:
1900 2174 2047 2245 quod
2078 2172 2271 2227 Ruben
2304 2188 2333 2227 a
2378 2173 2604 2244 propria
2645 2172 2899 2227 reciderit
2943 2174 3138 2243 gloria,
3171 2176 3298 2242 quia
3341 2182 3487 2229 sua-

252 2273 303 2311 ex
334 2258 539 2314 llebrtca
582 2261 854 2316 translata
884 2270 985 2322 est,
1021 2264 1353 2333 onychinum
1397 2263 1629 2332 lapidem
1657 2264 1795 2317 duo-
1902 2275 2019 2321 tum
2055 2264 2414 2319 maculaverit
2453 2265 2656 2334 patris,
2688 2264 2832 2319 sicut
2871 2264 3074 2319 divinis
3106 2265 3330 2321 Litteris
3360 2282 3484 2335 pro-

254 2351 484 2405 dccimum
533 2352 856 2408 invenimus
894 2353 1154 2421 positum,
1200 2364 1367 2423 atque
1414 2355 1797 2420 novissimum,
1902 2359 2063 2413 batur
2100 2357 2433 2411 insertum”.
2481 2355 2540 2409 In
2590 2356 2839 2411 secunda
2872 2371 3000 2410 vero
3050 2357 3346 2411 metatione
3393 2366 3486 2411 ca-

254 2444 314 2497 iIa
356 2459 407 2499 ut
463 2444 758 2515 Bcnjamin
808 2446 861 2498 in
924 2445 1442 2515 contemplationem
1489 2446 1576 2501 sui
1623 2446 1801 2501 modis
1905 2459 2147 2507 strorum
2195 2448 2389 2502 Ruben
2435 2447 2718 2501 ordinatur
2765 2462 2893 2501 cum
2941 2446 3198 2501 Simeone
3246 2455 3299 2501 et
3367 2448 3484 2503 Gad

254 2537 467 2592 “utilibus
498 2538 768 2591 attrahat.
807 2534 1165 2591 Undecimum
1200 2528 1331 2591 vero
1368 2538 1677 2593 invenimus
1712 2540 1802 2594 hc-
1903 2558 2099 2598 versus
2119 2541 2186 2595 ad
2209 2556 2380 2603 mare,
2407 2540 2473 2593 ad
2493 2539 2833 2593 occidentem
2858 2554 3075 2608 quoque
3104 2539 3334 2609 Ephrem
3357 2554 3483 2594 cum

256 2629 442 2697 ryllum,
483 2644 653 2698 quem
686 2636 740 2681 ct
772 2629 1063 2683 undecimo
1106 2627 1310 2698 Joseph
1351 2638 1460 2682 tam
1499 2630 1655 2698 juxta
1699 2647 1803 2683 uu-
1908 2634 2024 2707 [59]
2070 2634 2328 2688 Manasse
2378 2640 2433 2686 et
2476 2631 2782 2700 Benjamin,
2817 2633 2912 2699 qui
2949 2647 3142 2686 onmcs
3175 2647 3240 2686 ex
3282 2631 3484 2687 Rachel

256 2735 447 2783 merum,
480 2720 836 2790 quamjuxta
865 2718 1805 2790 contemplationemconSequentcr
1905 2729 1960 2781 in
2008 2742 2117 2781 una
2172 2732 2453 2796 ponuntur
2498 2723 2796 2777 metatioue
2842 2728 3150 2776 castrorum
3196 2740 3210 2775 :
3262 2729 3487 2791 prepter

256 2813 542 2881 aptavimus.
576 2812 946 2881 lnspicientcs
974 2811 1087 2883 [δυ]
1108 2812 1270 2866 etiam
1295 2811 1617 2866 Hebraicam
1664 2813 1801 2865 liso-
1909 2820 2199 2874 uanassen
2263 2827 2396 2871 vero
2465 2813 2590 2867 Levi
2639 2812 2853 2869 videtur
2926 2813 3206 2866 exclusus.
3242 2812 3374 2867 Dein
3418 2813 3486 2867 ad

255 2902 376 2966 dum,
398 2905 447 2957 in
474 2919 579 2973 qua
606 2912 660 2958 et
684 2907 766 2957 lex
798 2904 1062 2974 probatur
1079 2902 1341 2973 ascripta,
1366 2904 1716 2973 legentesque
1737 2903 1805 2959 de
1907 2910 2223 2980 aquilonem
2247 2913 2498 2976 quartam
2530 2904 2880 2957 metationetu
2913 2903 3165 2971 primitus
3197 2901 3311 2956 Dan
3354 2918 3490 2956 con—-

259 2994 469 3050 rationali
496 2996 625 3057 hoc,
658 2997 712 3050 in
743 3012 852 3065 quo
882 2996 1018 3050 clusi
1055 3005 1213 3051 erant
1274 2995 1363 3050 isti
1399 2995 1631 3064 lapides,
1656 2999 1804 3049 iuve-
1834 3040 1877 3094 C
1909 3006 2067 3065 tinet,
2111 3000 2241 3055 dein
2289 3003 2446 3063 Aser,
2491 2996 2688 3051 deinde
2731 2994 2996 3063 Neptalim
3020 3036 3036 3059 ,
3109 3002 3163 3048 et
3206 3009 3328 3047 cum
3360 2992 3487 3051 Levi

259 3086 440 3140 niemus
459 3088 803 3159 onychinum
845 3087 1080 3157 lapidem
1116 3089 1274 3141 aliter
1303 3086 1641 3141 ordinatum.
1698 3084 1805 3140 Un-

1942 3111 2023 3149 l0“
2077 3092 2390 3147 invenimus
2440 3091 2578 3142 inter
2622 3104 2717 3142 cos
2762 3086 3084 3147 admistum,
3132 3086 3488 3155 cognovimus

260 3174 469 3232 decimus
512 3178 734 3247 positus
773 3187 919 3243 crat;
966 3177 1206 3245 beryllus
1245 3176 1602 3230 duodecimus
1647 3185 1806 3245 atque

1941 3200 2012 3239 ICC
2047 3185 2207 3238 istam
2251 3197 2411 3251 posse
2452 3178 2881 3247 descriptionem
2922 3177 3305 3246 compositioni
3348 3176 3487 3245 lapi-

260 3266 859 3339 pOstrenitts(58).Unde
878 3268 1269 3339 propemodum
1300 3268 1456 3322 nobis
1480 3269 1808 3338 ambiguitas
1911 3278 2040 3331 dum
2086 3269 2514 3335 accommodari,
2550 3285 2617 3323 ne
2658 3268 2902 3321 videatur
2946 3269 2993 3322 ei
3046 3267 3277 3320 ﬁliorqu
3327 3266 3491 3319 lsratl

261 3365 353 3410 orta
378 3369 453 3414 est
481 3360 943 3430 impedimentum
978 3360 1355 3429 intelligentia“.
1387 3360 1611 3419 facit-ns.
1641 3360 1807 3415 veluti
1912 3383 2081 3420 unum
2118 3364 2313 3419 deesse
2339 3360 2689 3415 vocabulum.
2712 3360 3055 3430 Quapmpter
3083 3367 3137 3414 et
3162 3359 3303 3412 hanc
3328 3357 3489 3411 omit-

261 3446 411 3504 ictam
445 3452 969 3521 contemplationem
1019 3469 1119 3507 nos
1173 3456 1225 3507 in
1277 3454 1491 3508 duobus
1527 3454 1669 3515 istis,
1718 3455 1809 3507 ἱκε-
1913 3468 2091 3514 tentes
2138 3455 2478 3511 intendimus
2521 3452 2774 3507 divisioni
2824 3454 3071 3523 septima:
3101 3490 3116 3514 ,
3155 3466 3321 3520 quam
3362 3465 3490 3519 pro~

259 3543 353 3610 ηιιὶ
376 3544 513 3607 dico,
547 3558 606 3599 et
632 3544 889 3615 onychini
914 3544 1186 3615 lapidibus
1214 3546 1508 3610 attulisset,
1533 3545 1805 3599 dicebam-

1946 3554 2059 3605 inus
2091 3549 2417 3613 ademimus,
2437 3545 2527 3614 qui
2559 3560 2667 3598 non
2693 3558 2810 3599 eam
2845 3542 3188 3612 respeximus
3216 3539 3492 3608 composi-

258 3648 345 3701 que
370 3635 642 3704 quomodo
684 3636 737 3690 in
765 3638 1286 3707 suppl'cationibus,
1314 3647 1367 3691 et
1400 3638 1647 3691 oratione
1678 3653 1803 3691 con-

1946 3643 2047 3696 ioni
2079 3640 2321 3709 lapidum
2349 3645 2765 3706 congruentem.
2811 3633 2937 3688 lla‘c
2969 3633 3114 3687 enim
3155 3632 3309 3699 juxta
3343 3630 3492 3697 prin-

260 3724 381 3777 tittua
410 3734 627 3794 poterat
656 3743 815 3783 error
853 3729 1152 3791 oboriri,et
1193 3728 1456 3789 intellexi,
1497 3727 1643 3796 quod
1689 3728 1804 3782 dis~
1911 3736 2064 3803 cipes
2111 3730 2355 3785 tribuum
2393 3729 2457 3781 ad
2496 3735 2829 3798 praereptum
2868 3722 3079 3778 Domini
3120 3728 3337 3776 constat
3370 3732 3494 3772 esse

258 3825 484 3882 pensante
526 3817 643 3872 Deo
717 3818 825 3872 hoc
869 3819 938 3871 ita
974 3826 1255 3888 peractum
1290 3827 1407 3886 est;
1442 3828 1499 3873 ut
1538 3818 1679 3872 idem
1718 3816 1804 3871 Jo-
1914 3833 2199 3879 numcrata
2229 3864 2244 3889 ,
2288 3822 2343 3875 in
2394 3837 2499 3890 qua
2544 3821 2753 3890 ptimus
2800 3815 3086 3869 ordinatus
3128 3823 3213 3868 est
3255 3810 3446 3864 Ruben
3475 3850 3491 3873 ,

260 3907 365 3972 “Ph
390 3909 719 3963 undecimus
766 3910 913 3963 inler
946 3912 1140 3965 fratres
1173 3924 1304 3964 suos
1334 3911 1629 3974 exsisleHS.
1681 3909 1812 3962 duo-
1912 3918 2037 3971 dein
2095 3915 2352 3970 lssachur
2411 3924 2462 3968 ct
2532 3914 2625 3980 qui
2698 3918 3027 3979 sequuntur.
3071 3905 3271 3975 Joseplt
3311 3910 3491 3956 autem

260 3995 473 4054 decimus
534 4000 882 4054 inueniretur
930 4000 1083 4069 juxta
1141 3998 1592 4069 compositionem
1646 3997 1806 4065 hujus

1945 4004 2159 4061 ecundo
2205 4010 2532 4057 numeratus
2574 4012 2660 4055 est
2696 4006 2919 4069 prepter
2962 3996 3109 4068 quod
3155 3996 3393 4066 Ephrem
3438 3994 3491 4046 in

259 4091 461 4151 muneri,
491 4091 586 4159 qui
622 4105 747 4143 eum
779 4089 1161 4143 duodecimum
1193 4104 1315 4144 esse
1335 4088 1655 4148 declaravit.
1684 4102 1807 4141 cum
1913 4109 2024 4148 uno
2049 4106 2300 4154 numero,
2328 4090 2608 4145 Manasses
2634 4090 2687 4143 in
2719 4088 2893 4143 alteri)
2922 4089 2994 4141 sit
3017 4088 3259 4149 locatus;
3286 4091 3339 4139 et
3367 4100 3491 4139 cum

261 4175 472 4233 diceret:
516 4179 716 4250 Ioseph
754 4190 928 4233 aulem
965 4190 1079 4233 erat
1114 4181 1167 4233 in
1207 4177 1442 4248 115(1wa
1470 4180 1508 4232 ⁸ο
1562 4176 1810 4234 SCiCHlL‘S
1912 4185 2047 4243 Levi
2093 4200 2289 4239 rursus
2334 4193 2621 4254 exemptus
2669 4191 2772 4245 est,
2816 4181 3163 4251 nequivimus
3204 4192 3490 4233 numerum

260 4271 417 4343 itaque
446 4276 863 4346 dispensatione
903 4274 1112 4338 divina,
1152 4284 1373 4345 propter
1410 4272 1655 4328 veritatis
1679 4288 1811 4326 con-
1913 4286 2174 4346 coaptare
2217 4274 2494 4344 lapidibus
2524 4283 2749 4344 propter
2788 4271 3226 4326 immutationem
3261 4268 3412 4337 Levi,
3442 4278 3496 4325 et

262 4367 620 4433 tcmplationes
651 4368 841 4438 berylli
874 4366 1095 4436 lapidis,
1130 4380 1251 4435 quze
1293 4366 1346 4417 in
1382 4365 1563 4434 ipsum
1607 4362 1808 4433 Joseph
1843 4386 1890 4443 υ
1918 4378 2143 4440 propter
2195 4367 2556 4438 adjectioncm
2601 4367 2767 4422 unius
2809 4367 3009 4430 tribus,
3045 4381 3166 4437 quze
3193 4366 3247 4418 in
3280 4363 3496 4421 duabus

261 4455 538 4524 explentur.
576 4460 820 4530 coaptari
860 4459 993 4530 (49),
1030 4460 1109 4513 sic
1135 4466 1219 4512 est
1244 4458 1589 4527 dispositum,
1621 4465 1676 4510 ut
1713 4457 1807 4512 be—
1914 4460 2180 4529 probatur
2209 4473 2332 4514 esse
2358 4456 2556 4514 divisa.

265 4552 411 4618 ryllus
434 4555 570 4624 lapis
590 4554 952 4609 duodecimus
997 4560 1294 4623 poneretur
1316 4558 1370 4605 et
1402 4552 1658 4615 ultimus;
1686 4564 1809 4603 nam
1988 4548 2125 4604 Dein
2154 4556 2405 4602 octavam
2443 4547 2793 4613 divisionem,
2828 4546 2895 4603 de
2929 4546 3069 4602 libro
3107 4545 3495 4611 humerorum,

264 4640 513 4713 «Ioseph
546 4658 672 4697 cum
709 4644 853 4698 inter
890 4644 1087 4696 l'ratres
1121 4642 1445 4695 undecimus
1489 4649 1658 4703 esset,
1703 4655 1813 4694 me-
1917 4640 2206 4711 diligenter
2249 4638 2622 4709 inspeximus,
2654 4639 2742 4691 ubi
2774 4640 3029 4707 praecepit
3062 4636 3228 4701 Deus,
3261 4646 3315 4691 ct
3346 4638 3499 4692 misit

268 4743 485 4789 moratur
516 4736 571 4788 in
600 4736 700 4789 hac
732 4745 913 4789 tamen
946 4733 1343 4804 cOmpositione
1378 4733 1587 4786 numeri
1630 4746 1813 4802 cgres-
1921 4731 2105 4786 Moses
2157 4731 2434 4800 principes
2481 4730 2721 4783 tribuum
2770 4726 2935 4782 Israel
2990 4728 3055 4780 ad
3101 4727 3495 4797 inspiciendam

271 4820 415 4879 tionis
467 4826 704 4881 ﬁliorum
762 4826 925 4882 lsrael
1004 4826 1397 4890 duodecimus,
1434 4832 1486 4877 et
1536 4834 1814 4879 extremus
1923 4834 2127 4881 terram
2171 4821 2576 4893 promissionis,
2616 4829 2671 4875 ct
2713 4836 2811 4875 nec
2849 4821 3009 4874 is‘tain
3047 4821 3353 4889 reperimus
3426 4822 3492 4876 ad

270 4917 561 4972 ascribitor.
590 4917 775 4988 Itaque
809 4934 1035 4989 prorsus
1083 4918 1446 4972 illustratioue
1474 4916 1657 4970 divina
1700 4913 1812 4987 [51]
1924 4915 2382 4987 compositionem
2419 4923 2843 4968 memoratorum
2899 4912 3136 4983 lapidum
3182 4926 3497 4965 consonan-

270 5008 313 5054 ει
336 5004 732 5076 dispensatione
762 5011 898 5065 bene
922 5008 1215 5062 admodum
1251 5008 1455 5061 relatus
1486 5014 1569 5061 est
1596 5006 1817 5076 onychi-
1925 5015 2057 5070 tem,
2093 5013 2317 5076 propter
2347 5004 2491 5076 quod
2531 5013 2586 5059 et
2625 5002 2816 5059 Ruben
2858 5003 2913 5058 in
2947 5004 3138 5074 primis
3178 5010 3497 5057 numeratus

274 5107 359 5149 nos
377 5096 508 5168 lapis
544 5100 600 5154 in
632 5099 936 5171 Benjamin,
965 5100 1057 5170 qui
1088 5099 1141 5152 in
1166 5099 1268 5152 hac
1294 5097 1657 5167 dispositione
1681 5103 1811 5152 ante
1925 5106 2029 5161 est,
2074 5097 2200 5151 dein
2251 5097 2468 5152 Sinicon
2498 5136 2511 5161 ,
2560 5097 2756 5152 deinde
2792 5095 2995 5163 Judas,
3044 5096 3168 5151 citiu
3213 5093 3492 5167 lssacbar,

331 5274 347 5303 '
382 5273 543 5330 Exod.
584 5292 621 5342 ι,
654 5279 705 5333 5.
785 5282 805 5311 '
846 5277 982 5331 Gen.
1026 5293 1193 5340 xxxv,
1232 5275 1340 5341 22;
1380 5290 1525 5337 XLIX,
1566 5276 1620 5328 ὃ.

334 5429 432 5504 (i8)
472 5431 696 5504 Yulgata
734 5450 857 5488 cum
909 5442 1058 5489 tcxtu
1100 5433 1365 5488 llebraico
1417 5432 1673 5504 convenit
1715 5428 1808 5483 he-
1915 5429 2051 5504 licet
2074 5426 2356 5504 versiones
2382 5425 2606 5504 Syriaca
2632 5432 2708 5504 et
2734 5422 2983 5504 Arabica
3004 5422 3338 5504 conveniant
3376 5436 3501 5479 cum

279 5494 444 5573 quam
477 5494 798 5558 duodecimo
841 5506 957 5556 loco
986 5520 1305 5562 recensens.
1332 5503 1663 5573 onychinum
1700 5517 1805 5553 un-
1917 5496 2091 5573 LXX“,
2119 5507 2177 5573 ut
2205 5496 2387 5549 videre
2408 5494 2492 5549 est
2545 5495 2597 5549 in
2631 5494 2822 5550 Bibliis
2843 5494 3177 5567 polyglottis,
3207 5501 3318 5551 ctc.

312 5568 809 5645 tcimo.ﬂAcredtint
858 5574 1085 5645 l‘araph.
1148 5564 1439 5632 Chaldaica
1514 5582 1566 5624 et
1627 5578 1809 5645 textus
1988 5564 2101 5639 (l9)
2136 5567 2314 5622 Locus
2352 5574 2662 5637 corruptus.

286 5628 874 5698 thmdSaziiaritanus
901 5684 914 5709 ,
980 5628 1565 5707 ticcnon“samaritana
1606 5643 1801 5704 tersio,
