3916 6196
403 248 504 307 351

1675 237 1851 295 LIBRI
1894 238 1980 292 DE
2016 240 2109 294 Xll
2149 237 2409 293 CEMMIS

3556 231 3677 294 552

328 364 339 417 ἶ
405 357 707 435 ³5³ίῦἒῆ
739 364 795 413 et
835 356 1096 425 deinceps
1129 350 1224 422 qui
1256 358 1584 422 sequuntur,
1622 358 1679 406 et
1720 363 1987 421 nusquam
2019 357 2064 413 Α
2094 351 2333 435 sollicita
2363 364 2591 417 prorsus
2624 347 2931 404 intentione
2972 346 3342 418 pervenimus,
3372 353 3428 403 et
3461 346 3675 418 reperi-

412 451 544 508 Levi
573 450 779 507 mentio
809 447 955 502 facta
988 451 1091 499 est.

485 541 859 598 Transeuntes
918 536 1083 607 igitur
1137 532 1204 588 ad
1265 549 1467 589 nonam
1520 534 1884 601 divisionem,
1932 543 1988 590 et

412 636 588 705 ipsam
612 626 1022 698 conspeximus,
1053 639 1177 695 quae
1201 623 1347 677 facta
1379 632 1465 679 est
1487 638 1553 679 ex
1579 633 1852 693 praecepto
1883 621 1988 675 Do-

350 732 354 736 ’
411 723 568 786 mini,
595 723 738 777 sicut
762 720 818 774 in
836 719 979 773 libro
998 718 1315 773 continetur
1344 715 1735 779 Numerorum,
1767 714 1987 785 quando

412 813 565 869 missi
600 820 725 867 sunt
760 810 1040 881 principes
1082 809 1347 874 tribuum,
1385 818 1444 863 ut
1482 817 1634 864 sorte
1680 807 1988 861 dividerent

411 915 618 963 terram
657 904 1048 977 promissionis
1085 904 1213 958 ﬁliis
1257 902 1425 957 Israel
1450 919 1465 967 ;
1493 910 1548 956 et
1579 916 1679 956 nec
1718 901 1877 955 istam
1911 901 1988 955 si-

408 995 614 1051 militer
645 994 713 1047 ad
750 994 1200 1062 consequentiam
1243 990 1483 1062 lapidum
1529 998 1787 1060 coaptare
1814 989 1987 1043 valui-

407 1100 555 1141 mus.
601 1083 948 1139 lnvenientes
996 1082 1142 1137 enim
1192 1080 1386 1136 Judam
1436 1081 1673 1150 primum
1720 1081 1982 1150 positum,

407 1177 533 1232 dein
561 1175 895 1240 Simeonem,
929 1182 984 1229 et
1008 1182 1194 1244 postea
1236 1172 1561 1241 Beniamin;
1596 1170 1708 1225 Dan
1768 1185 1986 1241 quoque

406 1278 463 1325 et
509 1269 819 1331 Manassen,
890 1280 1101 1321 necnon
1143 1272 1198 1319 et
1250 1263 1485 1334 Ephrem
1535 1273 1589 1319 et
1633 1264 1899 1327 Zabulon,
1932 1271 1987 1319 et

407 1363 669 1431 deinceps
724 1359 996 1425 Issat-har,
1042 1357 1170 1411 exin
1223 1356 1361 1411 Aser
1412 1363 1467 1411 et
1537 1357 1835 1411 novissime
1881 1355 1989 1411 Ne-

410 1456 623 1525 ptalim,
668 1460 725 1509 et
760 1468 958 1507 rursus
1025 1451 1229 1506 tribum
1277 1448 1409 1504 Levi
1447 1450 1787 1519 reperientes
1818 1449 1988 1503 omis-

410 1559 551 1610 sam,
580 1552 635 1599 et
659 1541 865 1614 Joseph
894 1541 1188 1612 dupliciter
1224 1549 1601 1596 enumeratum
1638 1541 1691 1593 in
1726 1538 1985 1609 Ephrem,

408 1645 465 1690 et
487 1633 819 1697 Manassem,
852 1633 995 1687 hanc
1034 1632 1199 1687 etiam
1233 1630 1705 1701 praetermisimus,
1730 1636 1785 1685 et
1810 1630 1863 1682 in
1893 1629 1988 1683 de-

2089 457 2216 496 mus
2241 431 2331 495 ubi
2361 442 2620 511 praecepit
2652 438 2885 511 Moyses,
2919 448 2980 493 ut
3002 438 3289 493 duodecim
3314 437 3492 494 tribus
3520 445 3674 499 stent

2090 532 2159 585 ad
2193 530 2626 587 benedicendum
2657 539 2711 585 et
2752 527 3217 592 maledicendum,
3258 545 3353 585 sel
3394 528 3449 582 in
3486 537 3677 585 monte

2087 622 2327 678 Garizim
2370 632 2425 678 et
2463 639 2558 679 sex
2604 623 2659 676 in
2707 632 2890 677 monte
2916 620 3109 686 Gebal,
3142 621 3287 675 sicut
3321 620 3376 674 in
3403 619 3673 675 Deutero-

2087 713 2274 767 nomio
2320 713 2581 782 probatur
2629 713 2950 781 ascriptum,
3014 725 3246 779 quarum
3294 707 3497 764 divisio
3545 708 3668 764 talis

2090 815 2217 859 est:
2263 803 2515 865 Stabunt,
2565 803 2766 872 inquit,
2795 804 2846 856 in
2870 812 3046 857 monte
3091 801 3329 857 Carizim
3364 803 3435 855 ad
3464 802 3670 856 benedi-

2088 893 2310 946 cendum
2360 890 2594 953 Simeon.
2638 891 2782 954 Levi,
2823 890 3019 956 ludas,
3057 889 3330 954 lssachar,
3368 889 3565 959 Ioseph
3618 901 3670 946 et

2087 984 2407 1053 Benjamin;
2440 993 2488 1037 et
2512 984 2566 1037 hi
2596 984 2813 1036 stabunt
2852 982 2923 1035 ad
2957 982 3371 1035 maledicendum
3401 983 3457 1036 in
3498 993 3673 1037 monte

2090 1073 2275 1142 Gebal,
2304 1074 2504 1139 Ruben,
2549 1072 2688 1138 God,
2720 1073 2876 1137 Aser,
2922 1071 3199 1138 Zabulon,
3240 1072 3396 1137 Dan,
3441 1084 3492 1128 et
3539 1072 3677 1142 Nep-

2089 1167 2242 1219 talim
2291 1167 2332 1219 ¹.
2378 1164 2699 1219 Liberarum
2737 1164 2832 1218 lilii
2859 1164 3159 1233 probantur
3178 1164 3268 1218 hic
3290 1179 3412 1220 esse
3436 1165 3672 1235 praelati,

2088 1272 2324 1328 cumque
2378 1265 2433 1312 et
2480 1257 2585 1313 ista
2637 1256 2837 1311 divisio
2873 1254 3090 1309 videtur
3136 1256 3559 1327 inconsequens,
3601 1257 3674 1311 ad

2088 1350 2415 1422 quadratum
2444 1350 2729 1404 rationalis
2760 1348 3012 1406 ordinem
3038 1365 3147 1405 non
3176 1365 3239 1405 ea
3260 1350 3378 1404 visa
3402 1359 3486 1405 est
3510 1363 3673 1404 assu—

2090 1442 2308 1499 menda.
2343 1442 2728 1496 Verumtamen
2763 1440 2907 1496 banc
2930 1443 3178 1497 eamdem
3210 1440 3556 1496 undecimam
3588 1439 3675 1493 di-

2090 1534 2355 1589 visionem
2391 1532 2624 1588 sollicite
2657 1542 3009 1598 contuentes,
3049 1550 3171 1605 quze
3220 1533 3275 1588 in
3312 1532 3451 1587 duas
3481 1539 3675 1603 partes

2090 1625 2307 1679 videtur
2335 1639 2459 1678 esse
2506 1622 2773 1691 discreta,
2810 1640 2907 1680 sex
2946 1625 3003 1680 in
3042 1640 3152 1680 uno
3187 1634 3369 1679 monte
3395 1632 3448 1678 et
3488 1638 3584 1677 sex
3616 1624 3674 1678 in

410 1729 609 1783 eimam
665 1725 991 1781 divisionem
1044 1725 1405 1779 intentionem
1456 1722 1659 1777 mentis
1702 1720 1989 1775 admonui-
2022 1701 2066 1756 Β
2095 1716 2290 1780 altero,
2340 1715 2482 1769 hanc
2533 1714 2783 1769 arbitrati
2829 1731 3023 1771 sumus
3073 1729 3374 1784 congruere
3423 1714 3676 1768 numeris

411 1835 537 1874 mus
583 1818 721 1891 (50),
756 1833 857 1873 nec
892 1819 1067 1887 ipsam
1111 1816 1393 1888 quivimus
1432 1814 1675 1869 invenire
1716 1813 1990 1883 lapidibus

412 1918 848 1975 consonantem;
885 1910 1087 1965 etenim
1138 1908 1360 1979 quando
1400 1906 1677 1961 benedixit
1708 1906 1887 1960 Moses
1924 1906 1989 1958 ﬁ-

411 2002 501 2057 liis
534 2002 697 2057 Israel
734 2016 1047 2070 proponens
1084 1999 1367 2069 Benjamin
1394 2008 1650 2068 quartum
1681 2006 1805 2068 post
1834 1996 1986 2061 Levi,

410 2092 539 2147 dein
560 2090 785 2161 Ioseph,
813 2099 867 2145 et
898 2104 1023 2145 cum
1062 2089 1339 2144 Simeonis
1370 2089 1577 2143 nullam
1609 2088 1792 2142 intulit
1828 2103 1988 2142 men-

412 2182 640 2245 tionem,
660 2179 1002 2250 impossibile
1023 2177 1123 2232 luit
1148 2194 1266 2233 eam
1286 2186 1544 2249 coaptare
1565 2178 1855 2249 lapidibus.
1885 2176 1991 2229 Ha-

416 2272 508 2327 bet
536 2280 717 2326 autem
738 2271 811 2324 ita
836 2288 851 2324 :
876 2268 1093 2331 Ruben,
1123 2267 1319 2336 Judas,
1342 2269 1495 2333 Levi,
1520 2269 1832 2338 Benjamin;
1864 2269 1990 2323 dein

417 2361 654 2431 Ioseph,
689 2359 935 2413 Zabulon
964 2367 1018 2413 et
1045 2358 1333 2423 lssachar;
1374 2358 1571 2411 deinde
1603 2357 1741 2419 Gad,
1774 2357 1867 2425 qui
1906 2362 1991 2410 est

417 2452 633 2506 ancilla:
679 2449 936 2503 secundae
974 2447 1137 2509 ﬁlius,
1194 2454 1527 2515 praepostere
1570 2447 1817 2516 positus;
1864 2446 1990 2499 dein

416 2542 532 2596 Dan
558 2550 612 2595 et
639 2539 941 2609 Neptalim;
986 2537 1115 2593 dein
1140 2538 1277 2592 Aser
1320 2538 1569 2590 omnium
1628 2537 1989 2601 novissimus,

413 2632 510 2704 qui
553 2640 608 2687 et
656 2632 776 2702 ipse
821 2628 1079 2685 secunda:
1122 2628 1335 2682 ancillae
1378 2628 1523 2683 ﬁlius
1555 2627 1850 2682 invenitur.
1893 2626 1991 2682 Hic

414 2726 603 2789 etiam,
639 2724 770 2795 quia
801 2738 1067 2779 numerus
1106 2723 1431 2778 imminutus
1457 2729 1562 2785 est,
1592 2718 1706 2792 [5i]
1740 2719 1993 2775 Simeone

416 2818 811 2889 praetermisso,
843 2815 926 2871 fas
970 2831 1076 2870 non
1121 2823 1241 2870 crat
1284 2814 1612 2869 divisionem
1658 2812 1819 2867 istam
1859 2812 1993 2882 lapi-

416 2909 579 2965 dibus
606 2908 892 2963 rationalis
926 2921 1088 2976 posse
1116 2920 1439 2975 congruere.

490 3001 709 3058 Rursus
748 3010 803 3056 et
850 3000 992 3055 hanc
1029 2999 1505 3069 praetermittentes
1548 2996 1601 3051 in
1645 2993 1990 3049 undecimam

489 3114 505 3145 ‘
537 3112 695 3169 Deut.
731 3129 806 3175 ιι,
838 3110 909 3164 29
934 3126 1055 3181 sqq.

490 3224 606 3295 (50)
632 3223 726 3279 Sic
765 3222 1011 3288 cod.,sed
1052 3220 1191 3276 forte
1228 3217 1625 3275 restituendum
1663 3230 1768 3284 est,
1802 3219 1991 3274 admo-

413 3311 607 3350 vimus.

487 3363 708 3435 (5|)Al)e
731 3362 853 3435 _situ_
871 3360 1075 3416 montis
1119 3358 1360 3435 Ga_rizim
1402 3358 1621 3435 copiose
1665 3367 1831 3429 agunt
1873 3359 1987 3435 An-

416 3428 584 3490 dreas
614 3433 819 3489 Masius
842 3432 896 3486 in
913 3446 1034 3501 cap.
1059 3446 1155 3501 vui
1180 3430 1365 3494 Josue,
1395 3428 1744 3501 Critic._sacr.
1769 3438 1902 3501 tom.
1928 3429 1990 3494 II,

428 3505 537 3560 col.
602 3504 730 3570 ill,
782 3497 998 3557 necnon
1063 3500 1349 3570 Rolandugs
1398 3497 1624 3553 Misce".
1677 3516 1730 3569 p.
1774 3516 1811 3564 ι,
1848 3499 1989 3553 Diss.

421 3575 479 3647 ξ.
512 3568 746 3647 §5,_ettj.
785 3572 956 3647 [front
989 3571 1273 3647 lii‘cﬂsentit
1298 3568 1652 3647 Epiphanius,
1685 3568 1990 3647 necnor_i__in

420 3640 561 3725 limi.
615 3645 668 3698 li.
701 3644 754 3705 9,
787 3642 815 3713 §
837 3643 896 3725 ᾗ,
933 3658 987 3725 p.
1027 3642 1368 3725 25,'seiisere
1419 3642 1582 3725 etiam
1628 3640 1991 3725 auc'tornlibri

416 3715 497 3770 De
524 3716 626 3769 loc.
652 3708 812 3769 δαιτῖ
829 3708 1030 3781 δειῖρ..
1063 3710 1434 3781 etProcopius
1466 3708 1693 3781 Gaurus
1720 3712 1773 3762 in
1810 3708 1990 3781 Deu_t..

418 3801 631 3841 necnon
680 3787 818 3839 inter
855 3778 1192 3839 recentiores
1215 3778 1485 3851 Joseplius
1530 3780 1774 3851 Scaliger
1807 3780 1859 3851 in
1891 3778 1996 3832 Eu-

418 3857 546 3911 sebii
589 3856 908 3918 Chronicon,
947 3869 1066 3924 pag.
1088 3852 1215 3924 19.5,
1244 3850 1379 3924 edit.
1409 3854 1719 3924 Λιιιειηξιιπιἶ
1750 3850 1910 3924 1658,
1940 3858 1995 3924 et

418 3927 737 3981 Gerhardus
772 3918 1045 3980 Mercator
1077 3922 1220 3993 apud
1262 3921 1534 3976 Andream
1560 3992 1566 3993 ί
1592 3918 1841 3975 Masium.
1872 3921 1994 3993 (ἐι-ἰὴ

419 3997 513 4050 tici
560 3998 892 4066 opinionem
925 3995 1067 4049 hanc
1113 3992 1383 4066 ’l'alsitatis
1428 3992 1730 4066 lucidenter
1766 3992 1991 4066 coargui

417 4062 836 4121 arbitranturex
868 4064 1146 4135 Jud.sap.
1212 4080 1288 4131 ιι,
1343 4065 1377 4117 6
1422 4071 1491 4135 et
1536 4063 1587 4135 ἶ,
1624 4062 1715 4135 ubi
1762 4063 1994 4135 legimus

415 4136 669 4200 Joatham
705 4136 975 4190 Gedeonis
1034 4126 1203 4189 ﬁlium
1238 4126 1499 4188 evel-tice
1535 4133 1770 4186 Garizim
1817 4126 1994 4186 Sichi-

416 4208 584 4261 mitas
612 4207 677 4259 ad
719 4206 922 4258 montis
974 4204 1185 4258 radices
1219 4211 1503 4257 versantes
1524 4203 1816 4255 allocutum
1847 4217 1990 4256 esse.

416 4274 689 4330 Praeterea
722 4274 862 4341 apud
884 4272 1171 4335 Joannem,
1215 4288 1339 4342 cap.
1378 4288 1450 4334 iv,
1487 4273 1831 4342 Samaritana
1881 4287 1995 4342 niu-

418 4345 523 4399 lier
554 4345 621 4398 ad
676 4340 898 4412 puteum
956 4344 1246 4410 quemdam
1283 4340 1390 4396 non
1435 4342 1591 4409 longe
1634 4342 1703 4393 ab
1738 4340 1873 4394 urbe
1907 4340 1992 4394 Si-

2092 1806 2510 1875 cmnpositionis
2545 1806 2787 1877 lapidum
2818 1805 3112 1877 smaragdi,
3148 1806 3241 1875 qui
3273 1804 3544 1861 catenulis
3575 1819 3677 1859 ne-

2091 1899 2407 1962 ctebanlur,
2432 1897 2677 1952 ordinati
2709 1914 2805 1968 per
2838 1907 3131 1968 utrumque
3162 1897 3439 1968 pontiﬁcis
3480 1897 3677 1951 hume-

2090 2007 2233 2056 rum,
2273 2007 2408 2047 auro
2451 2000 2506 2048 et
2540 1992 2889 2064 hyacinthina
2932 1992 3065 2046 vitta
3107 1992 3371 2056 conserti,
3408 1991 3484 2045 ita
3527 1988 3673 2044 utin

2091 2084 2177 2140 bis
2206 2084 2416 2140 duobus
2444 2084 2753 2156 smaragdis
2792 2086 3234 2142 inscriberentur
3272 2086 3493 2141 nomina
3532 2084 3675 2138 ﬁlio-

2091 2194 2211 2232 rum
2241 2177 2424 2242 lsrael,
2454 2193 2521 2234 eo
2550 2179 2695 2249 quod
2733 2194 2876 2235 unus
2910 2174 3235 2249 smaragdus
3262 2178 3332 2234 ob
3357 2176 3676 2233 rotundita-

2093 2277 2199 2323 tem
2223 2271 2306 2324 sui
2336 2270 2623 2326 duodecim
2654 2270 2875 2325 nomina
2907 2286 3103 2341 capere
3128 2286 3233 2324 non
3263 2278 3467 2341 posset.
3494 2268 3675 2340 Opor-

2092 2361 2241 2415 tebat
2283 2370 2491 2425 autem,
2522 2369 2596 2427 et,
2650 2363 2695 2416 si
2750 2378 2946 2433 capere
2986 2370 3225 2433 poterat,
3269 2361 3492 2416 dextros
3535 2362 3678 2415 sini-

2094 2465 2350 2521 strosque
2379 2452 2748 2535 distingui‘el
2770 2454 2893 2509 ideo
2918 2454 2971 2507 in
3006 2460 3241 2522 utroque
3268 2453 3466 2523 lapide,
3490 2453 3678 2523 posito

2090 2540 2146 2597 in
2184 2541 2410 2596 dextera
2448 2543 2658 2597 scilicet
2690 2551 2743 2597 et
2782 2544 3029 2609 sinistra,
3062 2543 3377 2612 conscripta
3419 2548 3547 2596 sunt
3578 2556 3679 2596 no-

2092 2631 2265 2697 mina,
2299 2631 2462 2686 sicuti
2496 2631 2609 2704 [55]
2652 2633 2703 2686 in
2731 2640 2965 2703 utroque
2998 2641 3182 2687 monte
3211 2630 3449 2686 Garizim
3482 2640 3537 2686 et
3562 2630 3680 2687 Ge-

2093 2722 2181 2776 bal
2216 2723 2391 2777 tribus
2428 2724 2658 2777 ﬁliorum
2706 2723 2873 2779 Israel
2920 2724 3189 2780 ordinatae
3215 2730 3363 2778 sunt.
3388 2723 3491 2789 Qui
3526 2738 3681 2776 mon-

2096 2821 2176 2867 tes
2210 2828 2275 2867 ex
2317 2813 2554 2868 adverso
2594 2815 2696 2869 sibi
2742 2824 3049 2870 cernuntur
3084 2814 3318 2884 oppositi
3356 2815 3409 2868 in
3442 2813 3679 2867 orientis

2095 2913 2270 2973 parte,
2299 2904 2389 2958 ubi
2458 2903 2676 2958 Jericho
2716 2905 2819 2959 sita
2866 2913 2948 2959 est
2987 2898 3120 2972 (5i),
3153 2906 3293 2957 ultra
3325 2903 3504 2957 locum
3548 2901 3681 2957 Gal-

2096 2992 2254 3063 galaz,
2289 2993 2474 3063 ibique
2521 2994 2837 3049 referuntur
2888 2993 2999 3067 [56]
3035 2994 3381 3049 benedixisse
3412 2991 3581 3048 Israel
3618 2995 3675 3057 ii,

2093 3241 2210 3349 Eutr
2268 3242 2405 3279 nunc
2465 3225 2720 3295 Neapolis
2767 3226 3081 3293 appellatur,
3117 3236 3167 3279 et
3191 3242 3255 3280 ea;
3285 3232 3453 3287 latere
3480 3228 3674 3280 montis

2146 3298 2336 3349 arizim
2388 3307 2733 3349 exstructam.
2791 3296 2870 3349 Ne
2909 3297 3032 3349 ouis
3068 3305 3250 3349 autem
3311 3299 3539 3349 miretur
3570 3312 3674 3349 cur

2146 3298 2336 3349 arizim
2388 3307 2733 3351 exstructam.
2791 3296 2870 3350 Ne
2909 3297 3032 3366 quis
3068 3305 3250 3351 autem
3311 3299 3539 3351 miretur
3570 3312 3677 3350 cur

2096 3364 2435 3436 Epiphanius
2463 3368 2797 3421 contrarium
2828 3364 3080 3429 senserit,
3117 3367 3291 3422 errori
3333 3382 3523 3421 ausam
3549 3382 3679 3421 esse

2094 3436 2278 3490 datam
2316 3436 2561 3490 creditur
2585 3454 2651 3493 ex
2679 3452 2826 3491 vers.
2878 3437 2948 3491 30
2996 3452 3117 3506 cap.
3145 3454 3199 3490 xI
3243 3437 3675 3503 Deuteronomii,

2094 3522 2256 3629 Euem
2311 3507 2541 3561 inferius
2587 3506 2915 3575 descripturi
2969 3521 3164 3561 sumus
3204 3515 3258 3561 et
3320 3507 3674 3575 explicaturi.

2144 3577 2390 3629 nimvero
2437 3579 2603 3629 etiam
2645 3578 2698 3629 in
2727 3576 2966 3629 Panario
3005 3577 3062 3629 S.
3101 3576 3436 3629 Eninbanius
3470 3576 3674 3629 Dente-

2144 3577 2390 3630 nimvero
2437 3579 2603 3631 etiam
2645 3578 2698 3631 in
2727 3576 2966 3629 Panario
3005 3577 3062 3629 S.
3101 3576 3436 3646 Epiphanius
3470 3576 3677 3631 Dente-

2094 3646 2327 3699 rouomii
2383 3648 2713 3702 auctoritate
2765 3663 2823 3702 se
2867 3654 3071 3709 tuetur,
3120 3663 3226 3701 non
3256 3648 3684 3715 praetermittens

2094 3723 2275 3770 tamen
2310 3717 2472 3770 etiam
2529 3718 2912 3771 auctoritatem
2946 3717 3065 3769 libri
3097 3716 3227 3772 Jesu
3260 3716 3425 3779 Nave,
3457 3716 3525 3769 de
3561 3734 3679 3786 qua

2099 3787 2304 3856 pariter
2336 3787 2471 3856 alias
2518 3786 2808 3842 dicendum
2847 3794 2952 3850 est,
2985 3787 3073 3841 ubi
3124 3789 3382 3841 nimirum
3422 3800 3543 3839 eam
3579 3804 3684 3855 pro

2098 3853 2156 3910 se
2188 3864 2361 3924 urget.
2394 3853 2499 3910 Sed
2537 3858 2623 3910 hic
2680 3857 2831 3910 addit
2872 3866 3152 3924 praeterea,
3184 3867 3396 3911 montes
3429 3853 3681 3910 Gariiim

2098 3926 2361 3991 etGebal,
2390 3943 2529 3995 quos
2578 3929 2719 3981 inter
2759 3926 2932 3980 media
2968 3938 3084 3981 erat
3123 3927 3395 3995 Neapolis,
3436 3927 3515 3979 ita
3545 3944 3678 3981 esse

2097 3997 2383 4057 sublimes,
2419 4008 2477 4050 ut
2512 3998 2733 4051 minime
2763 3998 2871 4066 apti
2907 4012 3030 4051 esse
3059 3998 3440 4066 potuciint,ut
3473 3999 3565 4064 qui
3607 3998 3677 4050 ad

2097 4068 2313 4122 radices
2335 4079 2452 4121 erat
2502 4068 2733 4137 populus
2763 4065 3111 4137 responderet
3148 4065 3457 4137 hominibus
3487 4082 3583 4137 se}
3621 4068 3677 4120 iu

2095 4138 2299 4207 vertice
2342 4135 2723 4192 clamantibus.
2762 4135 2934 4191 Porro
2965 4153 3088 4190 cum
3148 4138 3385 4207 libe‘lus_
3417 4136 3505 4189 bit:
3546 4136 3679 4207 Epi-

2094 4206 2279 4277 phanii
2312 4208 2488 4262 media
2536 4209 2636 4261 hac
2693 4209 2809 4277 ipsa
2835 4207 2901 4261 de
2924 4209 3031 4260 situ
3056 4209 3319 4262 montium
3352 4205 3683 4261 Garizim'et

2095 4274 2262 4347 Gebal
2288 4277 2657 4347 disputatione
2677 4274 2915 4339 deﬁciat,
2946 4294 3014 4332 ne
3034 4279 3201 4347 liquet
3229 4278 3444 4346 quidem
3484 4285 3679 4330 utrum

2098 4346 2156 4399 S.
2192 4345 2392 4400 Doctor
2422 4349 2584 4401 etiam
2612 4348 2716 4401 alia
2746 4362 2843 4417 pro
2889 4363 2989 4401 sua
3032 4345 3300 4403 sententia
3330 4348 3683 4417 proposuerit

418 4411 838 4493 eliempositum
868 4413 935 4465 de
962 4413 1161 4493 templo
1196 4426 1298 4466 suo
1348 4412 1786 4493 loquet_ts:_ml_0d_
1827 4426 1992 4493 super
2021 4411 2068 4467 Ι)
2097 4425 2415 4493 argumenta
2459 4419 2514 4493 i_n
2567 4420 2641 4493 iis
2671 4411 2791 4493 qua:
2820 4417 3237 4493 desiderantur,
3278 4411 3673 4471 desideranda.

418 4478 659 4537 Gariziin
699 4482 869 4536 fuisse
915 4478 1253 4550 exploratum
1282 4490 1365 4536 est
1407 4478 1470 4535 ex
1499 4479 1539 4533 ll
1579 4478 1825 4534 Machab.
1857 4478 1992 4536 libro

417 4567 543 4624 cap.
580 4568 654 4616 vi,
702 4552 758 4617 2,
798 4559 852 4624 et
908 4567 990 4624 ex;
1008 4550 1267 4621 Josepho,
1297 4554 1479 4621 Antiq.
1528 4551 1735 4624 lib.‘xi,
1770 4566 1891 4621 cap.
1936 4553 1990 4616 8,

415 4623 445 4695 θ
470 4621 524 4690 2,
549 4624 624 4677 ait
640 4639 783 4679 vers.
812 4623 883 4678 20
914 4640 929 4677 :
957 4621 1145 4677 Patres
1167 4624 1333 4695 nostri
1354 4624 1596 4695 intuente
1619 4621 1715 4695 hoc
1740 4624 1993 4695 adorare-

417 4692 585 4757 runt;
621 4704 675 4749 et
724 4694 975 4749 Christus
1007 4694 1287 4764 reSpondit
1318 4693 1537 4747 vers.2l
1590 4711 1603 4747 :
1664 4692 1811 4747 l’em’t
1864 4694 1995 4746 Ιιοι·α

415 4765 629 4837 quando
669 4782 829 4836 neque
851 4767 906 4818 in
942 4777 1114 4819 monte
1160 4766 1276 4829 hoc,
1311 4774 1417 4837 etc.
1459 4783 1473 4818 :
1504 4780 1568 4837 ex
1598 4779 1707 4837 quo
1740 4764 1993 4837 loquendi

415 4832 581 4891 modo
617 4832 853 4890 montem
912 4838 965 4889 in
997 4845 1294 4906 censpectu
1318 4835 1505 4906 luisse
1532 4834 1689 4906 facile
1713 4832 1995 4906 estinlel-

416 4907 604 4977 ligere.
638 4906 861 4977 Demqu
886 4906 1089 4961 diserte
1113 4902 1571 4977 e'tiam_.loseplius
1594 4902 1888 4977 Αιιιὶᾳζιίιι.
1919 4918 1990 4977 tv,

416 4970 539 5058 cap.
574 4973 743 5046 ult.,§
770 4975 861 5035 44,
899 4978 991 5029 lib.
1024 4991 1079 5038 v,
1130 4991 1251 5053 cap.
1282 4975 1331 5039 l,
1365 4975 1392 5045 §
1430 4970 1577 5039 i9,et
1607 4970 1816 5042 cap.‘7,
1858 4970 1885 5093 ﬁ
1926 4972 1990 5035 ες

416 5045 512 5093 lib.
545 5062 603 5093 Il-
637 5061 758 5093 can.
816 5043 969 5093 nll.-$
1002 5046 1055 5093 6-
1092 5052 1143 5093 et
1178 5045 1267 5093 Ιιὶι.
1298 5061 1417 5093 xm-
1453 5060 1574 5093 can.
1606 5045 1660 5093 9.
1707 5042 1733 5093 ε
1766 5043 1815 5093 1.
1882 5044 1990 5093 ’t'o-

416 5042 512 5100 lib.
545 5062 603 5110 ll,
637 5042 758 5113 cap.
816 5043 970 5113 ult.,§
1002 5046 1059 5113 6,
1092 5052 1143 5097 et
1178 5042 1267 5097 lib.
1298 5042 1418 5109 ιιιί,
1453 5060 1574 5113 cap.
1606 5045 1660 5106 9,
1707 5042 1733 5113 §
1766 5043 1815 5095 1.
1859 5042 1991 5113 Pro-

416 5116 610 5188 copius
640 5112 1016 5188 Caés_:irieiisis,
1039 5112 1112 5168 De
1144 5116 1407 5188 adiﬁciis,
1434 5112 1565 5188 etc},
1592 5112 1911 5188 lib._v,_cap.
1941 5112 1990 5174 7,

418 5182 632 5239 necn'on
688 5184 1035 5239 Adricnmius
1092 5193 1147 5239 et
1216 5184 1520 5239 Brocardus
1578 5182 1780 5237 oculati
1827 5189 1993 5235 testes

419 5256 720 5324 Sichimam
773 5253 961 5308 urbem
984 5255 1141 5323 juxta
1192 5252 1428 5309 Garizim
1459 5256 1700 5324 jacuisse
1744 5261 1991 5324 narrant.

416 5323 765 5380 'l'almudicos
820 5335 1071 5380 auctores
1111 5326 1249 5380 duos
1288 5342 1317 5378 a
1356 5326 1525 5379 Musio
1585 5324 1858 5383 laudatos.
1901 5323 1992 5391 qui

417 5402 634 5465 montes
666 5394 907 5450 Garizim
933 5406 987 5450 et
1012 5395 1177 5450 Gebal
1202 5397 1421 5451 circiter
1450 5412 1514 5450 ιι
1549 5396 1695 5449 mille
1730 5409 1991 5465 passuum

416 5461 743 5535 ab_Jordatie
770 5468 963 5521 abesse
980 5475 1225 5530 narrant,
1250 5467 1333 5521 bis
1359 5481 1649 5521 accensere
1670 5461 1990 5535 pii'ssnjmts:

416 5531 662 5608 quininio
683 5536 799 5608 i_ps_e
827 5537 992 5591 etiam
1026 5537 1388 5608 Hieronymus
1414 5538 1465 5589 in
1490 5531 1770 5606 Epitaphio
1798 5532 1996 5608 [fautu-

418 5602 609 5679 inatris
636 5601 718 5679 (ια’
747 5604 1091 5679 Eustochium
1120 5601 1429 5679 hoc'ipsum
1449 5601 1709 5679 docuerat
1739 5623 1750 5657 :
1788 5601 1993 5679 Infus-

424 5670 515 5728 irit
545 5670 773 5741 Sichem,
824 5692 924 5729 non
953 5689 1003 5729 ut
1035 5670 1543 5744 p’erique'crrautcs
1578 5677 1748 5745 legunt
1781 5672 1988 5739 δέδιμεν,

2097 4484 2297 4558 Verum
2323 4504 2445 4541 cum
2474 4489 2526 4541 in
2561 4484 2793 4541 Panario
2820 4487 2946 4558 illud
2982 4504 3145 4542 unum
3167 4495 3453 4558 proponat,
3480 4502 3682 4558 neinpe

2095 4557 2169 4627 ita
2212 4573 2335 4612 esse
2399 4561 2665 4627 scriptum
2724 4559 2779 4611 in
2828 4555 3280 4621 Deuteronouiio,
3300 4565 3355 4611 et
3404 4558 3499 4611 lib.
3539 4555 3678 4611 Jesu

2096 4626 2263 4687 Nave,
2303 4626 2599 4697 hocipsum
2632 4643 2729 4697 pro
2758 4628 3044 4698 potissimo
3064 4636 3385 4698 argumento
3414 4627 3685 4682 habuisse

2091 4698 2215 4768 jure
2274 4704 2328 4749 ct
2367 4696 2559 4751 merito
2615 4696 2887 4768 conjicere
2918 4700 3064 4754 licet.
3108 4696 3216 4753 Sed
3244 4699 3362 4767 ejus
3400 4699 3684 4768 sententia

2096 4766 2272 4838 adhuc
2301 4768 2596 4838 probabilis
2621 4766 2790 4823 videri
2814 4779 2999 4838 posset
3042 4769 3131 4823 tibi
3159 4766 3285 4838 quis
3319 4766 3685 4838 probabiliter

2096 4843 2147 4904 et
2212 4835 2450 4904 legitime
2504 4835 2830 4902 testaretur,
2872 4839 3009 4894 duos
3053 4835 3266 4893 montes
3315 4835 3580 4897 Carizim,
3617 4845 3675 4891 et

2094 4902 2234 4983 duos
2270 4902 2683 4983 iiionl_es_G_ebal
2714 4909 2883 4964 fuisse
2913 4912 2967 4963 in
3019 4908 3332 4983 Palaestina,
3362 4917 3492 4960 tunc
3523 4908 3681 4983 enim

2097 4973 2237 5028 alios
2288 4977 2354 5031 ad
2406 4975 2725 5033 Jcricbuuta
2781 4996 2880 5035 suo
2909 4981 3127 5035 nomine
3166 4983 3239 5033 ita
3282 4980 3479 5041 dictos,
3531 4977 3683 5032 alios

2098 5059 2227 5097 vero
2251 5045 2316 5099 ad
2340 5046 2632 5103 Sicbimain
2664 5050 2854 5111 fuisse,
2882 5059 2935 5104 et
2972 5050 3051 5104 sic
3083 5049 3550 5103 Samaritanorum
3585 5062 3676 5101 er-

2098 5117 2560 5195 t‘oreappcllatos,
2596 5136 2947 5195 censeremus
2977 5138 2990 5173 :
3018 5120 3110 5195 sed
3129 5119 3254 5190 quis
3286 5133 3527 5195 unquam
3540 5118 3679 5195 _ha:_c

2101 5184 2367 5258 tradidit?
2399 5186 2539 5253 Quid
2568 5191 2711 5256 quod
2749 5207 2905 5245 mous
2950 5184 3169 5258 quidam
3197 5204 3227 5242 e
3260 5184 3465 5257 regiont
3529 5184 3681 5241 Jeri-

2098 5253 2319 5328 clumtis
2346 5258 2486 5313 situs
2534 5253 2726 5313 Abaris
2759 5253 3021 5313 dicitur'a
3049 5258 3286 5328 Josepho
3309 5253 3402 5313 lib.
3441 5273 3515 5319 Iv,
3544 5271 3675 5327 cap.

2096 5324 2150 5385 8.
2192 5324 2351 5399 §§§i?
2376 5328 2690 5384 Gerhardus
2724 5329 2990 5384 Mercator
3023 5324 3312 5399 utramque
3343 5324 3679 5399 sententiain

2096 5396 2491 5452 conciliandam
2528 5402 2755 5469 putaxit.
2779 5401 2925 5470 quod
2968 5396 3333 5454 arbitrabatur
3364 5399 3522 5470 facile
3543 5398 3679 5470 ﬁeri

2097 5479 2280 5588 posse,
2302 5469 2347 5519 si
2378 5467 2614 5523 Gariiim
2652 5467 2810 5525 fuerit
2842 5480 3048 5525 tractus
3084 5471 3348 5524 montium
3380 5469 3445 5522 ad
3476 5467 3672 5521 urbem

2127 5534 2199 5587 lati
2251 5546 2300 5588 et
2329 5538 2500 5588 insani
2529 5557 2747 5588 nurnine.
2775 5540 3092 5588 Jerichnnta
3130 5548 3392 5588 extensus
3426 5538 3495 5588 ab
3534 5538 3672 5588 urbe

2127 5534 2209 5615 lai-
2236 5546 2300 5615 .et
2329 5538 2500 5615 ipsam
2529 5557 2747 5615 quoque
2775 5540 3093 5615 Jerichuuta
3130 5548 3392 5615 extensus
3426 5538 3495 5615 ab
3534 5538 3681 5615 urbe

2102 5604 2366 5681 διειιίιιιξιί
2396 5610 2499 5663 Sed
2533 5604 2635 5666 hoc
2661 5604 2855 5681 utpote
2899 5614 3048 5666 nullo
3069 5610 3309 5680 legitimo
3354 5606 3679 5681 testimonio

2101 5678 2511 5748 comprobatum
2576 5675 2745 5737 facile
2804 5682 3063 5753 rcjicitur.
3122 5675 3263 5747 Quin
3316 5679 3504 5745 etiam,
3554 5675 3679 5734 Ro-
