3948 6196
387 214 493 272 ἳΠΰ

1814 224 1869 282 S.
1927 222 2271 286 EPlPllANlI

3562 251 3626 281 φα

3562 280 3618 311 δέ

388 318 747 391 pretationem
783 322 1098 383 ediderunt.
1134 328 1285 383 Binis
1333 346 1461 386 vero
1493 331 1634 389 liber
1683 350 1826 393 unus
1863 347 1971 391 tra-

2080 342 2287 408 κίσκοις
2314 344 2543 409 ἐκείνοις
2574 345 2635 398 ἐκ
2666 344 2771 399 τῶν
2799 347 2992 418 τοίχων
3024 348 3299 421 ἐποίησεν,
3326 353 3436 406 ἁλλ²
3459 355 3660 415 ἀνωθεν

387 416 538 470 ditus
568 414 767 483 fuerat,
788 418 1043 475 videlicet
1072 421 1189 489 pari
1222 422 1315 475 uni
1348 422 1486 478 liber
1516 423 1815 491 Geneseos,
1852 430 1965 496 pari

388 510 546 562 alteri
584 506 804 564 Exodus
854 510 1091 565 ﬁliorum
1137 509 1326 577 Israel,
1374 515 1540 570 tertio
1587 515 1885 583 Leviticus,
1916 526 1970 573 et

386 599 581 669 reliqui
630 600 904 656 similiter.
956 600 1161 671 Sicque
1210 602 1493 675 Scriptura
1546 608 1733 664 tricies
1793 610 1971 665 sexies

386 705 543 743 versa
579 702 684 745 est.
720 690 1066 748 Cum-autem
1100 693 1224 749 libri
1257 696 1497 752 absoluti
1533 696 1794 765 fuissent,
1830 703 1973 758 sedit

387 797 481 833 rex
507 781 561 833 in
599 782 820 836 excelso
847 783 1069 847 throno,
1091 799 1156 841 ac
1178 772 1418 845 lectores
1443 791 1669 862 triginta
1694 808 1787 848 sex
1821 794 1971 849 humi

384 870 756 927 ronsederunt
804 871 977 930 libros
1016 891 1129 946 prae
1172 879 1428 937 manibus
1467 882 1731 942 habentes
1766 905 1778 941 :
1809 895 1974 959 atque

388 978 497 1014 uno
546 962 760 1033 legente
804 967 1015 1020 nullum
1050 969 1456 1039 deprehensum
1503 983 1589 1031 est
1649 978 1969 1036 discrimen.

387 1050 442 1105 Id
478 1067 609 1107 vero
640 1052 735 1109 Dei
776 1071 919 1125 opus
961 1066 1103 1122 erat,
1135 1069 1194 1113 ut
1242 1063 1420 1129 palam
1480 1076 1627 1121 esset
1659 1070 1807 1126 viros
1848 1072 1973 1127 illos

384 1144 565 1198 sancti
628 1144 869 1215 Spiritus
927 1165 1157 1206 munere
1232 1154 1537 1211 instructos
1602 1159 1795 1215 fuisse.
1869 1162 1972 1217 Ubi

386 1237 665 1308 quidpiam
718 1240 788 1294 ab
838 1241 947 1297 illis
995 1242 1308 1313 ademptum
1362 1246 1560 1313 fuerat,
1603 1252 1671 1304 ab
1717 1255 1975 1311 omnibus

387 1330 551 1384 simul
584 1329 900 1401 ademptum
934 1332 1108 1387 fuerat
1136 1353 1149 1388 :
1185 1336 1461 1407 ademptis
1493 1342 1627 1395 nihil
1664 1358 1803 1413 opus
1833 1355 1973 1411 erat,

387 1421 589 1476 additis
636 1437 819 1476 secus.
866 1422 1015 1477 Libri
1065 1425 1248 1495 itaque
1301 1428 1379 1482 illi
1420 1430 1474 1483 in
1513 1429 1755 1487 Graecam
1804 1435 1977 1492 diale-

386 1518 536 1565 etum
594 1513 873 1578 translati,
905 1515 959 1569 in
997 1516 1175 1586 prima
1204 1519 1535 1578 bibliotheca
1570 1528 1792 1594 repositi
1826 1534 1972 1584 sunt.

392 1601 597 1659 Deinde
617 1605 781 1658 aliam
808 1610 1122 1664 construxit
1146 1611 1556 1679 bibliothecam,
1584 1634 1746 1686 quam
1774 1620 1976 1689 prioris

389 1695 552 1749 ﬁliam
584 1699 872 1765 vocabant,
914 1701 1044 1755 olim
1080 1702 1133 1755 in
1169 1701 1398 1773 Serapio
1438 1718 1837 1777 nuncupatam.

2073 433 2135 484 ἐκ
2161 432 2267 486 τῶν
2297 434 2563 504 δωμάτων
2596 436 2944 505 ἀναφωτίδας
2974 438 3073 503 τὰς
3117 440 3459 513 καλουμένας
3490 447 3658 517 ἀνέῳ-

2072 521 2182 588 ξεν.
2213 526 2277 577 Οἱ
2306 524 2362 578 δὲ
2393 525 2564 590 οὕτως
2612 528 2717 582 ἀπὸ
2757 528 2902 599 πρωῒ
2934 529 3041 594 ἐως
3076 532 3319 603 ἑσπέρας
3353 536 3458 588 ὑπὸ
3484 537 3665 592 κλεῖδα

2074 614 2503 687 συγκλειόμενοι,
2534 616 2703 683 οὕτως
2736 621 3107 692 ήρμήνευσαν.
3155 623 3394 695 Ἐκάστῃ
3430 626 3486 678 δὲ
3523 625 3663 698 ξυγῇ

2074 704 2255 775 βίϐλος
2287 708 2385 776 μία
2428 709 2722 776 ἐπεδίδοτο,
2749 710 2824 775 ὼς
2871 714 3047 767 εἰπεῖν
3086 716 3119 784 ἡ
3173 714 3355 785 βίϐλος
3386 716 3485 786 τῆς
3510 719 3669 771 Γενέ-

2075 812 2213 859 σεως
2238 798 2339 869 μιᾷ
2369 796 2507 870 ζυγῇ
2530 802 2594 870 ’ἡ
2628 800 2848 866 Ἔξοδος
2877 802 2984 856 τῶν
3005 804 3138 858 υἱῶν
3175 807 3393 878 Ἰσραὴλ
3422 811 3489 879 τῇ
3516 809 3651 880 ἄλλῃ

2075 884 2235 957 ζυγῇ,
2274 888 2557 941 Λευῖτικδν
2586 892 2653 961 τῇ
2682 890 2838 962 ἄλλῃ,
2882 893 3071 947 καὶτὰ
3106 892 3265 948 λοιπὰ
3302 896 3536 966 ὁμοίως·
3572 898 3666 954 καὶ

2074 977 2217 1032 οῦτω
2267 980 2563 1051 τριάκοντα
2594 984 2691 1036 καὶ
2739 984 2927 1050 ἑξάκις
2970 985 3431 1058 έρμηνευθεῖσαή
3476 990 3666 1062 Γραφὴ

2074 1071 2252 1141 ὤφθη.
2290 1074 2419 1125 Ὅτε
2466 1073 2521 1125 δὲ
2570 1073 2965 1147 ἐτελειώθησαν
2999 1078 3055 1131 αἱ
3104 1078 3296 1148 βίϐλοι,
3346 1080 3600 1135 ἐκάθισεν
3636 1087 3668 1136 6

2079 1164 2328 1234 βασιλεὺς
2376 1164 2468 1217 ἐπὶ
2519 1164 2710 1236 θρόνου
2760 1168 2990 1238 ὑψηλοῦ,
3050 1171 3142 1223 καὶ
3183 1171 3271 1235 λς’
3321 1172 3667 1240 άναγνῶσται

2076 1256 2336 1311 ἐκάθισαν
2365 1256 2745 1327 χαμαιζήλως,
2779 1258 2994 1329 ἔχοντες
3021 1263 3121 1325 τάς
3159 1262 3373 1332 βίϐλους
3398 1264 3515 1317 καθ’
3539 1265 3668 1318 ἐαυο

2076 1347 2203 1411 τῶν,
2240 1347 2335 1400 καὶ
2370 1348 2837 1417 ἀναγινώσκοντος
2871 1353 2989 1416 ἐνὸς
3019 1353 3117 1423 οὑχ
3148 1354 3350 1425 εὑρέθη
3380 1355 3663 1424 διαφωνία,

2076 1438 2214 1493 ἀλλὰ
2251 1436 2387 1492 Θεοῦ
2418 1440 2722 1511 θαυμάσιον
2757 1441 2917 1511 ἔργον
2944 1447 3024 1507 εἰς
3064 1444 3124 1497 τὸ
3163 1444 3365 1513 γνῶναι
3389 1447 3469 1499 ὅτι
3498 1447 3669 1499 Πνεῦ-

2081 1548 2252 1603 ματος
2282 1529 2440 1600 ἁγίου
2461 1532 2618 1602 ἔσχον
2640 1532 2848 1605 δωρεάν
2873 1535 2921 1586 οί
2945 1533 3135 1605 ἄνδρες
3162 1535 3382 1590 ἐκεῖνοι.
3407 1537 3577 1590 Ὀπου
3606 1538 3670 1590 δὲ

2078 1624 2378 1693 ἀφείλοντο,
2412 1624 2650 1689 ἅπαντες
2678 1625 2819 1695 ὁμοῦ
2857 1626 3159 1695 ἀφείλοντο,
3197 1626 3292 1680 καὶ
3324 1620 3397 1683 ὧν
3435 1628 3530 1697 μὲν
3563 1628 3671 1680 οὐκ

2002 1710 2044 1765 Β
2072 1713 2189 1769 ἐστι
2218 1716 2398 1788 χρεία,
2418 1710 2492 1770 ὧν
2517 1717 2574 1771 δὲ
2612 1718 2962 1789 προσέθηκαν
2990 1718 3166 1791 χρεία.
3204 1718 3387 1783 Οὕτως
3412 1720 3466 1773 αἱ
3495 1718 3670 1789 βίϐλοι

387 1794 467 1854 είς
498 1799 597 1863 την
632 1790 910 1865 Ἑλληνίδα
940 1796 1217 1853 διάλεκτον
1269 1800 1691 1873 μεταϐληθεῖσαι
1739 1805 2085 1878 άπετέθησαν
2119 1813 2178 1865 ἐν
2205 1816 2272 1884 τῇ
2313 1812 2506 1885 πρώτῃ
2560 1812 2897 1886 βιϐλιοθήκῃ.
2927 1790 3037 1867 Καὶ
3085 1812 3279 1885 ἑτέραν
3329 1815 3443 1883 μετ’
3494 1812 3673 1883 αὐτὴν

388 1883 663 1959 θυγατέρα
713 1889 886 1961 αὐτῆς
932 1890 1342 1963 ἐπικληθεῖσαν,
1393 1892 1600 1951 ἄνωθεν
1657 1899 1715 1951 ἐν
1759 1899 1838 1971 τῷ
1882 1901 2186 1976 Σεραπείιρ.

460 2004 525 2057 Et
556 2005 822 2073 prmteriit
861 2012 1079 2075 tempus
1107 2006 1385 2065 Ptolemaei
1421 2018 1477 2066 et
1501 2011 1832 2083 Cleopatrae.
1868 2013 1977 2068 An-

386 2095 543 2151 nis...
584 2105 887 2167 regnarunt
919 2096 1160 2169 Lagidze.

456 2183 669 2243 Deinde
696 2196 1007 2259 sequuntur
1043 2191 1277 2247 Romani
1310 2193 1693 2264 imperatores.

456 2282 739 2352 Augustus
779 2286 942 2341 annis
971 2301 1057 2340 LVI
1095 2286 1385 2354 imperavit
1418 2306 1429 2341 :
1466 2288 1626 2357 cujus
1661 2303 1808 2342 anno
1839 2303 1978 2358 qua-

386 2375 702 2444 dragesimo
750 2377 996 2432 secundo
1046 2376 1305 2433 Christus
1356 2388 1520 2434 natus
1566 2389 1671 2434 est.
1721 2380 1977 2435 Tiberius

386 2462 549 2517 annis
582 2477 719 2516 xxm
755 2480 769 2515 :
798 2464 919 2533 eius
965 2474 1149 2519 autem
1193 2481 1341 2520 anno
1386 2467 1602 2522 decimo
1635 2478 1831 2522 octavo
1864 2467 1974 2521 Do-

386 2553 573 2608 minus
598 2553 898 2611 cruciﬁxus
928 2563 1032 2609 est.
1068 2554 1114 2608 Α
1142 2570 1311 2611 cruce
1347 2558 1414 2612 ad
1442 2559 1716 2613 excidium
1746 2558 1971 2614 Jerusa-

387 2646 489 2697 lem
534 2646 663 2699 anni
725 2662 792 2701 xx.
832 2654 886 2703 et
930 2648 1139 2718 aliquot
1187 2649 1307 2704 dies
1349 2650 1702 2706 efﬁuxeruut.
1746 2652 1830 2706 Ab
1862 2652 1973 2705 Au-

383 2744 547 2801 gusto
580 2752 753 2807 usque
785 2738 851 2792 ad
900 2738 1203 2794 Adriauum
1241 2742 1371 2795 anni
1417 2750 1547 2798 sunt
1577 2757 1775 2798 cun.
1813 2743 1971 2800 Auno

386 2839 568 2882 autem
614 2828 943 2887 duodecimo
987 2831 1211 2885 Adriani
1262 2832 1446 2887 ﬁoruit
1491 2833 1687 2903 Aquila
1734 2851 1747 2889 :
1791 2836 1863 2888 ita
1913 2844 1971 2889 ut

384 2918 453 2974 ab
478 2936 542 2975 eo
570 2928 815 2991 tempore
848 2938 957 2992 quo
986 2938 1093 2978 Lxx
1146 2923 1509 2995 lnterpretum
1536 2926 1718 2982 vcrsio
1749 2936 1971 2996 peracta

384 3018 469 3064 est
498 3025 675 3081 usque
708 3010 775 3065 ad
812 3011 1066 3081 Aquilam
1094 3012 1468 3080 interpretem,
1497 3026 1560 3065 ac
1584 3013 1969 3068 duodecimum

384 3100 611 3154 Adriani
640 3116 864 3166 annum,
896 3102 1023 3155 anni
1045 3102 1437 3167 sintccccxxx,
1470 3118 1686 3157 menses
1709 3112 1967 3174 quatuor,

386 3192 627 3261 demptis
657 3209 850 3248 novem
873 3192 1085 3248 diebus.
1117 3194 1396 3248 Adrianus
1413 3210 1545 3249 vero
1573 3194 1969 3267 Jerosolymam

390 3280 689 3350 profectus,
732 3296 857 3336 cum
918 3283 1107 3337 urbem
1157 3292 1473 3339 restaurare
1524 3296 1766 3355 cuperet,
1805 3302 1971 3355 snpra

388 3381 691 3427 memorato
732 3372 926 3445 Aquila
960 3375 1147 3444 gentili
1205 3376 1429 3445 gentilis
1456 3384 1509 3432 et
1544 3378 1658 3447 ipse
1699 3394 1833 3431 usus
1868 3388 1969 3432 est.

389 3455 519 3511 Erat
566 3466 747 3513 autem
801 3462 1000 3531 Aquila
1052 3478 1215 3518 socer
1257 3466 1609 3535 imperatoris
1668 3466 1869 3537 Sinope
1918 3470 1972 3522 in

388 3547 564 3605 Ponto
617 3552 909 3618 oriundus,
970 3570 1133 3624 quem
1180 3554 1652 3629 Jerosolymorum
1712 3560 1973 3629 operibus

386 3643 656 3713 prmfecit,
683 3659 747 3700 ac
776 3661 976 3701 nomen
1007 3648 1290 3717 proprium
1324 3650 1849 3721 imperatoriamque
1880 3668 1975 3723 ap-

386 3736 739 3799 pellationem
786 3738 909 3793 urbi
948 3738 1169 3805 indidit,
1215 3739 1529 3812 Eliamque
1575 3744 1813 3811 vocavit,
1843 3746 1973 3815 quia

386 3830 505 3899 ipse
528 3829 709 3885 IElius
740 3830 1020 3889 Adrianus
1052 3832 1455 3902 appellabatur.

459 3924 659 3994 Aquila
703 3925 872 3996 igitur
919 3925 1283 3999 Jerosolymis
1327 3929 1551 3999 degens,
1594 3930 1970 4000 apostolorum

388 4016 695 4088 discipulos
725 4018 966 4082 videbat,
996 4020 1101 4075 ﬁde
1129 4020 1413 4089 ﬂorentes,
1446 4023 1601 4093 signa
1643 4039 1836 4094 magna
1876 4040 1971 4078 cu-

384 4108 662 4164 rationum
714 4117 769 4165 et
819 4112 1196 4181 prodigiorum
1250 4122 1541 4184 operantes
1595 4114 1762 4184 (Pella
1822 4118 1965 4170 enim

385 4202 596 4256 reversi
646 4210 804 4256 erant
847 4201 1269 4274 Jerosolymam,
1321 4206 1507 4275 ibique
1549 4207 1839 4277 degebant.
1878 4207 1967 4261 Si-

385 4292 605 4361 quidem
638 4309 761 4347 cum
813 4294 969 4348 urbis
1019 4309 1048 4346 a
1091 4293 1356 4350 Remauis
1404 4298 1633 4350 instaret
1671 4298 1968 4362 excidium,

2148 1998 2257 2053 Καὶ
2291 1998 2569 2071 παρῆλθεν
2604 1999 2633 2051 6
2679 1998 2871 2071 χρόνος
2919 1997 3260 2069 Πτολεμαίου
3289 1998 3381 2051 καὶ
3415 1997 3676 2051 Κλεοπά-

2077 2107 2230 2161 τρας,
2272 2091 2397 2147 ἔτ...
2431 2091 2852 2145 ἐϐασιλεύσαντο
2879 2092 2927 2144 οἱ
2964 2090 3146 2159 Λάγου
3192 2090 3446 2161 βασιλεῖς.

2149 2179 2285 2236 Εἶτα
2324 2185 2612 2255 Ῥωμαίων
2645 2184 2907 2254 βασιλεῖς.

2154 2274 2461 2343 Αὔγουστος
2488 2276 2578 2347 ἔτη
2620 2282 2705 2341 νς¹
2735 2268 2943 2339 οὗτινος
2978 2275 3056 2346 τῷ
3090 2274 3179 2347 με’
3222 2276 3332 2330 ἔτει
3374 2279 3401 2331 6
3431 2277 3682 2347 Χριστὸς

2080 2366 2363 2437 ἐγεννήθη.
2411 2367 2659 2437 Τιϐέριος
2693 2367 2788 2437 ἐτη
2837 2374 2942 2436 κγ’,
2979 2362 3039 2421 οῦ
3066 2367 3143 2438 τῷ
3179 2375 3246 2439 ιη’
3272 2367 3381 2422 έτει
3414 2371 3683 2437 όΚύριος

2076 2456 2417 2527 ἐσταυρώθη.
2469 2457 2599 2510 Ἀπὸ
2634 2457 2727 2511 τοῦ
2772 2458 3006 2530 σταυροῦ
3052 2460 3157 2529 ἓως
3188 2461 3287 2530 τῆς
3331 2460 3681 2531 ἐρημώσεως

2084 2549 2441 2621 Ἰερουσαλὴμ
2483 2549 2576 2620 ἐτη
2614 2557 2664 2621 μ’
2697 2551 2791 2603 καὶ
2824 2551 3036 2622 ἡμέρας
3068 2552 3239 2615 τινάς.
3280 2553 3410 2605 Ἀπὸ
3449 2551 3678 2619 Αὐγού-

2079 2660 2202 2695 στου
2230 2642 2336 2705 ἐως
2378 2641 2654 2714 Ἀδριανοῦ
2688 2642 2781 2713 έτη
2816 2649 2925 2714 ρπ¹.
2956 2642 3022 2713 ιβ’
3051 2643 3159 2697 ἓτει
3198 2642 3471 2715 Ἀδριανοῦ
3509 2642 3685 2696 Ἀκύ-

2075 2734 2173 2797 λας
2203 2733 2559 2805 ἐγνωρίζετο·
2597 2735 2737 2789 ὥστε
2776 2731 2917 2790 εἶναι
2966 2736 3075 2790 ἀπὸ
3122 2736 3313 2807 χρόνου
3351 2737 3449 2807 τῆς
3482 2737 3681 2807 ἑρμη-

2075 2828 2223 2891 νείας
2256 2828 2368 2881 τῶν
2419 2828 2493 2897 οβ’
2527 2828 2631 2891 ἕως
2671 2827 2870 2881 ’Δκύλα
2921 2829 3013 2881 τοῦ
3066 2828 3422 2900 έρμηνευτοῦ,
3470 2830 3563 2881 καὶ
3594 2829 3685 2898 ιβ’

2075 2915 2227 2979 ἔτους
2270 2915 2569 2987 Ἀδριανοῦ,
2612 2916 2704 2987 ἔτη
2743 2917 2839 2981 υλ’,
2890 2918 3066 2988 μῆνας
3094 2918 3133 2970 δ’
3164 2920 3297 2990 παρ’
3344 2917 3555 2988 ἡμέρας
3595 2917 3682 2973 0’.

2003 3038 2041 3094 Ο
2082 3004 2245 3073 Οὗτος
2285 3011 2312 3061 6
2344 3009 2623 3079 Ἀδριανὸς
2654 3009 2893 3062 ἀνελθὼν
2922 3012 3001 3073 εἰς
3038 3011 3387 3082 Ἱεροσόλυμα
3413 3011 3507 3063 καὶ
3544 3010 3685 3079 βου.

2077 3100 2303 3170 λόμενος
2328 3099 2497 3170 αὐτὴν
2524 3100 2730 3165 κτίσαι,
2759 3099 2941 3153 λαϐὼν
2966 3101 3056 3153 τὸν
3081 3101 3476 3172 προειρημένον
3502 3102 3683 3153 Ἀκύ-

2075 3193 2174 3245 λαν
2218 3192 2347 3245 ὄντα
2379 3192 2642 3263 Ἕλληνα,
2676 3193 2751 3256 ὡς
2782 3194 2873 3247 καὶ
2926 3194 3086 3256 αὐτὸς
3149 3194 3427 3264 Ἀδριανὸς
3464 3194 3682 3265 Ἕλλην

2077 3283 2338 3354 ὑπῆρξεν.
2373 3280 2477 3337 Ἦν
2504 3284 2559 3337 δὲ
2610 3284 2771 3348 αὐτὸς
2804 3287 2832 3338 6
2860 3286 3091 3343 Ἀκύλας
3123 3286 3216 3339 τοῦ
3258 3287 3353 3355 μὲν
3402 3286 3681 3356 βασιλέως

2076 3375 2412 3445 πενθερίδης,
2454 3376 2561 3428 ἀπὸ
2591 3374 2843 3447 Σινώπης
2871 3377 2926 3429 δέ
2963 3375 3053 3429 τοῦ
3086 3377 3288 3430 Πόντου
3315 3375 3676 3448 ὁρμώμενος,

2076 3468 2394 3537 καθίστησιν
2424 3469 2586 3522 αὐτὸν
2608 3471 2787 3522 ἐκεῖσε
2822 3471 2880 3523 ἐν
2920 3470 3313 3540 Ἰεροσολύμοις
3347 3472 3679 3523 ἐπιστατεῖν

2075 3562 2187 3623 τοῖς
2217 3559 2418 3632 ἔργοις,
2448 3559 2803 3622 ἐπιτεθεικὼς
2833 3563 2897 3631 τῇ
2929 3561 3078 3613 πόλει
3105 3562 3165 3614 τὸ
3190 3562 3317 3615 ἴδιον
3345 3562 3537 3631 δνομα,
3568 3563 3681 3613 καὶ

2074 3651 2169 3703 τοῦ
2218 3651 2499 3720 βασιλικοῦ
2552 3652 2814 3722 ὀνόματος
2865 3652 2950 3704 τὸν
2990 3652 3399 3722 χρηματισμόν·
3429 3652 3503 3715 ὼς
3554 3652 3682 3721 γὰρ

2076 3741 2446 3813 ἐχρημάτιζεν
2497 3743 2681 3807 Αἴλιος
2727 3743 3039 3814 Ἀδριανὸς,
3091 3743 3265 3807 οὕτως
3310 3743 3681 3813 ἐπωνόμασεν

2076 3835 2265 3889 Αἰλίαν
2293 3836 2394 3903 τὴν
2420 3836 2595 3889 πόλιν.

2158 3929 2217 3982 '0
2266 3929 2443 3982 τοίνυν
2486 3930 2717 3992 Ἀκύλας
2757 3928 2956 3997 διάγων
3000 3929 3058 3981 ἐν
3102 3928 3518 4000 Ἱεροσολύμοις,
3567 3929 3685 3982 καὶ

2076 4018 2217 4088 ὁρῶν
2264 4019 2389 4081 τοὺς
2426 4017 2674 4089 μαθητάς
2721 4018 2830 4070 τῶν
2875 4016 3210 4080 ἀποστόλων,
3255 4016 3551 4079 ἀνθοῦντας
3598 4022 3679 4090 τῇ

2076 4111 2279 4173 πίστει,
2309 4110 2403 4162 καὶ
2434 4112 2635 4179 σημεῖα
2666 4110 2873 4179 μεγάλα
2908 4108 3306 4179 ἐργαζομένους
3347 4109 3551 4162 ίάσεων
3568 4113 3679 4165 καὶ

2076 4200 2370 4269 θαυμάτων
2394 4196 2554 4270 (ἦσαν
2584 4200 2693 4270 γὰρ
2725 4199 3163 4269 ὑποστρέψαντες
3192 4199 3298 4253 ἀπὸ
3329 4199 3539 4269 Πέλλης
3565 4203 3682 4271 τῆς

2078 4290 2286 4353 πόλεως
2313 4292 2394 4353 είς
2431 4292 2602 4360 αὐτὴν
2628 4291 2725 4361 τὴν
2766 4290 3141 4362 Ἰερουσαλὴμ,
3176 4291 3269 4343 καὶ
3304 4292 3362 4343 ἐν
3386 4292 3526 4362 αὐτῇ
3550 4293 3685 4344 ςλα-

386 4383 578 4435 mouiti
615 4383 684 4436 ab
713 4382 908 4450 angelo
946 4398 1139 4437 omnes
1180 4383 1459 4453 discipuli,
1503 4392 1561 4437 ut
1596 4386 1664 4437 ab
1713 4386 1847 4438 urbe
1879 4401 1967 4439 se-

2080 4384 2370 4454 τρίϐοντες.
2415 4383 2611 4436 Ἢνίκα
2654 4382 2762 4453 γὰρ
2808 4383 3037 4453 ἤμελλεν
3072 4384 3105 4452 ἠ
3149 4383 3301 4445 πόλις
3343 4381 3657 4435 άλίσκεσθα

388 4469 669 4533 cederent,
711 4469 947 4539 digressi
985 4471 1060 4523 illi
1097 4470 1303 4526 Pellam
1340 4488 1401 4527 se
1433 4482 1780 4544 receperunt.
1822 4474 1969 4544 quod

384 4559 644 4631 oppidum
694 4567 849 4615 trans
895 4560 1189 4616 Jordanem
1244 4564 1409 4619 situm
1441 4563 1774 4634 est).ltaque
1821 4579 1974 4619 com-

386 4660 625 4723 punctus
656 4651 824 4708 corde
853 4654 1070 4724 Aquila,
1101 4655 1586 4711 Christianismum
1636 4657 1921 4727 amplexus
1954 4674 1968 4711 :

383 4746 683 4816 elapsoque
723 4756 971 4818 tempore
1010 4747 1219 4806 Christi
1256 4749 1496 4821 sigillum
1528 4750 1683 4821 petiit
1708 4757 1762 4805 et
1803 4750 1974 4820 impe-

386 4838 551 4890 travit
585 4856 599 4891 :
634 4854 811 4909 neque
852 4849 1031 4895 tamen
1064 4856 1247 4897 mores
1278 4842 1543 4911 pristinos
1582 4841 1805 4911 quibus,
1840 4841 1971 4896 dum

383 4929 606 4997 gentilis
630 4940 797 4993 esset,
832 4929 1061 4985 aﬁ‘ectos
1090 4940 1230 4994 erat,
1261 4931 1511 4985 mutavit.
1534 4930 1821 4987 Enimvero
1846 4947 1970 4985 cmn

387 5020 440 5070 in
472 5034 610 5072 vana
644 5019 999 5074 astronomia:
1028 5028 1146 5074 arte
1186 5021 1478 5076 institutus
1509 5031 1676 5083 esset,
1714 5036 1782 5075 ne
1816 5022 1973 5075 Cbri-

389 5110 603 5165 stianus
645 5110 867 5180 quidem
905 5108 1155 5178 ell'ectus,
1192 5126 1223 5164 a
1268 5112 1362 5165 tali
1406 5126 1597 5167 errore
1636 5112 1968 5177 abstinebat,

388 5201 481 5255 sed
525 5202 773 5271 quotidie
819 5203 1038 5273 genesis
1086 5218 1201 5259 sua:
1248 5204 1577 5273 positionem
1622 5204 1969 5259 observabat.

389 5293 808 5367 Increpantibus
850 5313 981 5353 vero
1020 5297 1302 5368 magistris
1330 5306 1384 5352 et
1415 5297 1635 5353 assidue
1675 5298 1975 5368 objurgan-

386 5386 560 5449 libus.
593 5402 717 5443 cum
750 5389 839 5444 ille
879 5389 1242 5461 pervicaciter
1282 5404 1616 5461 repugnans.
1664 5406 1727 5445 ac
1768 5390 1835 5445 de
1863 5390 1975 5443 fato

382 5475 716 5545 Cdisserens,
740 5499 867 5557 anon
906 5484 1308 5553 obtemperaret
1337 5503 1347 5536 :
1381 5484 1449 5537 ab
1482 5484 1568 5546 iis,
1602 5492 1788 5553 utpote
1826 5483 1975 5535 salu-

388 5573 495 5619 tem
542 5560 819 5639 numqudm
864 5583 1293 5640 consecuturus,
1338 5575 1407 5629 ab
1446 5576 1690 5631 Ecclesia
1729 5576 1985 5645 pellitur-

394 5653 489 5714 ille
528 5662 684 5731 quasi
731 5666 1029 5733 ignominia
1065 5665 1311 5735 allectus,
1350 5683 1605 5741 vanaque
1638 5668 1830 5737 pulsus
1864 5668 1972 5721 ira-

2072 4477 2178 4530 ὐπὸ
2195 4476 2303 4530 τῶν
2344 4474 2628 4545 Ῥωμαίων
2652 4475 2746 4528 καὶ
2769 4473 3128 4544 ἐρημοῦσθαι,
3156 4474 3685 4545 προεχρηματίσθη-

2076 4587 2173 4622 σαν
2213 4568 2319 4621 ὑπὸ
2356 4567 2589 4635 ἀγγέλου
2630 4568 2831 4629 πάντες
2862 4568 2909 4617 οἱ
2946 4564 3187 4636 μαθηταὶ⁵
3228 4565 3560 4635 μεταστῆναι
3608 4566 3684 4619 ἐκ

2074 4661 2175 4731 τῆς
2214 4658 2441 4722 πόλεως,
2485 4659 2682 4721 οἵτινες
2726 4660 3057 4729 μετανάσται
3101 4658 3400 4727 γενόμενοι,
3437 4656 3685 4726 ᾤκησαν

2073 4755 2131 4805 ἐν
2162 4751 2339 4823 Πέλλα
2364 4754 2427 4823 τῇ
2462 4751 2613 4805 πόλει
2643 4750 2816 4822 πέραν
2842 4751 2935 4803 τοῦ
2970 4751 3281 4821 Ἰορδάνου),
3313 4753 3342 4803 6
3366 4745 3457 4803 οῦν
3499 4749 3685 4802 Ἀκὺ-

2074 4844 2171 4907 λας
2216 4844 2543 4911 κατανυγεὶς
2577 4842 2675 4914 τὴν
2712 4844 2954 4898 διάνοιαν
2978 4843 3055 4914 τῷ
3097 4841 3512 4914 Χριστιανισμῴ
3541 4843 3685 4895 ἐπί-

2078 4951 2303 4989 στευσε·
2334 4936 2427 4989 καλ¹
2485 4936 2623 5005 μετὰ
2678 4936 2869 5005 χρόνον
2916 4936 3146 5006 αἰτήσας
3185 4933 3285 5003 τὴν
3340 4935 3398 4987 ἐν
3440 4933 3686 5003 Χριστῷ

2077 5026 2363 5096 σφραγῖδα,
2381 5027 2699 5097 ἐκομίσατο*
2716 5027 2822 5080 ἀπὸ
2843 5026 2899 5079 δὲ
2924 5026 3022 5095 τῆς
3039 5024 3266 5096 πρώτης
3288 5022 3450 5078 αὐτοῦ
3471 5025 3681 5092 ἕξεως,

2074 5119 2164 5170 ὅτε
2198 5118 2267 5171 τὰ
2303 5118 2571 5189 Ἐλλήνων
2596 5120 2832 5189 ἐφρόνει,
2856 5120 2918 5172 οὐ
2951 5117 3240 5189 μετέπεσε.
3270 5117 3381 5187 Τὴν
3420 5116 3530 5186 γὰρ
3566 5134 3686 5185 μα-

2074 5208 2233 5262 ταίαν
2266 5210 2625 5280 ἀστρονομίαν
2664 5210 2908 5283 ἀκριϐῶς
2940 5208 3285 5262 ἐπαιδεύετοο
3320 5209 3379 5270 ὃς
3406 5208 3502 5260 καὶ
3528 5208 3685 5277 Χρι-

2080 5297 2293 5360 στιανὸς
2341 5300 2630 5368 γενόμενος
2682 5298 2790 5350 ἀπὸ
2843 5297 2945 5366 τῆς
2998 5295 3253 5365 τοιαύτης
3308 5294 3517 5363 πλάνης
3560 5293 3687 5347 οὐκ

2079 5389 2361 5458 ἀπείχετο·
2393 5389 2527 5443 ἀλλὰ
2570 5388 2691 5443 καθ’
2718 5389 2956 5457 ἑκάστην
2992 5388 3228 5458 ἡμέραν,
3259 5386 3335 5449 ὡς
3363 5384 3527 5454 δῆθεν
3556 5385 3681 5438 τοῦ

2080 5479 2244 5534 αὑτοῦ
2292 5482 2614 5547 γενεσειδίου
2662 5481 2722 5534 τὸ
2776 5479 2917 5550 θέμα
2953 5480 3378 5532 κατεσκέπτετο.
3426 5475 3557 5529 Ἀπὸ
3605 5476 3684 5529 δὲ

2078 5573 2185 5623 τῶν
2211 5572 2544 5625 διδασκάλων
2573 5573 2854 5642 ἠλέγχετο,
2884 5571 3079 5633 οἵτινες
3116 5570 3472 5640 ἐπιτιμῶντες
3506 5565 3682 5637 αὐτῷ

2080 5665 2195 5720 καθ’
2216 5664 2612 5739 ἐκᾴστηνίοὺὃέν
2629 5666 2797 5723 ὣνουν
2813 5682 2824 5695 ’
2852 5665 2965 5722 ἀλλ’
2983 5665 3233 5734 ἀντέλεγε
3250 5680 3315 5717 πε
3325 5663 3376 5735 pi.
3393 5658 3690 5744 εἱμαρμέτ
