3948 6196
277 238 387 302 ιη·
1387 241 1476 297 DE
1517 240 1658 298 LXX
1703 241 2028 300 INTERPR.
2073 244 2297 300 LIBER.

3431 255 3542 312 378‘

281 373 360 426 νης
377 352 727 426 διηγούμενος
747 371 760 384 ·
791 357 840 409 ol
861 355 941 420 δὲ,
973 355 1046 427 μὴ
1074 356 1368 429 δυναμένου
1394 362 1556 416 αὐτοῦ
1583 363 1840 436 σωθῆναι,

1950 363 2182 431 cundia,
2230 364 2714 422 Christianismum
2761 366 2981 436 ejurat,
3035 375 3369 438 acceptaque
3415 368 3527 423 cir-

285 448 489 511 ἑξίωσαν
521 447 688 500 αὑτὸν
722 448 825 518 τῆς
869 447 1214 521 Ἐκκλησίας.
1261 452 1320 506 Ὅ
1366 452 1422 506 δὲ
1454 454 1524 518 ὡς
1555 456 1840 526 ἠτιμωμέ-

285 558 354 601 νος
376 540 449 602 είς
479 538 642 608 ζῆλον
679 539 909 610 μάταιον
933 542 1148 612 αἴρεται
1177 543 1269 594 καὶ
1298 544 1388 599 τὸν
1416 545 1841 616 Χριστιανισμὸν

283 628 680 698 ἀναθεματίσας,
713 631 1098 702 περιτέμνεται
1138 633 1408 699 Ἰουδαῖος,
1445 637 1539 690 καὶ
1570 637 1841 702 ἐπιπόνως

284 708 775 792 φιλοτιμησάμενος,
823 721 1084 786 ἐξέδωκεν
1133 724 1325 778 ἑαυτὸν
1375 726 1568 796 μαθεῖν
1602 727 1701 800 τὴν
1732 728 1842 783 τῶν

291 808 533 878 Ἐϐραίων
563 809 867 876 διάλεκτον,
916 812 1012 863 καὶ
1053 811 1123 865 τὰ
1153 812 1293 866 αὐτὰ
1343 817 1602 886 στοιχεῖα,
1636 817 1840 887 ταύτην

280 899 326 952 δὲ
349 900 712 970 ἀκριϐέστατα
749 901 1078 968 παιδευθεὶς,
1118 905 1415 976 ἑρμηνείαν
1444 907 1620 978 ἐαυτῷ
1660 909 1843 980 ἡρμή-

286 1007 474 1043 νευσεν·
501 992 605 1046 ούκ
650 993 795 1064 ὀρθῷ
835 993 1081 1066 λογισμῷ
1117 999 1486 1068 χρησάμενος,
1532 1000 1649 1053 ἀλλ’
1692 1003 1841 1064 ὅπως

279 1083 556 1156 διαστρέφῃ
608 1085 732 1140 τινὰ
779 1086 889 1140 τῶν
929 1086 1106 1158 ῥητῶν
1145 1089 1204 1141 ἐν
1240 1089 1438 1161 σκήψει
1477 1091 1578 1160 τῆς
1617 1091 1726 1145 τῶν
1763 1092 1840 1164 οβ’

279 1173 630 1243 ἐρμηνευτῶν,
648 1176 733 1229 ἵνα
754 1175 879 1249 δόξῃ
905 1179 972 1231 τὰ
989 1179 1364 1250 περὶΧριστοῦ
1379 1185 1497 1244 ταῖς
1520 1182 1689 1247 Θείαις
1709 1184 1842 1256 Γρα-

278 1265 390 1329 qui;
431 1267 907 1336 μεμαρτυρημένα
957 1266 1131 1332 ἄλλως
1177 1269 1444 1336 ἐκδοῦναι,
1476 1272 1542 1326 δι’
1574 1274 1641 1344 ἢν
1697 1269 1841 1344 εἶχεν

277 1353 391 1406 αἰδῶ
417 1357 501 1418 είς
525 1355 719 1424 ἄλογον
747 1357 913 1410 αὑτοῦ
943 1357 1260 1427 ἀπολογίαν.

335 1446 437 1498 Καὶ
470 1446 682 1514 γίνεται
716 1446 854 1520 αὕτη
884 1450 917 1519 ἡ
951 1451 1216 1521 ἑρμηνεία
1248 1451 1338 1505 τοῦ
1383 1453 1582 1507 Ἀκύλα
1614 1454 1841 1526 δευτέρα

278 1537 399 1607 μετά
422 1536 682 1591 τοσοῦτον
709 1539 919 1610 χρόνον,
945 1541 1112 1611 ἤγουν
1138 1542 1213 1595 υλ⁸
1237 1543 1352 1614 ἐτη.
1389 1546 1547 1598 Μετὰ
1582 1546 1640 1599 δὲ
1669 1547 1842 1600 ταῦτα

275 1631 325 1683 ἐν
352 1633 463 1692 τοῖς
491 1631 706 1704 χρόνοις
741 1635 986 1704 Κομόδου
1026 1635 1268 1708 Σευήρου
1295 1637 1591 1710 Σύμμαχός
1623 1656 1706 1703 τις
1739 1641 1843 1692 Σα-

1941 454 2302 520 cumcisioue,
2347 455 2571 512 Judaeus
2611 457 2864 514 edicitur.
2906 457 3046 514 Tum
3087 461 3178 515 ille
3215 460 3520 515 vehementi

1943 545 2126 601 studio
2153 547 2421 616 percitus,
2448 547 2728 603 Hebraiea?
2759 549 2958 620 linguai
2978 550 3209 620 ejusque
3239 552 3525 606 elementis

1943 637 2291 695 addiscendis
2320 649 2491 694 totum
2524 657 2583 696 se
2611 641 2837 705 dedidit,
2873 643 3032 711 cujus
3055 642 3352 712 perfectam
3393 643 3526 697 ade-

1942 734 2068 796 ptus
2099 729 2372 795 notitiam,
2402 730 2910 802 interpretationem
2940 747 3006 786 ex
3035 732 3230 787 aﬂ‘eetu
3264 747 3365 788 suo
3386 747 3522 786 con-

1943 819 2206 884 cinnavit,
2253 835 2360 875 non
2409 829 2560 876 recto
2595 823 2780 877 animo
2818 838 2984 889 usus;
3022 823 3116 878 sed
3167 831 3227 877 ut
3269 821 3519 892 qua'dam

1944 909 2243 980 Scriptura:
2293 913 2442 968 dicta
2488 922 2686 984 praeter
2730 930 2833 968 cxx
2871 913 3232 985 Interpretum
3279 922 3517 969 mentem

1942 989 2010 1056 ad
2055 1003 2222 1056 alium
2273 1019 2498 1061 sensum
2540 1006 2922 1076 detorqueret;
2975 1016 3034 1060 ut
3087 1007 3399 1063 testimonia
3453 1006 3520 1061 de

1941 1090 2165 1148 Christo
2201 1093 2256 1146 in
2305 1094 2507 1149 divinis
2541 1095 2844 1166 Scripturis
2873 1111 3136 1167 expressa
3177 1098 3286 1151 alio
3348 1097 3517 1152 delle-

1942 1193 2136 1251 cteret,
2176 1195 2230 1240 et
2274 1186 2377 1242 sibi
2416 1187 2838 1258 ignominiaeque
2861 1203 2974 1242 sua:
3002 1188 3298 1243 absurdam
3329 1189 3519 1259 apolo-

1941 1273 2084 1344 giam
2117 1289 2244 1344 para
2254 1283 2355 1331 ret.

2013 1449 2138 1505 Haec
2161 1466 2329 1521 porro
2351 1451 2564 1522 Aquila:
2581 1451 2980 1522 interpretatio,
3003 1469 3125 1524 qua:
3148 1461 3233 1508 est
3255 1454 3524 1518 secunda,-

1941 1547 2067 1609 post
2131 1549 2491 1596 memoratum
2572 1549 2828 1612 tempus,
2887 1545 3320 1616 quadringentos
3366 1544 3520 1598 vide-

1942 1631 2073 1687 licet
2101 1643 2158 1689 ct
2187 1633 2408 1704 triginta
2442 1649 2640 1701 annos,
2681 1636 2829 1691 edita
2858 1644 2964 1692 est.
2999 1636 3196 1692 Postea
3221 1651 3353 1691 vero
3380 1645 3520 1691 tem-

276 1721 526 1792 μαρείτης
555 1725 667 1787 τοῖς
689 1724 819 1795 παρ’
847 1723 1026 1778 αὐτῶν
1064 1729 1248 1795 σοφοῖς
1289 1728 1435 1798 (sic),
1476 1728 1550 1800 μὴ
1593 1729 1840 1800 τιμηθεὶς

1947 1723 2169 1793 poribus
2202 1723 2488 1780 Commodi
2523 1724 2734 1792 Severi,
2771 1725 3136 1798 Symmachus
3161 1727 3382 1797 quidam
3417 1726 3523 1781 Sa-

275 1813 365 1865 ὐπὺ
390 1813 490 1866 τοῦ
542 1813 673 1868 ίδίου
716 1815 922 1882 ἔθνους,
953 1818 1188 1889 νοσήσας
1227 1819 1539 1892 φιλαρχίαν,
1572 1823 1665 1875 καὶ
1701 1823 1841 1890 ἀγα·

274 1906 538 1974 νακτήσας
580 1905 724 1959 κατὰ
759 1907 860 1977 τῆς
899 1906 1035 1972 ιδίας
1075 1909 1267 1979 φυλῆς,
1315 1911 1676 1984 προσέρχεται
1713 1915 1842 1967 Ἰου-

271 1994 421 2059 δαίοις
453 1997 552 2048 καὶ
584 1997 997 2069 προσηλυτεύει,
1034 2001 1130 2054 καὶ
1163 2002 1553 2074 περιτέμνεται
1585 2005 1844 2076 δευτέραν

272 2088 582 2157 περιτομήν.
630 2087 788 2140 Ὅσοι
836 2087 946 2160 γὰρ
990 2089 1100 2143 ἀπὸ
1151 2090 1420 2145 Ἰουδαίων
1476 2091 1844 2164 Σαμαρείταις

269 2176 694 2247 προσφεύγουσιν
733 2179 1312 2253 ἀντιπεριτέμνονται·
1364 2183 1626 2248 ὡσαύτως
1668 2185 1763 2238 καὶ
1793 2186 1841 2238 οἱ

269 2268 363 2319 ἀπὸ
405 2268 772 2339 Σαμαρειτῶν
820 2271 958 2341 πρὸς
1006 2273 1296 2337 Ἰουδαίους
1341 2274 1644 2345 ἐρχόμενοι.
1683 2275 1842 2330 Ἀλλὰ

269 2360 348 2412 καὶ
368 2359 481 2413 ἀπὸ
497 2361 600 2432 τῆς
621 2364 920 2434 περιτομῆς
946 2363 1270 2436 ἀκρόδυστοι
1292 2366 1532 2435 ἐγίνοντό
1551 2384 1655 2421 τινι
1677 2367 1842 2440 τέχνῃ

266 2451 480 2524 ίατρικῇ
503 2453 592 2507 διὰ
623 2455 803 2524 ραφῆς
825 2455 922 2507 καὶ
952 2456 1280 2528 φαρμάκων,
1298 2457 1480 2522 καθὼς
1506 2457 1599 2511 καὶ
1622 2461 1650 2512 ὁ
1684 2458 1843 2510 Ἀπό-

268 2544 434 2608 στολος
482 2546 650 2614 λέγει·
683 2548 1187 2618 Περιτετμημένος
1215 2566 1304 2614 τις
1326 2549 1575 2618 ἐκλήθη,
1596 2549 1682 2619 μὴ
1713 2550 1840 2603 ἐπι-

266 2636 547 2692 σπὰσσω’
580 2639 653 2692 ἐν
694 2639 1064 2710 ἀκροϐυστίᾳ
1100 2659 1191 2709 τις
1233 2643 1527 2718 ὑπάρχει,Δ
1545 2643 1632 2712 μὴ
1680 2657 1846 2712 περι-

263 2729 579 2794 τεμνέσθω.
601 2729 740 2782 Φασὶ
759 2729 813 2782 δέ
835 2730 930 2801 τὴν
952 2729 1211 2802 τοιαύτην
1237 2731 1605 2802 κακοδαίμονα
1635 2729 1842 2804 πλάνην

264 2821 471 2888 πρῶτον
509 2820 601 2875 τὸν
643 2821 816 2874 Ἦσαῦ
857 2821 1174 2893 εὑρηκέναι.
1210 2815 1380 2886 Οὗτος
1418 2823 1595 2876 τοίνυν
1626 2825 1654 2877 ὁ
1693 2824 1840 2895 Σύμο

263 2925 422 2978 μαχος
475 2911 611 2982 πρὸς
653 2911 984 2984 διαστροφὴν
1016 2914 1125 2968 τῶν
1158 2914 1310 2985 παρὰ
1345 2914 1716 2986 Σαμαρείταις
1752 2918 1842 2984 ἐρ-

1942 1813 2281 1881 maritanus,
2333 1830 2364 1870 e
2411 1831 2642 1872 nmnero
2700 1817 3010 1886 sapientum
3058 1818 3206 1873 illius
3255 1817 3520 1881 nationis,

1943 1917 2067 1957 cum
2100 1904 2244 1974 apud
2283 1915 2501 1975 gentem
2541 1921 2698 1961 suam
2725 1906 2780 1960 in
2815 1906 3024 1961 honore
3054 1922 3162 1961 non
3191 1908 3523 1975 haberetur,

1942 1995 2264 2050 ambitionis
2293 2003 2349 2050 et
2398 1996 2641 2051 affectati
2694 1997 2965 2066 primatus
3003 1997 3196 2052 morbo
3238 1998 3521 2063 laborans,

1942 2086 2358 2142 contribulibus
2381 2087 2697 2157 indignatus
2725 2089 2862 2153 suis,
2887 2089 2953 2142 ad
2976 2087 3192 2143 Juda:os
3214 2091 3525 2161 prosel‘ytus

1943 2175 2182 2241 accedit,
2214 2173 2284 2233 ac
2315 2178 2562 2234 secundo
2597 2179 3036 2234 circumciditur.
3068 2179 3349 2249 Quotquot
3373 2183 3520 2236 enim

1942 2279 1973 2319 a
2010 2264 2218 2321 Judaeis
2260 2267 2326 2322 ad
2377 2267 2759 2324 Samaritanos
2797 2269 3159 2340 confugiunt,
3190 2269 3372 2324 denuo
3412 2271 3522 2324 cir-

1941 2358 2354 2426 cumciduntur,
2406 2359 2773 2431 similiterque
2812 2360 2904 2430 qui
2959 2376 2990 2414 a
3039 2357 3404 2415 Samaritanis
3453 2361 3523 2414 ad

1940 2448 2177 2506 Judaeos.
2211 2451 2325 2507 lmo
2355 2452 2518 2508 etiam
2551 2453 2870 2524 hujusmodi
2911 2452 3213 2524 transfugae
3248 2461 3374 2523 post
3409 2455 3521 2510 cir-

1942 2541 2338 2597 cumcisionem
2365 2583 2380 2608 ,
2411 2543 2644 2614 quadam
2691 2544 2900 2600 medica
2944 2551 3062 2600 arte
3103 2560 3206 2615 per
3237 2553 3510 2611 suturam,

1941 2639 1995 2686 et
2052 2632 2232 2702 aliqua
2262 2634 2501 2689 remedia
2529 2635 2836 2704 prmputiati
2879 2634 3276 2702 obiciebantur,
3322 2651 3517 2706 quem-

1941 2721 2232 2777 admodum
2282 2725 2357 2778 ait
2399 2725 2692 2793 Apostolus
2741 2748 2751 2781 :
2786 2725 3149 2780 Circumcisus
3185 2727 3379 2796 aliquis
3425 2745 3518 2783 vo-

1941 2826 2091 2870 catus
2121 2816 2238 2869 est?
2261 2833 2364 2871 non
2392 2817 2625 2871 adducat
2648 2820 2968 2887 prwputium
3001 2834 3019 2872 :
3051 2819 3106 2872 in
3130 2820 3391 2888 prwputio
3414 2819 3524 2872 ali-

1940 2906 2059 2975 quis
2092 2907 2208 2960 est?
2239 2921 2343 2959 non
2400 2907 2811 2961 circumcidatur
2847 2907 2886 2963 ‘.
2931 2906 3168 2962 Narrant
3205 2915 3384 2963 autem
3420 2923 3521 2962 ne-

267 3002 540 3068 μηνευτῶν
573 3003 940 3076 ἑρμηνεύσας,
1000 3007 1100 3079 τὴν
1123 3007 1315 3080 τρίτην
1351 3007 1611 3075 ἐξέδωκεν
1643 3009 1835 3081 ἑρμη-

1947 2994 2168 3050 fandum
2228 2996 2548 3068 hujusmodi
2609 3014 2852 3054 errorem
2914 2999 2981 3054 ab
3037 2998 3180 3055 Esau
3241 2999 3520 3054 inventum

265 3089 420 3149 νείαν.

321 3271 478 3325 Μετὰ
493 3271 687 3326 τοῦτον
710 3273 853 3328 κατὰ
879 3274 1044 3340 πόδας
1068 3276 1159 3329 ἐπὶ
1187 3276 1432 3348 Κομόδου
1460 3277 1722 3349 βασιλέως
1741 3278 1837 3332 τοῦ

261 3361 504 3433 δευτέρου
553 3363 846 3419 Θεοδοτίων
873 3382 957 3429 τις
1004 3367 1263 3431 Ποντικὸς
1306 3368 1414 3421 ἀπὸ
1440 3369 1540 3440 τῆς
1586 3369 1837 3440 διαδοχῆς

260 3452 582 3525 Μαρκίωνος
622 3454 717 3508 τοῦ
753 3457 1128 3528 αἱρεσιάρχου,
1161 3456 1254 3511 τοῦ
1284 3459 1390 3512 ἀπὸ
1417 3459 1588 3531 αὐτῆς
1632 3462 1730 3532 τῆς
1751 3463 1840 3514 Σι-

259 3539 440 3613 νώπης
476 3542 821 3615 ὁρμώμενος,
847 3544 942 3598 καὶ
975 3546 1137 3609 αὐτὸς
1165 3546 1372 3618 μηνιῶν
1396 3551 1463 3619 τῇ
1495 3549 1659 3626 αὑτοῦ
1689 3551 1840 3622 αἱρέ-

262 3651 356 3697 σει,
389 3639 471 3699 εἰς
515 3636 850 3707 Ἰουδαῖσμὸν
872 3637 1058 3701 κλίνας
1084 3639 1178 3691 καὶ
1211 3641 1588 3711 περιτμηοεὶς,
1619 3643 1710 3695 καὶ
1739 3641 1838 3714 τὴν

255 3724 358 3776 τῶν
393 3726 665 3796 Ἐϐραίων
695 3726 877 3798 φωνὴν
903 3727 996 3780 καὶ
1034 3729 1101 3780 τὰ
1124 3728 1302 3782 αὐτῶν
1332 3733 1572 3800 στοιχεῖα
1611 3733 1835 3786 παιδευ-

258 3814 384 3878 οεὶς,
433 3817 619 3882 ίδικῶς
642 3820 736 3872 καὶ
762 3819 922 3883 αὐτὸς
965 3819 1213 3884 ἐξέδωκε.
1244 3821 1334 3874 Διὸ
1368 3823 1438 3875 τὰ
1468 3823 1699 3878 πλεῖστα
1728 3825 1837 3878 τῶν

253 3906 325 3975 οβ’
362 3909 704 3980 συνᾳδόντων
751 3911 999 3977 ἐξέδωκε,
1039 3912 1228 3982 τριϐὰς
1262 3912 1369 3982 γὰρ
1404 3911 1565 3978 αὐτὸς
1595 3911 1710 3984 εἷχε
1739 3915 1837 3980 τάξ

258 3998 519 4064 πλεῖστας
549 4001 658 4054 ἀπὸ
686 4002 785 4071 τῆς
817 4003 1102 4073 συνηθείας
1123 4005 1232 4058 τῶν
1260 4005 1337 4074 οβ’
1359 4005 1728 4076 ἐρμηνευτῶν.

323 4089 465 4161 Περὶ
497 4092 552 4145 δὲ
583 4093 683 4162 τῆς
710 4099 751 4145 ε’
783 4094 876 4146 καὶ
909 4101 958 4158 ς’
987 4094 1247 4157 ἐκδόσεως
1271 4097 1372 4149 οὐκ
1402 4095 1508 4166 ἔχω
1538 4097 1713 4149 εἰπεῖν
1740 4096 1837 4148 πό-

256 4177 367 4244 θεν,
402 4181 438 4252 ﬁ
465 4183 609 4247 τίνες
631 4185 681 4236 οἱ
715 4185 1182 4256 ἐρμηνεύσαντες’
1209 4186 1242 4256 ἢ
1278 4186 1434 4257 μόνον
1468 4187 1551 4240 ὅτι
1583 4185 1722 4257 μετὰ
1748 4187 1841 4240 τὸν

251 4270 497 4343 διωγμὸν
530 4276 622 4329 τοῦ
656 4277 918 4346 βασιλέως
947 4279 1206 4349 Σευήρου,
1231 4279 1428 4349 εὑρέθη
1451 4281 1483 4350 ἡ
1514 4286 1552 4332 ε’
1579 4282 1637 4332 ἐν
1663 4278 1840 4343 πίθοις

1942 3088 2135 3147 fuisse.
2185 3087 2356 3160 Igitur
2403 3089 2770 3159 Symmachus
2818 3099 2876 3145 ut
2925 3090 3397 3145 Samaritanorum
3431 3090 3523 3145 ln-

1942 3187 2218 3250 terpretes
2245 3191 2543 3248 everteret,
2584 3184 2803 3238 tertiam
2835 3183 3007 3238 edidit
3038 3183 3479 3238 translationem.

2011 3267 2143 3323 Post
2175 3269 2324 3325 hunc
2357 3271 2576 3326 modico
2603 3271 2789 3340 elapso
2815 3278 3062 3341 tempore
3092 3270 3195 3325 sub
3219 3268 3522 3324 Commodo

1939 3360 2189 3416 secundo
2223 3353 2577 3432 imperatore,
2614 3363 2918 3419 Thcodotio
2965 3363 3186 3434 quidam
3233 3361 3520 3428 Ponticus,

1938 3466 2004 3505 ex
2037 3453 2394 3508 successione
2424 3452 2726 3510 Marcionis
2759 3453 3143 3510 haeresiarchas
3175 3453 3520 3525 Sinopensis,

1941 3556 2066 3594 cum
2101 3543 2294 3598 haeresi
2327 3559 2440 3598 suae
2475 3552 2848 3612 succenseret,
2885 3544 2952 3599 ad
2981 3542 3200 3598 Judaeos
3239 3543 3437 3599 defecit
3467 3551 3519 3598 et

1940 3635 2304 3690 circumcisus
2352 3643 2437 3690 est
2483 3653 2497 3690 :
2543 3643 2707 3704 atque
2752 3633 3020 3690 Hebraica
3085 3636 3268 3706 lingua
3312 3644 3367 3688 et
3407 3635 3520 3689 ele-

1941 3727 2138 3782 mentis
2164 3726 2464 3788 institutus,
2491 3726 2766 3795 propriam
2797 3735 2852 3780 et
2874 3725 2989 3795 ipse
3019 3725 3312 3780 editionem
3335 3740 3521 3792 agres-

1940 3834 2033 3874 sus
2106 3829 2208 3873 est.
2268 3817 2435 3872 Multa
2475 3816 2830 3887 Septuaginta
2877 3816 3270 3886 lnterpretihus
3321 3831 3522 3871 conso-

1939 3911 2128 3965 nantia
2175 3909 2481 3979 expressit,
2526 3908 2796 3978 siquidem
2853 3923 2884 3961 a
2937 3907 3206 3978 frequenti
3273 3906 3519 3979 ipsorum

1940 4019 2042 4056 usu
2075 4001 2141 4057 iis
2173 4007 2426 4056 assuetus
2451 4007 2589 4056 erat.

2013 4094 2168 4161 Quod
2206 4102 2387 4148 autem
2441 4092 2509 4147 ad
2546 4090 2806 4157 Quintam
2857 4102 2911 4148 et
2956 4090 3176 4148 Sextam
3221 4091 3519 4147 editionem

1941 4186 2200 4257 pertinet,
2245 4184 2545 4250 undenam,
2574 4193 2628 4240 et
2672 4169 3007 4254 quibusnam
3049 4183 3368 4238 auctoribus
3416 4181 3521 4236 illa:

1943 4277 2248 4348 prodierint
2281 4258 2465 4332 dicere
2487 4290 2722 4345 nequeo.
2755 4275 2896 4330 lllud
2938 4276 3114 4331 solum
3163 4273 3271 4328 dici
3307 4280 3520 4342 potest;

253 4365 312 4416 ἐν
341 4365 553 4436 Ἰεριχὼ
566 4369 922 4441 κεκρυμμένη
942 4371 998 4423 ἐν
1022 4371 1232 4440 χρόνοις
1255 4372 1592 4437 ’Λντωνίνου,
1607 4371 1702 4426 τοῦ
1729 4372 1840 4426 υἱοῦ

1952 4376 2072 4439 post
2089 4368 2529 4438 persecutionem
2548 4367 2756 4430 Severi,
2786 4368 3088 4438 imperante
3112 4366 3392 4421 Antonino
3416 4364 3523 4420 Ca-

254 4455 500 4527 Σευῆρου
515 4459 604 4513 τοῦ
631 4461 1013 4531 Καρακάλλου,
1033 4463 1174 4532 μετὰ
1196 4462 1370 4516 ἄλλων
1385 4463 1605 4532 βιϐλίων
1646 4464 1842 4535 Ἑϐρα-

251 4547 385 4569 τ--.“⁹μ.
454 4550 469 4569 9

637 4552 659 4579 ι.
693 4552 705 4568 ⁸
722 4553 743 4579 ,ι
757 4551 945 4579 ‘.-C.'...‘.‘

254 4638 391 4709 ρέθη
424 4642 458 4710 ἡ
494 4640 540 4704 ς’
565 4642 796 4704 ἐκδοσις.
828 4643 920 4696 καὶ
950 4643 1088 4714 αὕτη
1111 4646 1166 4697 ἐν
1197 4645 1373 4710 πίθοις
1396 4647 1749 4719 κεκρυμμένη
1785 4647 1842 4700 ἐν

253 4727 555 4785 Νικοπόλει
585 4735 720 4804 πρὸς
747 4736 1174 4816 ἀργείους-(δίο).

335 4907 466 4959 Ἐπὶ
521 4907 573 4960 δὲ
611 4909 804 4961 Δεκίου
855 4907 1115 4978 βασιλέως
1159 4908 1440 4979 Ὠριγένης
1494 4908 1834 4979 ἐγνωρίζετο,

251 4995 399 5058 ἰστις
437 4999 746 5071 Ὠριγένης,
794 5000 869 5064 ὡς
905 5001 998 5054 καὶ
1045 5001 1174 5071 περὶ
1202 5001 1528 5072 ἀστερίσκου
1567 5000 1840 5071 ἐποίησεν,

250 5087 442 5150 καθὼς
495 5091 828 5160 προέφημεν,
863 5091 1036 5155 οὕτως
1085 5092 1178 5147 καὶ
1219 5092 1469 5163 περὶτοῦ
1509 5093 1699 5146 ὀϐελοῦ
1745 5093 1845 5164 τὴν

252 5180 563 5249 σημείωσιν
601 5183 846 5252 ἐποίησε.
889 5184 999 5247 Τὰς
1031 5183 1140 5255 γὰρ
1187 5184 1247 5250 ἓξ
1287 5186 1581 5257 ἑρμηνείας
1623 5185 1717 5239 καὶ
1747 5184 1844 5256 τὴν

261 5273 570 5345 Ἐὗραῖκὴν
599 5276 785 5345 φωνὴν
820 5275 1125 5347 Ἑϐραϊκοῖς
1147 5277 1323 5347 λόγοις
1351 5279 1444 5333 καὶ
1481 5280 1719 5352 ῥήμασιν
1746 5278 1843 5330 αύσ

251 5361 368 5421 τοῖς
421 5362 490 5412 ἐν
522 5363 683 5416 σελίδι
729 5365 829 5434 μιᾷ
878 5365 1248 5432 συντεθεικὼς,
1288 5369 1456 5442 ἄλλην
1491 5367 1669 5422 σελίδα
1716 5368 1843 5420 ἀντ-

253 5450 506 5517 εζέθετο,
535 5454 628 5506 καὶ
667 5454 998 5526 Ἑλληνικῶν
1026 5457 1123 5526 μὲν
1151 5465 1514 5539 γραμμάτων,
1534 5461 1839 5534 Ἑϐραϊκῶν

329 5607 346 5640 ⁸
388 5609 410 5664 ι
442 5609 558 5664 Cor
601 5627 691 5676 vu,
725 5612 806 5665 l8.

1943 4459 2148 4512 racalla
2191 4458 2380 4512 Severi
2420 4457 2552 4521 tilio,
2587 4457 2644 4512 in
2688 4459 2872 4520 doliis,
2908 4472 3033 4512 cum
3078 4457 3206 4511 aliis
3237 4455 3522 4511 Hebraicis

1945 4550 2098 4604 libris
2122 4548 2496 4613 Hiericbunte,
2516 4549 2608 4604 ubi
2635 4549 2856 4612 latebat,
2887 4559 3158 4618 repertam
3187 4549 3379 4602 fuisse.
3406 4547 3520 4601 Sub

1931 4638 2256 4694 'Alexandro
2303 4649 2486 4694 autem
2522 4639 2759 4694 Maxume
2803 4639 2934 4701 filio,
2974 4647 3189 4707 reperta
3237 4647 3320 4693 est
3355 4638 3519 4689 Nico-

1944 4731 2054 4801 poli
2083 4729 2151 4784 ad
2186 4729 2404 4785 Actium
2448 4727 2612 4785 Sexta
2644 4729 2833 4795 editio,
2865 4745 2986 4800 qua:
3013 4738 3068 4784 et
3100 4729 3216 4798 ipsa
3257 4729 3310 4782 in
3358 4727 3517 4781 doliis

1945 4822 2171 4877 latebat.
2664 4863 2676 4875 .

2014 4913 2325 4982 lmperante
2357 4919 2539 4966 autem
2586 4909 2756 4966 Decio
2801 4910 3031 4966 ﬂorebat
3073 4909 3357 4977 Origenes.
3401 4911 3518 4978 qui,

1946 5012 2006 5058 ut
2037 5018 2204 5074 supra
2235 5004 2442 5058 dictum
2481 5011 2587 5063 est.
2626 5004 3086 5073 quemadmodum
3136 5001 3403 5056 asterisco
3436 5007 3522 5054 est

1946 5113 2103 5163 usus,
2140 5097 2222 5152 sic
2253 5105 2306 5152 et
2349 5097 2489 5153 obeli
2521 5097 2739 5168 signum
2779 5087 3086 5166 usurpavit.
3120 5093 3225 5148 Sex
3250 5091 3396 5147 enim
3433 5091 3520 5146 in-

1948 5187 2390 5257 terpretationes,
2421 5197 2476 5242 et
2501 5187 2822 5242 Hebraicam
2857 5185 3196 5256 Seripturam
3235 5180 3521 5238 Hebraicis

1949 5283 2134 5336 verbis
2163 5291 2216 5335 et
2244 5275 2582 5335 dietionib‘us
2619 5281 2672 5334 in
2714 5293 2820 5332 una
2851 5279 3106 5332 columna
3152 5275 3518 5339 conrinnans,

1948 5372 2176 5426 alteram
2207 5370 2336 5424 huic
2371 5385 2401 5425 e
2432 5370 2602 5423 latere
2635 5369 2973 5437 adiacentem
3003 5366 3314 5424 columnam
3349 5379 3526 5436 appo-

1949 5461 2079 5526 suit,
2123 5459 2329 5518 Grzecis
2373 5459 2595 5534 quidem
2640 5459 2864 5525 litteris,
2914 5459 3008 5515 sed
3046 5455 3332 5513 Hebraicis
3366 5471 3524 5513 voct-
