3948 6196
170 247 236 309 εει
1036 246 1375 305 EPISTULA
1416 253 1506 306 AD
1542 251 1735 311 JOAN.
1780 256 1999 317 EPISC.
2041 261 2415 320 lllEROSOL.

3252 275 3360 335 5δῖ

162 361 353 447 nostram
381 352 720 422 parvitatem,
755 364 809 410 et
846 358 1077 420 litteras.
1104 377 1240 431 quas
1266 364 1331 418 ad
1357 379 1451 419 eos
1483 367 1676 421 crebro
1710 375 1754 432 Α
1781 381 2061 428 cramenta
2087 374 2514 442 conficerent,ct
2542 374 2691 430 illum
2718 390 2910 433 onmos
2936 391 3038 435 suo
3064 389 3353 447 posci-rent

158 442 433 505 direximus,
489 447 891 502 communionis
955 464 1169 521 quoque
1224 459 1331 509 tuae
1393 467 1677 526 cmperunt

158 532 317 586 habere
342 532 686 601 discordiam,
728 552 797 591 ne
836 539 1154 596 viderentur
1184 545 1419 613 quadam
1447 547 1675 615 duritia,

156 632 196 677 et
226 624 531 678 conscientia
585 634 795 691 nostra,
857 631 1091 701 antique:
1148 634 1271 689 ﬁdei
1319 636 1388 690 ab
1434 636 1678 694 Ecclesia

158 716 370 783 separari,
400 717 775 777 ordinavimus
802 720 1096 779 Diaconum
1128 742 1140 777 :
1178 736 1230 780 et
1261 736 1551 798 postquam
1578 731 1681 785 mi-

156 809 380 874 nistravit,
404 826 623 864 rursum
651 815 1049 884 presbyterum,
1074 832 1238 886 super
1269 833 1379 888 quo
1409 819 1678 876 debueras

156 900 390 970 gratulari,
422 901 733 974 intelligens
756 906 902 975 quod
931 907 1002 960 ob
1032 907 1125 963 Dei
1164 910 1419 966 timorem
1452 912 1557 966 hoc
1587 927 1682 968 su-

156 1008 251 1046 mus
280 993 444 1048 facere
479 996 746 1065 compulsi
790 1014 804 1050 :
840 998 1078 1054 maxime
1124 1016 1247 1055 cum
1283 1002 1431 1057 nulla
1480 1003 1552 1058 sit
1597 1003 1682 1057 di-

156 1084 342 1138 vcrsitas
367 1085 420 1138 in
450 1087 765 1142 sacerdotio
790 1087 907 1155 Dei,
944 1098 997 1145 et
1028 1091 1116 1146 ubi
1155 1092 1379 1147 utilitati
1424 1092 1681 1149 Ecclesiae

153 1174 437 1243 providetur.
468 1174 627 1241 Nam,
651 1187 703 1232 et
729 1179 775 1233 si
804 1180 1005 1251 singuli
1038 1180 1409 1237 Ecclesiarum
1438 1184 1679 1254 episcopi

153 1267 315 1322 habent
361 1269 472 1339 (9i)
516 1271 621 1325 sub
672 1286 731 1328 se
770 1271 1067 1340 Ecclesias,
1107 1274 1309 1344 quibus
1361 1290 1548 1330 curam
1600 1277 1685 1331 vi-

150 1355 313 1409 dentur
337 1357 646 1427 impendere
675 1378 689 1413 :
721 1366 775 1415 et
830 1375 989 1416 nemo
1041 1377 1208 1431 super
1256 1364 1490 1418 alienam
1533 1379 1683 1419 men—

151 1461 301 1501 suram
328 1448 649 1516 extenditur,
690 1456 874 1505 tamen
909 1453 1243 1521 praeponitur
1269 1453 1523 1508 omnibus
1552 1454 1683 1508 cha-

152 1535 261 1589 ritas
290 1536 510 1601 Christi,
547 1538 603 1592 in
631 1552 741 1608 qua
775 1539 925 1594 nulla
955 1541 1234 1596 simulatio
1265 1550 1349 1598 est
1380 1560 1392 1596 :
1426 1558 1527 1598 nec
1550 1558 1684 1598 eon-

150 1629 453 1685 siderandum
490 1632 622 1702 quid
652 1631 854 1688 factum
883 1634 977 1698 sit,
1025 1633 1121 1690 sed
1174 1649 1284 1705 quo
1327 1643 1589 1704 tempore,
1627 1642 1682 1690 et

1780 464 2129 531 testimonio,
2184 474 2236 520 et
2281 466 2540 537 grandem
2600 467 2891 523 utilitatem
2948 468 3002 522 in
3061 483 3354 523 commune

1782 554 2097 608 monasterii
2128 563 2462 609 testarentur
2494 571 2508 609 :
2542 571 2712 626 quare
2743 564 2875 612 tunc
2904 566 3119 627 reperta
3153 573 3354 628 oppor-

1780 645 2016 698 tunitate
2054 660 2161 699 non
2206 647 2556 715 scripsissent
2590 647 2765 713 nobis,
2798 663 2976 718 neque
3010 664 3174 719 super
3208 648 3352 703 ordi-

1780 732 2001 787 natione
2035 734 2155 802 ejus
2189 734 2392 803 aliquid
2433 736 2829 803 poposcissent.

1853 819 1911 875 li.
1954 821 2079 875 Haec
2111 823 2183 875 ita
2214 834 2330 876 acta
2363 831 2510 888 sunt,
2543 832 2601 875 ut
2644 824 2857 879 locutus
2898 840 3041 887 sum,
3080 824 3136 878 in
3172 823 3355 879 charis

1781 919 1890 968 tate
1940 912 2141 968 Christi
2199 929 2361 982 quam
2446 922 2497 967 te
2555 929 2682 983 erga
2733 917 3052 982 parvitatem
3108 923 3349 969 nostram

1781 1002 1979 1058 habere
2024 1004 2309 1058 credebam
2345 1023 2358 1057 :
2393 1018 2706 1073 quanquam
2739 1006 2792 1058 in
2830 1006 3163 1059 monasterio
3201 1006 3354 1059 ordi-

1781 1095 2046 1160 naverim,
2081 1103 2135 1148 et
2182 1110 2291 1149 non
2326 1095 2380 1148 in
2413 1097 2670 1164 parmcia,
2704 1112 2826 1165 qum
2854 1097 2952 1151 tibi
2975 1098 3223 1166 subjecta
3257 1097 3349 1151 sit.

1782 1187 1825 1241 Ο
1866 1201 1991 1240 vere
2030 1185 2315 1241 benedicta
2366 1187 2748 1257 episcoporum
2799 1188 2960 1258 Cypri
2994 1188 3355 1243 mansuetudo

1782 1284 1835 1331 et
1876 1276 2112 1342 bonitas,
2154 1284 2208 1333 et
2240 1287 2429 1333 nostra
2472 1279 2751 1335 rusticitas
2777 1293 2942 1334 sensu
2978 1287 3072 1333 tuo
3101 1290 3154 1334 et
3202 1281 3354 1334 arbi-

1782 1376 1927 1421 tratu
1963 1368 2125 1437 digna
2159 1369 2534 1423 misericordia
2580 1368 2704 1423 Dei!
2744 1369 2879 1423 Nam
2924 1370 3082 1423 multi
3111 1370 3353 1441 episcopi

1782 1460 2184 1515 communionis
2232 1468 2434 1515 nostra:
2474 1460 2822 1530 presbyteros
2880 1459 2934 1513 in
2988 1468 3174 1516 nostra
3210 1461 3358 1515 ordi-

1782 1562 2050 1605 naverunt
2075 1552 2378 1621 provincia,
2410 1567 2549 1621 quos
2579 1552 2741 1622 260
2763 1565 2867 1606 nos
2898 1550 3359 1621 comprehendere

1784 1656 1891 1694 non
1951 1649 2284 1711 poteramus,
2335 1649 2389 1696 et
2430 1641 2700 1696 miserunt
2728 1639 2796 1694 ad
2844 1655 2946 1695 nos
2995 1639 3256 1694 diaconos
3305 1645 3360 1692 et

151 1734 239 1791 quo
267 1722 429 1787 modo.
454 1731 511 1779 et
543 1724 599 1778 in
628 1725 851 1795 quibus,
896 1734 949 1781 et
973 1742 1145 1797 quare
1185 1726 1387 1782 factum
1418 1728 1511 1785 sit.
1546 1727 1681 1783 Cum
1711 1705 1755 1760 Β
1784 1705 2210 1803 hypodiaconos,
2238 1705 2377 1802 quos
2405 1732 2752 1801 suscepimus
2777 1732 3120 1805 cumgratia.
3148 1729 3213 1784 Et
3243 1730 3360 1799 ipse

149 1813 266 1866 enim
296 1814 572 1880 vidissem,
601 1816 727 1886 quia
770 1817 1064 1871 multitudo
1106 1824 1421 1872 sanctorum
1455 1816 1679 1872 fratrum

152 1902 193 1955 in
241 1905 560 1961 mouasterio
614 1907 974 1970 consisteret,
1035 1914 1088 1962 et
1146 1908 1321 1962 sancti
1381 1905 1681 1977 presbyteri

150 1992 495 2067 Hieronymus,
549 2004 603 2053 et
655 1996 976 2053 Vincentius
1020 2006 1242 2069 propter
1274 1996 1682 2059 verecundiam,

149 2094 191 2138 et
217 2086 559 2142 humilitatem
595 2088 803 2142 nollent
833 2086 1012 2141 debita
1060 2085 1267 2140 nomini
1300 2099 1403 2139 suo
1428 2099 1684 2139 exercere

149 2177 395 2241 sacriﬁcia,
426 2186 486 2233 et
517 2178 770 2233 laborare
800 2177 853 2230 in
887 2176 992 2231 hac
1030 2185 1182 2246 parte
1218 2174 1527 2239 ministerii,
1563 2189 1684 2244 quae

150 2263 546 2323 Christianorum
573 2269 847 2339 prmcipua
876 2268 1027 2323 salus
1053 2273 1137 2322 est
1162 2283 1177 2319 :
1210 2266 1455 2321 invenire
1479 2273 1681 2333 autem,

147 2366 189 2411 et
224 2360 673 2430 comprehendere
725 2375 945 2415 servum
998 2357 1093 2413 Dei
1148 2372 1258 2413 non
1321 2371 1548 2428 posses,
1590 2355 1682 2427 qui

148 2458 190 2501 te
216 2449 330 2519 (9i),
358 2465 421 2505 eo
445 2453 595 2522 quod
628 2465 791 2521 grave
822 2465 964 2506 onus
993 2447 1286 2506 sacerdotii
1313 2448 1483 2504 nollet
1510 2448 1686 2504 susci-

146 2555 264 2607 pere,
292 2558 425 2613 sarpe
470 2530 749 2611 fugiebat;
785 2540 883 2598 sed
913 2556 1013 2597 nec
1052 2541 1194 2596 alius
1225 2540 1348 2611 quis
1393 2540 1685 2611 episcopo—

147 2646 240 2684 rum
281 2632 428 2688 facile
476 2646 603 2686 eum
658 2632 940 2701 reperiret.
1001 2628 1157 2685 Unde
1188 2636 1241 2687 et
1262 2629 1400 2685 satis
1453 2630 1687 2685 miratus

146 2736 258 2783 sum,
292 2722 565 2792 quomodo
620 2720 1027 2792 dispensatione
1073 2720 1167 2776 Dei
1216 2721 1281 2775 ad
1335 2730 1449 2775 nos"
1476 2720 1688 2776 venerit

146 2826 241 2865 cum
282 2814 530 2870 diaconis
576 2813 920 2875 monasterii,
964 2820 1014 2866 et
1052 2810 1254 2866 ueteris
1294 2810 1575 2879 fratribus,
1628 2817 1689 2863 ut

146 2903 249 2956 mihi
278 2906 638 2967 satisfaceret,
672 2905 796 2974 quia
844 2903 1029 2959 nescio
1070 2902 1198 2973 quid
1246 2900 1536 2956 adversum
1580 2914 1674 2955 eos

147 2993 367 3050 habebam
394 2996 654 3050 tristitiae.
683 2993 817 3049 Cum
842 2993 1007 3066 igitur
1039 2992 1407 3047 celebraretur
1438 2992 1679 3047 Collecta

148 3083 188 3137 in
214 3087 424 3142 ecclesia
458 3086 624 3151 villas,
672 3099 794 3156 quas
825 3093 911 3139 est
948 3083 1105 3155 juxta
1150 3082 1539 3138 monasterium
1586 3097 1687 3137 no-

148 3186 307 3237 strum,
340 3177 687 3247 ignorantem
715 3190 863 3240 eum,
900 3182 954 3228 et
1000 3175 1204 3228 nullam
1240 3175 1456 3245 penitus
1487 3173 1689 3227 haben-

149 3273 228 3317 tem
253 3267 640 3337 suspicionem,
680 3280 774 3335 per
817 3264 1021 3320 multos
1050 3264 1322 3320 Diaconos
1351 3263 1683 3334 apprehendi

142 3355 391 3423 jussimus,
435 3365 497 3413 et
538 3356 717 3426 teneri
767 3370 831 3412 os
877 3356 1018 3425 ejus.
1076 3371 1141 3410 ne
1186 3355 1328 3411 forte
1367 3355 1584 3410 liberari
1633 3368 1692 3409 se

146 3450 355 3517 cupiens,
387 3451 675 3519 adjuraret
708 3462 807 3502 nos
838 3463 935 3518 per
970 3462 1168 3501 nomen
1199 3445 1405 3500 Christi
1436 3464 1448 3500 :
1486 3454 1539 3500 et
1578 3445 1693 3514 pri-

142 3551 261 3591 mum
295 3539 591 3595 diaconum
617 3538 1013 3604 ordinavimus,
1046 3544 1414 3608 proponentes
1445 3536 1493 3591 ei
1525 3536 1690 3589 timo—

143 3641 234 3682 rem
272 3629 382 3697 Dei,
426 3639 485 3687 et
537 3630 945 3700 compellentes,
1001 3636 1059 3683 ut
1110 3628 1480 3693 ministraret;
1538 3627 1694 3682 valde

140 3718 309 3790 quippe
350 3722 724 3785 obnitebatur,
776 3719 1057 3791 indignum
1095 3733 1154 3774 se
1200 3732 1326 3773 esse
1378 3717 1691 3781 clamitans,

142 3816 185 3859 el
205 3823 351 3878 grave
376 3827 525 3867 onus
558 3812 701 3865 ultra
725 3810 871 3865 vires
901 3823 1029 3865 suas
1059 3822 1183 3863 esse
1213 3814 1529 3864 contestans
1556 3805 1693 3877 (95).

144 3896 222 3954 Vix
250 3919 372 3975 ergo
391 3903 768 3973 compulimus
799 3916 946 3966 eum,
977 3908 1031 3954 et
1058 3898 1389 3969 persuadere
1416 3898 1695 3969 potuimus

142 3994 442 4050 testimoniis
496 3992 931 4064 Scripturarum,
975 3998 1031 4046 et
1064 3991 1437 4062 propositione
1470 3988 1697 4043 manda-

140 4088 297 4138 torum
331 4086 443 4141 Dei.
487 4084 556 4139 Et
602 4098 728 4139 cum
772 4082 1140 4137 ministrasset
1186 4081 1285 4153 [αι.
1341 4079 1693 4152 ministraret]

141 4174 187 4228 in
218 4178 411 4234 sanctis
457 4176 772 4239 sacrificiis,
805 4190 1000 4230 rursus
1044 4189 1170 4230 cum
1214 4172 1424 4242 ingenti
1469 4170 1693 4225 difficul-

142 4272 236 4322 tate
276 4275 426 4324 tento
475 4284 573 4325 ore
603 4269 745 4336 ejus,
788 4265 1165 4322 ordinavimus
1195 4264 1573 4335 presbyterum
1602 4279 1615 4315 :
1645 4269 1700 4317 et

1782 1824 2100 1878 cohortatus
2144 1839 2264 1878 sum
2299 1824 2468 1878 beatae
2512 1822 2788 1877 memoria;
2825 1820 3108 1877 Philonem
3139 1820 3357 1890 episco~

1784 1930 1933 1983 pum,
1964 1922 2017 1969 et
2042 1923 2290 1969 sanctum
2327 1913 2707 1983 Theoprepum
2745 1910 2893 1983 (94),
2928 1919 2986 1965 ιιι
3018 1912 3075 1965 in
3107 1910 3361 1965 ecclesiis

1783 2004 1970 2075 Cypri,
2005 2019 2125 2075 quae
2148 2003 2304 2073 juxta
2337 2019 2398 2058 se
2430 2011 2609 2068 erant,
2639 2004 2705 2057 ad
2731 2018 2864 2058 mea:
2888 2011 3070 2063 autem
3105 2002 3359 2071 parmeias

1784 2097 2109 2151 videbantur
2158 2096 2448 2151 ecclesiam
2502 2096 2795 2166 pertinere,
2830 2109 2894 2149 eo
2946 2093 3091 2163 quod
3133 2092 3358 2164 grandis

1785 2197 1949 2253 esset,
1982 2196 2036 2244 et
2064 2188 2174 2243 late
2211 2194 2404 2259 patens
2434 2187 2743 2257 provincia,
2774 2184 3097 2241 ordinarent
3130 2184 3358 2255 presby-

1785 2284 1951 2343 teros,
1997 2283 2051 2331 et
2086 2276 2291 2331 Christi
2340 2275 2599 2331 Ecclesiae
2645 2274 3017 2345 providerent.
3070 2272 3358 2343 Nunquam

1786 2374 1965 2421 autem
1999 2382 2100 2437 ego
2123 2366 2368 2421 ordinavi
2412 2349 2772 2429 diaconissas.
2810 2372 2865 2420 et
2902 2365 2969 2418 ad
2998 2364 3206 2419 alienas
3235 2364 3359 2418 misi

1785 2455 2117 2526 provincias,
2145 2470 2322 2525 neque
2348 2454 2448 2510 feci
2474 2455 2771 2525 quidquam
2802 2462 2860 2508 ut
2898 2453 3192 2508 Ecclesium
3222 2452 3363 2507 scin-

1785 2549 1991 2604 derem.
2022 2547 2164 2615 Quid
2196 2563 2327 2619 ergo
2360 2547 2458 2602 tibi
2487 2548 2664 2602 visum
2706 2555 2812 2612 est,
2842 2546 2922 2601 sic
2949 2545 3186 2616 graviter
3215 2544 3364 2597 intu-

1786 2654 2033 2697 mescere
2062 2648 2116 2694 et
2142 2639 2341 2709 jactari
2372 2645 2562 2692 contra
2594 2652 2696 2693 nos
2742 2652 2844 2708 pro
2871 2651 3037 2706 opere
3065 2635 3183 2702 Dei,
3216 2636 3362 2703 quod

1788 2728 1845 2782 in
1865 2726 2301 2788 mdilicationem,
2338 2732 2392 2780 et
2439 2740 2547 2778 non
2579 2725 2635 2778 in
2667 2724 3095 2778 destructionem
3131 2723 3360 2776 fratrum

1788 2817 1991 2872 factum
2043 2816 2169 2871 est?
2217 2813 2324 2870 Sed
2376 2820 2430 2868 et
2473 2813 2609 2868 illud
2667 2813 3013 2866 vehementer
3060 2810 3363 2864 admiratus

1789 2921 1934 2973 sum,
1973 2903 2121 2975 quod
2169 2904 2308 2958 meis
2361 2902 2577 2957 locutus
2610 2916 2671 2956 es
2719 2899 2960 2965 clericis,
3011 2914 3263 2954 asserens
3310 2908 3363 2951 te

1791 3012 1887 3066 per
1917 3003 2165 3051 sanetum
2195 2994 2573 3066 presbyterum
2598 2998 2651 3047 et
2677 2991 2929 3046 abbatem
2968 2991 3362 3045 monachorum

1790 3083 2110 3156 Gregorium
2148 3083 2440 3138 mandasse
2466 3081 2620 3145 mihi,
2670 3097 2740 3136 ne
2781 3094 3111 3152 quemquam
3141 3079 3365 3133 ordina-

1792 3192 1904 3233 rem
1939 3194 1953 3231 :
1991 3184 2045 3231 et
2071 3190 2171 3246 ego
2206 3176 2312 3230 hoc
2351 3172 2628 3245 pollicitus
2659 3164 2785 3237 sim,
2840 3172 3032 3226 dicens
3061 3188 3074 3225 :
3107 3169 3363 3241 Nunquid

1788 3267 2006 3337 juvenis
2037 3282 2182 3329 sum,
2214 3275 2308 3319 aut
2350 3278 2592 3321 canones
2637 3262 2872 3332 ignoro?
2897 3263 3037 3318 Audi
3073 3262 3239 3334 igitur
3270 3277 3365 3316 ve-

1792 3360 2010 3416 ritatem
2044 3358 2101 3412 in
2135 3370 2387 3413 sermone
2431 3354 2547 3419 Dei,
2582 3372 2666 3410 me
2708 3354 2811 3409 hoc
2841 3368 2941 3410 nec
2990 3354 3231 3418 audisse,
3265 3368 3367 3407 nec

1796 3466 1984 3516 nosse,
2026 3466 2128 3505 nec
2158 3449 2320 3505 istius
2348 3447 2621 3504 sermonis
2680 3446 2900 3516 penitus
2930 3445 3230 3501 recordari.
3264 3442 3370 3497 Su-

1796 3543 2049 3614 spicatus.
2070 3551 2248 3596 autem
2278 3555 2419 3605 sum,
2454 3553 2522 3594 ne
2553 3538 2781 3593 forsitan
2813 3537 2954 3591 inter
2985 3536 3176 3599 multa,
3209 3533 3367 3604 quasi

1797 3635 1959 3689 homo
1990 3633 2194 3688 oblitus
2232 3646 2410 3687 essem
2440 3649 2452 3685 :
2485 3637 2538 3685 et
2572 3630 2641 3684 ob
2671 3630 2811 3683 hanc
2841 3642 3065 3681 causam
3113 3632 3367 3681 sanctum

1796 3723 2116 3795 Gregorium
2152 3722 2462 3777 sciscitatus
2494 3736 2636 3783 sum,
2684 3728 2737 3774 et
2787 3717 3059 3773 Zenonem
3092 3714 3372 3785 presbyte-

1798 3831 1942 3880 rum,
1979 3815 2072 3884 qui
2120 3828 2242 3868 cum
2274 3827 2339 3867 eo
2377 3820 2482 3867 est.
2537 3809 2579 3863 Ε
2617 3811 2819 3881 quibus
2869 3808 3040 3864 abbas
3077 3805 3371 3876 Gregorius

1799 3904 2087 3976 respondit
2134 3919 2195 3959 se
2248 3904 2352 3957 hoc
2386 3902 2602 3972 penitus
2654 3901 2926 3970 ignorare.
2970 3896 3157 3952 Zenon
3188 3904 3371 3952 autem

1801 3998 1961 4063 dixit,
1992 3995 2119 4065 quia
2146 4009 2272 4049 cum
2324 3993 2371 4049 ei
2406 3991 2690 4063 presbyter
2737 3988 2967 4044 Rufinus
3012 3988 3200 4043 nescio
3251 4003 3373 4058 quae

1799 4089 1905 4141 alia
1958 4083 2277 4141 transitorie
2327 4082 2677 4151 loqueretur,
2734 4080 2896 4131 etiam
2954 4076 3057 4129 hoc
3112 4073 3310 4128 dixerit
3356 4091 3373 4128 :

1803 4177 2041 4234 Putasne
2083 4175 2297 4244 aliquos
2327 4170 2685 4227 ordinaturus
2714 4175 2798 4223 est
2832 4174 3062 4223 sanctus
3083 4166 3376 4236 episcopus

1804 4267 1903 4341 [aL
1932 4262 2333 4337 Epiphanius]?
2373 4270 2427 4317 et
2457 4261 2741 4331 hucusque
2794 4258 3011 4315 stetisse
3043 4269 3374 4313 sermonem.

141 4356 309 4413 iisdem
345 4363 555 4425 verbis,
606 4359 810 4430 quibus
862 4364 1021 4411 antea
1066 4369 1443 4414 suaseramus.
1480 4352 1698 4423 impuli-
1730 4381 1777 4440 ο
1804 4361 1919 4431 Ego
1952 4367 2133 4413 autem
2186 4355 2524 4426 Epiphanius
2553 4368 2655 4408 nec
2688 4350 2874 4407 audivi
2922 4350 3242 4420 quidquam,
3273 4361 3379 4402 nec

144 4463 245 4505 mus
290 4459 349 4506 ut
393 4452 614 4509 sederet
665 4452 723 4506 in
772 4449 964 4505 ordine
1016 4447 1363 4518 presbyterii.
1402 4446 1531 4502 Post
1583 4446 1699 4500 haec

143 4544 444 4612 scripsimus
485 4545 555 4599 ad
603 4551 828 4599 sanctos
861 4540 1200 4602 monasterii,
1234 4549 1285 4594 et
1328 4549 1556 4595 caeteros
1590 4539 1699 4593 fra-

146 4638 269 4699 tres;
305 4644 358 4690 et
397 4637 807 4707 increpavimus
841 4650 955 4699 eos,
990 4648 1162 4704 quare
1190 4646 1301 4686 non
1349 4634 1703 4702 scripsissent

146 4738 289 4793 super
326 4743 413 4794 eo,
450 4744 579 4783 cum
621 4736 747 4783 ante
789 4741 992 4781 annum
1046 4724 1248 4779 multos
1301 4738 1493 4778 eorum
1546 4721 1702 4793 queri

149 4815 420 4885 audissem,
458 4835 561 4875 cur
611 4833 721 4874 non
753 4818 1036 4881 haberent,
1071 4816 1165 4885 qui
1200 4814 1303 4870 sibi
1357 4813 1573 4868 Domini
1617 4828 1703 4868 sa-

147 4948 313 5025 frater,
336 4970 514 5025 quem
550 4955 865 5025 diaconum,
901 4959 954 5005 et
983 4965 1106 5025 mox
1139 4948 1517 5019 presbyterum
1554 4946 1705 5025 ordi-

151 5023 277 5096 navit
327 5018 665 5096 Epiphanius
689 5027 792 5096 ,A‘in
842 5018 1285 5096 Peregrinoruni_
1324 5018 1702 5096 monasterio,

149 5094 272 5153 quod
306 5086 387 5148 ad'
417 5086 648 5149 Ioannis
683 5086 943 5147 dimccsin
982 5086 1101 5142 'non
1150 5088 1480 5157 pertinebat.
1532 5086 1703 5139 Porro

151 5158 493 5219 Cisterciens.
536 5181 639 5219 ms.
691 5161 773 5216 Ne
817 5164 1115 5216 viderentur
1143 5157 1389 5227 quadam,
1420 5157 1622 5209 duritia
1655 5164 1705 5227 et

151 5234 453 5301 εριιεείεηιὶα
479 5234 598 5300 fidei
635 5234 886 5299 antiquw,
922 5245 1082 5301 quam
1110 5225 1273 5301 simul
1299 5225 1601 5301 habuimus,
1640 5225 1705 5278 ab

156 5294 371 5357 Ecclesia
409 5294 673 5369 separari.
715 5294 823 5355 seu
869 5294 1217 5354 Anibrosian.
1261 5299 1422 5366 paulo
1451 5304 1577 5369 ante
1606 5311 1706 5369 cm-

152 5380 314 5449 Pfrut
353 5365 548 5426 habere
572 5372 864 5437 consortia,
896 5387 958 5425 ne
1016 5365 1316 5422 viderentur
1342 5365 1573 5439 quadam
1603 5365 1705 5418 du-

155 5447 278 5495 rum.
313 5452 419 5497 etc.

212 5508 926 5589 (Sljngraepostero'prdine
970 5507 1250 5589 vetustiss.
1295 5504 1472 5589 vatio.
1518 5519 1704 5589 exem-

179 5550 314 5619 ‘\.r..,
357 5550 698 5593 .,....,,..,...,...
736 5550 926 5589 mum...
980 5550 1250 5589 ,Ἵππη
1316 5550 1472 5559 ...-.-.
1522 5550 1672 5567 cm,"

158 5586 258 5641 var
288 5580 415 5643 οδε),
454 5583 678 5649 sangqu
708 5578 954 5632 Ecclesia:
975 5592 1332 5648 episcoporum
1357 5574 1567 5649 habent,
1598 5584 1704 5649 etc.

164 5645 602 5713 quemadmodum
643 5649 807 5705 etiam
853 5649 906 5702 in
943 5648 1105 5703 veteri
1144 5645 1319 5722 prima
1354 5646 1591 5704 editione
1626 5645 1703 5701 lc-

1804 4452 2083 4522 respondi.
2123 4448 2299 4511 Unde,
2333 4445 2712 4511 dilectissime,
2743 4458 2853 4497 non
2885 4450 2936 4497 te
2965 4440 3258 4511 przeveniat
3294 4437 3381 4493 fu.

1803 4562 1915 4613 ror,
1953 4560 2054 4600 nec
2094 4547 2320 4611 occupet
2344 4538 2667 4609 indignatio,
2702 4550 2802 4590 nec
2834 4534 3036 4588 frustra
3067 4533 3376 4587 movearis:

1804 4647 1859 4694 et
1889 4636 2035 4691 aliud
2078 4634 2288 4695 dolens,
2325 4641 2376 4685 te
2402 4640 2585 4684 vertas
2614 4629 2683 4682 ad
2715 4628 2841 4689 alia,
2882 4634 2940 4680 ut
2987 4624 3247 4694 peccandi
3284 4638 3383 4677 oc-

1805 4728 2087 4783 casionem
2119 4720 2393 4776 invenisse
2435 4717 2697 4772 videaris.
2735 4714 2888 4781 Quod
2934 4713 3194 4782 propheta
3228 4710 3381 4763 devi-

1806 4828 1951 4884 tans,
2007 4812 2293 4869 Dominum
2348 4814 2626 4879 precatur,
2683 4804 2920 4859 dicens:
2974 4799 3095 4854 Non
3152 4796 3382 4853 declines

1807 4946 2184 5017 gendum_est._
2209 4939 2331 5017 Me}
2366 4938 2623 5017 Ambros.
2653 4952 2807 5017 super
2841 4952 2999 4989 una»:
3020 4948 3343 5017 mensuram.

1880 5016 1990 5087 (92)
2032 5012 2259 5068 Rectius
2285 5011 2424 5087 forte
2444 5009 2799 5063 Ambrosian.
2822 5006 3099 5075 exemplar
3129 5015 3178 5056 te
3208 5016 3382 5057 vocu-

1806 5082 1913 5141 iam
1944 5082 2074 5155 non_
2092 5082 2357 5155 agnoscit.
2402 5150 2414 5155 _
3102 5142 3113 5155 ,
3285 5141 3295 5151 .

1877 5157 1989 5227 (95)
2033 5142 2208 5208 Vers
2254 5150 2558 5227 clamitans,
2593 5157 2641 5202 et
2700 5162 2854 5227 graue
2885 5161 3014 5227 opus
3058 5142 3200 5227 uftra
3248 5142 3381 5227 vires

1807 5211 1932 5281 sues
1962 5211 2097 5288 esse,
2128 5240 2250 5294 qum
2284 5223 2339 5275 in
2376 5221 2661 5288 hucusque
2694 5211 2857 5272 editis
2899 5215 3126 5268 deerant
3160 5211 3381 5280 supple-

1807 5300 1985 5351 vimus
2013 5311 2077 5348 ex
2110 5295 2360 5347 Ambros.
2392 5304 2495 5343 ms.

1882 5365 1993 5435 (94)
2036 5362 2128 5435 Sic
2164 5359 2578 5435 emendavimus
2607 5372 2673 5410 ex
2713 5353 3007 5435 antiquiss.
3041 5349 3385 5435 Vaticanum

1808 5419 2173 5490 Ambr'osiano
2203 5427 2536 5497 exemplari,
2569 5440 2693 5497 cum
2725 5419 2894 5497 antea
2928 5429 3080 5497 esset
3115 5419 3382 5497 Theopro-

1810 5487 1939 5560 bis;
1956 5503 2147 5556 Latino
2179 5487 2379 5571 partini
2401 5506 2455 5549 ct
2489 5487 2685 5566 partim
2714 5494 2905 5571 Graeco
2937 5490 3177 5571 nomine.
3207 5487 3390 5571 ‘Paulo

1812 5591 1975 5647 supra
2014 5560 2200 5627 vocem
2231 5560 2728 5622 diaconos—vetusta
2759 5563 2889 5620 edit.
2923 5578 3030 5617 non
3065 5560 3248 5616 habet.

3862 1664 3869 1827 κ

3868 2390 3875 2687 l
