3948 6196
451 315 560 373 595

1822 316 1879 371 S.
1923 315 2269 373 LPIPHANII

3591 308 3694 366 581

436 448 528 487 cor
564 449 733 487 meum
770 432 823 486 in
881 433 1034 488 verba
1064 432 1283 486 malitiw
1318 448 1335 485 :
1368 433 1438 485 ad
1481 436 1814 492 excusandas
1859 453 2023 493 βιαιο
2058 446 2101 501 Α
2130 438 2256 493 dum
2292 436 2436 507 quod
2464 435 2722 506 scriptum
2752 441 2855 499 est,
2882 448 2980 487 nec
3005 432 3166 487 oculo
3192 437 3380 487 nostro
3411 434 3695 501 parcimus,

437 527 667 579 sationes
702 527 756 579 in
787 526 1015 592 peccatis
1062 525 1099 577 ¹.

516 609 605 664 Ill.
648 610 782 664 Illud
811 625 1029 679 quoque
1074 610 1304 667 audiens
1344 612 1646 667 admiratus
1693 630 1834 681 sum,
1882 617 2025 688 quod

440 702 686 771 quidam,
725 701 817 769 qui
868 701 1047 755 solent
1086 702 1233 756 ultro
1276 704 1527 773 citroque
1561 718 2028 775 portare'rumus-

440 794 615 856 culos,
660 802 713 847 et
760 792 845 846 his
882 808 1005 861 quae
1052 792 1344 847 audierunt
1392 812 1607 865 semper
1683 798 1887 868 aliquid
1932 800 2029 853 ad-

440 884 589 947 dere,
621 893 681 936 ut
729 884 984 939 lristitias
1012 891 1065 938 et
1099 885 1247 939 rixas
1297 886 1440 939 inter
1484 888 1681 942 fratres
1731 890 2025 956 doncitcnt,

440 985 492 1029 te
522 991 737 1043 quoque
766 975 1145 1041 turbaverunt,
1197 984 1251 1029 et
1298 977 1579 1046 dixerunt,
1629 980 1773 1049 quod
1807 984 1861 1035 in
1904 998 2030 1036 ora-

441 1068 591 1121 tione
636 1067 860 1136 quando
910 1066 1193 1122 oderimus
1244 1069 1517 1124 sacrificia
1566 1069 1697 1136 Deo,
1752 1075 2028 1130 soleamus

444 1173 545 1228 pro
602 1168 651 1212 te
704 1158 886 1213 dicere
922 1178 935 1213 :
971 1159 1215 1224 Domine,
1264 1170 1461 1229 priesta
1524 1160 1746 1227 Joanni,
1789 1173 1848 1217 ut
1894 1176 2030 1220 recte

444 1252 645 1304 credat.
686 1250 807 1304 Noli
842 1266 943 1305 nos
975 1251 1026 1304 in
1057 1260 1271 1305 tantum
1307 1261 1499 1321 putare
1522 1256 1785 1320 rusticos,
1826 1265 1884 1310 ut
1926 1257 2030 1312 hoe

444 1354 553 1397 tam
590 1351 777 1412 aperte
800 1343 978 1397 dicere
1008 1344 1368 1412 potuerimus.
1399 1345 1718 1415 Quanquam
1751 1349 1893 1401 enim
1927 1348 2030 1403 hoc

444 1435 498 1487 in
540 1436 706 1488 corde
738 1449 857 1486 meo
910 1450 1122 1503 semper
1168 1449 1342 1501 orem,
1387 1442 1570 1489 tamen
1609 1444 1665 1489 ut
1711 1438 2033 1507 simpliciter

448 1524 643 1589 fatear,
695 1540 975 1594 nunquam
1015 1528 1068 1578 in
1123 1525 1331 1580 alienas
1384 1541 1545 1581 aures
1592 1529 1818 1596 protuli,
1858 1544 1928 1583 ne
1978 1538 2030 1585 te

446 1616 665 1670 viderer
698 1616 1115 1686 parvipendere,
1150 1615 1525 1672 dilectissime.
1577 1618 1807 1684 Quando
1852 1631 2028 1676 autem

447 1709 784 1777 complcmus
818 1710 1115 1763 oralionem
1169 1711 1470 1764 secundum
1529 1712 1693 1764 ritum
1746 1714 2029 1782 mysterio-

2132 538 2321 583 utnon
2349 528 2675 583 cﬂ'odiamus
2702 540 2849 590 eum,
2881 524 2926 579 si
2958 540 3055 579 nos
3096 523 3579 590 scandalizaverit;
3611 540 3703 579 nec

2128 620 2336 686 manui,
2369 634 2543 688 neque
2588 617 2732 687 pedi,
2764 616 2809 672 si
2840 615 2997 670 nobis
3038 615 3357 668 scandalum
3398 614 3609 669 fecerit.
3650 614 3708 669 lit

2129 725 2226 766 vos
2260 726 2390 781 ergo
2427 710 2542 766 sive
2576 708 2719 762 oculi
2760 707 2956 773 nostri,
2993 705 3106 761 sive
3140 720 3357 767 manus,
3402 705 3514 759 sive
3549 706 3708 772 [uades

2131 801 2367 865 fueritis,
2401 799 2601 855 similia
2656 797 3018 853 sustinebitis.
3050 795 3185 861 Quis
3233 794 3377 849 enim
3415 794 3710 847 catholico-

2130 909 2249 948 rum
2307 893 2478 963 possit
2526 906 2682 961 zequo
2711 890 2895 943 animo
2941 888 3237 949 sustinere,
3285 893 3339 940 et
3391 901 3581 939 eorum
3622 886 3708 955 qui

2128 983 2287 1037 fidem
2335 996 2489 1037 suam
2546 980 2707 1035 bonis
2747 978 3008 1049 operibus
3054 986 3344 1036 exornant,
3389 984 3446 1028 ut
3491 975 3708 1028 audiant

2127 1072 2383 1143 Origeuis
2426 1070 2733 1126 doctrinam
2767 1078 2929 1140 atque
2977 1068 3291 1130 consilium,
3324 1066 3547 1120 credant
3575 1083 3709 1135 pra:-

2129 1164 2291 1219 clarze
2322 1163 2469 1218 illius
2498 1161 2868 1232 praedicationi
2901 1178 2913 1215 :
2948 1158 3066 1214 Non
3110 1165 3287 1230 potest
3330 1155 3498 1211 Filius
3528 1158 3711 1213 videre

2129 1252 2360 1319 Patrem,
2418 1267 2595 1321 neque
2650 1250 2887 1321 Spiritus
2955 1256 3182 1306 sanctus
3244 1247 3427 1301 videre
3480 1245 3715 1301 Filium?

2130 1345 2255 1400 [lare
2288 1345 2341 1397 in
2375 1344 2528 1399 libris
2579 1342 2715 1411 Περὶ
2778 1340 2981 1411 ἀρχῶν
3015 1340 3353 1402 scribuntur,
3408 1337 3490 1392 his
3532 1340 3712 1393 verbis

2131 1437 2381 1508 legimus,
2431 1445 2485 1490 et
2520 1435 2595 1487 ita
2642 1436 2857 1489 locutus
2906 1440 2991 1487 est
3034 1430 3342 1502 Origenes:
3384 1429 3529 1484 Sicut
3575 1431 3712 1483 enim

2130 1528 2477 1597 incongruum
2506 1537 2582 1581 est
2611 1527 2808 1588 dicere,
2835 1524 2973 1594 quod
3000 1525 3167 1593 possit
3205 1522 3379 1576 Filius
3403 1522 3571 1576 videre
3605 1522 3712 1575 Pa-

2131 1634 2281 1686 trem,
2336 1624 2411 1676 sic
2470 1623 2845 1690 inconsrqucns
2898 1628 2975 1673 est
3019 1619 3249 1687 opinari,
3302 1617 3441 1687 quod
3478 1616 3710 1686 Spiritus

2130 1725 2343 1768 sanctus
2390 1714 2554 1782 possit
2614 1712 2783 1765 ridere
2838 1709 3061 1766 Filium.
3130 1708 3265 1762 Illud
3319 1724 3538 1779 quoque
3581 1710 3711 1777 quis

449 1815 592 1862 rum,
628 1808 681 1853 et
706 1815 804 1869 pro
834 1802 1091 1854 omnibus
1138 1812 1189 1855 et
1237 1818 1337 1872 pro
1387 1813 1437 1857 te
1486 1818 1705 1873 quoque
1740 1804 1975 1860 dicimus
2008 1824 2020 1861 :
2058 1806 2099 1859 Β
2130 1807 2415 1877 Origenem
2472 1805 2741 1860 dicentem
2780 1804 3042 1873 patiatur,
3081 1802 3226 1872 quod
3266 1800 3482 1863 animm,
3534 1802 3713 1870 angeli

448 1885 671 1941 Custodi
696 1888 846 1939 illum
871 1888 960 1956 qui
987 1888 1242 1957 prtedicat
1272 1892 1541 1943 veritatem
1572 1906 1591 1945 :
1626 1891 1705 1944 vel
1738 1899 1886 1945 certe
1922 1892 2024 1945 ita:

454 1979 531 2031 Tu
559 1988 777 2046 pra’sta,
816 1979 1057 2046 Domine,
1101 1988 1149 2033 et
1178 1981 1407 2043 custodi,
1439 1991 1494 2033 ut
1532 1982 1620 2035 ille
1649 1983 1856 2035 rcrbum
1894 1998 2029 2050 pra:-

449 2071 585 2124 dicet
632 2072 866 2124 veritatis
901 2088 917 2124 :
950 2073 1094 2128 sicut
1140 2074 1360 2127 occasio
1395 2074 1665 2128 sermonis
1712 2090 1770 2129 se
1824 2075 2028 2137 tulerit,

450 2172 504 2218 et
547 2164 800 2219 habuerit
832 2166 1011 2219 oratio
1052 2166 1517 2236 consequentiam.
1560 2165 1904 2236 Quapropter
1933 2167 2029 2219 oh-

454 2271 612 2309 sccro
665 2265 732 2317 te,
791 2256 1173 2321 dilectissime,
1207 2265 1261 2311 et
1312 2257 1605 2312 advolutus
1653 2257 1880 2327 pedibus
1925 2259 2031 2313 tuis

456 2362 667 2415 precor,
701 2356 897 2417 praesta
930 2348 1060 2400 mihi
1088 2355 1141 2401 et
1187 2348 1303 2412 tibi,
1341 2358 1401 2402 ut
1423 2349 1674 2410 salveris,
1709 2351 1868 2403 sicuti
1896 2349 2033 2403 scri-

451 2444 604 2505 ptum
650 2445 733 2491 est
774 2439 815 2501 ',
852 2454 883 2489 α
916 2438 1251 2505 generatione
1298 2453 1577 2503 perversa;
1632 2447 1684 2492 et
1724 2441 1915 2493 recede
1963 2440 2031 2493 ab

457 2526 647 2580 heresi
695 2526 970 2596 Origenis,
1004 2534 1057 2579 et
1089 2542 1117 2579 a
1171 2528 1388 2582 cunctis
1434 2528 1755 2591 hmrcsibus,
1792 2530 2029 2586 dilectis-

455 2620 614 2671 sime.
638 2616 810 2671 Video
838 2617 983 2671 enim
1014 2617 1158 2687 quod
1194 2626 1415 2687 propter
1434 2619 1575 2671 hanc
1600 2634 1821 2673 causam
1853 2621 2031 2677 omnis

455 2718 635 2765 vestra
682 2706 779 2779 [aL
838 2704 1052 2778 nostra]
1102 2706 1402 2778 indignatio
1450 2709 1719 2763 concitata
1760 2711 1851 2772 sit,
1887 2710 2032 2781 quod

455 2801 683 2856 dixerim
727 2799 883 2855 vobis
928 2799 1041 2853 Arii
1087 2808 1295 2869 patrem
1327 2799 1460 2871 (95),
1504 2813 1559 2856 et
1597 2802 1827 2857 aliarum
1863 2804 2032 2858 hrcre-

455 2908 588 2949 scon
615 2892 876 2955 radicem,
911 2899 964 2945 et
996 2901 1273 2961 parentem
1300 2891 1526 2948 laudare
1557 2909 1665 2949 non
1710 2894 1938 2951 debetis.
1971 2896 2036 2951 Et

454 2998 580 3038 cum
608 2998 706 3037 vos
756 2995 1027 3051 rogarem,
1069 2994 1138 3035 ne
1185 2980 1258 3033 ita
1302 2982 1581 3045 erraretis,
1628 2990 1682 3036 et
1732 2998 2031 3048 monerem,

456 3073 890 3134 contradixistis,
938 3079 1115 3125 etme
1165 3071 1231 3124 ad
1282 3070 1394 3143 (96)
1440 3073 1719 3126 tristitiam
1769 3082 1930 3144 atque
1959 3077 2037 3128 la-

456 3177 673 3234 crymas
706 3160 1036 3215 adduxistis.
1088 3158 1205 3221 Non
1249 3163 1425 3215 solum
1476 3170 1656 3216 autem
1700 3180 1805 3228 me,
1854 3164 1948 3219 sed
1983 3171 2035 3217 et

458 3256 596 3308 alios
637 3254 907 3323 piurimos
953 3253 1256 3307 catholicos
1295 3254 1388 3323 qui
1425 3255 1745 3311 intererant.
1788 3257 1935 3322 Inde,
1979 3264 2036 3309 ut

457 3336 721 3416 intelligo,
768 3347 881 3400 lucc
911 3355 994 3401 est
1040 3347 1216 3399 omnis
1261 3346 1579 3417 indignatio,
1620 3359 1673 3403 et
1710 3350 1814 3402 iste
1847 3348 2019 3402 furor.

459 3438 525 3492 Et
575 3438 778 3491 idcirco
818 3438 1246 3502 commiuamini,
1273 3438 1419 3507 quod
1465 3439 1690 3493 mittatis
1737 3441 2028 3494 adversum

460 3544 546 3584 me
577 3529 860 3598 epistolas,
890 3538 949 3583 ut
994 3529 1099 3583 huc
1129 3529 1365 3597 illucque
1404 3544 1585 3584 sermo
1614 3539 1795 3585 vester
1827 3532 2039 3589 discur-

460 3628 575 3685 rat;
600 3627 652 3673 et
696 3628 915 3689 propter
936 3618 1305 3674 defensionem
1332 3621 1601 3676 haereseos
1629 3620 1917 3675 adversum
1952 3636 2037 3675 me

458 3712 581 3767 odia
621 3713 969 3776 suscitantes,
1014 3711 1267 3782 rumpitis
1294 3712 1613 3766 charitatem
1649 3727 1814 3782 quam
1851 3714 1904 3766 in
1941 3729 2035 3768 vos

460 3805 749 3859 habuimus
780 3824 791 3857 :
832 3804 883 3857 in
918 3814 1127 3857 tantum
1162 3810 1218 3855 ut
1253 3802 1491 3859 feceritis
1528 3818 1627 3857 nos
1650 3804 1813 3858 etiam
1860 3806 2038 3874 pteni-

461 3898 682 3950 tentiam
725 3911 904 3966 agerc,
932 3910 1099 3965 quare
1143 3895 1297 3949 vobis
1320 3894 1925 3959 cormnunicaverimus,
1958 3895 2031 3948 ita

463 3990 711 4059 ()rigenis
764 4005 977 4045 errores
1009 3998 1061 4044 et
1107 3990 1359 4059 dogmata
1407 3987 1759 4043 defendentes
1794 3988 1931 4059 (97).

534 4078 621 4134 IV.
662 4080 993 4151 Simpliciter
1019 4080 1212 4149 loquor
1246 4076 1345 4150 (al.
1394 4076 1609 4149 loquar]
1642 4096 1657 4132 :
1698 4076 1805 4133 Nos
1848 4093 2043 4132 Secun-

535 4219 551 4250 ¹
597 4218 736 4273 Psal.
765 4234 889 4279 exc,
918 4219 972 4271 4.
1051 4220 1070 4248 ¹
1113 4217 1266 4271 Deut.
1304 4234 1479 4282 xxxii,
1511 4218 1564 4271 5.

538 4332 647 4400 (95)
681 4330 795 4383 Duo
816 4332 979 4383 verba
1006 4331 1277 4398 Origenem
1300 4332 1518 4395 scilicet,
1539 4340 1660 4400 post
1682 4336 1720 4383 Α
1734 4334 1796 4384 rii
1818 4344 2039 4400 patrem,

467 4400 984 4462 hicinseruntediti,
1004 4418 1122 4467 qn.e
1139 4411 1318 4453 tamen
1343 4402 1471 4453 nulli
1493 4418 1625 4453 mss.
1648 4413 1972 4470 agnoscunt,
1990 4414 2044 4457 et

2133 1897 2336 1952 fuerint
2372 1897 2425 1950 in
2467 1897 2624 1951 cmlis
2657 1913 2670 1949 :
2708 1902 2759 1949 et
2805 1904 3088 1965 postquam
3127 1893 3478 1964 peccaverint
3522 1892 3573 1945 in
3623 1909 3716 1947 su-

2132 1990 2339 2058 pernis,
2364 1987 2606 2056 dejcetas
2627 2002 2749 2042 esse
2788 1986 2841 2039 in
2874 1985 3038 2039 istum
3070 1983 3356 2047 mundum,
3387 1991 3439 2037 et
3472 1983 3634 2051 quasi
3670 1984 3721 2035 in

2133 2080 2371 2133 tumulos
2407 2086 2463 2132 et
2496 2077 2766 2147 sepulcra,
2802 2076 2881 2131 sic
2914 2076 2968 2130 in
3010 2089 3239 2144 corpora
3278 2075 3383 2130 ista
3426 2076 3719 2145 relegatas,

2133 2187 2322 2242 pinnas
2339 2171 2690 2240 antiquorum
2711 2169 2859 2223 luere
2882 2167 3269 2238 peccatorum?
3288 2173 3341 2221 et
3357 2180 3579 2235 corpora
3602 2180 3721 2221 cre-

2132 2260 2375 2314 dentium
2411 2274 2518 2312 non
2554 2257 2750 2327 templa
2775 2256 2973 2310 Christi
3000 2271 3145 2320 esse,
3173 2253 3267 2310 sed
3286 2269 3535 2309 carceres
3554 2254 3718 2308 dam-

2132 2350 2429 2404 natorum?
2464 2348 2672 2403 Exinde
2716 2348 2997 2402 veritatem
3032 2346 3582 2416 historiac,allegoria3
3630 2347 3722 2399 de-

2133 2456 2367 2511 pravans
2419 2438 2746 2507 mendacio,
2786 2439 2996 2493 infinita
3049 2438 3211 2492 verba
3267 2437 3632 2505 multiplicat;
3674 2443 3728 2491 et

2133 2531 2409 2600 simplices
2448 2544 2696 2599 quosque
2731 2530 2884 2584 varia
2936 2531 3289 2599 persuasione
3316 2529 3727 2598 'supplantans,

2133 2637 2281 2676 nunc
2319 2622 2517 2677 asserit
2553 2621 2788 2685 animas,
2834 2621 2989 2691 juxta
3039 2619 3281 2675 Graecam
3335 2620 3729 2690 etymologiam

2131 2715 2310 2785 ψυχὰς
2341 2714 2449 2767 ἀπὸ
2473 2713 2567 2767 τοῦ
2595 2712 2865 2784 ψύχεσθαι
2896 2713 3005 2783 (98)
3040 2712 3246 2766 idcirco
3277 2712 3558 2772 vocitatas,
3591 2716 3731 2780 quia

2134 2808 2201 2861 de
2232 2806 2548 2861 coelestibus
2574 2805 2639 2859 ad
2667 2803 2925 2861 inferiora
2952 2804 3250 2864 venientes,
3273 2803 3505 2855 calorem
3529 2802 3731 2871 pristi-

2135 2916 2263 2954 num
2287 2899 2598 2953 amiserint:
2625 2912 2771 2951 nunc
2794 2911 2995 2966 corpus
3015 2895 3139 2959 hoc,
3168 2894 3238 2948 ob
3258 2894 3307 2945 id
3326 2893 3479 2962 juxta
3498 2892 3734 2947 Graecos

2133 2991 2323 3062 δέμας,
2364 2990 2415 3043 id
2457 2996 2559 3056 est,
2589 2987 2878 3052 vinculum,
2914 2985 3201 3053 sivcjuxta
3228 2985 3388 3037 aliam
3418 2983 3736 3052 proprieta-

2138 3088 2268 3143 tem,
2295 3079 2528 3134 cadaver
2552 3078 2656 3134 dici
2677 3077 2789 3148 (99)
2817 3093 2829 3129 :
2864 3077 2989 3147 quia
3012 3075 3203 3128 anima:
3224 3072 3289 3128 de
3311 3074 3449 3127 cmlo
3472 3071 3731 3125 ruerint:

2103 3169 2299 3241 ⁸261
2334 3186 2363 3223 a
2409 3170 2685 3240 plerisque
2728 3177 2908 3222 autem
2963 3164 3502 3220 secundum'variam
3546 3161 3734 3216 Graeci

2143 3263 2415 3317 sermonis
2466 3261 2861 3332 supellectilem
2924 3257 3116 3328 σῶμα,
3181 3254 3245 3323 (id
3307 3264 3425 3321 est,
3489 3270 3734 3323 corpus,

2145 3351 2314 3422 σῆμα,
2366 3351 2417 3403 id
2466 3358 2551 3404 est
2612 3356 3009 3402 monumentum
3053 3344 3428 3416 interpretari,
3466 3359 3532 3399 eo
3567 3349 3733 3414 quod

2145 3444 2219 3519 ita
2267 3443 2505 3497 animam
2564 3442 2619 3495 in
2656 3458 2716 3498 se
2760 3442 3003 3495 clausam
3055 3440 3272 3503 habeat,
3321 3438 3597 3509 quomodo
3645 3454 3738 3494 sc-

2148 3535 2340 3605 pulcra
2371 3543 2426 3589 et
2462 3535 2655 3589 tumuli
2704 3533 2971 3588 cadavera
3015 3542 3373 3585 mortuorum.
3423 3528 3490 3583 Et
3533 3530 3583 3584 si
3624 3530 3740 3585 hoc

2146 3641 2331 3681 verum
2361 3633 2466 3690 est,
2519 3626 2609 3681 ubi
2663 3633 2748 3680 est
2790 3624 2923 3680 ﬁdes
2976 3624 3203 3678 nostra?
3244 3624 3334 3679 ubi
3388 3622 3743 3693 ptzeconium

2146 3717 2610 3773 resurrectionis?
2661 3718 2753 3771 ubi
2804 3716 3106 3786 apostolica
3158 3714 3440 3776 doctrina,
3493 3728 3623 3781 qua:
3683 3714 3744 3767 in

2150 3806 2413 3861 Ecclesiis
2446 3806 2649 3861 Christi
2706 3806 2989 3876 hucusque
3024 3804 3322 3875 perdurat?
3372 3803 3460 3857 ubi
3506 3804 3601 3855 illa
3651 3804 3746 3858 be-

2148 3898 2388 3954 nedictio
2418 3897 2485 3951 ad
2514 3898 2685 3951 Adam
2734 3904 2789 3951 et
2819 3896 2885 3951 ad
2925 3912 3109 3951 semen
3152 3896 3293 3964 ejus,
3325 3903 3377 3949 ct
3406 3893 3469 3947 ad
3525 3892 3649 3949 Noe
3685 3904 3748 3950 et

2145 3990 2211 4045 ad
2246 3990 2384 4045 filios
2411 3990 2531 4058 ejus
2567 3988 2586 4019 ³
2611 4005 2623 4040 :
2649 3987 2876 4043 Crescite
2902 3996 2951 4039 et
2977 3986 3428 4054 multiplicamini,
3454 3995 3501 4038 et
3536 3986 3749 4054 replete

2148 4084 2392 4137 terram?
2434 4078 2552 4134 Jam
2582 4079 2726 4133 enim
2760 4093 2867 4131 non
2897 4077 3002 4131 erit
3050 4077 3377 4140 benedictio,
3429 4073 3523 4129 sed
3557 4077 3750 4131 male-

1645 4219 1665 4249 ³
1704 4216 1837 4272 Gen.
1876 4234 1913 4282 ι,
1961 4219 2064 4287 28;
2102 4236 2177 4288 ix,
2208 4222 2261 4276 7.

2151 4335 2345 4390 afferre
2390 4336 2565 4389 salius
2603 4342 2741 4397 erat,
2788 4342 2847 4386 ut
2894 4346 3057 4400 supra
3094 4331 3382 4397 sit,.atque
3419 4326 3557 4400 infra
3593 4345 3607 4380 :
3644 4327 3755 4381 ubi

2152 4415 2331 4459 tamen
2366 4405 2537 4459 Vatic.
2570 4412 2623 4459 et
2655 4396 2905 4458 Ambros.
2954 4396 3086 4455 mss.
3141 4396 3406 4454 vocabulo
3453 4396 3644 4464 σῶμα,
3692 4408 3756 4450 et

469 4485 781 4543 noscorum
807 4454 1130 4543 auctoritate
1154 4478 1411 4539 tanquam
1490 4454 1845 4542 eglossiltoris
1877 4454 2041 4529 manu
2078 4454 2123 4511 ί)
2374 4454 3402 4543 continuolegunt,
3438 4454 3754 4543 secundum

471 4540 715 4609 profecta
748 4540 1132 4607 expunximus.

542 4607 650 4683 (967)
692 4610 902 4683 Absunt
942 4626 970 4662 a
1028 4608 1207 4664 Vatic.
1250 4611 1455 4663 voculae
1501 4628 1579 4665 me
1635 4610 1725 4669 ad.
1780 4623 1831 4666 et
1882 4616 2042 4683 paulo

2144 4547 2350 4599 variam
2395 4546 2565 4600 (.‘ricci
2612 4536 2865 4597 sermonis
2920 4536 3287 4609 supellectilem
3339 4552 3526 4609 corpus
3580 4536 3757 4606 σῆμα

2145 4614 2197 4668 id
2243 4625 2345 4675 est,
2405 4615 2713 4668 memoriam
2762 4615 2855 4682 (al.
2904 4617 3319 4682 monumentum)
3370 4608 3753 4682 interpretari.

471 4691 592 4750 pust
622 4680 761 4732 inde.

543 4751 655 4819 (97)
699 4752 832 4805 lllud
886 4750 1219 4821 defendentes
1268 4750 1335 4803 ad
1385 4768 1478 4804 nos
1522 4752 1808 4807 commode
1851 4754 2044 4808 referri

476 4831 651 4890 potest
677 4842 687 4875 :
722 4822 1068 4875 Ambrosian.
1107 4838 1227 4892 quae
1254 4830 1433 4875 tanien
1454 4824 1732 4889 exemplar
1761 4839 1882 4875 cum
1906 4824 2046 4892 legat

473 4891 893 4959 defendentibus.
928 4892 1097 4945 refert
1123 4891 1187 4945 ad
1222 4893 1385 4946 vobis.

546 4962 660 5030 (98)
707 4962 1045 5014 Vetustiores
1073 4963 1201 5015 editi
1238 4962 1345 5014 ἀπὸ
1370 4959 1851 5031 τοῦνψυχρίζεσοα(
1880 4960 2045 5031 idest

476 5050 509 5083 α
532 5032 879 5101 [νὶριῖδεσδηιιρἱ
911 5030 1134 5101 τιιείηῖρἶ
1161 5040 1265 5083 etc.
1301 5032 1384 5101 Al.
1426 5030 1488 5081 ab
1515 5029 1907 5101 angelescendo,
1943 5030 2043 5101 leg.

478 5098 805 5170 algest'endo.
840 5098 1050 5151 Vitiose
1093 5098 1271 5151 Vatie.
1318 5100 1478 5167 juxta
1531 5099 1769 5170 ercam
1801 5100 2049 5167 etymolo-

478 5169 640 5239 giam,
694 5170 832 5241 quod
878 5186 1099 5237 corpora
1146 5185 1378 5241 carceres
1421 5170 1603 5233 (liras,
1651 5169 1879 5241 idcirco,
1934 5178 2040 5222 etc.

483 5237 649 5293 l’orro
682 5237 1005 5295 sententiam
1034 5241 1179 5293 hanc
1209 5254 1237 5290 a
1262 5238 1571 5307 Pythagora
1604 5248 1723 5309 post
1746 5237 2046 5302 Platonem,

480 5310 767 5377 Origenem
795 5310 1062 5376 hausisse,
1096 5318 1177 5365 est
1205 5310 1361 5379 longe
1398 5310 1763 5379 notissimum.

552 5384 662 5449 (99)
711 5381 921 5433 Mallem
975 5383 1152 5450 ipsum
1209 5377 1371 5433 etiam
1409 5378 1657 5433 Graecum
1712 5377 2046 5450 nomeuin—

480 5453 610 5514 seri,
638 5460 690 5503 et
721 5452 823 5517 legi
853 5449 1016 5519 juxta
1052 5452 1215 5504 aliam
1251 5451 1619 5519 proprietatem
1660 5450 1859 5519 πτῶμα
1892 5449 1944 5501 id
1974 5455 2051 5519 est

480 5518 722 5580 cadaver,
772 5518 896 5590 nam
929 5519 1114 5576 Grzece
1145 5536 1346 5590 Corpus
1384 5518 1637 5574 exanime
1678 5518 1880 5589 πτῶμα
1922 5518 2054 5590 dict-

483 5596 589 5644 tur,
622 5590 731 5641 ἀπὸ
764 5589 855 5641 τοῦ
899 5591 1140 5651 πίπτειν,
1179 5589 1257 5642 ut
1288 5589 1478 5640 Latine
1512 5590 1735 5642 catlarer
1763 5589 2053 5643 deducitur

482 5669 511 5708 a
539 5656 806 5728 cadendo,
848 5659 1115 5726 siquidem
1155 5660 1327 5725 ipsum
1363 5656 1605 5728 (Iratcam
1647 5659 2050 5728 etymologiam,

492 5738 652 5795 quam
696 5727 761 5780 ad
802 5729 1052 5783 lnercsim
1108 5743 1262 5783 suam
1296 5726 1585 5793 torquebat
1630 5726 1910 5794 Origenes,
1966 5730 2051 5782 hic

2143 4684 2297 4737 Plato
2336 4700 2403 4736 ex
2444 4684 2601 4749 cujus
2650 4678 2917 4735 sententia
2957 4680 3220 4750 Origenes
3270 4681 3485 4750 locutus
3516 4684 3645 4750 est,
3692 4678 3760 4731 iri

2146 4752 2388 4820 Cratylo,
2432 4763 2484 4806 et
2513 4747 2747 4822 Gorgia,
2783 4747 3263 4822 corporaAauimis
3314 4747 3596 4822 deservire
3657 4762 3765 4801 se-

2122 4816 2463 4889 .pulcrorum
2499 4816 2649 4883 vice,
2680 4822 2839 4883 dixit,
2885 4816 2941 4876 et
2977 4820 3160 4889 σῶμα.
3200 4819 3357 4889 quasi
3398 4816 3545 4889 ςτῆρια
3597 4831 3761 4889 tmp-

2145 4883 2426 4961 cttjiattltn.
2460 4890 2569 4961 καὶ
2604 4890 2712 4961 γὰρ
2744 4891 2892 4961 σῆμά
2920 4883 3073 4961 τινὲέ
3101 4883 3265 4961 φασίν
3299 4887 3427 4961 uirga
3454 4883 3595 4937 ὲῖναι
3630 4886 3756 4954 τῆς

2144 4956 2323 5030 ψυχῆς
2357 4956 2857 5031 ὼςᾼτεθραμμένῆς
2889 4963 2947 5012 ἐν
2995 4959 3074 5031 τῷ
3115 4956 3209 5031 vi)!
3252 4956 3580 5031 ﬁtlpé‘litdtl
3630 4972 3769 5009 ('3:-

2149 5024 2412 5099 tera'qure
2442 5024 2881 5098 Latinc'prazst'at
2912 5024 3123 5082 audire.
3160 5024 3366 5079 Etenim
3398 5024 3560 5099 adipi:
3597 5041 3765 5099 non-

2149 5100 2285 5152 nulli
2313 5096 2471 5153 'aiunt
2507 5117 2618 5153 esse
2662 5096 2827 5152 animi
2871 5102 3041 5169 σῆμα,
3084 5096 3437 5169 tanquumad
3475 5098 3571 5169 hoc
3619 5097 3770 5162 qui-

2150 5170 2265 5221 dem
2296 5180 2493 5237 tempus
2526 5172 2707 5222 anima
2745 5170 2809 5222 sit
2854 5170 2904 5220 in
2927 5165 3184 5236 corpore,
3218 5165 3443 5237 sepulta,
3466 5165 3558 5237 (rel
3598 5177 3773 5237 recte

2152 5240 2264 5292 ideo
2296 5250 2372 5292 est
2400 5236 2591 5309 ϐῆμα,
2635 5241 2885 5309 quoniam
2928 5236 3507 5309 corporisntinisterio
3550 5236 3775 5309 utitur

2151 5310 2333 5361 anima
2368 5303 2552 5363 adeas
2591 5303 2693 5371 res,
2746 5326 2878 5377 quas
2927 5303 3032 5361 sibi
3086 5305 3382 5377 obsignarit‘
3424 5303 3776 5377 signi/iamr-

2152 5380 2272 5442 das,
2316 5374 2778 5448 explicandasque’.
2818 5378 2881 5430 Et
2917 5378 2971 5431 in
3020 5374 3234 5448 Gorgia,
3288 5375 3398 5426 Καὶ
3443 5375 3606 5448 ἡμεῖς
3662 5374 3768 5443 τῷ

2152 5449 2265 5519 ὄντι
2297 5443 2424 5512 icui;
2444 5443 2738 5519 ντέΟναμέν,
2765 5450 2899 5519 ὅπερ
2926 5448 3026 5518 ἤδη
3062 5443 3162 5519 ποὺ
3192 5446 3366 5512 ἔγωγε
3398 5443 3493 5519 καὶ
3523 5443 3776 5519 ἧκουςσ.

2160 5482 2265 5501 πη
2298 5482 2420 5512 ww,
2461 5482 2738 5518 “suctu,
2765 5482 2899 5519 νηιν
2932 5482 3026 5518 quq
3069 5482 3162 5499 ..νυ
3192 5482 3366 5512 ηιμ.-
3400 5482 3493 5494 ......
3529 5482 3776 5497 ,ην-υ...

2160 5518 2267 5571 τῶν
2314 5518 2492 5587 σοφῶν
2529 5519 2603 5580 ὼς
2656 5519 2749 5571 νῦν
2810 5520 2969 5588 ἡμεῖς
3024 5518 3313 5585 τέθναμεν,
3363 5514 3459 5565 καὶ
3508 5482 3577 5588 τε.
3642 5511 3781 5580 μὲν

2157 5588 2317 5657 σῶμά
2358 5581 2503 5641 terra
2552 5588 2709 5658 ἡμῶν
2742 5581 2910 5657 σῆμα,
2970 5588 3033 5641 Et
3070 5603 3170 5658 nos
3195 5581 3405 5637 'revcra
3444 5581 3777 5658 moriatur.

2158 5650 2290 5711 llliid
2332 5661 2475 5711 enim
2512 5673 2541 5710 a
2575 5650 2921 5725 sapientibus
2968 5657 3149 5710 audivi
3183 5668 3282 5707 nos
3314 5668 3457 5725 nunc
3492 5650 3675 5717 mori,
3709 5663 3787 5707 ct

2159 5739 2407 5785 nostrum
2438 5727 2591 5797 σῶμα
2628 5723 2850 5796 corpus,
2882 5744 2992 5783 csse
3023 5728 3192 5795 σῆμα,
3220 5723 3557 5794 sepulcrum.
