3948 6196
258 260 340 319 383
1166 292 1503 351 ertsrom
1544 299 1633 352 AD
1671 297 1869 356 JOAN.
1911 300 2128 358 EPlSC.
2174 302 2536 362 nmnoson.

3364 301 3471 358 58G

246 408 415 472 dictio,
437 406 587 478 juxta
620 408 934 480 Origenem,
972 409 1065 480 qui
1115 416 1338 483 angelos
1380 420 1542 472 vertit
1570 420 1629 473 in
1675 421 1788 473 ani-
1819 428 1861 481 Λ
1890 436 2014 476 vere
2044 438 2056 472 :
2098 422 2210 475 lloc
2236 440 2371 475 nunc
2398 441 2453 477 os
2472 439 2538 477 ex
2566 422 2769 477 ossibus
2808 424 2955 489 meis,
2989 432 3038 477 et
3071 437 3193 477 caro
3220 423 3282 477 de
3306 439 3465 481 carne

245 517 376 565 mas,
415 508 467 556 et
493 501 559 555 de
600 502 819 557 sublimi
867 501 1086 573 fastigio
1126 506 1407 576 dignitatis
1441 509 1569 565 facit
1606 515 1673 565 ad
1708 514 1791 567 in-

246 592 420 647 tbriora
448 592 800 656 descendere,
828 595 986 661 quasi
1018 593 1161 649 Deus
1191 599 1375 665 generi
1406 599 1645 655 humano
1680 619 1788 656 non

245 681 396 748 possit
421 679 631 732 animas
670 694 765 748 per
790 679 1224 737 benedictionem
1261 684 1415 749 dare,
1472 689 1581 743 nisi
1610 691 1788 760 angeli

246 769 596 839 peccaverint;
641 779 695 824 et
746 778 825 824 tot
863 771 917 824 in
952 773 1092 827 cado
1143 774 1254 827 sint
1304 778 1499 841 ruinae,
1554 790 1689 848 quot
1733 782 1787 836 in

244 872 367 915 terra
422 862 752 915 nativitates.
817 861 1144 917 Dimittenda
1193 881 1322 935 ergo
1362 868 1522 923 nobis
1560 877 1643 924 est
1687 870 1788 925 do-

244 953 397 1006 ctrina
442 952 812 1020 apostolorum
864 961 919 1006 et
969 955 1383 1023 prophetarum,
1444 968 1498 1013 et
1550 960 1685 1030 legis
1737 970 1790 1016 et

244 1045 394 1112 ipsius
425 1043 636 1097 Domini
668 1043 972 1098 Salvatoris
998 1046 1053 1099 in
1088 1046 1385 1118 Evangelio
1425 1056 1786 1120 pertonantis.

246 1131 556 1185 Econtrario
586 1132 848 1203 Origenes
871 1136 1136 1205 prazcipit,
1166 1147 1219 1191 et
1249 1138 1419 1208 legem
1451 1141 1562 1206 dat,
1599 1154 1654 1196 ut
1680 1158 1789 1197 non

240 1223 395 1276 dicam
423 1224 748 1293 constringit
794 1225 1093 1295 discipulos
1127 1244 1280 1295 suos,
1336 1246 1404 1285 ne
1430 1234 1553 1301 quis
1585 1242 1703 1289 oret
1731 1235 1785 1288 in

238 1315 415 1367 cmlum
459 1315 775 1380 ascendere,
820 1332 888 1371 ne
931 1317 1086 1386 pejus
1120 1318 1316 1374 iterum
1356 1337 1590 1391 peccans
1629 1339 1789 1394 quam

238 1406 283 1460 in
310 1408 460 1461 terris
486 1416 615 1461 ante
646 1417 987 1477 peccaverat,
1016 1411 1386 1481 praecipitetur
1418 1415 1473 1469 in
1508 1418 1789 1474 mundum.

237 1495 537 1566 Quanquam
586 1496 898 1552 istiusmodi
934 1515 1108 1571 nugas
1132 1509 1187 1556 et
1213 1503 1574 1560 deliramenta
1618 1507 1791 1563 soleat

238 1586 317 1640 illc
343 1586 745 1656 Scripturarum
779 1587 1226 1659 interpretatione
1257 1608 1520 1661 perversa
1549 1603 1602 1649 et
1642 1597 1790 1651 aliud

237 1676 584 1746 signiﬁcante,
630 1692 794 1750 quam
826 1680 971 1749 quod
1028 1696 1213 1737 verum
1254 1691 1357 1747 est,
1394 1683 1680 1749 afﬁrmare,
1713 1687 1794 1741 di—

1892 526 2002 563 mea
2035 512 2073 562 ⁵.
2106 512 2211 563 Aut
2242 511 2385 566 unde
2416 521 2755 581 assumptum
2778 520 2860 567 est
2889 513 3041 576 illud,
3066 516 3208 583 quod
3244 514 3465 566 divinus

1850 636 1853 639 ν
1891 615 2071 653 sermo
2103 608 2333 655 testatur
2363 619 2376 655 :
2413 601 2481 654 Et
2526 602 2703 666 injecit
2739 601 2879 655 Deus
2918 618 3149 669 soporem
3187 600 3240 655 in
3268 602 3461 669 Adam,

1889 699 1937 743 et
1991 690 2281 743 dormivit:
2315 700 2363 745 et
2406 694 2626 760 sumpsit
2678 709 2839 745 unam
2891 692 2956 746 de
3007 695 3168 746 costis
3217 693 3365 760 ejus;
3413 703 3462 747 et

1892 780 2192 847 adimplevit
2245 796 2339 848 pro
2395 798 2456 834 ea
2512 798 2743 847 carnem,
2798 792 2843 835 et
2900 781 3178 847 a'di/t'cavit
3240 791 3461 844 costam,

1890 887 2047 941 quam
2085 872 2276 949 tuyzrat
2314 884 2377 925 ea:
2404 888 2484 933 eo,
2519 872 2603 924 illi
2636 874 2689 925 in
2719 888 2933 924 uxorem
2971 874 3027 924 6?
3053 874 3157 924 Aut
3194 888 3313 941 quae
3341 886 3465 924 cor-

1891 978 2021 1032 pora
2075 965 2394 1033 contegebat
2448 963 2617 1017 Adam
2655 974 2715 1018 et
2756 963 2862 1016 Eva
2920 964 3061 1017 foliis
3105 964 3258 1026 licus,
3315 969 3466 1031 post-

1890 1070 2052 1123 quam
2110 1054 2462 1108 comederunt
2520 1054 2586 1108 de
2637 1055 2830 1107 arbore
2878 1053 3075 1106 vetita?
3115 1052 3248 1117 Quis
3284 1062 3463 1105 autem

1892 1146 2163 1214 patienter
2203 1144 2342 1199 ferat
2374 1144 2663 1214 Origenem
2704 1143 2928 1197 lubricis
2974 1140 3465 1211 argumentationi-

1891 1237 1995 1290 bus
2027 1236 2484 1289 resurrectionem
2535 1235 2719 1288 carnis
2773 1234 2935 1300 hujus
2982 1240 3285 1299 negantem,
3323 1231 3467 1284 sicut

1893 1327 2138 1381 declarat
2185 1324 2639 1382 manifestissime
2684 1325 2739 1378 in
2784 1323 3067 1377 volumine
3115 1320 3466 1390 Explanatio-

1892 1432 2023 1471 num
2072 1416 2232 1486 primi
2285 1415 2503 1485 psalmi,
2538 1422 2593 1469 et
2636 1417 2691 1468 in
2740 1414 2861 1468 aliis
2913 1411 3102 1465 multis
3150 1410 3321 1464 locis?
3359 1409 3469 1462 Aut

1894 1508 2017 1576 quis
2049 1507 2237 1560 audiat
2282 1506 2338 1560 in
2387 1506 2555 1560 tertio
2582 1503 2723 1559 coelo
2762 1503 3055 1556 donantetn
3090 1499 3249 1553 nobis
3281 1496 3463 1566 Orige-

1893 1610 2015 1652 nem
2057 1597 2397 1666 paradisum,
2431 1602 2485 1649 et
2520 1596 2670 1648 illum
2708 1608 2867 1661 quem
2909 1590 3189 1659 Scriptura
3220 1603 3467 1643 eorume-

1894 1696 2092 1751 morat,
2155 1687 2221 1741 de
2277 1695 2421 1739 terra
2477 1685 2545 1739 ad
2594 1684 2838 1739 coelestia
2902 1680 3369 1734 transferentem:
3416 1691 3472 1735 et

235 1780 391 1821 cens:
424 1766 751 1836 Priusquam
800 1785 833 1822 a
884 1770 1093 1825 malitia
1147 1771 1462 1828 humiliarer
1511 1791 1605 1844 ego
1651 1775 1790 1828 deli-
1823 1792 1866 1847 Β
1894 1791 2087 1830 omnes
2124 1776 2347 1830 arbores
2379 1790 2501 1845 quae
2526 1774 2847 1829 scribuntur
2891 1773 2944 1825 in
2975 1769 3193 1835 Genesi,
3228 1770 3309 1824 sic
3340 1771 3474 1825 alle-

233 1858 309 1925 qui
344 1858 394 1922 ¹;
428 1866 478 1912 et
506 1858 645 1912 illud
681 1877 694 1912 :
731 1858 1022 1926 Reuertere,
1073 1864 1254 1917 anima
1297 1881 1433 1929 mea,
1474 1866 1526 1919 in
1562 1867 1791 1937 requiem

236 1958 363 1999 tuam
391 1950 442 2015 ²;
489 1965 705 2004 necnon
736 1960 789 2005 et
820 1951 951 2005 illud
979 1974 991 2007 :
1029 1951 1179 2006 Educ
1223 1953 1287 2007 de
1316 1971 1524 2010 carcere
1559 1960 1794 2012 animam

235 2050 386 2088 meam
419 2036 473 2102 ⁸;
515 2046 573 2091 et
601 2037 658 2090 in
695 2038 802 2091 alio
837 2039 954 2093 loco
983 2058 995 2092 :
1027 2039 1326 2110 Conﬁtebor
1357 2044 1583 2099 Domino
1618 2049 1674 2100 in
1720 2065 1793 2102 re-

230 2126 365 2193 gione
407 2127 729 2195 vicorum‘;
776 2144 899 2182 cum
955 2131 1098 2187 alius
1147 2134 1337 2202 procul
1386 2134 1551 2190 dubio
1600 2151 1793 2193 sensus

234 2216 507 2287 Scriptura:
561 2220 760 2274 divina:
805 2221 896 2286 sit,
938 2238 1099 2291 quam
1133 2223 1221 2278 ille
1262 2224 1317 2278 in
1354 2225 1603 2281 haaresim
1636 2244 1788 2283 suam

233 2309 443 2379 maligna
479 2311 943 2380 interpretatione
975 2314 1283 2384 detorquet.
1314 2315 1473 2381 Quod
1506 2317 1711 2373 faciunt
1738 2329 1790 2375 et

230 2398 510 2465 Manichzei,
553 2411 609 2457 et
647 2402 917 2469 Gnostici,
972 2414 1027 2460 et
1069 2404 1355 2471 EDiOttiltB,
1402 2415 1454 2463 ct
1502 2408 1792 2465 Marcionis

229 2499 529 2558 sectatores,
570 2502 624 2548 et
671 2495 788 2549 alite
836 2495 1075 2551 haereses
1110 2513 1339 2553 numero
1379 2501 1657 2571 octoginta
1692 2500 1789 2573 (l),

228 2597 333 2651 quae
358 2585 421 2639 de
462 2586 771 2655 purissimo
804 2586 1212 2658 Scripturarum
1262 2588 1411 2647 fonte
1451 2606 1792 2649 assumentes

229 2675 549 2737 testimonia,
582 2691 691 2731 non
730 2678 801 2731 ita
838 2679 1286 2750 interpretantur,
1320 2689 1375 2735 ut
1408 2684 1612 2753 scripta
1640 2695 1788 2751 sunt,

226 2763 308 2818 sed
341 2765 748 2837 simplicitatem
799 2771 1067 2826 sermonis
1118 2772 1476 2829 ecclesiastici
1505 2774 1573 2829 id
1604 2775 1792 2831 volunt

226 2854 548 2924 signiﬁcare,
585 2860 730 2930 quod
764 2862 867 2931 ipsi
896 2864 1158 2917 sentiunt.

284 2942 340 2997 V.
381 2945 516 3002 illud
553 2963 773 3017 quoque
799 2950 944 3019 quod
987 2965 1236 3007 asserere
1262 2952 1472 3020 nititur,
1505 2952 1791 3010 doleamne

225 3048 283 3087 an
325 3037 528 3093 rideam
587 3041 798 3094 nescio.
844 3040 1042 3095 Doctor
1088 3043 1339 3112 egregius
1383 3044 1459 3114 (2)
1489 3045 1652 3099 audet
1693 3044 1791 3099 do-

1895 1863 2077 1931 gorice
2129 1862 2543 1932 intelligentem,
2595 1861 2737 1931 quod
2787 1860 2997 1914 scilicet
3029 1858 3253 1912 arbores
3309 1874 3473 1929 ange-

1895 1950 2010 2003 licae
2046 1949 2395 2004 fortitudines
2445 1949 2578 2013 sint,
2633 1965 2756 2003 cum
2794 1949 2897 2003 hoc
2927 1948 3128 2002 veritas
3172 1962 3279 2000 non
3331 1949 3473 2002 reci-

1894 2042 2043 2109 piat?
2069 2040 2256 2109 Neque
2282 2042 2426 2095 enim
2461 2040 2599 2096 dixit
2636 2040 2917 2109 Scriptura
2957 2038 3137 2091 divina
3167 2058 3177 2091 :
3215 2037 3265 2089 D.
3290 2040 3473 2107 posuit

1895 2131 2037 2186 Deus
2068 2131 2241 2185 Adam
2277 2141 2338 2186 et
2365 2130 2529 2185 Evam
2574 2132 2629 2185 in
2660 2141 2860 2186 terram
2892 2148 2905 2185 :
2938 2131 3053 2193 sed,
3086 2130 3234 2197 ejecit
3272 2147 3358 2184 eos
3407 2131 3471 2184 de

1854 2273 1857 2276 .
1892 2221 2164 2290 ραταιϋεο,
2187 2228 2263 2300 (5)
2278 2238 2325 2280 et
2340 2220 2582 2279 habitare
2598 2223 2815 2293 feciteos
2849 2230 3034 2273 contra
3066 2222 3377 2289 paradisum
3422 2222 3467 2275 ⁷.

1893 2314 2010 2369 Non
2040 2315 2135 2380 ait,
2168 2315 2271 2369 sub
2308 2313 2585 2382 paradiso.
2625 2311 2691 2365 Et
2718 2314 2892 2381 posuit
2944 2315 3261 2381 romplut'am
3310 2313 3472 2381 ﬂant-

1892 2423 2085 2468 meam,
2115 2416 2162 2459 et
2190 2404 2473 2460 Clterubim
2503 2405 2767 2458 custodire
2800 2405 3078 2458 introitu»:
3112 2405 3239 2473 ligni
3284 2406 3403 2459 vita:
3427 2405 3470 2460 ³.

1892 2495 2011 2550 Non
2061 2496 2217 2560 dixit,
2273 2509 2585 2549 ascensum.
2639 2493 2708 2547 Et
2758 2495 2949 2562 ﬂuvius
2997 2498 3360 2565 egrediebatur
3409 2512 3474 2551 ea:

1895 2587 2045 2643 Eden
2072 2590 2129 2654 ’;
2183 2602 2290 2642 non
2325 2586 2482 2650 dixit,
2513 2585 2797 2641 descendit
2840 2602 2906 2640 ex
2942 2585 3108 2640 Eden.
3141 2587 3252 2641 Iste
3283 2588 3476 2642 dividi-

1894 2689 1979 2730 tur
2010 2679 2064 2730 in
2115 2687 2342 2747 quatuor
2373 2676 2635 2745 principia
2662 2690 2680 2727 :
2711 2691 2895 2740 nomen
2926 2676 3018 2728 uni
3049 2674 3269 2740 Phison,
3301 2688 3349 2731 et
3380 2695 3475 2732 no-

1896 2785 2009 2821 men
2037 2768 2254 2820 secundi
2286 2766 2462 2821 Gehon
2496 2767 2563 2822 ¹⁰.
2592 2766 2705 2836 Ego
2735 2766 2840 2820 vidi
2872 2782 3042 2836 aquas
3067 2765 3278 2833 Gehon,
3304 2783 3476 2838 aquas

1891 2876 2027 2930 quas
2052 2860 2134 2914 his
2148 2859 2362 2913 carneis
2389 2858 2564 2914 oculis
2596 2858 2807 2927 aspexi.
2830 2857 2935 2912 Iste
2971 2866 3055 2911 est
3083 2856 3291 2923 Gchon,
3310 2876 3471 2930 quem

1888 2950 2152 3006 Jeremias
2213 2951 2551 3005 demonstrat
2600 2948 2832 3005 dicens:
2869 2948 3010 3015 Quid
3067 2950 3207 3003 vobis
3277 2960 3327 3004 et
3378 2952 3474 3004 via:

1889 3042 2131 3112 Egypti,
2164 3053 2217 3095 ut
2259 3042 2451 3095 bibatis
2495 3058 2685 3112 aquam
2721 3040 2894 3095 Gelton
2924 3040 3188 3095 turbidam
3221 3042 3307 3095 “7
3356 3042 3473 3095 Bibi

225 3144 353 3197 cere,
392 3133 683 3188 diabolum
722 3134 772 3188 id
808 3150 1027 3189 rursum
1074 3133 1319 3190 futurum
1350 3152 1472 3192 esse
1500 3136 1646 3207 quod
1677 3136 1789 3193 fue-
1820 3133 1860 3189 C
1894 3142 1948 3189 et
1976 3134 2043 3189 de
2083 3150 2281 3205 magno
2322 3135 2543 3189 flumine
2575 3133 2653 3203 (4)
2685 3133 2961 3204 Euphrate
2996 3147 3167 3203 aquas
3212 3134 3475 3205 simplici-

225 3229 377 3286 rat,et
394 3224 459 3278 ad
484 3224 742 3279 eamdem
763 3225 1061 3280 rediturum
1086 3226 1429 3296 dignitatem,
1449 3236 1503 3283 et
1521 3244 1789 3283 conscen-

225 3323 391 3366 surnm
419 3330 590 3385 regna
625 3317 912 3371 cmlorum.
941 3315 1083 3371 Proh
1108 3316 1259 3371 nefas
1286 3319 1297 3371 !
1324 3319 1446 3388 quis
1470 3329 1579 3373 tam
1602 3336 1792 3376 vecors

225 3412 269 3454 et
313 3406 565 3471 stolidus,
602 3418 663 3460 ut
687 3406 792 3461 hoc
824 3408 1071 3477 recipiat,
1113 3410 1258 3479 quod
1299 3418 1524 3466 sanctus
1555 3410 1793 3468 Joannes

226 3482 539 3563 Baptista,et
564 3496 784 3561 Petrus,
812 3506 863 3553 et
898 3497 1136 3555 Joannes
1166 3502 1448 3570 apostolus
1480 3511 1535 3556 et
1561 3518 1794 3574 evange-

224 3582 350 3650 lista,
374 3586 542 3643 Isaias
573 3604 817 3658 quoque,
848 3598 901 3643 et
930 3588 1193 3646 Jeremias
1226 3602 1279 3646 et
1302 3592 1495 3662 reliqui
1515 3594 1793 3662 prepheta:

224 3677 518 3735 cohzeredes
566 3680 703 3734 fiant
750 3680 952 3735 diaboli
995 3683 1049 3735 in
1102 3697 1270 3753 regno
1301 3684 1604 3737 cmlorum?
1648 3683 1795 3740 Prae-

224 3775 353 3825 tereo
386 3772 648 3828 frivolam
680 3774 801 3842 ejus
832 3776 1229 3845 expositionem
1262 3792 1423 3846 super
1449 3776 1651 3832 tunicis
1682 3778 1794 3847 pel-

226 3860 384 3924 liceis.
414 3876 632 3937 quanto
664 3875 885 3931 conatu,
933 3868 1258 3938 quantisque
1293 3870 1463 3939 egerit
1503 3885 1795 3940 argumeno

225 3950 302 4017 tis,
332 3963 387 4007 ut
418 3957 645 4009 tunicas
679 3958 933 4026 pelliceas
976 3958 1210 4011 humana
1244 3973 1367 4013 esse
1405 3974 1636 4028 corpora
1671 3975 1792 4015 cre-

223 4041 479 4101 deremus.
517 4048 629 4114 Qui
680 4048 823 4101 inter
868 4049 1037 4102 multa
1087 4048 1163 4101 ait
1196 4068 1209 4103 :
1243 4047 1499 4120 Nunquid
1532 4051 1792 4105 coriarius

222 4143 303 4186 aut
325 4139 686 4192 sordiscarius
724 4137 821 4210 [aL
855 4139 1220 4212 storlisarius]
1248 4148 1362 4194 erat
1395 4140 1554 4204 Deus,
1587 4151 1641 4194 ut
1672 4158 1795 4195 con-

223 4223 379 4289 ﬁceret
408 4230 571 4295 pelles
610 4229 947 4293 animalium,
974 4238 1023 4282 et
1055 4240 1325 4284 consueret
1373 4247 1436 4284 ea:
1467 4232 1541 4285 eis
1586 4232 1793 4286 tunicas

221 4316 447 4375 pelliceas
497 4320 679 4372 Adam
724 4329 773 4372 et
820 4319 984 4376 va?
1024 4318 1371 4389 Manifestum
1415 4332 1666 4393 estergo,
1711 4322 1793 4376 in-

221 4406 359 4470 quit,
402 4410 543 4477 quod
593 4410 657 4462 de
713 4411 1024 4477 corporibus
1077 4412 1272 4464 nostris
1328 4411 1595 4481 loquatur.
1646 4411 1709 4465 iit
1745 4413 1789 4467 si

226 4492 312 4549 hoc
343 4499 413 4551 ita
446 4508 557 4565 est,
616 4502 895 4569 quomodo
926 4502 1156 4572 legimus
1186 4509 1311 4555 ante
1346 4503 1599 4570 pelliceas
1636 4502 1787 4556 tuni-

223 4603 322 4655 cas,
362 4601 412 4648 et
452 4603 587 4649 ante
639 4593 1078 4657 inobedientiam,
1107 4601 1160 4646 et
1190 4593 1255 4647 de
1285 4593 1539 4662 paradiso
1574 4595 1786 4648 ruinam

226 4682 376 4738 Adam
418 4687 737 4757 loquentem
789 4703 896 4741 non
950 4685 1251 4742 secundum
1301 4686 1638 4756 allegoriam,
1692 4688 1786 4741 sed

288 4798 299 4826 '
335 4797 695 4863 Psal.cxvm,
732 4801 822 4854 67.
899 4802 919 4830 '
958 4798 1101 4853 Psal.
1132 4813 1278 4862 cxrv,
1317 4799 1366 4853 7.

224 4861 419 4929 tutam,
470 4871 566 4924 at.
643 4861 834 4924 “ibid.
934 4870 955 4900 ο
992 4871 1128 4927 Gen.
1189 4884 1247 4934 ιι,
1303 4870 1389 4924 to.

226 4948 308 4998 tu,
339 4938 390 5001 2,
419 4939 471 4991 ι.

1471 4870 1512 4901 ¹⁰
1555 4870 1687 4924 ibid.

289 5050 356 5115 (1)
395 5052 750 5105 Ambrosian.
799 5054 1017 5121 triginta
1048 5060 1320 5114 numerat,
1354 5050 1449 5121 alii
1485 5064 1618 5121 mss.
1654 5065 1788 5115 qua-

224 5118 492 5188 draginta;
523 5122 618 5192 sed
660 5124 803 5188 quod
837 5118 1041 5192 optime
1068 5137 1193 5177 ante
1221 5137 1323 5177 nos
1354 5118 1628 5192 Victorius
1654 5133 1785 5185 quo.

226 5201 318 5259 que
352 5190 889 5259 animadverteraﬂ
912 5201 1194 5259 propterea
1242 5191 1509 5259 octoginta
1542 5192 1793 5259 nominat

228 5252 575 5325 Epiphanius,
621 5261 781 5328 cujus
821 5252 935 5314 haec
985 5252 1069 5315 est
1118 5252 1381 5329 epistola,
1407 5258 1550 5327 quod
1597 5266 1791 5310 contra

224 5328 435 5381 totidem
455 5330 703 5400 lmreses
730 5331 1038 5400 scripserit,
1067 5328 1190 5400 quas
1219 5332 1286 5383 ad
1320 5346 1417 5383 sua
1452 5343 1622 5396 usque
1653 5335 1789 5380 tem-

228 5408 341 5459 pora
372 5399 732 5464 pullularant.

206 5496 209 5497 ν
287 5467 361 5535 12)
401 5465 547 5538 llinc
586 5469 825 5537 Origenis
865 5483 1087 5531 nomen,
1120 5469 1265 5538 quod
1301 5484 1476 5537 neque
1523 5482 1655 5522 mss.
1696 5481 1793 5520 ne-

226 5546 320 5599 que
351 5536 482 5606 aliti
525 5536 858 5591 vetustiores
889 5538 1110 5602 habent,
1140 5536 1534 5606 expunximus.

286 5606 359 5670 (ὃ)
401 5603 592 5659 Vatic.
628 5615 677 5659 et
726 5616 884 5661 vetus
931 5607 1099 5663 editio
1149 5603 1389 5660 habitare
1412 5606 1559 5727 (fecit
1608 5614 1795 5661 contra

289 5676 553 5727 radium.
600 5685 646 5727 ct
674 5693 773 5727 non
806 5677 997 5727 adiecit
1029 5694 1115 5727 eos
1152 5677 1246 5727 sub
1278 5692 1408 5727 para
1449 5676 1549 5727 iso.

289 5676 553 5741 radium,
600 5685 646 5728 ct
674 5693 773 5731 non
806 5677 997 5746 adjecit
1029 5694 1115 5732 eos
1152 5677 1246 5731 sub
1276 5676 1549 5744 paradiso.

1447 4801 1467 4830 ³
1506 4799 1651 4855 Psal.
1684 4815 1831 4858 cui,
1855 4797 1906 4850 8.

1774 4868 1977 4934 11,15.

1898 3235 2001 3293 ter,
2041 3242 2181 3297 quas
2231 3241 2396 3279 manu
2430 3233 2584 3295 potes
2631 3233 2875 3294 tangere,
2919 3239 3014 3279 ore
3064 3225 3309 3289 sorbere,
3366 3241 3474 3281 non

1896 3334 2068 3389 aquas
2112 3317 2409 3388 spiritales.
2451 3316 2550 3372 Ubi
2592 3327 2775 3372 autem
2826 3317 3049 3370 ﬂumina
3083 3329 3231 3382 sunt,
3262 3334 3383 3388 quae
3422 3328 3476 3374 et

1894 3412 2149 3465 videntur
2194 3418 2249 3464 et
2300 3410 2590 3474 bibuntur,
2625 3409 2698 3464 ibi
2746 3424 3091 3479 consequens
3130 3418 3215 3465 est
3250 3411 3393 3479 quod
3422 3419 3478 3465 et

1897 3501 2030 3556 ficus
2061 3509 2115 3556 et
2156 3501 2261 3555 alia
2292 3501 2434 3571 ligna
2482 3501 2592 3556 sint
2620 3518 2633 3553 :
2663 3500 2730 3554 de
2769 3501 2968 3570 quibus
3004 3501 3135 3555 dicit
3173 3501 3354 3557 Deus:
3394 3502 3476 3555 Ex

1896 3593 2038 3647 omni
2078 3593 2219 3663 ligno
2260 3593 2398 3664 quod
2431 3601 2508 3645 est
2545 3593 2596 3645 in
2620 3591 2873 3660 paradiso
2906 3592 3140 3647 comedes
3180 3595 3223 3625 ¹²
3255 3612 3269 3647 :
3315 3594 3476 3663 262

1896 3684 2095 3740 similia
2132 3693 2260 3738 sunt
2303 3684 2464 3754 lignis
2498 3683 2621 3738 aliis
2663 3692 2715 3737 et
2746 3683 3034 3737 arboribus
3065 3683 3162 3753 (5),
3208 3683 3352 3737 sicut
3375 3684 3478 3736 llu-

1895 3777 2041 3830 mina
2092 3776 2292 3834 similia
2338 3784 2466 3830 sunt
2513 3773 2828 3830 ﬂuminibus
2876 3782 2931 3829 et
2979 3774 3156 3843 aquis.
3204 3772 3260 3826 Si
3296 3785 3474 3828 autem

1896 3883 2035 3938 aqua
2064 3884 2187 3937 qua:
2232 3869 2493 3931 cernitur,
2532 3882 2657 3922 vere
2704 3882 2845 3936 aqua
2898 3876 3001 3931 est,
3036 3880 3264 3921 necesse
3302 3874 3383 3919 est
3414 3874 3473 3920 ut

1895 3969 1949 4015 et
1978 3959 2112 4014 licus
2145 3973 2269 4012 vera
2304 3960 2396 4023 sit,
2430 3966 2485 4013 et
2514 3958 2619 4011 alia
2654 3958 2798 4027 ligna
2828 3973 2840 4007 :
2875 3964 2931 4011 et
2966 3956 3137 4011 Adam
3168 3972 3331 4012 verus
3357 3966 3473 4012 sta-

1896 4047 1993 4099 tim
2027 4060 2056 4098 a
2088 4045 2353 4115 principio
2377 4045 2679 4114 plasmatus
2707 4044 2761 4098 in
2789 4060 3035 4113 corpore.
3069 4046 3212 4099 sicut
3244 4054 3297 4101 et
3330 4045 3464 4111 Eva,

1895 4145 1948 4188 et
2009 4151 2117 4189 non
2172 4135 2227 4189 in
2275 4134 2675 4205 phantasmate,
2726 4144 2780 4189 et
2826 4143 2947 4204 post
2990 4134 3204 4188 ruinam
3233 4134 3315 4205 (ut
3361 4136 3476 4189 vult

1898 4224 2182 4296 Origenes)
2214 4232 2434 4296 propter
2468 4232 2751 4295 peccatum
2786 4232 2974 4295 postea
3006 4240 3207 4294 corpus
3249 4240 3476 4295 accepe-

1912 4316 2005 4370 rit.
2041 4315 2145 4371 Sed
2177 4316 2317 4371 dicis
2347 4335 2359 4370 :
2395 4315 2650 4386 Legimus
2697 4315 2839 4385 quod
2882 4323 3105 4371 sanctus
3142 4312 3341 4368 Paulus
3389 4327 3478 4368 ra-

1903 4417 2027 4477 ptus
2053 4408 2125 4461 sit
2157 4423 2332 4477 usque
2358 4407 2424 4461 ad
2457 4405 2676 4460 tertium
2713 4405 2933 4469 cmlunt,
2961 4412 3013 4459 et
3041 4420 3209 4474 usque
3237 4406 3288 4456 in
3318 4420 3478 4473 para-

1896 4499 2075 4553 disum
2111 4500 2172 4552 ¹³.
2202 4498 2344 4553 Bene
2374 4499 2513 4553 dicis
2539 4517 2550 4551 :
2575 4497 2806 4562 Quando
2830 4499 2979 4566 ponit
3005 4496 3222 4550 tertium
3255 4496 3477 4555 coslum,

1896 4599 1950 4645 et
2002 4600 2191 4661 postea
2240 4590 2410 4653 addit,
2465 4597 2518 4643 et
2563 4590 2616 4643 in
2668 4590 3006 4659 paradisum,
3062 4587 3299 4641 ostendit
3352 4585 3479 4639 alibi

1898 4699 2020 4738 esse
2055 4683 2274 4743 emtum,
2309 4689 2363 4736 et
2397 4680 2526 4734 alibi
2579 4678 2918 4749 paradisum.
2956 4676 3079 4732 illas
3111 4690 3238 4727 vero
3279 4675 3481 4743 praesti-

2534 4791 2554 4821 ⁸
2596 4788 2729 4843 Gen.
2765 4805 2822 4850 Il,
2849 4787 2939 4840 25.
3043 4785 3062 4813 ⁶
3103 4783 3232 4838 ibid.
3264 4784 3353 4844 21,
3386 4783 3481 4838 22.

1988 4798 2006 4827 ⁸
2047 4796 2190 4850 Psal.
2231 4810 2377 4855 cxuv,
2404 4792 2456 4846 9.
2534 4792 2554 4821 ⁵
2596 4792 2729 4843 Gen.
2765 4805 2822 4850 Il,
2849 4792 2939 4840 23.
3043 4792 3062 4813 ⁶
3103 4792 3232 4838 ibid.
3264 4792 3353 4844 ‘21,
3386 4792 3475 4838 ‘22.

2058 4868 2099 4897 ”
2140 4865 2340 4919 Jerem.
2386 4876 2446 4921 ιι,
2482 4860 2567 4913 10.
2647 4860 2689 4889 ¹²
2730 4856 2865 4911 Gen.
2913 4871 2972 4921 ιι,
3017 4852 3106 4907 ili.
3186 4853 3226 4883 ¹³
3268 4852 3308 4904 Il
3349 4851 3475 4907 Cor.

2058 4868 2099 4897 ”
2140 4865 2340 4919 Jerem.
2386 4876 2446 4924 ιι,
2482 4860 2567 4913 10.

1970 5044 2045 5113 (λι)
2088 5044 2269 5113 Antea?
2304 5056 2470 5113 penes
2514 5038 2765 5113 Martiali.
2810 5036 3079 5105 aliosque,
3131 5036 3211 5113 d‘e_
3233 5036 3329 5087 hoc
3369 5052 3480 5088 ηια-

1898 5105 2037 5183 9ιιὸ.’
2076 5114 2192 5167 Mox
2243 5105 2362 5165 dine
2394 5108 2930 5183 prioreseditiones.
2967 5122 3056 5183 ae_
3079 5105 3301 5159 totidem
3335 5121 3476 5183 mss.

1898 5176 2122 5247 ﬂumina
2153 5192 2274 5236 sunt
2322 5192 2370 5234 et
2394 5176 2567 5246 'aqua:
2602 5180 2851 5230 bibuntur
2892 5186 2941 5229 et
2974 5176 3216 5229 videntur
3244 5192 3261 5226 :
3298 5178 3481 5229 rectis-

1901 5269 2057 5309 Slllte.

1973 5323 2049 5391 (5)
2089 5320 2464 5391 Duosversus
2507 5318 2665 5391 istos,
2710 5316 2907 5391 similia
2956 5323 3077 5391 sunt
3126 5312 3288 5382 lignis
3332 5313 3480 5376 aliis,

1903 5385 2010 5445 rte.
2034 5385 2324 5443 Victorius
2354 5389 2636 5455 expunxit,
2682 5385 2827 5451 quod
2884 5385 2937 5437 in
2970 5385 3087 5436 suis
3127 5398 3259 5438 mss.
3291 5399 3480 5455 εχει-ης

1905 5461 2149 5531 plarihus
2183 5453 2645 5531 non_inv_enisset,
2683 5463 2738 5531 et
2771 5469 2992 5507 sensum
3024 5455 3344 5531 perturbare
3376 5453 3479 5505 Silii

1904 5524 2243 5586 riderentur.
2296 5526 2459 5581 [\ohis
2512 5542 2542 5578 e
2586 5530 2775 5575 contra
2812 5539 2936 5575 cum
2974 5524 3110 5577 satis
3157 5524 3324 5592 probe
3363 5538 3477 5575 seu.

1906 5617 2027 5657 sum
2077 5596 2329 5667 persequi
2372 5596 2471 5667 visi
2520 5593 2651 5667 sint,
2682 5608 2745 5646 ex
2780 5593 2961 5667 tribus
2996 5608 3129 5647 mss.
3161 5592 3477 5663 antiquissi-

1908 5673 2033 5734 mis,
2069 5664 2231 5737 atque
2260 5664 2425 5721 editis
2456 5664 2713 5718 omnibus
2746 5664 3113 5733 reposuimus.
