3948 6196
465 278 572 335 m7

1848 232 1911 302 ἓ.
1952 241 2291 301 ΕΡΙΡΗΛΝΙΙ

3600 245 3722 305 3‘38

460 373 589 440 gias
642 372 765 443 quis
816 387 923 426 non
977 371 1162 426 statim
1216 368 1439 439 abjiciat
1482 376 1643 439 atque
1694 376 2046 424 contemnat:
2077 368 2126 427 A
2153 369 2330 426 hostis
2356 368 2609 426 exstitit?
2644 370 2791 425 lnter
2831 368 3002 425 multa
3026 369 3173 426 enim
3214 370 3358 425 mala
3403 370 3566 426 etiam
3594 368 3732 426 illud

467 461 691 520 dicente
721 464 955 533 Origene
990 463 1057 517 de
1104 462 1267 531 aquis
1295 478 1416 531 qua:
1453 477 1619 532 super
1647 461 2051 516 firmamentum

472 562 625 619 sunt,
656 570 763 609 non
785 569 907 610 esse
940 568 1132 624 aquas,
1156 553 1253 609 sed
1284 553 1635 610 fortitudines
1664 554 1931 625 quasdam
1956 568 2055 608 an-

473 649 660 717 gelica:
697 648 1008 718 potestatis,
1033 657 1088 703 et
1131 663 1353 703 rursum
1385 663 1559 719 aquas
1585 664 1707 719 quae
1739 663 1908 719 super
1940 656 2053 703 ter-

475 756 591 793 ram
625 750 776 801 sunt,
828 740 932 795 hoc
965 746 1071 800 est.
1108 739 1213 794 sub
1247 741 1615 805 firmamento,
1665 755 1790 797 esse
1826 740 2053 796 virtutes

471 831 800 892 contrarias,
838 830 890 885 id
919 839 1025 894 est,
1060 832 1376 887 daemones?
1403 830 1469 886 Et
1496 832 1770 901 quomodo
1801 831 2051 902 legimus,

476 919 530 971 in
564 918 769 973 diluvio
797 929 1015 989 apertas
1042 929 1349 978 cataractas
1376 922 1502 977 (ιωιὶ
1533 924 1575 987 ⁸,
1608 930 1661 977 et
1688 937 1860 992 aquas
1894 922 2054 976 inun-

472 1005 636 1060 dasse
666 1006 896 1060 diluvii?
942 1008 1085 1062 unde
1132 1009 1307 1079 aperti
1351 1019 1484 1065 sunt
1535 1009 1713 1066 fontes
1762 1010 1968 1081 abyssi,
2000 1018 2055 1065 et

473 1103 622 1151 totus
650 1097 893 1153 mundus
921 1105 1147 1168 opertus
1171 1107 1255 1154 est
1282 1101 1461 1169 aquis.

542 1186 633 1241 Vl.
674 1188 718 1242 Ο
749 1189 897 1243 furor
929 1190 1215 1244 hominum
1241 1191 1472 1259 junctus
1510 1190 1778 1255 stultitiae,
1805 1191 1897 1261 qui
1928 1191 2055 1246 reli-

465 1288 713 1350 querunt
767 1280 900 1335 illud
951 1281 1096 1350 quod
1156 1281 1213 1335 in
1256 1281 1569 1337 Proverbiis
1615 1282 1856 1338 dicitur:
1888 1281 2053 1349 Audi,

471 1367 577 1437 ﬁli,
606 1384 898 1421 sermonem
927 1370 1230 1437 patris’tui,
1249 1379 1297 1424 e:
1321 1385 1385 1423 ne
1412 1369 1637 1439 abjicias
1671 1372 1832 1441 legem
1867 1372 2054 1425 matris

472 1469 579 1512 tute
616 1461 661 1522 ¹,
708 1469 763 1513 et
813 1459 1069 1514 conversi
1123 1467 1254 1514 sunt
1310 1461 1377 1516 ad
1425 1476 1690 1526 errorem,
1746 1473 1800 1517 et
1843 1462 2035 1517 dicunt

464 1551 661 1614 stulto,
693 1556 753 1603 ut
788 1550 1043 1620 princeps
1073 1551 1160 1606 Sui
1201 1552 1306 1620 sit;
1340 1568 1441 1607 nec
1466 1561 1831 1608 contemnunt
1856 1570 1945 1609 res
1972 1554 2053 1608 fa-

472 1648 675 1704 tuatas,
706 1656 827 1710 quae
867 1642 1132 1696 dicuntur
1180 1657 1211 1696 a
1245 1641 1415 1709 fatuo,
1468 1644 1615 1699 sicut
1658 1643 1939 1714 Scriptura
1970 1654 2054 1699 te-

2154 478 2323 519 ansus
2371 473 2457 519 est
2498 462 2702 528 dicere,
2736 463 3043 534 perdidisse
3070 463 3361 533 imaginem
3400 459 3497 516 Dei
3535 461 3731 527 Adam,

2153 570 2279 610 cum
2309 555 2415 610 hoc
2446 554 2500 609 in
2550 556 2701 610 nullo
2726 556 2946 626 penitus
2972 556 3094 610 loco
3125 554 3406 625 Scriptura
3440 553 3734 625 significet.

2156 646 2215 701 Si
2252 646 2399 702 enim
2447 648 2521 701 ita
2562 655 2732 714 esset,
2764 661 3044 717 nunquam
3077 646 3259 701 omnia
3289 660 3409 716 quae
3436 645 3492 699 in
3528 645 3739 700 mundo

2155 746 2307 803 sunt,
2338 738 2611 794 servirent
2654 739 2852 795 semini
2898 739 3092 805 Adam,
3128 737 3183 792 id
3211 744 3318 803 est,
3351 738 3613 792 universo
3641 752 3735 807 ge-

2156 828 2293 884 neri.
2320 828 2627 894 hominum,
2678 828 2825 883 sicut
2869 835 2923 884 et
2974 826 3213 884 Iacobus
3249 827 3530 897 apostolus
3560 828 3736 897 loqui-

2158 927 2292 975 tur:
2327 919 2523 974 Omnia
2566 919 2888 983 domantur,
2940 928 2991 973 et
3037 918 3274 987 subjecta
3329 928 3449 972 sunt
3492 917 3735 972 humana

2156 1023 2364 1065 naturte
2399 1012 2441 1064 ⁸.
2477 1010 2764 1081 Nunquam
2794 1010 2937 1065 enim
2970 1011 3224 1065 universa
3274 1010 3521 1079 subjecta
3551 1017 3738 1065 essent

2157 1102 2496 1169 hominibus,
2537 1104 2583 1158 si
2611 1118 2719 1156 non
2752 1102 3015 1158 haberent
3044 1101 3294 1157 homines
3321 1101 3473 1170 juxta
3501 1101 3554 1155 id
3582 1100 3731 1169 quod

2158 1196 2430 1252 universis
2485 1196 2846 1267 imperarent,
2893 1195 3183 1265 imaginem
3229 1194 3344 1249 Dei.
3390 1192 3740 1262 Conjuugens

2157 1298 2337 1343 autem
2366 1294 2529 1357 atque
2580 1286 2907 1341 consocians
2961 1284 3244 1355 Scriptura
3285 1283 3467 1338 divina
3508 1286 3741 1354 gratiam

2158 1377 2579 1444 benedicﬁonis,
2631 1393 2796 1447 quam
2830 1376 3000 1430 Adam
3048 1375 3367 1439 donaverat,
3402 1381 3459 1430 et
3510 1389 3745 1445 genera-

2158 1470 2402 1525 tionibus
2434 1484 2555 1539 quae
2587 1485 2650 1525 ex
2676 1468 2968 1531 eo'erant,
3005 1482 3071 1522 ne
3100 1467 3193 1538 qui
3227 1467 3456 1522 forsitan
3498 1466 3743 1537 maligna

2158 1562 2608 1632 interpretatione
2641 1554 2907 1615 auderent
2937 1558 3137 1622 dicere,
3174 1557 3267 1612 uni
3294 1557 3473 1611 datam
3504 1559 3738 1627 gratiam

2159 1651 2254 1708 Dei
2285 1660 2339 1707 et
2385 1652 2540 1706 illum
2568 1651 2746 1705 solum
2784 1648 2989 1704 factum
3018 1664 3141 1704 esse
3170 1647 3237 1701 ad
3274 1647 3562 1715 imaginem
3594 1645 3692 1699 Dei
3721 1663 3738 1699 :

465 1739 653 1786 statur
683 1751 697 1788 :
731 1731 940 1785 Fatuus
991 1742 1165 1787 autem
1201 1734 1352 1803 fatuo
1406 1735 1659 1805 loquitur,
1714 1746 1765 1790 et
1809 1752 1900 1790 cor
1943 1738 2056 1803 ejus
2090 1724 2288 1812 Bquia
2330 1742 2633 1812 plasmatus
2680 1745 2828 1794 esset
2867 1752 2932 1792 ex
2985 1737 3173 1802 humo,
3212 1744 3267 1791 et
3314 1750 3539 1789 uxorem
3592 1733 3741 1804 ejus,

469 1836 608 1878 rana
654 1824 898 1894 intelligit
934 1825 976 1878 ⁸.
1028 1824 1185 1881 Unde
1214 1827 1446 1881 obsecro
1476 1834 1548 1891 te,
1595 1827 1972 1896 dilectissime,
2002 1837 2056 1883 et

468 1917 630 1981 quasi
687 1916 949 1972 membris
1002 1916 1138 1972 meis
1166 1933 1421 1988 parcens,
1457 1927 1680 1990 propter
1729 1920 2053 1975 charitatem

465 2023 634 2078 quam
680 2008 734 2062 in
769 2015 823 2061 te
873 2008 1069 2074 habeo,
1120 2025 1315 2079 precor
1362 2009 1610 2065 scribens
1653 2020 1707 2066 et
1755 2026 1943 2076 orans,
1997 2018 2056 2064 ut

466 2101 700 2171 impleas
731 2100 863 2155 illud
890 2102 1036 2171 quod
1068 2101 1272 2155 dicitur
1302 2121 1315 2156 :
1356 2101 1546 2157 Nonne
1576 2103 1817 2158 odientes
1845 2113 1913 2167 te,
1954 2102 2055 2157 Bo-

467 2195 627 2257 miue,
645 2192 804 2258 odivi,
832 2202 882 2247 et
911 2210 1067 2263 super
1092 2194 1334 2248 inimicos
1368 2204 1487 2250 tuos
1509 2196 1835 2251 tabescebam
1858 2197 1919 2252 “l
1943 2196 2056 2251 Ιιιί-

467 2286 612 2338 mica
659 2291 716 2340 et
750 2284 913 2355 digna
956 2285 1086 2339 odio
1134 2284 1387 2356 Origenis
1425 2288 1591 2341 verba
1645 2295 1793 2354 sunt,
1840 2295 1895 2344 et
1944 2286 2055 2343 Deo

468 2373 857 2441 repugnantia,
890 2379 944 2425 et
972 2375 1181 2428 sanctis
1212 2374 1353 2442 ejus,
1394 2382 1449 2429 et
1496 2391 1604 2429 non
1639 2377 1744 2429 ista
1782 2377 1902 2432 sola
1934 2379 2085 2448 qua!

462 2462 609 2525 dixi,
640 2462 737 2516 sed
777 2469 830 2515 et
872 2462 978 2515 alia
1023 2463 1468 2518 innumerabilia.
1500 2465 1688 2535 Neque
1724 2468 1871 2521 enim
1906 2484 2055 2524 nunc

467 2554 605 2609 mihi
638 2554 979 2624 propositum
1008 2564 1093 2609 est
1141 2555 1407 2611 adversus
1450 2558 1634 2611 omnia
1677 2558 1928 2629 Origenis
1954 2561 2055 2615 do—

464 2654 653 2716 gmata
699 2645 1003 2716 disputare.
1053 2644 1202 2700 Nihil
1242 2647 1380 2701 mihi
1438 2647 1716 2720 subripuit
1769 2632 2052 2721 Origenes,

466 2751 572 2792 nec
607 2736 662 2791 in
696 2753 817 2791 mea
857 2739 1215 2808 generatione
1241 2738 1347 2794 fuit
1381 2759 1394 2795 :
1438 2755 1540 2797 nec
1586 2752 1809 2813 propter
1841 2744 2055 2813 aliquas

471 2845 564 2885 res
599 2830 789 2885 mundi
821 2839 875 2885 et
902 2831 1305 2897 hmreditatem,
1333 2833 1522 2889 odium
1555 2834 1844 2891 adversum
1878 2836 2051 2902 illum,

465 2937 790 2994 pugnasque
840 2924 1059 2993 suscepi
1104 2943 1117 2978 :
1170 2924 1302 2987 sed,
1355 2932 1417 2979 ut
1471 2926 1799 2996 simpliciter
1857 2928 2052 2991 fatear,

465 3015 646 3081 doleo,
689 3023 743 3069 et
774 3013 936 3068 valde
974 3015 1151 3078 doleo,
1178 3014 1373 3071 videns
1405 3016 1675 3085 plurimos
1702 3017 1954 3085 fratrum,
2002 3027 2056 3075 et

465 3122 658 3162 eorum
691 3107 983 3175 praecipue,
1011 3106 1105 3175 qui
1136 3105 1536 3176 professionem
1566 3110 1770 3164 habent
1799 3127 1909 3166 non
1948 3112 2056 3166 mi-

468 3198 697 3260 nimam,
738 3204 793 3250 et
820 3198 873 3251 in
904 3196 1133 3267 gradum
1163 3211 1383 3266 quoque
1413 3198 1712 3254 sacerdotii
1747 3202 2051 3257 maximum

466 3296 861 3360 pervenerunt,
894 3289 1017 3357 ejus
1058 3289 1515 3360 persuasionibus
1546 3290 1826 3361 deceptos,
1859 3302 1912 3348 et
1941 3309 2059 3364 per-

466 3382 786 3436 versissima
837 3382 1088 3436 doctrina
1139 3382 1294 3437 cibos
1343 3382 1520 3439 factos
1551 3399 1676 3440 esse
1708 3384 1913 3439 diaboli
1949 3403 1963 3439 :
2000 3386 2055 3440 in

468 3472 669 3541 quibus
717 3472 1047 3541 completum
1083 3483 1169 3527 est
1213 3472 1367 3537 illud,
1417 3473 1564 3543 quod
1608 3474 1854 3529 dicitur:
1888 3475 2056 3544 Super

466 3576 672 3618 onmem
702 3565 1047 3617 munitionem
1073 3564 1229 3626 ludit,
1261 3573 1309 3619 et
1340 3582 1473 3620 esca:
1494 3566 1607 3636 ejus
1635 3568 1835 3633 electw,
1857 3577 1904 3621 et
1928 3585 2055 3623 con-

464 3656 699 3727 gregavit
752 3658 888 3711 sicut
949 3672 1166 3710 arenam
1211 3659 1568 3725 captivitatem
1623 3660 1665 3712 ⁸.
1722 3658 1799 3716 Te
1848 3669 2050 3729 autem,

466 3748 658 3812 frater,
686 3748 881 3803 liberet
913 3747 1078 3814 Deus,
1120 3753 1175 3803 et
1219 3756 1473 3804 sanctum
1521 3751 1782 3821 populum
1825 3752 2052 3822 Christi,

460 3840 559 3910 qui
593 3840 695 3895 tibi
750 3840 991 3896 creditus
1024 3847 1127 3908 cst,
1157 3850 1213 3896 et
1257 3854 1449 3897 omnes
1494 3841 1693 3899 fratres
1730 3844 1822 3915 qui
1874 3854 2053 3900 tecn‘m

464 3938 616 3993 sunt,
654 3938 709 3986 et
751 3930 990 3986 maxime
1028 3930 1291 3985 Rufinum
1326 3934 1704 4004 presbyterum
1747 3934 1818 3989 ab
1859 3934 2053 3991 haeresi

464 4021 745 4092 Origenis,
795 4032 849 4077 et
895 4020 964 4077 ab
1008 4022 1132 4077 aliis
1170 4021 1472 4076 haeresibus
1523 4030 1578 4076 et
1618 4023 1927 4094 perditione
1966 4040 2058 4081 ea-

469 4130 612 4168 rum.
652 4114 711 4169 Si
746 4116 890 4169 enim
922 4122 1149 4185 propter
1177 4128 1347 4168 unum
1382 4114 1633 4180 verbum,
1668 4124 1763 4169 aut
1797 4117 1906 4172 duo
1933 4134 2056 4188 quae

462 4206 743 4259 contraria
789 4207 911 4263 fidei
961 4218 1111 4273 sunt,
1149 4212 1337 4265 multa:
1377 4211 1614 4268 haereses
1658 4213 1885 4282 abjectae
1927 4224 2056 4270 sunt

467 4298 536 4351 ab
570 4297 838 4363 Ecclesia,
877 4309 1086 4369 quanto
1117 4304 1292 4372 magis
1330 4305 1418 4358 hic
1451 4305 1591 4359 inter
1621 4306 1908 4364 haereticos
1951 4310 2053 4364 ha-

464 4388 706 4453 bebitur,
741 4391 833 4458 qui
874 4400 1054 4448 tantas
1096 4399 1505 4464 perversitates,
1538 4406 1591 4451 et
1634 4405 1743 4452 tam
1784 4401 1922 4455 mala
1960 4401 2053 4455 do-

463 4487 648 4548 gmata
684 4489 876 4537 contra
920 4484 1079 4540 fidem
1114 4488 1412 4554 adinvenit,
1464 4490 1670 4561 Deique
1699 4500 1753 4547 et
1794 4491 2051 4551 Ecclesia:

545 4597 561 4665 ξ
602 4597 739 4651 Gen.
766 4616 863 4665 vlt,
896 4600 976 4654 ll.
1054 4604 1074 4633 ’
1113 4601 1276 4659 Prov.
1319 4622 1394 4665 Vl,
1424 4606 1514 4660 20.

462 4665 484 4692 τ
527 4664 661 4721 Gen.
702 4684 753 4731 v,
798 4670 849 4725 5.

1596 4607 1615 4638 ³
1654 4605 1759 4663 lsa.
1794 4626 1943 4666 χχχιι
1967 4653 1980 4676 ,
2010 4615 2062 4669 6.
2142 4615 2163 4647 ‘
2200 4611 2348 4666 Psal.
2384 4621 2648 4676 cxxxvtn,
2679 4606 2769 4658 2|.

930 4672 951 4703 ⁸
990 4670 1128 4728 Gen.
1165 4691 1256 4738 Ix,
1306 4676 1424 4731 4-6.
1500 4677 1521 4708 ⁹
1558 4676 1703 4733 Psal.
1759 4670 2000 4748 xxxvut',
2048 4685 2100 4739 7.

2152 1848 2323 1903 quam
2360 1842 2603 1888 creasset
2636 1832 2703 1886 de
2730 1839 2886 1887 costa
2918 1828 3016 1882 viri
3042 1846 3055 1894 ;
3087 1841 3183 1881 eos
3211 1840 3338 1881 vero
3370 1824 3445 1896 (6)
3475 1823 3567 1895 qui
3601 1839 3745 1878 con-

2157 1928 2476 1995 cipercntur
2525 1924 2578 1977 in
2639 1931 2831 1987 utero,
2891 1932 2945 1976 et
2994 1935 3102 1974 non
3154 1918 3229 1972 ita
3282 1925 3648 1972 nascerentur
3686 1926 3747 1970 ut

2158 2016 2351 2082 Adam,
2382 2015 2475 2072 Dei
2519 2032 2626 2071 non
2667 2017 2870 2071 habere
2902 2016 3216 2086 imaginem,
3256 2013 3440 2070 statim
3468 2028 3563 2084 per
3592 2012 3747 2067 ordi-

2158 2123 2282 2162 nem
2308 2109 2511 2179 jungit,
2572 2116 2627 2163 et
2667 2107 2840 2163 dicit:
2878 2106 2942 2161 Et
2983 2109 3111 2161 vixit
3142 2108 3314 2160 Adam
3353 2105 3601 2160 ducentos
3654 2106 3749 2157 tri.

2157 2204 2303 2272 ginta
2333 2218 2519 2267 annos,
2551 2210 2600 2256 et
2630 2202 2867 2271 cognovit
2904 2199 3066 2254 Evam
3106 2214 3322 2254 uxorem
3366 2214 3538 2263 suam,
3574 2205 3627 2251 et
3662 2213 3745 2266 pe-

2156 2294 2292 2361 perit
2335 2293 2384 2344 ei
2431 2291 2606 2360 ﬁlium
2657 2291 2822 2360 juxta
2875 2291 3096 2359 speciem
3156 2299 3204 2342 et
3255 2288 3415 2357 juxta
3460 2288 3747 2356 imaginem

2156 2381 2294 2451 ejus,
2336 2390 2387 2435 et
2434 2382 2637 2436 vorarit
2666 2399 2852 2436 nomen
2900 2382 3013 2451 ejus
3047 2380 3169 2436 Sella
3206 2381 3252 2435 ⁷.
3298 2378 3647 2448 Rursumque
3687 2378 3750 2432 in

2157 2472 2374 2527 decima
2412 2473 2764 2544 generatione
2809 2481 2931 2544 post
2959 2488 3133 2526 annos
3166 2471 3251 2527 bis
3284 2471 3429 2526 mille
3474 2469 3752 2525 ducentos

2156 2564 2522 2636 quadraginta
2571 2564 2709 2619 duos
2762 2566 2861 2635 (7),
2925 2565 3212 2620 vindicans
3266 2562 3407 2619 Deus
3452 2562 3753 2632 imaginem

2158 2670 2339 2721 suam,
2379 2662 2435 2709 et
2483 2654 2804 2720 ostendens,
2857 2655 3004 2725 quod
3055 2654 3231 2726 gratia
3276 2668 3440 2724 quam
3497 2651 3756 2707 dedisset

2157 2746 2475 2801 hominibus
2512 2756 2887 2819 perseveraret
2928 2747 2982 2800 in
3012 2748 3113 2810 eis,
3141 2746 3217 2800 ait
3246 2763 3259 2799 :
3297 2743 3379 2798 Ne
3408 2742 3755 2798 comederitis

2159 2853 2371 2892 carnem
2412 2839 2467 2890 in
2501 2840 2808 2908 sanguinem
2834 2836 2931 2909 [αι.
2967 2851 3089 2891 cum
3122 2833 3450 2906 sanguine];
3487 2848 3577 2903 ego
3606 2832 3754 2887 enim

2160 2930 2394 2984 ulciscar
2424 2931 2732 3001 sanguinem
2755 2940 2986 2984 vestrum
3017 2927 3082 2982 de
3124 2943 3285 2981 manu
3321 2926 3489 2979 omnis
3518 2924 3758 2978 heminis

2158 3024 2478 3096 eﬂundentis
2526 3022 2704 3085 illum,
2745 3021 2869 3091 quia
2901 3019 2969 3072 ad
3002 3019 3283 3089 imaginem
3321 3016 3415 3070 Dei
3444 3016 3545 3085 feci
3587 3015 3743 3069 liomi

2160 3134 2276 3173 nem
2324 3118 2368 3171 ⁸.
2418 3096 2642 3171 Necnon
2694 3121 2819 3184 post
2878 3112 3078 3167 alteras
3130 3110 3315 3165 decem
3363 3107 3757 3179 generationes

2160 3224 2339 3281 usque
2373 3208 2444 3263 ad
2472 3206 2771 3271 Abraham,
2800 3212 2855 3259 et
2900 3204 2970 3259 ab
2999 3202 3274 3258 Abraham
3313 3214 3489 3270 usque
3527 3200 3594 3255 ad
3646 3198 3757 3253 Da-

2156 3303 2248 3357 vid
2290 3301 2427 3357 alias
2468 3296 2851 3370 generationes
2902 3293 3344 3365 quattuordecim,
3382 3306 3504 3362 qua:
3552 3288 3756 3361 viginti

2159 3400 2400 3465 quatuor
2431 3387 2814 3461 generationes
2848 3387 3012 3442 simul
3035 3385 3243 3441 faciunt
3272 3398 3448 3438 annos
3475 3382 3561 3438 bis
3592 3380 3750 3437 mille

2157 3492 2377 3539 centum
2409 3485 2595 3538 decem
2640 3487 2695 3536 et
2730 3490 2975 3550 septem;
3030 3477 3271 3547 Spiritus
3305 3482 3533 3532 sanctus
3563 3475 3619 3529 in
3656 3476 3757 3530 tri-

2158 3577 2367 3631 cesimo
2392 3582 2589 3628 octavo
2618 3572 2850 3641 psalmo,
2888 3584 3013 3624 cum
3041 3575 3363 3639 quereretur
3392 3568 3458 3622 de
3488 3566 3759 3623 omnibus

2157 3662 2497 3726 hominibus,
2545 3662 2694 3732 quod
2745 3660 2805 3715 in
2850 3660 3090 3715 vanitate
3129 3657 3492 3719 ambularent,
3536 3664 3592 3711 et
3629 3672 3758 3727 pec-

2157 3756 2295 3811 catis
2354 3760 2542 3810 essent
2594 3750 2852 3818 obnoxii,
2903 3750 3145 3819 loquitur
3194 3766 3208 3804 :
3266 3746 3639 3801 Verumtamen
3694 3749 3762 3802 in

2157 3847 2386 3917 imagine
2455 3842 2788 3913 perambulat
2833 3842 3005 3896 omnis
3061 3841 3215 3896 homo
3258 3842 3299 3894 ’.
3350 3838 3575 3895 Necnon
3622 3846 3761 3911 post

2162 3938 2357 4005 David,
2393 3938 2557 3993 etiam
2589 3936 2694 3992 sub
2728 3933 3021 3990 Salomone
3064 3934 3176 3989 lilio
3201 3932 3343 4004 ejus,
3372 3932 3606 4001 legimus
3643 3934 3760 3988 tale

2166 4031 2426 4103 quiddam
2455 4043 2620 4099 super
2646 4026 2738 4082 Dei
2771 4027 3006 4097 imagine
3036 4025 3397 4081 nominatum.
3433 4023 3572 4078 Dicit
3598 4024 3756 4078 enim

2174 4126 2228 4179 in
2264 4122 2565 4194 Sapientia,
2596 4134 2718 4191 cpite
2765 4118 2925 4174 titulo
2968 4120 3089 4189 ejus
3131 4119 3453 4175 inscribitur
3485 4136 3499 4172 :
3533 4114 3757 4172 Creavit

2161 4216 2298 4272 Deus
2331 4217 2694 4283 incorruptum
2729 4211 3011 4279 hominem,
3050 4221 3099 4266 et
3130 4212 3410 4282 imaginem
3438 4207 3602 4282 263
3637 4225 3758 4263 sua!

2156 4307 2496 4377 proprietatis
2527 4304 2672 4359 dedit
2711 4304 2759 4358 ei
2804 4304 2870 4356 ὀ.
2900 4303 2964 4357 Et
2996 4318 3214 4357 rursum
3254 4310 3378 4372 post
3414 4316 3590 4356 annos
3627 4299 3760 4354 mil-

2171 4402 2325 4454 lenos
2357 4406 2619 4453 centenos
2652 4395 2901 4451 undenos
2944 4394 3068 4463 plus
3122 4394 3306 4449 minus
3335 4392 3435 4463 (8),
3480 4392 3536 4447 in
3590 4389 3756 4447 Novo

2161 4494 2396 4564 legimus
2426 4490 2799 4556 Testamento,
2828 4488 2974 4560 quod
3026 4501 3133 4542 non
3183 4485 3538 4555 perdiderunt
3573 4484 3757 4542 homi-

2846 4606 2868 4637 ⁸
2908 4604 3075 4658 Abac.
3117 4601 3261 4666 1,16.
3374 4602 3396 4633 ⁸
3430 4599 3547 4656 Jac.
3572 4616 3658 4665 ιιι,
3688 4602 3750 4660 7.

2180 4685 2223 4715 ὀ
2265 4682 2392 4748 Sap.
2428 4693 2486 4739 ιι,
2518 4675 2608 4728 23.

536 4779 615 4850 (6)
635 4782 807 4838 Aliter
827 4793 880 4861 e‘t
899 4785 1119 4843 brevius
1133 4787 1765 4858 Cistercienseschartm,
1795 4794 2042 4861 quiplas-
2079 4796 2122 4852 D
2152 4787 2511 4861 etiamnostri
2541 4786 2759 4861 codices
2793 4787 3183 4861 suffragantur,
3202 4784 3531 4861 quibuscum
3565 4791 3622 4837 et
3642 4800 3753 4861 nos

466 4861 644 4932 matus
675 4864 806 4907 esset
839 4852 1010 4932 homo,
1032 4869 1081 4911 et
1113 4874 1330 4932 uxorem
1362 4861 1600 4932 ejus,eos
1630 4852 1770 4925 vero,
1794 4852 1880 4932 etc
1900 4852 2050 4916 'Am-

466 4921 738 5004 ltrosianae
755 4933 936 5004 autem
952 4928 1036 5004 sic
1054 4931 1218 4981 etiam
1237 4931 1291 4983 in
1312 4921 1691 5004 superioribus
1708 4921 2053 5004 variant,“-

461 4992 642 5066 derent
669 4993 859 5053 dicere,
890 4994 1225 5066 imminutam
1247 4992 1476 5066 gratiam
1494 5000 1613 5065 Dei,
1631 5010 1680 5054 et
1703 5000 1855 5055 illum
1879 4992 2052 5056 solum

462 5063 803 5137 factumesse
837 5078 902 5137 ea:
930 5063 1111 5137 humo,
1136 5079 1185 5119 et
1218 5063 1437 5123 uxorem
1460 5063 1610 5137 eius;
1637 5086 1724 5124 eos
1763 5086 1903 5132 vero,
1937 5082 2049 5126 etc.

540 5132 618 5201 (7)
658 5132 740 5207 Ab
773 5133 1153 5207 orbecondito
1184 5138 1252 5190 ad
1284 5132 1533 5207 perditos
1566 5140 1772 5193 diluvio
1800 5140 2054 5196 homines

466 5201 768 5281 secundum
817 5201 981 5264 LXX,
1038 5205 1123 5260 bis
1172 5201 1325 5281 milli:
1363 5210 1631 5265 ducentos
1662 5209 2052 5281 quadraginta

463 5270 605 5353 duos
670 5287 853 5353 annos
916 5284 1241 5353 supputanb
1277 5277 1589 5353 _Ensebius,
1642 5270 2048 5353 hieronymus,

468 5337 631 5425 Beda,
659 5343 887 5425 aliique.
929 5337 1039 5400 Séd
1086 5346 1177 5400 alii
1230 5337 1941 5425 itidem_cum_Augnstibo
1976 5337 2053 5425 De

467 5410 620 5490 fiuit._
648 5410 791 5490 Dei.
812 5414 907 5468 lib.
945 5429 1358 5490 xv,7nnmerant
1387 5420 1550 5475 2262.
1584 5410 1940 5490 Cumvitaque
1983 5423 2055 5476 de

468 5474 757 5561 Epiphanii
782 5493 987 5561 _mente
1024 5474 1181 5561 haud
1228 5474 1529 5561 constaret,
1584 5474 1765 5561 atque
1799 5474 2053 5561 impressi

468 5555 629 5633 antea
672 5553 819 5633 libri,
852 5572 991 5633 quos
1022 5558 1197 5633 etiam
1223 5553 1573 5633 Mar‘tianzeus
1602 5553 1890 5633 sequitur;
1914 5563 2055 5633 lege-

470 5626 605 5700 rent
621 5625 897 5691 sexaginta
926 5625 1105 5700 duos,
1137 5629 1416 5700 Victorius
1449 5648 1515 5685 ex
1553 5632 1656 5686 fide
1680 5625 1827 5687 'mss.
1867 5625 2054 5686 excin-

469 5688 725 5759 plarium,
746 5688 983 5761 pra-tulit
1004 5696 1539 5771 qttadragintaﬂuos,
1568 5702 1655 5756 cui
1691 5700 1911 5756 lectioni
1944 5703 2054 5757 duo

2157 4860 2411 4915 faciams.
2429 4857 2685 4913 Omnium
2705 4866 2885 4911 autem
2911 4854 3219 4912 rectissime
3232 4854 3629 4909 Ambrosianus
3647 4856 3750 4910 lib.

2158 4941 2449 4999 utramque
2490 4928 2779 4983 lectionem
2814 4928 2914 4981 hoc
2946 4925 3106 4999 modo
3143 4924 3378 4999 exhibet,
3412 4932 3552 4999 post_
3577 4941 3753 4999 annos

2160 5002 2240 5054 bis
2268 4995 2413 5055 mille
2465 5000 2718 5053 ducentos
2751 4995 3279 5067 septuagintuduos,
3314 4996 3419 5049 sire
3444 5002 3503 5047 ut
3533 4995 3591 5047 in
3620 4995 3753 5067 aliis

2159 5070 2551 5139 exemplaribus
2599 5065 2839 5139 ponitur,
2892 5065 2969 5139 bis
3016 5065 3161 5139 mille
3208 5065 3460 5119 ducentas
3501 5065 3753 5139 quadra-

2161 5133 2316 5209 ginta
2357 5141 2513 5205 duos,
2545 5133 2611 5194 ei
2657 5156 2767 5210 quo
2820 5137 2996 5192 facilis
3041 5136 3274 5210 aliorum
3323 5133 3752 5187 amanuensium

2164 5207 2351 5281 lapsus
2381 5229 2445 5267 ex
2478 5207 2841 5279 vocunfpene
2868 5207 3184 5281 earumdem
3220 5218 3456 5258 occursu
3489 5212 3749 5281 apparet.

2232 5272 2430 5353 (8j_Sic
2457 5272 2785 5353 vetustiores
2827 5280 3093 5353 editiones
3138 5276 3260 5329 dua
3290 5284 3421 5353 ante
3455 5272 3748 5353 an.'.t500.

2159 5342 2273 5405 tum
2293 5342 2573 5406 Victorius
2600 5366 2629 5406 e
2660 5366 2819 5413 mss.,
2843 5356 2897 5404 et
2921 5347 3242 5402 Vaticanum
3276 5359 3342 5398 ac
3361 5342 3751 5404 Cisterciense

2160 5424 2436 5491 exemplar
2468 5438 2533 5476 ex
2565 5422 2673 5475 illis
2694 5434 2948 5491 quietius
2986 5416 3358 5491 contulimus;
3390 5413 3590 5481 reliqui
3620 5426 3753 5466 om—

2162 5509 2258 5548 nes
2294 5485 2439 5557 libri,
2472 5490 2686 5545 Erasm.
2714 5485 2768 5544 et
2795 5488 3141 5541 Martianaeus
3193 5485 3391 5554 supino
3415 5497 3605 5538 errore
3629 5496 3751 5557 non

2162 5562 2266 5616 nisi
2298 5552 2465 5615 annos
2500 5570 2748 5614 trecentos
2783 5557 3025 5612 undecim
3076 5552 3531 5617 numerant,cum
3561 5552 3747 5622 palam

2160 5633 2231 5687 sit
2256 5647 2322 5687 ex
2356 5632 2583 5686 historia
2608 5647 2636 5683 a
2665 5628 2975 5691 Salomone,
3003 5628 3147 5681 unde
3170 5624 3493 5679 numerandi
3520 5623 3752 5677 initium

2161 5705 2249 5759 hic
2283 5703 2539 5765 sumitur,
2574 5700 2643 5774 ad
2666 5699 2875 5755 Novum
2902 5712 3076 5769 usque
3104 5695 3540 5763 Testamentum,
3565 5702 3622 5750 et
3646 5692 3756 5749 Ja-
