3948 6196
282 247 378 306 589

1228 248 1569 306 EPISTULA
1614 247 1704 305 AD
1756 245 1954 304 JOAN.
1997 247 2211 305 EPISC.
2256 248 2631 313 iiIEROSOL.

3429 248 3538 305 390

281 381 371 422 nes
393 364 677 436 imaginem
705 360 822 420 Dei.
850 361 1092 420 Iacobus
1115 364 1260 421 enim
1294 369 1575 439 apostolus
1605 376 1658 423 et
1682 367 1848 425 frater
1880 375 1922 428 A
1955 363 2243 423 revelanda
2281 376 2364 425 est
2396 372 2604 428 sanctis
2646 371 2787 444 ejus,
2822 373 3029 432 dictum
3067 384 3185 435 est:
3217 380 3359 438 sicut
3394 392 3455 440 et
3484 386 3539 441 in

283 457 503 520 Domini,
543 455 705 525 cujus
745 462 803 511 et
855 469 1021 527 supra
1054 458 1427 526 meminimus,
1458 461 1682 517 instruit
1725 477 1848 526 nos,

281 565 342 605 ne
390 547 635 620 Origenis
694 550 911 620 laqueis
963 551 1267 621 capiamur,
1319 553 1522 609 habere
1571 553 1847 609 hominem

281 642 555 712 imaginem
589 652 639 696 et
661 642 1083 697 similitudinem
1115 642 1230 698 Dei.
1259 644 1391 700 Nam
1423 660 1548 701 cum
1571 644 1639 701 de
1667 646 1849 717 lingua

284 733 504 787 hominis
537 731 704 787 latius
749 732 1110 802 disputasset,
1145 733 1347 803 adjecit
1380 753 1393 789 :
1429 732 1695 797 Instabile
1729 753 1849 789 ma-

281 824 397 887 .‘um,
441 825 495 876 in
539 824 654 891 ipsa
688 824 878 892 quippe
923 823 1276 878 benedieimus
1323 824 1492 879 Deum
1530 824 1767 892 Patrem,
1799 838 1848 882 et

278 932 326 967 ιιι
356 916 466 983 ipsa
496 913 861 967 maledicimus
898 914 1155 976 homines,
1200 916 1291 984 qui
1333 914 1400 969 ad
1442 916 1850 972 similitudinem

281 1005 366 1059 Dei
390 1005 586 1059 conditi
618 1014 743 1059 sunt
776 1006 814 1059 ¹.
846 1002 1050 1060 Paulus
1075 1021 1292 1076 quoque
1324 1022 1421 1062 vas
1459 1007 1768 1074 electionis,
1796 1015 1850 1062 ct

277 1097 359 1166 qui
392 1094 696 1149 doctrinam
736 1093 1115 1165 Evangelicam
1147 1113 1245 1153 sua
1277 1098 1667 1166 praedicatione
1699 1113 1850 1152 com-

275 1185 446 1256 plevit,
487 1184 648 1238 docet
690 1200 811 1251 nos,
852 1185 998 1255 quod
1043 1187 1208 1241 homo
1243 1188 1308 1241 ad
1342 1187 1656 1259 imaginem,
1690 1197 1744 1244 et
1779 1190 1850 1244 si-

275 1275 625 1330 militudinem
656 1274 750 1329 Dei
794 1278 1052 1332 conditus
1074 1334 1077 1337 ,
1098 1278 1189 1343 sit,
1225 1278 1415 1334 dicens
1447 1298 1461 1335 :
1507 1280 1599 1334 Vir
1630 1297 1732 1335 non
1766 1282 1850 1336 de-

273 1365 345 1419 bet
381 1366 584 1419 nutrire
615 1380 842 1429 comam,
880 1383 996 1421 cum
1036 1367 1209 1437 gloria
1254 1378 1304 1423 et
1348 1370 1525 1440 imago
1571 1371 1669 1426 Dei
1700 1373 1768 1427 sit
1800 1374 1844 1438 ³,

274 1456 552 1527 imaginem
588 1457 914 1527 simpliciter
949 1458 1230 1529 appellans
1277 1475 1378 1517 suo
1419 1464 1662 1526 nomine,
1697 1463 1849 1518 simi-

274 1546 546 1602 litudinem
581 1558 763 1603 autem
805 1550 991 1620 gloria:
1032 1552 1399 1621 appellatione
1429 1553 1772 1624 signiﬁcans.

340 1638 443 1695 Vll.
476 1638 585 1694 Pro
617 1641 795 1695 tribus
830 1641 996 1711 igitur
1026 1644 1378 1710 testimoniis,
1409 1661 1529 1715 quas
1559 1647 1676 1707 tibi,
1700 1647 1746 1701 si
1778 1646 1846 1702 de

273 1728 549 1801 Scriptura
568 1741 760 1787 sancta
789 1734 1110 1803 reperirem,
1129 1735 1353 1791 dicebas
1368 1753 1532 1808 posse
1558 1736 1839 1795 suilicere:

272 1837 388 1878 ecce
400 1832 607 1893 septem
629 1823 940 1878 testimonia
960 1824 1235 1881 dedimus.
1258 1826 1392 1892 Quis
1406 1843 1536 1898 ergo
1554 1828 1846 1885 sustinebit

274 1912 508 1984 Origenis
568 1914 845 1984 ineptias?
881 1922 941 1969 ut
977 1930 1085 1969 non
1113 1918 1335 1986 gravius
1371 1918 1579 1989 aliquid
1630 1920 1842 1990 loquar,

272 2012 319 2058 ct
347 2005 542 2060 similis
579 2005 783 2059 elliciar
834 2007 918 2061 vel
974 2006 1077 2077 ipsi
1114 2008 1197 2062 vel
1242 2008 1529 2080 discipulis
1574 2011 1713 2081 ejus,
1752 2014 1844 2081 qui

272 2096 456 2150 amicat
482 2098 537 2151 in
557 2098 805 2168 periculo
824 2098 1023 2152 animae
1052 2114 1166 2154 sua}
1182 2114 1452 2166 asserere,
1482 2102 1848 2173 quodcunque

276 2189 347 2242 ris
374 2188 426 2242 in
461 2190 694 2243 buccam
717 2191 948 2256 venerit,
981 2199 1036 2245 et
1058 2192 1235 2264 magis
1262 2192 1463 2262 jubere
1499 2193 1631 2259 Deo,
1653 2203 1715 2250 et
1736 2211 1845 2250 non

272 2279 332 2331 ab
354 2294 417 2333 eo
446 2281 529 2335 vel
547 2295 715 2335 orare
739 2282 823 2336 vel
854 2281 1073 2337 discere
1091 2284 1399 2339 veritatem.
1434 2284 1669 2352 Quidam
1698 2288 1844 2342 enim

270 2384 445 2425 eorum
484 2372 870 2444 dicunt,quod
904 2375 1087 2447 imago
1111 2375 1228 2441 Dei,
1259 2393 1427 2448 quam
1451 2379 1605 2449 prius
1638 2381 1848 2449 accepit

270 2461 447 2527 Adatn,
485 2465 587 2518 illo
620 2474 902 2535 peccante,
941 2468 1189 2537 perierit.
1219 2469 1322 2522 Alii
1356 2470 1849 2541 suSpicanturcor-

270 2565 382 2620 pus,
400 2553 549 2623 quod
578 2552 751 2609 Filius
776 2554 867 2610 Dei
891 2558 1339 2613 hahiturusessct
1360 2575 1427 2614 ex
1454 2558 1647 2625 Maria,
1667 2562 1845 2631 ipsum

270 2643 692 2713 esseimaginem
724 2644 798 2713 (9)
830 2645 1152 2701 conditoris.
1177 2646 1435 2702 Nonnulli
1465 2650 1703 2703 animam
1726 2666 1848 2706 esse

270 2733 577 2803 imaginem,
604 2734 694 2786 alii
715 2750 960 2801 sensum,
997 2736 1087 2789 alii
1124 2736 1529 2792 virtutem:isti
1555 2739 1843 2810 baptisma:

272 2826 493 2894 hi,quod
514 2826 686 2878 homo
718 2826 782 2879 ad
804 2825 1095 2896 imaginem
1115 2825 1208 2880 Dei
1238 2827 1553 2882 dominetur
1567 2829 1845 2892 omnibus,

270 2918 533 2973 ebriorum
573 2932 727 2971 more
752 2918 866 2971 haec
890 2919 967 2971 vel
1002 2919 1095 2971 illa
1128 2927 1434 2983 ructantes,
1468 2934 1607 2989 quos
1629 2930 1848 2989 oporte—

1955 457 2062 511 alio
2120 457 2241 512 loco
2272 459 2506 529 legimus
2534 462 2606 516 :A
2666 463 2839 533 gloria
2886 466 2941 520 in
2995 467 3226 538 gloriam
3259 469 3283 501 ⁸
3322 490 3337 526 :
3374 472 3535 545 cujus

1953 546 2138 618 glori-.e
2171 548 2283 618 jam
2324 550 2377 604 in
2446 552 2553 607 isto
2598 554 2801 608 saeculo
2851 557 3029 611 sancti
3092 559 3419 618 arrabonem
3479 575 3537 622 et

1954 640 2356 711 portiunculam
2398 652 2783 714 susceperunt.
2810 644 3027 704 Primus
3052 665 3241 704 eorum
3283 652 3496 726 Moyses
3517 696 3533 723 ,

1953 731 2111 802 cujus
2157 732 2312 788 fulsit
2356 733 2521 791 facies
2553 737 2729 802 valde,
2768 744 2824 793 et
2865 739 3115 794 radiabat
3147 742 3312 796 veluti
3358 744 3539 816 fulgo:-

1952 831 2004 879 et
2049 824 2150 880 sol.
2184 824 2474 882 Secundus
2504 826 2675 891 Elias,
2701 828 2859 898 igneo
2886 844 3049 884 curru
3084 840 3276 902 raptus
3334 837 3387 889 in
3424 852 3536 891 cin-

1950 914 2088 977 lum,
2120 922 2174 970 et
2212 915 2363 986 ignis
2388 918 2714 972 detrimenta
2744 933 2853 972 non
2907 921 3169 977 sentiens.
3224 921 3535 995 Stephanus

1951 1003 2318 1073 lapidabatur,
2348 1014 2402 1061 et
2435 1006 2625 1062 faciem
2657 1008 2894 1064 habebat
2928 1013 3129 1081 angeli,
3161 1029 3282 1084 qua:
3317 1015 3388 1069 ab
3408 1032 3532 1072 om-

1952 1096 2113 1153 nibus
2162 1099 2512 1153 cernebatur.
2552 1098 2665 1153 lloc
2693 1108 2872 1155 autem
2914 1104 3058 1172 quod
3107 1105 3160 1158 in
3209 1108 3401 1177 paucis
3452 1108 3535 1165 di-

1950 1187 2154 1251 ximus,
2194 1188 2262 1243 de
2304 1189 2557 1244 omnibus
2586 1189 2998 1261 intelligendum
3029 1202 3135 1259 est,
3194 1206 3252 1251 ut
3302 1198 3534 1269 implea-

1946 1284 2038 1332 tur
2073 1280 2203 1333 illud
2259 1281 2400 1351 quod
2448 1282 2715 1351 scriptum
2768 1290 2852 1339 est
2888 1284 3122 1341 :Omnis
3183 1289 3275 1358 qui
3322 1290 3531 1345 sancti-

1950 1368 2076 1423 ﬁcat
2096 1373 2474 1441 semetipsum,
2526 1372 2671 1427 inter
2702 1375 2889 1430 beatos
2922 1378 3304 1433 numerabitur
3336 1400 3349 1434 :
3378 1380 3532 1436 Beati

1949 1460 2095 1515 enim
2152 1463 2346 1514 mundo
2390 1462 2564 1527 corde,
2607 1466 2855 1534 quoniam
2891 1467 2992 1535 ipsi
3016 1467 3181 1522 Deum
3212 1470 3453 1524 videbunt
3483 1471 3527 1527 ⁸.

2024 1549 2157 1605 Vill.
2189 1553 2324 1606 (lum
2382 1555 2495 1607 iure
2523 1556 2599 1608 ita
2642 1571 2701 1610 se
2743 1555 3000 1624 habeant,
3030 1558 3406 1625 dilectissime,
3434 1576 3535 1617 cu-

1951 1641 2095 1697 stodi
2124 1644 2360 1697 animam
2386 1653 2558 1709 tuam,
2592 1655 2645 1702 et
2664 1648 2856 1703 desine
2882 1657 3071 1703 contra
3098 1649 3196 1722 [αι.
3235 1651 3406 1725 circa]
3432 1668 3537 1710 nos

1953 1750 2318 1791 murmurare.
2372 1735 2511 1791 Dicit
2562 1738 2708 1792 enim
2744 1738 3027 1810 Scriptura
3063 1741 3249 1796 divina
3292 1759 3306 1795 :
3348 1742 3539 1799 Nolite

1948 1844 2283 1882 murmurare
2310 1829 2623 1894 adinvicem,
2648 1831 2783 1884 sicut
2807 1832 3028 1901 quidam
3049 1846 3535 1902 murmurauerunt,

1947 1927 1994 1973 ct
2033 1937 2065 1973 a
2093 1921 2421 1990 serpentibus
2473 1925 2739 1990 perierunt
2775 1924 2795 1953 ⁸
2831 1939 2844 1974 :
2880 1924 3053 1994 magis
3080 1925 3371 1994 acquiesco
3400 1927 3536 1981 veri-

1949 2010 2067 2075 tati,
2120 2022 2173 2065 et
2236 2011 2404 2081 dilige
2457 2027 2560 2066 nos
2615 2012 2906 2082 diligentes
2966 2024 3057 2079 te,
3122 2024 3177 2069 et
3221 2020 3531 2071 veritatem.

1949 2104 2097 2159 Deus
2148 2114 2330 2159 autem
2364 2103 2516 2174 pacis
2559 2112 2781 2174 praestet
2833 2104 2993 2159 nobis
3023 2104 3178 2173 juxta
3207 2121 3363 2159 suam
3418 2106 3534 2161 cle-

1950 2194 2235 2257 mentiaris,
2269 2201 2329 2247 ut
2357 2201 2685 2248 contemtor
2708 2192 2949 2250 Satanas
2983 2195 3093 2249 sub
3113 2195 3345 2264 pedibus
3369 2195 3535 2250 Chri-

1949 2285 2274 2347 stianorum,
2305 2292 2359 2340 et
2378 2284 2669 2354 abjiciatur
2692 2286 2871 2342 omnis
2896 2286 3118 2341 occasio
3158 2302 3435 2357 perversa,
3466 2302 3541 2342 ne

1949 2377 2235 2430 scindatur
2294 2377 2349 2430 in
2408 2376 2570 2430 nobis
2621 2375 2903 2430 vinculum
2960 2376 3248 2431 charitatis
3276 2384 3330 2430 et
3375 2384 3540 2431 rectas

1949 2465 2073 2520 ﬁdei
2109 2466 2447 2536 pranlicatio.

2023 2553 2110 2609 IX.
2148 2553 2401 2609 Notanda
2434 2551 2733 2607 liistoriola.
2771 2581 2842 2591 —
2878 2551 3146 2608 Praeterea
3181 2552 3361 2607 audivi
3423 2552 3537 2624 (ιε)

1948 2645 2215 2717 quosdam
2276 2659 2623 2700 murmurare
2666 2651 2857 2699 contra
2898 2659 3006 2709 me,
3040 2645 3168 2714 quia
3198 2643 3422 2713 quando
3460 2647 3539 2699 si-

1950 2735 2061 2790 mul
2096 2735 2463 2805 pergebamus
2511 2735 2578 2787 ad
2634 2743 2884 2788 sanctum
2939 2735 3119 2788 locum
3158 2735 3251 2804 qui
3308 2742 3542 2813 vocatur

1951 2826 2156 2892 Bethel,
2191 2837 2249 2880 ut
2275 2826 2347 2880 ibi
2366 2825 2663 2903 Collectam
2680 2833 2859 2879 tecum
2889 2840 2953 2879 ex
2973 2840 3125 2879 more
3153 2826 3536 2880 ecclesiastico

1953 2917 2217 2984 facerem,
2249 2926 2303 2973 et
2350 2918 2624 2973 venissem
2674 2918 2742 2972 ad
2784 2918 2969 2972 villam
3008 2931 3134 2987 qum
3162 2916 3365 2970 dicitur
3395 2918 3541 2971 Ana-
3582 2958 3585 2959 ν

270 3010 350 3061 bat
381 3016 597 3062 tantum
621 3008 881 3079 eﬂ‘ugere,
918 3010 1237 3075 discrimen,
1274 3024 1373 3064 nec
1398 3026 1597 3081 negare
1615 3027 1736 3081 quae
1767 3012 1847 3067 lo-
1875 3033 1917 3088 ρ
1951 3008 2159 3075 blatha,
2215 3008 2588 3079 vidissemque
2628 3009 2702 3063 ibi
2742 3008 3064 3079 praeteriens
3102 3009 3384 3063 lucernam
3446 3022 3539 3059 aro

270 3101 443 3170 quitur
484 3101 658 3166 Deus,
693 3109 746 3155 et
781 3101 1069 3155 credentes
1127 3102 1454 3173 simpliciter
1491 3103 1675 3159 salvos
1707 3104 1845 3169 ﬁeri,

270 3190 475 3264 Deoque
504 3194 817 3249 concedere
845 3193 1159 3250 donationis
1190 3210 1302 3249 sua:
1325 3202 1529 3249 certam
1557 3196 1669 3268 (10)
1688 3203 1742 3251 et
1760 3211 1850 3250 ve-

270 3298 374 3338 ram
410 3286 726 3345 scientiam.
762 3286 815 3339 in
865 3296 969 3356 qua
1030 3286 1374 3353 potissimum
1413 3296 1567 3356 parte
1599 3276 1851 3340 homines

269 3378 575 3432 condiderit
593 3376 660 3430 ad
692 3378 984 3448 imaginem
1016 3384 1070 3430 et
1096 3375 1522 3432 similitudinem
1549 3392 1726 3431 suam.
1746 3375 1848 3442 Qui

272 3467 373 3523 hate
402 3471 805 3539 relinquentes,
847 3469 1033 3522 multis
1066 3484 1126 3523 se
1156 3467 1560 3537 qmestionibus
1600 3468 1854 3538 implica-

270 3568 407 3624 ruut,
438 3571 491 3615 ct
541 3575 641 3630 per
672 3550 770 3614 has
804 3560 857 3613 in
890 3575 1108 3613 cmnum
1150 3559 1388 3614 demersi
1430 3566 1559 3613 sunt
1599 3566 1853 3628 peccato-

272 3665 401 3703 rum.
430 3652 548 3706 Nos
580 3658 783 3710 autem.
805 3652 1179 3715 dilectissime,
1209 3651 1488 3706 credimus
1507 3646 1610 3713 his,
1636 3653 1851 3721 quatio-

270 3753 421 3797 cutus
452 3755 539 3799 est
577 3744 861 3806 Dominus,
898 3752 950 3797 et
979 3745 1206 3809 scimus,
1242 3743 1389 3814 quod
1422 3744 1477 3798 in
1506 3744 1721 3800 cunctis
1756 3744 1856 3798 ho-

273 3832 502 3887 minibus
541 3834 723 3904 imago
754 3833 845 3889 Dei
880 3845 1219 3904 permaneat,
1250 3835 1464 3905 ipsique
1499 3836 1854 3890 concedimus

271 3940 445 3990 nosse,
472 3927 527 3979 in
568 3942 675 3997 qua
698 3936 852 3995 parte
873 3926 1039 3980 homo
1061 3926 1125 3981 ad
1160 3926 1450 3996 imaginem
1472 3925 1563 3981 Dei
1598 3925 1854 3981 conditus

272 4017 354 4070 sit.
379 4016 485 4072 Sed
511 4034 694 4087 neque
713 4018 1027 4087 illud,quud
1047 4019 1269 4088 quidam
1292 4018 1347 4072 in
1374 4018 1603 4087 cpistola
1628 4016 1856 4071 Joannis

272 4102 505 4175 legentes
568 4122 676 4161 non
714 4108 1051 4178 intelligunt,
1106 4122 1435 4177 quemquam
1475 4107 1733 4178 decipiat,
1764 4106 1855 4159 ubi

276 4196 543 4266 loquitur:
573 4198 736 4253 Nunc
790 4199 891 4268 ﬁlii
940 4200 1034 4252 Dei
1080 4216 1261 4252 smnus
1304 4209 1353 4252 et
1393 4200 1653 4253 nescimus
1675 4197 1856 4267 quales

273 4288 435 4356 futuri
462 4309 649 4345 sumus
679 4290 812 4362 (Η).
845 4290 1102 4345 Nouimus
1131 4300 1325 4354 autem,
1353 4293 1479 4361 quia
1509 4308 1626 4344 cum
1652 4290 1741 4343 ille
1772 4305 1855 4343 re—

1955 3101 2206 3165 dentem,
2263 3111 2319 3158 et
2358 3103 2821 3171 interrogassem,
2869 3102 2992 3171 quis
3047 3101 3200 3157 locus
3253 3107 3422 3161 esset,
3459 3100 3541 3155 dio

1952 3193 2319 3262 dicissemque
2358 3208 2483 3249 esse
2532 3192 2847 3258 ecclesiam,
2902 3199 2957 3247 et
2988 3193 3279 3246 intrassem
3315 3198 3374 3243 ut
3414 3204 3543 3243 ora-

1951 3300 2066 3340 rem
2100 3303 2115 3340 :
2150 3284 2331 3340 inveni
2360 3285 2432 3340 ibi
2464 3285 2643 3339 velum
2672 3283 2921 3354 pendens
2950 3282 3005 3337 in
3051 3282 3263 3337 foribus
3296 3280 3544 3349 ejusdem

1949 3378 2457 3433 eeclesimtinctum
2499 3386 2664 3449 atque
2712 3376 3014 3446 depictum,
3063 3380 3117 3429 et
3167 3372 3375 3427 habens
3408 3372 3551 3425 ima-

1948 3470 2135 3541 ginem
2185 3469 2345 3541 quasi
2402 3469 2634 3534 Christi,
2695 3468 2778 3523 vel
2832 3466 3012 3523 sancti
3064 3464 3401 3535 cujusdam;
3434 3479 3547 3519 non

1952 3562 2100 3618 enim
2130 3562 2275 3617 satis
2310 3561 2556 3625 memini,
2587 3559 2747 3629 cujus
2798 3559 2978 3627 imago
3011 3556 3197 3610 fuerit.
3244 3554 3378 3609 Cum
3416 3569 3549 3624 ergo

1956 3654 2239 3715 vidissem,
2274 3660 2329 3707 et
2356 3653 2662 3708 detestatus
2694 3665 2875 3706 essem
2901 3648 3090 3719 ({5)in
3125 3646 3357 3703 ecclesia
3385 3644 3547 3699 Chri-

1956 3746 2024 3799 sti
2059 3751 2252 3799 contra
2274 3743 2660 3799 auctoritatem
2692 3741 3104 3811 Scripturarum
3141 3736 3380 3791 hominis
3404 3750 3545 3804 pen-

1955 3835 2085 3890 dere
2112 3833 2426 3902 imaginem,
2454 3833 2593 3888 scidi
2622 3831 2779 3895 illud,
2804 3841 2859 3885 et
2890 3829 3065 3897 magis
3096 3827 3220 3882 dedi
3248 3824 3544 3880 consilium

1959 3924 2287 3980 custodibus
2319 3924 2564 3994 ejusdem
2585 3923 2714 3984 loci,
2752 3933 2812 3976 ut
2840 3933 3136 3991 pauperem
3168 3926 3444 3972 mortuum
3481 3931 3550 3971 eo

1956 4016 2311 4072 obvolverent
2336 4024 2390 4071 et
2420 4014 2676 4070 eﬂ‘errent
2710 4032 2722 4067 :
2759 4013 2954 4083 Illique
2994 4020 3180 4066 contra
3210 4024 3549 4063 murmuran-

1959 4116 2040 4161 tes
2077 4106 2323 4160 dixeruut
2354 4121 2373 4159 :
2405 4105 2466 4160 Si
2510 4105 2745 4159 scindere
2790 4104 3051 4167 voluerat,
3074 4101 3283 4172 justum
3321 4109 3458 4163 erat,
3489 4108 3548 4151 ut

1957 4199 2106 4253 aliud
2140 4198 2289 4252 daret
2319 4199 2487 4253 velum
2516 4208 2671 4268 atque
2732 4204 2980 4251 mutaret.
3014 4193 3169 4261 Quod
3201 4206 3326 4247 cum
3360 4189 3547 4244 audis-

1959 4307 2096 4351 sem,
2137 4306 2223 4346 me
2252 4292 2511 4346 daturum
2542 4305 2665 4345 esse
2694 4288 2974 4361 pollicitus
3002 4302 3147 4351 sum,
3179 4294 3233 4341 et
3254 4284 3401 4338 illico
3425 4296 3549 4336 esse

276 4380 470 4434 relatus
527 4384 710 4451 fuerit,
746 4384 946 4436 similes
994 4382 1040 4435 ei
1084 4382 1303 4437 erimus.
1358 4382 1657 4436 Videbimus
1719 4380 1855 4434 enim
1895 4364 1934 4417 ο
1970 4385 2291 4439 missurum.
2322 4383 2610 4438 Paululum
2637 4392 2819 4437 autem
2840 4392 3119 4435 morarum
3146 4377 3324 4432 fuitin
3345 4370 3548 4436 medio,

273 4484 383 4525 cui):
405 4475 563 4527 εἰεεςιὲ
595 4484 672 4528 est
701 4475 742 4527 ³.
782 4473 892 4528 Hoc
916 4476 1060 4528 enim
1091 4481 1312 4543 propter
1339 4474 1566 4545 gloriam
1590 4513 1603 4537 ,
1633 4486 1754 4542 qua:
1787 4471 1858 4525 ibi

370 4709 385 4739 ⁸
425 4706 547 4760 διν.
582 4723 663 4770 lli,
691 4705 747 4771 8,
783 4704 837 4759 9.

278 4794 329 4837 x,
360 4776 413 4839 9,
448 4779 533 4831 l0.

950 4706 969 4734 ¹
1013 4705 1031 4757 ι
1065 4704 1191 4760 Cor.
1250 4718 1327 4767 λι,
1366 4701 1417 4755 7.

282 4982 469 5035 cobmn
505 4982 723 5037 fratrem
774 4981 989 5035 Domini
1026 4980 1313 5050 plusquam
1362 4976 1513 5031 mille
1551 4986 1604 5030 et
1635 4982 1854 5029 centum

283 5066 447 5103 antms
486 5053 882 5107 intercessisse.

350 5123 424 5187 t9)
452 5120 681 5175 Deerant
704 5123 821 5175 haec
851 5124 903 5173 in
929 5119 1242 5193 aliiseditis
1268 5132 1329 5171 ac
1346 5133 1479 5171 mss.
1510 5115 1696 5174 verba,
1719 5128 1855 5193 'qure

287 5189 419 5241 inter
456 5199 742 5260 utramque
796 5205 983 5243 vocem
1052 5190 1354 5258 imaginem,
1394 5202 1516 5256 quae
1563 5189 1850 5253 repetitur,

291 5260 444 5313 modo
475 5270 621 5323 sunt,
655 5278 829 5329 eaque
869 5271 1055 5328 utpote
1103 5260 1435 5319 necessaria,
1465 5264 1531 5329 et
1553 5271 1674 5329 qua:
1709 5264 1851 5307 vete-

290 5343 401 5381 rum
464 5327 813 5386 librariorum
875 5327 1168 5384 oscitantia
1210 5330 1368 5380 facile
1417 5327 1741 5386 exciderint,
1788 5339 1850 5376 ex

291 5400 645 5455 Ambrosiano
685 5400 981 5469 exemplari
1022 5399 1419 5469 supplevitnus.

360 5469 469 5533 L10)
500 5469 663 5539 Turpi
693 5467 879 5524 errore
919 5472 971 5543 in
1014 5467 1294 5543 hucusque
1327 5467 1503 5543 editis
1535 5470 1652 5517 erat
1687 5471 1851 5543 certa-

295 5552 426 5599 men,
461 5554 562 5607 pro
588 5538 785 5593 certam
830 5549 879 5593 et
924 5540 1135 5594 duabus
1180 5538 1415 5600 vnculis,
1470 5544 1529 5587 ut
1565 5538 1859 5601 castigavi-

294 5620 412 5660 ωας
442 5626 472 5659 (Β
498 5626 628 5664 11155.

363 5679 473 5747 (ll)
512 5681 681 5737 Antea
737 5686 853 5735 erat
893 5693 1017 5734 cum
1055 5675 1278 5751 Vulgata
1307 5674 1547 5753 quidem,
1586 5683 1638 5728 et
1674 5671 1863 5726 Graeco

1531 4700 1550 4730 ³
1592 4699 1607 4753 1
1643 4697 1801 4753 Joan.
1848 4716 1931 4763 ιιι,
1963 4699 2017 4752 2.

1969 4474 2099 4528 dum
2123 4489 2312 4544 quaero
2352 4474 2617 4543 Optimum
2665 4472 2846 4526 velum
2886 4483 2985 4539 pro
3015 4483 3080 4523 eo
3121 4467 3370 4530 mittere;
3404 4461 3552 4515 arbi-

2133 4702 2151 4730 "
2194 4698 2231 4752 ll
2274 4698 2400 4751 Cor.
2442 4711 2527 4757 nt,
2561 4695 2646 4748 18.
2748 4694 2769 4723 ⁵
2810 4690 2997 4744 Matth.
3045 4706 3096 4752 v,
3143 4689 3197 4743 8.
3307 4687 3327 4716 ⁸
3367 4686 3382 4738 Ι
3420 4684 3548 4738 Cor.

1965 4982 2139 5035 textu,
2180 4982 2226 5021 et
2271 4964 2501 5035 nondum
2553 4967 2781 5035 apparet
2821 4953 2959 5026 quod
2997 4954 3213 5035 erimus.
3266 4946 3549 5035 Sedﬂtnssz.

1966 5023 2318 5094 allobrosian.
2353 5032 2527 5086 Vatic.
2553 5023 2941 5101 CiSterciense,
2971 5024 3173 5101 aliique
3211 5033 3336 5101 cum
3373 5023 3543 5101 veteri

2363 5084 2634 5172 edidimus
2660 5116 2676 5172 ',
2705 5097 2905 5172 saepius
2930 5084 3112 5172 autem
3142 5091 3291 5172 locis-
3323 5102 3376 5172 eg
3396 5084 3552 5172 επις

1964 5157 2339 5250 ipe-litis
2378 5174 2552 5250 utitur
2581 5157 2918 5250 Epiphanius
2951 5165 3002 5250 in
3027 5163 3129 5250 Ιιτξε
3156 5157 3552 5250 ςρῖξ-ιοιξληξξξιί

1963 5234 2087 5305 cum
2150 5234 2432 5301 hodiernis
2491 5234 2895 5308 exemplaribus
2950 5234 3091 5286 haud
3152 5234 3290 5285 satis
3348 5238 3553 5280 conve-

1966 5324 2149 5453 mililé.)
2212 5382 2421 5436 Vitiose
2492 5376 2839 5453 Martianaéus
2862 5443 2873 5453 .
2897 5386 3020 5450 cum
3044 5367 3194 5453 aliis
3213 5359 3557 5453 quibusdam

1967 5430 2155 5516 editi-sl,
2201 5430 2465 5506 lirr'ct—e'rea
2495 5430 2660 5517 “quod
2695 5443 2906 5503 audivi;
2952 5440 3058 5495 nisi
3095 5430 3554 5504 forte'legenduut

1970 5530 2059 5581 hic
2096 5532 2202 5581 est,
2238 5523 2524 5575 Prwterea.
3194 5577 3204 5587 O

2045 5573 2360 5662 liiijlierba
2385 5600 2431 5643 et
2453 5588 2742 5662 detestatus
2766 5597 2953 5662 essem,
2976 5595 3096 5651 quae
3128 5577 3279 5649 prius
3308 5573 3560 5638 deerant,

1970 5681 2032 5721 ex
2052 5652 2262 5734 ‘pr'obze
2292 5672 2433 5715 nota:
2462 5674 2595 5714 mss.
2633 5652 2965 5712 sullecimus.
