3948 6196
154 315 237 380 305

3255 284 3360 343 3M

164 492 3345 576 FW!"

798 698 1387 865 DUBIA
1504 695 1880 853 AUT
1969 686 2715 852 SPURIA.

562 1132 794 1221 ΤΟΥ
842 1134 989 1221 ΕΝ
1038 1126 1406 1219 ΑΓΙΟΙΣ
1455 1128 1892 1217 ΠΑΤΡΟΣ
1947 1124 2274 1215 ΗΜΩΝ
2325 1116 2951 1208 ΕΠΙΦΑΝΙΟΥ

1372 1310 1748 1365 ΕΠΙΣΚΟΠΟ
1761 1310 1808 1361 Υ
1839 1307 2137 1362 ΚΥΠΡΟΥ

648 1473 813 1530 ΠΕΡΙ
845 1472 983 1527 ΤΩΝ
1023 1468 1421 1535 ΠΡΟΦΗΤΩΝ,
1462 1468 1596 1521 nos
1640 1462 2148 1520 ΕΚΟΙΜΗΘΗΣΑΝ
2188 1462 2307 1515 ΚΑΙ
2344 1463 2489 1547 ΠΟΥ
2526 1459 2833 1515 ΚΕΙΝΤΑῘ.

1062 1766 1182 1878 S.
1269 1764 1393 1875 P.
1494 1765 1633 1874 N.
1722 1763 2454 1876 EPIPHANII

1473 1978 1783 2038 EPISCOPI
1828 1980 2056 2043 CYPRI.

722 2144 829 2203 DE
872 2142 1347 2217 PROPHETIS,
1394 2139 1843 2215 EOIiUMQUE
1888 2140 2134 2203 OBITU
2172 2138 2272 2201 ΛΕ.
2317 2138 2804 2201 SEPULTURA.

1369 2303 1606 2367 Dionysio
1643 2304 1848 2355 Petavio
1872 2305 2168 2367 interprete.

196 2520 388 2594 ὀβιός
418 2525 533 2581 τοῦ
569 2524 778 2581 Νάθαν
810 2523 1144 2595 προφήτου,
1187 2522 1286 2578 καί
1318 2523 1435 2577 ποῦ
1465 2521 1674 2578 κεῖται.
1744 2533 1789 2588 Α

208 2639 277 2691 Δ’.
310 2639 497 2692 Νάθαν
540 2641 571 2691 ὁ
604 2638 893 2711 προφήτης
938 2636 1153 2705 ἐγένετο
1195 2636 1254 2689 ἐν
1284 2635 1518 2707 ἡμέραις
1556 2635 1722 2690 Δαϐὶδ

1961 2518 2182 2574 Nuthau
2222 2514 2488 2587 propheta:
2517 2513 2649 2580 vita,
2684 2521 2733 2567 et
2767 2513 3056 2583 sepultura:
3087 2516 3256 2573 locus.

1895 2636 1935 2691 l.
1970 2633 2182 2689 Natban
2214 2631 2471 2702 propheta
2506 2630 2729 2686 Davidis
2754 2630 3095 2700 temporibus
3119 2631 3352 2697 exstitit,
3374 2646 3407 2687 ο

158 2725 209 2777 ἐκ
236 2728 397 2797 φυλῆς
445 2727 604 2781 Θώκ.
642 2722 811 2788 Οὗτος
850 2724 914 2778 δὲ
949 2720 1019 2795 ἦν
1060 2727 1126 2777 ἐκ
1171 2723 1379 2778 Γαϐἁθο
1415 2725 1512 2779 καὶ
1541 2724 1724 2787 ,αὐτός

1853 2728 1972 2781 ribu
2003 2725 2174 2780 Thoc.
2206 2723 2370 2778 Ortus
2403 2733 2487 2779 cst
2515 2737 2582 2777 ex
2613 2723 2815 2793 oppido
2849 2722 3092 2791 Gabath;
3131 2733 3295 2794 atque
3323 2725 3410 2779 hic

154 2818 275 2871 ἐστιν
295 2821 322 2871 ό
344 2818 575 2883 διδάξας
596 2818 688 2872 τὸν
721 2817 884 2870 Δαὸὶδ
909 2817 1003 2870 τὸν
1030 2817 1195 2887 νόμον
1232 2816 1327 2869 τοῦ
1358 2817 1586 2888 Κυρίου.
1614 2818 1725 2871 Καὶ

1850 2819 1919 2872 lle
1975 2828 2081 2882 est,
2134 2817 2230 2885 qui
2285 2815 2546 2869 Davidem
2606 2814 2780 2885 legem
2829 2812 3044 2869 Domini
3100 2816 3413 2885 perdocuit.

156 2905 268 2973 εγνω
291 2910 502 2975 Νάθαν,
552 2911 639 2963 ὃτι
670 2910 699 2961 ὁ
736 2907 989 2977 βασιλεὺς
1037 2906 1203 2959 Δαὸὶδ
1234 2907 1294 2961 ἐν
1322 2909 1387 2978 τῇ
1442 2906 1727 2978 Βηρσαδεέ

1850 2907 2001 2974 luem
2019 2915 2074 2963 ct
2104 2907 2161 2963 in
2182 2906 2454 2962 Bersabee
2474 2919 2732 2977 peccasse
2755 2904 3043 2975 cognovit;
3070 2905 3165 2961 sed
3190 2920 3316 2959 cum
3344 2906 3413 2960 ad

156 3000 361 3071 mpéEq,
398 3000 479 3071 (Ι)
510 3000 611 3053 τὸν
635 2998 936 3051 σπεύδοντα
963 2997 1128 3051 αὐτὸν
1156 2996 1331 3050 ἐλθεῖν
1355 2998 1419 3050 ὲκ
1443 2996 1624 3051 Γαϐὰθ
1646 2999 1727 3060 εἰς

161 3093 515 3167 Ἰερουσαλὴμ,
570 3095 668 3160 καὶ
710 3091 953 3147 κωλῦσαι
989 3091 1084 3145 τὸν
1109 3091 1277 3145 Δαὸὶδ
1318 3090 1427 3144 ἀπὸ
1454 3092 1554 3161 τῆς
1601 3091 1727 3143 ἀνοσ-

155 3186 259 3250 pix;
293 3188 527 3260 ταύτης,
574 3185 849 3239 ἐκώλυσεν
886 3184 1095 3254 (αὐτὸν)
1127 3185 1156 3237 ὁ
1184 3182 1407 3254 Βελίαρ,
1454 3183 1537 3235 ὅτι
1585 3184 1730 3237 κατᾶ

156 3275 245 3327 θὴν
257 3272 410 3349 εὗρεν
434 3278 645 3349 νεκρὸν
672 3275 923 3345 κείμενον
947 3272 1177 3343 γυμνὸν,
1206 3271 1302 3326 καὶ
1326 3272 1615 3343 ἐπέμεινεν
1635 3269 1728 3324 τοῦ

160 3366 293 3436 begin:
316 3370 490 3425 αὐτὸν
519 3371 669 3433 ἐκεῖ,
701 3367 788 3420 ἵνα
820 3366 894 3437 μὴ
939 3364 1048 3419 ἀπὸ
1075 3364 1185 3419 τῶν
1219 3362 1425 3434 Θηρίων
1451 3362 1728 3433 ἀναλωθῇ,

152 3459 227 3508 καὶ
254 3464 314 3527 τῇ
350 3461 517 3513 νυκτὶ
547 3458 739 3528 ἐκείνῃ
779 3456 941 3524 ἔγνω,
978 3456 1061 3509 ὅτι
1100 3455 1354 3525 ἐποίησεν
1382 3456 1410 3507 ὁ
1442 3453 1608 3506 Δαϐὶδ
1635 3454 1733 3523 τὴν

155 3546 419 3618 ἁμαρτίαν,
454 3553 559 3605 καὶ
589 3548 906 3619 ὑπέστρεψε
931 3546 1145 3601 πενθῶν
1179 3548 1259 3609 εἰς
1283 3545 1487 3600 Γαϐὰθ.
1528 3546 1639 3598 Καὶ
1657 3544 1735 3608 ὠς

149 3639 328 3693 ἀνεῖλεν
354 3642 532 3697 Δαΰὶδ
573 3642 785 3712 Οὐρίαν
822 3643 913 3694 τὸν
944 3640 1111 3711 ἄνδρα
1168 3638 1266 3709 τῆς
1297 3637 1596 3708 Βηρσαὸεὲ,
1625 3639 1736 3691 ὰπ-

150 3726 360 3785 ἐπειλεν
376 3737 406 3787 ὀ
430 3735 580 3797 Θεὸς
605 3734 704 3787 τὸν
728 3733 936 3797 Νάθαν,
966 3732 1061 3785 καὶ
1083 3729 1277 3803 ἤλεγξε
1303 3730 1395 3782 τὸν
1426 3728 1589 3783 Δαϐὶδ
1611 3727 1738 3802 περὶ

143 3820 222 3889 τῆς
250 3825 537 3896 ἁμαρτίας
570 3823 774 3880 αὐτοῦ.
804 3826 914 3878 Καὶ
938 3823 1182 3893 ἐφοϐήθη
1207 3821 1369 3875 Δαδὶδ
1389 3821 1480 3875 τὸν
1510 3823 1733 3890 Κύριον,

147 3908 214 3961 ὅτι
231 3914 474 3987 tumor;
510 3917 544 3969 ὂ
582 3916 868 3986 ἐποίησεν.
902 3915 1013 3968 Καὶ
1036 3914 1177 3983 ἔγνω
1197 3911 1383 3978 Δαϐιδ,
1405 3914 1488 3966 ὅτι
1508 3911 1736 3981 Πνεῦμα

143 3999 255 4054 Θεοῦ
288 4005 355 4073 ἆγ
368 4024 451 4059 ιον
496 4008 604 4058 ἐπὶ
637 4004 827 4059 Νάθαν
863 4004 954 4057 τὸν
991 4004 1274 4074 προφήτην
1302 4001 1471 4066 ἐστὶν,
1502 4002 1599 4053 καὶ
1632 4000 1738 4052 ἐτίυ

148 4108 295 4159 μησεν
319 4098 493 4150 αὑτὸν
523 4098 614 4160 ὡς
645 4097 794 4150 ὅσιον
821 4094 977 4150 Θεοῦ.
1003 4094 1112 4147 Καὶ
1134 4093 1295 4157 αὐτὸς
1325 4093 1466 4146 πάνυ
1490 4091 1738 4162 γηράσας

138 4180 379 4252 ἀπέθανε,
416 4190 524 4241 καὶ
558 4187 753 4256 ἐτάφη
780 4186 837 4239 ἐν
871 4183 1074 4250 Γαϐὰθ,
1104 4187 1162 4238 ἐν
1191 4187 1259 4255 τῇ
1293 4187 1363 4255 γῇ
1406 4181 1595 4237 αὐτοῦ.

150 4294 202 4347 ὀ
222 4301 360 4366 βίος
408 4302 531 4355 τοῦ
579 4299 798 4368 Ἀχίου
832 4296 1163 4367 προφήτου,
1208 4297 1310 4349 καί
1365 4295 1483 4350 ποῦ
1531 4294 1737 4348 κεῖται.

193 4410 262 4463 B’.
307 4415 508 4483 ’Δχξας
551 4416 586 4467 ὁ
615 4410 951 4480 Σηλωνίτης.
987 4402 1153 4472 Οὗτος
1181 4405 1249 4482 ἦν
1298 4408 1405 4463 ἀπὸ
1452 4407 1653 4479 Σηλὼμ
1679 4410 1745 4462 ἐκ

144 4499 295 4572 φυλῆς
347 4505 560 4570 Ἰούδα,
607 4506 754 4557 ὅπου
796 4498 864 4571 ἦν
893 4504 925 4572 ἡ
960 4502 1132 4571 σκηνὴ
1166 4502 1264 4573 τῆς
1292 4501 1523 4554 κιϐωτοῦ
1552 4502 1614 4554 τὸ
1641 4502 1746 4554 πά·-

140 4588 229 4651 ὶαε,
256 4596 319 4646 ἐκ
366 4596 609 4655 πόλεως
666 4588 953 4660 ’Λρμαθέμ
988 4589 1105 4643 Ἠλὶ
1147 4588 1242 4641 τοῦ
1289 4588 1497 4659 ἱερέως.
1530 4585 1746 4652 Οὗτοςὸ

144 4686 411 4755 προφήτης
436 4681 616 4737 εἶπεν
646 4681 783 4751 περὶ
804 4679 1052 4749 Σολομὼν
1070 4679 1161 4733 τοῦ
1182 4679 1298 4732 υἱοῦ
1327 4679 1425 4733 τοῦ
1449 4679 1635 4743 Δαϐὶδ,
1665 4682 1747 4735 ὅτι

141 4774 502 4843 προσκρούσῃ
553 4772 652 4843 τῷ
686 4768 828 4839 Θεῷ.
881 4762 1049 4832 Οὗτος
1083 4770 1278 4840 ἧλεγξε
1326 4771 1419 4824 καὶ
1454 4771 1546 4824 τὸν
1582 4772 1746 4843 Ἰερο-

140 4855 287 4926 Gradu,
304 4864 388 4915 ὃτι
420 4864 527 4915 ἐὰν
556 4858 898 4932 βασιλεύσῃ,
919 4859 1054 4929 δόλῳ
1076 4859 1332 4928 πορεύσει
1359 4860 1499 4931 μετὰ
1522 4861 1747 4931 Κύριον

139 4944 259 5003 2’30
303 4954 417 5025 γὰρ
470 4950 799 5010 ὀπτασίαν.
835 4949 1027 5018 ζεῦγος
1075 4949 1213 5018 βοῶν
1261 4951 1609 5005 καταπατοῦν
1661 4954 1752 5007 τὸν

141 5041 269 5105 intra,
297 5047 397 5098 καὶ
425 5046 592 5098 κατὰ
625 5040 753 5095 τῶν
783 5042 971 5112 ίερέων
1010 5041 1318 5115 ἐπιτρέχον.
1351 5042 1460 5095 Kal.
1488 5038 1640 5098 εἶπεν
1675 5044 1753 5116 τῷ

1832 3000 2237 3070 prohibendum
2275 2998 2501 3054 Davidis
2528 2997 2794 3068 ﬂagitium
2824 3012 2855 3051 e
2901 2996 3111 3052 Gabth
3151 2998 3413 3053 Hieroso-

1834 3096 1977 3167 lyma
2028 3098 2385 3165 properaret,
2437 3092 2652 3148 obstitit
2700 3089 2888 3167 Belial.
2944 3088 3220 3144 Mortuum
3267 3092 3414 3146 enim

1835 3188 2041 3242 nudum
2075 3187 2131 3240 in
2175 3184 2585 3255 viajacentem
2634 3184 2856 3254 reperit.
2898 3184 3058 3254 cujus
3110 3183 3222 3239 illic
3262 3200 3418 3256 sepe-

1836 3278 1999 3333 liendi
2022 3276 2201 3348 gratia
2235 3276 2511 3340 constitit,
2544 3291 2611 3331 ne
2634 3292 2664 3330 a
2698 3276 2829 3331 feris
2859 3275 3180 3332 laniaretur.
3212 3276 3419 3332 Eadem

1837 3383 2002 3438 porro
2028 3376 2191 3422 nocte
2218 3365 2433 3420 Natlian
2457 3366 2725 3438 comperit
2754 3365 3011 3421 Davidem
3044 3366 3254 3422 crimen
3286 3366 3419 3423 illud

1837 3468 2209 3530 perpetrasse.
2268 3456 2351 3513 0b
2409 3458 2461 3512 id
2523 3473 2765 3514 mmrcus
2816 3456 3118 3513 Gabatbam
3173 3458 3421 3517 revertit.

1839 3548 2207 3618 Posteaquam
2274 3563 2403 3603 vero
2468 3546 2639 3601 David
2692 3547 2879 3603 Uriam
2931 3547 3201 3605 Bersabee
3240 3534 3420 3608 virum

1840 3638 2139 3707 interfecit,
2172 3638 2380 3694 missus
2417 3654 2447 3694 a
2472 3637 2582 3693 Deo
2598 3636 2811 3693 Natban
2841 3638 2914 3694 ob
2947 3638 3251 3697 admissum
3282 3638 3424 3699 faci—

1839 3745 1946 3785 nus
1974 3729 2127 3784 illum
2165 3729 2467 3802 redarguit.
2509 3729 2648 3785 Tum
2694 3729 2866 3785 David
2908 3730 3056 3805 hunc
3101 3731 3157 3787 in
3176 3733 3423 3814 ‘modum

1841 3822 2147 3891 castigatus
2209 3828 2264 3875 et
2315 3822 2603 3876 convictus
2653 3819 2945 3875 Dominum
2992 3822 3206 3889 timuit;
3258 3822 3426 3881 intel-

1841 3912 2082 3981 texitque
2116 3909 2421 3964 Natbanem
2474 3911 2684 3980 Spiritu
2726 3926 2849 3965 esse
2890 3920 3085 3966 sancto
3115 3911 3425 3984 praeditum,

1840 4010 2003 4072 atque
2029 4002 2207 4056 eidem
2248 4007 2543 4069 pr0pterca
2583 4007 2847 4069 tanquam
2888 3998 2984 4055 Dei
3030 4009 3225 4058 sancto
3264 4019 3430 4061 vene-

1841 4093 2111 4149 rationem
2151 4089 2421 4145 adbibuit.
2469 4088 2539 4144 At
2577 4089 2842 4160 pr0pheta
2884 4098 3131 4147 extrema
3170 4094 3226 4149 in
3266 4110 3429 4151 senc-

1843 4192 1992 4240 ctute
2024 4192 2296 4248 mortuus,
2324 4180 2589 4236 Gabatbae
2610 4180 2666 4236 in
2701 4182 2880 4252 patria
2913 4198 3013 4238 sua
3048 4186 3301 4257 sepultus
3321 4196 3426 4244 est.

2019 4290 2200 4350 Acilia:
2230 4289 2498 4360 propheta:
2527 4291 2659 4357 vita,
2684 4299 2736 4345 et
2766 4293 3055 4362 sepulturae
3084 4296 3252 4352 locus.

1917 4402 1984 4456 ll.
2019 4402 2222 4461 Acbias
2263 4403 2536 4461 Selonites
2571 4420 2601 4474 _e
2649 4403 2829 4462 Selom
2859 4410 3128 4468 oriundus
3176 4414 3245 4469 de
3284 4415 3433 4472 tribu

1847 4492 2012 4559 Juda,
2043 4495 2132 4549 ubi
2163 4495 2441 4564 quondam
2464 4510 2607 4551 arca:
2627 4498 3044 4555 tabernaculum
3073 4502 3278 4571 fuit,ex
3311 4506 3435 4562 Ari-

1851 4585 2089 4641 mathem
2113 4584 2193 4638 Eli
2227 4585 2536 4641 sacerdotis
2564 4586 2784 4656 oppido.
2817 4587 2919 4643 Hic
2949 4589 3296 4649 Salomouem
3323 4594 3432 4649 Da-

1850 4677 1995 4734 vidis
2027 4679 2198 4733 lilium
2238 4678 2411 4735 Deum
2446 4680 2786 4736 oll‘ensurum
2819 4696 2941 4738 esse
2969 4686 3244 4754 praedixit.
3288 4687 3432 4753 Quin

1852 4779 1908 4824 et
1942 4768 2235 4825 Jeroboam
2284 4785 2555 4851 arguens,
2590 4772 2921 4842 signiﬁcavit
2960 4791 3107 4844 eum,
3140 4787 3434 4852 postquam

1853 4876 2027 4932 regno
2078 4862 2288 4932 potitus
2320 4869 2489 4930 esset,
2527 4862 2906 4920 fraudulenter
2935 4881 3059 4922 cum
3097 4868 3206 4927 Deo
3238 4874 3436 4931 ambu-

1854 4954 2092 5008 laturum
2121 4969 2265 5010 esse.
2294 4953 2551 5023 Oblatum
2581 4957 2728 5012 enim
2762 4960 2841 5015 illi
2872 4976 2968 5031 per
3003 4961 3181 5017 visum
3215 4973 3299 5019 est
3335 4979 3437 5035 par

1855 5042 2043 5107 boum,
2071 5044 2216 5113 quod
2258 5045 2528 5114 papulum-
2551 5047 2925 5116 proculcaret,
2953 5055 3009 5104 et
3038 5048 3094 5103 in
3124 5049 3438 5106 sacerdotes

144 5134 395 5210 Σολομὼν,
447 5141 544 5193 ὅτι
584 5137 868 5206 γυναῖκες
901 5132 1061 5185 αὑτὸν
1113 5134 1467 5204 ἐκστήσουσιν
1516 5134 1623 5188 ἀπὸ
1660 5135 1741 5189 τοί

1857 5133 2110 5188 irrueret.
2146 5132 2291 5189 Idem
2328 5150 2547 5205 quoque
2587 5134 2869 5193 Salomoni
2902 5138 3173 5208 praedixit,
3218 5136 3335 5194 fore
3375 5147 3439 5196 ut

146 5224 347 5298 Κυρίου,
384 5231 509 5283 Καὶ
540 5227 640 5297 τῷ
691 5222 975 5293 Ἰεροϐοὰμ
998 5219 1169 5286 εἶπεν.
1196 5225 1278 5277 ὅτι
1298 5225 1399 5278 Διὰ
1415 5226 1525 5278 τῶν
1552 5226 1644 5279 δύο
1662 5226 1755 5279 δα-

148 5319 329 5383 μὶίων
380 5339 484 5376 σου
534 5314 967 5390 προσκρούσεις
1004 5315 1082 5385 τῷ
1119 5314 1327 5386 Κυρίῳ,
1372 5317 1467 5369 καὶ
1511 5318 1589 5380 είς
1631 5319 1753 5371 δου-

296 5415 461 5466 ictas
498 5411 569 5463 τὸ
616 5405 797 5475 γένος
833 5421 947 5457 σου.
989 5405 1278 5458 ’Δπέθανεν
1322 5406 1377 5457 δὲ
1418 5405 1621 5476 Ἀχίας,
1666 5407 1760 5463 καὶ

148 5496 293 5570 ἑτάρη
330 5498 637 5566 σύνεγγυς
665 5489 780 5557 τῆς
800 5490 958 5561 δρυὸς
993 5491 1089 5562 τῆς
1117 5490 1282 5563 οὔσης
1312 5492 1525 5564 Σηλώμ.

199 5697 269 5765 (Η
307 5694 371 5755 9.
408 5695 552 5754 add.
597 5689 787 5747 ἀλλά.

322 5796 640 5855 Ριτιιοι..
696 5783 825 5843 Gn.
875 5783 1101 5846 XLIII.

1862 5223 2041 5293 ipsum
2064 5238 2094 5276 a
2121 5221 2352 5277 Domino
2377 5225 2637 5281 mulieres
2663 5227 3078 5295 abstraherent;
3108 5227 3438 5284 Jeroboamo

1862 5330 2012 5382 vero,
2070 5313 2318 5381 Duobus,
2365 5316 2567 5386 inquit,
2600 5319 2789 5375 vitulis
2822 5320 2934 5377 tuis
2975 5319 3217 5377 olIendes
3253 5320 3440 5380 Domi—

1862 5420 2018 5470 num,
2059 5422 2124 5461 ac
2149 5421 2324 5476 genus
2366 5413 2521 5462 tuum
2564 5408 2620 5468 in
2656 5411 2975 5466 servitutem
3010 5410 3253 5467 dabitur.
3290 5413 3438 5470 Mor-

1863 5507 1992 5554 tuus
2031 5498 2248 5554 demum
2292 5498 2496 5555 Acbias
2536 5500 2605 5556 ad
2647 5518 2913 5573 quercum
2963 5504 3111 5560 illam
3154 5507 3440 5579 sepelitur.

1863 5606 1983 5662 quae
2010 5591 2067 5645 in
2104 5589 2284 5646 Selom
2316 5590 2587 5664 hodieque
2622 5595 2980 5668 conspicitur.

3057 5790 3131 5853 13
