3948 6196
506 355 612 414 399

628 478 751 533 Vita
792 478 1038 535 Jeremiw
1077 472 1361 544 prophetw,
1412 483 1460 529 et
1493 475 1774 545 sepultura:
1814 477 1979 534 locus.

582 611 712 666 VIII.
769 610 1017 665 Jeremiae
1069 609 1348 679 prophetae
1396 611 1570 680 patria
1621 612 1724 666 fuit
1765 613 2084 667 Anathoth:

507 709 623 774 ipse
647 710 830 756 autem
856 700 1102 770 Taplmis
1123 701 1338 772 Aigypti
1363 703 1498 758 urbe
1527 720 1557 757 ιι
1581 705 1782 775 populo
1813 707 2084 776 lapidibus

502 811 803 865 oppressus
835 794 1064 848 interiit.
1100 792 1251 850 Situs
1274 807 1359 850 est
1390 798 1443 850 in
1478 812 1544 852 eo
1579 797 1722 862 loco,
1757 799 1847 852 ubi
1874 799 2085 854 Pharao

501 886 778 958 quondam
811 885 1150 940 domicilium
1184 887 1406 953 habuit;
1449 904 1576 943 nam
1615 889 1858 962 Egyptii
1889 891 1962 946 ob
2002 907 2089 946 ac-

500 987 717 1048 ceptum
761 979 830 1034 ab
877 978 970 1032 illo
1014 978 1339 1034 beneficium
1398 996 1673 1036 summum
1719 984 1770 1036 ei
1821 983 2085 1038 honorem

499 1073 838 1126 habuerunt.
870 1071 1008 1126 Cum
1040 1071 1187 1126 enim
1219 1072 1460 1141 aspides,
1485 1081 1540 1128 et
1569 1074 1842 1144 aquatiles
1876 1077 2084 1142 bestiae,

499 1181 638 1236 quas
691 1163 933 1235 Egyptii
982 1163 1226 1233 nephoth,
1281 1163 1458 1220 Graeci
1507 1165 1818 1223 crocodilos
1864 1180 2085 1233 vocant,

500 1259 729 1313 exiliunt
784 1256 894 1310 illis
942 1254 1231 1318 inferrent,
1284 1264 1480 1312 orante
1524 1255 1759 1324 Jeremia
1800 1261 2085 1331 propheta,

501 1358 614 1404 tam
661 1348 914 1418 aspidum
965 1348 1020 1401 in
1072 1356 1216 1402 terra
1264 1346 1421 1402 furor
1465 1356 1527 1404 et
1572 1349 1774 1415 rabies,
1824 1368 1989 1420 quam
2032 1353 2086 1406 in

501 1443 667 1498 ﬂuvio
699 1442 1004 1497 belluarum
1037 1441 1248 1496 insidia:
1281 1456 1612 1512 compressa:
1642 1451 1793 1497 sunt.
1829 1441 1982 1501 Unde
2019 1445 2087 1499 ad

504 1539 812 1607 hocusque
861 1542 1076 1605 tempus
1125 1535 1330 1600 ﬁdeles,
1386 1537 1478 1606 qui
1514 1536 1627 1591 illic
1695 1546 1846 1601 sunt,
1894 1554 2086 1592 omnes

501 1644 662 1684 orare
699 1629 754 1682 in
795 1628 988 1682 eodem
1039 1628 1131 1681 illo
1182 1627 1303 1680 loco
1349 1629 1556 1696 solent;
1598 1644 1927 1702 sumptoque
1969 1632 2089 1702 pul-

497 1735 632 1775 vere
685 1719 962 1775 morsibus
1011 1718 1261 1788 aspidum
1299 1719 1607 1786 medentur,
1664 1737 1729 1774 ac
1775 1723 2086 1776 crocodilos

504 1809 716 1881 fugauc.
759 1809 904 1864 Idem
944 1824 1073 1865 vero
1103 1809 1367 1879 propheta
1401 1809 1782 1866 sacerdotibus
1813 1810 2084 1883 IEgpriis

503 1902 724 1972 signum
755 1901 926 1966 dedit,
960 1916 1024 1956 ac
1065 1901 1431 1965 denuntiavit,
1481 1902 1664 1957 omnia
1711 1903 1930 1958 illorum
1965 1919 2088 1959 esse

501 1995 799 2064 quatienala
839 1993 1156 2056 simulacra,
1197 2002 1250 2047 et
1282 2009 1403 2064 quae
1434 2008 1598 2047 manu
1625 1994 1906 2049 elaborata
1930 2003 2088 2049 erant

502 2087 664 2156 signa
693 2086 925 2151 ruitura,
969 2099 1093 2140 cum
1132 2087 1288 2156 virgo
1321 2101 1590 2157 puerpera
1623 2086 1809 2143 divino
1843 2102 1968 2142 cum
2005 2088 2089 2142 in-

499 2175 654 2234 fante
679 2177 872 2248 pedem
905 2175 962 2230 in
1000 2173 1293 2247 Egyptum
1346 2179 1641 2246 posuisset.
1685 2175 1795 2231 Nec
1822 2191 1962 2232 vana
1988 2176 2090 2231 fuit

501 2268 807 2340 praedictio.
856 2267 963 2338 (0b
1024 2266 1077 2321 id
1131 2281 1454 2337 puerperam
1506 2268 1770 2338 virginem
1819 2268 2090 2338 hodieque

502 2368 871 2425 venerantur;
902 2367 955 2412 et
987 2357 1252 2413 infantem
1287 2359 1342 2412 in
1379 2359 1608 2429 praesepi
1645 2359 1920 2427 jacentem
1950 2361 2085 2416 ado-

502 2459 647 2506 rant.
681 2450 855 2520 Cujus
896 2449 976 2505 rei
1005 2463 1230 2504 causam
1267 2449 1575 2504 sciscitanti
1626 2448 1922 2505 Ptolemaeo
1949 2451 2086 2521 regi,

503 2543 912 2614 responderunt
944 2559 958 2595 :
993 2539 1311 2611 Mysterium
1347 2537 1481 2593 illud
1517 2547 1622 2603 est,
1658 2539 1803 2609 quod
1834 2555 1864 2594 a
1910 2540 2087 2610 majo-

503 2633 660 2689 ribus
703 2633 1042 2702 aecepimus,
1078 2630 1338 2703 quodque
1372 2646 1403 2684 a
1457 2640 1652 2686 sancta
1696 2633 1961 2704 propheta
2003 2641 2089 2689 est

501 2723 612 2780 illis
646 2721 877 2789 editum,
917 2723 1077 2793 cujus
1124 2737 1228 2777 nos
1264 2723 1649 2792 praestolamur
1687 2723 1944 2795 exitum.)
1987 2723 2090 2781 lIic

502 2816 595 2872 ille
640 2823 904 2886 praeterea
957 2822 1083 2870 ante
1131 2815 1407 2869 excidium
1458 2816 1641 2885 templi
1696 2816 1832 2888 legis
1879 2831 2085 2882 arcam,

503 2922 734 2979 quaeque
756 2905 810 2960 in
830 2921 892 2961 ea
917 2907 1363 2971 continebantur,
1387 2905 1604 2975 eripuit,
1625 2915 1791 2977 atque
1814 2907 1866 2961 in
1893 2923 2086 2964 saxum

503 3000 763 3067 absorpta
809 2996 1074 3051 condidit.
1123 2995 1262 3050 Tum
1309 2998 1617 3052 astantibus
1673 2999 1855 3068 populi
1905 3014 2090 3054 sacer-

502 3089 727 3144 dotibus
773 3101 837 3140 ac
881 3085 1194 3140 senioribus
1239 3087 1414 3141 dixit:
1463 3086 1722 3142 Dominus
1768 3105 1795 3143 e
1841 3089 1976 3144 Sina
2032 3091 2088 3144 in

1807 354 2013 413 DUBIA
2056 355 2194 412 AUT
2238 359 2511 417 S'PIJIHA.

3667 364 3768 424 500

2119 485 2161 539 A
2205 480 2258 532 '0
2282 483 2424 550 ,ϐίος
2464 482 2572 540 τοῦ
2604 482 2875 554 Ἰερεμίου
2909 476 3242 553 προφήτου,
3279 480 3376 535 καί
3418 477 3538 536 ποῦ
3576 481 3768 538 κεῖται.

2270 620 2350 671 II'.
2396 619 2665 690 Ἱερεμίας
2699 621 2728 673 6
2763 620 3052 690 προφήτης
3078 613 3144 690 ἦν
3179 618 3238 685 ὲξ
3281 617 3557 671 Ἀναθώθο
3600 618 3692 671 καὶ
3722 621 3774 671 ὲν

2197 711 2443 780 Τάφναις
2487 711 2600 782 (9.5)
2634 711 2912 781 Αἰγύπτου
2961 709 3326 782 λιθοϐοληθεὶς
3368 710 3473 762 ὑπὸ
3520 709 3613 763 τοῦ
3651 710 3771 764 λαοῦ

2200 799 2573 872 ἐτελεύτησεν.
2635 802 2832 855 Κείται
2867 802 2922 855 δὲ
2964 805 3022 854 ὲν
3059 802 3211 873 τόπῳ
3244 801 3343 872 τῆς
3380 801 3645 872 οἰκήσεως
3679 802 3768 852 Φα-

2199 891 2344 962 ραὼ,
2402 894 2483 946 ὅτι
2520 895 2570 946 οἰ
2625 895 2911 963 Αἰγύπτιοι
2965 893 3220 960 ἐδόξασαν
3286 894 3448 947 αὑτὸν
3497 896 3771 965 εὐεργετη-

2198 984 2382 1047 θέντες
2442 987 2533 1039 ύπ’
2584 984 2750 1038 αὐτοῦ
2787 985 2920 1055 (iii).
2994 985 3246 1049 ’Λσπίδες
3288 984 3438 1056 γὰρ,
3524 986 3620 1039 καὶ
3673 987 3771 1038 τῶν

2195 1074 2406 1128 ύδάτων
2437 1074 2623 1148 Θῆρες,
2681 1075 2776 1140 οὒς
2829 1075 3086 1130 καλοῦσιν
3135 1078 3184 1130 οἱ
3223 1075 3516 1144 Αἰγύπτιοι
3560 1078 3769 1145 regebat).

2199 1167 2460 1238 ’Έλληνες
2501 1169 2626 1229 τοὺς
2665 1167 3063 1239 κροκοδείλους,
3102 1163 3243 1239 ἦσαν
3264 1169 3465 1232 αὐτοὺς
3495 1167 3775 1222 θανατοῦν-

2194 1273 2316 1321 τες,
2367 1259 2462 1310 κα¹ι
2509 1257 2812 1328 εὐξαμένου
2871 1258 2967 1312 τοῦ
3012 1260 3294 1329 προφήτου
3333 1259 3594 1330 Ἰερεμίου
3645 1261 3777 1312 ὲκω·

2196 1349 2333 1421 λύθη
2365 1351 2430 1403 ὲκ
2454 1351 2553 1421 τῆς
2585 1354 2690 1422 γῆς
2723 1352 2939 1422 ἐκείνης
2976 1353 3005 1404 6
3043 1351 3214 1423 θυμὸς
3235 1351 3343 1405 τῶν
3376 1352 3615 1406 ἀσπίδων
3645 1351 3776 1422 (25).

2196 1443 2290 1496 καὶ
2329 1443 2394 1495 ὲκ
2432 1441 2528 1496 τοῦ
2567 1441 2816 1512 ποταμοῦ
2884 1441 3147 1506 ὡσαύτως
3193 1442 3256 1495 16
3299 1441 3512 1512 ἐνεδρον
3549 1443 3654 1496 τῶν
3685 1442 3778 1514 θη-

2197 1530 2329 1602 ρίων
2350 1529 2482 1602 (26).
2515 1530 2627 1585 Καὶ
2647 1531 2763 1584 ὅσοι
2793 1531 2932 1585 εἰσὶν
2963 1531 3166 1594 πιστοὶ,
3192 1531 3298 1595 ἕως
3332 1533 3571 1603 σήμερον
3596 1531 3778 1602 εὔχον-

2195 1639 2284 1675 ται
2318 1624 2376 1676 ὲν
2422 1621 2500 1693 τῷ
2535 1623 2685 1693 τόπῳ
2719 1624 2934 1694 ἐκείνῳ,
2986 1624 3081 1678 καὶ
3125 1622 3494 1694 λαμϐάνοντες
3531 1623 3626 1677 τοῦ
3655 1623 3776 1694 χοὸς

2194 1713 2379 1784 δῆγμα
2416 1713 2662 1768 ἀσπίδων
2708 1697 3130 1787 θεραπεύουσιν,
3183 1715 3279 1769 καὶ
3324 1715 3467 1770 αὐτὰ
3512 1715 3582 1769 τὰ
3619 1717 3775 1788 θηρία

2197 1803 2613 1872 φυγαδεύουσιν.
2651 1799 2819 1868 Οὗτος
2847 1806 2876 1857 6
2900 1807 3188 1878 προφήτης
3221 1809 3446 1878 σημεῖον
3476 1806 3644 1861 ἔδωκε
3671 1812 3774 1871 τοῖς

2191 1895 2468 1964 Αἰγύπτου
2502 1896 2758 1968 ἱερεῦσιν,
2794 1897 2971 1967 λέγων
2993 1938 3009 1964 ,
3044 1899 3127 1952 ὅτι
3169 1899 3248 1952 δεῖ
3281 1900 3562 1971 σεισθῆναι
3599 1900 3772 1954 πάντα

2189 1986 2259 2041 τὰ
2311 1986 2505 2042 εἴδωλα
2560 1988 2739 2042 αὐτῶν
2764 2029 2778 2054 ,
2840 1989 2933 2044 καὶ
2973 1994 3274 2061 συμπεσεῖν
3325 1990 3394 2045 τὰ
3425 1992 3773 2069 χειροποίητα

2193 2080 2392 2144 πάντα,
2422 2079 2549 2134 ὅταν
2595 2081 2758 2152 ἐπιϐῇ
2805 2082 2864 2135 ἐν
2893 2081 3156 2154 Αἰγύπτῳ
3187 2083 3456 2154 παρθένος
3483 2084 3774 2154 λοχεύουσα

2193 2174 2291 2226 σὺν
2343 2170 2532 2245 βρέφει
2583 2173 2810 2226 θεοειδεῖ
2844 2173 2976 2247 (Ἥ).
3015 2174 3124 2228 Καὶ
3159 2174 3376 2243 ἐγένετο
3413 2175 3614 2240 αὐτοῖς.
3669 2171 3774 2247 [Διὸ

2191 2263 2395 2318 καῖ’νῦν
2423 2264 2624 2334 τιμῶσι
2657 2265 2924 2336 παρθένον
2947 2265 3156 2337 λοχοῦν,
3183 2269 3278 2320 καὶ
3305 2266 3504 2338 βρέφος
3525 2270 3582 2320 ὲν
3605 2267 3772 2338 φάτνῃ

2189 2355 2430 2419 τιθέντες
2483 2357 2885 2427 προσκυνοῦσιο
2945 2360 3042 2413 καὶ
3081 2359 3403 2432 Πτολεμαίῳ
3444 2358 3521 2430 τῷ
3571 2359 3776 2429 βασιλεῖ

2191 2447 2583 2519 πυνθανομένῳ
2602 2449 2702 2519 τὴν
2727 2450 2908 2504 αἰτίαν
2939 2450 3144 2521 ἔλεγον,
3173 2451 3256 2504 ὅτι
3288 2451 3775 2523 Πατροπαράδοτον

2189 2540 2321 2610 ἡμῖν
2363 2541 2479 2594 ἐστι
2535 2543 2833 2613 μυστήριον
2874 2543 2980 2597 ύπὺ
3025 2544 3173 2597 ὁσίου
3213 2543 3308 2598 τοῦ
3345 2545 3621 2616 προφήτου
3670 2546 3778 2609 τοῖς

2189 2629 2460 2701 πατράσιν
2493 2629 2649 2701 ἡμῶν
2673 2631 2998 2702 παραδοθὲν,
3022 2633 3119 2686 καὶ
3143 2632 3475 2704 ὲκδεχόμεθα
3507 2634 3569 2687 16
3596 2634 3777 2704 πέρας

2187 2720 2282 2775 τοῦ
2308 2722 2607 2794 μυστηρίου
2629 2721 2830 2795 ἡμῶν.]
2855 2719 3022 2789 Οὗτος
3036 2727 3064 2779 6
3087 2726 3372 2797 προφήτης
3393 2726 3499 2796 πρὸ
3521 2725 3624 2795 τῆς
3645 2725 3778 2778 6.115-

2191 2830 2330 2877 σεως
2360 2813 2455 2867 τοῦ
2491 2812 2619 2866 ναοῦ
2649 2813 2899 2884 ἥρπασεν
2932 2816 3032 2886 τὴν
3061 2815 3295 2869 κιϐωτὸν
3329 2814 3423 2868 τοῦ
3459 2816 3653 2886 νόμου,
3688 2816 3782 2870 καὶ

2189 2906 2259 2960 τὰ
2301 2906 2360 2957 ὲν
2393 2906 2530 2976 αὐτῇ
2576 2905 2779 2971 πάντα,
2819 2907 2913 2960 καὶ
2951 2907 3208 2976 ἐποίησεν
3241 2908 3381 2962 αὐτᾶ
3401 2909 3782 2980 καταποθῆναι

2190 2995 2249 3048 ὲν
2280 2994 2473 3068 πέτρᾳ,
2515 2995 2610 3048 καὶ
2648 2990 2803 3049 εἶπεν
2829 2998 2942 3058 τοῖς
2985 2996 3188 3067 ίερεῦσι
3215 2997 3311 3051 τοῦ
3355 2996 3485 3050 λαοῦ
3520 2999 3617 3052 καὶ
3669 3003 3781 3062 τοῖς

2191 3085 2584 3157 πρεσὸυτέροις
2647 3087 2996 3159 παρεστῶσιν
3022 3104 3037 3119 ⁸
3105 3088 3515 3158 Ἀπεδτὶμησεν
3563 3091 3784 3159 Κύριος

503 3177 692 3231 uelum
724 3175 877 3240 abiit,
912 3175 1133 3245 indeque
1181 3191 1296 3228 cum
1337 3189 1523 3230 sancta
1557 3179 1744 3234 virtute
1777 3190 2081 3237 revertetur.

2195 3177 2255 3232 ἐκ
2281 3177 2427 3232 Σινὰ
2461 3180 2549 3244 εὶς
2582 3177 2726 3244 τοὺς
2755 3178 3073 3247 οὐρανοὺς,
3119 3179 3221 3233 καὶ
3249 3178 3437 3233 πάλιν
3464 3180 3784 3235 ἐλεύσεται

500 3265 672 3335 Atque
705 3265 804 3319 hoc
826 3266 1035 3337 signum
1064 3265 1387 3320 advenientis
1428 3266 1575 3323 illius
1619 3270 1740 3334 erit,
1783 3287 1901 3324 cum
1943 3272 2086 3326 uide-

502 3355 624 3408 licet
659 3355 863 3424 lignum
904 3364 1080 3426 gentes
1113 3372 1290 3410 omnes
1325 3357 1648 3412 adorabunt.
1699 3360 1904 3416 Dehinc
1935 3363 2088 3432 adje-

501 3449 622 3502 cit:
685 3449 882 3501 Arcam
928 3449 1089 3501 istaut
1133 3448 1505 3514 sacerdotum,
1566 3463 1659 3505 aut
1710 3453 2087 3522 prophetarum

502 3557 654 3596 nemo
685 3541 960 3605 reserabit,
991 3551 1182 3612 pra:ter
1201 3543 1419 3597 eiectum
1459 3541 1554 3597 Dei
1587 3543 1841 3614 Moysen;
1874 3545 2087 3602 tabulas

501 3650 644 3697 vero,
668 3649 789 3705 qua:
817 3634 872 3688 in
898 3633 997 3688 illa
1031 3643 1175 3699 sunt,
1204 3650 1339 3689 unus
1368 3636 1551 3688 Aaron
1591 3636 1869 3703 capandet.
1899 3638 1964 3690 In
2003 3654 2089 3692 re-

503 3729 829 3782 surrectione
855 3743 1014 3796 porro
1068 3729 1242 3797 prima
1275 3730 1508 3781 omnium
1555 3739 1800 3799 exsurget
1845 3747 1998 3794 arca,
2037 3740 2088 3784 et

500 3835 567 3874 ex
589 3819 684 3873 illo
711 3834 843 3873 saxo
871 3828 1169 3889 prorumpat
1186 3834 1204 3882 ;
1239 3827 1393 3888 atque
1420 3820 1474 3873 in
1506 3832 1680 3874 monte
1712 3820 1844 3876 Sina
1867 3821 2088 3876 colloca-

504 3913 668 3965 bitur.
702 3912 835 3965 Tum
883 3912 954 3965 ad
989 3928 1104 3966 eant
1149 3915 1321 3966 sancti
1371 3929 1548 3967 omnes
1589 3896 1872 3981 con/luent,
1917 3913 2088 3986 ibique

503 4005 787 4060 Dominum
811 4015 1196 4076 exspectantes,
1221 4007 1442 4071 hostem,
1475 4009 1562 4075 qui
1597 4008 1697 4061 sibi
1733 4025 1903 4062 necem
1936 4009 2088 4062 νιξοιί-

503 4107 614 4159 tur,
650 4097 920 4167 e/fugient.
955 4095 1055 4152 His
1087 4097 1249 4153 dictis
1287 4097 1456 4168 digito
1485 4113 1585 4152 suo
1620 4098 1709 4153 Dei
1751 4115 1948 4154 nomen
1985 4100 2087 4152 itit-

504 4191 747 4259 printens
782 4189 1015 4258 lapidem
1048 4189 1323 4259 obsignat,
1351 4205 1526 4259 eaque
1557 4190 1725 4260 figura
1766 4192 1991 4261 perinde
2021 4209 2086 4248 ac

504 4281 550 4333 si
584 4279 776 4333 caelata
814 4280 958 4333 ferro
990 4289 1136 4334 esset
1167 4281 1404 4334 inhaesit.
1437 4283 1511 4334 Ac
1540 4289 1652 4333 tum
1685 4284 1860 4338 nubes
1892 4299 2082 4338 saxum

507 4369 642 4424 illud
699 4368 948 4423 obduxit.
998 4369 1185 4439 Neque
1227 4371 1516 4442 quisquam
1564 4380 1658 4423 aut
1709 4371 1859 4426 illum
1902 4373 2082 4428 locum

503 4461 676 4521 novit,
709 4468 802 4514 aut
847 4462 913 4516 ad
955 4461 1102 4516 hanc
1147 4461 1287 4515 diem
1342 4463 1517 4532 legere
1551 4461 1745 4530 potuit,
1802 4478 1978 4534 neque
2015 4467 2082 4520 ad

503 4553 690 4608 mundi
725 4553 885 4608 finem
919 4570 1158 4624 unquam
1187 4554 1404 4624 poterit.
1434 4553 1527 4608 Est
1555 4554 1682 4610 illud
1714 4571 1906 4611 saxum
1935 4557 1988 4611 in
2019 4573 2080 4612 ea

504 4645 802 4701 solitudine
845 4647 1009 4701 situm
1062 4646 1152 4701 ubi
1209 4661 1334 4700 arca
1381 4646 1614 4716 primum
1661 4648 1891 4712 exstitit,
1941 4649 2086 4703 inter

503 4737 629 4794 illos
663 4747 900 4802 montes,
937 4739 994 4791 ‘in
1048 4737 1248 4807 quibus
1279 4737 1482 4801 Aaron,
1522 4753 1586 4792 ac
1633 4739 1846 4811 Moyses
1873 4740 2080 4811 jacent.

501 4829 679 4884 Noctu
719 4846 846 4884 vero
881 4831 1055 4885 nubes
1099 4831 1217 4884 loco
1265 4831 1339 4885 illi
1388 4834 1563 4900 instar
1595 4833 1736 4902 ignis
1781 4834 2082 4900 incumbit;

505 4921 574 4975 ad
618 4934 808 4975 eorum
855 4921 1294 4986 similitudinem,
1338 4940 1459 4994 qua:
1501 4926 1700 4994 priscis
1745 4928 2084 4996 temporibus

504 5011 844 5074 acciderunt.
886 5018 944 5066 ut
976 5012 1106 5066 illud
1143 5013 1508 5084 significetur,
1549 5016 1642 5073 Dei
1681 5018 1910 5084 gloriam
1941 5034 2082 5072 nuu-

503 5119 666 5175 quam
693 5119 722 5157 a
756 5103 870 5174 lege
907 5118 1007 5157 sua
1041 5117 1408 5161 recessuram.

576 5387 690 5458 {235)
728 5387 834 5455 Γρ.
865 5391 1078 5458 ταφαῖς.

575 5455 689 5526 ('25)
721 5462 822 5526 Γρ.
853 5455 916 5510 δι’
949 5455 1126 5512 αὑτὸν.

577 5529 687 5595 (25)
721 5532 822 5595 Γρ.
855 5546 950 5581 του
987 5531 1174 5598 γένους
1202 5529 1307 5583 τῶν
1331 5528 1588 5582 ἀσπίδων.

579 5599 690 5656 ίϊῖϋ)
722 5602 824 5664 l'p.
858 5599 1136 5669 1&70qpia.
1237 5668 1240 5669 7
1272 5668 1277 5669 7
1317 5645 1322 5650 .

578 5669 692 5736 (Π)
722 5670 825 5736 ι’ρ.
860 5667 1056 5736 βρέφσξ
1084 5668 1333 5728 θεοειδές.
1797 5735 1801 5736 7
2056 5706 2065 5712 .

582 5733 692 5799 (28)
719 5733 871 5802 Aug.‘
888 5733 1007 5799 Τὴν
1025 5737 1092 5788 δὲ
1119 5736 1366 5788 κιϐωτὸν
1395 5736 1620 5802 ταύτην
1651 5735 1847 5800 οὐδεὶς
1875 5736 2086 5790 ἐκϐάλ-

518 5806 626 5866 .1εο,
646 5803 697 5852 ει
722 5801 1081 5874 μὴ’ᾼαρὼν,
1110 5806 1204 5858 καὶ
1231 5803 1336 5872 τὰς
1357 5804 1426 5858 ἐν
1451 5801 1604 5872 αὐτῇ
1628 5805 1862 5876 πλάκας
1886 5807 2086 5874 οὐδεὶς

2189 3266 2259 3320 ἐν
2285 3265 2534 3336 δυνάμει
2567 3267 2727 3337 ἁγίᾳ.
2793 3267 2904 3322 Καὶ
2950 3267 3128 3322 τοῦτο
3153 3268 3408 3338 σημεῖον
3450 3269 3622 3324 ἔσται
3670 3269 3786 3336 τῆς

2188 3355 2376 3412 αὑτοῦ
2423 3358 2795 3426 παρουσίας,
2849 3358 2949 3412 ὅτε
3001 3359 3193 3422 ξύλον
3253 3358 3452 3414 πάντα
3516 3360 3589 3415 τὰ
3633 3362 3783 3428 ἔθνη

2189 3447 2754 3518 προσκυνήσουσιν.
2799 3445 2968 3504 Εἶπεν
2997 3449 3054 3503 δὲ
3083 3451 3289 3516 αὐτοῖς,
3319 3453 3402 3506 ὅτι
3457 3451 3579 3520 Τὴν
3613 3455 3786 3507 κιϐω-

2187 3538 2299 3591 τὸν
2324 3539 2552 3606 ταύτην
2598 3538 2799 3604 οὐδεὶς
2833 3539 3163 3605 ἀναπτύξει
3195 3541 3285 3594 ἔτι
3332 3544 3539 3610 ἱερέων
3567 3544 3609 3611 ἢ
3638 3557 3787 3611 προ·

2189 3628 2414 3698 φητῶν,
2436 3632 2490 3683 εὶ
2520 3629 2606 3699 μὴ
2641 3630 2867 3700 Μωσῆς
2901 3631 3014 3702 (9.8)
3045 3635 3077 3687 ὀ
3111 3633 3401 3700 ἐκλεκτὸς
3445 3634 3553 3689 τοῦ
3590 3635 3746 3688 Θεοῦ
3768 3650 3785 3665 ⁶

2188 3719 2290 3786 τὰς
2345 3719 2416 3773 ἐν
2451 3721 2608 3789 αὐτῇ
2649 3721 2887 3790 πλάκας
2933 3723 3135 3792 οὐδεὶς
3187 3724 3570 3792 ἀνα-πλώσει,
3609 3728 3664 3780 ει
3692 3725 3784 3795 μὴ

2201 3812 2259 3865 Ἀ
2267 3811 2444 3880 αρών.
2479 3815 2530 3866 Κ
2530 3815 2589 3868 a2
2610 3813 2680 3867 ἐν
2705 3815 3040 3871 ἀναστάσει
3059 3815 3298 3885 πρῶτον
3317 3819 3358 3886 ἠ
3379 3819 3628 3886 κιϐωτὸς
3642 3819 3793 3873 ἁνα-

2188 3903 2502 3972 στήσεται,
2530 3904 2629 3975 κᾳί
2656 3905 3039 3970 ἐξελεύσεται
3059 3909 3129 3961 ἐκ
3165 3907 3276 3976 τῆς
3304 3909 3545 3976 πέτρας,
3562 3910 3662 3964 και
3687 3927 3789 3963 τε·

2190 3994 2439 4062 θήσεται
2471 3996 2540 4049 ἐν
2559 3995 2640 4062 τῷ
2662 3996 2780 4066 ὄρει
2798 3997 2964 4060 Σινᾶ,
2983 3999 3081 4052 καί
3109 4001 3334 4066 πάντες
3365 4004 3420 4056 οι
3453 4002 3607 4072 ἅγιοι
3629 4005 3792 4071 πρὸς

2189 4087 2384 4156 αὐτὴν
2417 4088 2913 4158 συναχθήσονται
2950 4090 3079 4144 ἐκεῖ
3105 4091 3486 4162 ἐκδεχόμενοι
3527 4094 3636 4148 τὸν
3663 4097 3788 4148 Κύ-

2182 4197 2338 4246 ριον,
2358 4177 2455 4234 καὶ
2475 4179 2582 4234 τὸν
2596 4181 2815 4249 ἐχθρὸν
2836 4183 3163 4253 φεύγοντες
3185 4184 3426 4240 ἀνελεῖν
3445 4186 3666 4250 αὐτοὺς
3686 4185 3794 4239 ϐέ-

2187 4274 2396 4324 λοντιῑ.
2439 4271 2543 4326 Καὶ
2561 4274 2859 4345 ὲσφράγισε
2877 4275 2992 4346 ,τὴν
3015 4275 3221 4345 πέτραν
3252 4277 3309 4327 ὲν
3338 4275 3416 4346 τῷ
3443 4276 3685 4348 δακτύλῳ
3716 4279 3790 4330 16

2188 4361 2359 4431 ὄνομα
2383 4363 2612 4434 Κυρίου,
2635 4366 2727 4419 καὶ
2742 4367 2966 4434 γέγονεν
2984 4369 3013 4421 6
3029 4366 3198 4432 τύπος
3222 4368 3298 4432 ὡς
3321 4369 3502 4440 γλυφὴ
3529 4370 3785 4441 σιδήρου,

2191 4456 2286 4509 καὶ
2337 4454 2536 4527 νεφέλη
2574 4459 2848 4512 ὲσκέπασε
2894 4460 2994 4530 τὴν
3033 4459 3271 4531 πέτραν,
3319 4462 3413 4514 καὶ
3459 4463 3631 4525 οὐδεὶς
3665 4465 3794 4516 vos!

2119 4528 2162 4582 Ῑ)
2191 4548 2284 4602 τὸν
2316 4549 2478 4602 τόπον
2499 4551 2724 4616 ἐκεῖνον,
2749 4550 2898 4623 [(29)
2919 4528 3034 4605 ἀλλ’
3056 4528 3179 4606 οὔτε
3203 4553 3510 4622 ἀναγνῶναι
3531 4555 3589 4607 16
3607 4553 3793 4623 θνομσ.

2193 4642 2298 4704 ἕως
2329 4643 2430 4711 τῆς
2474 4642 2688 4713 ἡμέρας
2719 4643 2956 4713 ταύτης,
3003 4643 3131 4717 καὶ]
3187 4646 3292 4706 ἕως
3317 4646 3421 4716 τῆς
3473 4646 3794 4708 συντελείας

2193 4732 2287 4784 τοῦ
2319 4733 2513 4797 αἰῶνος
2547 4735 2757 4788 τούτου.
2792 4735 2900 4788 Καὶ
2927 4734 3074 4790 ἐστιν
3101 4738 3135 4807 ἡ
3169 4737 3344 4809 πέτρα
3386 4739 3445 4791 ὲν
3472 4741 3537 4809 τῇ
3563 4739 3790 4810 ἐρήμῳ.

2191 4823 2376 4892 ὄπουή
2400 4821 2630 4886 κιϐωτὸς
2653 4822 2868 4894 πρῶτον
2889 4823 3101 4892 γέγονε,
3121 4825 3323 4895 μεταξὺ
3347 4826 3454 4878 τῶν
3475 4826 3568 4880 δύο
3583 4825 3789 4897 ὁρέων,
3887 4875 3890 4877 ,

2193 4915 2252 4967 ὲν
2276 4909 2358 4977 οἷς
2381 4917 2587 4968 κεῖνται
2615 4916 2819 4986 Μωσῆς
2848 4917 2943 4970 καὶ
2984 4915 3213 4983 Ἀαρὼν.
3285 4918 3373 4972 Ἑν
3399 4918 3455 4972 δὲ
3480 4921 3600 4983 ταῖς
3624 4917 3794 4981 νυξὶν

2193 5005 2388 5074 νεφέλη
2414 5004 2490 5067 ὼς
2527 5003 2639 5076 πῦρ
2671 5005 2880 5073 γίνεται
2921 5007 2980 5058 ὲν
3007 5006 3087 5077 τῷ
3108 5006 3259 5078 τόπῳ
3290 5008 3488 5081 ἐκείνῳ
3520 5007 3650 5063 κατὰ
3681 5007 3798 5060 τὶν

2193 5095 2361 5148 τύπον
2398 5094 2506 5149 τῶν
2535 5096 2796 5167 ἀρχαίων,
2837 5097 2918 5150 ὅτι
2947 5097 3010 5152 ού
3052 5100 3125 5170 μὴ
3154 5099 3425 5155 παύσεται
3458 5103 3490 5173 ή
3529 5101 3644 5165 δόξα
3677 5100 3796 5154 τοῦ

2193 5184 2327 5238 Θεοῦ
2361 5187 2426 5240 ὲκ
2451 5187 2546 5241 τοῦ
2570 5188 2736 5258 νόμον
2767 5188 2931 5243 αὑτοῦ
2959 5191 3095 5261 (50).

2192 5381 2569 5457 ἀῃαπτιίσσει
2606 5381 2808 5449 ἱερέων
2852 5383 2888 5449 ἢ
2945 5384 3306 5453 προφητῶν,
3360 5389 3412 5440 εί
3457 5385 3540 5457 μὴ
3629 5385 3810 5440 Mur-

2193 5453 2332 5512 σης,
2365 5453 2468 5498 etc.

2409 5521 2649 5594 Aberant
2685 5522 2796 5594 lui-7c
2832 5523 2900 5576 ab
2930 5534 3267 5594 augustano.

2264 5588 2382 5665 {50)_
2409 5591 2638 5665 August.
2671 5592 2820 5665 addit
2851 5612 2864 5646 :
2905 5588 3242 5665 th‘t'Ewasv
3273 5597 3302 5649 6
3326 5595 3456 5658 Θεὸς
3485 5593 3558 5665 τῷ
3601 5594 3814 5664 Ἱερε-

2195 5657 2294 5738 μίᾳ
2323 5657 2512 5738 χάρινξ
2534 5661 2621 5714 ἵνα
2641 5661 2702 5713 16
2730 5660 2876 5738 ἔλεος
2889 5663 3016 5738 1957
3031 5665 3330 5738 μυστηρίου
3353 5657 3513 5730 αὐτὸς
3531 5657 3678 5734 me
3694 5657 3816 5738 Ξτῃ.

2191 5727 2331 5782 ὅπου
2348 5727 2575 5801 γένηται
2604 5731 2860 5796 κοινωνὸς
2889 5727 3187 5796 Μωῦσέως.
