3948 6196
400 242 505 300 ἱῧὸ

1750 240 1955 300 DUBIA
1995 244 2136 301 AUT
2171 241 2440 302 SPURIA.

3571 247 3679 306 ML

403 370 511 416 tus.
561 360 623 414 Et
653 376 717 416 ex
753 360 944 419 iisdem
970 358 1222 415 tribubus
1248 358 1455 425 eratis,
1488 373 1517 412 a
1544 374 1652 431 quo
1674 374 1850 419 caesus
1878 373 1983 429 est,

2101 364 2256 419 αὐτόν
2283 380 2295 396 ·
2336 364 2611 418 ἁντέκειτο
2641 363 2749 435 γὰρ
2802 364 2970 437 αὐτῷ,
3025 364 3129 432 ἕως
3174 366 3381 439 ἡμέρας
3430 366 3677 441 τελευτῆς

407 458 497 513 cui
524 467 577 514 et
604 457 671 514 ad
704 466 1009 515 extremum
1041 470 1213 524 usque
1239 453 1496 525 spiritum
1532 456 1753 513 restitit.

540 592 659 646 Vita
690 588 933 645 Danielis
958 590 1247 659 propheta,
1280 607 1343 645 ac
1373 589 1659 661 sepultura:
1685 592 1828 648 locus

481 700 549 755 Χ.
595 702 779 761 Daniel
818 701 1080 770 propheta
1116 701 1183 755 de
1226 702 1372 757 tribu
1418 700 1558 759 Iuda
1600 719 1667 759 ex
1702 721 1768 761 eo
1797 722 1996 777 genere

408 793 563 846 diuit
596 792 881 862 originem,
906 792 1049 863 quod
1085 792 1138 847 in
1168 794 1423 864 palatinis
1455 795 1647 851 olliciis
1688 798 1992 869 principem

409 886 587 938 locum
629 882 931 937 obtinebat.
987 882 1089 949 Qui
1130 885 1307 939 adhuc
1354 886 1536 942 infans
1580 886 1909 958 Babylonem
1963 904 1995 944 e

406 970 589 1027 .iudara
626 980 1036 1042 transportatus
1085 982 1189 1028 est.
1216 972 1416 1029 rNatus
1460 982 1545 1029 est
1594 975 1649 1029 in
1688 975 1992 1031 Bethabara

407 1067 692 1136 superiore
714 1066 856 1119 haud
887 1066 1076 1136 procul
1110 1065 1525 1137 Hierosolymis.
1564 1064 1748 1138 Usque
1773 1083 1839 1122 eo
1864 1084 1994 1123 vero

406 1162 719 1226 temperans
770 1155 891 1221 fuit,
945 1163 1004 1209 ut
1053 1155 1257 1211 Judaeis
1311 1156 1485 1227 spado
1522 1174 1644 1212 esse
1693 1158 1989 1213 videretur.

406 1248 551 1303 Idem
592 1247 965 1318 Hierosolyma
1012 1248 1306 1315 plurimum
1356 1248 1513 1312 luxit,
1569 1255 1622 1303 et
1674 1249 1728 1303 in
1763 1250 1992 1319 jejuniis

406 1354 764 1411 perseverans
791 1339 859 1401 ab
886 1339 1140 1395 omnibus
1176 1339 1422 1393 ciborum
1455 1340 1669 1395 deliciis
1697 1340 1990 1397 abstinuit.

407 1430 667 1501 Corporis
700 1429 825 1483 huic
870 1426 1135 1482 habitudo
1170 1428 1317 1485 sicea
1365 1437 1417 1484 et
1448 1430 1684 1500 strigosa
1722 1429 1843 1484 fuit.
1885 1429 1991 1486 Sed

412 1524 501 1578 Dei
535 1522 801 1576 beneﬂcio
839 1521 1013 1576 forma
1048 1521 1125 1575 illi
1169 1537 1233 1576 ac
1268 1531 1525 1577 venustas
1554 1524 1871 1579 accedebat.
1916 1525 1994 1579 Ac

406 1629 505 1684 pro
534 1613 1075 1673 Nabuchodonosore
1100 1614 1342 1687 quidem,
1376 1631 1445 1670 ne
1472 1614 1719 1671 funditus
1751 1617 1989 1686 periret,

2096 457 2285 513 αὐτοῦ.

2144 589 2197 640 '0
2222 588 2365 655 βίος
2393 589 2499 643 τοῦ
2531 588 2759 658 Δανιὴλ
2792 588 3123 659 προφήτου,
3156 590 3253 645 καὶ
3276 591 3395 646 ποῦ
3420 590 3625 649 κεῖται.

2168 703 2222 757 ι’.
2271 703 2472 775 Δανιὴλ
2501 706 2529 759 ὁ
2566 704 2873 776 προφήτης.
2939 698 3108 769 Οὗτος
3151 706 3251 776 μὲν
3300 700 3371 778 ἦν
3406 707 3473 761 ὲκ
3512 707 3682 778 φυλῆς

2109 793 2301 859 Ἰούδα,
2332 795 2522 863 γένους
2548 795 2656 848 τῶν
2689 796 2889 865 ἐξόχων
2916 797 3017 866 τῆς
3043 795 3327 867 βασιλικῆς
3356 798 3682 871 ὑπηρεσίας,

2096 885 2216 943 ἀλλ’
2264 886 2345 940 ἔτι
2383 888 2578 959 νήπιος
2609 888 2687 941 ὢν
2724 888 2865 959 ὴχθη
2895 889 2974 951 είς
3005 887 3299 942 Βαϐυλῶνα
3326 890 3391 942 ἐκ
3414 890 3515 959 τῆς
3548 890 3683 942 Ἰου-

2099 978 2275 1045 δαίας.
2314 980 2609 1051 Ἐγεννήθη
2640 980 2695 1034 δὲ
2733 982 2790 1033 ἐν
2820 979 3107 1050 Βεθεσορῷ
3136 983 3199 1051 τῇ
3236 981 3504 1051 ἀνωσέρᾳ,
3547 980 3687 1051 πλη-

2098 1073 2211 1126 σίον
2246 1072 2630 1144 Ἰερουσαλήμ.
2669 1072 2779 1125 Καὶ
2808 1067 2876 1143 ῆν
2902 1071 3039 1143 ἀνὴρ
3061 1070 3314 1143 σώφρων,
3341 1072 3482 1127 ὥστε
3508 1073 3684 1127 δοκεῖν

2093 1165 2220 1227 τοὺς
2263 1162 2551 1227 Ἰουδαίους
2597 1159 2737 1217 εἶναι
2792 1164 3083 1218 σπάδοντα.
3160 1164 3337 1217 Πολλὰ
3385 1164 3685 1233 ἐπένθησεν

2093 1249 2248 1319 οὗτος
2278 1257 2379 1328 τὴν
2408 1255 2787 1329 Ἰερουσαλὴμ,
2818 1254 2914 1310 καὶ
2936 1255 2997 1309 ἐν
3028 1255 3307 1325 νηστείαις
3335 1257 3554 1326 ίσχυσεν
3576 1257 3684 1310 ἀπὸ

2095 1349 2275 1419 πάσης
2305 1348 2512 1420 τροφῆς
2546 1347 2891 1418 ἐπιθυμητῆς
2914 1363 2927 1376 °
2975 1348 3070 1403 καὶ
3104 1341 3175 1414 ἦν
3210 1347 3349 1418 ἀνὴρ
3386 1346 3683 1419 ξηρότατος

2094 1442 2159 1511 τῇ
2195 1438 2325 1510 ἰδέᾳ,
2349 1439 2470 1494 ἀλλ’
2487 1439 2691 1511 ὡραῖος
2722 1440 2779 1492 ἐν
2809 1439 2992 1509 χάριτι
3019 1438 3174 1492 Θεοῦ.
3203 1437 3381 1492 Πολλὰ
3404 1439 3460 1495 δὲ
3482 1438 3682 1509 ηὔξατο

2093 1527 2246 1596 οὗτος
2278 1531 2407 1603 περὶ
2453 1530 2547 1587 τοῦ
2582 1529 3049 1601 Ναϐουχοδονόσορ
3070 1569 3084 1592 ,
3130 1531 3219 1584 ὅτε
3248 1530 3464 1598 ἐγένετο
3495 1530 3682 1602 Θηρίον

2094 1624 2189 1677 καὶ
2217 1621 2437 1693 κτῆνος,
2456 1621 2546 1674 ἵνα
2583 1620 2657 1691 μὴ
2686 1619 2977 1691 ἀπόληται.
3009 1615 3119 1674 Ἦν
3140 1619 3252 1693 γὰρ
3278 1621 3347 1674 τὰ
3376 1621 3680 1692 ἐμπρόσθια

405 1708 759 1765 vehementer
791 1708 988 1770 oravit,
1017 1710 1237 1779 quando
1268 1708 1322 1763 in
1354 1708 1581 1767 bestiam
1616 1710 1991 1781 pecudemque

2101 1711 2259 1767 αὐτοῦ
2291 1712 2368 1777 ὡς
2411 1711 2541 1783 βοῦς
2575 1713 2674 1766 σὺν
2705 1711 2939 1783 κεφαλῇ,
2973 1711 3068 1765 καὶ
3110 1712 3158 1765 oi
3187 1711 3349 1774 πόδες
3393 1712 3556 1765 αὑτοῦ
3583 1713 3680 1765 σὺν

405 1814 706 1854 conversus
750 1804 855 1854 est.
890 1797 1029 1853 Tum
1059 1800 1203 1855 enim
1236 1802 1509 1856 anteriora
1549 1801 1698 1857 illius
1729 1816 1852 1857 cum
1894 1816 1989 1855 ea-

406 1891 516 1959 pite
564 1891 721 1945 bovis
772 1899 931 1945 erant
985 1890 1212 1956 similia,
1246 1891 1552 1961 posteriora
1583 1907 1707 1946 eum
1761 1891 1992 1963 pedibus

406 1980 602 2035 leonis.
650 1980 909 2048 Ejusdem
959 1981 1108 2036 modi
1155 1983 1357 2057 quippe
1407 1989 1536 2037 sunt
1581 1983 1889 2053 principum
1937 1985 1991 2038 iu

402 2074 687 2139 iuventute
720 2088 923 2135 mores,
966 2079 1025 2127 ut
1056 2074 1216 2144 quasi
1267 2077 1432 2131 boves
1478 2091 1712 2133 excusso
1764 2076 1896 2148 jugo
1927 2078 1993 2133 ad

407 2160 573 2217 Belial
606 2163 949 2232 pertineant,
983 2165 1321 2234 voluptatum
1377 2166 1697 2223 libidinibus
1746 2169 1936 2238 perciti
1979 2186 1992 2222 :

405 2261 686 2324 postremo
731 2270 862 2309 vero
894 2255 946 2308 in
981 2255 1192 2311 belluas
1235 2258 1428 2311 mutati
1473 2275 1688 2328 rapere,
1726 2261 1953 2330 perdere
1979 2301 1995 2325 .

407 2360 472 2400 ac
508 2345 669 2399 ferire
704 2346 1017 2400 instituant.
1070 2344 1185 2401 Hoc
1218 2348 1382 2417 igitur
1414 2360 1639 2405 sanctus
1682 2350 1869 2406 Daniel
1900 2367 1996 2405 co-

406 2438 618 2506 gnavit,
658 2437 811 2491 bovis
845 2438 995 2489 illum
1032 2438 1206 2491 instar
1239 2438 1363 2494 leno
1397 2441 1571 2509 pasci,
1606 2458 1705 2497 nec
1743 2444 1998 2498 humanis

408 2528 487 2580 uti
520 2528 756 2596 pabulis.
793 2527 1160 2593 Quamobrem
1191 2529 1765 2587 Nabuchodonosorns
1789 2542 1994 2586 tantam

407 2621 774 2675 calamitatem
804 2626 1086 2691 expertus,
1126 2629 1180 2676 et
1213 2621 1435 2677 humani
1473 2624 1656 2679 cordis
1700 2640 1863 2679 sensu
1907 2640 1997 2678 re-

408 2722 693 2781 cuperato,
728 2712 877 2776 ﬂere,
911 2727 975 2771 ac
1023 2713 1187 2769 Deum
1217 2712 1335 2769 dies
1365 2729 1426 2769 ae
1451 2724 1641 2771 noctes
1671 2717 1995 2787 quadragies

410 2802 691 2875 deprecari
737 2803 904 2873 empit
933 2820 944 2855 :
973 2801 1163 2867 Deum,
1200 2804 1445 2875 inquam,
1480 2804 1740 2871 Beemon,
1774 2804 1879 2858 hoc
1911 2810 1997 2858 est

410 2892 628 2949 lsraelis
667 2894 856 2951 Deum.
910 2894 1120 2951 Etenim
1165 2894 1423 2950 Satanico
1467 2896 1524 2950 iu
1576 2896 1729 2951 illum
1786 2897 1998 2951 incum-

411 2987 573 3042 bente
602 2987 819 3058 spiritu,
855 2986 1129 3041 hominem
1166 2987 1338 3041 fuisse
1367 3003 1425 3042 se
1452 2988 1751 3054 nesciebat,
1782 2988 1993 3059 lingua,

2092 1806 2206 1867 τοῖς
2233 1803 2521 1867 ὀπισθίοις,
2556 1803 2631 1867 ὡς
2657 1802 2815 1857 λέων.
2846 1802 3031 1857 Ταῦτα
3063 1802 3171 1875 γὰρ
3196 1802 3412 1873 ἔχουσιν
3441 1803 3489 1855 οἱ
3518 1802 3681 1855 δυνά-

2098 1913 2217 1949 σται
2245 1896 2304 1949 ἐν
2335 1898 2403 1967 τῇ
2435 1896 2651 1965 νεότητι
2684 1894 2886 1959 αὐτῶν,
2919 1894 2981 1949 τὸ
3008 1893 3084 1957 ὡς
3109 1894 3235 1965 βοῦς
3260 1894 3368 1951 ἀπὸ
3394 1893 3557 1963 ζυγοῦ
3589 1912 3683 1964 γε-

2095 1986 2311 2058 νόμενοι
2362 1984 2455 2039 τοῦ
2490 1983 2712 2055 Βελίαρ,
2749 1983 2836 2039 διὰ
2868 1985 2970 2055 τῆς
3011 1984 3322 2055 φιληδονίας
3350 2001 3364 2014 ·
3414 1984 3506 2036 ἐπὶ
3539 1985 3684 2037 τέλει

2097 2077 2264 2149 Θῆρες
2294 2078 2590 2147 γινόμενοι,
2641 2076 3002 2149 ἁρπάζοντες.
3048 2075 3443 2147 ὀλοθρεύοντες,
3473 2076 3684 2129 πατάσ-

2099 2188 2300 2233 σοντες.
2341 2171 2523 2238 Ἔγνω
2544 2166 2638 2223 οὖν
2667 2170 2695 2222 6
2728 2168 2884 2237 ἅγιος
2909 2159 3085 2232 οὗτος,
3114 2170 3197 2222 ὅτι
3229 2168 3305 2231 ὡς
3338 2167 3463 2237 βοῦς
3494 2167 3681 2239 ἤσθιεν

2097 2264 2308 2334 χόρτον,
2332 2264 2427 2317 καὶ
2461 2262 2670 2329 ἐγίνετο
2696 2261 2847 2332 αὐτῷ
2873 2260 3285 2334 ἀνανθρωπίνης
3317 2260 3531 2330 φύσεως
3557 2263 3684 2333 τρόο

2098 2372 2276 2424 φημα.
2314 2352 2411 2407 Διὰ
2440 2351 2597 2407 τοῦτο
2621 2355 2649 2405 6
2685 2351 3155 2423 Ναϐουχοδονόσορ
3179 2352 3319 2421 μετὰ
3348 2352 3447 2422 τὴν
3473 2350 3681 2420 πέμψω

2097 2444 2197 2512 τῆς
2230 2443 2493 2514 μάστιγος
2517 2442 2706 2505 αὐτοῦ,
2736 2443 2793 2495 ἐν
2821 2441 3019 2513 καρδίᾳ
3050 2440 3339 2514 ἀνθρώπου
3368 2441 3679 2511 γενόμενος,

2098 2536 2281 2591 ἔκλαιε
2317 2537 2407 2590 καὶ
2437 2535 2587 2606 ἠξίου
2620 2536 2711 2590 τὸν
2748 2536 2880 2589 Θεὸν
2908 2537 3088 2589 πᾶσαν
3124 2535 3338 2606 ἡμέραν
3371 2535 3463 2587 καὶ
3484 2534 3683 2597 νυκτὸς

2096 2627 2614 2697 τεσσαρακοντάκις.
2638 2626 2890 2696 δεόμενος
2912 2624 3005 2679 τοῦ
3032 2624 3166 2677 Θεοῦ
3188 2622 3433 2694 Βεημὼν,
3457 2625 3486 2677 ὃ
3507 2626 3677 2689 ἐστιν,

2098 2717 2192 2772 τοῦ
2221 2717 2355 2772 Θεοῦ
2390 2718 2630 2788 Ἰσραήλ.
2676 2718 2989 2787 Ἐπεγίνετο
3018 2716 3127 2788 γὰρ
3154 2715 3303 2786 αὐτῷ
3330 2715 3548 2784 πνεῦμα
3575 2715 3683 2767 Σι-

2097 2810 2216 2878 τὰν,
2277 2810 2372 2865 καὶ
2417 2810 2705 2864 ἐλάνθανεν
2752 2811 2934 2872 αὑτὸν,
2987 2810 3070 2862 ὅτι
3110 2808 3330 2877 γέγονεν
3372 2807 3679 2877 ἄνθρωπος,

2104 2903 2195 2956 καὶ
2225 2902 2450 2972 γλῶσσα
2484 2901 2650 2956 αὑτοῦ
2691 2900 3016 2971 ἐδεσμεύετο
3042 2899 3242 2961 λαλεῖν,
3276 2900 3369 2951 καὶ
3395 2897 3545 2969 φωνὴ
3578 2898 3681 2967 θη-

2102 2995 2217 3067 ρίου
2267 2995 2468 3048 ἐδίδοτο
2507 2994 2672 3064 αὐτῷ,
2721 2994 2816 3047 καὶ
2867 2992 3106 3061 ἐγίνοντο
3133 2993 3180 3044 οἱ
3212 2990 3481 3060 ὀφθαλμοὶ
3512 2987 3683 3043 αὑτοῦ

409 3084 707 3152 quominus
758 3081 811 3135 in
844 3095 1151 3135 sermonem
1184 3087 1518 3150 erumperet,
1565 3081 1814 3137 astricta.
1856 3080 1993 3137 Tum

2207 3085 2375 3157 κρέας
2405 3087 2515 3157 (55)
2549 3056 2667 3137 ἀντὶ»⁷
2687 3084 2783 3140 τοῦ
2811 3056 3037 3141 κλαίειν.
3071 3084 3178 3137 Καὶ
3202 3056 3400 3139 am;
3420 3082 3687 3135 δυνάσται

413 3188 511 3225 vox
551 3174 733 3225 bestia:
766 3172 1000 3226 similis:
1037 3172 1181 3226 oeuli
1220 3188 1328 3241 pra:
1358 3172 1723 3244 lacrymarum
1754 3174 1994 3235 assidui-

409 3271 520 3317 tate
552 3262 734 3316 carnis
775 3261 951 3316 instar
977 3270 1150 3315 erant.
1187 3263 1266 3317 Ad
1314 3279 1437 3319 eum
1479 3266 1836 3333 spectandum
1870 3281 1993 3323 cum

410 3368 475 3407 ex
503 3353 637 3407 urbe
665 3353 963 3423 principes,
999 3369 1063 3408 ac
1090 3354 1284 3426 vulgus
1331 3355 1728 3411 innumerabile
1757 3355 1998 3411 conﬂue-

409 3451 516 3507 ret,
556 3460 698 3499 unus
728 3445 917 3500 Daniel
959 3445 1143 3501 videre
1192 3448 1409 3507 noluit:
1449 3462 1571 3500 eum
1618 3446 1833 3501 interim
1879 3453 1996 3501 toto

412 3535 527 3599 illo,
580 3551 687 3606 quo
727 3551 820 3590 rex
871 3536 1189 3592 immutatus
1233 3544 1353 3597 est,
1412 3545 1655 3605 tempore
1707 3544 1996 3606 perpetuas

411 3643 511 3699 pro
546 3643 610 3682 eo
647 3642 835 3697 preces
869 3627 1157 3693 funderet,
1199 3644 1454 3685 asserens
1492 3628 1673 3683 denuo
1712 3629 1862 3685 illum
1898 3629 1997 3683 ho-

412 3722 611 3777 minem
651 3720 913 3786 futurum,
956 3737 1019 3779 ac
1058 3738 1286 3792 regnum
1336 3737 1459 3777 esse
1513 3731 1991 3791 recuperaturum.

412 3813 545 3880 Quae
578 3830 701 3870 eum
736 3813 963 3879 diceret,
998 3814 1205 3873 neruini
1237 3814 1525 3884 probabat.
1574 3813 1743 3885 Igitur
1785 3822 1994 3889 septem

413 3907 710 3976 anni,qu;e
745 3915 996 3977 tempora
1032 3918 1240 3977 septem
1284 3922 1311 3960 a
1347 3905 1569 3963 Daniele
1607 3918 1891 3970 vocantur,
1939 3913 1998 3961 ut

415 4001 471 4053 in
503 3999 725 4053 totidem
779 4008 1057 4055 menstrua
1116 4000 1291 4069 spatia
1343 4000 1818 4063 contraherentur,
1872 4015 1999 4071 pre-

415 4091 571 4146 cibus
606 4090 722 4147 suis
782 4091 1039 4146 obtinuit.
1075 4091 1291 4162 Septem
1336 4107 1467 4163 ergo
1510 4100 1815 4164 temporum
1874 4107 1997 4162 my-

415 4185 641 4239 sterium
711 4182 765 4236 in
806 4184 898 4238 illo
948 4184 1278 4252 completum
1339 4194 1421 4237 est
1466 4202 1478 4238 :
1526 4185 1672 4253 quod
1733 4184 1999 4238 mediator

415 4284 621 4343 septem
656 4272 912 4327 restituit.
945 4273 1021 4325 Ita
1059 4287 1155 4327 sex
1183 4288 1359 4325 annos
1395 4274 1733 4343 totidemque
1775 4289 2001 4328 menses

414 4366 527 4421 Deo
558 4365 874 4433 supplicans
911 4363 1092 4418 scelus
1136 4379 1296 4419 suum
1333 4362 1623 4419 confessus
1651 4372 1756 4418 est.
1793 4364 1999 4420 Deinde

416 4471 681 4511 concessa
719 4455 903 4510 delicti
941 4454 1097 4509 venia
1134 4455 1187 4509 in
1233 4470 1457 4525 regnum
1500 4469 1529 4507 a
1569 4453 1677 4510 Deo
1709 4455 1998 4510 restitutus

415 4552 517 4599 est.
553 4543 654 4599 l’er
686 4543 827 4598 idem
861 4552 1076 4613 tempus
1115 4559 1312 4600 carnes
1345 4559 1408 4601 ac
1437 4546 1624 4599 vinum
1663 4559 1769 4599 non
1796 4546 1996 4615 attigit,

416 4635 526 4691 Deo
552 4644 812 4707 perpetuo
840 4635 1127 4699 conﬁtens,
1170 4651 1294 4689 eum
1337 4635 1410 4689 ita
1441 4637 1751 4693 mandasset
1787 4634 1998 4700 Daniel,

417 4737 476 4784 ut
510 4730 876 4800 leguminibus
906 4729 1215 4786 virentibus
1251 4740 1346 4784 aut
1378 4728 1699 4785 madefactis
1725 4736 1885 4784 utens
1917 4728 2001 4783 di-

414 4822 599 4876 vinam
666 4821 1004 4879 iracundiam
1059 4823 1272 4877 leniret.
1322 4821 1667 4892 Quapropter
1710 4819 1999 4874 Nabucho-

419 4918 656 4972 donosor
724 4916 930 4973 Danieli
993 4916 1291 4971 Baltasaris
1343 4931 1539 4969 nomen
1603 4914 1822 4977 indidit,
1887 4930 1998 4983 quo

415 5012 605 5064 eodem
630 5009 827 5065 unicus
859 5009 1031 5079 ipsius
1060 5009 1202 5064 illius
1242 5008 1639 5078 appellabatur.
1678 5007 1994 5073 Quinetiam

419 5102 688 5161 luet-edem
719 5102 871 5156 illum
903 5101 1016 5171 pari
1051 5115 1175 5156 eum
1211 5100 1337 5156 ﬁliis
1373 5100 1497 5168 jure
1537 5100 1828 5155 instituere
1867 5115 1997 5156 cum

422 5195 610 5257 vellet,
649 5193 735 5247 vir
774 5202 1001 5249 sanctus
1038 5192 1286 5249 abnuens
1326 5212 1337 5247 :
1381 5191 1664 5262 Propitius
1719 5192 1851 5248 mihi
1900 5194 1994 5257 sit,

415 5281 611 5354 inqtil,
650 5283 811 5351 Deus,
856 5301 925 5340 ne
968 5286 1158 5341 relicto
1200 5291 1482 5355 parentqu
1546 5299 1794 5341 meorum
1828 5286 1997 5355 patri-

417 5390 623 5436 monio.
689 5376 755 5429 ad
798 5377 1308 5434 incircumcisorum
1343 5376 1716 5435 hatreditatem
1751 5375 1994 5431 adiuero-

417 5479 590 5521 scam.
640 5467 909 5539 Caeterum
978 5471 1080 5527 sub
1135 5470 1424 5529 Persarqu
1456 5470 1677 5543 regibus
1739 5468 1989 5543 prodigia

492 5642 603 5714 (34)
637 5643 758 5699 For.
791 5648 976 5719 κέρας.

2100 3178 2193 3231 καὶ
2237 3176 2451 3230 πολῖται
2483 3174 2718 3240 ἐξιόντες
2748 3178 2813 3229 ἐκ
2841 3176 2939 3245 τῆς
2973 3174 3179 3236 πόλεως
3202 3171 3468 3243 ἐθεώρουν
3494 3171 3679 3226 αὐτον.

2098 3267 2296 3338 Δανιὴλ
2319 3267 2376 3321 δὲ
2406 3267 2564 3337 μόνος
2585 3266 2688 3319 οὐκ
2721 3265 2985 3337 ἠθέλησεν
3015 3264 3142 3318 ἰδεῖν
3172 3264 3355 3327 αὑτὸν,
3384 3263 3466 3314 ὅτι
3501 3262 3686 3314 πάντα.

2097 3357 2188 3411 τὸν
2218 3358 2410 3428 χρόνον
2430 3356 2533 3424 τῆς
2556 3353 2893 3416 ἀλλοιώσεως
2919 3353 3085 3406 αὐτοῦ
3117 3355 3176 3405 ἐν
3200 3355 3320 3415 ταῖς
3348 3350 3684 3422 προσευχαῖς

2096 3442 2165 3517 ἦν
2189 3449 2319 3518 περὶ
2353 3444 2541 3506 αὐτοῦ,
2572 3444 2666 3496 καὶ
2693 3442 2899 3511 ἔλεγεν,
2925 3443 3005 3495 ὅτι
3031 3441 3198 3496 Πάλιν
3226 3440 3513 3511 ἄνθρωπος
3526 3441 3690 3509 γενή-

2101 3556 2273 3600 σεται,
2311 3537 2406 3591 καὶ
2434 3537 2697 3607 κρατήσει
2729 3538 2831 3605 τῆς
2856 3533 3136 3604 βασιλείας
3167 3532 3332 3586 αύτοῦ
3361 3548 3376 3563 ⁸
3432 3534 3531 3584 καὶ
3551 3530 3691 3602 ὴπίο

2101 3646 2261 3683 στουν
2288 3627 2454 3697 αὐτῷ.
2490 3628 2571 3681 Τὰ
2596 3625 2736 3680 ἐπτὰ
2768 3625 2885 3696 ἐτη.
2911 3624 2948 3679 ἃ.
2970 3620 3122 3678 εἶπεν
3148 3623 3295 3693 αὐτῷ
3319 3622 3516 3691 Δανιὴλ
3541 3622 3695 3677 ἑπτὰ

2100 3721 2344 3793 καιροὺς,
2392 3720 2651 3788 ἐποίησεν
2685 3718 2939 3787 γενέσθαι
2991 3716 3133 3771 ἑπτὰ
3186 3716 3383 3787 μῆνας,
3428 3716 3695 3785 δεόμενος

2101 3814 2230 3885 περὶ
2276 3812 2437 3867 αὑτοῦ
2480 3813 2616 3883 πρὸς
2663 3811 2887 3883 Κύριον.
2936 3810 3009 3862 Τὸ
3059 3810 3355 3879 μυστήριον
3388 3807 3499 3860 τῶν
3541 3808 3696 3863 ἑπτὰ

2100 3904 2307 3975 καιρῶν
2333 3902 2586 3974 ἐτελέσθη
2622 3903 2707 3955 ἐπ’
2744 3901 2927 3964 αὐτὸν,
2976 3900 3087 3971 (55)
3125 3901 3207 3953 ὅτι
3238 3898 3697 3967 ἀποκατέστησεν

2100 3995 2241 4051 ἑπτὰ
2272 3996 2520 4067 μεσίτης.
2574 3994 2672 4060 Ἓξ
2698 3990 2790 4047 οὖν
2819 3993 2913 4064 ἐτη
2944 3992 3039 4046 καὶ
3080 3992 3137 4058 ἓξ
3181 3992 3356 4062 μῆνας
3377 3990 3699 4043 ὑπέπιπτεν

2100 4089 2289 4162 Κυρίῳ
2314 4087 2391 4159 τῷ
2424 4087 2566 4158 Θεῷ,
2595 4086 2689 4140 καὶ
2718 4084 3109 4155 ἐξωμολογεῖτο
3142 4085 3240 4153 τὴν
3276 4081 3533 4135 ἀσέϐειαν
3586 4082 3696 4134 αὓ-

2099 4180 2216 4233 τοῦ.
2250 4181 2362 4235 Καὶ
2395 4178 2530 4249 μετὰ
2550 4178 2650 4249 τὴν
2680 4178 2873 4247 ἄφεσιν
2900 4178 2998 4247 τῆς
3020 4176 3253 4246 ἀνομίας
3278 4174 3442 4227 αὐτοῦ
3470 4173 3695 4227 ἀπέδως

2102 4288 2195 4324 κεν
2226 4270 2373 4341 αὐτῷ
2402 4273 2430 4323 6
2457 4270 2591 4334 Θεὸς
2624 4270 2723 4341 τὴν
2751 4268 3048 4340 βασιλείαν.
3094 4268 3203 4321 Καὶ
3229 4265 3353 4320 αὖτε
3386 4265 3522 4334 κρέα
3550 4264 3697 4331 ἐφα-

2035 4399 2076 4452 D
2103 4379 2220 4430 γεν,
2255 4362 2378 4415 οὕτε
2418 4357 2560 4415 οἶνον
2599 4362 2774 4425 ἔπιεν,
2802 4359 3293 4433 ἐξομολογούμενος
3321 4358 3399 4452 τῷ
3420 4357 3572 4452 νΘεῷ,
3604 4359 3696 4452 ἔτι

2103 4452 2302 4524 Δανιὴλ
2342 4452 2491 4523 αὑτῷ
2543 4453 2875 4523 προσέταξεν
2926 4454 2983 4506 ἐν
3023 4452 3269 4523 ὀσπρίοις
3312 4451 3344 4522 ἢ
3384 4450 3615 4520 χλωροῖς
3653 4451 3694 4520 ἦ

2105 4544 2354 4617 βρεκτοῑς
2390 4543 2779 4611 ἐξιλεώσασθαι
2809 4543 2901 4597 τὸν
2928 4542 3152 4615 Κύριον.
3215 4542 3314 4596 Διὰ
3344 4542 3503 4595 τοῦτο
3529 4541 3625 4593 καὶ
3661 4542 3699 4593 ὀ

2102 4637 2573 4707 Ναϐουχοδονόσορ
2600 4636 2861 4689 ἐκάλεσεν
2885 4636 2976 4689 τὸν
2999 4635 3196 4704 Δανιὴλ
3218 4634 3522 4702 Βαλτάσαρ,
3544 4631 3699 4684 κατὰ

2103 4731 2162 4784 τὸ
2192 4729 2362 4799 ὄνομα
2398 4728 2493 4781 τοῦ
2536 4727 2856 4798 μονογενοῦς
2896 4726 3011 4780 υἱοῦ
3055 4725 3242 4789 αὐτοῦ,
3282 4726 3374 4778 καλ¹
3418 4724 3696 4794 ἠθέλησεν

2103 4823 2263 4877 αὑτὸν
2326 4821 2767 4893 συγκληρονόμον
2820 4820 3277 4890 ἀποκαταστῆσαι
3320 4817 3429 4871 τῶν
3474 4816 3700 4870 τέκνων

2103 4916 2292 4979 αὑτοῦ,
2318 4916 2431 4970 ἀλλ’
2456 4918 2485 4969 6
2511 4917 2656 4978 ὅσιος
2678 4910 2832 4968 εἶπεν
2851 4930 2865 4945 ⁸
2894 4912 3083 4977 Ἵλεώς
3114 4930 3223 4981 μοι,
3249 4912 3466 4978 ἀφεῖναι
3496 4907 3699 4978 κληρο-

2104 5008 2297 5077 νομίας
2333 5006 2585 5078 πατέρων
2621 5022 2744 5077 μου,
2786 5005 2882 5058 καὶ
2924 5002 3394 5074 προσκολληθῆναι
3422 4999 3702 5069 κληρονοο

2108 5100 2205 5171 μίᾳ
2260 5100 2669 5171 ἁπεριτμήτων.
2722 5098 2834 5151 Καὶ
2876 5098 2933 5149 ἐν
2980 5099 3093 5158 τοῖς
3137 5093 3415 5165 βασιλεῦσι
3459 5089 3703 5160 Περσῶν

2106 5191 2275 5245 πολλὰ
2328 5190 2548 5261 ἐποίησε
2590 5188 2834 5261 τεράτια,
2889 5189 2988 5241 ὅσα
3042 5186 3143 5239 οὐκ
3174 5183 3488 5256 ἐγράψαμεν
3529 5182 3591 5232 ἐν
3618 5187 3697 5253 τῇ

2106 5282 2274 5354 βίϐλῳ
2302 5282 2506 5355 ταύτῃ’
2563 5280 2700 5334 εἰσὶν
2733 5280 2789 5333 δέ
2827 5275 3186 5351 γεγραμμένα
3219 5277 3276 5328 ἐν
3304 5276 3369 5343 τῇ
3400 5270 3569 5342 βίϐλῳ
3593 5271 3703 5325 τοῦ

2102 5374 2319 5445 Δανιήλ.
2353 5368 2520 5434 Οὗτος
2542 5374 2571 5425 6
2592 5371 2880 5443 προφήτης
2907 5370 3107 5423 ἔδωκεν
3131 5367 3294 5439 τέρας
3319 5366 3377 5418 ἐν
3401 5362 3511 5425 τοῖς
3544 5360 3706 5431 ὑψη-

2099 5466 2210 5531 λοῖς
2235 5465 2415 5537 ὄρεσιν
2435 5463 2774 5530 Βαϐυλῶνος,
2796 5462 2971 5531 λέγων
2986 5502 3000 5528 ,
3023 5462 3103 5516 6m
3122 5459 3288 5513 Ὅταν
3309 5456 3456 5527 ἴδητε
3486 5467 3707 5508 utam“-

2186 5641 2296 5716 (55)
2325 5641 2628 5713 Corruptus
2652 5642 2825 5700 locus.
