3948 6196
396 301 498 361 601

1652 301 1856 362 BUBIA
1898 300 2036 360 AUT
2077 304 2198 361 SPL
2213 303 2348 359 RIA.

3550 307 3657 365 409

392 422 572 478 adhuc
627 423 683 478 in
735 423 968 496 patriam
1026 422 1272 484 delatus,
1336 394 1646 491 ibidenﬁne
1697 430 1965 485 mortuus,

2081 422 2334 493 ἐμπνέων
2363 418 2528 493 ἦλθεν
2554 425 2633 488 εἰς
2663 423 2760 495 τὴν
2789 426 2892 497 γῆν
2914 424 3104 490 αὐτοῦ,
3132 424 3227 480 καὶ
3255 423 3544 493 ἀπέθανεν,
3566 426 3656 480 καὶ

393 524 555 588 atque
592 516 647 571 in
678 518 946 587 majorum
978 529 1207 571 suorum
1235 514 1489 585 sepulcro
1513 514 1769 571 conditus
1795 522 1898 571 est.

545 628 771 685 llic/cem
799 626 1064 698 propheta:
1094 628 1222 692 vita,
1253 636 1304 681 et
1330 627 1619 696 sepultum
1649 627 1816 682 locus.

457 740 595 794 XIII.
639 739 892 804 Morathi,
922 755 988 794 ex
1034 740 1181 795 tribu
1231 738 1512 810 Ephraim,
1546 739 1816 795 oriundus
1848 738 1972 803 iste,

389 835 654 887 adversus
722 831 913 886 Achab
976 846 1159 903 regem
1206 831 1348 888 Juda
1406 833 1576 887 multa
1639 833 1847 903 gessit,
1909 844 1975 887 ac

388 933 666 995 postremo
713 925 783 980 ab
832 922 1019 987 Joram
1067 925 1190 996 ejus
1236 925 1346 981 ﬁlio
1386 925 1687 996 pnecipitio
1747 931 1975 980 necatus

385 1028 507 1083 est,
559 1015 706 1087 quod
753 1017 933 1087 ipsum
978 1018 1051 1072 ob
1096 1030 1254 1074 suam
1308 1019 1695 1088 majorutnque
1746 1031 1972 1071 suorum

387 1108 720 1179 impietatem
769 1124 835 1163 ac
882 1110 1093 1165 scelera
1142 1110 1515 1182 redargueret.
1569 1108 1700 1165 Post
1761 1108 1972 1163 obitum

387 1215 519 1256 vero
558 1200 791 1256 Morathi
816 1202 871 1257 in
900 1203 1076 1273 patria
1116 1218 1217 1258 sua
1252 1203 1506 1267 seorsim,
1552 1217 1722 1273 prope
1764 1214 1974 1256 monu—

386 1304 630 1350 mentum
676 1294 926 1363 Enacim,
978 1296 1275 1352 notissimo
1319 1295 1388 1352 ad
1442 1295 1767 1351 hodiernum
1799 1309 1975 1365 usque

384 1388 530 1446 diem
564 1390 823 1460 sepulcro
848 1390 1106 1446 conditus
1137 1396 1245 1446 cst.

559 1584 730 1644 Joelis
772 1589 1039 1658 prop/rcta:
1072 1587 1207 1653 rita,
1237 1598 1286 1644 et
1313 1588 1597 1658 sepultum
1628 1590 1795 1645 locus.

457 1698 599 1758 XIV.
627 1702 742 1759 Joel
763 1704 1025 1775 propheta
1052 1704 1197 1760 ﬁlius
1224 1703 1450 1761 Bathuel
1475 1721 1542 1761 ex
1566 1720 1699 1776 agro
1723 1703 1972 1760 Bethoris

2080 514 2258 584 ἐτάφη
2291 514 2411 568 ἐκεῖ
2439 515 2578 587 μετά
2605 516 2714 570 τῶν
2748 518 3003 591 πατέρων
3027 515 3212 572 αὑτοῦ.

2127 624 2191 678 '0
2213 624 2353 692 ,ϐίος
2376 626 2482 683 τοῦ
2509 627 2764 695 Μιχαίου
2792 627 3124 697 προφήτου,
3148 625 3244 680 καί
3270 625 3390 681 ποῦ
3418 627 3627 683 κεῖται.

2152 735 2251 789 ΙΓ’.
2296 736 2536 807 Μιχαίας
2564 737 2594 789 6
2627 737 2933 809 προφήτης.
2969 736 3081 808 (58)
3117 729 3285 800 Οὗτος
3317 735 3577 808 ἐγεννήθη
3607 737 3665 789 ἐν

2077 827 2337 899 Μωραθεὶ
2368 829 2434 881 ἐκ
2478 829 2651 901 φυλῆς
2690 830 2949 900 Ἐφρατμ.
2996 829 3173 883 Πολλά
3221 829 3478 900 ἐποίησεν
3512 824 3666 894 οὗτος

2075 919 2155 990 τῷ
2189 918 2394 989 Ἀχαάϐ
2421 919 2632 991 βασιλεῖ
2689 920 2882 987 Ἰούδα,
2925 920 3031 973 ὑπὸ
3060 921 3117 974 δὲ
3168 921 3371 992 Ἰωρὰμ
3416 920 3513 975 τοῦ
3546 918 3660 974 υἱοῦ

2076 1008 2247 1062 αὑτοῦ
2275 1010 2584 1081 ἀναιρεῖται
2616 1010 2728 1081 (59)
2774 1010 3144 1083 κρημνωθεὶς,
3180 1012 3264 1065 ὅτι
3301 1012 3531 1083 ήλεγχεν
3558 1013 3663 1067 αὺ-

2075 1100 2168 1154 τὸν
2224 1102 2319 1156 ἐπὶ
2366 1105 2488 1167 ταῖς
2533 1103 2815 1168 ἀσεὸείαις
2862 1102 3028 1158 αὑτοῦ
3084 1104 3178 1157 καὶ
3245 1104 3356 1156 τῶν
3410 1105 3661 1177 πατέρων

2076 1195 2263 1259 αὐτοῦ,
2294 1189 2370 1249 ὧν
2406 1197 2683 1267 ἐποίησεν.
2717 1197 2830 1250 Kal
2862 1195 3040 1250 θανὼν
3088 1196 3263 1265 ἐτάφη
3304 1198 3360 1248 ἐν
3401 1196 3665 1268 Μωραθεὶ

2075 1289 2135 1341 ἐν
2166 1291 2233 1360 τῇ
2280 1292 2352 1360 γῇ
2395 1288 2562 1344 αὑτοῦ
2609 1288 2953 1359 μονώτατος,
2989 1288 3258 1357 σύνεγγυς
3303 1287 3397 1341 τοῦ
3434 1288 3666 1341 πολυαν-

2075 1381 2229 1454 δρίου
2266 1380 2550 1452 Ἑνακείμ.
2579 1379 2686 1433 Kal
2729 1380 2877 1434 ἐστιν
2905 1379 2933 1432 6
2973 1379 3142 1449 τάφος
3168 1377 3334 1432 αὑτοῦ
3363 1376 3665 1446 εὔγνωστος

2075 1473 2181 1536 ἓως
2208 1471 2309 1542 τῆς
2338 1475 2579 1543 σήμερον
2608 1472 2846 1543 ἡμέρας.

2138 1582 2202 1635 '0
2224 1582 2368 1648 ,ϐίος
2400 1580 2505 1637 τοῦ
2548 1579 2714 1649 Ἰωὴλ
2744 1578 3078 1650 προφήτου,
3108 1577 3209 1632 καὶ
3243 1577 3362 1632 ποῦ
3396 1576 3599 1631 κεῖται.

2148 1696 2247 1747 ΙΔν.
2297 1691 2449 1764 Ἰωήλ
2482 1693 2510 1746 6
2540 1692 2827 1764 προφήτης
2862 1690 2977 1756 υἱὸς
3006 1688 3271 1761 Βαθουήλ.
3309 1683 3475 1752 Οὗτος
3503 1683 3569 1760 ἦν
3602 1687 3661 1754 ἐξ

385 1795 440 1850 in
478 1796 625 1851 tribu
684 1766 880 1851 Ruben
926 1796 994 1852 de
1038 1794 1434 1869 Hierosolymis
1486 1766 1658 1851 multa
1705 1796 1965 1852 vaticina-

2081 1766 2497 1851 ἀγροῖΒηΘὼμ
2526 1778 2636 1850 (40)
2683 1781 2746 1833 ὲκ
2792 1778 2895 1849 τῆς
2936 1780 3041 1850 γῆς
3087 1777 3343 1848 Ῥουϐίμ·
3386 1778 3554 1831 πολλὰ
3601 1778 3660 1832 δὲ

383 1895 474 1943 tus
511 1894 619 1950 est,
655 1886 831 1956 deque
878 1887 1359 1943 consummatione
1414 1887 1657 1959 gentium
1702 1893 1863 1940 :tnm
1916 1884 1973 1939 in

385 1994 517 2049 pace
543 1988 793 2035 mortuus
827 1979 881 2034 iu
917 1980 1096 2051 patria
1129 1995 1229 2037 sua
1261 1980 1552 2051 magniﬁce
1582 1978 1835 2050 sepultus
1862 1985 1968 2034 est.

524 2174 604 2233 De
634 2176 821 2233 Abdita
840 2174 1108 2247 propheta:
1136 2178 1265 2243 vita,
1294 2186 1344 2246 et
1374 2177 1659 2248 sepulturae
1682 2132 1821 2232 loco:

455 2332 570 2389 XV.
612 2333 782 2390 Ortus
835 2334 926 2389 hic
984 2333 1243 2390 Sicbemo
1270 2349 1334 2388 ex
1380 2348 1513 2403 agro
1548 2333 1965 2390 Bethachamar.

383 2427 478 2483 Ille
521 2429 640 2497 ipse
686 2426 1203 2498 quinquagenarius
1239 2427 1437 2481 tertius
1461 2432 1568 2488 est,
1612 2424 1703 2479 cui
1738 2439 1971 2494 parcens

381 2516 675 2573 Thesbites
712 2516 860 2571 Elias
893 2516 1200 2581 descendit,
1262 2522 1317 2568 et
1362 2515 1430 2569 ad
1474 2529 1656 2585 regem
1699 2513 1967 2585 pervenit.

382 2609 699 2666 Secundum
760 2624 883 2680 qua!
938 2608 1193 2679 palatina:
1250 2606 1455 2662 militia":
1516 2607 1843 2662 renuntians
1899 2604 1969 2659 ad

383 2703 704 2775 praphetam
746 2700 919 2756 Eliam
956 2700 1208 2762 adhwsit,
1248 2699 1478 2770 ejusque
1530 2716 1590 2755 se
1636 2697 1966 2769 discipulum

384 2796 540 2853 fecit.
581 2793 685 2850 Ubi
723 2794 891 2849 multa
922 2808 1222 2865 perpessus
1249 2792 1370 2863 ejus
1400 2791 1669 2848 beneﬁcio
1714 2800 1968 2847 servatus

379 2892 485 2942 est.
520 2884 626 2951 Qui
662 2899 787 2939 cum
815 2884 1065 2947 obiisset,
1100 2883 1156 2938 in
1184 2897 1317 2955 agro
1346 2881 1799 2938 Bethachamaris
1823 2879 1967 2952 apud

380 2975 621 3046 majores
648 2988 782 3030 suos
809 2972 1062 3045 sepultus
1089 2980 1195 3028 est.

583 3170 700 3228 Vita
725 3169 880 3227 Iona:
905 3172 1193 3242 prophetae,
1216 3180 1266 3225 et
1288 3169 1570 3238 sepultura:
1594 3169 1762 3225 locus.

454 3281 594 3337 XVI.
634 3280 805 3338 Jonas
838 3284 1105 3353 prapheta
1132 3281 1276 3337 ﬁlius
1305 3280 1526 3335 Amathi
1554 3296 1585 3336 e
1612 3281 1834 3349 regione
1859 3280 1968 3335 Ca~

379 3374 771 3439 rlathamaum,
792 3388 962 3443 prope
992 3374 1223 3428 Azotum
1254 3372 1503 3428 Graecam
1538 3372 1731 3427 urbem
1754 3373 1969 3427 mariti-

379 3480 526 3519 ma‘m
541 3472 723 3520 ortum
740 3465 952 3521 habuit.
969 3465 1073 3520 Per
1094 3465 1146 3520 id
1165 3475 1381 3535 tempus
1396 3463 1545 3521 Elias
1560 3463 1823 3536 propheta
1840 3479 1966 3520 cum

377 3555 571 3611 Achab
591 3570 771 3627 regem
797 3555 1062 3611 Samaria:
1082 3553 1546 3627 reprehendisset,
1591 3563 1647 3611 et
1693 3556 1966 3626 ingentem

379 3650 584 3706 famem
621 3650 945 3705 devocasset
968 3649 1021 3703 in
1042 3646 1565 3719 terram,aulugerat
1587 3647 1643 3702 in
1666 3646 1966 3712 desertum,

382 3759 415 3797 a
450 3741 636 3798 corvis
686 3742 963 3805 alebatur,
997 3751 1053 3797 et
1081 3755 1278 3812 aquam
1319 3756 1385 3796 ex
1426 3746 1672 3795 torrente
1722 3738 1964 3810 putabat.

298 3902 301 3905 _
379 3833 503 3902 Quo
551 3835 793 3899 siccato,
838 3834 1092 3891 esuriens
1141 3834 1195 3889 in
1232 3832 1561 3905 Sarephtam
1610 3831 1967 3888 Sidoniorum

380 3928 573 3984 urbem
603 3927 672 3983 ad
701 3927 924 3983 viduam
954 3927 1347 3998 pauperculam
1379 3926 1638 3990 accessit,
1668 3940 1791 3996 quae
1815 3922 1969 3980 Iona:

379 4028 556 4074 mater
597 4018 722 4075 fuit.
773 4018 948 4090 Hujus
976 4018 1163 4090 itaque
1194 4018 1420 4073 domum
1456 4017 1743 4089 ingressus
1769 4026 1875 4081 est,
1913 4026 1969 4071 et

378 4126 505 4166 ctum
552 4110 649 4166 illa
701 4110 846 4185 quod
877 4125 907 4164 a
937 4111 1208 4182 propheta
1244 4109 1400 4181 jussa
1438 4116 1557 4166 erat
1590 4108 1836 4174 fecisset,
1872 4123 1969 4163 co-

378 4203 548 4259 medit
592 4204 705 4267 ille,
748 4216 812 4258 ac
855 4202 1191 4258 benedicens
1236 4202 1573 4257 frumentum
1621 4200 1725 4271 ipsi
1758 4201 1969 4255 oleum-

377 4312 489 4365 que
544 4294 822 4365 pwstitit,
878 4301 1045 4364 atque
1091 4292 1235 4362 apud
1280 4308 1402 4348 eam
1447 4296 1732 4349 remansit.
1782 4294 1968 4366 Neque

377 4387 525 4441 enim
555 4400 682 4440 cum
716 4383 1126 4439 incircumcisis
1156 4398 1383 4439 manere
1421 4391 1660 4453 poterat.
1703 4385 1963 4455 Ejusdem

2077 1871 2487 1942 προεφήτευσεν
2533 1870 2661 1942 περὶ
2694 1869 3086 1941 Ἰερουσαλὴμ,
3136 1868 3231 1923 καὶ
3259 1868 3440 1932 τέλεος
3472 1867 3660 1922 ἐθνῶν.

2086 1958 2262 2034 Ὁρῶν
2285 1961 2396 2033 (Μ)
2435 1960 2492 2014 δὲ
2539 1961 2812 2016 ἀπέθανεν
2840 1962 2899 2015 ἐν
2930 1960 3144 2033 εἰρήνῃ,
3176 1960 3273 2014 κα)⁵
3310 1961 3483 2034 ἐτάφη
3512 1961 3571 2014 ἐν
3596 1964 3662 2033 τῇ

2075 2057 2145 2125 γῇ
2182 2054 2348 2108 αὐτοῦ
2379 2054 2630 2118 ἐνδόξως.

2125 2164 2187 2219 '0
2226 2165 2367 2232 ,ϐίος
2411 2164 2519 2220 τοῦ
2566 2164 2789 2218 Ὰϐὃίου
2832 2162 2939 2244 {of}
2979 2162 3328 2233 προφήτου,
3362 2162 3463 2218 καὶ
3508 2161 3629 2220 ποῦ

2767 2249 2977 2287 κειται.

2145 2324 2247 2377 ιε’.
2296 2322 2511 2387 Ἀϐδίας
2538 2323 2566 2376 6
2595 2323 2902 2395 προφήτης.
2934 2316 3102 2385 Οὗτος
3121 2316 3189 2394 ἦν
3226 2322 3293 2375 ἐκ
3326 2323 3425 2394 τῆς
3457 2321 3659 2393 Συχὲμ,

2074 2414 2134 2486 ἐξ
2171 2415 2342 2487 ἀγροῦ
2385 2415 2749 2487 Βηθαχάμαρ.
2787 2408 2957 2479 Οὗτός
2992 2416 3141 2467 ἐστιν
3179 2414 3209 2467 6
3236 2412 3420 2485 τρίτος
3459 2430 3661 2485 πεντηο

2074 2505 2389 2578 κόνταρχος,
2414 2498 2477 2559 οὗ
2508 2505 2764 2575 ἐφείσατο
2804 2505 2994 2569 Ἠλίας
3024 2505 3053 2557 6
3080 2503 3374 2577 Θεσϐίτης,
3404 2505 3499 2557 καὶ
3529 2520 3662 2557 κατ-

2072 2596 2192 2667 έϐη,
2212 2596 2307 2650 καὶ
2327 2590 2460 2667 ἦλθε
2497 2594 2637 2666 πρὸς
2667 2594 2759 2648 τὸν
2791 2593 3040 2665 βασιλέα.
3074 2594 3229 2648 Μετὰ
3252 2594 3310 2648 δὲ
3334 2593 3506 2648 ταῦτα
3527 2596 3664 2649 ἀπο-

2071 2688 2247 2744 λιπὼν
2278 2688 2375 2761 τήν
2416 2686 2703 2760 βασιλικὴν
2734 2687 2902 2741 αὐτοῦ
2933 2686 3108 2754 τάξιν,
3144 2688 3550 2760 προσεκολλήθη
3580 2687 3665 2760 τῷ

2072 2783 2329 2856 προφήτῃ
2369 2781 2562 2853 Ἠλίᾳ,
2611 2781 2706 2834 καὶ
2749 2779 2967 2849 ἐγένετο
3018 2777 3182 2832 αὐτοῦ
3233 2778 3518 2851 μαθητὴς,
3562 2778 3665 2832 καὶ

2072 2874 2246 2929 πολλά
2282 2872 2605 2945 ὑπομείνας,
2642 2872 2710 2925 δι’
2741 2870 2904 2925 αὐτὸν
2940 2868 3315 2943 παρεσώζετο.
3342 2869 3455 2924 Καὶ
3486 2866 3663 2922 θανὼν

2070 2966 2249 3038 ἐτάφη
2313 2967 2371 3021 ἐν
2431 2963 2586 3037 ἀγρῷ
2649 2962 2989 3037 Βηθαχάμαρ
3049 2960 3189 3035 μετὰ
3242 2960 3355 3015 τῶν
3406 2959 3664 3033 πατέρων

2072 3058 2265 3114 αὑτοῦ.

2152 3171 2217 3226 '0
2235 3171 2378 3237 ,βίος
2403 3168 2511 3225 τοῦ
2541 3166 2718 3225 Ἰωνᾶ
2741 3168 3077 3239 προφήτου,
3103 3168 3202 3224 καὶ
3229 3167 3350 3223 ποῦ
3377 3165 3585 3222 κεῖται.

2141 3285 2260 3352 ις’.
2301 3282 2486 3346 Ἰωνᾶς
2517 3283 2549 3336 6
2573 3282 2863 3353 προφήτης
2886 3280 3000 3345 υίὸς
3037 3280 3271 3354 ’Δμιιίὶῆ⁸
3301 3274 3470 3343 Οὗτος
3499 3276 3567 3351 ἦν
3589 3279 3652 3332 ἐκ

2068 3376 2175 3447 γῆς
2220 3373 2669 3447 Καριαθαμαοὺμ
2706 3372 2820 3445 (42)
2878 3372 3106 3445 πλησίον
3158 3374 3394 3438 Ἀζώτου
3452 3372 3662 3435 πόλεως

2082 3470 2379 3542 Ἑλλήνων,
2416 3466 2562 3523 κατά
2595 3466 2889 3522 θάλασσαν.
2928 3462 3039 3520 Ἦν
3070 3466 3193 3520 τότε
3228 3465 3417 3527 Ἠλίας
3454 3466 3483 3518 6
3518 3482 3658 3535 προ-

2069 3564 2250 3635 φήτης
2280 3561 2521 3633 ἐλέγχων
2566 3559 2660 3614 τὸν
2703 3559 2910 3631 Ἀχαάὁ
2942 3557 3168 3630 βασιλέα
3199 3557 3531 3631 Σαμαρείας,
3561 3555 3665 3611 καὶ

2069 3653 2306 3718 καλέσας
2351 3652 2512 3724 λιμὸν
2561 3650 2736 3724 μέγαν
2766 3651 2860 3705 ἐπὶ
2908 3650 3008 3722 τὴν
3050 3650 3157 3721 γῆν
3180 3690 3195 3715 ,
3245 3650 3445 3720 ἔφυγεν
3488 3651 3547 3703 ἐν
3584 3651 3664 3721 τῇ

2069 3749 2294 3820 ἐρήμῳ,
2329 3745 2426 3799 καὶ
2474 3743 2736 3817 ἐτρέφετο
2764 3744 2830 3798 ἐκ
2863 3742 2973 3797 τῶν
3012 3743 3300 3814 κοράκων,
3329 3743 3427 3797 καὶ
3471 3742 3667 3795 ἔπινεν

2070 3839 2217 3911 ὕδωρ
2246 3838 2312 3891 ἐκ
2337 3834 2432 3890 τοῦ
2466 3834 2792 3910 χειμάρρου,
2824 3835 2919 3889 καὶ
2952 3835 3034 3889 ὅτι
3065 3833 3337 3908 ἐξηράνθη
3364 3835 3393 3888 6
3424 3834 3668 3906 χείμαρο

2071 3933 2184 4004 ρος,
2215 3929 2525 3995 ἐπείνασεν,
2544 3928 2638 3983 καὶ
2665 3924 2829 4000 ἦλθεν
2849 3929 2931 3992 είς
2950 3928 3219 4001 Σαραφθά
3247 3928 3348 3999 τῆς
3373 3927 3663 3992 Σιδωνίας,

2070 4021 2209 4093 πρὸς
2245 4021 2481 4089 γυναῖκα
2512 4019 2689 4091 χήραν
2732 4019 2997 4090 πενιχρὰν
3020 4059 3036 4085 ,
3072 4019 3195 4092 ἥτις
3234 4014 3303 4091 ἦν
3343 4019 3526 4090 μήτηρ
3555 4014 3662 4069 τοῦ

2082 4113 2259 4178 Ἰωνᾶ,
2287 4112 2383 4166 καὶ
2417 4110 2667 4183 εἰσῆλθεν
2700 4112 2783 4175 είς
2813 4110 2907 4165 τδν
2939 4106 3086 4165 οἷκον
3120 4111 3312 4182 αὐτῆς,
3341 4111 3436 4165 καὶ
3460 4108 3664 4181 ἐποίη-

2072 4224 2164 4260 σεν
2201 4206 2381 4277 αὐτῷ,
2421 4204 2496 4270 ὡς
2546 4203 2882 4277 προσέταξεν
2924 4204 3100 4276 αὐτῇ,
3143 4205 3239 4259 καὶ
3280 4202 3502 4273 ἔφαγεν,
3557 4201 3665 4257 καὶ

2069 4298 2366 4371 εὐλόγησεν
2400 4298 2569 4369 αὐτὴν
2603 4298 2736 4369 σίτῳ
2766 4297 2861 4352 καὶ
2903 4297 3100 4369 ἐλαίῳ,
3134 4297 3230 4354 καὶ
3280 4277 3497 4369 ἔμεινεν
3533 4296 3663 4367 μετ’

2070 4390 2272 4460 αὐτῆς·
2312 4390 2376 4442 οὐ
2412 4389 2524 4460 γὰρ
2558 4390 2782 4468 ἐδύνατο
2827 4393 3006 4463 μεῖναι
3057 4389 3197 4461 μετά
3240 4387 3661 4461 ἀπεριτμήτων.

377 4492 548 4549 porro
576 4474 756 4532 viduae
799 4475 969 4529 ﬁlium
1001 4474 1199 4541 Ionam
1234 4474 1381 4531 Deus
1415 4490 1512 4547 per
1547 4473 1722 4529 Eliam
1755 4477 1965 4532 excita-

2081 4458 2458 4536 Καὶήθανόντα
2497 4458 2601 4535 τὸν
2639 4482 2753 4537 υἱὸν
2801 4458 2970 4553 αὐτῆς
3037 4458 3223 4535 ’Ϊωνᾶν
3281 4458 3576 4551 ἀνέστησεν
3628 4481 3665 4534 6

376 4571 517 4629 vita
551 4567 808 4634 mortuis,
863 4583 929 4624 ac
982 4568 1166 4623 vivum
1222 4568 1411 4634 matri,
1463 4575 1688 4639 propter
1738 4567 1860 4636 ejus
1909 4569 1966 4625 in

379 4662 625 4734 hospites
677 4660 1095 4725 humanitatem,
1130 4660 1402 4716 restituit.
1450 4660 1582 4716 Post
1609 4660 1702 4716 ubi
1740 4660 1966 4718 adultus

374 4764 464 4812 est
495 4753 687 4819 Jonas,
726 4750 975 4809 Ninivem
1008 4752 1075 4806 ad
1108 4752 1369 4823 Assyrios
1399 4751 1606 4808 missus
1635 4750 1805 4809 Deum
1834 4751 1967 4808 θαυ-

371 4863 503 4917 gere
554 4856 789 4904 conatus
833 4852 955 4913 est;
1008 4852 1064 4901 et
1111 4861 1235 4901 cum
1296 4844 1348 4900 in
1402 4845 1632 4902 Tharsis
1684 4844 1965 4917 proﬁcisci

371 4939 557 5004 vellet,
587 4953 616 4991 a
650 4944 773 4993 ceto
802 4936 1096 5007 absorptus
1125 4944 1230 4992 est.
1269 4934 1425 4990 Unde
1456 4946 1642 5006 postea
1675 4936 1959 5006 digressus

374 5030 621 5085 divinum
657 5026 978 5081 mandatum
1010 5025 1203 5080 Ninive
1229 5025 1546 5095 praedicavit
1577 5042 1590 5079 :
1621 5040 1731 5096 quo
1758 5023 1961 5080 factum

372 5129 480 5189 est,
511 5129 573 5178 ut
603 5119 858 5176 Ninivitaa
901 5119 970 5174 ad
1019 5118 1185 5173 Deum
1237 5118 1491 5173 conversi
1524 5117 1645 5187 ejus
1676 5119 1731 5173 in
1759 5135 1819 5175 se
1857 5118 1964 5173 mi-

375 5213 733 5271 sericordiam
778 5210 1152 5284 provocarint.
1188 5208 1343 5277 Quod
1378 5224 1523 5280 aegre
1550 5208 1735 5265 ferens
1765 5209 1962 5280 Jonas,

376 5318 443 5361 ac
486 5319 765 5369 reversus,
814 5302 871 5359 in
920 5301 1097 5374 patria
1137 5315 1246 5356 non
1295 5300 1603 5366 remansit,
1655 5300 1754 5357 sed
1787 5311 1965 5358 matre

377 5410 564 5451 secum
617 5394 878 5458 abducta,
910 5394 966 5449 in
1016 5392 1125 5449 Sur
1155 5391 1589 5463 alienigenarum
1624 5391 1846 5462 regione
1877 5407 1962 5447 se-

376 5485 499 5542 dem
547 5485 858 5543 constituit.
904 5482 986 5538 Ita
1033 5483 1204 5547 enim,
1248 5481 1563 5554 inquiebat,
1622 5482 1884 5553 probrum
1929 5498 1960 5540 a

449 5632 564 5705 (38)
598 5634 731 5702 Aug.
757 5630 1072 5705 addithulbc
1120 5628 1344 5701 Ίραμὼ,
1376 5633 1401 5685 ὀ
1428 5631 1818 5705 Μωρασθξτης.

452 5701 565 5775 ea)
604 5704 724 5775 τΑ-ιο
760 5701 1017 5775 dearma-

455 5768 568 5840 (ιιι)
595 5771 730 5839 Aug.
770 5768 1043 5863 Θεϐοράν.κ

2070 4573 2205 4638 Θεὸς
2245 4572 2335 4627 διὰ
2372 4572 2468 4627 τοῦ
2509 4574 2686 4642 Ἠλία,
2724 4574 2819 4628 καὶ
2849 4573 3130 4628 ἀπέδωκεν
3175 4573 3339 4627 αὐτὸν
3373 4570 3548 4637 ζῶντα
3582 4573 3665 4644 τῇ

2072 4666 2268 4737 μητέρι
2320 4665 2511 4732 αὑτοῦ,
2558 4664 2649 4720 διά
2693 4666 2794 4739 τὴν
2835 4666 3162 4737 φιλοξενίαν.
3215 4666 3327 4719 Καὶ
3362 4662 3668 4735 γενόμενος

2069 4758 2285 4830 ἡλικίας
2315 4759 2345 4811 6
2398 4757 2603 4822 Ἰωνᾶς,
2635 4744 2918 4831 ἀπεστάλη
2970 4759 3051 4822 είς
3099 4756 3288 4812 Νινευῖ
3345 4756 3481 4829 πρὸς
3524 4756 3667 4820 τοὺς

2081 4850 2419 4922 Ἀσσυρίους,
2456 4851 2552 4905 καὶ
2586 4850 2854 4922 ἐζήτησεν
2890 4851 3074 4915 Ἰωνᾶς
3096 4850 3406 4923 ἀποδρᾶσαι
3424 4848 3666 4920 Κύριον,

2070 4943 2167 4998 καὶ
2208 4941 2485 5012 κατεπόθη
2517 4943 2623 4995 ὑπὸ
2671 4941 2768 4995 τοῦ
2815 4941 3047 5014 κήτους,
3094 4941 3424 5014 πορευθῆναι
3467 4939 3670 5010 βουλό-

2073 5051 2237 5107 μενος
2293 5033 2373 5097 είς
2411 5032 2665 5105 Θαρσεῖς.
2726 5029 2991 5097 Ἐξελθὼν
3038 5030 3095 5085 δὲ
3152 5033 3218 5085 ἐκ
3266 5029 3360 5084 τοῦ
3410 5030 3619 5099 κήτους
3643 5068 3667 5096 ,

2069 5119 2337 5192 ἐκήρυξεν
2375 5118 2473 5193 τὴν
2521 5120 2677 5173 πόλιν
2708 5118 2931 5187 Νινευτ,
2966 5119 3062 5174 καὶ
3092 5118 3424 5190 μετενόησαν
3464 5119 3514 5171 οί
3549 5118 3672 5173 Νι-

2068 5212 2274 5267 νευϊται
2302 5211 2379 5283 τῷ
2404 5210 2545 5283 Θεῷ,
2568 5211 2663 5265 καὶ
2688 5211 2942 5283 ἠλέησεν.
2973 5209 3087 5265 Καὶ
3112 5208 3357 5281 ἐλυπήθη
3383 5212 3412 5265 6
3445 5210 3668 5277 Ἰωνᾶς,

2070 5305 2165 5359 καὶ
2185 5301 2539 5375 ἀνακάμψας,
2573 5303 2675 5357 οὐκ
2696 5301 2911 5375 ἔμεινεν
2936 5302 3016 5366 είς
3035 5299 3139 5368 τήν
3158 5299 3257 5365 γῆν
3297 5298 3484 5367 αὐτοῦ,
3516 5300 3672 5358 ἀλλὰ

2068 5394 2404 5467 παραλαϐὼν
2441 5394 2542 5466 τὴν
2586 5393 2805 5466 μητέρα
2841 5392 3009 5447 αὐτοῦ
3030 5434 3046 5462 ,
3078 5390 3412 5464 παρῴκησεν
3442 5392 3523 5455 είς
3554 5393 3674 5463 τὴν

2068 5485 2231 5555 Σοὺρ,
2262 5482 2449 5555 χώραν
2472 5483 2582 5539 τῶν
2601 5483 2935 5554 ἀλλοφύλων.
2961 5483 3188 5554 Ἔλεγεν
3208 5481 3339 5554 γὰρ,
3360 5484 3446 5538 ὅτι
3467 5480 3673 5549 Οὕτως

2134 5631 2245 5699 (Η)
2276 5628 2400 5683 For.
2440 5629 2498 5683 ἐν
2532 5628 2800 5701 Βεγθορὼν.

2133 5702 2243 5775 (42)
2276 5703 2378 5770 Γρ.
2405 5700 2803 5773 Καριαθιαρίμ.
