3948 6196
301 290 391 348 409

1355 295 1554 354 LIBER
1595 300 1683 357 DE
1719 303 1902 361 Vlle
1943 305 2488 372 PIIOPIIE'I’ARUM.

3436 326 3538 384 LIII

299 401 503 474 ἁᾳῶμαι
536 397 628 454 τὸν
648 401 974 476 ὀνειδισμὸν,
1001 405 1083 460 δτι
1113 405 1451 481 ἐψευσάμην,
1478 414 1852 483 προφητεύσας

1965 437 2048 476 me
2081 429 2134 477 et
2175 423 2526 494 ignominiam
2576 426 2844 499 deponam
2881 450 2905 490 ι’
2945 432 3088 502 quod
3136 448 3236 506 ego
3281 429 3541 497 adversus

300 493 424 547 κατὰ
450 492 652 546 Νινευῖ.
682 496 792 548 Καὶ
830 499 1160 568 κατοικήσας
1192 500 1249 552 ὲν
1277 504 1348 572 γῇ
1375 502 1543 574 Σαὰρ,
1594 505 1714 558 ἐκεῖ
1750 507 1861 560 ὰπ-

298 583 484 649 ἔοανεν,
521 583 614 637 καὶ
645 585 820 657 ἐτάφη
853 589 911 640 ὲν
937 589 1016 661 τῷ
1045 591 1292 664 σπηλαίῳ
1311 593 1403 645 τοῦ
1441 595 1705 659 Κενεζέου
1737 615 1859 667 κρι-

295 673 393 726 τοῦ.
423 674 839 746 Προεφήτευσεν
884 678 961 740 δὲ,
1010 680 1093 733 ὅτι
1123 681 1250 736 ὅταν
1295 684 1516 738 εἵσωσιν
1559 687 1617 739 ὲν
1663 687 1860 759 Ἰερου-

298 763 457 834 σαλὴμ
487 764 614 837 ἔθνη
642 767 832 834 πολλὰ,
868 769 970 825 ὑπὸ
991 771 1224 828 δυτικῶν
1257 772 1365 839 ἕως
1400 775 1630 848 ἐδάφους
1663 779 1859 847 ἀφανι-

296 855 530 926 σθήσεται
560 858 696 930 (45).

335 1057 382 1109 ’0
400 1057 540 1124 ,βίος
565 1058 670 1113 τοῦ
698 1061 906 1131 Nae-by
935 1061 1276 1132 προφήτου,
1303 1064 1400 1118 καί
1429 1066 1548 1122 ποῦ
1587 1068 1796 1123 κεῖται.

346 1172 435 1224 IZ'.
467 1171 667 1242 Ναοὺμ
693 1173 722 1225 ὁ
756 1175 1064 1246 προφήτης.
1097 1175 1209 1246 (44)
1243 1168 1411 1240 Οὗτος
1437 1172 1506 1249 ἦν
1535 1179 1642 1231 ἀπὸ
1678 1179 1855 1233 Ἐλκε-

285 1260 358 1313 σε).
379 1260 484 1330 (45)
524 1261 700 1331 πέραν
735 1261 831 1314 τοῦ
881 1263 1146 1334 Ἰορδάνου
1177 1266 1257 1328 είς
1295 1266 1560 1340 Βηγαὸὰρ
1591 1269 1657 1322 ἐκ
1683 1270 1855 1339 φυλῆς

281 1349 509 1422 Συμεών.
555 1343 722 1415 Οὗτος
761 1354 900 1424 μετὰ
946 1355 1038 1407 τὸν
1090 1356 1273 1410 ’Ῑωνᾶν
1306 1357 1473 1430 τέρας
1524 1359 1724 1412 ἔδωκεν
1758 1361 1853 1413 ἐπὶ

281 1443 468 1507 Νινευῒ,
505 1444 590 1497 ὃτι
619 1445 724 1496 ὑπὸ
757 1445 964 1498 ὑδάτων
1003 1446 1251 1514 γλυκέων
1276 1449 1370 1500 καὶ
1398 1449 1570 1521 πυρὸς
1599 1451 1844 1516 ἐπιγείου

280 1534 550 1587 ἀπολεῖται
570 1551 584 1565 °
621 1534 649 1587 ὖ
675 1535 769 1588 καὶ
798 1535 1040 1605 γέγονεν.
1089 1536 1151 1588 Ἦ
1184 1537 1290 1610 γὰρ
1325 1539 1654 1610 περιέχουσα
1678 1542 1848 1615 αὑτὴν

1966 510 2235 567 Ninivitas
2303 515 2608 573 vaticinans
2665 520 2933 575 mentitus
2987 520 3203 581 fuerim.
3258 523 3442 596 Itaque
3483 530 3538 584 in

1963 618 2094 669 agro
2133 603 2294 669 Saar,
2336 605 2428 658 ubi
2472 604 2811 660 domicilium
2839 608 3100 678 elegerat,
3151 620 3402 666 mortuus
3433 625 3538 680 est,

1959 692 2096 746 etin
2133 709 2296 764 specu
2339 695 2582 750 (ἐθηεῑωί
2631 697 2833 765 judicis
2886 701 3154 769 sepultus.
3200 701 3312 755 IIoc
3357 712 3540 758 autem

1962 785 2223 853 pr0pheta
2265 785 2369 841 iste
2409 787 2681 857 prmdixit,
2727 795 2844 841 tum
2878 804 3002 843 cum
3039 801 3226 859 gentes
3271 793 3540 862 plurimas

1961 870 2351 944 Hierosolymis
2407 877 2852 945 conspexissent,
2897 879 2964 933 ab
3010 881 3256 937 occiduis
3305 883 3540 937 nationi-

1956 962 2060 1018 bus
2085 963 2332 1021 funditus
2362 967 2551 1021 urbem
2585 983 2705 1023 esse
2729 970 3039 1026 delendam.

2109 1073 2323 1129 Nalmm
2351 1079 2614 1147 propheta:
2640 1080 2766 1142 vita,
2804 1090 2853 1134 et
2885 1085 3166 1151 sepultura:
3191 1085 3359 1142 locus.

2025 1187 2190 1244 XVII.
2231 1187 2508 1246 Oriundns
2551 1193 2639 1246 hic
2684 1191 2864 1248 Elcesi
2911 1205 3063 1252 trans
3092 1196 3383 1254 Jordanem
3412 1216 3535 1254 ver-

1952 1297 2048 1336 sus
2095 1280 2361 1351 Begabar,
2411 1300 2479 1339 ex
2525 1285 2668 1340 tribu
2705 1287 3003 1354 Simeonis,
3032 1291 3260 1346 alterum
3292 1300 3414 1362 post
3439 1292 3538 1348 Jo-

1952 1387 2078 1424 nam
2127 1373 2195 1428 de
2237 1372 2433 1430 Ninive
2476 1385 2790 1446 portentum
2826 1379 3020 1445 edixit,
3072 1380 3212 1450 fore,
3270 1392 3326 1436 ut
3376 1386 3536 1453 aquis

1934 1463 2203 1523 dulcibus
2274 1474 2437 1537 atque
2509 1477 2833 1537 erumpente
2915 1469 2985 1524 ab
3050 1470 3218 1524 humo
3282 1472 3536 1528 incendio

1951 1553 2380 1625 periret:quod
2429 1556 2505 1611 ita
2557 1559 2813 1629 contigit.
2868 1557 3003 1614 Nam
3062 1561 3215 1615 lacus
3268 1561 3378 1628 ille,
3437 1563 3533 1632 qui

278 1623 424 1697 λίμνη
459 1625 799 1679 κατέκλυσεν
829 1626 997 1698 αὐτὴν
1030 1628 1089 1681 ὲν
1121 1628 1351 1699 σεισμῷ,
1394 1631 1487 1682 καὶ
1515 1631 1626 1702 πῦρ
1659 1634 1723 1685 ὲκ
1751 1634 1850 1702 τῆς

1956 1645 2219 1700 ambiebat
2249 1648 2467 1711 urbem,
2500 1652 2790 1718 repentino
2839 1659 3002 1706 terrze
3037 1661 3190 1706 motu
3239 1653 3392 1706 illam
3439 1655 3540 1708 oh-

278 1716 473 1786 ὲρήμου
515 1716 744 1771 ἐπελθὸν
777 1718 954 1771 πάντα
994 1717 1304 1791 ὑψηλότερα
1335 1721 1509 1791 αὐτῆς
1547 1722 1848 1794 ἐνέπρησεν

278 1807 402 1836 υἱ-..
430 1808 549 1836 ΙΙΩΧ
615 1807 913 1836 ’Δ-Δῆ-..-..
934 1808 985 1836 ιι
1010 1810 1196 1836 λγ..-ἓ...
1229 1812 1284 1836 ι..
1310 1812 1493 1836 -ι-.ι....
1550 1814 1639 1836 -..Λ
1675 1814 1841 1836 ι-ι.-,..

1956 1738 2098 1791 ruit:
2129 1747 2242 1792 tum
2278 1739 2421 1810 ignis
2467 1756 2497 1797 e
2540 1716 2838 1798 solitudine
2873 1760 3241 1814 prorumpens
3273 1744 3537 1801 editiores

277 1807 403 1880 μέρη
429 1808 573 1880 (46).
615 1807 913 1864 Ἀπέθανεν
933 1808 988 1862 δὲ
1010 1810 1204 1882 Ναοὺμ
1226 1812 1284 1866 ὲν
1307 1812 1518 1884 είρήνῃ,
1550 1814 1645 1867 καὶ
1673 1814 1846 1886 ἐτάφη

1956 1827 2106 1883 urbis
2160 1807 2342 1899 partes
2399 1831 2662 1887 incendit.
2711 1807 2997 1888 Postremo
3037 1807 3248 1888 Na-hum
3292 1835 3348 1890 in
3388 1849 3526 1907 pace

275 1900 326 1951 ὲν
354 1901 415 1970 τῇ
439 1902 516 1971 γῇ
542 1899 708 1953 αὑτοῦ
744 1900 1032 1974 Βηγαϐάρ.

280 2008 338 2064 '0
351 2011 493 2078 ,ϐίος
514 2012 624 2066 τοῦ
657 2014 989 2084 Ἀὄσακοὺμ
1013 2015 1346 2085 προφήτου,
1377 2017 1476 2071 καὶ
1497 2019 1617 2073 ποῦ
1637 2019 1844 2075 κεῖται.

331 2127 429 2179 III'.
475 2125 800 2199 Ἀὀϐακοὺμ
837 2130 865 2182 ό
912 2130 1217 2202 προφήτης.
1252 2126 1422 2195 Οὗτος
1469 2127 1536 2203 ἦν
1573 2133 1632 2196 ἐξ
1677 2133 1847 2204 ἀγροῦ

270 2217 548 2288 Βηθζοχὴρ
577 2219 688 2289 (47)
739 2220 804 2272 ὲκ
843 2219 1018 2290 φυλῆς
1052 2220 1300 2291 Συμεὼν.
1357 2217 1525 2286 Οὑτος
1566 2219 1704 2277 εἶδεν
1743 2225 1850 2296 πρὸ

272 2304 356 2372 τῆς
383 2306 773 2378 αἰχμαλωσίας
799 2309 926 2380 περὶ
948 2310 1049 2379 τῆς
1072 2309 1328 2375 ἁλώσεως
1358 2312 1733 2384 Ἰερουσαλὴμ,
1756 2314 1850 2366 καὶ

268 2397 528 2471 ἰάνθησε
559 2399 765 2470 σφόδρα
797 2401 889 2454 ὲπὶ
923 2403 990 2473 τῇ
1024 2401 1176 2456 πόλει
1229 2404 1326 2456 καὶ
1354 2403 1434 2474 τῷ
1468 2403 1600 2475 λαῷ.
1625 2406 1734 2458 Καὶ
1761 2407 1848 2459 ὅτε

268 2486 382 2559 ἦλθε
417 2490 900 2565 Ναϐουχοδονόσορ
940 2495 1022 2556 εἰς
1059 2493 1418 2567 Ἰερουσαλὴμ
1453 2495 1549 2548 τοῦ
1577 2497 1850 2568 πορθῆσαι

264 2581 442 2652 αὐτὴν,
471 2575 636 2644 οὗτος
680 2581 882 2651 ἔφυγεν
923 2585 1004 2648 είς
1053 2584 1436 2656 Ὀστρακίνην,
1479 2586 1574 2640 καὶ
1618 2582 1687 2657 ἦν
1732 2588 1852 2640 ἐκεῖ

263 2671 525 2744 πάροικος
570 2673 652 2736 είς
698 2673 803 2743 γῆν
868 2673 1115 2744 Ἰσμαήλ.
1179 2674 1268 2737 Ὠς
1300 2675 1358 2728 δὲ
1403 2675 1749 2746 ὑπέστρεψαν
1799 2675 1850 2730 οἱ

262 2763 519 2818 Χαλδαῖοι
557 2762 668 2816 ἀπὸ
717 2767 818 2835 τῆς
867 2763 1223 2836 Ἰερουσαλήμ
1257 2765 1338 2828 εἰς
1369 2764 1469 2835 τὴν
1495 2767 1601 2836 γῆν
1645 2765 1846 2831 αὐτῶν,

263 2853 473 2925 λάφυρα
505 2854 681 2926 αὑτὴν
704 2856 1054 2926 ποιήσαντες,
1077 2855 1172 2909 καὶ
1189 2856 1238 2910 oi
1270 2841 1590 2909 κατάλοιποι
1621 2857 1670 2908 oi
1699 2855 1851 2920 ὄντες

262 2948 315 2999 ὲν
348 2946 714 3018 Ἰερουσαλὴμ
773 2945 1086 3018 κατέϐησαν
1136 2947 1218 3010 είς
1269 2947 1564 3015 Αἴγυπτον,
1602 2946 1766 3010 αὐτὸς
1792 2947 1848 3000 δὲ
1888 3008 1894 3014 ,

261 3037 485 3110 ἀνῆλθεν
535 3039 619 3101 είς
662 3037 764 3109 τὴν
807 3037 914 3107 γῆν
956 3037 1159 3102 αὑτοῦ,
1215 3038 1312 3091 καὶ
1349 3037 1683 3109 ἐλειτούργει
1729 3041 1846 3102 τοῖς

1951 1921 2278 1978 mortuusin
2311 1925 2482 1992 patria
2513 1940 2612 1979 sua
2639 1924 2917 1992 Begabare
2957 1927 3205 1995 sepultus
3229 1934 3334 1982 est.

2090 2030 2307 2086 Abacuc
2367 2034 2632 2102 propheta:
2662 2036 2793 2102 vita,
2824 2044 2873 2090 et
2904 2037 3194 2104 sepultura:
3224 2037 3392 2092 locus.

2021 2141 2208 2197 XVIII.
2247 2143 2468 2199 Abacuc
2519 2146 2784 2216 prapheta
2846 2163 2914 2201 ex
2989 2161 3122 2216 agro
3177 2145 3517 2201 Bethsocher

1951 2235 2097 2289 tribu
2146 2233 2422 2290 Silueonis
2465 2236 2732 2307 originem
2773 2235 2932 2291 duxit
2961 2253 2976 2290 :
3004 2237 3099 2302 qui
3133 2245 3258 2292 ante
3300 2237 3532 2309 Babylo-

1950 2325 2131 2379 nicam
2163 2326 2544 2396 migrationem
2577 2325 3077 2399 Hierosolymorum
3101 2327 3370 2382 excidium
3409 2343 3539 2398 pro-
3617 2338 3624 2342 ‘

1950 2417 2210 2486 spiciens,
2263 2417 2614 2473 vehementer
2659 2419 2848 2473 urbem
2935 2433 3001 2473 ac
3053 2419 3316 2489 populum
3373 2419 3530 2474 luxit.

1949 2504 2086 2559 Cum
2119 2515 2299 2560 autem
2328 2505 2843 2562 Nabuchodonosor
2889 2505 3322 2578 Hierosolymam
3354 2509 3537 2563 venis-

1950 2603 2052 2659 set,
2087 2602 2147 2649 ut
2175 2611 2294 2651 eam
2339 2605 2628 2662 everteret,
2660 2597 2715 2650 in
2744 2595 3090 2652 Ostracinem
3119 2597 3364 2667 profugit
3390 2616 3404 2652 :
3438 2599 3534 2652 ubi

1953 2685 2006 2738 in
2041 2685 2440 2741 Ismaelitarum
2469 2687 2693 2757 regione
2723 2688 3108 2757 peregrinatus
3134 2696 3238 2744 est.
3265 2687 3536 2744 Chaldaris

1951 2789 2078 2830 vero
2103 2783 2225 2845 post
2248 2784 2406 2847 capta
2444 2791 2508 2830 ac
2543 2777 2754 2846 direpta
2789 2775 3171 2850 Hierosolyma
3213 2779 3266 2833 in
3303 2779 3535 2849 patriam

1950 2865 2210 2929 reversis,
2269 2880 2395 2919 cum
2452 2865 2511 2930 ii,
2564 2866 2656 2935 qui
2706 2866 2760 2919 in
2808 2866 2942 2921 urbe
2993 2867 3202 2922 residui
3257 2876 3439 2933 erant,
3476 2868 3532 2922 in

1948 2953 2244 3026 Egyptum
2289 2953 2579 3025 fugissent,
2614 2955 2836 3010 Ahacuc
2887 2955 2943 3010 in
2975 2957 3208 3026 patriam
3245 2971 3536 3026 regressus

1950 3054 2034 3101 est
2065 3064 2078 3100 :
2116 3045 2206 3099 ubi
2236 3052 2291 3100 et
2324 3045 2437 3116 agri
2474 3045 2559 3101 sui
2595 3046 2941 3100 messoribus
2995 3047 3145 3116 (nam
3168 3045 3175 3052 ’
3199 3045 3278 3102 ibi
3330 3045 3532 3101 hordea

263 3131 538 3204 θερισταῖς
569 3131 665 3185 τοῦ
700 3132 872 3204 ἀγροῦ
919 3132 1114 3186 ἑαυτοῦ
1143 3131 1424 3204 (ἔσπειρεν
1452 3133 1560 3202 γὰρ
1588 3131 1838 3204 κριθὰς),

1956 3137 2178 3206 several)
2230 3136 2542 3191 necessaria
2599 3136 2952 3201 ministravit,
3006 3152 3069 3190 ac
3112 3136 3318 3191 cibaria
3360 3136 3527 3194 coxit.

261 3225 348 3278 καὶ
369 3225 592 3297 ἥψησεν
622 3224 810 3288 αὐτοῖς
842 3224 1134 3295 ἐδέσματα.
1168 3224 1281 3278 Καὶ
1311 3225 1685 3296 προεφήτευσε
1730 3226 1845 3288 τοῖς

1945 3227 2082 3282 'I‘um
2131 3226 2450 3283 domesticis
2477 3228 2552 3281 ita
2605 3227 2936 3283 vaticinatus
2988 3234 3073 3282 est
3107 3245 3120 3281 :
3154 3246 3172 3278 ι
3214 3224 3385 3290 Vado,
3450 3226 3535 3281 in-

265 3315 429 3380 ίδίοις,
458 3313 635 3368 εἰπών
655 3332 671 3346 ·
708 3333 726 3366 ι
755 3315 1066 3386 Πορεύομαι
1097 3315 1209 3384 ἐγὼ
1243 3317 1323 3379 είς
1349 3316 1455 3386 γῆν
1488 3315 1724 3388 μακράν,
1751 3317 1845 3371 καὶ

1956 3318 2084 3388 quit,
2133 3316 2188 3372 in
2229 3317 2581 3388 longinquam
2631 3316 2910 3389 regionem
2939 3357 2954 3383 ,
2987 3317 3132 3372 unde
3166 3316 3420 3372 celeriter
3448 3333 3536 3372 re-

259 3403 465 3474 ταχέως
489 3403 942 3475 ἑπανελεύσομαι.
979 3403 1106 3457 Ἐὰν
1128 3404 1185 3456 δὲ
1219 3402 1484 3475 βραδύνω,
1505 3403 1845 3471 ἀπενέγκατε

1956 3417 2150 3466 rertar.
2186 3407 2571 3465 Verumtamen
2600 3410 2644 3466 si
2676 3425 2886 3466 moram
2938 3410 3052 3464 illic
3094 3408 3300 3475 fecero,
3339 3425 3438 3465 vos
3465 3410 3535 3464 ad

262 3500 452 3565 φαγεῖν
479 3499 597 3560 τοῖς
619 3496 915 3566 θερισταῖς.
957 3515 974 3548 ι
1011 3495 1121 3548 Καὶ
1143 3495 1435 3565 γενόμενος
1461 3495 1520 3547 ὲν
1543 3493 1844 3558 Βαϐυλῶνι,

259 3589 350 3641 καὶ
384 3588 513 3652 δοὺς
545 3588 608 3640 τὸ
647 3587 869 3658 ἄριστον
905 3586 984 3656 τῷ
1026 3586 1225 3658 Δανιὴλ
1269 3586 1351 3649 είς
1389 3584 1482 3638 τὸν
1509 3584 1711 3638 λάκκον
1738 3583 1848 3638 τῶν

259 3681 510 3750 λεόντων,
542 3681 888 3752 ὑποστρέψας
915 3679 1158 3750 παρέστη
1188 3681 1300 3742 τοῖς
1333 3678 1606 3749 θερισταῖς
1640 3675 1849 3730 ἐσθίου-

261 3791 364 3841 σιν,
396 3775 499 3829 καὶ
539 3773 719 3826 οὐδενὶ
771 3768 924 3824 εἷπεν
966 3771 1028 3824 τὸ
1082 3770 1392 3840 γενόμενον.
1435 3769 1673 3840 Συνῆκεν
1730 3766 1788 3820 δὲ
1820 3768 1848 3821 ὁ

260 3865 571 3936 προφήτης,
598 3863 680 3915 ὅτι
705 3861 891 3932 τάχιον
913 3861 1026 3931 (48)
1048 3860 1361 3931 ἐπιστρέψει
1382 3862 1410 3913 ὁ
1426 3858 1554 3923 λαὸς
1579 3861 1643 3912 ὲκ
1673 3857 1849 3910 Βαϐυ-

259 3952 429 4018 λῶνος
469 3957 552 4017 είς
594 3953 971 4023 Ἰερουσαλήμ.
1023 3952 1263 4005 Ἔδωκεν
1315 3951 1371 4004 δὲ
1415 3950 1580 4022 τέρας
1628 3953 1739 4014 τοῖς
1790 3951 1850 4002 ὲν

273 4045 528 4116 Ἰουδαίᾳ,
565 4044 649 4097 ὅτι
677 4043 896 4114 ὄψονται
920 4045 978 4095 ὲν
1019 4042 1098 4114 τῷ
1123 4043 1236 4111 ναῷ
1278 4043 1395 4114 φῶς
1438 4043 1580 4114 μέγα
1623 4043 1851 4112 διαλάμ-

260 4137 390 4207 ψαν,
423 4138 523 4190 καὶ
563 4134 740 4198 οὕτως
789 4135 993 4189 εἴσουσι
1026 4134 1125 4206 τὴν
1171 4134 1330 4200 δόξαν
1377 4133 1474 4187 τοῦ
1529 4134 1682 4188 Θεοῦ.
1737 4135 1850 4189 Καὶ

265 4227 393 4296 περὶ
449 4227 551 4296 τῆς
583 4225 897 4288 συντελείας
950 4224 1046 4278 τοῦ
1101 4224 1230 4278 ναοῦ
1275 4227 1579 4297 προεῖπεν,
1630 4226 1712 4279 ὅτι
1745 4225 1851 4279 ὑπὸ

263 4316 452 4382 ιθνους
510 4316 728 4371 δυτικοῦ
781 4319 1070 4387 γενήσεται
1122 4319 1156 4387 ἡ
1209 4317 1476 4389 πόρθησις
1536 4319 1632 4373 τοῦ
1719 4319 1849 4372 ναοῦ

274 4407 656 4481 Ἰερουσαλήμ.
691 4409 826 4461 Τότε
873 4408 935 4462 τὸ
969 4409 1206 4480 ἃπλωμα
1254 4409 1349 4462 τοῦ
1393 4410 1585 4482 δαδεὶρ
1636 4412 1716 4474 εἰς
1756 4411 1850 4464 δύο

268 4498 410 4568 μέρη
441 4500 763 4569 ῥαγήσεται,
786 4497 880 4550 καὶ
900 4497 1170 4568 ὲπίκρανα
1202 4499 1310 4553 τῶν
1336 4499 1430 4553 δύο
1451 4499 1658 4553 στύλων
1690 4501 1849 4570 ἀφαιε

266 4589 613 4659 ρεθήσονται,
650 4591 744 4642 καὶ
771 4589 945 4652 οὐδεὶς
981 4588 1270 4656 γνώσεται,
1304 4589 1407 4643 ποῦ
1445 4590 1676 4645 ἔσονται.
1705 4589 1855 4644 acea:

264 4677 323 4731 δὲ
349 4681 410 4731 ἐν
444 4681 508 4749 τῇ
531 4680 725 4750 ἐρήμῳ
767 4679 1230 4748 ἀπενεχθήσονται
1264 4680 1368 4734 ὑπὸ
1423 4681 1692 4749 ἀγγέλων,
1720 4681 1852 4734 ὅπου

267 4768 498 4841 ιναγχος
527 4772 710 4842 ἐπάγη
738 4775 771 4844 ἡ
799 4771 971 4843 σκηνὴ
999 4772 1093 4824 τοῦ
1122 4772 1446 4844 μαρτυρίου,
1469 4775 1564 4826 καὶ
1593 4775 1651 4828 ὲν
1671 4775 1856 4836 αὐτοῖς

269 4861 645 4933 γνωσθήσεται
683 4863 777 4915 ἐπὶ
814 4861 958 4915 τέλει
1000 4862 1225 4935 Κύριος,
1260 4865 1344 4917 ὅτι
1397 4865 1694 4933 φωτίσουσι
1725 4867 1854 4929 τοὺς

267 4949 631 5023 διωκομένους
671 4953 776 5007 ὑπὸ
827 4953 921 5007 τοῦ
964 4953 1138 5023 ὄφιος,
1185 4955 1374 5027 ὥσπερ
1407 4957 1466 5022 ἐξ
1515 4957 1722 5028 ἀρχῆς,
1760 4959 1856 5012 καὶ

267 5041 524 5097 διασώσει
554 5046 754 5108 αὑτοὺς
775 5043 974 5118 Κύριος
1003 5047 1068 5100 ὲκ
1101 5049 1260 5111 σκιᾶς
1293 5047 1548 5115 θανάτου,
1571 5049 1665 5102 καὶ
1703 5049 1857 5105 ἔσον-

266 5148 361 5185 ται
414 5135 469 5187 ὲν
521 5139 696 5206 σκηνῇ
743 5136 895 5207 ἁγίᾳ.
950 5130 1120 5201 Οὗτος
1173 5140 1202 5192 ὁ
1258 5141 1544 5210 προφήτης
1589 5141 1719 5210 περὶ
1758 5141 1858 5212 τῆς

269 5223 537 5291 ἐλεύσεως
573 5227 672 5281 τοῦ
707 5228 913 5300 Κυρίου
948 5229 1117 5283 πολλὰ
1167 5232 1577 5302 προεφήτευσεν
1598 5249 1612 5262 ·
1649 5232 1758 5304 πρὸ
1797 5232 1856 5286 δὲ

266 5314 371 5370 δύο
421 5317 552 5374 ἑτῶν
593 5320 696 5392 τῆς
723 5321 1063 5392 ἐπιστροφῆς
1102 5321 1196 5374 τοῦ
1226 5321 1354 5376 λαοῦ
1391 5323 1492 5395 τῆς
1535 5323 1645 5377 ἀπὸ
1677 5324 1858 5378 Βαϐυ-

347 5470 469 5550 (ιη
493 5476 634 5550 Aug.
680 5477 770 5550 δτε
819 5477 978 5550 ἴδωσι
1023 5477 1169 5550 λίθον
1227 5476 1430 5550 βοῶντα
1509 5479 1736 5550 οίκερῶς
1791 5480 1855 5550 (f.

268 5542 550 5614 ρζκτρῶς),
583 5542 792 5614 ἐγγίζει
816 5546 876 5598 τὸ
903 5547 1075 5610 τέλοςο
1131 5542 1314 5603 ὅτέδὲ
1357 5549 1539 5604 ἴδωσιν
1581 5542 1755 5606 πάντα
1790 5542 1857 5605 τά

270 5611 577 5686 εθνηετότε
663 5611 823 5680 πόλις
855 5617 1294 5686 ὲδαφισθήσεται.

350 5680 465 5755 (ιι)
505 5680 643 5757 Aug.
673 5685 790 5750 υίδς
836 5680 1169 5744 Ἑλκεσαίου.

1947 3516 2221 3558 messores
2244 3501 2450 3556 cibaria
2483 3509 2713 3572 portate.
2747 3520 2765 3554 ›
2795 3500 3108 3557 Secundum
3154 3500 3268 3557 haec
3306 3500 3536 3573 Babylo-

1951 3609 2076 3649 nem
2139 3595 2467 3656 translatus,
2526 3609 2651 3648 cum
2711 3592 2922 3648 Danieli
2979 3593 3033 3646 in
3090 3593 3307 3647 leonum
3365 3607 3534 3647 cavea

1948 3683 2238 3756 prandium
2279 3685 2610 3750 obtulisset,
2644 3685 2921 3755 extemplo
2980 3699 3260 3747 reversus,
3309 3697 3535 3738 vescen-

1949 3776 2097 3830 tibus
2161 3777 2502 3831 messoribus
2557 3775 2839 3839 interfuit,
2887 3789 3063 3844 neque
3092 3773 3346 3843 cuiquam
3381 3773 3531 3842 quod

1949 3865 2225 3920 acciderat
2252 3865 2598 3936 significavit.
2624 3867 2903 3921 Caeterum
2930 3865 3062 3918 illud
3094 3864 3234 3918 idem
3265 3864 3530 3934 propheta

1949 3957 2244 4027 cognovit:
2279 3956 2430 4011 brevi
2469 3957 2733 4026 populum
2783 3971 2814 4010 e
2857 3954 3160 4025 Babylonia
3198 3955 3252 4008 in
3283 3952 3529 4009 Judatam

1951 4047 2278 4103 rediturum.
2319 4047 2462 4113 Quin
2505 4054 2558 4102 et
2599 4046 2741 4116 signi
2787 4046 2909 4100 loco
2940 4054 3254 4116 portentum
3298 4046 3386 4113 iis,
3429 4045 3529 4116 qui

1949 4138 2190 4194 Judzeam
2226 4138 2564 4205 incolebant,
2601 4137 2946 4193 denuntiavit
2982 4155 2996 4192 :
3032 4137 3250 4192 visuros
3283 4137 3407 4192 illos
3432 4137 3531 4191 ali-

1952 4228 2172 4301 quando
2204 4230 2380 4286 lucem
2406 4230 2704 4299 ingentem,
2728 4244 2850 4300 qua:
2875 4228 2928 4283 in
2958 4229 3162 4300 templo
3188 4229 3518 4288 colluceret.

1955 4330 2122 4391 atque
2156 4320 2261 4374 hoc
2282 4327 2444 4390 pacto
2469 4317 2562 4374 Dei
2592 4319 2820 4390 gloriam
2851 4327 3247 4389 οοηειιεριιιτος
3275 4331 3419 4372 esse.
3453 4317 3532 4370 Ad

1957 4410 2072 4465 haec
2125 4408 2192 4464 de
2244 4407 2428 4478 templi
2493 4407 2643 4464 exitu
2705 4423 2769 4462 ac
2827 4407 2932 4463 fine
2997 4406 3331 4461 vaticinatus
3401 4415 3531 4474 est;

1955 4517 2152 4572 nempe
2204 4501 2274 4556 ab
2324 4499 2652 4555 occidentali
2709 4500 2911 4571 populo
2976 4499 3534 4573 Ilierosolymitanum

1961 4593 2221 4664 templum
2248 4593 2490 4648 excisum
2525 4592 2608 4646 iri.
2650 4589 2828 4654 'l‘unc,
2864 4592 3063 4660 inquit,
3088 4593 3366 4648 interioris
3387 4591 3536 4661 adyti

1956 4685 2134 4740 velum
2177 4683 2317 4740 duas
2341 4685 2394 4736 in
2423 4691 2608 4752 partes
2637 4681 2943 4746 scindetur,
2981 4695 3034 4736 et
3065 4683 3226 4736 ambo
3263 4683 3538 4735 columna-

1950 4791 2073 4831 rum
2105 4774 2353 4845 capitella
2387 4773 2741 4828 detrahentur
2766 4813 2782 4838 ,
2833 4787 2933 4827 nec
2964 4773 3053 4826 ubi
3095 4773 3205 4827 sint
3245 4773 3536 4841 quisquam

1955 4875 2273 4938 cognoscet.
2313 4864 2388 4920 Ea
2415 4880 2547 4920 vero
2575 4880 2671 4934 per
2699 4863 2925 4935 angelos
2954 4862 3237 4918 desertum
3275 4863 3329 4916 in
3359 4863 3536 4916 locum

1960 4957 2444 5028 deportahuntur,
2479 4957 2569 5013 ubi
2617 4956 3032 5013 tabernaculum
3084 4954 3384 5011 testimonii
3430 4967 3536 5008 non

1961 5049 2038 5103 ita
2088 5047 2298 5120 pridem
2345 5056 2698 5105 exstructum
2749 5060 2852 5104 est.
2897 5054 3076 5119 Atque
3119 5049 3172 5102 in
3215 5046 3405 5102 iisdem
3445 5059 3544 5116 po-

1961 5151 2168 5195 stremo
2206 5151 2572 5212 cognoscetur
2613 5142 2898 5204 Dominus,
2937 5139 3376 5212 quandoquidem
3419 5153 3537 5202 eos,

1961 5249 2101 5303 quos
2147 5249 2373 5303 serpens
2422 5234 2764 5305 insequatur,
2818 5251 2925 5289 non
2976 5247 3137 5288 secus
3191 5242 3354 5301 atque.
3403 5229 3536 5284 olim

1964 5326 2392 5389 collustrabunt,
2445 5332 2501 5381 et
2547 5341 2644 5381 eos
2701 5326 2853 5397 ipsos
2908 5323 3176 5379 Dominus
3225 5337 3293 5377 ex
3349 5320 3538 5376 umbra

2036 5479 2150 5548 (45)
2186 5481 2294 5546 Γρ.
2327 5478 2438 5548 ἀπὸ
2470 5477 2691 5535 ἰεσὸεί.

2031 5546 2143 5620 UO)
2179 5551 2283 5614 Γρ.
2316 5547 2646 5620 ὑψηλότερον
2671 5556 2726 5606 οι
2752 5546 2938 5619 μέρος.

2030 5619 2142 5688 (47)
2184 5621 2286 5685 Γρ.
2321 5617 2598 5691 Βιδξεχάρ.

2029 5687 2146 5762 (ιδ)
2181 5691 2286 5759 Γρ.
2315 5687 2496 5758 τάχει.
