3948 6196
292 206 372 266 113
1312 230 1514 291 LIBER
1558 236 1643 292 DE
1683 235 1866 298 VlTlS
1907 242 2451 314 PROPHETAHUM.

3397 279 3505 339 ΕΜ

289 331 447 398 λῶνος,
468 333 705 392 τίκτεται
734 338 792 394 ἐν
818 341 967 411 Σοφᾶ
987 343 1100 416 (56)
1122 347 1178 400 ἐν
1207 351 1275 421 γῇ
1304 352 1608 421 Ζαϐουλὼν,
1639 359 1731 412 καὶ
1749 359 1805 413 ετ

289 426 384 456 ..ιη
408 424 475 456 Β...
501 427 663 456 ..-Ἰιη
698 431 809 456 or-..
835 433 987 456 ¢_-,__.
1013 437 1118 456 ινα-ι
1171 440 1216 456 π
1248 441 1294 456 μ
1321 441 1332 456 .
1379 444 1419 456 μ
1648 451 1659 456 -

1932 375 1984 456 et
2008 366 2182 424 adlmc
2209 371 2429 441 juvenis
2475 378 2592 434 vita:
2621 379 2929 452 integritate
2957 393 3366 452 commendatus
3394 411 3499 456 est.
3609 369 3614 373 ’

287 426 384 491 νέος
407 424 475 479 ὢν
501 427 663 483 καλὸν
694 431 810 501 βίον
832 433 988 506 ἔσχεν
1010 437 1142 508 (57).
1171 440 1345 496 Πολλὰ
1373 444 1430 498 δέ
1457 451 1827 520 προεφήτευσε

285 516 392 610 περὶ
410 535 503 610 της
533 520 628 572 τοῦ
658 523 864 594 Κυρίου
887 526 1179 599 ἐπιδημίας
1205 532 1299 586 καὶ
1323 536 1451 608 περὶ
1478 516 1710 610 κρίσειος
1740 560 1827 597 νε-

283 608 425 677 κρῶν,
452 609 531 662 ὅτι
561 611 631 664 τὰ
651 612 746 685 ἔθη
777 616 1056 682 Μωῦσέως
1078 608 1529 696 πληρωθήσονται
1553 631 1648 684 καὶ
1667 632 1830 689 ἀλλα-

279 700 528 769 γήσονται.
549 703 660 756 Καὶ
682 705 869 778 ἐπειδὴ
893 712 998 774 πᾶς
1029 711 1056 762 6
1085 713 1211 778 λαὸς
1226 716 1388 789 ἐτίμα
1402 721 1562 775 αὐτὸν
1587 722 1661 788 ὡς
1683 725 1827 780 ὅσιον

279 791 356 887 καὶ
381 793 585 887 πρᾶονὶ
612 795 840 851 ἐκάλεσε
885 800 1000 871 (58)
1043 804 1360 877 Μαλαχίαν,
1401 811 1430 864 ὃ
1467 813 1826 887 ἑρμηνεύεται

277 880 542 976 ἀπελοςέ
557 881 624 957 ἦν
644 889 752 961 γὰρ
783 890 862 962 τῷ
881 894 1008 947 ετδει
1033 895 1172 950 πάνυ
1199 880 1626 976 εύπρεπήςίῑίθί.
1663 908 1824 964 Ἀλλὰ

275 973 352 1070 καὶ
374 975 464 1026 ὅσα
489 972 644 1070 εἶπεν
680 980 844 1044 αὐτὸς
875 984 932 1070 ἐν
973 988 1301 1060 προφητείᾳ,
1348 972 1594 1066 αὐτῇτῇ
1640 996 1824 1070 ἡμέρᾳ

271 1059 474 1129 ἄγγελος
533 1064 721 1134 ὀφθεὶς
768 1068 1201 1143 ἐπεδευτέρωσεν
1257 1059 1420 1133 αὑτοῦ
1460 1059 1825 1157 προφη-

269 1151 426 1217 τείαν,
493 1154 684 1229 ὥσπερ
739 1160 832 1214 καὶ
881 1162 1100 1230 ἐγένετο
1151 1166 1210 1220 ἐν
1267 1173 1384 1234 ταῖς
1430 1151 1669 1244 ἡμέραις

265 1241 522 1314 ἀναρχίας,
557 1247 635 1311 ὡς
665 1250 976 1322 γέγραπται
1016 1256 1074 1308 ἐν
1100 1256 1395 1330 Σχοφθεὶμ,
1429 1241 1726 1332 τουτέστιν,
1763 1241 1820 1323 ἐν

265 1333 410 1407 βίϐλῳ
434 1338 670 1408 Κριτῶν.
699 1341 837 1405 Νέος
865 1343 923 1396 δὲ
967 1343 1042 1399 ὢν
1068 1348 1096 1399 6
1122 1351 1404 1424 προφήτης
1439 1354 1694 1418 ἀπέοανε,
1725 1358 1818 1412 καὶ

261 1429 540 1499 προσετέοη
578 1433 714 1503 πρὸς
758 1434 885 1498 τοὺς
927 1437 1171 1508 πατέρας
1217 1441 1384 1494 αὑτοῦ
1435 1445 1492 1498 ἐν
1548 1446 1626 1516 τῷ
1663 1449 1819 1522 ἀγρῷ

260 1518 405 1572 αὑτοῦ
433 1519 566 1591 (60).

269 1630 316 1682 Ὀ
336 1632 464 1699 ,ϐίος
491 1635 600 1689 τοῦ
631 1639 931 1708 Ζαχαρίου
964 1643 1295 1714 προφήτου,
1321 1645 1421 1700 καί
1453 1650 1570 1706 ποῦ
1605 1651 1810 1708 κεῖται.

318 1745 430 1798 ΚΡ.
459 1748 743 1820 Ζαχαρίας
763 1752 922 1817 ἄλλος
960 1758 1250 1828 προφήτης
1281 1760 1374 1813 καὶ
1412 1761 1608 1833 ἱερεύς.
1644 1757 1814 1830 οὗτος

255 1829 312 1905 ἢν
337 1837 444 1901 υίὸς
490 1840 673 1895 Ἰωδαέ
720 1843 814 1896 τοῦ
861 1844 1071 1916 ἱερέως,
1114 1851 1298 1922 πατὴρ
1335 1851 1392 1905 δέ
1439 1829 1684 1909 ’ίωάννου
1718 1829 1812 1911 τού

254 1925 560 1985 Βαπτιστοῦ.
596 1933 796 1988 Τοῦτον
830 1937 1150 1993 ἀπέκτεινεν
1194 1941 1440 2016 Ἡρώδης
1481 1947 1510 1998 6
1537 1946 1808 2015 βασιλεὺς,

252 2018 455 2089 ἐχόμενα
510 2021 899 2098 Θυσιαστηρίου
952 2030 1173 2084 καὶτοῦ
1220 2031 1370 2087 οίκου
1408 2036 1651 2107 Κυρίου,
1725 2038 1813 2103 ἐξ-

250 2112 410 2180 εχέετο
439 2114 504 2167 τὸ
536 2109 675 2186 αἷμα
708 2118 871 2172 αὐτοῦ
902 2121 981 2185 είς
1027 2121 1097 2176 τὰ
1122 2123 1370 2196 πρόθυρα
1412 2125 1504 2178 τοῦ
1531 2126 1658 2179 ναοῦ
1699 2129 1813 2182 Κυ-

251 2204 367 2274 ρίου.
405 2199 578 2272 Οὗτος
619 2204 688 2281 ἦν
725 2211 784 2278 ἐξ
843 2212 1198 2288 Ἰερουσαλὴμ
1241 2216 1299 2284 ἐξ
1338 2217 1487 2272 οίκου
1529 2219 1807 2286 Δαὸὶδ..-..,

249 2295 336 2348 ἀνὰ
362 2299 524 2368 μέσον
550 2299 691 2371 ἐλὰμ
715 2303 772 2354 ἐν
794 2303 928 2375 οἴκῳ
951 2306 1179 2378 Κυρίου.
1211 2303 1380 2374 Οὗτος
1408 2314 1810 2384 προεφήτευσεν

247 2390 356 2460 περὶ
382 2391 593 2462 Κυρίου
627 2397 957 2468 γεννήσεως.
1004 2398 1154 2453 Ἐκεῖ
1191 2397 1284 2455 οὖν
1319 2403 1482 2457 αὐτὸν
1516 2404 1721 2475 ἔθαψαν
1751 2409 1809 2460 ἐν

247 2479 358 2554 οἴκῳ
407 2485 654 2556 Κυρίου,
714 2488 948 2558 ἐχόμενα
1002 2489 1133 2545 ναοῦ
1199 2494 1428 2566 Κυρίου.
1512 2497 1606 2550 Ἐκ
1685 2497 1808 2550 τότε

244 2571 498 2640 ἐγίγνοντο
531 2576 734 2648 τέρατα
765 2579 934 2634 πολλὰ
959 2581 1017 2635 ἐν
1048 2582 1128 2654 τῷ
1170 2584 1314 2655 ναῷ,
1353 2586 1448 2639 καὶ
1492 2588 1804 2657 φαντασίαι,

244 2665 321 2716 καὶ
348 2666 440 2718 οὐκ
468 2667 660 2736 ῑσχυον
688 2670 735 2721 oi
773 2670 939 2742 ἱερεῖς
964 2671 1089 2727 ἰδεῖν
1117 2673 1217 2726 οὐκ
1241 2674 1322 2727 ἐτι
1347 2675 1609 2741 ὀπτασίαν
1642 2678 1808 2747 ἀγγέ-

241 2754 349 2820 λων,
385 2758 510 2810 οὐδὲ
553 2758 738 2813 δοῦναι
771 2764 1054 2832 χρησμοὺς
1085 2763 1164 2835 τῷ
1201 2764 1316 2836 λαῷ
1363 2766 1428 2820 ἐκ
1459 2766 1551 2820 τοῦ
1595 2767 1802 2840 δαϐεὶρ,

242 2845 342 2899 οὔτε
365 2850 642 2921 ἐρωτῆσαι
664 2854 722 2905 ἐν
749 2853 826 2923 τῷ
849 2855 1032 2923 ἐφοὺδ,
1061 2856 1184 2910 οὔτε
1212 2857 1302 2911 διὰ
1332 2858 1439 2912 τῶν
1460 2859 1634 2929 δήλων
1666 2860 1805 2913 ἁπο-

241 2937 496 3009 κριϐῆναι,
533 2941 723 3017 ὥσπερ
757 2945 817 2997 τὸ
853 2945 1002 3017 πρὶν,
1048 2947 1153 3011 ἕως
1183 2948 1284 3018 τῆς
1326 2950 1541 3022 ἡμέρας
1573 2953 1800 3024 ταύτης.

249 3048 294 3099 '0
325 3052 458 3120 βίος
497 3055 605 3109 τοῦ
645 3057 891 3125 Συμεὼν
921 3060 1256 3131 προφήτου,
1307 3063 1408 3117 καὶ
1439 3064 1557 3119 ποῦ
1590 3065 1796 3121 κεῖται.
1826 3046 1871 3107 C

298 3165 409 3218 KA'.
444 3167 678 3238 Συμεὼν
708 3169 735 3222 ὁ
761 3170 958 3241 ἱερεύς.
978 3167 1146 3236 Οὗτος
1168 3170 1237 3244 ἦν
1263 3174 1327 3227 ἐκ
1352 3175 1525 3246 φυλῆς
1565 3177 1795 3250 Ἀαρών.

239 3246 386 3318 υῦτος
416 3257 834 3328 ἐχρηματίσθη
868 3261 988 3315 ὑπὸ
1015 3263 1362 3332 Πνεῦματος
1388 3265 1560 3332 ἁγίου
1581 3246 1689 3319 toi}
1707 3266 1795 3334 μὴ

237 3344 368 3398 ἰδεῖν
401 3349 700 3415 θάνατον,
719 3351 831 3418 ἕως
867 3352 943 3407 ἂν
982 3353 1082 3422 ιδῃ
1131 3355 1240 3408 τὸν
1282 3357 1542 3424 Χριστὸν
1579 3359 1799 3425 Κύριον

239 3435 286 3484 ἐν
317 3441 495 3510 σαρκί.
525 3436 693 3505 Οὗτος
730 3444 998 3497 ἐϐάστασε
1041 3446 1132 3499 τὸν
1162 3445 1367 3518 Κύριον
1399 3448 1458 3500 ἐν
1485 3451 1608 3512 ταῖς
1639 3449 1796 3513 ίδίαις

237 3525 512 3592 ἀγκάλαις,
557 3531 653 3583 καὶ
682 3531 900 3596 ἐδόξασε
944 3533 1036 3588 τὸν
1084 3535 1238 3599 Θεὸν,
1279 3535 1483 3589 εἰπών’
1523 3533 1702 3590 Εἶδον
1741 3541 1796 3592 οἱ

239 3616 520 3689 {Malunt
557 3639 678 3690 μου
723 3623 788 3676 τὸ
834 3625 1132 3693 σωτήριόν
1176 3644 1312 3681 σου.
1347 3628 1478 3681 Νῦν
1508 3628 1797 3695 ἀπολύεις

234 3706 328 3761 τὸν
346 3711 574 3767 δοῦλόν
601 3729 740 3781 σου,
773 3717 1064 3778 Δέσποτα.
1098 3718 1249 3771 κατὰ
1273 3718 1340 3772 τὸ
1365 3718 1532 3788 ῥῆμά
1554 3733 1693 3782 σου,
1726 3719 1798 3773 ἐν

233 3800 443 3872 εἰρήνῃ.
493 3805 756 3860 ’Δπέθανε
795 3808 853 3860 δὲ
884 3809 979 3862 καὶ
1006 3810 1178 3880 ἐτάφη
1203 3809 1426 3880 πλησίον
1445 3809 1553 3863 τῶν
1586 3809 1792 3882 ίερέων,

233 3896 556 3966 πρεσϐύτης,
587 3899 802 3970 πλήρης
831 3901 1072 3971 ἡμερῶν.

304 4005 354 4057 Ὀ
384 4009 531 4074 βίος
569 4008 849 4064 Ἰωάννου
883 4009 1214 4080 προφήτου,
1240 4009 1338 4063 καὶ
1369 4009 1486 4063 ποῦ
1517 4009 1724 4064 κεῖται.

295 4115 415 4169 κε’.
462 4118 718 4190 ’ῐακὶννης
764 4122 792 4173 6
837 4120 1168 4191 Βαπτιστὴς,
1230 4120 1345 4183 υἱὸς
1383 4118 1652 4190 Ζαχαρίου
1704 4121 1798 4174 καὶ

244 4204 531 4263 Ἑλισάϐετ.
555 4206 720 4274 Οὗτος
754 4206 821 4282 ἦν
851 4214 913 4264 ἐκ
938 4211 1107 4282 φυλῆς
1144 4211 1297 4264 Λευΐ.
1342 4206 1506 4275 Οὗτος
1527 4212 1796 4277 ἐδήλωσεν

1933 455 2100 556 Dialia
2131 461 2198 558 de
2233 464 2467 522 adventu
2504 469 2718 527 Domini
2771 475 2947 546 deque
2979 491 3316 540 mortuorum
3353 488 3503 558 judi-

1929 547 2017 601 cio
2039 550 2367 608 vaticinatus
2387 566 2471 612 est
2505 579 2517 614 :
2548 563 2798 631 praedixit
2827 565 3131 636 implendos
3157 547 3499 632 commutan-

1928 638 2136 710 dosque
2167 642 2333 702 Mosis
2365 648 2503 704 ritus
2525 665 2588 705 ac
2613 656 2984 713 caeremonias.
3017 658 3082 712 Et
3111 666 3366 731 quoniam
3391 670 3500 724 vel-

1933 736 1992 781 ut
2039 745 2272 823 sanctus
2304 745 2358 791 et
2399 751 2718 798 mansuetus
2750 745 2812 798 in-
2836 746 3038 804 honore
3067 753 3208 822 apud
3240 759 3496 826 p0pulum

1927 815 2582 892 liabebatur,'lllalaehias
2620 835 2688 890 ab
2735 851 2800 891 eo
2846 853 3068 898 vocatus
3101 815 3370 913 esu-hoc
3413 860 3496 905 est

1929 915 2170 983 angelus.
2215 918 2339 973 Fuit
2369 923 2513 977 enim
2576 926 2630 979 in
2664 929 2856 998 primis
2919 933 3118 988 decora
3169 945 3221 992 et
3270 951 3493 996 venusta

1925 1007 2173 1076 corporis
2216 1011 2418 1080 specie.
2465 1013 2571 1070 Sed
2620 1025 2674 1074 et
2711 1020 2972 1092 quidquid
3018 1025 3107 1081 ille.
3150 1029 3496 1086 vaticinando

1925 1095 2160 1162 dixerat,
2208 1101 2396 1156 eadem
2466 1104 2556 1160 die
2601 1110 2824 1178 angelus
2867 1127 3132 1184 apparens
3169 1120 3496 1190 interpreta—

1922 1185 2072 1240 tione
2129 1202 2226 1241 sua
2283 1189 2646 1250 declarabat:
2689 1203 3141 1268 quemadmodum
3202 1185 3492 1282 interregni

1923 1281 2169 1346 tempore
2196 1281 2443 1353 contigit,
2479 1300 2604 1340 cum
2663 1290 2846 1346 nullus
2873 1293 3012 1362 apud
3043 1293 3312 1353 lsraelitas
3340 1302 3493 1368 prin-

1919 1381 2048 1435 ceps
2077 1376 2251 1436 esset;
2277 1373 2420 1441 quod
2452 1373 2505 1428 in
2537 1376 2676 1431 libro
2705 1376 3076 1450 Schophetim,
3108 1384 3210 1440 hoc
3238 1397 3320 1442 est
3343 1387 3495 1442 Judi-

1919 1471 2040 1510 cum
2081 1459 2328 1529 legimus.
2390 1462 2536 1519 Obiit
2573 1467 2662 1523 ille
2691 1469 2911 1538 juvenis
2954 1473 3152 1541 adhuc,
3187 1487 3237 1531 et
3272 1479 3326 1531 in
3363 1494 3495 1550 agro

1918 1564 2018 1606 suo
2047 1551 2115 1606 ad
2151 1554 2388 1624 majores
2423 1573 2552 1615 suos
2579 1564 2861 1632 appositus
2884 1573 2989 1621 est.

1918 1662 2153 1718 Alterius
2174 1663 2456 1723 Zacharia:
2474 1673 2740 1742 prop/cette
2774 1677 2903 1744 vita,
2935 1687 2985 1733 et
3009 1682 3292 1749 sepulturae
3326 1684 3492 1741 locus.

1989 1772 2170 1831 XXIII.
2187 1775 2483 1836 Zacharias
2504 1783 2640 1838 alter
2654 1787 2937 1856 propheta,
2967 1793 3266 1848 sacerdotis
3291 1793 3494 1851 Joiadaz

1915 1864 2079 1932 titius,
2119 1866 2348 1926 Joannis
2382 1871 2640 1942 Baptista:
2682 1887 2836 1947 pater
2880 1879 3001 1934 fuit.
3048 1881 3203 1938 Hunc
3251 1884 3493 1942 Herodes

1912 1959 2192 2016 interfecit
2244 1965 2386 2020 inter
2417 1968 2590 2022 altare
2616 1980 2668 2023 et
2715 1970 2938 2025 domum
2997 1971 3231 2038 Domini,
3265 1975 3398 2030 adeo
3430 1985 3491 2030 ut

1913 2049 1968 2106 iu
2010 2053 2282 2108 vestibulo
2325 2057 2509 2125 templi
2561 2058 2681 2128 ejus
2732 2060 3054 2116 funderetur
3095 2078 3280 2119 cruor.
3323 2064 3489 2121 Ortus

1911 2138 2003 2193 hic
2037 2151 2161 2196 erat
2197 2141 2596 2216 Hierosolymis
2624 2163 2654 2202 e
2689 2147 2854 2204 domo
2899 2149 3160 2206 David....
3205 2153 3258 2206 in
3308 2155 3485 2209 media

1909 2229 2122 2298 porticu
2156 2230 2210 2286 in
2235 2231 2398 2288 domo
2430 2233 2666 2290 Domini.
2695 2237 2840 2293 Idem
2869 2238 2938 2294 de
2959 2239 3174 2295 Domini
3202 2243 3487 2299 nativitate

1911 2316 2239 2375 vaticinatus
2294 2328 2399 2377 est.
2463 2321 2606 2394 Ergo
2641 2325 2752 2380 illic
2787 2327 2840 2380 in
2884 2328 3047 2382 domo
3080 2328 3288 2384 Domini
3315 2328 3514 2401 prope-

1909 2406 2171 2477 templum
2216 2417 2300 2464 est
2350 2412 2784 2480 sepultus.‘Quo
2826 2432 2893 2470 ex
2939 2427 3181 2486 tempore
3223 2421 3390 2472 multa
3431 2421 3487 2474 in

1909 2497 2113 2566 templo
2136 2507 2388 2567 portenta
2422 2516 2487 2556 ac
2533 2503 2648 2557 visa
2700 2506 3069 2574 contigerunt.
3117 2506 3303 2576 Neque
3340 2509 3488 2562 enim

1907 2588 2139 2655 amplius
2161 2591 2477 2648 sacerdotes
2517 2602 2767 2664 poterant
2813 2607 2906 2651 aut
2948 2607 3273 2667 apparentes
3323 2614 3490 2670 ange-

1905 2676 1990 2731 los
2019 2693 2265 2747 cernere,
2293 2690 2388 2735 aut
2423 2697 2489 2736 ex
2541 2685 2704 2754 adyto
2759 2699 3022 2755 reSponsa
3070 2689 3270 2758 populo
3319 2689 3485 2755 dare,

1904 2784 2082 2838 neque
2110 2787 2206 2841 per
2237 2772 2417 2841 epltod
2449 2774 2807 2842 interrogare,
2865 2792 3041 2846 neque
3083 2794 3180 2846 per
3224 2780 3364 2834 urim
3394 2795 3485 2835 re-

1903 2860 2194 2928 spondere,
2230 2871 2288 2916 ut
2343 2873 2505 2919 antea
2558 2874 2960 2924 consueverant
3025 2869 3096 2922 ad
3159 2869 3486 2925 hodiernum

1907 2967 2079 3021 usque
2108 2952 2278 3008 diem.

2043 3065 2307 3121 Simeouis
2356 3066 2621 3136 prop/tela:
2649 3069 2775 3132 vita,
2804 3077 2854 3123 et
2877 3070 3160 3139 sepultura:
3188 3073 3352 3126 locus.

1973 3177 2165 3233 XXIV.
2227 3178 2448 3234 Simeon
2502 3179 2761 3237 sacerdos
2804 3198 2868 3238 ex
2927 3183 3163 3239 Aaronis
3198 3185 3343 3240 tribu
3402 3203 3488 3240 rc-

1900 3285 2150 3339 sponsum
2206 3273 2404 3341 accepit
2441 3289 2472 3324 a
2505 3272 2708 3341 Spiritu
2741 3283 2944 3340 sancto,
2993 3291 3095 3329 non
3148 3277 3382 3330 visurum
3433 3296 3488 3332 se

1900 3374 2142 3430 mortem,
2217 3365 2380 3418 donec
2447 3364 2640 3419 videret
2714 3366 2985 3420 Christum
3071 3367 3354 3423 Dominum
3429 3371 3490 3436 in

1899 3470 2067 3511 carne
2109 3457 2148 3509 ‘.
2216 3455 2315 3511 llic
2340 3466 2421 3512 est
2450 3462 2540 3527 qui
2581 3458 2866 3512 Dominum
2901 3463 3017 3516 suis
3055 3461 3196 3517 uluis
3230 3460 3483 3532 gestavit,

1898 3562 1962 3602 ac
2012 3547 2178 3603 Deum
2235 3550 2559 3619 gloriticavit
2609 3552 2798 3606 dicens
2836 3567 2850 3604 :
2885 3551 3142 3606 Viderunt
3195 3553 3336 3607 oculi
3385 3559 3484 3610 mei

1896 3641 2134 3695 salutare
2165 3649 2332 3692 tuum.
2367 3640 2522 3695 Nunc.
2545 3641 2766 3696 dimitlis
2798 3660 3000 3697 servum
3037 3653 3206 3707 tuum,
3237 3644 3479 3707 Domine.

1905 3736 2192 3788 secundum
2235 3733 2444 3786 uerbum
2496 3744 2638 3787 tuum
2670 3736 2722 3788 in
2748 3751 2875 3804 pace
2904 3737 2945 3788 ί.
2988 3734 3234 3790 Mortuus
3265 3735 3482 3789 domum

1907 3838 2076 3893 pmpe
2110 3821 2424 3876 sacerdotes
2446 3823 2736 3876 admodum
2762 3840 2930 3879 senex
2967 3838 3030 3879 ac
3055 3825 3250 3894 plenus
3274 3823 3483 3879 dierum

1899 3913 2149 3980 sepultus
2177 3919 2280 3964 est.

2047 4021 2166 4076 Vita
2199 4023 2424 4076 Joannis
2456 4025 2742 4094 prophetat,
2775 4036 2824 4078 et
2861 4025 3146 4094 sepultura:
3168 4027 3336 4081 locus.

1974 4134 2144 4190 XXV.
2192 4135 2432 4193 Joannes
2484 4137 2728 4206 Baptista
2771 4138 3045 4194 Zachariae
3092 4147 3145 4194 et
3197 4138 3471 4194 Elisabetlt

1899 4229 2042 4284 ﬁlius
2071 4243 2138 4282 ex
2173 4228 2319 4282 tribu
2358 4227 2487 4284 Levi
2528 4229 2618 4284 ille
2668 4228 2804 4298 ipse,
2835 4230 2928 4300 qui
2961 4230 3171 4300 Agnum
3199 4229 3289 4284 Dei
3323 4230 3484 4286 nobis

230 4297 350 4366 ἡμῖν
375 4301 465 4355 τὸν
511 4302 704 4373 Ἀμνὺν
732 4301 824 4356 τοῦ
859 4302 1014 4367 Θεοῦ,
1047 4301 1138 4355 τὸν
1160 4303 1286 4355 Υἱὸν
1313 4302 1406 4355 τοῦ
1442 4303 1674 4374 Πατρὸς,
1701 4303 1792 4357 τὸν

1919 4319 2164 4383 )stendit,
2198 4318 2396 4375 Filium
2438 4319 2616 4376 Patris
2661 4297 2866 4376 mundi
2903 4297 3128 4390 peccata
3179 4322 3479 4377 tollentem.

233 4390 438 4458 αἴροντα
487 4393 574 4445 τοῦ
622 4395 830 4465 κόσμου
871 4395 969 4466 τὴν
1020 4394 1313 4467 ἁμαρτίαν.
1372 4387 1540 4457 Οὗτος
1595 4395 1798 4459 εἴσοδος

1919 4411 2056 4464 Idem
2123 4379 2282 4465 nobis
2327 4410 2474 4465 velut
2518 4412 2699 4466 aditus
2752 4412 2973 4482 quidam
3031 4413 3181 4482 regni
3247 4413 3486 4467 cwlestis

230 4479 349 4546 ἡμῖν
384 4482 598 4549 ἐγένετο
626 4484 725 4554 τῆς
757 4482 852 4535 τοῦ
890 4482 1023 4536 Θεοῦ
1071 4483 1364 4554 βασιλείας.
1426 4483 1636 4551 Οὐδεὶς
1688 4487 1798 4555 γὰρ

230 4565 291 4616 ἐν
340 4570 646 4638 γεννητοῖς
711 4571 1014 4641 γυναικῶν
1069 4572 1284 4643 μείζων
1352 4572 1624 4627 Ἰωάννου
1688 4574 1795 4628 τοῦ

233 4657 581 4718 Bastarna}.
604 4647 906 4718 Ἆπὲθανεν
926 4665 980 4718 δέ
1001 4665 1301 4736 τμηθείσης
1328 4665 1425 4736 τῆς
1443 4665 1686 4736 κεφαλῆς
1713 4665 1800 4720 διὰ

243 4747 532 4819 Ἡρωδιάδα
558 4755 657 4825 τὴν
681 4760 910 4822 γυναῖκα
936 4757 1204 4811 Φιλίππου
1231 4756 1322 4811 τοῦ
1345 4756 1573 4827 ἀδελφοῦ
1608 4757 1795 4814 αὐτοῦ.

854 4848 1184 4918 Ἐπίλογος.

295 4930 400 4985 Καὶ⁵
455 4934 598 4989 ἄλλοι
651 4939 928 5008 προφῆται
986 4937 1253 5008 ἐγένοντο,
1315 4931 1390 4992 ὧν
1440 4938 1505 4992 τὰ
1552 4939 1798 5010 ὀνόματα

234 5017 591 5094 ἐγγέγραπται
616 5028 672 5080 ἐν
701 5030 821 5092 ταῖς
856 5029 1035 5082 αὐτῶν
1070 5032 1282 5098 γενεαῖς
1313 5030 1370 5082 ἐν
1402 5029 1570 5101 βίϐλῳ
1597 5031 1797 5101 ὀνομά-

231 5101 330 5164 όν
366 5113 600 5188 Ἰσραὴλ,
624 5110 702 5171 ὧν
731 5118 832 5171 οὐκ
857 5119 1360 5191 ἐμνημονεύσαμεν.

301 5357 318 5387 ⁸
352 5357 486 5414 Luc.
515 5377 571 5426 tt,
601 5361 695 5418 26.
771 5365 792 5395 ⁸
833 5364 964 5420 ibid.
997 5365 1086 5428 ΞΕ),
1116 5366 1205 5422 50.
1283 5365 1304 5397 ³
1340 5365 1472 5421 LUC.
1517 5381 1612 5433 νη,
1652 5365 1742 5420 28.

296 5511 412 5586 (ἔξ)
453 5513 544 5586 Ερ·
574 5516 754 5586 ξυκᾶο

297 5580 414 5654 eo
448 5583 540 5654 rp.
582 5580 696 5654 εἶχὲ
729 5586 893 5644 πάνυ.

298 5591 389 5644 (57
448 5591 540 5636 I‘..
582 5591 695 5654 εἶχε
729 5591 893 5644 πάνυ.

298 5591 417 5718 (58$
578 5653 842 5710 ἐκάλεσαν
873 5657 1050 5713 αὐτόν.

1905 4502 2139 4556 exstitit.
2195 4499 2394 4554 Nullus
2423 4503 2561 4555 enim
2608 4504 2746 4556 inter
2779 4511 2932 4558 natos
2980 4503 3259 4557 mulierum
3312 4503 3486 4572 major

1905 4589 2115 4644 Joanne
2139 4590 2386 4659 Baptista
2415 4591 2456 4644 '.
2482 4590 2630 4646 Obiit
2653 4593 2831 4661 capite
2863 4601 3147 4647 truncatus
3174 4593 3241 4646 ab
3272 4590 3484 4646 Herode

1907 4693 2131 4754 propter
2153 4681 2512 4737 llerodiadent
2538 4681 2770 4753 Philippi
2796 4683 2983 4738 fratris
3009 4684 3155 4738 illius
3171 4682 3482 4752 coniugem.

2435 4839 2619 4908 Operis
2663 4841 2952 4898 conclusio.

1976 4930 2177 4986 Prmtcr
2204 4931 2326 4986 illos
2360 4939 2413 4988 et
2446 4934 2536 4987 alii
2569 4935 2791 5003 quidam
2825 4937 3152 4990 exstiterunt
3180 4934 3477 5005 prophetas,

1903 5039 2140 5094 quorum
2174 5024 2538 5082 nomiuasuis
2567 5027 2622 5080 in
2657 5029 2989 5100 genealogiis
3025 5029 3078 5083 in
3114 5030 3254 5083 libro
3300 5028 3478 5084 nomi-

1903 5131 2033 5170 num
2066 5113 2282 5170 lsraclis
2320 5117 2625 5189 perscripta
2663 5127 2812 5176 sunt.
2870 5122 3112 5186 Quorum
3145 5120 3474 5176 mentionem

1903 5221 2014 5262 non
2047 5204 2348 5275 attigimus.

1969 5518 2084 5604 ea
2119 5519 2256 5604 A318-
2285 5518 2437 5604 ειεξάίι
2464 5519 2558 5604 θεαὶ
2585 5518 2661 5604 τεῐ»
2694 5519 2836 5604 λξγφ
2864 5520 3176 5604 alueus
3230 5590 3272 5604 .,

1970 5586 2083 5669 (60)
2125 5586 2262 5669 Qui:
2301 5588 2570 5669 ’ᾼχγελος
2609 5586 2823 5669 xoptem):
2867 5586 3179 5669 ἐβεβαίωσε.
3230 5588 3336 5646 Καὶ
3385 5586 3467 5645 ἔτι

1902 5659 2019 5725 νιος
2045 5659 2451 5738 ὢν-ἐτελειώοη,
2489 5661 2580 5716 καὶ
2611 5659 2782 5731 ἐτάφη
2808 5661 2866 5715 ἐν
2887 5659 3058 5732 ἀγρῷ.
