3948 6196
260 226 359 282 ιιο

1549 219 1759 277 DUBIA
1802 217 1943 275 AUT
1982 212 2263 273 SPURIA.

3425 211 3529 269 ιεο

263 338 518 412 τουργίας
540 338 703 394 αὑτοῦ
732 340 1136 414 προηγόρευσεν
1164 339 1227 403 ἣν
1254 336 1468 407 ποιήσει
1490 337 1547 390 ἐν
1583 336 1845 408 Ὶερουσα·
1875 346 1917 399 Α
1948 334 2147 405 ἤρχετο
2186 332 2278 386 καὶ
2318 331 2377 385 τὸ
2431 328 2594 402 ὕδωρ.
2627 329 2789 385 Ὅθεν
2830 329 2937 396 ἕως
2979 329 3071 384 τοῦ
3127 331 3225 385 νῦν
3271 329 3530 397 αἰφνίδιον

262 434 399 505 λὴμ,
434 434 528 486 καὶ
571 434 860 504 εὐλόγησεν
903 431 1096 485 αὐτόν’
1143 431 1235 482 καὶ
1281 429 1409 501 περὶ
1432 429 1617 493 τέλους
1655 428 1845 493 ἐθνῶν,

268 524 359 577 καὶ
390 525 625 595 Ἰσραὴλ,
662 525 754 577 καὶ
780 523 872 575 τοῦ
898 520 1049 583 ναοῦ,
1082 521 1174 573 καὶ
1204 521 1401 592 ἀργίας
1436 522 1729 593 προφητῶν
1758 522 1851 573 καὶ

271 615 461 685 ἱερέων
509 616 931 684 προεφήτευσεν.
993 613 1336 668 ’Λπέκτεινεν
1388 613 1442 668 δὲ
1495 614 1656 667 αὑτὸν
1698 612 1850 675 Ἰωὰς

273 706 522 777 βασιλεὺς
550 706 717 758 Ἰούδα
766 703 968 775 μεταξῦ
995 705 1091 758 τοῦ
1126 707 1255 759 ναοῦ
1289 708 1382 761 καὶ
1429 706 1523 760 τοῦ
1561 707 1853 777 θυσιαστη-

274 797 406 866 ρίου,
437 794 800 864 παραινοῦντα
831 794 979 864 αύτῷ
1001 811 1056 846 τε
1079 797 1171 847 καὶ
1192 796 1267 866 τῷ
1294 796 1409 867 λαῴ
1434 796 1733 865 ἀπέχεσθαι
1755 798 1853 867 τῆς

271 883 522 946 ἀσεϐείας
554 885 646 936 καὶ
689 885 1038 955 ἐπιστρέφειν
1075 887 1209 958 πρὸς
1254 887 1422 941 Θεόν·
1462 891 1557 942 καὶ
1599 888 1854 951 λαϐόντες

269 974 431 1026 αὑτὸν
461 976 507 1026 οἱ
550 975 715 1044 ἱερεῖς
743 975 948 1043 ἔθαψαν
979 977 1119 1046 μετά
1149 977 1245 1030 τοῦ
1291 980 1493 1050 πατρὸς
1526 980 1714 1033 αὑτοῦ.
1745 980 1854 1032 Ka‘L

270 1065 377 1117 ἀπὸ
404 1067 523 1118 τότε
562 1068 801 1134 ἐγίνοντο
831 1068 1035 1138 τέρατά
1072 1086 1131 1121 τε
1168 1070 1227 1122 ἐν
1250 1069 1326 1139 τῷ
1362 1072 1475 1140 ναῷ
1520 1071 1690 1124 πολλὰ
1718 1089 1855 1141 φαν-

270 1158 526 1229 τασιὼδη.
557 1161 665 1213 Καὶ
689 1160 786 1212 οὑκ
821 1161 1004 1229 ἴσχυον
1032 1160 1080 1211 οἱ
1122 1162 1285 1232 ἱερεῖς
1318 1162 1444 1215 ἰδεῖν
1468 1163 1734 1217 ὀπτασίαν
1756 1164 1857 1231 ἀγ-

273 1251 443 1319 γέλων
464 1252 617 1317 Θεοῦ,
637 1251 755 1303 οὔτε
781 1251 962 1304 δοῦναι
986 1254 1266 1322 χρησμοὺς
1296 1256 1360 1307 ἐκ
1382 1254 1474 1308 τοῦ
1499 1255 1707 1325 Δαϐὴρ,
1732 1256 1855 1308 οῦτε

273 1340 358 1393 διά
383 1340 491 1393 τῶν
515 1341 685 1412 δήλων
720 1341 1084 1411 ἀποκριθῆναι
1106 1343 1162 1395 ἐν
1189 1343 1268 1413 τῷ
1297 1344 1412 1416 λαῷ
1446 1345 1521 1408 ὡς
1551 1346 1610 1399 τὸ
1635 1346 1783 1417 πρίν.

346 1436 468 1505 (ΙΕ’.
503 1436 775 1508 Ζαχαρίας
822 1432 985 1507 ἦλθεν
1012 1441 1075 1492 ἐκ
1102 1440 1205 1509 γῆς
1234 1439 1538 1503 Χαλδαίων,
1574 1439 1673 1511 ἤδη
1725 1458 1860 1512 προ-

274 1522 546 1593 6ε6ηκὼς,
568 1527 726 1577 κάκεῖ
755 1526 831 1596 τῷ
864 1527 977 1598 λαῷ
1008 1526 1177 1580 πολλά
1208 1530 1602 1600 προεφήτευσε,
1640 1531 1735 1583 καὶ
1773 1531 1860 1584 τὲ-

275 1634 414 1688 ρατα
444 1616 641 1669 ἔδωκεν
674 1621 752 1681 εἰς
776 1619 1066 1684 ἀπόδειξιν.
1100 1613 1267 1684 Οὗτος
1302 1616 1456 1675 εἶπεν
1486 1620 1562 1693 τῷ
1590 1621 1856 1687 Ἰωσεδὲκ,

1953 424 2231 496 ἐξέρχεται
2258 424 2318 476 τὸ
2342 422 2504 494 ὓδωρ,
2534 423 2619 476 ἴνα
2633 422 2816 494 δειχθῇ
2844 423 2904 476 τὸ
2933 423 3235 494 μυστήριον
3258 421 3351 475 τοῦ
3374 423 3530 478 Θεοῦ.

1954 520 2063 571 Καὶ
2110 518 2296 588 ἐπειδὴ
2324 516 2409 570 διὰ
2450 516 2543 569 τοῦ
2587 517 2810 569 Ἡσαΐου
2838 516 2996 569 τοῦτο
3033 515 3276 584 γέγονεν,
3318 516 3541 586 μνήμης

1954 609 2112 680 χάριν
2146 609 2237 662 καὶ
2279 610 2305 661 6
2337 608 2462 670 λαὸς
2492 607 2719 679 πλησίον
2748 608 2911 662 αὑτὸν
2953 607 3151 675 ἔθαψεν
3178 606 3426 672 ἐνδόξως,
3453 608 3539 659 ἵνα

1953 701 2040 754 διὰ
2088 700 2196 753 τῶν
2238 699 2411 769 εὐχῶν
2454 699 2615 751 αὑτοῦ
2660 699 2740 770 (ἱη
2776 714 2947 770 marg.
2989 698 3208 753 additur
3250 700 3345 751 καὶ
3401 699 3536 769 μετὰ

1956 792 2183 846 θάνατον
2228 790 2414 859 αὑτοῦ)
2455 790 2717 854 ὡσαύτως
2754 790 2949 861 ἔχωσιν
2988 790 3085 861 τὴν
3114 791 3413 843 ἀπόλαυσιν
3443 791 3536 845 τοῦ

1957 883 2167 948 ὓδατος,
2196 885 2277 936 ὅτι
2292 884 2539 954 χρησμὸς
2566 883 2719 953 ἐδόθη
2752 884 2936 945 αὑτοῖς
2956 899 3022 935 πε
3032 883 3085 953 ρί
3118 881 3326 936 τούτου.
3355 885 3539 936 Ἔστιν

1957 976 2013 1029 δὲ
2036 978 2064 1028 6
2090 977 2255 1043 τάφος
2280 976 2512 1044 ἐχόμενα
2542 975 2632 1027 τοῦ
2662 976 2834 1044 τάφου
2860 974 2968 1027 τῶν
2997 974 3279 1045 βασιλέων,
3317 975 3540 1029 ὄπισθεν

1956 1065 2050 1118 τοῦ
2088 1065 2258 1133 τάφου
2291 1065 2397 1117 τῶν
2440 1065 2630 1134 ἱερέων
2666 1067 2759 1117 ἐπὶ
2801 1065 2858 1116 τὸ
2906 1065 3070 1137 μέρος
3104 1064 3163 1117 τὸ
3199 1065 3333 1134 πρὸς
3363 1066 3537 1117 νότον.

1959 1154 2213 1225 Σολομὼν
2255 1154 2362 1225 γὰρ
2396 1156 2651 1225 ἐποίησεν
2683 1157 2809 1219 τοὺς
2850 1156 3054 1225 τάφους
3101 1155 3194 1208 τοῦ
3234 1156 3396 1208 Δαυῒδ
3423 1157 3538 1209 δια-

1959 1247 2267 1319 γράψαντος
2294 1248 2434 1301 κατά
2466 1248 2729 1311 ἀνατολὰς
2758 1248 2857 1318 τῆς
2888 1248 3172 1319 Σιὼν,ἥτις
3193 1248 3304 1319 ἔχει
3338 1250 3539 1304 εἴσοδον

1961 1340 2070 1393 ἀπὸ
2107 1339 2305 1394 Γαϐαὼ
2346 1339 2493 1410 (sic),
2542 1340 2779 1409 μήκοθεν
2808 1340 2910 1409 τῆς
2952 1340 3159 1403 πόλεως
3203 1340 3445 1405 σταδίους
3469 1350 3535 1395 κ’·

1962 1434 2056 1485 καὶ
2082 1433 2335 1503 ἐποίησεν
2359 1432 2575 1485 σκολιὰν
2596 1431 2843 1486 σύνθεσιν
2870 1432 3255 1503 ἀνυπονόητον,
3282 1440 3375 1486 καὶ
3398 1436 3541 1489 ἐστιν

1962 1524 2067 1587 ἓως
2095 1523 2189 1577 τοῦ
2222 1523 2317 1577 νῦν
2357 1528 2468 1587 τοῖς
2506 1524 2719 1587 πολλοῖς
2770 1526 3125 1595 ἀγνοουμένη.
3169 1525 3318 1578 Ἐκεῖ
3345 1523 3489 1597 εἶχεν
3514 1529 3542 1581 6

1966 1615 2217 1685 βασιλεὺς
2244 1614 2305 1668 τὸ
2327 1616 2548 1686 χρυσίον
2574 1615 2633 1667 τὸ
2656 1614 2714 1679 ἐξ
2735 1615 3020 1680 Αἰθιοπίας
3044 1617 3139 1668 καὶ
3159 1616 3224 1669 τὰ
3252 1617 3539 1688 ἀρώματα.

274 1709 354 1761 ὅτι
382 1710 632 1779 γεννήσει
659 1710 797 1774 υἱὸν,
834 1713 927 1764 καὶ
956 1714 1012 1765 ἐν
1055 1713 1180 1781 Ὶερ.
1212 1713 1537 1784 ἱερατεύσει.
1570 1707 1737 1777 Οὗτος
1766 1716 1857 1767 καὶ
1894 1697 1931 1749 Β
1965 1706 2071 1759 Καὶ
2117 1704 2305 1776 ἐπειδὴ
2350 1704 2598 1769 Ἐζεκίας
2636 1705 2835 1772 ἔδειξεν
2879 1709 2988 1768 τοῖς
3023 1705 3202 1759 έθνεσι
3243 1708 3301 1760 τὸ
3335 1698 3543 1782 μυστή-

272 1799 364 1852 τὸν
387 1800 655 1870 Σαλαθιήλ
693 1802 787 1853 ἐπὶ
833 1803 932 1871 υίῷ
963 1804 1256 1875 ηὑλόγησε,
1284 1808 1376 1858 καὶ
1401 1805 1462 1857 τὸ
1492 1805 1663 1875 ὄνομα
1695 1806 1857 1859 αὑτοῦ

275 1888 580 1958 Ζοροϐάϐελ
633 1890 866 1960 ἐπέθηκε
891 1909 903 1920 ·
942 1894 1034 1944 καλ⁸
1071 1894 1164 1945 ἐπὶ
1207 1893 1460 1964 Κύρου...
1501 1897 1715 1966 ποιήσει
1768 1897 1860 1948 ἐπὶ

288 1977 657 2048 Ἰερουσαλὴμ,
703 1980 795 2032 καί
836 1982 962 2051 περὶ
990 1982 1176 2048 τέλους
1206 1984 1399 2047 ἐθνῶν,
1439 1986 1531 2037 καὶ⁵
1563 1986 1861 2058 εὐλόγησεν

275 2069 436 2123 αὑτὸν
462 2070 684 2140 σφόδρα.
715 2072 795 2122 Τά
824 2071 881 2123 δέ
902 2072 999 2141 τῆς
1032 2075 1369 2143 προφητείας
1399 2072 1537 2129 εἶδεν
1562 2078 1621 2131 ἐν
1664 2079 1862 2149 Ἰερου-

277 2158 479 2229 σαλὴμ,
508 2162 600 2212 καὶ
633 2160 811 2232 [περὶ]
840 2161 935 2213 τοῦ
959 2162 1086 2215 ναοῦ
1116 2165 1207 2217 καὶ
1226 2165 1422 2236 ἀργίας
1446 2168 1739 2237 προφητῶν
1770 2170 1863 2222 καὶ

277 2251 488 2321 ἱερέων,
512 2253 605 2303 καὶ
648 2253 775 2323 περὶ
802 2254 993 2326 διπλῆς
1016 2256 1249 2325 κρίσεως
1276 2258 1488 2323 ἐξέθετο
1506 2260 1601 2328 (Ι).
1627 2263 1735 2313 Καὶ
1762 2264 1865 2315 ἀπ-

277 2341 470 2394 έθανεν
502 2345 561 2395 ἐν
592 2345 754 2414 γήρει
784 2347 949 2415 (corr.
993 2357 1078 2401 est
1113 2349 1280 2418 γήρα)
1330 2350 1526 2419 μακρῷ
1573 2352 1860 2416 ἐκλείπων,

276 2432 369 2483 καὶ
388 2432 563 2501 ἐτάφη
601 2434 864 2501 σύνεγγυς
891 2436 991 2488 τοῦ·
1015 2438 1317 2506 ’Λγγαίου.)

350 2523 446 2574 ΙΒ¹.
475 2524 758 2593 Μαλαχίας
782 2524 918 2593 μετὰ
942 2524 1038 2595 τὴν
1062 2526 1393 2597 ἐπιστροφὴν
1415 2529 1507 2581 τοῦ
1531 2528 1663 2582 λαοῦ
1686 2532 1865 2585 τίκτε-

276 2630 365 2665 ται
398 2614 453 2664 ἐν
484 2614 663 2682 Σωχᾶι,
689 2613 747 2676 ὃς
782 2615 898 2677 νέος
927 2614 1001 2667 ὢν
1038 2617 1154 2685 βίον
1189 2612 1333 2688 εἶχεν
1367 2620 1529 2673 καλὸν
1559 2621 1720 2676 πάνυ.
1755 2624 1865 2677 Καὶ

275 2704 466 2777 ἐπειδὴ
499 2707 606 2769 πᾶς
645 2708 673 2757 ὁ
701 2706 826 2769 λαὸς
865 2707 1028 2777 ἐτίμα
1077 2709 1239 2761 αὑτὸν
1269 2711 1343 2773 ὡς
1391 2712 1566 2780 ἅγιον,
1600 2714 1865 2767 ἐκάλεσαν

278 2796 437 2850 αὑτὸν
484 2795 791 2865 Μαλαχίαν,
826 2796 853 2847 ὅ
888 2798 1036 2854 ἐστιν
1063 2795 1339 2866 ἄγγελος.
1372 2795 1482 2853 Ἦν
1512 2800 1622 2872 γάρ
1658 2802 1750 2854 καὶ
1787 2802 1867 2873 τῷ

277 2888 405 2941 εἴδει
434 2886 716 2957 εὐπρεπὴς
748 2886 840 2939 καὶ
870 2884 947 2955 τῷ
976 2885 1120 2956 λόγῳ
1152 2887 1445 2958 πληρωτὴς
1474 2890 1708 2961 (corrige
1729 2891 1865 2963 πλη-

279 2978 471 3048 ρωθείς
486 2978 560 3047 ?)'
591 2979 692 3030 ὅσα
725 2976 834 3047 γὰρ
872 2973 1024 3030 εἶπεν
1051 2979 1236 3041 αὐτοῖς
1268 2981 1326 3032 ἐν
1352 2981 1681 3052 πρσφητείᾳ,
1724 2984 1862 3054 αὑτῇ
1894 3028 1935 3083 c

277 3072 341 3140 τῇ
379 3070 563 3141 ἡμέρᾳ
606 3069 792 3136 ὀφθεὶς
835 3068 1065 3135 ἄγγελος
1109 3069 1313 3139 Κυρίου
1362 3070 1711 3134 ἐϐεϐαίωσεν.
1757 3075 1866 3127 Καὶ

277 3162 356 3213 ἔτι
379 3161 499 3222 νέος
522 3160 597 3210 ὢν
621 3159 934 3229 ἐτελειώθη,
966 3161 1060 3214 καὶ
1087 3162 1261 3231 ἐτάφη
1295 3163 1354 3215 ἐν
1382 3161 1536 3232 ἀγρῴ
1574 3162 1754 3217 αὑτοῦ.

350 3254 488 3321 (ις’.
516 3250 823 3320 Μαλαχίας.
857 3247 1023 3314 Οὗτος
1056 3252 1297 3306 τίκτεται
1328 3252 1385 3305 ἐν
1420 3254 1567 3322 Γοφᾶ
1603 3253 1741 3323 μετὰ
1768 3254 1866 3325 τὴν

277 3342 613 3412 ἐπιστροφὴν
650 3340 745 3392 τοῦ
792 3340 945 3403 λαοῦ,
988 3343 1080 3395 καὶ
1114 3341 1193 3395 ἔτι
1242 3343 1383 3396 πάνυ
1437 3344 1556 3406 νέος
1588 3342 1662 3395 ὢν
1705 3343 1870 3396 καλὸν

278 3431 393 3501 βίον
424 3431 642 3502 ἔσχηκε.
686 3433 795 3485 Καὶ
828 3433 1015 3504 ἐπειδὴ
1050 3435 1157 3496 πᾶς
1187 3436 1217 3489 6
1244 3432 1370 3496 λαὸς
1408 3432 1569 3503 ἐτίμα
1597 3434 1759 3487 αὑτὸν
1792 3434 1867 3498 ὡς

275 3524 424 3575 ὃσιον
450 3523 541 3575 καὶ
576 3525 773 3593 πρᾶον,
814 3524 1073 3578 ἐκάλεσεν
1095 3524 1258 3578 αὑτὸν
1295 3524 1606 3595 Μαλαχίαν,
1638 3525 1665 3577 ὃ
1698 3527 1870 3597 ἐρμη-

280 3612 495 3667 νεύεται
545 3614 830 3684 ἅγγελος·
864 3610 932 3686 ἦν
965 3614 1074 3686 γὰρ
1120 3615 1215 3669 καὶ
1250 3614 1332 3685 τῷ
1371 3615 1503 3669 εῖδει
1549 3616 1864 3686 εὐπρεπής·

278 3705 416 3758 ἀλλὰ
461 3706 556 3760 καὶ
603 3708 701 3759 ὅσα
736 3703 888 3759 εἶπεν
942 3706 1105 3770 αὐτὸς
1146 3708 1205 3759 ἐν
1256 3707 1590 3778 προφητείᾳ,
1634 3708 1769 3778 αὐτῇ
1802 3709 1867 3779 τῇ

275 3798 462 3869 ἡμέρᾳ
491 3800 673 3867 ὀφθεὶς
706 3800 781 3863 ὡς
827 3799 1059 3868 ἄγγελος
1109 3798 1245 3852 Θεοῦ
1296 3799 1752 3870 ἐπεδευτέρωσεν,
1795 3801 1870 3864 ὼς

281 3888 497 3956 ἐγένετο
525 3892 581 3942 ἐν
613 3890 849 3960 ἡμέραις
895 3891 992 3958 τῆς
1024 3890 1310 3960 ἀναρχίας,
1354 3890 1430 3949 ὡς
1463 3890 1773 3960 γέγραπται
1812 3893 1871 3945 ἐν

280 3982 485 4049 Σαφὰρ
512 3983 741 4050 φωτὴμ.
774 3983 1063 4047 τουτέστιν,
1086 3986 1142 4038 ἐν
1177 3982 1346 4053 βίϐλῳ
1385 3984 1625 4055 Κριτῶν.
1660 3985 1766 4037 Καὶ
1791 3984 1870 4039 ἔτι

284 4069 402 4134 νέος
424 4072 497 4124 ὢν
528 4074 827 4145 προσετέθη
853 4075 991 4145 πρὸς
1014 4076 1141 4138 τοὺς
1175 4076 1419 4148 πατέρας
1440 4075 1607 4130 αὑτοῦ
1636 4079 1695 4130 ἐν
1717 4076 1873 4149 ἀγρῷ

283 4160 499 4230 αὑτοῦ.)

357 4254 453 4305 II".
508 4254 736 4316 Ἡσαΐας
788 4253 903 4314 υίὸς
946 4254 1126 4323 Ἀμὼς
1178 4250 1245 4323 ἦν
1303 4254 1412 4306 ἀπὸ
1472 4255 1867 4325 Ἰερουσαλήμ·

282 4342 592 4411 ἀναιρεθεὶς
625 4343 681 4393 δέ
711 4342 817 4393 ὑπὸ
839 4342 1134 4430 Μανασσῆ,
1162 4343 1412 4413 πρισθεὶς
1441 4344 1520 4405 είς
1552 4344 1664 4406 δύο,
1693 4345 1865 4416 ἐτάφη
1899 4376 1945 4430 D

285 4428 542 4482 ὑποκάτω
583 4429 744 4498 δρυὸς
781 4429 1015 4499 Ῥωγὴλ,
1042 4431 1269 4502 πλησίον
1303 4432 1401 4501 τῆς
1435 4432 1737 4496 διαϐάσεως
1758 4433 1868 4485 τῶν

282 4521 492 4576 ὑδάτων
530 4514 604 4572 ὧν
635 4520 897 4573 άπόλεσεν
922 4521 1044 4592 (sic)
1075 4522 1322 4585 Ἐζεκίας
1363 4523 1545 4593 χώσας
1570 4524 1729 4578 αὑτά.
1759 4525 1870 4578 Kal

282 4614 314 4664 6
344 4611 476 4673 Θεὸς
515 4611 576 4663 τὸ
634 4613 859 4681 σημεῖον
906 4611 1000 4665 τοῦ
1046 4612 1269 4685 Σιλωὰμ
1317 4613 1403 4667 διὰ
1446 4614 1536 4668 τὸν
1582 4617 1868 4688 προφήτην

286 4696 559 4775 ἐποίησεν,
587 4704 667 4757 ὅτι
691 4705 797 4775 πρὸ
818 4704 910 4758 τοῦ
940 4705 1120 4760 θανεῖν
1146 4706 1471 4779 ὁλιγορήσας
1503 4708 1704 4779 ηὔξατο
1726 4712 1868 4761 πιεῖν

286 4796 451 4868 ὕδωρ,
483 4796 577 4850 καὶ
606 4796 807 4860 εὐθέως
846 4798 1125 4870 ἀπεστάλη
1158 4799 1307 4871 αὐτῷ
1340 4800 1396 4867 ἐξ
1424 4800 1614 4854 αὑτοῦ.
1642 4800 1751 4854 Καὶ
1781 4799 1871 4854 διὰ

286 4890 443 4943 τοῦτο
470 4889 743 4960 ἐπεκλήθη
764 4891 1006 4960 Σιλωὰμ,
1028 4894 1055 4945 ὅ
1080 4894 1226 4945 ἐστιν
1256 4892 1734 4961 ἀπεσταλμένος.
1760 4893 1872 4947 Kal

286 4981 537 5045 Ἐζεκίας
570 4983 662 5034 ἐπὶ
702 4980 809 5032 τῶν
850 4981 1027 5051 εύχῶν
1065 4982 1255 5034 τούτου
1293 4982 1549 5051 ἐποίησεν
1578 4982 1705 5045 τοὺς
1742 4983 1873 5037 λάκ-

286 5088 416 5135 κους
445 5072 540 5125 καὶ
564 5072 661 5134 τὰς
689 5070 1099 5143 κολυμϐήθρας.
1151 5072 1364 5142 Μικρὸν
1385 5072 1494 5143 γὰρ
1524 5067 1591 5142 ἦν
1622 5072 1767 5145 ὕδωρ
1792 5074 1874 5142 ἐξ-

286 5164 564 5233 εληλυθὸς,
594 5165 682 5217 ὅτε
723 5160 792 5235 ἦν
831 5165 859 5216 6
889 5164 1016 5228 λαὸς
1037 5165 1094 5217 ἐν
1123 5164 1473 5234 συγκλεισμῷ
1522 5165 1864 5234 ἀλλοφύλων

290 5248 383 5298 καὶ
411 5248 495 5301 ἵνα
538 5249 611 5320 μὴ
658 5250 931 5323 διαφθαρῇ
974 5252 1191 5324 ἡπόλις
1234 5252 1308 5316 ὡς
1341 5254 1416 5325 μὴ
1464 5253 1664 5324 ἔχουσα
1700 5254 1864 5328 ὕδωρ,

291 5334 541 5403 ἐποίησεν
589 5336 768 5392 τοῦτο.
812 5341 920 5393 Καὶ
948 5342 1075 5394 ὅταν
1121 5338 1214 5395 οῦν
1245 5342 1476 5412 ἦρχοντο
1514 5344 1563 5396 oi
1615 5342 1865 5415 πολέμιοι

291 5424 568 5496 ἀντλῆσαι,
590 5432 688 5483 οὐκ
708 5432 907 5502 ἤρχετο
937 5432 1078 5506 ὕδωρ
1097 5451 1109 5462 ·
1129 5436 1256 5489 ὅταν
1273 5436 1329 5489 δέ
1350 5435 1595 5490 Ἰουδαῖοι
1612 5436 1863 5507 ἤρχοντο,

1965 1814 2076 1867 ριον
2096 1788 2257 1849 Ἀαυῖδ
2282 1797 2375 1849 καὶ
2395 1796 2758 1866 Σολομῶντος,
2782 1798 2872 1849 καὶ
2895 1798 3114 1866 ἐμίανεν
3137 1799 3271 1851 ὀστᾶ
3294 1800 3546 1869 πατέρων

1963 1885 2150 1949 αὑτοῦ,
2182 1885 2266 1939 διὰ
2308 1886 2464 1939 τοῦτο
2496 1889 2523 1939 6
2558 1886 2689 1949 Θεὸς
2734 1887 3051 1957 ἐπαράσατο
3086 1888 3164 1949 είς
3212 1886 3455 1939 δουλείαν
3488 1889 3548 1942 τὸ

1964 1977 2187 2048 σπέρμα
2243 1978 2408 2031 αὑτοῦ
2473 1981 2589 2041 τοῖς
2636 1977 2851 2049 ἐχθροῖς
2911 1977 3097 2042 αὑτοῦ,
3152 1979 3246 2034 καὶ
3296 1980 3546 2051 ἄκαρπον

1964 2070 2217 2138 ἐποίησεν
2238 2072 2265 2122 6
2293 2069 2423 2132 Θεὸς
2450 2069 2557 2123 ἀπὸ
2578 2069 2679 2139 τῆς
2707 2068 2921 2139 ἡμέρας
2941 2069 3173 2140 ἐκείνης.

2037 2164 2137 2230 (A'.
2182 2162 2408 2225 Ἡσαΐας
2437 2164 2465 2215 6
2511 2162 2682 2232 μέγας
2714 2164 3000 2233 προφήτης
3032 2157 3100 2234 ἦν
3138 2163 3244 2215 ἀπὸ
3280 2163 3551 2233 Ἰερουσα-

1964 2253 2096 2324 λὴμ,
2125 2252 2348 2322 θνήσκει
2379 2252 2434 2304 δὲ
2471 2252 2720 2320 πρισθεὶς
2752 2252 2856 2304 ὑπὸ
2881 2253 3113 2322 Μανασῆ
3144 2253 3405 2322 βασιλέως
3430 2256 3547 2308 υίοῦ

1978 2344 2239 2409 Ἐζεκίου,
2265 2344 2357 2397 καὶ
2389 2344 2546 2413 ἐτέθη
2579 2344 2838 2397 ὑποκάτω
2862 2344 3019 2415 δρυὸς
3055 2343 3288 2416 Ῥωγὴλ,
3315 2347 3551 2416 ἐχόμενα

1964 2437 2061 2505 τῆς
2086 2436 2386 2500 διαϐάσεως
2424 2436 2532 2489 τῶν
2571 2437 2778 2490 ὑδάτων
2812 2430 2887 2490 ὧν
2916 2436 3197 2491 ἀπώλεσεν
3250 2440 3494 2504 Ἐζεκίας
3523 2442 3551 2492 6

1968 2524 2220 2594 βασιλεὺς
2265 2523 2591 2595 καταχώσας
2639 2526 2798 2580 αὑτά.
2848 2526 2957 2578 Καὶ
2984 2529 3015 2578 6
3053 2527 3184 2592 Θεὸς
3218 2528 3279 2581 τὸ
3328 2531 3551 2599 σημεῖον

1965 2614 2059 2668 τοῦ
2090 2616 2311 2685 Σιλωάμ
2354 2617 2578 2685 ἐποίησε
2608 2617 2695 2670 διὰ
2735 2618 2826 2669 τὸν
2861 2620 3169 2689 προφήτην,
3196 2621 3276 2673 ὅτι
3326 2620 3427 2690 πρὸ
3453 2620 3550 2673 τοῦ

1966 2704 2258 2759 ἀποθανεῖν
2282 2705 2623 2775 ὀλιγωρήσας
2649 2706 2850 2775 ηὑξατο
2876 2711 3021 2760 πιεῖν
3046 2708 3207 2779 ὕδωρ,
3236 2709 3328 2761 καὶ
3349 2709 3551 2772 εὐθέως

1969 2796 2249 2867 ἀπεστάλη
2282 2796 2430 2865 αὑτῷ
2461 2797 2519 2862 ἐξ
2541 2797 2725 2850 αὑτοῦ.
2762 2798 2861 2851 Διά
2891 2798 3050 2851 τοῦτο
3077 2800 3276 2872 ἐκλήθη
3306 2799 3548 2870 Σιλωάμ,

1968 2888 1996 2940 ὃ
2024 2888 2387 2959 ἑρμηνεύεται
2417 2888 2900 2957 ἀπεσταλμένος.
2930 2891 3042 2943 Καὶ
3069 2893 3160 2944 ἐπὶ
3182 2890 3273 2944 τοῦ
3303 2890 3551 2955 Ἐζεκίου

1969 2977 2045 3041 δὲ,
2080 2979 2183 3048 πρὸ
2214 2976 2307 3030 τοῦ
2344 2980 2563 3048 ποιῆσαι
2588 2978 2748 3032 αὑτὸν
2772 2979 2899 3042 τοὺς
2930 2980 3164 3047 λάκκους
3211 2982 3299 3034 καὶ
3332 2982 3429 3044 τὰς
3458 2998 3554 3035 κο⁹

1968 3064 2308 3139 λυμϐήθρας,
2339 3068 2435 3120 ἐπὶ
2475 3070 2546 3139 τῇ
2583 3069 2717 3138 εὐχῇ
2762 3068 2855 3122 τοῦ
2897 3070 3121 3122 Ἡσαΐου
3166 3071 3359 3141 μικρὸν
3408 3070 3552 3141 ὕδωρ

1966 3158 2302 3229 ἐξελήλυθεν,
2331 3159 2415 3212 ὃτι
2432 3153 2501 3229 ἦν
2524 3160 2557 3228 ἡ
2582 3157 2735 3221 πόλις
2759 3160 2817 3212 ἐν
2842 3159 3192 3230 συγκλεισμῷ
3216 3161 3549 3229 ἀλλοφύλων,

1966 3250 2061 3301 καί
2091 3250 2176 3302 ἵνα
2209 3248 2283 3319 μὴ
2328 3249 2665 3320 διαφθαρῇή
2714 3250 2866 3313 πόλις
2904 3251 2980 3313 ὡς
3025 3252 3095 3321 μὴ
3138 3251 3338 3321 ἔχουσα
3383 3252 3549 3323 ὕδωρ.

1981 3339 2234 3410 ’Πρώτων
2251 3340 2358 3411 γὰρ
2387 3342 2436 3393 οἱ
2465 3341 2713 3411 πολέμιοι
2741 3342 2904 3394 πόθεν
2929 3342 3171 3394 πίνουσι·
3199 3342 3281 3394 διὸ
3304 3343 3398 3395 καὶ
3426 3345 3555 3412 ἐχα-

1972 3430 2224 3500 ράκωσαν
2253 3432 2348 3502 τὴν
2380 3433 2557 3494 πόλιν,
2604 3434 2699 3486 καὶ
2733 3432 3279 3504 παρεκαθέζοντοτῷ
3309 3435 3551 3506 Σιλωάμ.

1971 3522 2139 3577 Ὅταν
2175 3518 2268 3576 οὖν
2300 3525 2530 3594 ἦρχοντο
2558 3526 2658 3578 σὺν
2684 3524 2763 3594 τῷ
2804 3525 3001 3596 Ἡσαΐᾳ
3027 3526 3077 3577 οἱ
3104 3527 3366 3590 Ἰουδαῖοι,
3398 3527 3555 3596 ἄφνω

1968 3613 2225 3683 ἐξήρχετο
2248 3613 2310 3666 τὸ
2335 3613 2506 3685 ὕδωρ·
2539 3615 2677 3668 ἐπὰν
2700 3616 2757 3668 δὲ
2784 3617 2833 3667 οἱ
2864 3616 3149 3685 ἀλλόφυλοι
3178 3618 3425 3689 ἤρχοντο,
3452 3621 3555 3672 οὐκ

1969 3703 2229 3775 ἐξήρχετο
2271 3703 2331 3757 τὸ
2379 3704 2544 3776 ὕδωρ.
2577 3706 2669 3758 Διὸ
2716 3707 2811 3760 καὶ
2854 3707 2958 3770 ἕως
2996 3710 3233 3779 σήμερον
3275 3709 3556 3778 αἰφνιδίως

1969 3796 2267 3866 ἐξέρχεται,
2295 3795 2388 3847 καὶ
2414 3794 2557 3848 κατὰ
2580 3795 2678 3866 τὴν
2701 3796 2850 3867 ὥραν
2876 3799 2943 3869 ην
2961 3800 3159 3869 ήρχετο
3182 3800 3407 3863 Ἡσαΐας
3434 3802 3555 3855 τότε

1972 3885 2068 3937 σὺν
2118 3887 2230 3948 τοῖς
2277 3883 2569 3947 Ἰουδαίοις,
2604 3885 2691 3938 ἵνα
2738 3886 2921 3959 δειχθῇ
2978 3888 3039 3941 τὸ
3094 3892 3407 3961 μυστήριον.
3443 3892 3556 3945 Καὶ

1970 3975 2158 4046 ἐπειδὴ
2184 3974 2273 4029 διὰ
2308 3975 2403 4029 τοῦ
2451 3976 2674 4030 Ἡσαΐου
2705 3976 2865 4030 τοῦτο
2896 3978 3106 4046 γέγονε,
3139 3983 3355 4051 μνήμης
3385 3982 3553 4036 αὑτοῦ

1970 4068 2130 4140 χάριν
2160 4067 2255 4120 καὶ
2278 4068 2307 4119 6
2334 4066 2463 4131 λαὸς
2501 4066 2729 4139 πλησίον
2758 4067 2852 4120 τοῦ
2880 4069 3102 4141 Σιλωάμ
3132 4072 3404 4141 ἐπιμελῶς
3428 4071 3555 4126 ἔθα-

1969 4160 2070 4228 ψεν
2107 4159 2270 4213 αὑτὸν
2305 4160 2400 4213 καὶ
2434 4158 2692 4225 ἐνδόξως·
2718 4160 2867 4223 ὅπως
2893 4160 2980 4214 διά
3027 4160 3132 4213 τῶν
3170 4161 3349 4231 εὐχῶν
3385 4159 3552 4214 αὑτοῦ

1971 4249 2067 4301 καὶ
2098 4249 2238 4319 μετά
2284 4249 2514 4304 θάνατον
2542 4248 2708 4304 αὑτοῦ
2749 4250 2945 4320 ἔχωσιν
2984 4251 3059 4314 ὡς
3092 4252 3250 4317 αὑτὸς
3280 4254 3378 4324 τὴν
3415 4253 3555 4305 ἀπό-

1970 4340 2161 4392 λαυσιν
2175 4340 2269 4392 τοῦ
2288 4340 2477 4402 ὓδατος
2499 4358 2512 4371 ο
2541 4341 2621 4393 ὅτι
2646 4341 2741 4393 καὶ
2770 4343 3016 4413 χρησμὸς
3037 4343 3192 4414 ἐδόθη
3214 4345 3395 4407 αὑτοῖς
3422 4361 3484 4397 πε
3494 4345 3553 4414 pi

1971 4429 2066 4484 τοῦ
2097 4429 2306 4494 ὓδατος.
2346 4432 2500 4485 Ἔστι
2528 4433 2587 4485 δέ
2609 4435 2638 4487 ὀ
2669 4433 2839 4501 τάφος
2876 4433 3040 4486 αὑτοῦ
3070 4435 3302 4505 ἐχόμενα
3334 4436 3426 4489 τοῦ
3451 4438 3554 4490 τά.

1973 4539 2073 4591 φου
2102 4522 2211 4575 τῶν
2245 4521 2530 4592 βασιλέων,
2556 4524 2785 4579 ὄπισθεν
2800 4525 2895 4579 τοῦ
2913 4526 3085 4595 τάφου
3108 4526 3216 4580 τῶν
3246 4529 3434 4599 ἱερέων
3457 4530 3553 4585 ἐπὶ

1971 4612 2032 4665 τδ
2059 4613 2224 4683 μέρος
2258 4612 2320 4664 τὸ
2360 4613 2495 4684 πρὸς
2527 4613 2698 4667 νότον.
2732 4614 2981 4684 Σολομὼν
3019 4616 3128 4686 γάρ
3158 4616 3382 4687 ἐποίησε
3420 4619 3550 4682 τοὺς

1969 4706 2178 4774 τάφους
2199 4704 2291 4757 τοῦ
2314 4704 2476 4757 Δαυῒδ
2497 4705 2895 4777 διαγράψαντος
2934 4707 3076 4759 κατά
3105 4708 3367 4773 ἀνατολάς
3388 4708 3550 4776 Σιὼν,

1971 4797 2094 4868 ἦτις
2128 4796 2236 4867 ἔχει
2286 4796 2489 4851 εἴσοδον
2521 4799 2630 4852 ἀπὸ
2660 4798 2884 4852 Γαϐαὼν
2923 4799 3163 4871 μήκοθεν
3192 4800 3291 4871 τῆς
3345 4802 3552 4865 πόλεως

1970 4886 2216 4950 σταδίους
2246 4894 2323 4940 κ”
2366 4887 2461 4942 καὶ
2497 4888 2718 4960 ἐποίησε
2754 4890 2971 4944 σκολιὰν
3017 4892 3112 4945 καὶ
3157 4892 3411 4946 σύνθετον
3446 4891 3549 4963 τὴν

1968 4978 2171 5032 εἴσοδον
2198 4979 2292 5033 καὶ
2321 4980 2685 5052 ἀνυπονόητον
2711 4984 2824 5044 τοῖς
2857 4982 3088 5046 πολλοῖς.
3129 4983 3236 5036 Καὶ
3267 4984 3419 5037 ἔστιν
3443 4984 3550 5047 ἕως

1967 5071 2065 5141 τῆς
2101 5074 2166 5142 σή
2176 5089 2240 5142 με
2251 5089 2340 5143 ρον
2370 5074 2482 5135 τοῖς
2511 5072 2723 5136 πολλοῖς
2746 5074 3082 5144 ὰγνοουμένη
3106 5073 3214 5127 τῶν
3243 5074 3429 5145 ἱερέων
3454 5073 3551 5125 καὶ

1973 5164 2080 5233 ὅλῳ
2109 5162 2186 5232 τῷ
2216 5162 2350 5232 λαῷ.
2393 5164 2539 5216 Ἐκεῖ
2570 5159 2713 5232 εἶχεν
2742 5166 2769 5216 ὀ
2795 5164 3045 5233 βασιλεὺς
3069 5164 3129 5216 τὸ
3156 5166 3378 5233 χρυσίον
3405 5163 3464 5215 τὸ
3490 5162 3553 5226 ἐξ

1973 5252 2256 5314 Αἰθιοπίας
2295 5251 2390 5305 καὶ
2419 5253 2493 5333 ta
2527 5254 2815 5324 ἀρώματα.
2859 5255 2967 5308 Καὶ
3017 5254 3202 5323 ἐπειδὴ
3250 5254 3495 5318 Ἐζεκίας
3521 5254 3553 5305 6

1974 5342 2227 5411 βασιλεὺς
2257 5342 2422 5407 ἔδειξε
2459 5344 2520 5395 τὸ
2551 5346 2851 5416 μυστήριον
2888 5345 3048 5398 Δαυῒδ
3084 5347 3178 5398 καὶ
3209 5344 3553 5417 Σολομῶντος

1970 5436 2079 5496 τοῖς
2107 5433 2282 5486 ἔθνεσι
2305 5436 2417 5496 τοῖς
2444 5434 2808 5499 Βαϐυλωνίοις
2842 5438 2938 5491 καὶ
2967 5438 3156 5509 ἐμίανε
3196 5438 3263 5493 τά
3297 5438 3430 5493 ὀστᾶ
3456 5433 3553 5492 τοῦ

361 5579 438 5652 (Ι)
485 5580 579 5634 [iis
614 5598 802 5652 parum
839 5603 1108 5646 concmne
1153 5593 1373 5663 scriptis
1425 5595 1596 5648 muko
1636 5600 1855 5664 prmsml
1900 5590 2128 5646 alterius
2161 5589 2368 5646 codicis
2405 5592 2701 5663 scriptura.
