3948 6196
409 171 514 227 ιῖἶ

1691 146 1901 206 DUBIA
1940 146 2084 204 AUT
2121 143 2394 202 SI‘URlA.

3553 145 3648 207 ιξι

411 289 474 340 :6
497 285 662 355 ῦδωρ,
692 282 779 338 In:
815 281 1127 352 ἐκφύγωσιν
1149 277 1227 340 είς
1259 273 1320 328 :6
1350 271 1556 343 πέραν’
1588 270 1682 324 καὶ
1706 271 1757 324 οἱ
1788 269 1987 355 τολμή-
2015 268 2059 326 Α
2088 266 2182 321 καὶ
2208 269 2306 339 τὴν
2331 266 2502 337 πύλην
2533 264 2590 318 ἐν
2686 261 2890 336 Κύριος
2922 259 3289 315 εἰσελεύσεται
3324 260 3418 315 καὶ
3456 261 3647 327 ἐξελεύ-

414 353 740 440 σαντες-τῶν
769 372 976 445 ἐχθρῶν
1015 367 1293 432 ἐπιδιῶξαι
1330 362 1853 432 κατεποντίσθησαν.
1886 353 1991 413 Οὑ-

414 487 504 532 τος
537 468 626 522 διά
651 463 957 537 προσευχῆς
995 457 1315 527 αὐτομάτως
1352 454 1534 516 αὑτοῖς
1557 452 1754 522 δαψιλῆ
1785 449 1990 523 τροφὴν

421 557 616 627 ἰχθύων
644 553 963 623 παρέσχετο,
996 547 1090 598 καὶ
1113 543 1327 607 πολλοῖς
1351 541 1662 596 ἐκλιποῦσιν
1703 540 1849 610 ζωὴν
1872 542 1992 610 ἐχα-

417 650 628 720 ρίσατο.
649 639 814 704 Οὗτος
840 636 1212 706 ἀπολλυμένου
1244 633 1338 687 τοῦ
1364 632 1493 688 λαοῦ
1519 633 1624 686 ὑπὸ
1645 631 1755 684 τῶν
1783 629 1992 702 ἐχθρῶν

420 734 722 807 προσῆλθεν
750 735 858 794 τοῖς
887 729 1236 800 ἡγουμένοις,
1267 725 1362 779 καὶ
1389 724 1479 778 διὰ
1500 722 1800 797 τεραστίων
1828 721 1995 792 φοϐη-

418 827 598 884 θέντες
627 819 949 874 ἐπαύσαντο.
982 817 1114 869 Τότε
1152 815 1335 882 ἔλεγεν
1356 814 1558 875 αὑτοῖς,
1583 813 1664 865 δτι
1693 813 1993 878 Διαπεφω-

416 913 703 980 νήκαμεν,
731 908 998 962 ἀπώλετο
1025 908 1061 973 ἡ
1083 903 1255 969 ἐλπὶς
1280 901 1468 971 ἡμῶν·
1489 903 1583 954 καὶ
1604 900 1866 971 ἐντέροισι
1889 899 1996 950 τῶν

415 1003 615 1056 ὀστέων
655 1002 762 1053 τῶν
786 999 993 1069 νεκρῶν
1037 996 1232 1058 αὐτοὺς
1265 993 1502 1055 ἔπεισεν,
1541 993 1623 1046 ὅτι
1661 990 1812 1044 ἔσται
1845 988 1998 1051 ἐλπὶς

415 1094 493 1165 τῷ
522 1093 758 1164 Ἰσραὴλ,
793 1092 886 1143 καὶ
915 1087 1151 1142 ἐνταῦθα
1181 1085 1274 1139 καὶ
1307 1085 1400 1137 ἐπὶ
1434 1084 1529 1137 τοῦ
1560 1082 1865 1154 μέλλοντος.
1896 1072 2001 1134 Οὑ-

2090 376 2262 420 σεται,
2294 358 2388 410 καὶ
2417 357 2569 410 ἔσται
2591 359 2625 427 ὴ
2655 355 2797 424 πύλη
2843 351 3228 422 κεκλεισμένη.
3259 353 3302 404 Ο
3337 368 3433 415 τος
3459 351 3652 424 ἔκρινεν

2089 450 2148 501 ἐν
2177 446 2451 502 Βαϐυλῶνι
2473 445 2571 515 τὴν
2595 445 2765 515 φυλὴν
2791 444 2898 496 Δάν
2936 441 3029 496 3:61
3055 439 3148 494 τοῦ
3177 439 3305 506 Γάδ,
3332 441 3417 494 ὅτι
3442 442 3653 510 ἠσέϐουν

2091 542 2169 604 εἰς
2196 538 2395 608 Κύριον
2439 535 2793 598 διώκοντες...
2817 534 3071 602 ἐποίησεν
3103 530 3285 592 αὑτοῖς
3311 529 3480 600 τέρας
3508 530 3658 600 μέγα,

2091 631 2173 684 ὅτι
2205 632 2254 684 οί
2286 631 2437 698 ὄφεις
2476 626 2762 698 ἀνήλισκον
2792 623 2862 677 τὰ
2892 622 3065 693 βρέφη
3099 620 3277 674 αὑτῶν
3309 620 3401 672 διά
3428 619 3526 690 τὴν
3547 621 3661 674 ἀσέ-

2094 719 2244 773 ϐειαν
2265 719 2463 772 αὑτῶν.
2487 717 2595 770 Καὶ
2622 715 2972 787 προείρηκεν,
2999 715 3080 767 δτι
3109 711 3176 765 δι’
3204 712 3404 774 αὑτοὺς
3438 713 3537 766 οὑκ
3563 715 3662 766 ἐπι-

2097 810 2317 881 στρέψει
2359 811 2387 863 6
2420 808 2550 872 λαὸς
2601 809 2678 869 είς
2709 809 2809 877 τὴν
2839 805 2942 874 γῆν
2980 803 3168 863 αὑτοῦ,
3203 802 3319 856 ἀλλ’
3349 804 3411 855 ἐν
3465 805 3663 874 Μηδείῃ

2097 900 2308 952 ἔσονται
2336 899 2441 960 ἕως
2469 895 2774 958 συντελείας
2803 893 3009 963 πλάνης
3042 889 3241 943 αὑτῶν.
3268 888 3384 941 Καὶ
3413 889 3473 952 ἐξ
3501 891 3663 943 αὑτῶν

2095 985 2164 1062 ἦν
2196 992 2224 1042 ὁ
2257 987 2460 1042 ἀνελὼν
2488 986 2650 1040 αὑτόν
2670 1003 2683 1017 ·
2735 984 3015 1037 ἀντέκειτο
3049 982 3157 1052 γάρ
3195 979 3345 1049 αὑτῷ
3376 979 3555 1042 πάσας
3578 979 3664 1042 τὰς

2097 1081 2310 1152 ἡμέρας
2336 1081 2434 1151 τῆς
2471 1079 2616 1149 ζωῆς
2641 1077 2851 1147 αὑτοῦ.)

416 1204 505 1248 τος
528 1184 672 1255 (cod.
704 1182 894 1248 οῦτως)
915 1183 1031 1232 ἐκεῖ
1049 1178 1123 1232 ὢν
1157 1179 1429 1232 ἐδείκνυεν
1457 1175 1534 1245 τῷ
1558 1174 1672 1245 λαῷ
1703 1172 1918 1245 Ἰσραὴλ
1934 1172 2001 1225 :6
2033 1241 2038 1246 γ
2170 1174 2287 1238 ις’.
2313 1170 2511 1241 Δανιὴλ
2559 1171 2638 1240 (1)
2671 1166 2740 1240 ἦν
2768 1170 2827 1222 ἐν
2857 1168 3004 1239 (cod.
3036 1170 3121 1232 ἐκ)
3163 1169 3419 1240 Βεθόρων
3464 1168 3581 1239 (εἷο)
3607 1170 3663 1238 τῇ

418 1276 476 1327 ἐν
518 1271 870 1344 Ἰερουσαλὴμ
891 1271 984 1322 καὶ
1008 1268 1153 1338 ἐντῷ
1174 1267 1286 1338 ναῷ
1301 1266 1575 1336 γινόμενα.
1597 1257 2001 1334 Οῦτοςὴρπάγη
2103 1261 2351 1332 ἀνωτέρᾳ
2401 1260 2574 1330 φυλῆς
2595 1260 2766 1312 ’ῐούδα
2795 1299 2830 1313 ..
2862 1260 2956 1312 καὶ
2983 1260 3124 1331 ὑπὲρ
3165 1260 3257 1313 τοῦ
3286 1259 3664 1329 Ναϐουχοδονό-

419 1364 630 1416 ἐκεῖθεν
681 1365 760 1424 εἰς
798 1359 1152 1430 Ἰερουσαλὴμ
1203 1361 1282 1421 είς
1337 1357 1556 1427 ἔλεγχον
1598 1355 1705 1408 τῶν
1735 1355 2000 1408 ἀπίστων.
2107 1370 2202 1423 σορ
2231 1351 2396 1404 πολλά
2420 1350 2620 1421 ηὔξατο
2648 1368 2857 1421 παρακ.
2885 1351 3008 1404 αὑτ.
3033 1350 3191 1403 Βαλτ.
3221 1350 3318 1402 τοῦ
3346 1349 3468 1402 υἱοῦ
3498 1350 3660 1412 αὑτοῦ,

421 1451 588 1518 Οὗτος
607 1455 747 1507 κατά
774 1453 865 1506 τὸν
890 1453 1093 1523 Μωσῆν
1122 1450 1196 1503 ἴδε
1227 1450 1315 1503 τὸν
1344 1448 1514 1501 τύπον
1551 1447 1644 1500 τοῦ
1680 1445 1830 1510 ναοῦ,
1864 1440 1923 1500 οὑ
1944 1446 2004 1498 τὸ
2105 1446 2194 1497 ὅτε
2213 1444 2501 1512 γέγονεν...
2530 1443 2722 1512 κτῆνος
2750 1442 2806 1494 δέ
2825 1442 2907 1494 ὅτι
2932 1439 3226 1508 ὑποζύγιον
3253 1435 3326 1511 ἦν
3354 1439 3450 1492 τοῦ
3492 1439 3661 1510 Βελίαρ

421 1550 598 1615 τεῖχος
622 1547 718 1597 καὶ
754 1545 812 1597 :6
860 1543 1166 1614 περίτειχος
1186 1541 1381 1602 πλατὺ,
1413 1538 1594 1603 καθὼς
1626 1532 1778 1591 εἶπεν
1803 1536 2001 1608 Δανιὴλ
2108 1554 2162 1592 κ.
2195 1538 2289 1588 ὑπ.
2338 1535 2433 1589 καὶ
2459 1535 2536 1598 ὡς
2583 1535 2680 1605 μὲν
2735 1533 2860 1603 βοῦς
2909 1532 3096 1604 ἢσθιεν
3153 1535 3418 1605 χόρτον...
3476 1531 3660 1601 φύσεως

423 1638 500 1689 ὅτι
530 1635 902 1706 κτισθήσεται.
934 1629 1102 1695 Οὗτος
1146 1633 1359 1704 ἔκρινεν
1384 1632 1442 1684 ἐν
1473 1628 1748 1683 Βαϐυλῶνι
1773 1623 1872 1697 τὴν
1903 1645 2002 1696 φυ-
2037 1619 2075 1672 Β
2106 1630 2351 1700 τρυφή...
2386 1629 2480 1680 καὶ
2526 1626 2663 1680 νοῶν
2700 1625 2902 1688 εὑθέως
2939 1625 3253 1696 ἐδάκρυσεν,
3305 1625 3400 1678 καὶ
3445 1623 3664 1694 παρεκά-

423 1726 520 1796 λὴν
540 1725 634 1777 τοῦ
670 1724 796 1785 Γὰδ,
833 1725 914 1775 ὅτι
945 1721 1176 1793 ήσέϐουν
1216 1725 1294 1784 είς
1327 1720 1531 1791 Κύριον
1569 1719 1856 1782 διώκοντες
1878 1719 2004 1781 τοῦς
2105 1720 2254 1773 λει...
2280 1719 2330 1772 οί
2357 1719 2413 1771 δὲ
2441 1716 2563 1785 ὀφθ.
2611 1714 2777 1769 αὑτοῦ
2800 1716 3154 1784 γεγόνασιν...
3183 1713 3328 1769 ἐπτά
3355 1715 3546 1786 μῆνας.
3575 1714 3662 1767 Καὶ

423 1817 512 1870 τὸν
534 1817 696 1886 νόμον
725 1815 1116 1884 φυλάσσοντας,
1144 1813 1239 1866 καὶ
1262 1813 1515 1881 ἐποίησεν
1552 1810 1680 1873 τοὺς
1711 1809 1863 1879 ὄφεις
1913 1809 2005 1862 ἀν-

422 1907 664 1960 αλίσκειν
685 1908 749 1959 τὰ
776 1906 950 1977 βρέφη
976 1907 1069 1960 καὶ⁵
1092 1905 1266 1958 πάντα
1294 1903 1362 1958 τά
1391 1907 1561 1974 κτήνη
1581 1893 1781 1968 αὑτῶν,
1807 1902 2002 1970 λέγων,

423 2001 505 2052 ὃτι
533 1999 597 2052 δι’
630 1999 826 2060 αὐτοῦς
856 2000 956 2050 οὑκ
987 1997 1304 2068 ἐπιστρέφει
1330 1999 1359 2050 6
1387 1996 1514 2060 λαὸς
1539 1997 1619 2059 είς
1648 1994 1744 2066 τὴν
1782 1994 1884 2064 γῆν
1909 1994 2005 2046 αὑ-

423 2089 539 2142 τοῦ.
577 2089 666 2154 Ἐξ
690 2082 763 2140 ὧν
791 2089 883 2141 καὶ
907 2087 1167 2158 ἀνῃρέθη.

498 2178 594 2246 (1".
637 2177 897 2246 Ἰεζεκιήλ
929 2179 1075 2230 ἐστιν
1104 2177 1167 2228 ἐκ
1191 2175 1292 2246 γῆς
1322 2175 1550 2247 Σαριρά,
1576 2176 1639 2226 ἐκ
1662 2173 1769 2226 τῶν
1793 2172 2001 2244 ἱερέων·

426 2265 517 2317 καὶ
546 2264 814 2318 ἀπέθανεν
836 2265 894 2315 ἐν
925 2267 994 2335 γῇ
1031 2265 1312 2318 Χαλδαίων
1345 2265 1440 2316 ἐπὶ
1474 2266 1571 2334 τῆς
1601 2261 2002 2336 αἰχμαλωσίας,

425 2354 597 2406 πολλά
625 2355 1010 2424 προφητεύσας
1039 2358 1152 2417 τοῖς
1177 2335 1251 2407 ⁴ἐν
1286 2358 1350 2424 τῇ
1391 2353 1639 2424 Ἰουδαίᾳ.
1689 2335 2005 2404 ’Δπέκτεινε

426 2445 482 2496 δέ
510 2445 669 2497 αὑτὸν
698 2447 726 2496 6
760 2446 1062 2514 ἡγούμενος
1111 2445 1206 2496 τοῦ
1253 2443 1383 2496 λαοῦ
1426 2444 1640 2514 Ἰσραὴλ
1689 2445 1824 2506 ἐκεῖ,
1853 2443 2005 2510 ἐλεγ-

427 2536 656 2606 χόμενος
691 2535 784 2586 ὑπ’
817 2532 984 2588 αὑτοῦ
1011 2535 1104 2586 ἐπὶ
1132 2533 1366 2586 εἰδώλων
1388 2533 1694 2603 σεϐάσμασι
1712 2548 1726 2562 ⁶
1759 2533 1853 2585 καὶ
1880 2531 2006 2584 ἐθα-

427 2628 534 2698 ψαν
572 2626 731 2679 αὑτὸν
768 2629 796 2678 6
826 2625 953 2688 λαὸς
999 2627 1054 2679 ἐν
1084 2624 1240 2696 ἀγρῷ
1271 2625 1464 2694 Μαοὺρ
1496 2626 1554 2678 ἐν
1593 2623 1670 2694 τῷ
1697 2624 1853 2694 τάφῳ
1887 2623 2006 2695 Σὴμ

429 2719 522 2771 καὶ
560 2717 833 2789 ’Λρφαξάδ
869 2716 1118 2788 πατέρων
1154 2716 1420 2786 Ἀϐραάμ.
1441 2715 1572 2778 ,Καὶ
1605 2715 1750 2769 ἐστιν
1778 2717 1807 2770 6
1837 2715 2007 2784 τάφος

428 2807 694 2877 σπήλαιον
721 2807 962 2873 διπλοῦν,
993 2807 1075 2859 ὅτι
1123 2808 1218 2860 καὶ
1259 2805 1510 2877 ’Λϐραάμ
1532 2807 1589 2858 ἐν
1617 2805 1842 2877 Χεϐρὼν
1873 2805 2006 2877 πρὸς

2104 1811 2166 1862 :6
2202 1811 2497 1880 μυστήριον
2525 1807 2633 1859 τῶν
2667 1807 2874 1860 ἐπτά...
2899 1807 3130 1876 ἀνομίας
3157 1807 3328 1860 αὑτοῦ
3348 1823 3362 1836 ·
3410 1805 3665 1859 ἀπέδωκεν

2105 1901 2269 1955 πάλιν
2319 1899 2467 1970 αὐτῷ
2498 1901 2526 1953 6
2569 1897 2701 1961 Θεὸς
2732 1899 2830 1968 τὴν
2867 1897 3141 1968 βασιλείαν
3185 1897 3379 1950 αὑτοῦ.
3412 1897 3519 1950 Καὶ
3558 1893 3665 1947 οὔτε

2105 1993 2334 2063 ἄρτον...
2371 1987 2757 2054 ἐξιλεώσασθαι
2792 1988 2881 2041 τὸν
2911 1988 3062 2041 Θεόν.
3107 1987 3207 2040 Διά
3243 1987 3410 2040 τοῦτο
3461 1985 3665 2040 ἐκάλεσε

2103 2083 2162 2135 :6
2194 2082 2362 2154 ὄνομα
2394 2081 2556 2135 αὑτοῦ
2585 2081 2940 2150 Βαλτάσαρ...
2978 2081 3396 2151 ἀπεριτμήτων.
3437 2079 3541 2133 Καὶ
3569 2079 3666 2140 τοῖς

2108 2174 2399 2244 μετέπειτα
2430 2172 2554 2226 δέ...
2585 2171 2741 2242 μόνος
2779 2170 2942 2233 αὑτὸς
2981 2170 3100 2241 Θεῷ
3140 2169 3596 2248 προσηύχετοςΐδ
3615 2168 3665 2221 δὲ

2103 2263 2422 2334 δεύτερον...
2454 2261 2880 2332 καπνισθήσεται
2909 2261 2970 2313 :6
3003 2255 3071 2314 ἐκ
3098 2259 3293 2331 βορρᾶ,
3339 2261 3462 2314 τότε
3493 2260 3661 2330 ἥξει...

2103 2356 2191 2407 ὅτε
2223 2354 2279 2408 δὲ
2314 2354 2390 2417 ὠς
2423 2353 2554 2426 πυρὶ
2584 2353 2820 2418 καίεται,
2847 2352 2965 2405 τότε
3001 2352 3060 2404 :6
3091 2351 3241 2414 τέλος
3284 2352 3531 2422 πάσης...
3559 2349 3664 2421 ῥεύο

2106 2465 2270 2501 σωσιν
2309 2446 2543 2500 ὕδατα...
2581 2447 2684 2516 γῆν
2719 2445 2896 2499 αὑτῶν
2921 2461 2934 2476 ·
2968 2443 3063 2500 ἐάν
3086 2445 3145 2498 δέ
3176 2439 3321 2516 αἷμα
3351 2445 3662 2516 ρεύσωσιν...

2103 2543 2170 2612 τῇ
2206 2544 2299 2613 γῇ·

2179 2633 2270 2702 (Δ’.
2303 2631 2515 2702 Δανιήλ.
2564 2624 2732 2695 οὗτος
2773 2631 2870 2702 μὲν
2911 2627 2978 2702 ἦν
3015 2631 3080 2684 ἐκ
3129 2630 3304 2701 φυλῆς
3364 2629 3530 2684 Ἰούδα
3570 2627 3665 2682 τῶν

2107 2722 2399 2792 ἐξεχόντων
2421 2723 2519 2792 τῆς
2544 2722 2831 2792 βασιλικῆς
2850 2723 3174 2794 ὑπηρεσίας.
3218 2722 3361 2776 Ἀλλ’
3389 2723 3468 2776 ἐτι
3494 2723 3666 2792 νήπιος

2105 2812 2180 2866 ὢν
2211 2812 2351 2882 ῆχθη
2385 2812 2442 2864 ἐν
2472 2814 2540 2882 τῇ
2563 2811 2904 2882 αἰχμαλωσίᾳ
2924 2812 3032 2864 ἀπὸ
3061 2811 3160 2881 τῆς
3189 2811 3460 2874 Ἰουδαίας
3486 2813 3560 2874 είς
3577 2811 3668 2879 γῆν

429 2899 594 2970 τῆν...
636 2899 872 2966 λέγεται,
921 2900 1002 2951 ὅτι
1055 2899 1424 2996 ἐλικτόνῄὲστι
1468 2900 1560 2951 καὶ
1605 2898 1917 2969 ἀπόκρυφον
1947 2896 2007 2962 ἐξ
2033 2938 2076 2996 C
2107 2904 2407 2958 Xa).6a.-'wv.
2454 2902 2745 2973 Ἐγεννήθη
2791 2902 2848 2955 66
2899 2904 2958 2954 ἐν
3008 2901 3270 2973 Βεθωρῶν
3309 2906 3388 2974 τῇ
3422 2903 3664 2973 ἀνωτέρᾳ,

430 2991 685 3044 ἐπιπέδου
742 2993 798 3044 ἐν
830 2989 1062 3059 ὑπερῴῳ
1087 3005 1100 3018 ·
1137 2989 1231 3042 καὶ
1271 2988 1418 3042 ἐστιν
1467 2989 1560 3041 ἐπὶ
1598 2991 1701 3058 γῆς
1739 2991 1799 3041 ἐν
1831 2988 2008 3060 πέτρα

431 3081 796 3150 κρεμάμενον.

502 3163 671 3231 Οὗτος
705 3171 735 3221 6
757 3169 1040 3238 προφήτης
1068 3168 1232 3238 τέρας
1255 3167 1421 3220 ἔδωκε
1444 3167 1523 3238 τῷ
1538 3167 1652 3238 λαῷ
1682 3167 1822 3221 ὥστε
1852 3185 2012 3239 προσ-

431 3259 576 3328 έχειν
633 3257 712 3328 τῷ
759 3259 995 3329 ποταμῷ
1043 3259 1226 3329 Χοϐάρ
1254 3275 1266 3290 ’
1310 3260 1396 3313 ὅτε
1424 3260 1570 3329 (cod.
1609 3259 1712 3330 ὅτι)
1745 3258 2007 3325 ἐκλείπει,

431 3347 678 3400 ἐπελθεῖν
707 3349 766 3401 τὸ
792 3349 1057 3420 δρέπανον
1084 3352 1183 3420 τῆς
1206 3349 1537 3420 ἐρημώσεως
1567 3353 1647 3413 είς
1672 3351 1843 3422 πέρας
1865 3350 2009 3423 (cod.

433 3441 613 3511 τέρας)
648 3440 747 3508 τῆς
785 3441 911 3509 γῆς,
954 3441 1048 3492 καὶ
1097 3442 1185 3494 ὅτε
1246 3440 1642 3511 πλημμυρίσει,
1673 3441 1773 3514 τὴν
1805 3444 1883 3506 είς
1918 3443 2014 3494 Ἰε-

437 3530 716 3601 ρουσαλὴμ
735 3530 1010 3585 ἐπάνοδον.
1031 3532 1138 3584 Καὶ
1160 3531 1334 3602 γὰρ...
1359 3532 1494 3603 πρὸς
1517 3532 1676 3585 αὑτὸν
1699 3535 2010 3603 συνήγοντο.

435 3621 543 3674 Καί
568 3639 696 3674 ποτε
728 3621 966 3693 πλήθους
997 3622 1243 3684 συνόντος
1258 3622 1424 3693 αὑτῷ,
1454 3624 1659 3676 ἔδεισαν
1687 3625 1736 3677 oi
1760 3623 2013 3676 Χαλδαῖοι

436 3714 560 3775 τοὺς
598 3713 882 3784 Ἐϐραίους
916 3713 993 3784 μὴ
1023 3715 1326 3784 ἀντάρωσι·
1351 3715 1445 3768 καὶ
1465 3714 1719 3784 ἐποίησεν
1745 3715 1772 3768 ὁ
1805 3715 2015 3784 προφή-

437 3819 536 3873 της
567 3802 848 3871 διαστῆναι
882 3803 942 3856 :6
982 3803 1146 3873 ὕδωρ,
1173 3804 1260 3858 ἵνα
1300 3803 1610 3872 ἐκφύγωσιν
1637 3807 1716 3869 είς
1743 3805 1805 3858 :6
1841 3804 2014 3876 πέραν

437 3894 748 3964 γενόμενοι·
781 3896 830 3946 οἱ
868 3895 924 3946 δέ
967 3895 1336 3966 τολμήσαντες
1358 3896 1465 3948 τῶν
1493 3895 1703 3969 ἐχθρῶν
1731 3896 1895 3965 (corr.
1930 3903 2016 3950 est

437 3982 529 4036 :6v
559 3983 772 4053 ἐχθρὸν)
806 3984 1133 4049 καταδιῶξαι
1167 3984 1687 4054 κατεποντίσθησαν.
1720 3977 1892 4048 Οὗτος
1929 3984 2017 4038 διά

440 4078 750 4147 προσευχῆς
776 4077 1098 4146 αὐτομάτως
1143 4077 1327 4140 αὐτοῖς
1353 4076 1547 4146 δαψιλῆ
1590 4075 1793 4148 τροφὴν
1819 4076 2016 4148 ἰχθύων

441 4167 704 4236 παρέσχε,
765 4168 858 4221 καὶ
907 4165 1115 4219 πολλῶν
1167 4167 1499 4221 ἐκλιπόντων
1547 4166 1690 4237 ζωὴν
1737 4167 1908 4226 ἐλθεῖν
1953 4170 2017 4220 ἐκ

2108 2998 2202 3050 καὶ
2254 2991 2322 3067 ἦν
2360 2994 2497 3066 ἀνὴρ
2549 2993 2802 3067 σώφρων,
2837 2993 2979 3047 ὥστε
3029 2993 3327 3063 θαυμάζειν
3389 2996 3508 3060 τοὺς
3553 2996 3668 3046 ’1ου-

2109 3089 2289 3152 δαίους
2323 3087 2677 3150 πιστεύοντας
2722 3089 2801 3150 είς
2834 3085 2996 3140 αὑτὸν
3026 3081 3163 3139 εἶναι
3197 3086 3492 3140 σπάδοντα.
3519 3081 3667 3146 Οὗτος

2111 3177 2284 3232 πολλά
2320 3177 2613 3247 ἐπένθησεν
2641 3178 2734 3231 ἐπὶ
2760 3177 2849 3230 τὸν
2877 3176 3004 3232 λαὸν
3036 3179 3130 3230 καὶ
3165 3177 3264 3247 τὴν
3290 3177 3450 3229 πόλιν
3491 3178 3665 3246 Ἰερου-

2113 3269 2314 3340 σαλὴμ,
2345 3270 2440 3322 καὶ
2480 3271 2536 3322 ἐν
2574 3271 2849 3339 νηστείαις
2881 3271 3120 3342 ῆσκησεν
3194 3271 3300 3323 61:6
3333 3272 3517 3339 πάσης
3541 3267 3664 3339 βρώ-

2113 3377 2250 3422 σεως
2304 3360 2666 3431 ἐπιθυμητῆς,
2723 3343 3016 3432 σπέρματα
3071 3361 3176 3430 γῆς
3221 3360 3448 3414 ἐσθίωνο
3495 3359 3581 3412 καὶ
3607 3353 3664 3426 ἦν
3712 3348 3715 3351 ’

2113 3451 2252 3522 ἀνὴρ
2286 3449 2447 3521 ξηρὸς
2484 3451 2580 3520 μέν
2610 3451 2704 3504 καὶ
2737 3449 2938 3513 σπανὸς
2975 3451 3073 3522 τὴν
3119 3451 3313 3515 εἰδέαν,
3347 3451 3467 3504 ἀλλ’
3491 3449 3664 3519 ὡραῖος

2113 3543 2171 3594 ἐν
2196 3542 2378 3612 χάριτι
2420 3541 2698 3608 Ὑψίστου.
2741 3533 2910 3602 Οὗτος
2952 3539 3120 3594 πολλά
3164 3539 3369 3610 ηὑξατο
3417 3540 3549 3610 ὑπὲρ
3582 3535 3665 3590 τοῦ

2111 3629 2254 3683 Ναϐ.
2304 3628 2814 3702 παρακαλοῦντος...
2849 3629 2938 3682 ὅτε
2986 3628 3200 3697 ἐγένετο
3239 3629 3313 3692 ὡς
3367 3630 3550 3701 θηρίον
3586 3625 3665 3681 καὶ

2113 3718 2378 3789 κτῆνος...
2406 3717 2715 3790 ἐμπρόσθια
2741 3720 2818 3779 ὡς
2849 3718 2988 3789 βοὸς,
3019 3719 3157 3789 ἔχων
3182 3719 3242 3771 τὸ
3275 3722 3461 3791 σχῆμα
3487 3717 3662 3772 x612:-

2115 3809 2309 3880 φαλὴν,
2339 3807 2435 3862 καὶ
2467 3809 2517 3862 οἱ
2549 3808 2708 3871 πόδες
2745 3810 2842 3862 σὺν
2874 3811 2985 3870 τοῖς
3013 3807 3282 3871 ὀπισθίοις
3307 3809 3539 3870 λέοντος.
3568 3804 3662 3859 Καὶ

2115 3899 2472 3970 ἀπεκαλύφθη
2496 3898 2574 3970 τῷ
2597 3900 2731 3970 ὁσίῳ
2756 3916 2824 3951 πε
2835 3899 2886 3970 p1
2906 3897 3071 3952 αὑτοῦ
3093 3899 3155 3952 :6
3181 3900 3476 3970 μυστήριον
3505 3897 3664 3956 τοῦτο.

2115 3995 2196 4048 ὅτι
2228 3992 2424 4062 κτῆνος
2455 3992 2646 4061 γέγονε
2695 3992 2782 4046 διά
2814 3991 2912 4063 τὴν
2953 3990 3144 4058 ἀλογον
3175 3990 3339 4044 αὑτοῦ
3382 3990 3664 4059 φιληδονίαν

2118 4083 2213 4137 καὶ
2243 4080 2740 4152 σκληροτραχηλίαν
2760 4095 2772 4108 ·
2803 4079 2898 4132 καὶ
2920 4079 3000 4131 δτι
3023 4077 3099 4139 ὡς
3123 4075 3248 4146 βοῦς
3276 4075 3563 4143 ὑποζύγιον
3583 4071 3663 4140 γέ-

2117 4189 2240 4240 γονε
2284 4172 2362 4242 τῷ
2391 4172 2604 4240 Βελίαρ,
2639 4170 2777 4224 λέων
2821 4170 2875 4226 δέ
2900 4170 2988 4223 6:6
3013 4170 3075 4222 :6
3103 4169 3441 4240 ἁρπακτικὸν
3470 4165 3558 4220 καὶ
3583 4179 3659 4215 τνο

441 4257 576 4311 Θεοῦ
612 4257 1002 4327 παρεκάλεσεν.
1036 4252 1203 4318 υῦτος
1223 4256 1590 4326 ἀπολλυμένου
1619 4256 1711 4308 τοῦ
1743 4257 1873 4310 λαοῦ
1910 4257 2014 4309 ὑπὸ
2048 4267 2088 4320 ι)
2122 4264 2366 4333 ραννικὸν
2395 4263 2488 4316 καὶ
2510 4261 2772 4332 θηριῶδες
2799 4260 2891 4315 τοῦ
2919 4261 3117 4332 τρόπου
3149 4257 3336 4311 αὑτοῦ.
3365 4255 3546 4310 Ταῦτα
3571 4253 3664 4323 γὰρ

440 4345 550 4400 τῶν
578 4345 787 4415 ἐχθρῶν
820 4345 1124 4416 προσῆλθεν
1155 4347 1268 4408 τοῖς
1312 4345 1654 4416 ἡγουμένοις,
1689 4346 1785 4399 καὶ
1814 4349 2014 4416 σημεῖα

444 4435 678 4504 ποιήσας
704 4433 935 4504 ἔθραυσε
962 4435 1086 4498 τοῦς
1113 4433 1420 4504 πολεμίους,
1446 4434 1796 4506 καταπλήξας
1819 4436 2015 4498 αὐτοῦς

442 4525 754 4598 οὐρανόθεν.
778 4526 910 4580 Τότε
929 4524 1036 4596 γάρ
1053 4525 1276 4594 ἐλεγενό
1295 4526 1534 4598 Ἰσραὴλ,
1548 4527 2017 4595 ὅτιΔιαπεφωνή-

445 4632 653 4686 καμεν,
671 4615 989 4670 ἀπόλωλεν
1017 4617 1055 4683 ἡ
1072 4615 1248 4682 ἐλπὶς
1275 4614 1464 4686 ἡμῶν·
1482 4617 1575 4669 καὶ
1609 4618 1666 4671 ἐν
1688 4616 1877 4688 τέρασι
1905 4615 2015 4669 τῶν

443 4705 644 4760 ὀστέων
665 4705 771 4758 τῶν
797 4705 1002 4777 νεκρῶν
1014 4707 1209 4770 αὑτοὺς
1235 4705 1467 4771 ἔπεισεν,
1491 4707 1572 4760 ὅτι
1594 4706 1738 4760 ἐστιν
1765 4706 1919 4770 ἐλπὶς
1937 4706 2016 4778 τῷ

443 4795 684 4867 Ἰσραὴλ,
713 4797 808 4850 καὶ
839 4790 942 4849 ὧδε
973 4794 1114 4867 [καὶ]
1144 4796 1238 4847 ἐπὶ
1258 4795 1350 4848 τοῦ
1381 4795 1686 4864 μέλλοντος.
1711 4791 1878 4858 Οὗτος
1901 4795 2018 4848 ἐκεῖ

445 4886 520 4940 ὢν
549 4888 816 4940 ἐδείκνυεν
849 4885 925 4956 τῷ
967 4886 1080 4955 λαῷ
1109 4886 1326 4957 Ἰσραὴλ
1351 4886 1422 4938 τά
1449 4889 1505 4939 ἐν
1538 4886 1890 4956 Ἰερουσαλήμ
1919 4886 2015 4940 καὶ

445 4979 503 5030 ἐν
523 4978 602 5048 τῷ
631 4975 740 5048 ναῷ
770 4977 1056 5047 γενόμενα.
1089 4969 1256 5040 Οὗτος
1290 4977 1512 5048 ἡρπάγη
1543 4977 1749 5031 ἐκεῖθεν
1787 4978 1881 5030 καὶ
1916 4973 2015 5048 ἦλο

447 5068 536 5120 θεν
563 5071 640 5131 εἰς
678 5067 1034 5139 Ἰερουσαλὴμ
1053 5065 1173 5121 κατ’
1205 5065 1373 5136 αὐτὴν
1399 5065 1497 5137 τὴν
1528 5066 1676 5137 ῶραν
1696 5068 1775 5128 είς
1795 5067 2014 5138 ἔλεγχον

445 5159 553 5211 τῶν
583 5159 943 5212 ἀπειθούντων
967 5156 1104 5226 Θιῲ.
1131 5151 1298 5221 Οὗτος
1331 5158 1470 5212 κατά
1517 5159 1606 5212 τὸν
1643 5159 1881 5231 Μωῦσῆν
1909 5155 2014 5212 εἶδε

445 5247 536 5299 τὸν
565 5248 733 5302 τύπον
775 5249 869 5302 τοῦ
899 5247 1026 5303 ναοῦ
1061 5249 1155 5301 καὶ
1193 5249 1253 5302 τὸ
1285 5250 1459 5320 τεῖχος
1495 5251 1589 5304 καὶ
1621 5249 1680 5302 :6
1709 5251 2014 5321 περίτειχος

521 5379 595 5444 (Ι)
629 5381 752 5454 Παίς
796 5386 1044 5440 recensio
1077 5393 1360 5454 tantopere
1399 5387 1653 5440 convcnil
1689 5402 1812 5440 cum
1862 5395 2012 5440 textu

448 5459 514 5526 ου
540 5465 698 5516 quem
726 5452 978 5526 Peliayjius
1004 5452 1472 5526 appendicisiloco
1491 5465 1624 5509 :om.
1653 5457 1716 5519 Il,
1744 5471 1864 5526 pag.
1883 5457 2011 5526 245,

450 5514 636 5586 (supra
661 5522 765 5575 col.
802 5524 924 5592 405,
953 5514 1193 5593 ηυι’.’56)
1228 5540 1294 5580 ex
1325 5525 1642 5595 Angustano
1680 5514 1867 5582 0011ich
1894 5514 2012 5581 ειιὶἓ

1285 5648 1332 5672 θ

2118 4353 2332 4422 ἔχουσιν
2353 4354 2402 4404 οἱ
2429 4353 2684 4406 δυνάσται
2706 4354 2764 4406 ἐν
2787 4353 3019 4421 νεότητι,
3045 4349 3288 4402 τουτέστι
3311 4347 3373 4400 :6
3396 4345 3662 4417 κτηνῶδες⁶

2117 4445 2175 4497 ἐν
2201 4443 2412 4515 ὑστέρῳ
2439 4444 2495 4497 δὲ
2530 4443 2690 4514 θῆρες
2710 4444 2972 4511 γίνονται,
3000 4441 3352 4513 ἁρπάζοντες,
3378 4435 3664 4508 ὀλοθρεύονο

2116 4549 2224 4596 τες,
2259 4532 2626 4602 ἀναιροῦντες,
2660 4529 3070 4602 τυραννοῦντες,
3097 4528 3441 4592 ἀσεϐοῦντες,
3479 4524 3664 4580 πατάσ-

2119 4638 2330 4684 σοντεςο
2378 4621 2476 4684 τὰς
2523 4621 2580 4673 δὲ
2627 4619 2831 4675 τούτων
2865 4618 3098 4690 ἀμοιϐὰς
3148 4617 3299 4688 παρά
3338 4617 3434 4671 τοῦ
3475 4613 3664 4669 δικαίου

2117 4711 2304 4783 κριτοῦ
2323 4710 2458 4765 θεοῦ
2480 4710 2973 4781 ἀπολαμϐάνοντες.
3006 4709 3186 4778 Ἔγνω
3205 4705 3298 4762 οὖν
3321 4708 3412 4761 διά
3433 4705 3523 4760 τοῦ
3546 4703 3664 4757 Θεοῦ

2115 4804 2144 4855 6
2174 4802 2338 4863 ὅσιος,
2377 4801 2460 4854 δτι
2493 4801 2569 4862 ὡς
2612 4800 2736 4869 βοῦς
2765 4800 2920 4871 ἥσθιε
2949 4800 3139 4870 χόρτον
3173 4800 3266 4852 καὶ
3295 4797 3508 4867 ἐγένετο
3533 4791 3666 4860 αὑτῴ

2115 4889 2463 4961 ἀνθρωπίνης
2511 4889 2906 4959 (ἀνανθρωπ.ἱδ)
2952 4889 3164 4958 φύσεως
3203 4887 3377 4959 τροφὴ
3404 4888 3431 4940 ὁ
3471 4885 3664 4956 χόρτοςο

2115 4980 2214 5034 Διά
2240 4980 2396 5035 τοῦτο
2424 4981 2516 5034 καὶ
2543 4982 2571 5033 6
2598 4979 2737 5033 Ναϐ.
2761 4979 2898 5050 μετά
2925 4981 3021 5050 τὴν
3049 4979 3210 5048 πέψιν
3239 4979 3334 5046 τῆς
3369 4975 3588 5048 τροφῆς,
3616 4971 3664 5021 έν

2118 5072 2313 5141 καρδίᾳ
2333 5069 2616 5141 ἀνθρώπου
2632 5070 2943 5140 γενόμενος,
2957 5068 3138 5121 ἔκλαιε
3163 5067 3258 5120 καὶ
3279 5066 3430 5138 ἠξίου
3453 5064 3664 5132 Κύριον,

2117 5163 2285 5216 νύκτα
2314 5163 2408 5214 καὶ
2429 5161 2643 5232 ἡμέραν
2675 5159 3176 5232 τεσσαρακοντάκις
3212 5157 3479 5228 δεόμενος.
3515 5146 3663 5214 Ὠςδὶ

2116 5255 2402 5322 ἐπεγένετο
2431 5253 2599 5324 αὑτῷ,
2645 5253 2740 5305 καὶ
2771 5251 3079 5316 ἐλάνθανεν,
3107 5250 3187 5302 ὅτι
3217 5251 3434 5319 γέγονεν
3471 5244 3666 5314 ἀνθρω-

2115 5386 2216 5448 dit,
2248 5393 2304 5436 ιιι
2329 5400 2391 5439 ea
2430 5392 2640 5438 tantum
2674 5399 2738 5437 ex
2764 5383 3100 5453 (inisliniano
3144 5382 3350 5453 codice»
3373 5376 3660 5453 exscribain

2115 5469 2235 5524 quae
2267 5456 2335 5505 ah
2368 5453 2458 5507 illo
2483 5454 2756 5507 diﬂerunl.
2792 5452 3052 5524 Diﬂcrun:
3088 5458 3268 5504 autem
3303 5451 3551 5519 pleraque
3592 5451 3662 5500 sic

2117 5523 2176 5579 ii:
2217 5525 2379 5579 editis
2430 5532 2686 5595 pi'wslarc
2721 5525 2928 5578 clarum
2976 5523 3064 5576 sit.
