3948 6196
422 264 512 322 ίΞἹ
1682 241 1888 301 DUBIA
1922 240 2065 300 AUT
2104 235 2379 299 SPURIA.

3566 242 3676 298 498

414 374 497 426 ὅτι
522 365 594 423 τά
632 364 770 421 ὀστᾶ
805 362 914 417 τῶν
962 358 1152 430 ἱερέων
1180 353 1327 427 (cod.
1357 350 1518 425 -ρῶν)
1543 350 1637 410 τοῦ
1678 352 1825 407 Βάαλ
1857 350 2001 420 (cod.
2032 354 2078 411 Α
2105 350 2531 425 συκοφαντηθεὶς
2576 351 2681 406 ὑπὸ
2718 351 2826 407 τῶν
2871 350 3137 423 αἱρέσεων
3185 338 3536 423 κατηγορήθη
3582 351 3676 406 ἐπὶ

416 458 549 523 Βάλ)
580 454 916 511 κατακαύσει
948 451 1040 505 ἐπὶ
1075 446 1170 501 τοῦ
1218 444 1624 517 θυσιαστηρίου,
1672 442 1801 496 ἔνθα
1840 443 2001 514 Ἰερο-

420 550 567 620 6οάμ
596 547 750 601 ἔθυεν
781 536 860 601 τῷ
885 539 1052 595 Βάαλ.
1093 538 1205 591 Καὶ
1235 534 1669 608 προφητεύοντος
1712 532 1877 589 αὐτοῦ
1914 532 2000 598 ὲξ-

422 642 626 697 έτεινεν
650 641 678 690 ὁ
704 634 954 705 βασιλεὺς
979 631 1078 701 τὴν
1111 630 1271 699 χεῖρα
1301 625 1467 681 αὑτοῦ
1504 625 1785 681 συλλαϐεῖν
1813 625 1998 691 αὐτὸν,

424 732 517 785 καὶ
554 725 825 797 ἐξηράνθη
850 724 884 793 ὴ
921 722 1042 793 χεὶρ
1071 719 1163 774 τοῦ
1194 718 1457 789 βασιλέως
1486 719 1819 788 παραυτίκα.

493 821 570 873 Θ’.
601 818 703 872 Καὶ
734 816 881 870 ἄλλοι
928 815 986 867 δὲ
1031 810 1309 883 προφῆται
1362 810 1610 877 ἐγένοντο
1643 808 1898 879 κρυπτοὶ,
1925 799 2000 860 ὧν

420 912 489 965 τὰ
519 910 758 978 ὀνόματα
791 905 1115 976 ἐκφέρονται
1160 907 1218 959 ὲν
1256 905 1373 965 ταῖς
1402 900 1773 970 γενεαλογίαις
1799 898 1999 966 αὐτῶν,

422 1006 515 1057 ἐπὶ
564 1002 760 1072 βίϐλων
808 998 1090 1067 ὀνομάτων
1136 995 1354 1067 Ἰσραήλ
1376 1011 1389 1024 ·
1424 993 1727 1064 ἐγράφοντο
1758 990 1864 1063 γὰρ
1894 992 2002 1043 πᾶν

421 1095 579 1164 γένος
628 1090 843 1163 Ἰσραὴλ
890 1090 983 1142 καὶ¹
1026 1086 1378 1156 τά.ὁνόματα
1424 1084 1534 1137 τῶν
1580 1082 1876 1154 προφητῶν
1907 1081 2004 1133 καὶ

421 1185 583 1238 ὁσίων
614 1180 843 1253 ἀνδρῶν,
873 1180 965 1232 καὶ
990 1180 1018 1231 ὁ
1042 1178 1267 1239 θάνατος
1292 1174 1470 1229 αὐτῶν
1499 1174 1591 1226 καὶ
1618 1172 1686 1226 τὰ
1720 1171 2005 1242 ἀξιώματα

422 1273 622 1335 αὐτῶν,
655 1272 748 1324 καὶ
774 1269 900 1321 πότε
921 1266 1263 1338 ἀπέθνησκον
1284 1280 1297 1296 ·
1326 1264 1421 1318 καὶ
1448 1258 1516 1334 ῆν
1544 1264 1624 1325 εἱς
1658 1260 2001 1332 μνημόσυνον

420 1364 529 1417 τῶν
578 1362 766 1433 ἱερέων
811 1360 905 1414 καὶ
949 1356 1209 1429 βασιλέων
1264 1355 1360 1408 καὶ
1415 1353 1713 1428 προφητῶν
1756 1353 1851 1407 καὶ
1892 1350 2002 1406 τῶν

425 1454 765 1526 μεγιστάνων
793 1452 886 1505 καὶ
912 1450 1076 1503 ὁσίων
1105 1446 1336 1518 ἀνδρῶν.

492 1549 548 1602 I'.
580 1547 809 1616 Σίμωνὸ
839 1542 950 1607 υἱὸς
979 1541 1071 1595 τοῦ
1104 1540 1333 1605 Κλωπᾶ,
1357 1540 1385 1592 ὁ
1413 1537 1631 1607 ἀνεψιὸς
1652 1535 1745 1590 τοῦ
1771 1535 1999 1604 Κυρίου,

2106 444 2355 499 ’Δττικοῦ
2385 444 2677 500 ὑπατικοῦ.
2718 445 2829 499 Kal
2859 444 2951 497 ἐπὶ
2990 441 3191 506 πολλάς
3230 442 3444 514 ἡμέρας
3475 443 3666 508 αἱκιξόν

2108 554 2264 607 μενος
2286 536 2686 610 ἐμαρτύρησεν,
2706 536 2781 599 ὼς
2803 535 3014 599 πάντας
3036 533 3457 607 ὑπερθαυμάσαι
3478 535 3574 587 καὶ
3592 535 3681 589 τὸν

2107 630 2387 695 ὑπατικὸν,
2418 629 2535 693 πῶς
2577 635 2655 701 ρκ’
2687 627 2822 683 ἐτῶν
2850 628 3131 697 τυγχάνων
3175 626 3435 697 ὑπέμεινε
3468 624 3568 690 τὰς
3602 622 3679 680 αξ·
3738 668 3775 683 κ

2108 722 2258 785 κίας·
2298 722 2392 775 καὶ
2422 722 2706 774 ἐκέλευσεν
2731 719 2893 773 αὐτὸν
2925 717 3326 789 σταυρωθῆναι.

2177 814 2288 867 Καὶ
2314 813 2484 866 ταῦτα
2534 813 2632 883 μὲν
2679 812 2837 882 μέχρι
2867 812 3093 866 τούτων.
3122 809 3434 881 Παρακαλῶ
3474 809 3534 862 δὲ
3559 811 3679 872 τοὺς

2105 905 2528 976 ἐντυγχάνοντας
2566 904 2703 974 τῷδε
2741 903 2819 975 τῷ
2846 904 3123 974 πονήματι
3144 902 3311 973 ἧγουν
3330 900 3409 971 τῷ
3428 902 3680 973 ἱστορικῷ

2105 998 2264 1068 διηγὴ
2275 1015 2422 1067 ματι,
2452 996 2616 1068 εὐχὰς
2648 998 2780 1067 ἡμῖν
2806 995 3108 1050 ἀντιδοῦναι
3132 995 3224 1049 τοῦ
3251 994 3451 1047 κόπου·
3480 994 3683 1065 νομίζω

2108 1085 2217 1157 γάρ
2245 1086 2305 1138 οὐ
2334 1085 2537 1155 μικρὰν
2565 1085 2849 1154 τυγχάνειν
2865 1085 2965 1154 τὴν
2992 1086 3056 1137 ἐκ
3086 1083 3292 1137 τούτων
3312 1082 3599 1152 ὠφέλειαν,
3622 1084 3684 1136 τὸ

2114 1176 2188 1247 μὴ
2214 1176 2426 1243 ἀγνοεῖν
2462 1174 2562 1243 τὴν
2598 1173 2707 1226 τῶν
2741 1174 2913 1242 ἁγίων
2955 1173 3159 1227 τούτων
3192 1174 3469 1228 πολιτείαν
3506 1191 3567 1227 τε
3591 1174 3686 1227 καὶ

2105 1267 2404 1330 τελείωσιν,
2424 1266 2506 1318 ὅτι
2535 1266 2722 1336 μνήμη
2745 1265 2953 1318 δικαίου
2976 1264 3093 1336 μετ’
3116 1265 3424 1335 ἐγκωμίων,
3444 1266 3539 1318 καὶ⁸
3550 1264 3686 1319 διότι

2109 1358 2142 1427 ἡ
2178 1354 2312 1426 πρὸς
2338 1355 2465 1418 τοὺς
2495 1353 2733 1423 ἀγαθοὺς
2764 1354 2871 1408 τῶν
2901 1352 3205 1424 ὁμοδούλων
3241 1353 3374 1425 τιμὴ
3412 1352 3686 1421 ἀπόδειξιν

2109 1445 2222 1517 ἔχει
2247 1446 2347 1518 τῆς
2386 1444 2522 1517 πρὸς
2549 1444 2641 1499 τὸν
2669 1444 2847 1499 κοινὸν
2873 1443 3138 1517 δεσπότην
3171 1445 3403 1510 εὐνοίας.

1170 1906 1852 2074 SANCTI
1960 1900 2803 2060 EPIPHAN
2810 1904 2951 2055 ΙΙ

1648 2198 2416 2332 HOMILIfE.

429 2654 580 2712 Beati
636 2652 915 2722 Epiphanii
955 2650 1183 2721 episcopi
1212 2648 1373 2735 (ἔφηςὶ
1417 2665 1471 2703 ιη
1503 2648 1587 2703 die
1620 2647 1753 2713 [esto
1786 2643 2007 2699 Palma—

1082 2738 1201 2775 rum
1233 2720 1370 2791 (61).

938 2830 1196 2895 Benedic,
1236 2830 1489 2885 Domine.

497 2926 686 2984 Gaude
733 2925 1027 2998 plurimum
1054 2963 1069 2987 ,
1123 2922 1235 2976 ﬁlia
1266 2921 1421 2987 Sion,
1475 2921 1689 2985 laetare,
1729 2916 1924 2990 gaude,
1956 2925 2011 2973 et

427 3022 665 3083 exsulta,
700 3018 961 3073 universa
1010 3014 1104 3070 Dei
1139 3013 1408 3071 Ecclesia.
1446 3012 1587 3068 Ecce
1617 3014 1761 3067 enim
1808 3013 2007 3067 iterum

428 3109 644 3165 accedit
673 3105 741 3160 ad
788 3115 839 3161 te
881 3104 1027 3168 Rex;
1074 3117 1204 3158 ecce
1232 3100 1471 3172 sponsus
1518 3108 1648 3156 tuus
1682 3100 1831 3171 pullo
1862 3099 2011 3155 velut

427 3202 634 3256 throno
685 3197 934 3253 insidens
978 3194 1147 3250 venit.
1203 3192 1573 3249 Procedamus
1620 3193 1698 3247 illi
1747 3191 2008 3255 obviam,

428 3292 775 3355 festinemus,
825 3296 885 3342 ut
926 3285 1049 3357 ejus
1101 3286 1384 3342 videamus
1406 3285 1680 3357 gloriam;
1722 3284 2009 3354 ingressus

428 3382 577 3438 illius
628 3382 892 3435 honorem
938 3378 1193 3433 alacriter
1244 3391 1713 3447 praeoccupemus.
1764 3373 2005 3446 [lterum

427 3471 633 3526 mundo
659 3470 809 3526 salus
840 3486 852 3522 :
890 3469 1089 3524 iterum
1124 3467 1267 3524 Deus
1310 3468 1378 3522 ad
1407 3482 1624 3523 crucem
1657 3464 1867 3537 venit.]
1899 3467 2008 3521 Ite~

428 3579 550 3618 rum
594 3577 692 3618 rex
734 3561 891 3630 Sion,
932 3561 1273 3632 exspectatio
1312 3561 1553 3632 gentium
1596 3559 1652 3614 in
1697 3559 1830 3614 Sion
1878 3572 2007 3628 pro-

428 3652 693 3724 greditur,
740 3654 939 3709 iterum
976 3653 1182 3707 mundo
1230 3652 1462 3709 salutem
1511 3651 1762 3723 largitur,
1808 3651 2007 3705 iterum

428 3747 525 3801 lux
556 3736 815 3811 mittitur,
852 3745 1053 3801 iterum
1078 3758 1235 3799 error
1278 3743 1589 3814 expellitur,
1622 3743 1822 3799 iterum
1852 3741 2008 3796 ﬂoret

433 3839 652 3903 veritas,
699 3839 899 3894 iterum
931 3837 1177 3893 Ecclesia
1211 3836 1364 3891 ducit
1393 3836 1616 3902 choros,
1667 3835 1863 3890 iterum
1903 3833 2007 3905 Sy-

426 3944 637 4001 nagoga
667 3929 945 3993 v'iduatur,
983 3930 1179 3984 iterum
1216 3928 1494 3984 dmmones
1525 3927 1733 3997 pudore
1768 3925 2004 3980 afﬁciun-

427 4029 538 4083 tur,
572 4019 770 4075 iterum
807 4020 1039 4076 solvitur
1065 4018 1396 4082 maledictio,
1425 4017 1624 4073 iterum
1652 4015 2003 4071 confundun-

426 4119 518 4164 tur
545 4108 740 4175 Judaai,
776 4110 975 4165 iterum
1014 4110 1184 4163 draco
1227 4109 1550 4173 conteritur,
1590 4100 2005 4179 iterum-gentes

424 4202 824 4265 exhilarantur,
884 4201 1081 4254 iterum
1135 4200 1570 4254 ornatur-Sion.
1622 4191 1878 4254 Christus
1948 4198 2003 4252 in

422 4292 576 4362 pullo
616 4300 873 4359 tanquam
921 4290 976 4341 in
1028 4289 1227 4341 throno
1262 4288 1459 4343 sedens
1500 4289 1785 4357 procedit:
1824 4288 2005 4343 exsul-

426 4391 559 4447 tate,
596 4381 722 4436 οωιί
752 4397 767 4445 ;
799 4380 1033 4450 hymnos
1062 4379 1249 4444 dicite,
1282 4379 1489 4449 angeli;
1530 4379 1806 4443 lartamini,
1846 4395 2007 4434 mon-

426 4480 549 4538 tes;
576 4470 811 4535 exsilite,
831 4470 1032 4537 colles;
1058 4469 1320 4540 plaudite,
1348 4470 1604 4537 ﬂumina;
1627 4472 1719 4542 qui
1749 4471 2006 4528 habitatis

429 4559 584 4626 Sion,
606 4557 791 4614 ducite
815 4558 1067 4622 choreas;
1100 4557 1373 4623 Ecclesiae,
1392 4557 1642 4629 gaudete;
1669 4558 2003 4623 sacerdotes,

425 4652 661 4724 hymnos
683 4649 875 4717 dicite;
898 4650 1194 4721 prophetat,
1221 4651 1511 4720 praevenite
1533 4668 1548 4718 ;
1568 4650 1844 4721 discipuli,
1868 4666 2009 4721 pra:-

424 4744 638 4809 dicate;
670 4742 814 4800 exite
842 4742 1300 4813 obviam,populi;
1324 4744 1657 4813 concurrite,
1678 4761 1837 4802 senes
1856 4764 1871 4815 ;
1893 4762 2010 4801 ma-

426 4846 557 4901 tres,
580 4835 810 4891 choreas
834 4835 977 4905 agite
999 4851 1015 4896 ;
1038 4834 1340 4902 iactentes,
1385 4838 1585 4904 canite;
1611 4837 1859 4907 juvenes,
1892 4839 2009 4894 cla-

2861 2531 2942 2583 A’.

2116 2643 2229 2699 Τοῦ
2246 2643 2323 2701 ἐν
2338 2642 2532 2715 ἀβίοις
2552 2642 2781 2712 Πατρός
2800 2641 2971 2711 ἡμῶν
2992 2640 3337 2715 Enipea-Iov
3354 2643 3701 2703 ἐπισκόπου

2566 2717 2809 2783 Κύπρου
2842 2715 2929 2779 εἱς
2957 2711 3029 2765 τὰ
3059 2714 3230 2767 Rata.

2638 2826 2834 2898 Κύριε,
2878 2826 3073 2897 εύλόγη
3084 2844 3193 2879 σον.

2179 2920 2350 2992 Χαῖρε
2377 2920 2604 2991 σφόδρα,
2628 2918 2865 2990 θύγατερ
2895 2918 3054 2985 Σιὼν,
3089 2918 3293 2990 τέρπου
3329 2918 3423 2971 καὶ
3458 2918 3703 2988 ἀγάλλου

2113 3011 2230 3085 [καὶ
2252 3010 2592 3083 εύφραίνου],
2635 3012 2784 3064 πᾶσα
2820 3013 2855 3082 ἡ
2912 3010 3207 3080 Ἐκκλησία
3248 3010 3339 3064 τοῦ
3366 3010 3501 3065 Θεοῦ
3530 3028 3543 3040 ·
3583 3013 3705 3067 ἱδοὺ

2110 3103 2217 3176 γάρ
2250 3102 2411 3157 πάλιν
2444 3103 2473 3155 ὁ
2518 3101 2779 3165 Βασιλεὺς
2818 3102 2953 3174 πρὸς
2979 3103 3038 3157 σὲ
3077 3104 3455 3175 παραγίνεται.
3492 3104 3625 3157 Ἰδοὺ
3667 3104 3703 3157 ὁ

2113 3194 2205 3258 σὸς
2234 3194 2465 3265 νυμφίος
2519 3194 2614 3247 ἐπὶ
2659 3192 2839 3247 πώλου
2873 3192 2969 3265 [ὡς
3017 3195 3109 3247 ἐπὶ
3137 3193 3349 3267 θρόνου]
3386 3195 3706 3267 καθήμενος

2110 3288 2352 3360 ἔρχεται.
2401 3286 2736 3356 Ἐξέλθωμεν
2770 3286 2850 3349 εἱς
2878 3284 3181 3355 ἀπάντησιν
3215 3286 3399 3350 αὑτοῦ,
3439 3287 3706 3340 σπεύσω-

2114 3395 2215 3449 μεν
2248 3376 2452 3431 ἱδέσθαι
2475 3375 2572 3445 τὴν
2592 3372 2748 3439 δόξαν
2780 3373 2968 3439 αὑτοῦ,
3018 3375 3422 3445 προφθάσωμεν
3452 3375 3709 3447 φαιδρῶς

2111 3471 2192 3533 εἱς
2218 3466 2381 3540 τιμὴν
2412 3466 2514 3537 τῆς
2548 3465 2755 3519 εἰσόδου
2789 3466 2974 3520 αὐτοῦ.
3008 3465 3201 3538 [Πάλιν
3230 3466 3307 3537 τῷ
3347 3467 3539 3538 κόσμῳ
3584 3484 3707 3521 σω·

2108 3559 2294 3630 τηρία,
2345 3557 2506 3612 πάλιν
2550 3557 2579 3609 ὁ
2612 3556 2744 3620 Θεὸς
2781 3557 2873 3609 ἐπὶ
2902 3557 3131 3627 σταυρὸν
3168 3556 3435 3628 ἔρχεται.]
3469 3557 3645 3610 Πάλιν
3676 3560 3710 3611 ὁ

2113 3647 2368 3719 βασιλεὺς
2388 3645 2548 3712 Σιὼν,
2582 3645 2691 3699 τῶν
2717 3646 2889 3700 ἐθνῶν
2916 3647 2949 3717 ἡ
2983 3646 3276 3718 προσδοκία
3306 3648 3397 3700 ἐπὶ
3424 3647 3526 3717 τὴν
3556 3648 3711 3703 Σιὼν

2111 3741 2351 3812 ἔρχεται,
2388 3740 2551 3794 πάλιν
2575 3738 2652 3809 τῷ
2670 3739 2860 3811 κόσμῳ
2882 3739 3155 3811 σωτηρίαν
3191 3741 3491 3812 χαρίζεται,
3530 3742 3717 3797 πάλιν

2110 3834 2171 3888 τὸ
2195 3834 2310 3904 φῶς
2366 3833 2672 3903 ἐφίσταται,
2707 3834 2869 3888 πάλιν
2899 3836 2933 3906 ἡ
2974 3834 3149 3906 πλάνη
3186 3836 3481 3902 πέπαυται,
3529 3837 3716 3893 πάλιν

2033 3889 2079 3947 (³
2109 3889 2262 3981 ἀνθεῖ
2349 3889 2594 3998 ἀλήθεια,
2647 3889 2810 3981 πάλιν
2834 3929 2867 3997 ἡ
2915 3889 3207 3998 δεκκληέία
3246 3889 3481 3999 χορεύει,
3531 3889 3717 3985 πάλὲρ

2108 4020 2142 4091 ἡ
2190 4018 2489 4089 Συναγωγὴ
2534 4016 2781 4088 χηρεύει,
2810 4016 2973 4073 πάλιν
3027 4018 3370 4089 αἰσχύνονται
3418 4019 3713 4090 δαίμονες,

2108 4110 2267 4164 πάλιν
2306 4112 2516 4182 κατάρα
2564 4108 2772 4175 λύεται,
2819 4109 2980 4163 πάλιν
3030 4108 3268 4181 Ἑϐραῖοι
3308 4111 3712 4182 ταράττονται,

2108 4200 2270 4253 πάλιν
2295 4202 2324 4253 ὁ
2360 4201 2576 4271 δράκων
2616 4200 2980 4272 συντρίϐεται,
3012 4200 3173 4253 πάλιν
3205 4201 3271 4254 τὰ
3305 4200 3432 4272 ἔθνη
3466 4202 3719 4273 εὐφραι-

2108 4309 2309 4355 νονται,
2336 4292 2496 4345 πάλιν
2529 4292 2669 4345 Σιὼν
2708 4292 3126 4357 καλλωπίζεται.
3177 4294 3410 4363 Χριστὸς
3449 4295 3544 4347 ἐπὶ
3577 4294 3720 4348 πώ·-

2108 4384 2199 4437 λου
2228 4385 2303 4448 ὠς
2331 4387 2423 4439 ὲπὶ
2466 4385 2655 4457 θρόνου
2709 4386 3015 4457 καθήμενος
3056 4385 3318 4457 ἔρχεται·
3352 4387 3403 4440 οἱ
3444 4387 3715 4457 οὐρανοὶ,

2108 4476 2425 4545 ἀγάλλεσθε·
2454 4477 2695 4547 ἄγγελοι,
2726 4480 3020 4550 ὑμνήσατε·
3051 4479 3118 4532 τά
3151 4479 3272 4551 ὅρη,
3297 4480 3673 4550 εὐφραίνεσθε
3694 4498 3717 4516 ο

2107 4571 2156 4622 οἱ
2198 4570 2394 4639 βουνοὶ,
2447 4571 2808 4642 σκιρτήσατε·
2851 4571 3106 4642 ποταμοὶ,
3145 4573 3485 4643 κροτήσατε·
3535 4573 3583 4625 οξ
3646 4576 3723 4628 ὲν

2109 4659 2268 4726 Σιὼν,
2316 4660 2649 4731 χορεύσατε·
2706 4664 2763 4716 αἱ
2804 4662 3150 4732 Ἐκκλησίαι,
3196 4664 3448 4734 χαίρετε·
3502 4666 3719 4733 ἱερεῖς,

2110 4749 2419 4820 ὑμνήσατε·
2448 4749 2747 4820 προφῆται,
2794 4752 3147 4823 προφθάσατε
3170 4769 3183 4783 ·
3224 4752 3481 4823 μαθηταὶ,
3516 4755 3726 4825 κηρύ-

2110 4837 2267 4904 ξατε·
2300 4838 2440 4905 λαοὶ,
2469 4840 2817 4912 ἀπαντήσατε
2844 4860 2857 4871 ·
2890 4842 3211 4915 πρεσϐῦται,
3239 4842 3572 4914 συνδράμετε
3592 4860 3613 4875 ⁸
3653 4848 3726 4900 αἱ

2114 4932 2369 5002 μητέρες,
2388 4932 2703 5003 χορεύσατε·
2726 4937 2775 4988 οἱ
2798 4934 3142 5006 θηλάζοντες,
3162 4936 3329 5008 ᾄσατε
3350 4952 3367 4968 ·
3391 4937 3730 5003 νεανίσκοι,

424 5016 625 5077 omnis,
642 5014 820 5070 omnis
832 5014 988 5080 ordo,
1003 5015 1181 5070 omnis
1195 5016 1439 5085 spiritus,
1453 5018 1631 5072 omnis
1650 5026 1812 5083 terra,
1831 5020 2005 5076 omnis

2113 5020 2373 5093 βοήσατε·
2424 5022 2492 5076 τά
2529 5022 2680 5095 ἔθνη,
2723 5026 3044 5099 συνάχθητε.
3088 5029 3244 5081 Πᾶσα
3292 5027 3488 5094 κτίσις,
3542 5030 3730 5083 πᾶσα.

423 5104 682 5176 dignitas,
716 5103 895 5158 omnis
922 5110 1075 5166 tetas,
1119 5103 1300 5157 omnis
1332 5104 1503 5166 natio,
1546 5119 1708 5161 omne
1748 5122 2005 5178 regnum,

2113 5110 2295 5180 φύσις,
2328 5114 2478 5166 πᾶσα
2524 5113 2697 5180 τάξις,
2748 5118 2897 5170 πᾶσα
2956 5118 3114 5189 πνοὴ,
3156 5120 3305 5171 πᾶσα
3336 5119 3369 5188 ἡ
3396 5118 3491 5188 γῆ,
3540 5121 3734 5177 πᾶσα

426 5195 554 5268 Regi
581 5210 765 5266 regum
795 5194 962 5266 regali
1001 5194 1151 5249 cultu
1198 5195 1413 5250 obviam
1458 5210 1675 5263 eamus,
1714 5197 2005 5254 Dominum

2113 5202 2254 5268 ἀξία,
2289 5206 2438 5258 πᾶσα
2474 5206 2681 5275 ἡλικία,
2724 5210 2874 5263 πᾶσα
2920 5209 3201 5281 ὲθναρχία,
3240 5212 3388 5262 πᾶσα
3421 5209 3734 5279 βασιλεία,

425 5288 798 5353 dominorum,
869 5288 947 5342 uti
1001 5286 1289 5341 Dominum
1341 5303 1440 5358 par
1490 5299 1610 5353 est,
1665 5291 1998 5357 adoremus,

2113 5294 2402 5364 βασιλικῶς
2450 5297 2526 5368 τῷ
2556 5299 2778 5353 Βασιλεῖ
2822 5299 2933 5355 τῶν
2961 5301 3226 5372 βασιλέων
3266 5298 3736 5372 ἀπαντήσωμεν,

427 5377 537 5434 Deo
560 5379 787 5435 deorum
815 5379 1076 5437 divinitus
1098 5394 1383 5446 canamus,
1409 5395 1614 5451 sponso
1640 5380 2001 5452 incorruptioo

2113 5388 2439 5452 δεσποτικῶς
2465 5390 2545 5460 τῷ
2585 5392 2830 5464 Δεσπότῃ
2865 5392 2973 5447 τῶν
3001 5392 3274 5447 δεσποτῶν
3307 5392 3746 5463 προσκυνήσει)-

426 5468 533 5535 nis,
563 5470 754 5541 quales
788 5472 1033 5529 divinum
1065 5472 1259 5530 dcccnt
1287 5488 1575 5543 sponsum,
1604 5474 1804 5533 choros
1833 5474 2002 5532 duca-

2113 5494 2227 5546 μεν,
2273 5477 2351 5548 τῷ
2403 5478 2521 5550 Θεῷ
2561 5480 2670 5537 τῶν
2711 5480 2847 5537 θεῶν
2905 5482 3099 5547 θεῖκῶς
3132 5480 3556 5554 ἀναμέλψωμεν,
3632 5486 3737 5559 τῷ

425 4936 590 4991 male;
612 4924 1035 4995 congregamini,
1066 4934 1269 4993 gentes.
1300 4923 1490 4981 Omnis
1516 4941 1788 4993 creatura,
1815 4937 2009 4985 natura

496 5621 610 5690 (6i)
643 5622 941 5695 interprete
971 5627 1032 5680 Ι).
1066 5631 1300 5685 (lousan
1331 5629 1549 5686 Poncio.
