3948 6196
432 395 532 454 451

1730 395 1818 452 DU
1831 396 1937 450 Bl-A
1974 396 2116 451 AllT
2150 396 2418 451 S’PURIA.

3581 405 3681 463 632

437 514 725 580 mundum,
771 514 864 571 sed
910 514 1084 583 ipsum
1128 517 1328 563 servat.
1361 510 1420 563 In
1462 526 1567 580 qua
1596 509 1846 569 Christus
1886 527 2012 567 vera

2128 516 2321 586 κρῖνον,
2369 513 2505 568 ἀλλὰ
2562 514 2733 579 σῶζον
2783 514 2874 569 τὸν
2905 514 3128 586 κόσμον.
3174 509 3320 591 Ἐνῇ
3350 517 3603 588 Χριστὸς,
3627 524 3687 575 τδ

432 607 579 662 viola
613 606 992 676 a‘grotantium
1029 602 1250 657 morbos
1285 617 1523 669 sanans;
1566 602 1753 671 inqua
1778 613 1833 658 et
1858 605 2015 659 vinea

437 699 553 767 ipse
577 705 681 760 est,
705 697 893 750 dicens
923 712 935 748 :
963 693 1076 763 Ego
1107 710 1223 746 sunt
1250 694 1369 746 vitis
1398 710 1518 747 vera
1543 700 1592 758 ¹;
1629 694 1681 747 in
1705 710 1813 764 qua
1839 702 1895 748 et
1916 696 2018 749 oli-

435 797 640 849 vetum,
673 786 764 855 qui
797 785 934 839 adeo
969 793 1253 854 sperantes
1292 784 1347 837 in
1392 800 1451 838 se
1491 800 1588 854 per
1615 800 1771 839 suam
1802 784 2019 841 miseri-

436 876 675 931 cordiam
728 882 909 930 servat
958 876 1296 940 incolumes;
1352 875 1404 927 in
1459 890 1565 944 qua
1621 876 1821 930 radicis
1867 875 2020 933 Jcsse

437 968 696 1039 antiquus
726 975 851 1021 ante
880 967 1079 1021 saicula
1108 982 1296 1021 ramus
1326 967 1465 1020 citra
1501 967 1710 1021 cultum
1738 976 1793 1021 et
1826 967 2019 1023 fossio—

435 1074 558 1114 nem
596 1058 820 1112 humani
863 1056 1090 1113 seminis
1132 1057 1496 1127 germinavit;
1534 1058 1588 1111 in
1618 1073 1723 1127 qua
1762 1058 2020 1127 perennis

438 1150 596 1216 fons;
634 1150 818 1219 inqua
849 1164 957 1204 non
987 1148 1136 1203 ﬂuvii
1182 1147 1426 1219 Physon,
1472 1148 1686 1215 Gehon,
1739 1150 1939 1220 Tigris,
1969 1157 2023 1205 et

439 1241 743 1311 Euphrates
777 1240 1155 1310 reperiuntur,
1183 1255 1374 1294 verum
1422 1239 1728 1305 Matthaeus,
1760 1239 1978 1296 Marcus
2003 1281 2019 1306 ,

437 1332 616 1388 Lucas
665 1341 720 1388 et
759 1331 1028 1396 Joannes,
1091 1332 1185 1402 qui
1245 1330 1451 1387 Christi
1499 1331 1756 1387 Ecclesia:
1795 1332 2024 1404 irrigant

438 1422 706 1475 hortum:
747 1419 839 1474 ubi
894 1419 1150 1490 frequens
1206 1419 1369 1474 hodie
1415 1436 1481 1475 ex
1535 1422 1685 1474 omni
1733 1421 2024 1490 iuventute

439 1528 765 1577 concursus,
797 1518 1055 1581 tanquam
1087 1512 1228 1567 oliva
1260 1510 1513 1581 fecunda,
1553 1513 1724 1568 olivas
1754 1520 2019 1578 tenentes,

439 1603 656 1659 Christo
719 1603 1060 1660 misericordi
1109 1618 1174 1658 ac
1224 1603 1536 1660 miseratori
1603 1604 1977 1674 supplicamus
2006 1645 2021 1669 ,

440 1694 667 1765 plantati
712 1694 768 1749 in
817 1694 983 1751 domo
1036 1695 1272 1758 Domini,
1333 1697 1391 1751 in
1441 1696 1595 1752 atriis
1638 1696 1812 1767 ipsius
1855 1712 2022 1752 verno

439 1796 683 1857 tempore
708 1787 1137 1854 etiiorescentes,
1170 1789 1368 1845 festum
1395 1789 1650 1846 ducimus
1675 1791 1841 1856 diem,
1872 1790 2021 1860 iega-

440 1878 543 1931 lem
577 1877 811 1933 hiemem
854 1879 1145 1933 abeuntem
1177 1888 1491 1936 cernentes.

512 1969 733 2026 Festum
768 1986 887 2041 age,
928 1971 1132 2027 Christi
1169 1971 1432 2037 Ecclesia,
1460 1987 1569 2026 non
1603 1972 1657 2026 in
1688 1972 1877 2043 ﬁgura,
1908 1987 2019 2027 non

324 2097 341 2116 .
434 2062 589 2130 juxta
643 2063 891 2131 corporis
946 2079 1168 2118 sensum
1237 2065 1469 2117 choreas
1515 2062 1724 2118 ducens
1774 2082 1786 2118 :
1832 2078 2019 2118 verum

439 2154 635 2223 spiritu
659 2162 713 2209 et
740 2162 922 2208 mente
952 2152 1122 2209 festos
1148 2154 1363 2209 celebra
1401 2154 1543 2219 dies,
1573 2154 1844 2208 idolorum
1875 2153 2025 2224 aspi-

439 2246 591 2301 ciens
624 2244 992 2308 eversionem,
1018 2245 1377 2301 ecclesiarum
1401 2260 1532 2301 vero
1566 2245 1895 2301 erectionem
1921 2244 2023 2298 ha-

439 2335 595 2389 bens.
631 2334 801 2388 Sacra
848 2335 995 2389 enim
1044 2343 1096 2387 et
1133 2350 1329 2405 magna
1364 2349 1500 2390 voce
1548 2334 1644 2389 tibi
1697 2350 1819 2387 cum
1855 2333 2025 2387 Paulo

439 2426 637 2479 edico:
678 2423 863 2477 Velera
926 2425 1293 2489 transierunt,
1333 2441 1447 2478 ecce
1493 2426 1637 2492 facta
1679 2434 1797 2477 sunt
1846 2426 2025 2477 omnia

439 2530 573 2568 nova
598 2518 617 2546 ¹
647 2533 659 2567 :
688 2515 796 2567 imo
842 2530 971 2567 vero
1008 2524 1061 2569 et
1098 2515 1460 2569 admirabilia.
1506 2514 1759 2579 Proinde,
1800 2516 2026 2583 gaudete

441 2607 497 2659 in
540 2606 792 2668 Domino,
823 2605 1029 2661 Christi
1083 2622 1232 2676 grex,
1278 2606 1541 2677 gaudete;
1589 2606 1784 2676 gaude,
1822 2607 2024 2663 Christi

440 2698 716 2761 Ecclesia,
774 2699 953 2753 laetare
1000 2709 1054 2754 et
1105 2699 1338 2761 cxsulta,
1376 2699 1482 2752 ﬁlia
1539 2699 1649 2753 Dei.
1709 2698 1824 2753 Tua
1880 2700 2026 2753 enim

442 2792 623 2845 omnis
654 2792 848 2859 gloria,
875 2798 1133 2859 tanquam
1156 2789 1279 2843 ﬁlim
1301 2790 1443 2859 regis
1472 2789 1699 2855 Christi,
1730 2791 1877 2845 intus
1912 2805 2026 2859 per-

444 2880 569 2935 inde
601 2895 664 2934 ac
696 2879 862 2943 foris;
909 2895 1030 2949 qua:
1060 2894 1167 2933 non
1194 2877 1307 2946 jam
1338 2877 1574 2947 amplius
1627 2876 1808 2935 vidua,
1840 2889 2025 2929 verum

442 2975 537 3029 Dei
566 2987 767 3044 sponsa
832 2970 1167 3028 eﬁloreseis:
1198 2985 1308 3024 non
1344 2970 1579 3039 amplius
1614 2985 1643 3021 a
1670 2967 1910 3023 sinistris
1933 2965 2027 3023 Dei

440 3072 664 3137 propter
729 3064 997 3117 idolorum
1050 3062 1298 3123 cultum,
1349 3061 1444 3117 sed
1487 3075 1517 3114 a
1581 3060 1788 3115 dextris
1838 3070 2027 3116 astans

443 3152 834 3225 splendideque
862 3158 1077 3214 ornata,
1106 3158 1329 3219 propter
1352 3148 1447 3204 Dei
1470 3148 1835 3219 cognitionem
1866 3168 1878 3203 :
1904 3165 2026 3221 quae

441 3258 550 3296 non
595 3257 656 3296 es
701 3241 937 3311 amplius
977 3240 1161 3297 servili
1204 3240 1468 3311 sanguine
1515 3240 1879 3303 fermentata,
1929 3241 2025 3297 sed

442 3330 629 3386 divino
657 3331 913 3400 insignita
935 3347 1084 3402 :quac
1109 3346 1215 3385 non
1241 3330 1476 3400 amplius
1500 3327 1745 3395 Obelem,
1778 3330 1873 3385 sed
1896 3329 2027 3384 Em-

441 3422 747 3477 manuelem
774 3423 948 3491 colis;
990 3437 1097 3476 non
1129 3422 1243 3491 jam
1299 3421 1591 3486 Troadem,
1628 3437 1818 3477 verum
1852 3420 2028 3477 Trini-

444 3524 608 3569 tatem
642 3514 962 3578 veneraris;
996 3530 1117 3584 qua:
1152 3530 1259 3568 non
1294 3513 1577 3568 Platonem
1622 3514 1879 3584 amplius,
1926 3515 2025 3569 sed

442 3606 611 3661 Deum
648 3613 899 3660 nostrum
950 3606 1379 3675 omnipotentem
1410 3605 1617 3660 honore
1648 3607 2026 3676 prosequeris;

444 3713 555 3752 non
587 3696 701 3767 jam
744 3696 1033 3751 Herculem
1069 3696 1338 3750 malorum
1368 3696 1740 3765 depulsorem,
1770 3696 1864 3752 sed
1900 3711 2028 3751 con-

442 3787 735 3841 solatorem
786 3786 1045 3855 Spiritum
1098 3800 1162 3840 ac
1204 3800 1385 3841 rerum
1458 3786 1702 3840 omnium
1742 3786 2018 3856 opiﬁcem.

442 3880 560 3935 Non
592 3881 739 3935 coles
771 3878 1007 3948 amplius
1041 3878 1394 3934 Aristotelem
1430 3877 1703 3933 subtiliter
1753 3877 2030 3948 disputan-

445 3979 577 4032 tem,
621 3967 714 4023 sed
743 3967 934 4033 Deum,
982 3968 1073 4037 qui
1116 3968 1170 4022 in
1203 3966 1338 4023 ﬁnes
1370 3967 1697 4022 szeculorum
1729 3974 1780 4021 te
1821 3966 2027 4021 salvam

442 4076 563 4118 esse
592 4059 780 4114 voluit;
821 4059 1032 4115 Cecidit
1065 4058 1371 4123 Saturnus,
1422 4058 1551 4127 quia
1598 4058 1917 4111 incarnatus
1945 4063 2027 4111 est

444 4151 586 4206 Deus
629 4150 869 4206 Verbum
900 4167 914 4203 :
943 4164 1051 4203 non
1098 4156 1283 4202 tamen
1316 4162 1384 4201 ex
1426 4146 1527 4200 viri
1576 4146 1879 4209 consortio,
1931 4143 2026 4199 sed

443 4243 682 4295 humano
716 4240 877 4294 simul
903 4246 956 4293 et
976 4238 1163 4292 divino
1186 4237 1346 4290 modo
1373 4252 1437 4290 ex
1469 4235 1638 4288 Maria
1667 4236 2022 4304 conspicuus.

440 4330 633 4386 Videte
662 4331 766 4383 diei
798 4331 1066 4399 gratiam;
1108 4327 1293 4385 videte
1338 4326 1460 4381 festi
1498 4325 1604 4379 diei
1653 4327 2021 4394 splendorem.

442 4417 830 4485 Quamobrem,
881 4413 1056 4485 gaude
1088 4428 1153 4467 ac
1192 4415 1392 4475 lactare,
1433 4412 1540 4466 ﬁlia
1576 4412 1731 4477 Sion,
1779 4412 1951 4481 gaude
1970 4421 2025 4468 et

441 4510 674 4572 exsulta,
718 4507 972 4562 universa
1024 4506 1264 4561 Ecclesia
1328 4503 1421 4559 Dei
1465 4519 1479 4557 :
1518 4503 1650 4558 Leva
1697 4505 1751 4557 in
1797 4504 2024 4557 circuitu

441 4601 621 4655 oculos
662 4608 813 4663 tuos,
856 4606 906 4651 et
937 4596 1050 4651 vide
1080 4596 1100 4627 ³
1136 4603 1496 4667 congregatos
1542 4595 1703 4649 modo
1739 4603 1883 4660 tuos,
1930 4599 2025 4666 qui

442 4689 716 4761 quondam
745 4688 987 4759 gentium
1018 4686 1111 4740 ﬁlii
1138 4686 1373 4756 dispersi
1395 4694 1574 4740 erant.
1607 4683 1745 4740 Vide
1766 4684 1887 4741 festi
1914 4687 2023 4742 diei

440 4781 831 4847 celebritatem,
869 4779 991 4835 vide
1032 4778 1216 4850 populi
1257 4785 1582 4833 concentum
1603 4816 1618 4841 ,
1650 4777 1771 4832 vide
1805 4792 2020 4833 omnem

439 4873 680 4940 linguam
726 4870 782 4924 in
830 4883 994 4923 unam
1044 4866 1367 4923 sententiam
1417 4865 1719 4932 cedentem,
1778 4865 1905 4921 vide
1954 4882 2018 4924 os

439 4977 603 5019 omne
634 4970 894 5031 tanquam
940 4974 1110 5015 unum
1143 4974 1229 5022 os,
1266 4958 1389 5013 vide
1415 4966 1605 5030 gentes
1637 4959 1790 5028 prius
1822 4957 2016 5017 etieras

516 5116 715 5173 ‘Joan.
756 5131 844 5181 xv,
882 5115 930 5169 1.
1032 5115 1050 5144 ²
1075 5113 1117 5166 il
1150 5112 1276 5167 Cor.
1307 5130 1361 5177 v,
1393 5115 1477 5168 t7.
1561 5117 1580 5147 ³
1610 5119 1715 5172 isa.
1750 5133 1839 5185 LX,
1870 5119 1921 5173 4.

440 5282 549 5337 vim
579 5275 798 5344 assequi
826 5287 936 5344 non
971 5271 1144 5344 possit
1187 5269 1380 5344 Latina
1427 5274 1633 5344 versio.
1658 5274 1801 5328 Sunt
1826 5275 2013 5344 itaque

443 5352 517 5406 ibi
539 5349 600 5401 τὸ
628 5342 834 5419 κρίνον,
856 5342 1060 5419 tilium;
1080 5342 1145 5419 1:6
1160 5342 1234 5414 μὴ
1254 5342 1437 5419 κρῖνον
1456 5382 1471 5407 ,
1490 5359 1592 5419 non
1611 5343 1892 5419 judicans;
1912 5342 2011 5419 ἴον,

440 5422 578 5474 viola
602 5411 969 5475 et'venenum;
996 5411 1523 5477 ἐλαιών,ὀΙὶυειιιηι;
1550 5412 1734 5477 ἑλεῶν,
1758 5416 1848 5477 qui
1870 5417 2018 5468 mise-

444 5499 605 5541 retur.
660 5487 812 5540 Licet
841 5492 1021 5537 autem
1061 5483 1456 5553 paronornasiae
1503 5499 1635 5537 usus
1677 5484 2017 5553 frequentior

442 5558 514 5611 sit
546 5559 603 5609 in
635 5554 974 5625 argumentis
1003 5560 1057 5607 et
1094 5553 1321 5625 levibus,
1358 5553 1719 5625 e_t__brevibus,
1749 5555 1932 5623 qualia
1961 5555 2016 5607 in

441 5622 941 5696 epigrammatibus,
959 5623 1179 5696 satyris,
1195 5622 1498 5696 comoediis,
1516 5622 2021 5696 epistolis’traetana-

444 5692 555 5757 tur,
606 5700 787 5762 tamen
834 5692 1221 5748 encomiastiea
1258 5692 1461 5762 (qualis
1504 5700 1589 5744 est
1627 5694 1740 5746 haec
1772 5695 2016 5762 homilia)

442 5781 551 5824 non
582 5761 805 5817 omnino
834 5764 955 5817 illas
992 5759 1276 5831 respuunt.
1298 5759 1375 5813 ’ln
1405 5759 1799 5830 Chrysostomo
1824 5772 1877 5817 et
1906 5759 2014 5817 Na;

2120 605 2197 657 τον
2213 603 2271 657 τὸ
2299 603 2467 667 ὄντως
2500 603 2728 675 ἰώμενον
2755 607 2824 660 τὰ
2847 606 2992 678 πάθη
3017 607 3123 661 τῶν
3149 604 3447 662 νοσούντων
3463 627 3478 640 ν
3504 611 3563 663 ἑν
3666 618 3693 669 6

2116 692 2398 763 άμπελὼν,
2430 695 2459 745 6
2500 694 2671 763 λέγων
2697 712 2711 725 ο
2759 695 2905 765 Ἐγώ
2952 700 3069 766 εἰμι
3120 700 3158 766 ἠ
3186 700 3455 770 ἄμπελος
3487 704 3530 770 ἡ
3549 704 3690 771 d111-

2117 780 2252 850 ﬂtwi
2277 798 2291 812 ο
2329 782 2387 834 ὲν
2477 785 2506 837 ὁ
2530 783 2745 848 ὲλαιὼν,
2776 788 2804 839 6
2831 786 2999 851 ὅντως
3011 787 3176 841 ἐλεῶν
3208 792 3335 853 τοὺς
3375 790 3687 855 ἐλπίζοντας

2118 874 2205 925 ἐπ’
2232 875 2393 930 αὐτόν
2418 892 2432 908 ο
2470 878 2527 929 ἐν
2627 880 2654 930 6
2678 878 2776 947 τῆς
2808 879 2963 950 ῥίζης
3006 881 3206 935 Ἰεσσαὶ
3239 881 3537 953 ἑὸλάστησε
3563 885 3691 939 κλά-

2116 966 2206 1030 δος
2241 969 2269 1021 6
2299 969 2643 1039 προαιώνιος,
2700 971 3069 1043 ἀγεωργήτως
3120 975 3211 1026 καὶ
3244 976 3559 1045 ἀνορύκτως
3594 977 3693 1046 τῆς

2118 1056 2467 1129 ἀνθρωπίνης
2525 1061 2764 1129 σπορᾶς·
2796 1061 2854 1113 ὲν
2943 1064 2975 1131 ὴ
3012 1061 3160 1134 πηγὴ
3193 1065 3227 1135 ή
3270 1064 3495 1129 άένναος
3520 1082 3533 1095 ·
3573 1067 3633 1120 ἑν

2118 1145 2180 1197 οὐ
2200 1143 2409 1210 Φυσὼν,
2436 1146 2600 1211 Γεὼν,
2631 1148 2843 1220 Τίγρις,
2887 1151 3197 1222 Εὐφράτης,
3231 1152 3366 1207 ἀλλὰ
3397 1154 3695 1223 Ματθαῖος,

2119 1236 2366 1307 Μάρκος,
2398 1239 2633 1303 Λουκᾶς,
2664 1241 2757 1294 καὶ
2797 1230 3067 1313 Ἰωάννης,
3098 1245 3148 1297 ot
3185 1244 3277 1300 τοῦ
3322 1246 3558 1317 Χριστοῦ
3596 1249 3699 1317 τῆς

2134 1322 2459 1394 Ἑκκλησίας
2530 1327 2843 1393 ποτίζοντες
2898 1332 3246 1401 παράδεισον.
3308 1336 3477 1390 Ἔνθα
3546 1339 3700 1392 πᾶσα

2122 1414 2360 1485 σήμερον
2390 1414 2625 1481 νεολαία,
2682 1416 2758 1479 ὼς
2799 1418 2954 1472 ἐλαία
3004 1421 3354 1491 κατάκαρπος
3382 1422 3481 1486 τὰς
3514 1423 3700 1487 ἐλαίας

2121 1504 2460 1574 κατέχοντες,
2499 1507 2588 1561 τὸν
2622 1509 2888 1580 ἐλεήμονα
2923 1511 3183 1582 αἰτοῦμεν
3227 1514 3492 1585 Χριστόν·
3529 1534 3702 1586 πεφυ-

2120 1598 2370 1668 τευμένοι
2392 1600 2450 1651 ὲν
2482 1598 2617 1671 οἴκῳ
2655 1602 2883 1672 Κυρίου,
2910 1604 2969 1655 ἑν
2987 1605 3107 1667 ταῖς
3140 1604 3327 1669 αὐλαῖς
3353 1606 3518 1660 αὐτοῦ
3546 1608 3699 1679 ἔαρι.

2120 1688 2225 1752 νῶς
2259 1690 2626 1757 ἑξανθοῦντες,
2675 1693 3005 1765 ἑορτάζομεν
3057 1695 3268 1768 ἑορτὴν,
3313 1696 3405 1751 τὸν
3457 1698 3702 1769 χειμῶνα

2120 1779 2212 1833 τὸν
2264 1783 2486 1853 νομικὸν
2513 1783 2625 1851 (70)
2655 1785 3087 1856 ὑποχωρήσαντα
3137 1787 3443 1857 βλέποντες.

2203 1932 2481 2005 Ἐόρταζε,
2504 1936 2741 2007 Χριστοῦ
2781 1936 3097 2010 Ἐκκλησία,
3124 1941 3185 1994 οὐ
3216 1942 3483 2008 τυπικῶς,
3509 1944 3573 1996 οὐ
3603 1960 3702 1999 σω-

2126 2027 2389 2096 ματικῶς,
2419 2028 2554 2083 ἀλλὰ
2600 2030 2987 2100 πνευματικῶς
3026 2034 3410 2105 ἑγχορεύουσα.
3444 2037 3705 2109 Ἐόρταζε

2123 2118 2453 2190 ἑορτὰς,τὴν
2486 2121 2593 2174 τῶν
2630 2121 2863 2176 εἰδώλων
2897 2124 3247 2179 κατάπτωσιν
3277 2127 3574 2197 βλέπουσα,
3612 2132 3707 2185 καὶ

2122 2205 2232 2257 τῶν
2263 2207 2567 2278 ἐκκλησιῶν
2589 2211 2688 2281 τὴν
2705 2211 2999 2266 ἀνάστασιν
3026 2212 3242 2284 ἔχουσα.
3258 2215 3406 2270 Μετὰ
3422 2218 3529 2290 γὰρ
3561 2220 3708 2274 Παύ⁶

2124 2295 2215 2350 λου
2247 2298 2354 2368 βοῶ
2378 2317 2458 2353 σοι
2479 2302 2574 2372 τῆς
2608 2304 2757 2373 ίερᾶς
2780 2304 2873 2356 καὶ
2891 2305 3131 2377 μεγάλης
3148 2307 3360 2378 φωνῆς·
3389 2312 3465 2363 Τὰ
3486 2310 3708 2381 ἀρχαῖα

2125 2390 2594 2460 πιιρῆλθονοὶδοὺ
2610 2394 2816 2464 γέγονε
2828 2397 2899 2452 τὰ
2915 2396 3111 2451 πάντα
3126 2399 3321 2453 καινά·
3337 2401 3472 2454 ἀλλὰ
3488 2403 3600 2474 μὴν
3616 2406 3711 2458 καὶ

2125 2484 2424 2555 παράδοξα.
2460 2486 2552 2539 Διὸ
2602 2488 2821 2560 χαίρετε
2854 2492 2910 2545 ἐν
2952 2492 3160 2564 Κυρίῳ,
3191 2492 3426 2564 Χριστοῦ
3466 2496 3712 2565 νεολαία,

2125 2575 2377 2647 χαίρετε’
2432 2576 2642 2649 χαίροις
2694 2580 2932 2651 Χριστοῦ
3002 2582 3317 2655 Ἐκκλησία,
3368 2586 3577 2658 τέρπου
3620 2589 3719 2642 καὶ

2126 2667 2439 2739 εὐφραίνου,
2471 2668 2710 2742 θύγατερ
2759 2671 2916 2727 Θεοῦ.
2946 2672 3049 2727 Σοῦ
3075 2675 3184 2747 γὰρ
3216 2678 3365 2731 πᾶσα
3392 2680 3425 2748 η
3457 2678 3610 2747 δόξα,
3634 2679 3721 2744 ὡς

2127 2759 2395 2831 θυγατρὸς
2431 2761 2525 2814 τοῦ
2558 2763 2825 2833 βασιλέως
2853 2767 3091 2837 Χριστοῦ
3121 2768 3323 2823 ἔσωθεν
3350 2770 3486 2840 ὁμοῦ
3519 2789 3582 2824 τε
3615 2774 3724 2827 καὶ

2128 2846 2344 2911 ἔξωθεν·
2373 2849 2555 2903 οὐκέτι
2585 2852 2904 2925 χήρανδρος,
2931 2855 3067 2910 ἀλλὰ
3097 2857 3350 2928 θέανδρος
3374 2859 3721 2926 ἑξανθοῦσαο

2127 2939 2309 2993 οὐκέτι
2367 2940 2424 3007 ἑξ
2478 2942 2774 3014 εὐωνύμων
2808 2946 2943 3000 Θεοῦ
2973 2948 3061 3003 διὰ
3107 2950 3206 3020 τὴν
3240 2950 3725 3024 είδωλολατρείαν,

2127 3031 2243 3085 ἀλλ’
2281 3033 2345 3086 ἐκ
2384 3033 2574 3100 δεξιῶν
2609 3039 3011 3112 παρισταμένη,
3062 3041 3157 3096 καὶ
3206 3046 3597 3118 κεκοσμημένη
3634 3048 3731 3101 διὰ

2128 3125 2226 3197 τὴν
2279 3125 2641 3196 θεογνωσίαν·
2677 3130 2860 3185 οὐκέτι
2900 3134 3093 3203 αἵματι
3126 3135 3356 3207 δουλικῷ
3381 3139 3728 3210 φυρωμὲνη,

2050 3190 2095 3249 c
2126 3190 2263 3271 ἀλλὰ
2316 3190 2507 3290 αἵματι
2581 3220 2747 3293 θεῖκῷ
2829 3190 3274 3298 σφραγιζομένηο
3326 3190 3560 3283 ὀίδκέτι⁸
3608 3190 3730 3284 ab:

2140 3308 2301 3380 Ὠὄὴλ
2340 3309 2472 3379 (7i).
2526 3311 2663 3366 ἀλλὰ
2691 3314 2783 3369 τὸν
2834 3316 3187 3390 Ἐμμανουήλ
3233 3320 3495 3374 σέϐουσα’
3523 3322 3733 3378 οὐκέτι

2126 3400 2227 3470 τὴν
2264 3401 2518 3472 Τρωάδα,
2554 3405 2692 3461 ἀλλὰ
2741 3407 2838 3478 τὴν
2887 3410 3096 3479 Τριάδα
3140 3411 3473 3479 δοξάζουσα·
3523 3415 3737 3470 οὐκέτι

2126 3491 2342 3562 τιμῶσα
2370 3495 2461 3547 τὸν
2505 3497 2791 3563 Πλάτωνα,
2837 3500 2971 3554 ἀλλὰ
3004 3502 3095 3555 τὸν
3128 3506 3545 3577 παντοκράτορα
3577 3508 3735 3561 Θεὺν

2127 3588 2317 3657 ἡμῶν
2358 3588 2541 3643 οὐκέτι
2604 3590 2843 3663 Ἡρακλῆ
2895 3594 2987 3647 τὸν
3038 3594 3380 3661 ἀλεξίκακον,
3423 3599 3564 3653 ἀλλὰ
3635 3600 3739 3654 τὸν

2128 3679 2488 3751 Παράκλητον
2540 3681 2635 3735 καὶ
2681 3684 2900 3737 πάντων
2953 3688 3200 3757 ποιητήν.
3234 3688 3429 3742 Οὐκέτι
3476 3706 3745 3762 προσκυ-

2128 3775 2241 3836 νεῖς
2281 3773 2657 3846 Ἀριστοτέλην
2685 3776 3004 3845 σοφίσαντα,
3027 3779 3165 3834 ἀλλὰ
3202 3780 3333 3834 Θεὸν
3360 3781 3450 3835 τὸν
3480 3784 3560 3845 είς
3578 3784 3744 3856 τέλη

2127 3864 2235 3919 τῶν
2263 3864 2475 3920 αἰώνων
2506 3883 2565 3919 σε
2601 3867 2870 3924 σώσαντα.
2920 3870 3184 3925 Πέπτωκε
3234 3874 3463 3945 Κρόνος,
3498 3877 3585 3929 ὅτι
3642 3896 3750 3932 σε-

2128 3955 2407 4027 σάρκωται
2455 3957 2588 4022 Θεὸς
2641 3959 2842 4029 Λόγος’
2880 3962 2939 4013 οὐ
2975 3963 3081 4032 μὴν
3115 3963 3305 4033 ἀνδρὸς
3354 3967 3419 4017 ὲκ
3453 3966 3749 4034 παθείας,

2127 4046 2261 4099 άλλά
2289 4047 2618 4120 θεανδρικῶς
2648 4051 2711 4103 ὲκ
2744 4051 2962 4122 Μαρίας
3008 4055 3313 4123 ἐπιφανείς.
3376 4057 3577 4127 Ὁρᾶτε
3626 4062 3750 4131 τῆς

2125 4138 2339 4206 ἡμέρας
2390 4138 2489 4208 τὴν
2536 4139 2696 4211 χάριν
2723 4158 2736 4171 ·
2777 4143 2939 4212 ὁρᾶτε
2966 4144 3066 4214 τῆς
3112 4146 3305 4216 ἑορτῆς
3330 4145 3427 4217 τὴν
3460 4146 3751 4220 λαμπρό-

2126 4245 2282 4298 τητα.
2314 4230 2522 4301 Χαίρου
2547 4233 2727 4286 τοίνυν
2774 4235 2868 4287 καὶ
2916 4236 3230 4307 εὐφραίνου,
3267 4236 3509 4310 θύγατερ
3551 4240 3749 4307 Σιὼν,

2126 4321 2330 4390 τέρπου
2374 4323 2469 4375 καὶ
2502 4324 2761 4392 ἀγάλλου,
2793 4327 2943 4380 πᾶσα
2994 4329 3026 4399 ἡ
3072 4329 3367 4400 Ἐκκλησία
3393 4328 3491 4383 τοῦ
3543 4332 3749 4386 Θεοῦ·

2131 4413 2313 4481 "Aper
2331 4415 2538 4480 κύκλῳ
2587 4417 2729 4485 τοὺς
2766 4419 3131 4490 ὀφθαλμοῦ(
3162 4437 3299 4484 σου,
3330 4423 3427 4475 καὶ
3458 4424 3556 4477 τδε
3588 4443 3757 4479 συν-

2055 4538 2100 4594 D
2128 4506 2344 4576 ηγμένα
2388 4508 2457 4562 τά
2506 4526 2635 4562 ποτε
2673 4510 3133 4582 διεσκορπισμένα
3184 4513 3293 4565 τῶν
3324 4513 3497 4567 ἑθνῶν
3544 4516 3758 4571 τέκνα

2131 4613 2245 4650 σου.
2276 4596 2379 4649 Ἴδε
2406 4598 2507 4668 τῆς
2533 4600 2726 4670 ἑορτῆς
2745 4600 2844 4672 τὴν
2876 4601 3152 4671 εὐφημίαν
3172 4618 3185 4630 ·
3216 4602 3292 4655 ίδε
3319 4601 3414 4655 τοῦ
3443 4602 3585 4657 λαοῦ
3630 4607 3765 4677 τὴν

2130 4688 2477 4757 συμφωνίαν,
2531 4687 2605 4741 ἴδε
2638 4691 2818 4743 πᾶσαν
2844 4690 3096 4758 γλῶσσαν
3128 4692 3207 4755 εἰς
3246 4691 3372 4761 μίαν
3417 4691 3615 4757 δόξαν,
3661 4696 3762 4749 ἴδε

2127 4778 2274 4833 ἆπαν
2306 4780 2479 4850 στόμα
2513 4780 2588 4844 ὡς
2607 4780 2668 4834 ἓν
2699 4782 2895 4853 στόμα,
2925 4782 3001 4835 ἴδε
3030 4782 3099 4837 τὰ
3126 4782 3253 4854 πρὶν
3278 4782 3518 4854 θήρεθνα
3548 4786 3624 4836 ἑν
3656 4789 3769 4841 σοὶ

2126 4872 2462 4943 τυγχάνοντα
2495 4871 2767 4944 πρόϐατα,
2813 4873 2889 4927 ἴδε
2921 4874 3090 4928 ἐθνῶν
3119 4874 3491 4947 ἑορταζόντων
3514 4878 3770 4948 sumpt-

2130 4978 2329 5032 μισμα,
2380 4963 2689 5031 άγγελικῶν
2735 4964 3042 5035 ἀσωμάτων
3087 4965 3330 5037 ὑπάρχον
3360 4965 3422 5018 τὸ
3458 4966 3770 5039 μίμημα,

2120 5276 2384 5332 zianzeno
2431 5292 2498 5331 ex
2540 5276 2747 5333 Graecis
2797 5291 2906 5331 non
2950 5292 3079 5333 raro
3122 5278 3499 5333 inveniuntur.
3564 5275 3781 5338 Inter

2120 5356 2337 5419 nostros
2370 5348 2680 5419 Ambrosio,
2708 5345 2971 5419 Gregorio
2998 5348 3213 5419 Magno,
3239 5360 3294 5405 et
3320 5347 3573 5403 omnium
3614 5368 3786 5410 tua-

2121 5416 2265 5470 xime
2291 5416 2567 5472 Bernardo
2596 5417 2894 5475 familiares
2924 5428 3075 5473 sunt.

2193 5486 2304 5559 (Ἳθ)
2342 5485 2465 5559 Τὸν,
2482 5488 2743 5559 χειμῶνα
2776 5487 2883 5559 τόν
2912 5485 3321 5559 νομικόν-.-δίο
3356 5494 3569 5539 vocant
3618 5493 3783 5548 Au-

2126 5556 2406 5629 gustinus.
2441 5556 2788 5630 Ambrosius,
2822 5556 3059 5628 Cyrillus
3087 5568 3141 5630 et
3167 5556 3261 5611 alii
3292 5564 3509 5630 tempus
3539 5572 3794 5630 syna-

2127 5627 2434 5699 gogaeante
2455 5627 2654 5699 Christi
2689 5629 3007 5699 adventum.
3037 5637 3091 5684 et
3116 5629 3289 5699 legem
3316 5628 3526 5698 gratim.

2196 5697 2308 5769 (Ἡ)
2327 5714 2418 5766 γρ.
2445 5697 2535 5752 τὸν
2562 5699 2708 5771 Ὀήλ.
2735 5697 2862 5754 For.
2896 5699 3027 5769 Βήλ.
