3948 6196
296 66 371 125 453
1267 67 1552 127 IlOMlLlA
1584 72 1715 131 LIN
1753 76 1977 136 FESTO
2013 78 2425 135 PALMARUM.

3404 86 3507 141 ιδι

296 177 344 229 Βι
371 175 695 247 συμφωνίαν,
733 177 1043 251 ἀσωμάτων
1079 186 1459 255 χοροστασίαν,
1494 187 1572 240 ἴδε
1608 190 1818 253 στάσεις

1929 207 2078 247 nunc
2123 198 2218 247 tuo
2248 191 2415 247 ductu
2450 206 2581 249 oves
2627 191 2777 259 ﬁeri;
2813 192 2935 250 vide
2972 194 3210 265 gentium
3241 195 3382 251 diem
3425 195 3504 253 fe-

286 269 339 331 ὡς
378 266 610 335 ἀγγέλων
642 267 843 335 τάξεις.
885 272 1031 344 Ὀρῶ
1057 276 1184 339 τοὺς
1230 276 1434 347 ὕμνους
1464 276 1541 342 ὡς
1571 278 1819 348 ἀγγέλων

280 359 468 427 ὕμνους,
520 358 627 429 όρῶ
681 360 811 424 τοὺς
874 364 1069 428 παῖδας
1128 365 1206 429 ὡς
1268 366 1561 437 νεοφύτους
1624 370 1813 441 ἄρνας,

282 448 517 502 Ὡσαννὰ
537 448 605 501 ἐν
634 449 761 516 τοῖς
798 454 1100 521 ὑψίστοις,
1143 457 1552 527 εὐλογημένος
1585 462 1618 513 ό
1652 460 1820 529 ἐρχό-

268 555 446 610 μενος,
486 540 704 612 Χριστῴ
760 542 1036 611 λέγοντας,
1075 545 1193 616 μεθ’
1222 541 1297 601 ὧν
1337 549 1652 619 κροτήσασα
1675 551 1819 620 μέγα

268 634 324 702 τῇ
370 632 501 704 χειρὶ
545 631 737 703 βόησον
788 635 1019 708 λαμπρᾷ
1072 638 1169 691 καὶ
1223 638 1495 712 λεοντιαίᾳ
1548 644 1614 713 τῇ
1641 646 1817 715 φωνῇ,

268 724 498 796 ἐφιόρτιά
546 741 604 778 τε
631 726 768 796 ὁμοῦ
799 728 893 782 καὶ
917 728 1310 801 εὐχαριστήρια
1342 731 1575 800 λέγουσα
1606 750 1621 765 ·
1669 733 1817 789 Ἰδοὺ

266 815 369 883 ἐγὼ
412 816 499 869 καί
519 817 588 870 τὰ
620 818 849 882 παιδία,
885 819 923 873 ἄ
952 837 1056 888 μοι
1076 819 1300 873 ἔδωκεν
1326 824 1358 875 ό
1389 822 1555 888 Θεὸς,
1584 825 1649 894 τῇ
1685 840 1816 875 ποτε

266 906 453 977 ἀτέχνῳ
476 906 568 959 καὶ
597 907 865 977 ἀγνώστῳ
901 910 1092 981 στείρᾳ
1114 924 1130 939 ·
1172 910 1536 981 εὐλογημένος
1568 914 1596 965 6
1624 912 1814 981 ἐλθὼν,

262 997 379 1052 ἀλλά
410 998 510 1069 μὴν
530 1000 826 1070 ἐρχόμενος
851 1001 909 1053 ἐν
941 1001 1165 1072 ὀνόματι
1198 1002 1403 1073 Κυρίου
1436 1002 1568 1066 Θεὸς
1612 1004 1818 1073 Κύριος

260 1091 340 1147 καὶ
363 1092 626 1160 ἐπέφανεν
674 1094 826 1164 ἡμῖν.
871 1094 930 1147 '0
976 1095 1291 1167 ἐρχόμενος,
1343 1098 1372 1149 6
1432 1096 1681 1168 μηδαμοῦ
1704 1113 1815 1167 χω-

256 1181 493 1253 ρούμενος
511 1199 525 1213 ·
551 1184 865 1255 ἐρχόμενος,
896 1187 925 1239 6
948 1185 1199 1257 μηδαμοῦ
1225 1187 1595 1257 κρατούμενος
1618 1203 1630 1215 ·
1660 1186 1814 1239 εὐλο-

254 1274 511 1344 γημένοςὸ
531 1276 847 1347 ἐρχόμενος,
882 1279 977 1331 καὶ
1004 1277 1113 1331 τῶν
1140 1279 1386 1349 οὐρανῶν
1420 1280 1493 1350 μὴ
1510 1278 1816 1349 χωριζόμε-

251 1384 328 1431 νος
348 1384 364 1400 ·
396 1367 758 1439 εὐλογημένος
786 1370 1167 1443 αὐτοπρεπῶς,
1203 1370 1299 1425 καὶ
1334 1371 1496 1425 πάλιν
1524 1372 1818 1443 ἐρχόμενος

250 1458 542 1530 θεοπρεπῶς
562 1477 576 1490 ·
596 1460 961 1531 εὐλογημένος
982 1464 1009 1515 6
1030 1462 1116 1515 ἐπ’
1139 1462 1239 1533 ἐμὲ
1255 1464 1348 1516 ἐπὶ
1363 1460 1544 1516 πώλου
1573 1462 1817 1527 τυπικῶς

1928 291 2073 337 stum
2116 281 2506 336 celebrantium
2549 282 2859 352 strepitum,
2894 284 3261 353 angelicorum
3297 286 3505 341 scilicet

1928 372 2221 443 spirituum
2249 373 2524 437 aemulum,
2553 373 2677 427 vide
2700 372 3079 442 symphoniam
3101 382 3154 428 et
3176 375 3503 444 spiritalium

1928 462 2235 517 animorum
2283 461 2603 530 tripudium,
2641 462 2763 517 vide
2793 462 3060 519 stationes
3096 464 3251 532 quasi
3283 462 3507 517 ordines

1928 553 2221 623 angelicos.
2256 551 2533 607 Praeconia
2573 553 2730 608 video
2778 554 2944 609 veluti
2990 555 3306 625 angelorum
3347 554 3505 625 hym-

1926 660 2050 710 nos,
2083 660 2282 716 pueros
2316 661 2480 701 cerno
2510 645 2664 716 agnis
2706 661 2897 701 recens
2936 646 3099 702 editis
3144 646 3374 708 similes,
3419 644 3509 699 div

1926 745 2110 791 centes
2140 754 2152 790 :
2193 736 2451 791 Hosanna
2484 738 2538 791 in
2573 736 2823 803 excelsis,
2873 736 3169 791 benedictus
3198 738 3287 806 qui
3322 737 3463 790 venis
3486 752 3507 791 δ

1926 840 2051 880 cum
2078 826 2278 896 quibus
2312 829 2519 898 pariter
2552 828 2814 898 plaudens
2845 828 3119 893 alacriter,
3144 827 3292 881 clara
3313 835 3369 881 et
3392 827 3507 880 leo-

1924 918 2050 972 nina
2082 933 2215 973 voce
2240 921 2520 986 exclama,
2570 919 2881 974 festivitatis
2929 919 3193 974 solemnia
3243 918 3409 973 simul
3452 924 3507 976 ct

1922 1020 2130 1078 gratam
2166 1010 2555 1065 beneﬁciorum
2600 1010 2919 1065 memoriam
2949 1008 3191 1075 referens
3218 1028 3231 1064 :
3261 1009 3393 1063 Ecce
3412 1025 3503 1077 ego

1922 1110 1969 1152 et
2004 1098 2174 1164 liberi,
2200 1116 2327 1169 quos
2355 1100 2484 1153 mihi
2518 1099 2657 1152 Deus
2688 1099 2829 1153 dedit
2858 1100 2896 1166 ¹,
2928 1115 3049 1168 qua:
3070 1100 3199 1153 olim
3230 1100 3348 1154 sine
3378 1098 3507 1154 ﬁliis

1923 1198 1978 1244 et
2011 1190 2213 1245 sterilis
2245 1190 2473 1245 fueram.
2512 1190 2836 1245 Benedictus
2878 1190 2970 1259 qui
3000 1192 3178 1253 venit,
3213 1199 3504 1245 verumta-

1922 1295 2046 1335 men
2072 1282 2127 1335 in
2166 1282 2383 1336 nomine
2411 1279 2649 1344 Domini,
2683 1280 2826 1335 Deus
2859 1280 3141 1343 Dominus,
3170 1290 3221 1335 et
3250 1282 3502 1351 apparuit

1922 1372 2101 1427 nobis.
2140 1371 2244 1439 Qui
2284 1374 2459 1439 venit,
2506 1374 2708 1443 quique
2756 1373 2907 1426 nullo
2956 1372 3170 1441 capitur
3218 1372 3503 1442 loco:qui

1922 1463 2098 1528 venit,
2134 1470 2189 1518 et
2222 1479 2493 1535 nusquam
2540 1462 3136 1518 tenetur:benedictus
3188 1464 3282 1534 qui
3330 1464 3502 1529 venit,

246 1551 672 1622 παραγενόμενος
692 1551 767 1616 ὡς
782 1554 875 1606 ἐπὶ⁵
904 1552 1086 1608 πώλου
1113 1553 1457 1624 χερουῶκοῦ.
1483 1553 1549 1606 Τί
1579 1555 1687 1624 γάρ
1712 1571 1817 1624 φη-

1929 1569 2022 1609 nec
2044 1554 2242 1610 accelis
2267 1571 2388 1611 sese
2413 1554 2705 1623 subducit;
2733 1555 3054 1611 benedictus
3078 1556 3299 1625 proprio
3327 1556 3503 1625 splen-

247 1659 322 1695 σιν
345 1643 372 1694 6
398 1644 579 1715 ίεροκῆ
589 1646 689 1715 ρυξ
713 1646 1103 1717 εὐαγγελιστὴς
1130 1647 1230 1716 τῆς
1246 1646 1458 1716 ἑορτῆς,
1486 1646 1715 1699 ἄκουσον
1730 1663 1745 1677 ·

1926 1646 2059 1700 dore
2086 1654 2139 1702 et
2167 1648 2339 1717 gratia
2359 1686 2373 1711 ,
2406 1656 2460 1702 et
2489 1662 2686 1702 rursus
2730 1648 2956 1702 veniens
2997 1647 3181 1701 divina
3218 1646 3507 1716 majestate

247 1746 392 1809 atque
416 1738 647 1805 decore;
682 1739 999 1797 benedictus
1038 1741 1130 1811 qui
1170 1741 1348 1812 typice
1378 1740 1623 1796 insidens
1656 1740 1804 1810 pullo
1842 1740 1910 1795 ad
1952 1756 2038 1796 me
2080 1742 2247 1808 venit,
2315 1750 2575 1812 tanquam
2632 1742 2781 1812 pullo
2832 1740 3214 1797 cherubinico.
3270 1739 3506 1795 Attende

246 1830 371 1884 enim
411 1832 540 1901 quid
580 1833 732 1888 dicat
774 1844 1163 1891 sacrosanctus
1210 1849 1388 1906 praeco
1417 1835 1781 1891 solemnitatis
1809 1835 1974 1906 hujus
2011 1837 2366 1907 evangelista:

317 1923 578 1995 Ἐγένετο
626 1925 725 1980 ὅτε
770 1926 1005 1998 ἤγγιζεν
1051 1930 1085 1982 ό
1135 1930 1350 1998 Κύριος
1375 1931 1463 1996 είς
1497 1929 1811 1999 Βηθφαγὴ,

2017 1928 2245 1983 Factum
2308 1940 2384 1983 est
2446 1947 2565 1983 cum
2623 1930 3064 2000 appropinquaret
3127 1927 3379 1982 Dominus
3436 1929 3505 1981 ad

247 2015 331 2070 και
378 2018 461 2083 είς
484 2018 820 2086 Βηθανιαν,
848 2019 1001 2087 πρὸς
1036 2019 1103 2073 τὸ
1138 2020 1275 2088 ὅρος
1330 2021 1396 2074 τὸ
1436 2022 1814 2090 καλούμενον

1929 2019 2232 2090 Bethphage,
2292 2029 2340 2075 et
2399 2020 2747 2084 Bethaniam,
2788 2020 2857 2073 ad
2918 2027 3185 2083 montem,
3224 2020 3315 2087 qui
3348 2034 3506 2072 voca—

257 2106 499 2175 Ἐλαιῶν,
536 2108 864 2164 ἀπέστειλε
909 2110 1021 2165 δύο
1056 2111 1125 2165 ἐκ
1156 2110 1274 2165 τῶν
1305 2111 1586 2182 μαθητῶν
1608 2112 1814 2179 αὑτοῦ,

512 2198 796 2268 Ὑπάγετε
844 2202 931 2266 εις
962 2200 1077 2271 τὴν
1101 2202 1387 2256 ἀπέναντι
1432 2202 1670 2273 κώμην,
1720 2202 1820 2257 καὶ

247 2287 308 2342 ἐν
334 2287 405 2353 τῷ
426 2290 734 2345 εἰσελθεῖν
777 2290 937 2361 ὑμᾶς
973 2286 1265 2361 εὗρήσετε
1296 2293 1444 2348 ὄνον
1483 2294 1581 2347 καὶ
1616 2294 1825 2347 πῶλον

1919 2121 2007 2164 tur
2050 2110 2276 2175 Oliveti,
2329 2111 2473 2164 misit
2533 2109 2665 2165 duos
2733 2110 3020 2179 discipulos
3068 2126 3233 2173 suos,
3294 2108 3501 2183 dicens:

1930 2203 2008 2258 Ite
2053 2204 2107 2257 in
2142 2204 2439 2271 castellum,
2474 2204 2611 2275 quod
2647 2214 2831 2259 contra
2863 2220 2951 2259 vos
2998 2214 3098 2270 est,
3152 2204 3206 2257 in
3235 2203 3373 2273 quod
3420 2204 3505 2257 in-

1926 2303 2185 2348 troeuntes
2210 2294 2479 2347 invenietis
2505 2294 2713 2348 asinam
2739 2304 2789 2348 et
2805 2294 3010 2363 pullum
3037 2294 3339 2363 alligatum,
3373 2309 3506 2362 quos
3582 2348 3607 2362 ,

250 2378 549 2449 δεδεμένην
570 2398 586 2412 ·
630 2383 936 2448 λύσαντες
966 2382 1217 2453 ἀγάγετέ
1236 2402 1357 2453 μοι.
1394 2385 1501 2439 Kal
1522 2385 1818 2451 ἐποίησαν

1929 2388 2261 2442 dissolventes
2307 2387 2376 2440 ad
2416 2404 2497 2440 me
2539 2386 2807 2440 adducite.
2858 2385 2921 2437 Et
2957 2385 3191 2454 fecerunt
3228 2384 3503 2451 discipuli,

249 2472 294 2524 οἱ
318 2472 567 2541 μαθηταὶ
612 2471 811 2539 καθὼς
858 2473 1198 2529 ἐνετείλατο
1230 2475 1435 2543 αὐτοῖς
1479 2479 1512 2530 ό
1553 2473 1783 2543 Ἰησοῦς
1804 2491 1819 2505 ·

250 2562 333 2616 καί
358 2564 765 2634 ὑπέστρωσιιν
792 2566 865 2619 τὰ
886 2566 1086 2636 ἱμάτια
1111 2566 1309 2621 αὐτῶν
1328 2568 1427 2621 ἐπὶ
1451 2567 1567 2636 τὴν
1590 2566 1818 2631 πῶλον,

251 2654 333 2709 καί
355 2656 641 2711 ἐκάθισεν
684 2660 719 2712 ό
761 2658 1019 2727 Ἰησοῦς.
1080 2661 1191 2715 Kal
1226 2660 1444 2728 ἐγένετο
1483 2658 1823 2729 ὡς-ῆγγισεν

250 2745 316 2806 εἰς
344 2745 437 2817 τὴν
464 2746 777 2800 κατάϐασιν
816 2746 909 2800 τοῦ
939 2748 1121 2819 ὅρους,
1157 2749 1185 2801 6
1217 2748 1373 2819 ὄχλος
1400 2744 1571 2801 ἐλθὼν
1603 2748 1683 2811 εἰς
1713 2746 1814 2818 τὴν

252 2834 418 2907 ἑορτὴν
446 2837 646 2891 ἔλαϐον
674 2837 801 2909 βαΐα
850 2838 963 2892 τῶν
1008 2840 1288 2909 φοινίκων,
1350 2839 1445 2893 καὶ
1480 2836 1703 2909 ἐξῆλθον
1736 2838 1816 2902 είς

1922 2481 2058 2533 sicut
2090 2475 2245 2533 Jesus
2286 2487 2599 2546 pra'ceperat
2620 2477 2694 2531 eis
2721 2494 2739 2529 :
2765 2485 2814 2530 et
2862 2482 3159 2529 straverunt
3200 2474 3509 2528 vestimenta

1924 2588 2020 2625 sua
2051 2586 2206 2639 super
2230 2570 2470 2639 pullum;
2500 2578 2549 2623 et
2570 2567 2728 2623 Iesus
2758 2566 3013 2621 insedit’.
3036 2565 3275 2636 Contigit
3300 2572 3506 2629 autem,

1927 2668 1985 2714 ut
2004 2661 2094 2715 ubi
2122 2660 2189 2714 ad
2209 2661 2371 2713 imam
2398 2667 2607 2729 partem
2634 2659 2838 2713 montis
2856 2657 3164 2721 accederet,
3186 2656 3368 2724 turba,
3387 2670 3509 2726 qua:

1922 2752 2175 2809 veniebat
2214 2751 2282 2805 ad
2336 2750 2535 2806 festum
2580 2749 2761 2813 diem,
2827 2750 3105 2819 acciperet
3154 2764 3340 2803 ramos
3391 2746 3508 2817 pal—

1924 2856 2165 2907 marum,
2214 2848 2267 2898 et
2322 2840 2498 2895 exiret
2529 2839 2745 2893 obviam
2790 2836 2942 2903 Jesu,
2993 2844 3049 2892 et
3086 2836 3179 2907 qui
3219 2837 3506 2905 prazibaut,

248 2926 527 2999 ἀπάντησιν
550 2928 653 2982 τοῦ
686 2929 880 3000 Ἰησοῦ.
908 2930 1021 2983 Καὶ
1044 2932 1093 2984 οἱ
1117 2930 1473 3002 προάγοντες.
1496 2929 1591 2981 καὶ
1615 2930 1664 2981 οἱ
1686 2929 1817 2982 ἀκο-

1929 2942 1973 2988 et
1998 2934 2091 3004 qui
2141 2932 2528 3002 sequebantur,
2571 2931 2903 2985 clamarent:
2944 2927 3208 2982 llosanna
3238 2928 3353 2996 [ilio
3397 2926 3505 2979 Da-

248 3016 537 3084 λουθοῦντες
573 3020 839 3091 ἔκραζον·
866 3020 1129 3075 ὀσαννά
1160 3021 1241 3087 τῷ
1274 3020 1383 3087 υἱῷ
1410 3020 1608 3086 Δαόὶδ,
1648 3022 1823 3075 εὐλοδ

244 3110 484 3179 mperat;
523 3114 562 3167 ό
608 3112 936 3182 ἐρχόμενος
976 3114 1047 3167 ὲν
1093 3114 1337 3183 ὀνόματι
1370 3112 1615 3182 Κυρίου.
1670 3112 1820 3182 Αὕτη

246 3202 332 3271 τῆς
352 3205 638 3276 παρούσης
682 3206 876 3275 ἑορτῆς
926 3206 959 3275 ἠ
1001 3206 1306 3276 Δεσποτικὴ
1342 3204 1645 3277 παρουσία·
1684 3202 1822 3273 αῦτη

244 3296 326 3348 τοῦ
363 3296 643 3360 Βασιλέως
682 3296 793 3349 τῶν
843 3296 1235 3368 βασιλευόντων
1270 3297 1303 3367 ἡ
1356 3296 1415 3348 ἐν
1458 3293 1597 3348 Σιὼν
1654 3292 1825 3347 πάλαι

247 3387 328 3438 καὶ
372 3386 463 3441 νῦν
509 3388 815 3459 ἐπιδημία·
877 3388 1018 3459 αὓτη
1053 3386 1155 3457 τῆς
1205 3385 1488 3457 παρούσης
1526 3386 1745 3457 ἡμέρας
1790 3386 1844 3455 ἡ.

245 3475 455 3551 λαμπρὰ
479 3481 582 3534 καὶ
612 3479 892 3550 σαίνδημος
912 3478 1004 3534 τοῦ
1030 3478 1255 3549 ποιητοῦ
1269 3478 1382 3531 τῶν
1406 3477 1659 3531 ἁπάντων
1678 3475 1825 3528 ἐλευ-

248 3585 338 3631 σις.
367 3571 456 3624 Διὸ
484 3571 609 3635 νῦν,
638 3571 878 3640 ἀδελφοὶ,
909 3573 941 3623 6
974 3570 1130 3641 ὄχλος
1153 3569 1321 3623 ἐλθὼν
1365 3569 1446 3632 είς
1485 3567 1582 3639 τὴν
1606 3567 1822 3639 ἑορτὴν,

242 3660 538 3731 ἐξέλθωμεν
574 3664 659 3725 εἰς
690 3662 997 3731 ἀπάντησιν
1038 3660 1273 3724 αὑτοῦ,ὃ
1302 3677 1362 3712 τε
1388 3659 1582 3731 ὁρατὸς
1618 3659 1823 3728 κόσμος

242 3754 324 3803 καὶ
343 3754 370 3805 6
390 3755 652 3825 ἀόρατος,
668 3754 763 3806 καὶ⁵
784 3755 831 3806 οἱ
854 3750 1311 3823 προάγοντες(72)
1330 3750 1507 3821 χρόνῳ
1528 3750 1826 3821 προφῆται,

244 3844 325 3896 καὶ
369 3844 713 3910 διδάσκαλοι,
764 3844 860 3897 καὶ
902 3844 952 3897 οἱ
995 3842 1416 3905 ἀκολουθοῦντες
1460 3840 1541 3910 τῷ
1565 3838 1749 3909 πώλῳ,
1779 3840 1828 3892 οἱ

243 3936 351 4006 θεῷ
376 3939 567 3991 πίστει
607 3934 1047 4007 συμφωνοῦντες.
1088 3936 1338 4006 Σήμερον
1371 3932 1439 3987 τὰ
1471 3932 1698 4003 οὐράνια
1732 3930 1830 3983 σὺν

246 4028 348 4090 τοίς
376 4029 652 4096 ἐπιγείοις
677 4027 809 4099 όμοῦ
844 4044 904 4080 τε
950 4027 1042 4081 καὶ
1080 4026 1456 4097 καταχθονίοις
1484 4021 1792 4094 ἀνυμνείτω
1812 4038 1826 4052 ·

244 4119 343 4169 πᾶν
372 4118 555 4189 στόμα
581 4119 678 4171 καὶ
712 4116 929 4187 πνεῦμα
954 4116 1090 4188 πρὸς
1123 4111 1271 4170 αἶνον
1298 4114 1433 4169 Θεοῦ
1461 4112 1827 4183 ἀνοιγόμενον.

244 4208 319 4262 Τὰ
356 4210 652 4284 χερουωμ,
684 4210 942 4281 βοήσατε,
963 4209 1175 4277 Ἄγιος,
1193 4208 1382 4277 ἅγιος,
1406 4207 1572 4276 ἅγιος
1591 4205 1830 4273 Κύριος,

1925 3025 2032 3089 vid,
2070 3023 2367 3078 benedictus
2418 3022 2510 3092 qui
2552 3021 2685 3074 venit
2738 3020 2791 3073 in
2826 3020 3035 3072 nomine
3085 3017 3299 3073 Domini
3324 3017 3365 3071 ³.
3408 3015 3509 3071 llic

1924 3122 2009 3171 cst
2071 3113 2354 3183 pmsentis
2415 3111 2752 3167 celebritatis
2800 3110 3119 3164 Dominicus
3181 3107 3507 3162 adventus:

1925 3208 2041 3262 haec
2064 3205 2226 3277 Regis
2250 3220 2435 3277 regum
2467 3204 2534 3259 ad
2564 3203 2786 3258 Sionem
2818 3201 2973 3269 olim,
3015 3210 3069 3257 et
3099 3215 3246 3255 nunc
3268 3214 3513 3270 quoque,

1927 3299 2195 3372 proiectio
2227 3318 2240 3353 :
2278 3299 2393 3353 haec
2422 3305 2507 3352 est
2542 3295 2829 3367 praesentis
2861 3294 2969 3349 diei
3000 3290 3289 3363 splendida
3329 3298 3383 3346 et
3413 3306 3510 3361 po—

1928 3392 2136 3463 pularis
2186 3390 2433 3445 omnium
2476 3386 2781 3444 conditoris
2828 3385 3093 3441 accessio.
3143 3383 3509 3454 Quapropter,

1929 3498 2053 3537 cum
2106 3482 2265 3536 turba
2300 3495 2447 3535 nunc
2498 3480 2567 3533 ad
2600 3478 2797 3534 festum
2853 3477 2997 3533 diem
3031 3475 3371 3537 convenerit,
3413 3490 3512 3529 ex-

1931 3590 2124 3630 eamus
2146 3614 2160 3639 ,
2193 3589 2227 3628 o
2261 3571 2555 3641 fratres,fei
2589 3570 2830 3637 obviam,
2863 3568 3174 3624 etmundus
3206 3564 3442 3621 visibilis
3460 3571 3515 3619 et

1931 3667 2242 3731 invisibilis,
2279 3675 2333 3721 et
2360 3665 2454 3736 qui
2486 3673 2730 3733 tempore
2770 3660 3086 3732 praecedunt
3130 3656 3410 3728 prOpbetze
3449 3669 3513 3707 ac

1930 3758 2208 3828 discipuli,
2244 3765 2298 3811 et
2344 3744 2689 3825 qui'pullum
2733 3747 3063 3823 sequuntur,
3093 3749 3186 3819 qui
3222 3762 3349 3802 cum
3400 3744 3519 3799 Deo

1934 3847 2037 3901 ﬁde
2080 3844 2437 3901 concordant.
2473 3843 2646 3899 Hodie
2692 3843 2939 3899 coelestia
2979 3854 3105 3896 cum
3133 3837 3393 3901 terrenis,
3428 3845 3512 3889 at-

1932 3954 2038 4008 que
2097 3937 2190 4003 iis,
2230 3937 2324 4007 qui
2379 3936 2485 3991 sub
2521 3944 2671 3990 terra
2705 3942 2857 3999 sunt,
2905 3932 3137 4003 hymnos
3184 3929 3515 3993 concinant;

1932 4042 2096 4082 omne
2128 4041 2215 4091 os,
2238 4026 2531 4095 omnisque
2559 4022 2789 4094 spiritus
2813 4022 2880 4077 ad
2922 4021 3139 4077 laudem
3174 4018 3265 4073 Dei
3300 4016 3517 4088 aperia-

1934 4126 2044 4173 tur.
2073 4117 2392 4183 Cberubim,
2441 4117 2673 4172 clamate
2706 4134 2719 4171 :
2750 4113 3002 4177 Sanctus,
3031 4120 3268 4174 sanctus,
3301 4116 3517 4163 sanctus

1937 4209 2219 4275 Dominus,
2255 4220 2334 4264 ter
2356 4219 2594 4273 sanctus,
2620 4208 2983 4269 exercituum;
3012 4202 3150 4272 pleni
3181 4208 3303 4255 sunt
3324 4198 3439 4253 ειείὶ
3468 4206 3518 4251 et

244 4300 283 4349 δ·
300 4263 1190 4372 τρῖοέάποςῖξέαέμώθίπλήρῆξ
1215 4263 1251 4351 ὁ
1276 4263 1534 4365 οιῖῥαιὶὸς
1550 4263 1721 4362 sui};
1754 4263 1818 4363 γῐῆ

1942 4311 2084 4357 terra
2111 4301 2285 4373 gloria
2304 4301 2418 4370 ejus
2442 4300 2499 4367 ‘;
2527 4298 2826 4370 seraphim,
2868 4297 3104 4369 hymnos
3143 4292 3354 4358 canite;
3391 4304 3521 4361 pro-

245 4386 347 4455 τῆς
369 4389 560 4458 δόξης
573 4390 787 4445 αὐτοῦ·
804 4390 1066 4461 σεραςρὶμ,
1092 4390 1389 4460 ὑμνήσατε·
1416 4387 1715 4459 προφῆται,
1736 4401 1818 4455 κη-

1940 4394 2137 4464 phetae,
2169 4393 2496 4463 prmdicate;
2525 4399 2579 4446 et
2605 4391 2748 4446 alius
2778 4389 2924 4444 dicat
2961 4407 2972 4442 :
3011 4385 3283 4442 Lwtentur
3308 4382 3447 4445 caeli,
3472 4391 3521 4437 et

248 4480 459 4549 (35325.
524 4484 638 4537 Kal.
686 4484 716 4536 6
763 4482 863 4552 μὲν
908 4481 1143 4550 λεγέτω·
1193 4479 1748 4547 Εὐφραινέσθωσαν
1780 4493 1818 4529 οη

1937 4483 2163 4537 exsultet
2226 4481 2441 4547 terra';
2514 4481 2657 4535 alius
2718 4477 2959 4534 :Gaude
3009 4478 3336 4546 plurimum,
3405 4472 3521 4542 [ilia

249 4573 511 4639 οὐρανοὶ,
531 4574 627 4627 καὶ
646 4573 1036 4643 ἀγωλιάσθω
1053 4574 1091 4641 ή
1205 4587 1217 4604 ·
1242 4574 1270 4625 6
1292 4572 1369 4635 δὲ,
1388 4571 1563 4640 Xai'pe
1579 4572 1815 4641 σφόδρα

1941 4568 2149 4636 Sion“;
2178 4568 2442 4634 exclama,
2481 4568 2599 4637 ﬁlia
2632 4566 3007 4629 Hierusalem;
3053 4565 3194 4620 alius
3237 4571 3419 4617 autem
3466 4562 3523 4615 in

247 4660 499 4729 θύγατερ
525 4662 700 4727 Σιὼν,
725 4661 1000 4731 κήρυττε,
1021 4663 1275 4731 θύγατερ
1290 4660 1711 4729 Ἰερουσαλήμ·
1742 4678 1816 4715 κα

1940 4676 2119 4731 regem
2155 4660 2432 4714 Christum
2468 4660 2685 4716 intuens
2720 4660 2917 4714 clamet
2951 4676 2963 4711 :
2994 4656 3129 4710 Ecce
3165 4657 3341 4723 Agnus
3399 4653 3519 4714 Dei,

248 4749 396 4814 ἄλλος
435 4752 524 4823 τῷ
577 4753 787 4823 βασιλεῖ
825 4754 1047 4825 Χριστῷ
1087 4752 1349 4817 ἀτενίζων
1400 4751 1609 4821 βοάτω·
1654 4752 1769 4806 ’Ῑὸε
1807 4773 1818 4805 t

1940 4755 2029 4823 qui
2058 4753 2198 4808 tollit
2222 4762 2439 4821 peccata
2469 4751 2730 4819 mundi";
2766 4758 2818 4805 et
2851 4751 2989 4805 alter
3028 4749 3095 4804 de
3130 4750 3249 4817 ipso
3290 4745 3522 4798 Domino

258 4840 468 4911 Ἀμνός
486 4844 595 4898 τοῦ
610 4846 759 4900 Θεοῦ
782 4849 816 4900 ό
830 4846 1014 4914 ατρων
1025 4845 1141 4914 τὴν
1156 4844 1449 4914 ἁμαρτίαν
1462 4844 1569 4897 τοῦ
1580 4845 1815 4911 κόσμου

1944 4845 2236 4914 praedicet:
2264 4842 2369 4897 llic
2402 4852 2479 4898 est
2516 4841 2658 4896 Deus
2704 4850 2902 4906 noster,
2949 4851 2997 4894 et
3037 4856 3136 4893 non
3170 4834 3523 4891 wstinmbitur

253 4935 339 4985 καὶ
368 4934 563 5005 ἔτερος
586 4938 713 5007 περὶ
744 4938 910 4991 αὐτοῦ
932 4936 1029 4990 τοῦ
1052 4936 1257 5009 Κυρίου
1291 4935 1617 5008 κηρυξάτω·
1652 4930 1818 4999 Οὗτος

1944 4935 2084 4988 alius
2134 4932 2202 4987 ad
2253 4933 2446 4998 eum";
2498 4931 2626 4987 item
2678 4931 2817 4986 alius
2848 4951 2861 4985 ι
2896 4934 3030 4984 Ecce
3078 4934 3231 4983 homo
3275 4925 3435 4979 simul
3474 4934 3521 4976 ct

255 5027 293 5078 ὁ
317 5026 468 5094 Θεὸς
492 5029 662 5097 ἡμῶν
682 5045 697 5061 ·
734 5030 807 5084 οὐ
848 5028 1281 5100 λογισθήσεται
1326 5029 1530 5098 ἔτερος
1558 5027 1708 5098 πρὸς
1737 5028 1818 5083 αὐ

1950 5026 2085 5081 Deus
2111 5040 2129 5080 :
2155 5026 2343 5082 Oriens
2369 5042 2554 5081 nomen
2585 5034 2660 5080 est
2688 5026 2735 5081 ei
2757 5027 2777 5057 °
2803 5042 2816 5089 ;
2849 5033 2901 5079 et
2931 5022 3097 5076 David
3126 5019 3427 5087 respiciens
3458 5016 3541 5101 ad,

362 5204 665 5291 ‘nlsa._vl_tl,
696 5210 783 5291 lg.
860 5211 880 5241 ’
908 5212 1189 5291 Marum:
1218 5216 1239 5270 1
1270 5234 1405 5291 sqq.
1469 5213 1659 5291 iibid.
1695 5213 1781 5268 10.

1929 5226 1998 5269 sa.
2038 5212 2186 5277 vu,5.
2263 5209 2449 5265 'Psal.
2483 5224 2602 5275 xcv,
2640 5211 2719 5264 ll.
2822 5205 2964 5263 σιω.
3007 5220 3104 5269 1n,
3142 5203 3193 5258 G.
3298 5199 3500 5255 iloan.

271 5272 424 5338 t,36.
532 5272 781 5335 tamen
815 5296 897 5346 Ill,
929 5284 1018 5338 ⁸56.
1096 5288 1114 5318 ⁸
1153 5272 1426 5359 Ζωίῖὖέ,
1465 5286 1545 5343 12.

341 5455 456 5528 (72)
489 5477 578 5527 rp.
611 5460 949 5534 παράγοντες

978 5553 1007 5583 ι
