3948 6196
357 77 463 143 1135

1661 67 1869 123 DUBIA
1907 68 2051 125 AUT
2092 69 2373 131 SPURIA.

3517 75 3624 132 436

358 189 539 260 ipsum
574 187 856 243 Christum
907 201 975 242 ex
1018 202 1078 243 sc
1128 186 1431 242 secundum
1483 198 1705 240 carnem
1743 186 1936 241 oriun-

2059 187 2144 241 ,όν
2163 203 2177 217 .
2232 186 2328 240 καὶ
2371 182 2564 250 ἄλλος*
2629 186 2775 240 Ἰδοὺ
2809 186 3120 255 ἄνθρωπος
3151 186 3302 256 ὁμοῦ
3328 186 3424 241 καὶ
3459 191 3617 257 Θεός.

359 280 491 341 dum
521 278 668 334 dicat
698 298 710 333 :
750 278 887 331 Deus
921 276 1197 343 Dominus,
1240 286 1289 330 et
1332 277 1581 345 apparuit
1613 276 1762 331 nobis
1789 278 1844 344 ¹;
1878 284 1935 332 et

364 380 560 423 iterum
591 367 732 422 alius
757 383 896 438 genu
928 365 1067 420 ﬂexo
1087 366 1282 419 clamet
1303 366 1556 421 Christo:
1585 366 1767 422 Omnis
1792 378 1937 421 terra

360 458 580 528 stuplex
638 468 688 511 te
737 456 995 519 adoret’;
1048 464 1102 509 et
1174 457 1310 509 alter
1364 457 1597 527 p0pulos
1646 456 1937 512 admoneat

360 550 547 606 dicens
585 568 598 602 :
629 547 945 601 Conslituite
972 548 1107 600 diem
1136 548 1421 603 solemnem
1449 551 1504 603 in
1543 548 1816 604 condensis
1846 566 1938 604 us-

359 656 460 711 que
485 640 554 695 ad
582 656 743 705 roma
777 640 968 692 altaris
993 639 1031 690 ’.

434 902 526 958 Sic
553 904 700 957 enim
734 903 1003 971 completa
1050 910 1136 956 est
1179 903 1345 958 etiam
1387 904 1517 957 olim
1551 901 1763 957 Domini
1813 917 1943 958 cum

360 995 510 1073 pullo
570 995 956 1064 peregrinatio,
1006 994 1253 1055 universi
1303 995 1488 1065 pepuli
1551 1009 1748 1065 magno
1811 1009 1943 1049 con-

2051 277 2347 346 Ἀνατολὴ
2374 279 2561 347 ὄνομα
2587 277 2769 343 αὐτῷ’
2789 279 2885 331 καὶ
2904 279 3070 332 Δαόὶδ
3093 278 3230 348 πρὸς
3261 279 3353 331 τὸν
3379 279 3438 343 ἐξ
3458 280 3617 334 αὐτοῦ

2037 371 2180 421 κατὰ
2215 368 2395 437 σάρκα
2420 369 2654 439 Χριστὸν
2696 368 2957 433 ἀτενίζων
2990 370 3123 440 λέγῃ
3148 386 3163 401 ·
3212 369 3359 433 Θεὸς
3386 371 3616 437 Κύριος,

2036 460 2136 515 καὶ
2156 461 2460 529 ἐπέφανεν
2482 461 2656 530 ἡμῖν·
2689 461 2783 514 καὶ
2811 460 2975 515 πάλιν
3000 461 3159 525 ἄλλος
3181 462 3243 514 τὸ
3266 462 3397 530 γόνυ
3427 462 3623 517 κλίνων
3688 502 3723 523 ηκ

2040 554 2217 623 βοάτω
2249 552 2501 638 Χριστῷ·
2559 552 2735 608 Πᾶσα
2767 555 2807 621 ἡ
2850 553 2925 624 τῆ
2962 552 3449 621 προσκυνησάτω
3494 569 3629 615 σοι’Δ

2038 648 2135 700 καὶ
2168 647 2355 718 ἕτερος
2409 647 2522 709 τοῖς
2573 645 2725 709 λαοῖς
2766 645 3040 718 ἐπιτρέπῃ
3064 684 3080 708 ,
3130 643 3339 712 λέγων·
3388 647 3633 713 Συστή-

2040 741 2235 792 σασθε
2264 738 2483 806 ἑορτὴν
2507 738 2578 791 ἐν
2603 736 2727 803 τοῖς
2755 734 3129 795 πυκάζουσιν
3163 734 3277 802 ἕως
3303 736 3426 789 τῶν
3452 734 3629 805 κερά-

2039 844 2160 881 των
2180 828 2288 882 τοῦ
2317 828 2774 895 θυσιαστηρίου.

2114 916 2271 971 Οὕτω
2298 917 2407 987 γὰρ
2434 917 2742 970 ὲπετελεῖτο
2767 916 2862 969 καὶ
2886 916 3053 969 πάλαι
3091 917 3126 987 ἡ
3154 918 3212 969 ἐν
3242 915 3382 969 Σιὼν
3406 914 3503 969 τοῦ
3529 918 3632 971 Δε-

2044 1010 2242 1063 σπότου
2276 1010 2416 1078 μετὰ
2452 1008 2545 1063 τοῦ
2579 1008 2760 1061 πώλου
2806 1007 3103 1078 ἐπιδημίαυ
3159 1007 3441 1078 πάνδημος
3486 1026 3631 1085 συμτ
3696 1062 3699 1063 ,

362 1100 565 1149 sensu:
600 1086 853 1141 videlicet
905 1093 1122 1155 patrum
1172 1085 1355 1151 chori,
1395 1086 1579 1156 populi
1632 1103 1663 1141 e
1713 1099 1949 1141 numero

2059 1099 2240 1170 ρωνια,
2266 1101 2315 1153 οἱ
2347 1100 2497 1171 χοροὶ
2526 1100 2636 1152 τῶν
2672 1099 2947 1169 πατέρων,
2982 1100 3031 1152 οἱ
3058 1099 3221 1169 δῆμοι
3246 1098 3356 1153 τῶν
3378 1097 3630 1162 δικαίων,

358 1176 662 1259 iustorum,
728 1178 957 1248 spiritus
1005 1176 1434 1246 prophetarum,
1474 1175 1627 1244 pueri
1686 1174 1943 1231 Hebraeo-

361 1284 507 1333 rum,
565 1267 803 1322 infantes
856 1274 1115 1329 matrum,
1167 1267 1546 1324 multitudines
1598 1267 1943 1338 angelorum,

361 1361 471 1415 Alii
505 1360 622 1414 alas
663 1360 1029 1431 cxplicabant,
1071 1360 1163 1414 alii
1197 1375 1326 1415 vero
1372 1359 1586 1429 palmas
1633 1360 1942 1429 gestabant,

2042 1191 2114 1245 τὰ
2138 1191 2427 1262 πνεύματα
2442 1190 2561 1246 τῶν,
2579 1191 2898 1263 προφητῶν,
2924 1192 2975 1244 οἱ
2996 1190 3187 1255 παῖδες
3213 1190 3322 1247 τῶν
3337 1189 3630 1261 Ἐϐραίων,

2042 1284 2111 1351 τὰ
2136 1286 2313 1355 νήπια
2338 1282 2448 1336 τῶν
2480 1283 2755 1361 μητέρων,
2794 1283 2863 1348 τὰ
2892 1282 3070 1353 πλήθη
3110 1282 3219 1339 τῶν
3251 1282 3519 1364 ἀγγέλων.
3564 1284 3640 1351 Οξ

2049 1375 2147 1445 μὲν
2177 1375 2456 1447 πτέρυγας
2490 1374 2791 1445 ὲφήπλουν,
2834 1377 2888 1441 οἱ
2923 1375 2981 1433 δὲ
3024 1374 3151 1444 ﬂata
3188 1377 3460 1445 κατεῖχον,
3496 1375 3546 1427 οἱ
3575 1375 3636 1428 δὲ

363 1448 458 1503 alii
513 1449 1024 1519 subsequebantur,
1084 1449 1177 1502 alii
1233 1463 1418 1503 ramos
1480 1448 1797 1511 credebant,
1852 1447 1945 1502 alii

2059 1467 2273 1522 5πισθεν
2301 1469 2551 1540 ἤρχοντο,
2569 1468 2717 1523 ἄλλοι
2736 1468 2861 1530 τοὺς
2880 1468 3107 1531 κλάδους
3132 1467 3379 1529 ἔκοπτον,
3401 1466 3551 1520 ἄλλοι
3575 1466 3635 1519 δὲ

363 1540 521 1596 olivae
565 1542 820 1596 surculos
861 1542 1245 1602 contexebant,
1292 1540 1383 1593 alii
1442 1540 1650 1609 pullum
1702 1539 1944 1594 exsolve-

2059 1560 2171 1621 τοὺς
2195 1532 2422 1622 θάλλούς
2451 1557 2701 1623 ἕπλεκον,
2738 1559 2787 1611 οἱ
2823 1548 2921 1629 μὲν
2947 1556 3037 1610 τὸν
3076 1557 3254 1610 πῶλον
3278 1556 3454 1618 ἔλυον,
3496 1556 3547 1609 oi
3574 1555 3637 1608 δὲ

362 1631 519 1694 bant,
550 1631 640 1685 alii
685 1632 1006 1697 vestimenta
1049 1630 1390 1693 sternebant,
1440 1630 1531 1683 alii
1566 1638 1751 1699 portas
1795 1644 1944 1683 rese-

366 1719 588 1785 ):abant,
622 1721 713 1774 alii
744 1721 862 1777 vias
894 1721 1228 1790 purgabant,
1268 1719 1361 1772 alii
1400 1718 1608 1801 pullum
1650 1733 1944 1788 compone-

364 1813 519 1877 bant,
570 1813 660 1867 alii
706 1814 994 1868 victoriam
1036 1812 1475 1883 proclamabam,
1530 1812 1623 1865 alii
1656 1811 1946 1868 vibrabant

364 1919 571 1966 ramos,
617 1905 711 1959 alii
761 1904 1073 1969 infantibus,
1119 1904 1418 1967 dicebant:
1453 1901 1717 1967 Laudare,
1772 1902 1942 1971 pueri,

365 1995 652 2051 Dominum
676 1997 731 2061 ες
765 1996 919 2064 pueri
948 1993 1394 2064 respondebant:
1426 1991 1706 2057 Ilosanna,
1741 1991 1947 2054 benedi-

2044 1650 2277 1720 χιτῶνας
2309 1650 2664 1721 ἐστρώννυον,
2687 1650 2738 1703 οἱ
2770 1650 2867 1720 μὲν
2890 1649 2990 1712 τὰς
3015 1648 3190 1711 πύλας
3217 1648 3453 1719 ἠνοιγον,
3489 1648 3543 1700 οἱ
3578 1646 3643 1713 δὲ¹

2044 1741 2198 1804 ὁδοὺς
2221 1740 2535 1812 ἐκάθαιρον,
2567 1740 2718 1794 ἄλλοι
2746 1740 2924 1794 πῶλον
2967 1741 3306 1812 εὐτρέπιζον,
3359 1740 3510 1793 suo;
3544 1738 3633 1791 νι-

2045 1845 2148 1897 κην
2188 1830 2510 1901 ἐκήρυττον,
2545 1831 2693 1885 ἄλλοι
2724 1831 2851 1894 τοὺς
2883 1831 3111 1895 κλάδους
3139 1830 3333 1895 ἔσειον,
3362 1831 3512 1885 ἄλλοι
3538 1846 3647 1899 me

2047 1920 2192 1987 πίοις
2208 1921 2414 1989 ἔλεγον,
2434 1928 2472 1977 Α
2484 1922 2679 1986 ireire,
2700 1922 2933 1989 παῖδες,
2951 1924 3169 1993 Κύριον
3186 1939 3200 1953 ·
3228 1925 3278 1976 οἱ
3296 1923 3485 1986 παῖδες
3500 1924 3643 1977 ἀπε-

2048 2009 2327 2081 κρίναντο,
2340 2009 2651 2074 'Qa'arrc‘r,s
2660 2010 3028 2079 ὑλοπνημένος
3044 2013 3075 2063 ό
3086 2010 3152 2077 ἐρ
3154 2010 3408 2078 χόμενος
3421 2008 3493 2061 ὲν
3503 2009 3645 2063 ὀνο-τ

365 2096 504 2154 ctus,
555 2087 645 2157 qui
691 2087 827 2140 venit
879 2087 935 2153 in
974 2086 1182 2149 nomine
1233 2084 1511 2147 Domini“.
1564 2082 1725 2141 Ores
1752 2092 1806 2137 et
1839 2082 1946 2137 diei

2059 2117 2186 2166 ματι
2215 2102 2458 2168 Κυρίου.
2490 2101 2555 2152 Ὢ
2584 2099 2795 2153 καινῶν.
2812 2101 2907 2153 καὶ
2936 2098 3259 2170 παραδόξων
3288 2095 3645 2167 πραγμάτων

367 2177 493 2246 lgesti
535 2178 782 2240 novitate
825 2178 1203 2241 admirabiles,
1258 2182 1312 2230 et
1353 2175 1639 2229 hominum
1690 2174 1949 2245 opinione

368 2269 749 2333 incredibiles!
796 2269 958 2339 pueri.
985 2268 1268 2324 Christum
1310 2275 1572 2337 tanquam
1612 2266 1779 2322 Deum
1820 2281 1951 2336 prae-

370 2360 579 2424 dicant,
633 2369 687 2417 et
747 2360 1066 2426 sacerdotes
1123 2360 1199 2420 illi
1260 2358 1630 2423 maledicunt;
1685 2358 1949 2417 lactentes

370 2452 627 2515 adorant,
662 2460 716 2505 et
746 2451 1003 2513 doctores
1034 2450 1199 2518 impie
1229 2447 1580 2518 aspernando
1606 2447 1948 2513 calumnian-

371 2552 497 2608 tur;
544 2543 718 2611 pueri,
762 2540 1039 2607 llosanna,
1065 2540 1278 2605 dicunt,
1319 2549 1372 2594 et
1394 2538 1629 2601 Hebraei,
1657 2539 1948 2609 Crucilige,

372 2634 778 2703 vociferantur;
838 2635 915 2688 illi
970 2636 1181 2707 palmas
1234 2642 1512 2704 gestantes
1568 2634 1632 2687 ad
1673 2634 1948 2700 Christum

371 2726 730 2789 conveniunt,
786 2725 841 2779 hi
894 2739 1018 2779 cum
1066 2724 1263 2794 gladiis
1312 2724 1491 2793 ipsum
1538 2724 1801 2777 invadunt
1822 2740 1845 2797 ;.
1872 2723 1947 2775 illi

374 2831 557 2873 ramos
579 2818 815 2882 caedunt,
843 2817 898 2870 hi
925 2817 1109 2872 crucis
1143 2816 1351 2888 lignum
1378 2824 1721 2885 praeparant;
1768 2814 1949 2869 infan-

376 2917 457 2967 tes
473 2910 696 2967 Christo
715 2910 931 2966 tunicas
955 2882 1342 2973 substernunt,
1371 2882 1424 2962 et
1455 2882 1770 2962 sacerdotes
1796 2906 1950 2961 Chri-
1979 2882 2021 2938 (ἶ

377 3001 449 3054 sti
497 3001 824 3056 vestimenta
865 3001 1239 3069 diSpertiunt;
1276 2998 1516 3052 infantes
1547 2998 1826 3052 Christum
1865 3013 1955 3051 su-

376 3108 474 3166 pra
512 3094 721 3163 pullum
755 3092 1043 3156 extollunt,
1080 3102 1135 3145 et
1182 3107 1342 3145 senes
1382 3090 1661 3145 Christum
1696 3092 1750 3144 in
1787 3107 1955 3145 cruce

379 3182 760 3252 suspendunt;
797 3182 950 3251 pueri
992 3181 1199 3235 Christi
1236 3181 1403 3251 pedes
1434 3181 1828 3247 adoraverunt,
1879 3183 1956 3245 illi

378 3288 508 3338 vero
542 3272 752 3327 Christi
785 3273 947 3342 pedes
989 3273 1160 3328 clavis
1196 3270 1514 3335 allixerunt;
1553 3275 1703 3343 pueri
1742 3274 1955 3327 laudem

379 3364 658 3428 deferunt,
692 3365 783 3418 isti
836 3374 1049 3421 acetum
1082 3364 1359 3437 oberunt;
1399 3366 1551 3435 pueri
1593 3366 1816 3419 Christo
1860 3366 1959 3417 ho-

379 3473 595 3521 norem.
625 3457 702 3513 illi
738 3474 866 3521 vero
898 3456 966 3513 fel
1011 3458 1291 3528 prrebent;
1331 3459 1484 3527 pueri
1533 3458 1835 3526 palmarum
1871 3473 1959 3509 ra-

383 3562 504 3603 mos
545 3548 818 3618 quatiunt,
858 3549 953 3603 isti
999 3563 1129 3603 vero
1166 3549 1356 3601 lancea
1394 3548 1598 3602 Christi
1634 3548 1777 3601 latus
1821 3562 1961 3616 pun-

380 3646 549 3713 gunt;
592 3641 742 3709 pueri
789 3640 1071 3701 Christum
1131 3656 1294 3710 supra
1343 3641 1549 3710 pullum
1593 3639 1794 3694 divinis
1841 3640 1960 3701 lau-

382 3728 546 3785 dibus
592 3730 895 3795 celebrant,
939 3729 1030 3786 isti
1079 3746 1203 3785 eum
1256 3734 1348 3801 qui
1398 3731 1546 3802 pullo
1584 3729 1795 3795 vehitur
1824 3746 1958 3797 ven-

382 3822 538 3887 dunL

453 3914 724 3986 Cognovit
758 3916 857 3970 bos
890 3931 1265 3986 possessorem
1303 3932 1461 3972 suum
1515 3916 1567 3969 in
1602 3918 1831 3988 praasepi
1869 3933 1965 3971 na-

385 4018 535 4074 tum,
583 4016 637 4062 et
672 4023 847 4063 novus
906 4010 1149 4078 gentium
1204 4010 1438 4079 populus
1490 4025 1587 4063 suo
1635 4025 1693 4064 se
1735 4009 1965 4065 Domino

385 4100 663 4169 submisit,
707 4100 860 4154 solus
892 4116 1021 4155 vero
1058 4098 1223 4155 Israel
1276 4117 1382 4155 non
1437 4103 1654 4172 agnovit
1684 4102 1963 4157 Christum

2048 2194 2145 2248 καὶ
2168 2192 2463 2263 θαυμάτων
2495 2191 2594 2261 τῆς
2627 2190 2819 2261 ἑορτῆς
2838 2192 2859 2243 ι
2911 2190 3100 2253 παῖδες
3131 2189 3368 2260 Χριστὸν
3396 2187 3472 2252 ὡς
3500 2186 3650 2244 Θεὸν,

2049 2283 2380 2353 θεολογοῦσι,
2408 2283 2504 2336 καὶ
2527 2284 2577 2335 οἱ
2612 2284 2776 2353 ἱερεῖς
2798 2281 2960 2335 αὑτὸν
3006 2279 3388 2351 βλασφημοῦσι
3409 2296 3431 2321 ἰ
3462 2278 3644 2349 θηλάτ

2049 2377 2234 2442 ζοντες
2276 2374 2662 2446 προσκυνοῦσι,
2699 2374 2794 2431 καὶ
2828 2374 2877 2427 οἱ
2922 2373 3262 2433 διδάσκοντες
3308 2370 3641 2425 ἀσεϐοῦσινε

2048 2468 2099 2519 οἱ
2122 2464 2330 2529 παῖδες,
2357 2463 2611 2528 Ὡσαννὰ,
2628 2463 2980 2533 λέγουσι,καὶ
3000 2464 3049 2517 οἱ
3082 2463 3347 2534 Ἐὖραῖοι,
3377 2464 3644 2533 Σταυρω-

2050 2554 2219 2625 θήτω,
2256 2553 2552 2625 κράξουσιν
2581 2571 2593 2584 ·
2630 2556 2679 2607 οἱ
2729 2555 2832 2620 μὲν
2872 2553 3013 2624 μετὰ
3042 2553 3208 2623 βαῖων
3240 2552 3376 2625 πρὸς
3402 2552 3654 2623 Χριστὸν⁶

2050 2645 2301 2716 ἔρχονται
2320 2662 2333 2675 ο
2361 2647 2410 2698 οἱ
2440 2646 2496 2698 δὲ
2522 2645 2658 2716 μετὰ
2683 2645 3127 2717 μαχαιρῶνκπρδς
3148 2644 3311 2697 αὐτὸν
3340 2644 3604 2715 ἔρχονται
3628 2660 3643 2676 ’

2050 2733 2199 2795 οῦτοι
2227 2736 2456 2804 κλάδους
2491 2737 2802 2804 κόπτουσιν,
2854 2738 3052 2790 ἐκεῖνοι
3088 2735 3243 2802 ξύλον
3276 2727 3511 2807 σταυροῦ
3546 2736 3648 2789 εύ-

2052 2826 2396 2899 τρεπίζουσν
2420 2828 2593 2898 νήπια
2610 2826 2854 2898 Χριστοῦ⁴
2874 2826 3108 2896 χιτῶνας
3134 2824 3645 2897 ὑποστρωννύουσι,

2055 2919 2147 2972 καὶ
2193 2920 2239 2971 οἱ
2282 2920 2446 2987 ἱερεῖς
2484 2917 2718 2988 χιτῶνας
2750 2917 2971 2987 Χριστῷ
3005 2917 3413 2987 διαμεριζουσι·
3470 2919 3652 2988 νήπια.

2057 3011 2148 3064 ἐπὶ
2176 3010 2353 3063 πώλου
2376 3010 2609 3081 Χριστὸν
2633 3010 2849 3079 ύψοῦσι,
2880 3010 2974 3067 καὶ
2996 3010 3251 3080 γέροντες
3275 3009 3366 3062 ἐπὶ
3401 3015 3651 3079 σταυροῖ

2057 3104 2291 3175 Χριστὸν
2340 3102 2696 3174 κρεμνοῦσιν·
2738 3104 2793 3154 οἱ
2827 3102 3015 3165 παῖδες
3045 3101 3174 3165 τοὺς
3203 3101 3369 3164 πόδας
3400 3099 3652 3172 Χριστοῦ

2059 3195 2493 3267 προσεκύνησαν,
2533 3198 2730 3247 ἐκεῖνοι
2769 3194 2826 3257 δὲ
2874 3194 3000 3257 τοὺς
3036 3194 3200 3259 πόδας
3247 3192 3487 3262 Χριστοῦ
3527 3194 3649 3255 τοῖς

2058 3286 2209 3356 ἥλοις
2238 3285 2627 3356 προσήλωσανγο
2672 3283 2858 3346 παῖδες
2891 3277 3040 3334 αἶνον
3071 3286 3463 3352 προσάγουσιν,
3496 3281 3650 3335 οῦτοι

2059 3377 2179 3441 ὅξος
2208 3376 2575 3447 προσφέρουσι
2598 3392 2611 3405 ο
2664 3374 2852 3436 παῖδες
2878 3372 3098 3444 Χριστῷ
3144 3372 3243 3443 τὴν
3276 3373 3463 3443 τιμὴν,
3500 3366 3653 3425 οῦτοι

2059 3470 2115 3522 δὲ
2144 3469 2241 3539 τὴν
2268 3469 2427 3539 χολήν
2447 3484 2460 3496 ·
2489 3467 2676 3529 παῖδες
2709 3467 2837 3537 βαΐα.
2868 3466 3123 3530 σείουσιν,
3150 3458 3295 3517 οὗτοι
3315 3464 3371 3516 δὲ
3400 3464 3659 3535 ῥομφαίᾳ,

2062 3562 2312 3615 νύττουσι
2335 3578 2347 3590 ’
2384 3560 2573 3622 παῖδες
2601 3560 2694 3611 ἐπὶ
2721 3558 2896 3611 πῶλον
2923 3558 3156 3629 Χριστὸν
3187 3556 3471 3628 ὑμνοῦσιν,
3500 3550 3658 3623 οὗτοι,

2062 3656 2153 3709 τὸν
2183 3656 2274 3707 ἐπὶ
2314 3653 2492 3706 πώλου
2540 3651 2829 3705 πωλοῦσιν.

2140 3920 2320 3986 Ἔγνω
2350 3917 2477 3987 βοῦς
2504 3917 2593 3971 τὸν
2620 3916 2961 3988 κτησάμενον
2989 3915 3151 3969 αὑτὸν
3179 3914 3269 3967 ἐπὶ
3296 3914 3504 3983 φάτνης
3526 3928 3657 3980 γενέ

2066 4009 2317 4079 νηθέντα,
2353 4007 2447 4061 καὶ
2471 4008 2499 4060 ὁ
2524 4007 2641 4068 νέος
2669 4005 2797 4066 λαὸς
2826 4004 2935 4058 τῶν
2966 4004 3135 4058 ἐθνῶν
3159 4005 3407 4074 ὑπετάγη
3433 4003 3512 4073 τῷ
3534 4005 3652 4055 Κυ-

2070 4104 2171 4175 ρίῳ
2213 4101 2412 4166 αὐτῶν,
2454 4102 2611 4172 μόνον
2643 4101 2699 4153 δὲ
2730 4099 2949 4169 Ἰσραὴλ
2991 4100 3095 4151 οὐκ
3128 4098 3269 4166 ἔγνω
3298 4097 3533 4167 Χριστὸν
3559 4096 3651 4149 τὸν

388 4191 555 4253 Deum
589 4207 748 4245 suum
768 4190 809 4243 ⁸.
842 4189 973 4255 Qua:
996 4192 1123 4243 olim
1157 4192 1332 4245 trilius
1357 4202 1513 4246 erant
1543 4194 1806 4262 gentium,
1840 4211 1953 4249 cum

2069 4192 2201 4245 Θεὸν
2251 4190 2438 4245 αὐτοῦ.
2480 4190 2563 4242 Τὰ
2595 4191 2725 4243 ποτὲ
2758 4187 2901 4259 φῦλα
2935 4189 3283 4259 θεόφιλα(75)
3317 4188 3528 4256 γέγονε,
3555 4186 3656 4240 καὶ

386 4282 499 4337 Deo
554 4282 849 4335 amicitiam
904 4281 1167 4344 inierunt,
1219 4290 1273 4341 et
1323 4284 1414 4352 qui
1467 4300 1496 4336 a
1540 4285 1656 4353 lege
1697 4286 1965 4341 abhorre-

388 4372 542 4439 bant,
575 4373 679 4444 legi
729 4381 953 4443 parent;
1002 4380 1056 4426 at
1086 4372 1179 4443 qui
1227 4372 1375 4443 leges
1413 4374 1709 4441 habebant,
1746 4378 1966 4433 easdem

388 4464 597 4525 violare
636 4478 742 4517 non
793 4462 1065 4517 dubitant.
1107 4461 1259 4526 Esto,
1298 4463 1594 4533 prophetas
1628 4479 1735 4518 non
1776 4481 1836 4520 cs
1876 4481 1967 4521 ve-

391 4553 553 4617 ritus,
599 4552 914 4607 sacerdotes
948 4548 1291 4618 interfecisti,
1342 4550 1661 4621 Scripturas
1700 4558 1967 4621 perverti-

392 4645 485 4709 sti,
511 4645 685 4714 legem
715 4644 1158 4714 violasti,justos
1184 4643 1524 4709 dissecuisti,
1556 4644 1756 4701 Mosem
1781 4662 1970 4716 asper-

394 4744 557 4795 natus
599 4751 681 4801 es,
726 4734 867 4790 filios
925 4735 1197 4799 mactasti,
1250 4736 1507 4805 templum
1559 4737 1820 4806 polluisti,
1860 4736 1969 4790 Deo

397 4845 503 4883 non
536 4828 789 4899 paruisti,
821 4828 1043 4883 Christo
1074 4843 1181 4880 non
1222 4828 1530 4892 credidisti,
1562 4828 1763 4882 divinis
1805 4828 1972 4881 mira-

395 4920 537 4976 culis
579 4920 976 4974 contumeliose
1023 4920 1360 4981 obtrectatus
1388 4935 1470 4980 es,
1523 4918 1589 4973 de
1629 4918 1835 4973 Lazaro
1884 4922 1970 4974 iu-

397 5010 657 5066 credulus
690 5010 863 5072 fuisti,
907 5010 1066 5064 caecis
1100 5010 1193 5079 qui
1226 5010 1404 5063 visum
1447 5020 1775 5078 receperunt
1815 5011 1970 5069 fidem

398 5118 507 5159 non
546 5103 787 5158 habuisti
822 5119 835 5155 :
868 5116 1054 5156 verum
1091 5101 1219 5170 quid
1257 5102 1475 5155 tandem
1500 5102 1568 5156 de
1610 5101 1761 5159 hisce
1790 5107 1975 5173 pueris

2064 4288 2115 4339 oi
2142 4285 2332 4353 ἄνομοι
2361 4282 2649 4351 γεγόνασιν
2691 4282 2923 4351 ἔννομοι,
2958 4282 3051 4334 καὶ
3083 4283 3131 4333 οἱ
3151 4281 3377 4371 ἔννομοι
3408 4282 3651 4350 παράνο-

2070 4394 2182 4447 μοι.
2221 4376 2421 4437 Ἔστω,
2451 4374 2578 4435 τοὺς
2608 4373 2892 4444 προφήτας
2925 4373 3024 4424 οὐκ
3053 4370 3304 4441 ᾐδέσθης,
3336 4373 3499 4441 ἱερεῖς
3518 4370 3652 4423 άπέ·

2068 4484 2310 4529 κτεινας,
2337 4464 2436 4527 τὰς
2468 4464 2691 4535 Γραφὰς
2725 4462 3067 4535 διέστρεψας,
3101 4463 3191 4516 τὸν
3230 4463 3391 4532 νόμον
3418 4462 3648 4516 κατέλυο

2071 4574 2189 4620 σας,
2244 4554 2484 4616 δικαίους
2540 4551 2897 4622 κατέπρισας,
2942 4551 3146 4621 Μωσῆν
3192 4549 3489 4619 ὴθέτησας,
3526 4551 3652 4609 τοὺς

2073 4649 2223 4710 υἱοὺς
2252 4645 2619 4714 κατέσφαξας,
2656 4644 2746 4697 τὸν
2780 4644 2906 4698 ναὸν
2932 4643 3185 4714 ὲμίανας,
3225 4642 3321 4697 τοῦ
3343 4641 3481 4695 Θεοῦ
3507 4658 3649 4711 παρ-

2073 4742 2333 4811 ήκουσας,
2356 4738 2573 4809 Χριστῷ
2597 4738 2696 4790 οὐκ
2711 4736 3058 4801 ἐπίστευσας,
3076 4736 3173 4799 τὰς
3191 4734 3521 4806 θεοσημαίας
3540 4731 3650 4803 (Ἡ)

2074 4832 2386 4900 ἐνύδρισας.
2440 4830 2567 4900 περὶ
2606 4828 2856 4900 Λαζάρου
2904 4828 3231 4900 ἠπίστησας,
3274 4830 3386 4891 τοῖς
3431 4826 3651 4895 τυφλοῖς

2075 4926 2172 4979 οὐκ
2204 4924 2529 4987 ἐπίστευσας
2563 4922 2958 4992 ἀναϐλέψασιν·
3000 4918 3119 4975 εἶτα
3150 4922 3201 4975 τί
3230 4921 3360 4992 περὶ
3388 4920 3497 4973 τῶν
3521 4918 3647 4973 παι-

2077 5014 2182 5069 δων
2217 5011 2421 5066 τούτων
2453 5012 2662 5080 λέγεις;
2695 5013 2750 5064 τι
2790 5011 2919 5082 περὶ
2957 5010 3124 5081 ὕμνου
3177 5010 3281 5064 τῶν
3315 5010 3652 5079 θηλαζόντων

2080 5104 2419 5175 νομοθετεῖς;
2446 5103 2549 5166 τίς,
2585 5103 2706 5156 εἱπέ
2749 5121 2862 5174 μοι,
2892 5104 3110 5166 τούτους
3141 5101 3408 5170 cedimus;
3436 5100 3518 5167 τίς
3550 5100 3655 5155 ἐδί-

473 5269 488 5300 ¹
514 5267 658 5324 l‘sal.
691 5283 860 5329 cxvn,
894 5266 984 5319 27.
1067 5267 1084 5295 ¹
1110 5264 1253 5320 Psal.
1286 5281 1408 5331 LXV,
1440 5267 1491 5318 4.
1573 5266 1590 5295 ³
1614 5265 1755 5322 Psal.
1790 5284 1930 5324 cxvn

2126 5266 2148 5296 ⁸
2178 5264 2325 5320 Psal.
2357 5281 2490 5330 cxu,
2529 5266 2572 5318 Ι.
2646 5268 2664 5295 ³
2699 5267 2864 5322 Marc.
2900 5286 2975 5336 xi,
3017 5269 3100 5324 lO.
3177 5266 3321 5332 6lsa.
3355 5263 3483 5332 1,3,

474 5452 585 5525 (75)
625 5473 709 5523 π.
744 5455 976 5524 Osricum
1026 5492 1029 5495 -

2167 5452 2274 5523 (7i)
2314 5470 2399 5522 rp.
2433 5452 2746 5533 Oeoaqphg,
