3948 6196
236 197 315 258 437

1246 199 1531 258 HOMILIA
1569 199 1699 256 Ι.1Ν
1738 200 1967 258 FESTO
2005 199 2414 257 PALMARUM.

3375 202 3482 256 458

234 313 391 381 διξεν;
434 312 573 385 ἦτίς
609 311 926 388 ὲξήγειρενς
965 316 1050 382 τίς
1084 318 1306 388 ὲσόφισε
1335 319 1482 391 (75);
1518 321 1604 383 τίς
1642 318 1793 388 ἐξαίο

1909 321 2073 378 licis?
2128 321 2261 392 quid
2305 333 2502 377 censes
2545 318 2615 374 de
2663 317 2869 390 hymno
2914 316 3279 373 laetentium?
3330 320 3480 389 quis,

226 424 343 479 ᾳνης
400 407 770 479 ἀπειρολόγοις
823 408 1027 464 δέδωκε
1078 410 1254 479 λόγον,
1293 413 1342 465 εἰ
1384 412 1460 484 μὴ
1494 410 1727 484 Χριστὸς
1761 415 1791 467 6

220 497 522 566 προαιώνιος
564 499 771 567 Δόγος;
826 499 943 554 Νῦν
985 502 1034 554 οἰ
1065 501 1199 566 νέοι,
1230 503 1419 567 παῖδες
1445 503 1583 574 ὁμοῦ
1609 521 1668 557 τε
1697 504 1792 557 καὶ

216 590 375 660 νήπια
402 591 543 661 χειρί
592 592 691 662 μιᾷ
735 589 906 661 μαζὸν
943 593 1265 664 κατέχοντα,
1299 595 1394 647 καὶ
1438 598 1588 667 φωνῇ
1621 594 1791 666 ὕμνον

214 681 491 753 ἁγγελικὸν
517 682 901 752 ἀναμέλποντα
919 700 934 714 ⁸
967 687 1116 757 χειρὶ
1146 687 1245 757 μιᾷ
1272 685 1443 756 μαζὸν
1470 686 1788 757 κατέχοντα.

214 774 304 827 καὶ
318 773 448 845 άλλη
464 776 837 847 χειρὶΧριστῷ
851 775 979 847 βαΐα
1000 778 1313 834 ὲπισείοντα
1328 795 1340 807 ·
1359 781 1392 849 ἡ
1415 778 1789 848 ἀπειρολόγος,

215 863 455 931 θεολόγος
498 866 840 938 γεγενημένη
889 865 1086 935 φύσιςο
1136 867 1301 931 εὐθὺς
1330 867 1423 921 τὸν
1454 868 1792 939 προφητικὸν

215 955 365 1025 λόγον
376 956 489 1027 Θεῷ
502 956 611 1010 τῶν
629 958 938 1028 ἀσωμάτων
965 958 1134 1030 ὕμνον
1154 959 1231 1023 ὼς
1250 959 1400 1030 δῶρα
1422 960 1791 1032 προσάγοντα,

212 1046 339 1117 ὁμοῦ
365 1064 421 1100 τε
454 1047 546 1101 καὶ
579 1049 875 1119 κράζοντα,
934 1052 1201 1106 Ὡσαννὰ
1236 1052 1307 1106 ἐν
1336 1054 1461 1117 τοῖς
1485 1053 1792 1121 ὑψίστοις,

207 1140 607 1210 εὐλογτυιένος
658 1144 692 1195 ό
736 1142 1063 1213 ἐρχόμενος
1125 1144 1196 1197 ἐν
1252 1144 1496 1217 ὀνόματι
1550 1144 1793 1213 Κυρίου,

208 1230 346 1298 Θεὸς
377 1232 619 1301 Κύριος,
655 1232 754 1286 καὶ
782 1232 1088 1304 ἐπέφανεν
1111 1234 1279 1304 ἡμῖν.

205 1317 472 1385 ferentes,
541 1321 706 1376 simul
750 1330 913 1392 atque
959 1322 1325 1381 vociferantes

203 1416 340 1472 Deus
377 1415 663 1482 Dominus,
695 1425 745 1471 et
776 1418 959 1472 illuxit
994 1419 1165 1475 nobis.

266 1508 416 1580 Πρὸς
457 1507 495 1561 ἃ
530 1506 641 1577 ἐγὼ
664 1503 1031 1585 περιχάριστα
1053 1511 1191 1581 ὁμοῦ
1208 1530 1267 1565 τε
1292 1515 1385 1568 καὶ
1402 1516 1653 1587 ὲφεόρτια
1668 1517 1795 1571 άντ-

205 1596 471 1667 ιπερωτῶ
507 1597 635 1661 τοὺς
671 1600 849 1669 ἱεροὺς
887 1600 1113 1665 τούτους
1138 1602 1336 1666 παῖδας
1382 1604 1692 1677 θαρσήσας·
1726 1606 1792 1659 Τί

1896 429 2103 486 quaeso,
2155 414 2330 468 lucem
2379 413 2465 469 his
2514 412 2790 482 praetulit?
2821 410 2951 481 quis
2983 426 3081 467 eos
3124 410 3335 475 docuit,
3388 421 3482 465 aut

1897 507 2202 564 excitavit?
2244 506 2369 577 quis
2419 504 2659 560 erudiit?
2728 504 2853 574 quis
2905 510 3134 573 repente
3188 501 3481 557 verborum

1900 599 2106 670 ignaris
2148 600 2301 654 verbi
2354 614 2512 654 usum
2552 597 2847 659 concessit,
2901 595 3010 650 nisi
3046 594 3303 650 Christus
3357 602 3486 647 ante

1903 692 2105 748 saecula
2171 689 2453 747 Verbum?
2498 688 2658 744 Nune
2685 691 2939 757 juvenes,
2974 687 3129 756 pueri
3178 686 3383 755 pariter
3430 694 3487 739 et

1900 783 2163 849 infantes,
2194 799 2303 838 una
2339 799 2504 837 manu
2541 797 2836 835 mammam
2872 778 3233 850 prehendunt
3260 786 3315 833 et
3349 792 3486 833 voce

1901 870 2163 942 hymnum
2208 880 2416 925 canunt
2454 870 2804 940 angelicum,
2857 876 2912 923 ct
2952 870 3122 923 altera
3154 878 3282 923 ante
3325 867 3486 923 Chri-

1899 970 2043 1016 stum
2095 960 2401 1032 palmarum
2438 977 2624 1016 ramos
2672 961 2911 1015 vibrant.
2969 958 3249 1016 Orationis
3294 961 3484 1030 ignara

1898 1060 2095 1106 natura
2148 1062 2371 1122 repente
2422 1053 2489 1108 de
2544 1052 2655 1108 Deo
2694 1053 2859 1107 verba
2920 1053 3099 1108 facere
3139 1052 3353 1119 didicit,
3398 1068 3486 1108 re-

1904 1148 2063 1211 pente
2094 1142 2398 1195 orationem
2428 1141 2800 1212 propheticum
2833 1142 3284 1210 incorporeorum
3318 1141 3485 1212 spiri-

1903 1244 2056 1288 tuum
2100 1232 2210 1287 Dco
2239 1233 2501 1304 hymnum
2535 1243 2794 1303 tanquam
2838 1248 3068 1287 munera
3098 1232 3372 1302 quardam,
3401 1232 3485 1287 ol-

1388 1339 1404 1377 :
1470 1324 1729 1380 Hosanna
1782 1326 1835 1380 in
1887 1326 2127 1393 eIcelsis,
2191 1324 2489 1379 benedictus
2542 1324 2631 1394 qui
2698 1324 2835 1377 venit
2874 1324 2926 1376 in
2976 1324 3184 1378 nomine
3252 1318 3485 1381 Domini.

1973 1508 2056 1563 Ad
2095 1522 2235 1578 quas
2260 1522 2360 1577 ego
2390 1521 2555 1561 voces
2586 1488 2834 1561 vicissim
2870 1513 2927 1558 ut
2955 1505 3094 1576 grati
3129 1506 3297 1561 animi
3325 1517 3379 1563 et
3397 1523 3487 1565 ce-

1903 1599 2173 1655 lebritatis
2204 1597 2441 1652 ofﬁcium
2478 1597 2700 1667 aliquod
2736 1596 3070 1667 persolvam,
3098 1610 3286 1653 sacros
3322 1597 3490 1653 hosce

200 1690 350 1759 φατὲ,
372 1682 419 1743 ὦ
444 1689 638 1753 παῖδες
651 1691 807 1755 Θεοῦ,
834 1693 1023 1758 παῖδες
1040 1695 1445 1767 ἁνυμνήτορες;
1473 1696 1643 1751 Πόθεν
1667 1699 1795 1770 ὑμῖν

1909 1708 2105 1766 pueros
2158 1691 2418 1746 audacter
2464 1690 2745 1761 interrogo
2782 1709 2796 1745 ;
2832 1688 2977 1755 Quid
3038 1689 3245 1755 dicitis,
3304 1706 3337 1745 0
3392 1690 3486 1747 Dei

198 1779 227 1831 6
254 1778 550 1849 ἰσόρροπος
579 1774 752 1844 0510;,
786 1780 877 1834 τὸν
906 1782 1226 1853 χερουσικὸν
1262 1784 1431 1855 ὕμνον
1455 1786 1795 1857 ἀνακράζον-

200 1886 321 1936 τεςς
374 1870 513 1933 Πῶς
543 1870 601 1924 δὲ
637 1872 732 1925 ἐπὶ
765 1871 944 1926 πώλου
971 1875 1207 1946 Χριστὸν
1247 1877 1483 1948 ὁρῶντες
1510 1879 1796 1950 ἀνθρωπο-

200 1963 420 2034 πρεπῶς
441 1980 459 1993 ·
511 1964 777 2020 Ὡσαννὰ
805 1966 875 2020 ἐν
894 1967 1020 2034 τοῖς
1045 1969 1352 2038 ὑψίστοις,
1383 1971 1541 2041 βοᾶτε
1573 1972 1800 2048 θεοπρε·

200 2054 336 2123 πῶςς
368 2055 508 2122 Ναὶ,
537 2058 670 2126 φασὶ
697 2057 833 2129 πρὸς
867 2061 1017 2131 ἡμᾶς
1042 2063 1090 2115 οἰ
1120 2061 1442 2135 θεορήτορες
1472 2064 1679 2128 παῖδες,
1706 2066 1801 2118 καὶ

198 2151 285 2203 ἐπὶ
335 2150 531 2205 πώλου
578 2150 842 2222 αἰσθητοῦ
885 2154 1123 2224 Χριστὸς
1162 2156 1474 2223 καθέζεται,
1516 2156 1654 2210 ἀλλὰ
1703 2157 1798 2209 τοῦ

200 2243 392 2296 κόλπου
421 2243 531 2297 τοῦ
575 2243 846 2314 πατρικοῦ
900 2245 1138 2317 οὐδαμοῦ
1181 2248 1511 2321 χωρίζεται·
1564 2250 1659 2303 καὶ⁸
1710 2250 1803 2303 ἐπὶ

200 2334 371 2387 πώλου
408 2334 546 2387 ὄνου
578 2333 895 2399 καθέζεται,
934 2335 1071 2389 ἀλλὰ
1114 2336 1208 2390 τοῦ
1253 2336 1445 2409 θρόνου
1483 2336 1576 2390 τοῦ
1610 2354 1803 2408 χερου-

199 2426 346 2479 εικοῦ
391 2427 509 2480 οὐκ
536 2426 999 2497 ἀπολιμπάνεται.
1062 2429 1201 2481 Ἀλλ’
1233 2429 1395 2492 αὐτὸς
1423 2430 1451 2481 6
1477 2429 1628 2483 κάτω
1664 2428 1804 2499 μετὰ

202 2518 394 2589 σαρκὸς
451 2517 674 2589 βροτοῖς
721 2519 1051 2587 ἀνελλιπῶς,
1108 2519 1274 2583 αὐτὸς
1327 2520 1501 2584 οὕτως
1550 2521 1645 2574 καὶ
1691 2520 1803 2574 ἄνω

204 2613 332 2681 μετὰ
374 2613 607 2682 Πατρὸς
652 2612 787 2676 Θεὸς
823 2614 1081 2684 ἀψευδὴς,
1123 2614 1217 2666 καὶ
1257 2613 1532 2684 ἀληθινὸς,
1576 2613 1737 2676 αὐτὸς
1777 2616 1805 2667 6

200 2704 641 2775 παντοκράτωρ,
680 2705 775 2757 καί⁵
815 2705 1248 2777 κοσμοκράτωρ,
1299 2707 1395 2760 καὶ
1433 2706 1803 2777 ὲθνοκράτωρ,

199 2797 284 2848 καὶ
312 2796 539 2869 ἀληθὴς
575 2795 729 2861 Θεὸς,
777 2797 869 2850 καί
899 2796 1154 2867 χορηγὸς,
1209 2796 1304 2850 καὶ
1350 2796 1675 2869 φυτουργὸς,
1712 2796 1807 2849 καὶ

198 2886 398 2957 ὁδηγὸς,
434 2888 543 2941 καὶ
576 2889 770 2958 Σωτὴρ
805 2888 1043 2942 πάντων.
1090 2888 1262 2951 Αὐτὸς
1293 2888 1373 2951 εἰς
1404 2888 1503 2959 τὴν
1526 2887 1678 2940 κάτω
1714 2887 1810 2940 Ἰε-

201 2979 497 3051 ρουσαλὴμ
518 2979 842 3049 εἰσέρχεται,
861 2981 956 3033 καὶ
978 2978 1076 3049 τῆς
1092 2979 1205 3033 άνω
1225 2979 1285 3032 οὐ
1302 2978 1597 3050 χωρίζεται
1616 2994 1629 3008 ⁸
1655 2972 1809 3042 0510;

1904 1785 2079 1858 pueri,
2116 1784 2272 1854 pueri
2304 1784 2539 1854 hymnos
2572 1782 2974 1838 concinentes?
3012 1781 3294 1838 Undenam
3329 1784 3491 1839 vobis

1902 1893 2001 1949 par
2034 1876 2183 1931 istud
2235 1874 2474 1929 studium
2508 1883 2676 1943 atque
2722 1873 3061 1939 institutum,
3099 1872 3229 1929 dum
3267 1883 3488 1929 sancto-

1904 1986 2023 2025 rum
2067 1966 2349 2023 cherubim
2382 1966 2647 2037 hymnum
2698 1966 2864 2020 claris
2910 1966 2975 2021 ad
3019 1967 3222 2021 emlum
3260 1968 3491 2023 vocibus

1901 2060 2147 2117 elIertis?
2181 2059 2249 2112 Et
2270 2058 2548 2128 quomodo
2579 2057 2859 2113 Christum
2892 2058 3132 2112 humano
3157 2073 3311 2113 more
3338 2060 3491 2128 pullo

1903 2152 2234 2208 insidentem
2260 2165 2384 2205 cum
2418 2148 2675 2215 videatis,
2700 2148 2955 2203 laudibus
2985 2163 3133 2213 eum,
3166 2164 3288 2219 quae
3316 2147 3488 2203 Deum

1903 2243 2117 2303 decent,
2149 2240 2393 2307 ornatis,
2427 2237 2582 2304 dum,
2614 2234 2871 2291 "osanna
2896 2238 2948 2289 in
2977 2237 3218 2299 excelsis,
3264 2237 3490 2291 concla-

1905 2329 2104 2385 matis?
2148 2328 2314 2393 Sane,
2367 2327 2523 2381 aiunt
2580 2327 2739 2382 nobis
2784 2335 3036 2381 oratores
3074 2327 3245 2381 divini
3294 2330 3476 2397 pueri,

1904 2422 2071 2476 etiam
2124 2419 2383 2475 Christus
2430 2417 2632 2473 insidet
2664 2418 2883 2488 quidem
2932 2417 3081 2487 pullo
3114 2418 3347 2485 visibili;
3400 2434 3486 2475 γε.

1906 2520 2216 2567 rumtamcn
2281 2527 2310 2565 a
2358 2510 2482 2565 sinu
2533 2517 2765 2579 paterno
2814 2524 3096 2578 nunquam
3158 2518 3483 2580 separatur;

1906 2603 2047 2658 asini
2071 2603 2222 2673 pullo
2242 2602 2479 2664 vehitur,
2505 2609 2559 2655 et
2589 2616 2619 2653 a
2642 2608 2959 2654 sanctorum
2980 2599 3270 2656 cherubim
3291 2601 3492 2655 throno

1908 2695 2134 2750 minime
2164 2695 2354 2762 abest;
2398 2708 2585 2747 verum
2623 2693 2765 2747 sicut
2798 2694 2913 2762 ipse
2948 2692 3091 2747 infra
3126 2694 3308 2749 carnis
3339 2695 3494 2749 invo-

1908 2786 2061 2841 luero
2096 2796 2151 2840 et
2184 2785 2368 2838 habitu
2416 2784 2732 2837 mortalium
2788 2786 3070 2839 consortio
3096 2786 3319 2841 assidue
3353 2801 3490 2856 prie-

1908 2892 2037 2933 sens
2085 2885 2201 2932 est:
2261 2877 2341 2931 sic
2385 2884 2440 2929 et
2491 2874 2633 2945 apud
2695 2890 2929 2945 superos
2989 2892 3098 2929 una
3151 2891 3277 2932 cum
3327 2876 3491 2932 Patre

1910 2967 2075 3032 Deus,
2109 2967 2203 3037 qui
2230 2966 2452 3021 mentiri
2484 2980 2594 3018 non
2621 2972 2822 3035 potest,
2854 2975 2908 3021 et
2940 2980 3106 3021 verax
3134 2966 3310 3031 adest,
3346 2966 3493 3021 idem

199 3070 487 3142 ἁποιητὴς
513 3070 621 3123 τῶν
643 3069 854 3124 αἰώνων
879 3072 973 3125 καὶ
995 3070 1057 3135 ἐξ
1080 3070 1313 3135 αἰώνων,
1340 3070 1433 3123 καὶ
1460 3071 1540 3134 εἰς
1569 3070 1768 3133 αἰῶνας
1785 3086 1799 3100 ’

1909 3058 2281 3129 omnipotens,
2320 3072 2383 3112 ae
2416 3056 2605 3111 mundi
2647 3056 2984 3121 moderator,
3020 3066 3077 3112 ct
3127 3058 3369 3129 gentium
3416 3073 3497 3114 re-

199 3162 353 3227 αὑτός
374 3164 539 3217 ἐστιν
562 3163 591 3215 6
607 3162 845 3226 τανύσας
865 3163 959 3217 τὸν
977 3163 1204 3234 οὐρανὸν
1227 3162 1385 3234 μόνος
1400 3180 1412 3192 ·
1438 3157 1589 3226 0516;
1613 3164 1757 3215 ἐστιν
1778 3164 1807 3216 6

200 3250 532 3323 περιπατῶν
554 3252 647 3305 ἐπὶ
678 3253 956 3323 θαλάσσης
976 3254 1052 3317 ώς
1074 3254 1169 3306 ἐπὶ
1206 3252 1471 3323 ἐδάφους·
1501 3247 1655 3317 0510;
1690 3252 1808 3323 ὁμίο

198 3343 296 3415 χλῃ
324 3345 427 3415 τὴν
470 3344 752 3397 θάλασσαν
795 3346 1222 3417 ἐσπαργάνωσεν
1245 3364 1257 3376 ·
1306 3340 1460 3409 0510;
1484 3346 1553 3399 τὰ
1587 3344 1807 3416 κλεῖθρα

200 3438 309 3499 τοῖς
342 3433 672 3507 ἀνθρώποις
700 3436 1056 3507 περιέθηκεν·
1095 3431 1249 3500 0510;
1274 3437 1433 3507 ὅρους
1459 3438 1581 3499 ταῖς
1604 3435 1805 3489 θαλάσ-

203 3543 321 3591 σαις
344 3528 621 3599 ἐμέρισεν
645 3545 658 3559 ·
688 3522 843 3591 0510;
865 3527 1123 3592 ἁπλώσας
1150 3531 1312 3598 γαῖαν
1338 3529 1425 3581 ἐπ’
1450 3528 1628 3581 οὐδενί
1651 3526 1807 3596 ὲκρέ-

206 3634 375 3686 μασεν
395 3632 410 3646 ⁸
454 3609 620 3680 0510;
659 3617 938 3689 στοιχείων
981 3618 1080 3682 τὰς
1114 3619 1340 3691 κράσεις
1371 3620 1663 3689 πανσόφως
1687 3619 1809 3672 ἐκέ-

202 3724 401 3779 ρασεν·
478 3702 633 3772 0510;
667 3708 736 3761 τά
765 3709 939 3781 κάλλη
978 3709 1087 3763 τῶν
1132 3711 1318 3780 φυτῶν
1360 3710 1806 3783 κατεκόσμησεν·

201 3794 354 3867 0510;
384 3800 631 3870 οὐρανὸν
658 3800 734 3864 ὡς
760 3801 973 3869 ἰμάτιον
998 3801 1263 3869 ἐξέτεινεν
1281 3819 1293 3833 ·
1339 3797 1492 3867 0510;
1515 3803 1674 3857 αὑτὸν
1699 3820 1811 3873 φω-

206 3894 400 3966 στῆρσι
458 3892 739 3965 λαμπροῖς
798 3894 1197 3965 κατεκόσμησε.
1268 3894 1470 3948 Τοῦτον
1526 3895 1810 3965 φρίττουσι

204 3986 506 4058 χερουσὶμ.
534 3986 629 4040 καί
656 3985 919 4057 τρέμουσι
944 3988 1207 4057 σεραφὶμ,
1232 3986 1421 4040 τοῦτον
1452 3988 1615 4056 ὑμνεῖ
1637 3986 1809 4055 ἥλιος,

203 4077 394 4131 τοῦτον
443 4076 723 4146 δοξολογεῖ
773 4076 993 4149 σελήνη,
1035 4076 1224 4131 τοῦτον
1257 4076 1467 4132 αἰνοῦσι
1510 4077 1580 4131 τὰ
1612 4077 1809 4147 ἄστρα,

201 4168 380 4240 τούτῳ
406 4168 761 4222 δουλεύουσιν
784 4171 841 4224 αἰ
870 4168 1064 4240 πηγαὶ,
1088 4167 1278 4223 τοῦτον
1301 4169 1617 4241 φρίττουσιν
1643 4167 1813 4221 ἄϐυσ-

207 4276 312 4327 σοι,
332 4260 536 4315 τοῦτον
555 4262 824 4315 δεδοίκασι
845 4264 1128 4334 τάρταροι,
1141 4261 1316 4333 τούτῳ
1334 4262 1550 4317 ὑπείκει
1565 4260 1634 4315 τὰ
1648 4260 1810 4333 κήτη,

202 4352 400 4408 τοῦτον
416 4354 686 4425 τρέμουσι
708 4354 1018 4425 δράκοντες,
1033 4354 1207 4424 τούτῳ
1228 4352 1569 4407 δουλεύουσιν
1591 4352 1809 4425 ὄμϐροι,

204 4445 403 4499 τοῦτον
440 4445 797 4501 εὐλαϐοῦνται
836 4446 1122 4517 πνεύματα
1145 4460 1159 4475 ο
1210 4439 1364 4510 0510;
1398 4445 1671 4515 ὑπέστησε
1710 4446 1812 4513 φύ-

208 4555 344 4605 σεις,
373 4531 537 4602 0510;
563 4538 869 4611 κατέστησε
890 4539 1116 4605 κτίσεις,
1141 4530 1295 4603 0510-;
1324 4537 1586 4602 κατέταξε
1607 4537 1808 4604 τάξεις,

207 4624 367 4694 οὗτος
424 4632 458 4683 6
489 4630 598 4683 τῶν
646 4630 757 4683 ἄνω
805 4632 895 4684 καὶ
946 4630 1055 4685 τῶν
1117 4630 1267 4684 κάτω
1313 4630 1546 4683 κτίσεων
1585 4630 1815 4701 ποιητὴς

210 4719 343 4784 Θεὸς
366 4721 583 4793 Κύριος
610 4722 770 4793 ἡμῶν
788 4739 801 4752 ·
857 4722 951 4776 καὶ
981 4721 1131 4793 αὐτῷ
1160 4723 1195 4792 ἡ
1226 4721 1353 4788 δόξα
1386 4722 1483 4775 καὶ
1525 4722 1586 4775 τὸ
1614 4721 1813 4793 κράτος

212 4812 295 4876 εἰς
317 4814 456 4877 τοὺς
478 4813 685 4878 αἰῶνας
709 4814 819 4868 τῶν
845 4813 1077 4869 αἰώνων.
1126 4814 1182 4866 ’Δ
1192 4814 1321 4885 μήν.

210 4908 451 4965 ordines
508 4909 808 4981 disposuit,
856 4910 948 4964 hic
1010 4924 1334 4980 superarum
1391 4918 1445 4965 et
1502 4907 1802 4965 inferarum
1840 4920 2220 4968 creaturarum
2261 4910 2488 4969 ell'ector
2520 4909 2666 4969 Deus
2710 4908 2977 4967 Dominus
3010 4916 3199 4965 noster
3268 4924 3282 4963 :

1911 3157 2053 3215 ctor,
2089 3157 2142 3203 et
2170 3164 2334 3204 verus
2367 3146 2532 3211 Deus,
2570 3156 2623 3203 ct
2650 3148 3000 3220 coryphacus,
3035 3159 3089 3204 et
3111 3158 3289 3216 sator,
3317 3157 3371 3205 et
3403 3150 3497 3204 iti-

1911 3242 2059 3294 neris
2091 3238 2223 3304 dux,
2250 3247 2302 3294 et
2344 3248 2668 3299 cunctorum
2718 3239 2988 3294 Salvator.
3020 3240 3140 3310 lpse
3167 3240 3490 3299 inferiorem

1912 3330 2346 3401 Hierosolymam
2388 3330 2716 3401 ingreditur,
2756 3347 2856 3385 nec
2900 3346 2930 3384 a
2964 3332 3239 3401 superiori
3265 3346 3495 3402 separa-

1913 3434 2033 3491 tur;
2063 3426 2179 3495 ipse
2208 3424 2535 3479 saeculorum
2565 3431 2776 3486 auctor,
2812 3431 2865 3478 et
2897 3438 2928 3476 a
2957 3424 3183 3487 sacculo,
3216 3432 3271 3478 et
3307 3424 3362 3477 in
3396 3440 3494 3478 sa:-

1911 3519 2072 3583 cula;
2117 3518 2163 3571 is
2210 3525 2314 3581 est,
2373 3516 2468 3586 qui
2522 3516 2673 3572 solus
2722 3516 2921 3570 cmlum
2966 3517 3240 3583 extendit;
3289 3517 3379 3572 hic
3413 3525 3500 3573 est

1912 3612 2003 3682 qui
2041 3610 2359 3665 obambulat
2390 3624 2557 3679 super
2589 3623 2760 3672 mare,
2798 3615 3059 3676 tanquam
3104 3608 3160 3662 in
3202 3609 3307 3663 soli
3348 3612 3501 3679 pavi-

1915 3712 2102 3758 mento
2126 3720 2143 3769 ;
2165 3702 2251 3756 hic
2278 3700 2476 3755 nebula
2501 3699 2899 3754 mareinvolvit
2922 3715 2936 3765 ;
2962 3699 3050 3753 hic
3080 3707 3235 3768 septa
3266 3699 3501 3754 homini-

1913 3795 2018 3849 bus
2052 3791 2529 3859 circumscripsit;
2567 3791 2653 3844 hic
2685 3790 2825 3843 mari
2851 3792 3119 3844 terminos
3153 3789 3376 3857 divisit;
3412 3790 3500 3845 hic

1914 3895 2115 3939 terram
2147 3898 2271 3936 cum
2306 3882 2657 3950 explicasset,
2694 3879 2840 3932 nulla
2876 3894 2935 3933 re
2964 3878 3213 3947 luleivit;
3244 3879 3336 3934 hic
3381 3872 3496 3937 elc-

1916 3986 2225 4032 mentorum
2253 3976 2542 4030 mistiones
2574 3973 2985 4044 sapientissime
3018 3976 3381 4045 temperavit;
3407 3977 3500 4031 hic

1920 4071 2233 4141 plantarum
2299 4068 2508 4123 formas
2569 4065 2895 4135 exornavit;
2951 4066 3041 4121 hic
3106 4067 3306 4122 coelum
3341 4070 3499 4138 quasi

1915 4164 2301 4219 vestimentum
2332 4162 2612 4227 extendit;
2647 4161 2736 4215 hic
2784 4160 2960 4229 ipsum
3004 4160 3169 4215 claris
3230 4161 3504 4215 condeco-

1916 4254 2057 4310 ravit
2088 4254 2412 4309 luminibus.
2468 4251 2625 4307 llunc
2668 4254 2896 4308 horrent
2935 4252 3244 4319 cherubim,
3298 4262 3352 4308 et
3393 4261 3503 4309 tre-

1918 4354 2076 4403 munt
2110 4348 2412 4418 seraphim,
2454 4347 2603 4402 hunc
2636 4348 2881 4403 celebrat
2913 4348 3018 4413 sol,
3051 4347 3198 4403 hunc
3227 4346 3356 4402 luna
3380 4348 3501 4420 glo-

1917 4442 2063 4497 riose
2088 4439 2371 4512 praedicat,
2404 4440 2555 4495 hunc
2587 4440 2816 4496 laudant
2857 4442 3061 4507 sidera,
3094 4441 3224 4495 huic
3254 4439 3504 4495 serviunt

1918 4535 2121 4601 fontes,
2154 4537 2302 4591 hunc
2333 4535 2528 4591 timent
2558 4536 2766 4608 abyssi,
2803 4537 2951 4592 hunc
2985 4546 3244 4594 verentur
3273 4546 3500 4600 tartara,

1919 4626 2049 4683 huic
2103 4627 2309 4683 cedunt
2357 4634 2497 4693 cete,
2552 4628 2699 4683 hunc
2732 4629 3002 4685 dracones
3056 4637 3324 4695 tremunt,
3374 4628 3503 4683 huic

1919 4722 2122 4779 imbres
2150 4722 2503 4787 ministrant,
2529 4722 2676 4777 hunc
2711 4722 2857 4777 venti
2897 4723 3223 4789 observant;
3258 4722 3346 4775 hic
3373 4736 3504 4776 eort-

1922 4815 2099 4870 stituit
2139 4830 2325 4871 rerum
2354 4824 2605 4881 naturas,
2643 4815 2735 4871 hic
2782 4814 3030 4870 condidit
3071 4819 3379 4879 creaturas,
3414 4810 3507 4866 hic

3346 4909 3509 4972 atque

208 5002 320 5073 ipsi
385 5004 565 5075 gloria
619 5012 676 5061 et
738 5003 1030 5075 imperium
1088 5003 1145 5060 in
1205 5003 1407 5061 satcula
1462 5004 1816 5064 saeculorum.
1859 5004 2053 5062 Amen.

282 5246 415 5322 ω)
450 5263 536 5319 που
568 5246 830 5321 ἐφόϐησε-

3517 4944 3551 5009 ,Ι
