3948 6196
321 154 399 211 461
557 152 563 158 ”
1256 178 1271 181 π
1340 144 1625 209 HOMILIA
1658 151 1722 209 ll.
1744 149 1809 205 IN
1853 148 1880 205 Ε

1983 148 2172 205 ΒΑΤο
2210 147 2470 204 MAGNO.

3459 158 3570 216 M2

312 274 399 343 τῆς
430 268 763 340 οἰκονομίας,
799 265 1040 339 σήμερον
1072 265 1142 320 τὰ
1178 266 1280 338 τῆς
1327 266 1614 331 ἐξουσίας·
1651 264 1780 337 χθὲς
1809 264 1880 318 τὰ

1984 260 2111 315 lleri
2159 275 2282 330 qua:
2335 262 2495 314 erant
2544 257 3045 315 administrationis
3096 263 3354 332 propria,
3406 267 3567 325 hodie

308 364 399 432 τῆς
428 358 733 422 ἀσθενείας,
779 358 1019 429 σήμερον
1060 357 1130 410 τὰ
1156 356 1260 428 τῆς
1287 356 1605 420 σὺθεντίας.·
1636 356 1764 426 χθὲς
1811 354 1882 408 τὰ

308 453 401 523 τῆς
424 449 840 521 ἀνθρωπότητος
867 490 882 515 ,
931 449 1172 520 σήμερον
1226 448 1293 501 τὰ
1343 448 1445 518 τῆς
1496 447 1750 517 θεότητος
1796 447 1882 498 ὲν·

307 546 588 599 δείκνυται.
641 541 786 605 Χθὲς
826 541 1179 613 ὲρῤαπίζετο,
1215 541 1455 612 σήμερον
1503 542 1571 610 τῇ
1624 539 1878 608 ἀστραπῇ

308 635 403 704 τῆς
430 632 676 702 θεότητος
708 630 770 683 τὸ
810 630 906 683 τοῦ
935 629 1060 699 ᾅδου
1101 628 1320 701 ῥαπίζει
1359 631 1677 699 οἰκητήριον
1698 645 1711 658 ·
1752 627 1882 697 χθὲς

314 725 595 795 ἐδεσμεῑτο,
633 723 874 794 σήμερον
898 722 1116 784 ἀλύτοις
1145 722 1362 791 δεσμοῖς
1403 722 1733 791 καταδεσμεῖ
1758 720 1869 792 (81))

312 817 400 867 τὸν
442 813 721 885 τύραννον·ι
784 813 912 882 χθὲς
979 811 1365 874 κατεδικάζετο
1390 852 1404 872 ,
1472 813 1712 882 σήμερον
1767 814 1881 877 τοῖς

314 904 612 965 καταδίκοις
640 902 953 973 ἐλευθερίαν
978 902 1259 974 χαρίζεται
1283 918 1297 932 ·
1332 901 1460 972 χθὲς
1491 902 1757 973 ὑπουργοὶ
1784 901 1879 961 τοῦ

309 995 535 1048 Πιλάτου
582 993 733 1064 αύτῷ
781 993 1091 1061 ἐνέπαιζον,
1147 994 1387 1064 σήμερον
1417 995 1466 1046 οἱ
1509 994 1749 1066 πυλωροὶ
1783 995 1879 1049 τοῦ

308 1088 426 1159 ᾅδου
450 1088 654 1150 ίδόντες
682 1085 872 1151 αὐτὸν,
907 1085 1156 1157 ἐφριξαν.
1195 1085 1356 1139 Ἀλλὰ
1376 1086 1486 1156 γὰρ
1519 1087 1752 1141 ἄκουσον
1784 1086 1879 1141 τοῦ

305 1178 536 1250 Χριστοῦ
568 1177 776 1241 πάθους
800 1177 893 1231 τὸν
941 1177 1098 1245 λόγον
1147 1176 1418 1248 ἀνώτερον
1442 1194 1455 1207 ’
1482 1179 1738 1243 ἄκουσον,
1785 1180 1881 1233 καὶ

303 1272 541 1342 ὕμνησον
562 1286 577 1301 ⁸
597 1271 853 1337 ἄκουσον,
872 1270 966 1322 καὶ
986 1269 1209 1337 δόξασω
1228 1285 1244 1302 ·
1266 1270 1621 1339 ἄκουσον,και
1642 1271 1880 1343 κήρυξον

301 1364 431 1417 Θεοῦ
482 1364 700 1434 μεγάλα
743 1362 1053 1433 θαυμάσια·
1107 1363 1223 1427 πῶς
1275 1366 1303 1417 6
1352 1363 1509 1434 νόμος
1568 1365 1877 1435 ὑποχωρεῖ·

301 1453 420 1517 πῶς
446 1455 482 1523 ή
524 1454 687 1523 χάρις
732 1451 990 1508 ὲπανθεῖδ·
1028 1452 1147 1515 πῶς
1172 1452 1221 1504 οί
1271 1451 1428 1505 τύποι
1470 1453 1877 1523 παρέρχονται·

302 1541 418 1605 πῶς
443 1543 503 1596 αἱ
529 1542 679 1594 σκιαὶ
706 1540 1077 1594 διαϐαίνουσιν
1103 1557 1118 1572 ·
1151 1539 1270 1601 πῶς
1301 1540 1330 1591 6
1376 1538 1531 1609 ἥλιος
1562 1539 1660 1609 τὴν
1696 1540 1879 1591 οίκου-

1982 364 2106 419 qua:
2137 349 2423 419 potentiae;
2465 347 2586 403 heri
2621 364 2744 419 qum
2787 351 3211 419 imbecillitatis,
3256 354 3414 411 hodie
3446 373 3568 427 qua:

1983 434 2413 501 dominationis;
2458 434 2573 489 heri
2626 452 2791 504 opera
2826 438 3080 495 humame
3128 452 3359 508 naturas,
3407 445 3571 502 hodie

1982 523 2292 580 divinitatis
2335 524 2724 579 ostenduntur.
2768 525 2895 581 Heri
2934 529 3108 599 alapis
3136 535 3567 602 percutiebatur,

1984 619 2144 674 hodie
2168 618 2380 689 fulgore
2400 620 2704 674 divinitatis
2725 620 2923 674 inferni
2950 624 3185 691 percutit
3207 606 3565 684 domicilium.

1982 708 2110 764 Heri
2144 711 2436 780 ligabatur,
2476 709 2637 764 hodie
2671 710 3057 767 insolubilibus
3087 716 3320 772 vinculis
3344 720 3571 790 colligat

1982 809 2297 872 tyrannum.
2324 800 2451 856 Heri
2477 802 2969 865 condemnabatur,
2998 804 3157 860 hodie
3190 808 3570 865 condemnatis

1981 893 2289 947 libertatem
2316 894 2563 962 largitur.
2600 892 2725 948 Heri
2760 893 2999 948 ministri
3026 895 3184 951 Pilati
3220 899 3295 952 illi
3333 901 3568 956 insulta~

1983 985 2137 1050 bant,
2172 985 2335 1039 hodie
2368 985 2635 1053 janitores
2665 983 2865 1038 inferni
2901 1001 2964 1040 eo
3004 988 3124 1042 viso
3165 990 3393 1047 horrore
3434 1008 3564 1061 pcr-

1982 1080 2123 1134 culsi
2159 1086 2309 1133 sunt.
2342 1077 2543 1133 Verum
2572 1077 2853 1132 enimvero
2889 1079 3015 1133 audi
3048 1080 3252 1136 Christi
3288 1084 3565 1152 passionis

1979 1172 2251 1226 rationem
2285 1170 2669 1223 sublimiorem
2711 1188 2725 1223 :
2760 1169 2911 1230 audi,
2950 1170 3293 1241 ctdecauta;
3325 1175 3473 1240 audi,
3512 1184 3567 1230 e'.

1982 1262 2234 1327 celebra;
2283 1261 2435 1324 audi,
2483 1269 2538 1314 et
2589 1260 2824 1329 pracdica
2863 1259 2955 1314 Dei
3006 1277 3200 1333 magna
3252 1265 3568 1320 mirabilia:

1981 1351 2260 1418 quomodo
2300 1352 2385 1406 lex
2432 1350 2611 1404 locum
2662 1351 2836 1417 cedit;
2887 1353 3166 1420 quomodo
3212 1358 3386 1424 gratia
3421 1357 3572 1411 emo-

1980 1441 2183 1507 rescit;
2215 1442 2491 1511 quomodo
2522 1441 2706 1511 ﬁgura:
2744 1450 3114 1511 praetereunt;
3150 1445 3424 1513 quomodo
3449 1462 3572 1500 um-

1984 1531 2094 1587 brae
2115 1540 2434 1597 transeunt;
2484 1534 2760 1601 quomodo
2801 1535 2883 1588 sol
2925 1535 3111 1589 orbem
3157 1544 3425 1591 terrarum
3469 1539 3573 1591 im-

304 1634 469 1704 μένην
500 1634 741 1704 πληροῖ·
770 1632 888 1695 πῶς
925 1633 959 1702 ή
1005 1631 1217 1684 Παλαιὰ
1252 1604 1664 1683 πεπαλαίωται·
1700 1630 1818 1694 πῶς
1844 1634 1876 1701 ἡ

1987 1622 2125 1691 plet;
2180 1623 2457 1691 quomodo
2512 1621 2682 1677 Vetus
2730 1621 3148 1678 Testamentum
3213 1627 3571 1695 antiqualur;

300 1722 471 1794 Καινὴ
513 1720 856 1792 βεϐαιοῦται·
890 1721 1009 1784 πῶς
1055 1721 1123 1774 τὰ
1170 1721 1372 1790 ἀρχαῖα
1420 1719 1738 1791 παρῆλθεν,
1788 1721 1883 1773 καὶ

300 1814 411 1877 πῶς
440 1814 521 1866 τὰ
545 1814 644 1867 νέα
693 1812 989 1884 ὲπήνθησε.
1023 1811 1127 1864 Δύο
1160 1812 1281 1865 λαοὶ
1328 1813 1385 1865 ὲν
1417 1811 1554 1863 Σιὼν
1604 1811 1745 1863 κατὰ
1786 1810 1881 1863 τοῦ

299 1903 538 1974 Χριστοῦ
587 1902 798 1966 πάθους
848 1902 1042 1974 καιρὸν
1096 1904 1547 1973 παραγεγόνασι·
1586 1903 1616 1953 6
1657 1900 1718 1965 ἐξ
1747 1902 1882 1955 ’1ουο

296 1995 451 2050 δαίων
483 1994 648 2064 ὁμοῦ,
684 1995 781 2048 καὶ
807 1996 835 2047 6
874 1996 931 2061 ἐξ
962 1993 1132 2047 ἐθνῶν
1155 2013 1167 2025 ·
1215 1994 1313 2046 δύο
1340 1994 1603 2063 βασιλεῖς,
1648 1994 1882 2058 Πιλᾶτος

298 2084 385 2135 καὶ
416 2082 676 2155 Ἡρώδης
700 2099 713 2113 ·
747 2082 840 2135 δύο
881 2084 1179 2154 ἀρχιερεῖς,
1216 2085 1415 2146 Ἀννας
1456 2085 1550 2147 καὶ
1583 2083 1839 2153 Καϊάφας
1864 2099 1879 2115 ·

298 2174 378 2235 ἴνα
400 2174 472 2227 τὰ
512 2173 608 2227 δύο
641 2173 781 2245 ὁμοῦ
810 2174 992 2245 πάσχα
1032 2175 1320 2243 γένωνται,
1354 2177 1414 2228 τὸ
1447 2177 1544 2247 μὲν
1574 2177 1883 2229 καταπαυόε

299 2283 478 2334 μενον,
507 2266 570 2319 τὸ
604 2266 664 2319 δὲ
697 2265 792 2318 τοῦ
823 2266 1063 2337 Χριστοῦ
1110 2268 1505 2338 ἐναρχόμενον·
1556 2268 1653 2329 δύο
1695 2267 1879 2321 θυσίαι

295 2360 410 2411 κατ’
448 2358 635 2429 αὐτὴν.
678 2358 775 2428 τὴν
827 2359 1065 2429 ἑσπέραν
1113 2358 1495 2419 ἐπετελοῦντο·
1547 2359 1737 2431 ἐπειδὴ
1785 2359 1881 2411 καὶ

297 2450 587 2522 σωτηρίαι,
626 2448 845 2512 ζώντων
878 2450 1022 2518 λέγω
1064 2451 1158 2503 καὶ¹
1208 2450 1456 2521 νεκρῶν,
1494 2448 1881 2520 ἐπραγματεύ-

294 2557 428 2594 οντο.
479 2542 598 2594 Καὶ
637 2542 666 2599 ὁ
696 2541 796 2611 μὲν
836 2542 1089 2606 Ἰουδαῖος
1129 2542 1347 2613 ὲδέσμει
1397 2541 1540 2596 θύων
1589 2541 1761 2611 ἀμνὸν
1787 2541 1881 2593 ἐπὶ

296 2632 514 2703 σφαγὴν
542 2631 679 2704 (81),
705 2635 735 2686 6
756 2633 813 2685 δὲ
836 2634 894 2697 ἐξ
930 2634 1101 2687 ἐθνῶν
1132 2634 1271 2687 Θεὸν.
1286 2635 1344 2687 ὲν
1380 2634 1701 2707 σαρκίεΚαὶ
1722 2634 1751 2685 6
1781 2634 1878 2703 μὲν

292 2725 352 2792 τῇ
388 2724 529 2793 σκιᾷ
556 2723 895 2793 ητένιζενού
941 2726 1000 2778 δὲ
1048 2724 1129 2796 τῷ
1179 2726 1313 2795 ήλίῳ
1350 2724 1471 2795 Θεῷ
1518 2724 1877 2795 προσέτρεχε.

293 2813 399 2869 Καὶ
433 2817 490 2867 οἱ
545 2815 647 2884 μὲν
688 2816 953 2884 δήσαντες
982 2815 1218 2885 Χριστὸν
1268 2816 1692 2885 ἀπεπέμποντο,
1739 2815 1790 2867 οἱ
1822 2816 1881 2867 δὲ

292 2909 350 2972 ἐξ
374 2908 553 2963 ἐθνῶν
590 2908 889 2980 προθύμως
918 2910 1080 2962 αὐτὸν
1115 2908 1366 2978 ἐδέχοντο
1394 2908 1529 2979 (82).
1562 2908 1671 2960 Καὶ
1702 2908 1751 2959 οἱ
1782 2906 1880 2977 μὲν

294 3003 643 3075 κτηνοθυτον,
668 3005 718 3055 οἱ
742 3003 799 3056 δὲ
830 3004 1106 3074 θεόσωμον
1135 3002 1327 3055 θυσίαν
1351 3001 1711 3072 προσέφερον,
1738 3000 1879 3053 Ἀλλ’

290 3097 342 3147 οἱ
392 3096 497 3167 μὲν
546 3096 791 3150 Ἰουδαῖοι
847 3096 948 3167 τὴν
1010 3094 1070 3161 ἐξ
1122 3094 1400 3163 Αἰγύπτου
1448 3095 1698 3149 διάϐασιν
1749 3093 1881 3164 (85)
1920 3171 1936 3183 ⁸

294 3186 670 3257 ἐμνημόνευον
697 3225 712 3249 ,
746 3188 796 3239 oi
844 3186 901 3240 δὲ
946 3185 1007 3251 ἐξ
1052 3184 1228 3240 ἐθνῶν
1270 3185 1371 3257 τὴν
1420 3186 1485 3238 ὲκ
1526 3185 1626 3256 τῆς
1670 3184 1884 3256 πλάνης

293 3277 567 3348 λύτρωσιν
606 3278 1098 3350 προεκηρύττοντο.

363 3452 478 3507 Καὶ
509 3451 687 3506 ταῦτα
713 3452 851 3520 ποῦς
901 3454 961 3509 ὲν
1008 3453 1150 3510 Σιὼν
1182 3457 1250 3528 τῇ
1291 3453 1445 3511 πόλει
1473 3454 1569 3508 τοῦ
1609 3454 1880 3520 Βασιλέως

292 3544 383 3597 τοῦ
421 3544 667 3615 μεγάλου
690 3562 703 3576 ·
748 3547 805 3599 ἐν
838 3542 872 3619 ᾖ
909 3548 1207 3619 εἰργάσατο
1240 3546 1485 3618 σωτηρία
1517 3549 1577 3599 ὲν
1605 3547 1754 3618 μέσῳ
1785 3548 1884 3618 τῆς

295 3635 418 3703 γῆς,
454 3637 518 3687 ὲν
557 3636 708 3706 μέσῳ
738 3635 831 3690 δύο
852 3636 1006 3700 ζώων
1034 3638 1303 3707 γνωσθεὶς
1336 3636 1544 3707 Ἰησοῦς
1566 3638 1595 3690 6
1619 3638 1844 3701 θεόπαις
1862 3653 1878 3668 ·

293 3726 351 3785 ἐν
393 3725 553 3796 μέσῳ
576 3726 792 3795 Πατρὸς
823 3726 919 3778 καὶ
947 3728 1265 3797 Πνεύματος
1295 3725 1411 3781 τῶν.
1431 3726 1524 3788 δύο
1554 3724 1731 3791 ζώων,
1767 3728 1881 3797 ζωὴ

298 3816 359 3865 ἐκ
382 3812 536 3883 ζωῆς
565 3813 699 3884 (84),
725 3815 881 3884 φησὶ,
908 3812 1053 3879 ζωὸς
1073 3814 1496 3887 γνωριζόμενος,
1517 3816 1618 3878 καὶ,
1640 3818 1698 3870 ὲν
1730 3817 1882 3887 μέσῳ

290 3905 547 3972 ἀγγέλων
582 3906 675 3958 καὶ
716 3905 1020 3976 ἀνθρώπων
1071 3909 1139 3977 τῇ
1175 3908 1352 3980 φάτνῃ
1394 3910 1745 3978 τικτόμενος·
1786 3910 1881 3962 καὶ

293 3996 349 4055 εν
383 3997 543 4067 μέσῳ
563 3996 657 4050 δύο
680 3996 824 4057 λαῶν
866 3997 1011 4061 λίθος
1041 3999 1436 4070 ἀκρογωνιαῖος
1473 3999 1755 4069 κείμενος·
1785 4001 1881 4059 καὶ

292 4090 349 4138 εν
384 4090 544 4159 μέσῳ
573 4090 737 4161 νόμου
790 4092 884 4144 καὶ
925 4090 1221 4162 προφητῶν
1261 4074 1398 4161 ὁμοῦ
1440 4091 1875 4164 κηρυττόμενος·

292 4180 387 4239 καὶ
416 4183 478 4246 έν
517 4182 666 4251 μέσῳ
698 4182 907 4251 Μωῡσῆ
938 4182 1032 4239 καὶ
1068 4182 1223 4243 Ἠλία
1266 4183 1359 4234 ἐπὶ
1391 4183 1484 4241 τοῦ
1516 4166 1681 4255 ὅρους
1711 4187 1879 4238 ὀπτα-

1983 1714 2259 1782 quomodo
2292 1714 2499 1767 Novum
2532 1714 2852 1779 stabilitur;
2889 1715 3164 1783 quomodo
3191 1726 3573 1773 veleratrans-

1982 1806 2181 1871 ierunt,
2228 1815 2281 1859 et
2316 1806 2596 1875 quomodo
2645 1821 2783 1860 nom
2824 1806 3201 1861 cilloruerunt.
3241 1808 3356 1863 Duo
3389 1811 3572 1880 populi

1982 1905 2226 1966 tempore
2252 1897 2456 1952 Christi
2492 1898 2770 1966 passionis
2809 1898 2862 1951 in
2919 1896 3051 1952 Sion
3075 1900 3350 1954 aﬂuerunt
3383 1920 3395 1955 :
3428 1902 3573 1956 alius

1981 2002 2046 2042 ex
2097 1988 2303 2043 Judaeis
2353 1990 2541 2055 simul,
2587 1991 2728 2045 alius
2785 2006 2852 2044 ex
2897 1992 3187 2060 gentibus;
3236 1992 3344 2046 duo
3394 2008 3572 2063 reges,

1982 2079 2197 2135 Pilatus
2242 2089 2296 2133 et
2357 2080 2632 2146 Herodes;
2692 2083 2800 2135 duo
2857 2082 3138 2151 principes
3194 2083 3570 2149 sacerdotum,

1979 2170 2169 2223 Aunas
2199 2178 2254 2222 ct
2298 2168 2562 2239 Caiphas,
2592 2178 2650 2221 ut
2689 2168 2799 2222 duo
2840 2169 3004 2223 simul
3053 2169 3311 2237 pascbata
3347 2169 3571 2233 tierent;

1982 2261 2114 2315 illud
2157 2261 2374 2330 quidem
2408 2276 2660 2324 cessans,
2705 2270 2761 2314 at
2801 2260 3007 2315 Christi
3056 2262 3272 2319 initium
3308 2275 3571 2327 sumens;

1980 2354 2103 2411 duae
2135 2355 2373 2408 victima:
2415 2354 2606 2409 eodem
2658 2367 2885 2423 vespere
2936 2353 3381 2422 perﬁciebantur,
3429 2370 3573 2423 quo-

1981 2447 2130 2507 niam
2163 2456 2219 2500 et
2250 2446 2452 2515 duplex
2485 2447 2659 2507 salus,
2693 2447 2938 2498 vivorum
2974 2445 3198 2513 inquam
3245 2452 3299 2498 et
3330 2453 3573 2499 mortuo-

1982 2555 2126 2602 rum,
2171 2536 2590 2597 conﬁciebatur.
2627 2537 2706 2594 Ac
2760 2537 2995 2605 populus
3030 2536 3251 2605 quidem
3304 2534 3574 2590 Judaicus

1981 2630 2274 2698 colligabat
2316 2643 2517 2698 agnum
2571 2628 2894 2682 sacriﬁcans
2945 2626 3018 2685 ad
3067 2627 3291 2688 eadem,
3339 2628 3573 2697 populus

1980 2734 2112 2776 vero
2151 2734 2216 2772 ex
2246 2719 2504 2788 gentibus
2552 2716 2722 2771 Deum
2775 2717 2830 2770 in
2864 2731 3053 2777 carne.
3090 2716 3184 2775 l.lle
3210 2721 3460 2777 unibram
3494 2718 3574 2773 in-

1981 2812 2256 2874 tuebatur,
2279 2808 2369 2863 hic
2399 2808 2465 2863 ad
2503 2808 2673 2863 solem
2711 2806 2887 2867 Deum
2916 2810 3267 2863 accurrebat.
3312 2809 3392 2863 Illi
3415 2810 3575 2865 Chri-

1984 2910 2129 2957 stum
2156 2901 2481 2964 vincientes,
2532 2900 2671 2953 alter
2719 2900 2878 2954 alteri
2931 2899 3420 2955 transmittebant:
3476 2901 3570 2957 isti

1984 3007 2116 3047 vero
2154 3008 2217 3046 ex
2246 2992 2501 3062 gentibus
2528 2990 2784 3051 alacriter
2813 3004 2937 3044 eum
2966 2991 3362 3061 suscipiebant.
3390 2989 3469 3045 illi
3503 3007 3572 3047 cx

1986 3084 2290 3156 pecudibus
2313 3090 2629 3146 mactatam,
2656 3083 2710 3136 bi
2736 3098 2867 3137 vero
2889 3081 3060 3136 divini
3084 3082 3302 3152 corpori
3337 3083 3571 3137 hostiam

1984 3177 2307 3232 olicrebant.
2338 3173 2511 3229 Judaei
2546 3175 2727 3230 exitus
2755 3189 2820 3229 ex
2861 3173 3098 3246 ASgypto
3131 3174 3450 3233 memoriam
3482 3190 3572 3232 res

1984 3270 2264 3333 colebant,
2302 3268 2358 3322 hi
2383 3268 2474 3337 qui
2501 3282 2564 3322 ex
2596 3267 2851 3338 gentibus
2879 3266 3258 3322 liberationem
3290 3282 3355 3321 ex
3380 3282 3571 3322 errore

1985 3362 2380 3434 przedicabant.
3560 3374 3564 3378 ·

2054 3455 2125 3509 Et
2155 3456 2271 3510 hac
2306 3453 2443 3509 ubi?
2495 3451 2550 3506 In
2604 3450 2737 3507 Sion
2777 3449 2997 3506 civitate
3030 3450 3198 3523 Regis
3250 3452 3464 3523 magni,
3514 3452 3569 3507 in

1983 3565 2091 3621 qua
2126 3556 2386 3619 Operatus
2417 3552 2503 3601 est.
2532 3547 2770 3604 salutem
2802 3545 2858 3599 in
2881 3545 3063 3599 medio
3092 3552 3271 3599 teme.
3310 3545 3364 3599 In
3392 3544 3580 3600 medio

1983 3643 2216 3697 duorum
2246 3641 2494 3696 vivorum
2520 3640 2778 3709 cognitus
2807 3636 2971 3698 Jesus
3001 3635 3096 3691 Dei
3128 3636 3340 3702 Filius;
3377 3637 3431 3690 in
3464 3651 3574 3691 mea

1982 3733 2084 3788 dio
2119 3733 2299 3787 Patris
2354 3739 2408 3785 et
2457 3729 2700 3799 Spiritus
2742 3730 2944 3793 sancti,
2996 3727 3230 3782 duorum
3265 3728 3513 3782 vivorum
3552 3748 3567 3784 :

1981 3823 2116 3884 vita,
2165 3821 2364 3891 inquit,
2398 3836 2465 3874 ex
2506 3820 2642 3883 vita,
2677 3820 2836 3873 vivus
2886 3819 3129 3888 agnitus,
3178 3829 3231 3872 et
3284 3818 3337 3871 in
3390 3819 3575 3873 medio

1982 3914 2303 3983 angelorum
2328 3921 2383 3966 et
2412 3912 2695 3966 hominum
2724 3914 2777 3965 in
2804 3909 3033 3979 praesepi
3067 3911 3118 3963 iu
3143 3909 3320 3967 lucem
3350 3910 3568 3975 editus;

1980 4012 2035 4059 et
2062 4004 2117 4056 in
2158 4000 2339 4056 medio
2369 4000 2605 4057 duorum
2646 4000 2973 4069 populorum
3003 3999 3143 4069 lapis
3167 4000 3447 4069 angularis
3480 4015 3575 4069 pos

1980 4093 2164 4155 situs;
2213 4091 2354 4145 etin
2397 4090 2578 4144 medio
2623 4090 2778 4160 legis.
2822 4091 3026 4159 pariter
3074 4104 3139 4143 ac
3182 4090 3568 4160 prophetarum

1981 4184 2370 4255 praedicatione
2428 4183 2776 4248 celebratus;
2840 4192 2895 4237 et
2940 4183 2995 4237 in
3038 4182 3221 4238 medio
3269 4182 3469 4253 Moysis
3514 4190 3571 4237 ct

289 4268 559 4340 νόμενος·
594 4272 689 4325 καὶ
735 4274 793 4325 ὲν
849 4273 1000 4344 μέσῳ
1046 4273 1154 4326 τῶν
1206 4274 1301 4327 δύο
1350 4274 1571 4346 λῃστῶν,
1614 4275 1746 4339 Θεὸς
1799 4276 1879 4349 τῷ

1984 4278 2112 4332 Elia:
2144 4278 2197 4330 in
2236 4283 2423 4331 monte
2454 4284 2784 4344 conspectus
2806 4292 2820 4341 ;
2840 4286 2893 4330 et
2923 4276 2976 4330 in
3012 4275 3191 4330 medio
3225 4276 3457 4329 duorum
3488 4276 3571 4329 las

292 4360 611 4431 εὐγνώμονι
636 4363 808 4434 λῃστῇ
861 4362 1281 4435 γνωριζόμενος⁸
1344 4367 1439 4433 κάπὶ
1483 4367 1541 4418 ἐν
1592 4367 1742 4437 μέσῳ
1782 4368 1881 4438 τῆς

292 4451 582 4521 παρούσης
619 4451 765 4522 ζωῆς
796 4455 889 4517 καὶ
935 4454 1036 4523 τῆς
1082 4454 1386 4525 μελλούσης
1424 4454 1616 4526 κριτὴς
1665 4454 1882 4521 αἰώνιος

293 4541 699 4612 καθεζόμενος·
752 4547 844 4598 καὶ
900 4547 959 4600 ἐν
1004 4546 1157 4617 μέσῳ
1219 4549 1459 4617 σήμερον
1511 4546 1731 4613 ζώντων
1788 4549 1883 4611 καὶ

292 4634 511 4705 νεκρῶν
563 4636 747 4708 διττὴν
812 4639 955 4709 ζωὴν
1022 4640 1114 4692 καὶ
1172 4639 1449 4709 σωτηρίαν
1495 4640 1885 4711 ποιησάμενος,

296 4727 499 4797 Διττὴν
536 4728 699 4781 πάλιν
728 4729 870 4797 λέγω
903 4729 1067 4800 ζωὴν,
1106 4730 1290 4801 διττὴν
1325 4731 1575 4801 γένενησιν
1614 4732 1750 4803 ὁμοῦ
1789 4733 1884 4785 καὶ

296 4815 682 4888 άναγέννησιν,
711 4820 807 4871 καὶ
834 4820 1065 4873 ἄκουσον
1095 4820 1206 4891 (85)
1242 4820 1479 4891 Χριστοῦ
1510 4821 1688 4881 διττοῦ
1720 4822 1881 4876 τόκου

296 4908 368 4959 τὰ
410 4910 748 4979 πράγματα,
790 4912 885 4973 καὶ
922 4912 1107 4981 κρότει
1161 4912 1231 4979 τὰ
1293 4911 1569 4983 θαύματα.
1620 4913 1883 4983 Ἀγγελος

300 5000 405 5068 μὲν
440 5004 508 5071 τῇ
535 5003 723 5073 Μαρίᾳ
755 5005 1029 5077 μητρικὴν
1046 5004 1141 5058 τοῦ
1174 5005 1411 5075 Χριστοῦ
1441 5006 1689 5079 γέννησιν
1718 5009 1885 5079 εὐηγ-

298 5089 590 5157 γελίσατο·
636 5078 869 5162 ἄγγελος
900 5095 959 5149 δὲ
994 5099 1060 5166 τῇ
1092 5095 1283 5166 Μαρίᾳ.
1320 5099 1384 5167 τῇ
1415 5078 1751 5169 Μαγδαληνῇ
1783 5078 1884 5170 τήν

298 5181 369 5235 ὲκ
416 5184 515 5236 τοῦ
558 5187 729 5255 τάφου
781 5189 1013 5259 φρικτὴν
1066 5189 1422 5260 άναγέννησιν
1470 5191 1880 5263 εὐηγγελίσατο.

299 5272 489 5327 Νυκτὶ
514 5276 743 5348 Χριστὸς
768 5280 826 5331 ὲν
857 5279 1105 5351 Βηθλεὲμ
1132 5284 1416 5349 γεννᾶται·
1446 5285 1603 5340 νυκτὶ
1635 5283 1797 5337 πάλιν
1826 5286 1883 5339 ὲν

374 5428 501 5503 180)
526 5449 613 5499 rp.
648 5432 945 5503 διαδεσμεῖ.

376 5502 469 5639 (81
489 5512 501 5563 >
528 5520 617 5567 τρ.
649 5504 706 5587 ἐν
732 5502 932 5587 σφαγῇ.

408 5572 500 5637 {-5)
539 5590 622 5639 γρ.
662 5574 932 5639 υπῖοέγοντ

408 5576 445 5637 ἦ
451 5572 500 5637 1)
539 5590 622 5644 γρ.
662 5572 995 5643 ύπεδέγοντο.

1987 4380 2205 4424 tronum
2242 4367 2393 4425 Deus.
2418 4367 2589 4437 probo
2617 4368 2823 4427 latroni
2861 4369 3138 4439 cognitus,
3169 4369 3478 4438 sedensque
3515 4369 3577 4423 in

1985 4461 2163 4517 medio
2181 4460 2474 4530 praesentis
2490 4461 2612 4515 vita:
2629 4467 2685 4515 et
2700 4460 2897 4514 futura:
2911 4461 3079 4529 judcx
3099 4469 3337 4516 aeternus
3352 4479 3375 4528 ;-
3408 4471 3576 4530 atque

1985 4553 2039 4608 in
2088 4551 2264 4605 medio
2301 4550 2550 4605 vivorum
2597 4559 2652 4605 et
2696 4560 3059 4615 mortuorum,
3097 4552 3369 4621 duplicem
3410 4552 3569 4607 hodie

1983 4643 2151 4697 vitam
2206 4649 2261 4695 et
2290 4640 2524 4695 Salutem
2564 4639 2816 4709 perfecit.
2858 4638 3142 4709 Duplicem
3192 4657 3412 4695 rursum
3442 4642 3566 4696 dico

1984 4733 2175 4799 vitam,
2203 4732 2483 4803 duplicem
2519 4730 2953 4803 generationem,
2985 4732 3261 4803 simulque
3291 4748 3567 4805 regenera-

1985 4827 2209 4882 tionem.
2248 4825 2317 4879 Et
2353 4825 2481 4880 audi
2516 4824 2722 4880 Christi
2755 4825 2998 4895 duplicis
3035 4826 3340 4881 nativitatis
3374 4842 3567 4896 opera,

1983 4927 2040 4974 ct
2068 4918 2268 4989 plaude
2286 4904 2363 4973 ob
2395 4917 2681 4972 miracula.
2716 4919 2957 4990 Angelus
2990 4918 3209 4988 quidem
3242 4918 3425 4973 Maria:
3454 4934 3572 4972 ina-

1984 5016 2197 5067 tet-nam
2253 5009 2461 5065 Christi
2507 5010 2921 5079 generationem
2976 5009 3281 5075 nuntiavit;
3336 5009 3571 5079 angelus

1984 5116 2117 5155 vero
2147 5098 2331 5155 Mariae
2360 5100 2689 5168 Magdalcna:
2715 5116 2778 5154 ex
2810 5101 3066 5169 sepulcro
3096 5099 3576 5170 regenerationem

1987 5193 2357 5248 aununtiavit.
2390 5191 2565 5247 Noctu
2585 5194 2911 5248 Christusin
2946 5193 3261 5247 Bethlehcm
3294 5194 3574 5253 nascitun

1986 5295 2149 5343 novtu
2178 5301 2398 5339 rursum
2431 5284 2484 5338 in
2516 5283 2647 5338 Sion
2676 5287 3005 5341 renascitur.
3035 5284 3258 5341 Fascias
3280 5286 3428 5340 circa
3463 5301 3566 5345 ua-.

2054 5439 2167 5521 ea
2205 5458 2295 5510 γρ-
2336 5439 2433 5521 τῆς
2460 5439 2778 5521 intidem

2057 5510 2169 5580 (8ft)
2212 5529 2300 5580 γρ.
2334 5510 2440 5563 τῶν
2463 5512 2527 5564 ὲκ
2554 5510 2699 5579 ζωῆς
2722 5511 2879 5577 φύσει
2906 5510 3077 5576 ζώων.

2059 5579 2173 5651 (85)
2331 5582 2489 5637 ἄκουε
2518 5582 2693 5650 ῥητῶς
2719 5580 2821 5634 διτ.
