3948 6196
291 170 395 230 443
1606 163 1820 220 DUBIA
1857 167 1872 217 Λ

1981 165 1999 218 [⁸
2033 156 2305 223 δΡυῐὶιΔξ
3455 175 3561 233 4M

292 293 569 349 tlvitatem
614 292 872 365 suscipit,
918 292 1106 350 t‘asciis
1134 298 1190 348 et
1236 290 1326 346 hic
1370 288 1692 347 involvitur.
1737 287 1872 360 Myr-

1985 290 2052 359 τῇ
2084 286 2225 342 Σιὼν
2265 287 2649 355 ἀναγεννᾶται.
2705 287 3003 359 Σπάργανα
3050 302 3132 354 εις
3160 288 3259 362 τὴν
3304 292 3559 368 γὲννησιν

293 382 451 438 rham
484 390 649 440 natus
684 384 926 455 accepit;
969 382 1247 454 myrrham
1272 388 1328 436 et
1358 380 1413 435 in
1444 380 1638 439 l'unere
1669 380 1872 435 aloem-

1981 378 2368 449 καταδέχεται·
2394 378 2689 451 σπάργανα
2709 380 2805 434 καλ⁸
2838 380 3071 435 ἐνταῦθα
3093 384 3558 449 κατατυλίττεται,

295 491 404 546 que
458 478 679 548 recipit.
733 477 850 531 illic
902 474 1103 543 Ioseph
1156 488 1260 527 nec
1307 473 1538 527 maritus
1572 472 1872 543 appellatur

1981 471 2234 542 Σμύρναν
2260 471 2542 541 γεννηθεὶς
2573 471 2791 536 ἐδέξατο
2810 490 2821 503 ·
2849 474 3097 545 σμύρναν
3121 475 3217 529 καὶ
3248 477 3306 530 ὲν
3327 481 3395 549 τῇ
3418 485 3560 553 ταφῇ

295 568 529 625 maritus
560 568 761 629 Mariae,
812 582 876 621 ac
910 566 1000 620 hic
1036 563 1238 636 Joseph
1280 581 1345 621 ex
1384 565 1716 620 Arimathaca
1754 566 1872 620 vita:

1981 562 2072 614 καὶ
2106 559 2270 631 ἀλοὴν
2303 559 2682 631 καταδέχεται.
2717 561 2864 614 Ἐκεῖ
2905 561 3104 633 Ἰωσὴφ
3130 563 3393 638 ἄνανδρος
3422 566 3565 636 ἀνὴρ

296 638 498 714 nostra:
544 664 862 728 parentatur
907 655 1159 711 etlicitur.
1221 654 1280 709 In
1332 654 1647 711 Bethlehem
1701 662 1756 711 et
1818 655 1872 710 in

1981 651 2079 722 τῆς
2118 651 2340 723 Μαρίας
2371 652 2846 725 προσηγόρευται·
2890 654 3009 707 ἀλλ’
3048 649 3150 709 ὦδε
3200 657 3399 728 Ἰωσὴφ
3432 661 3461 712 6
3506 660 3566 726 ἐξ

296 747 525 817 ιιηοεερί
566 747 868 817 generatio,
900 761 1090 801 verum
1133 754 1188 800 et
1219 746 1272 801 in
1319 748 1573 818 sepulcro
1614 755 1873 817 tanquam

296 838 351 889 in
390 838 619 907 praesepi
664 838 841 895 locus.
897 835 1066 890 Primi
1117 846 1368 908 pastores
1407 837 1609 894 Christi
1654 837 1876 892 nuntia-

295 925 429 981 bant
469 928 907 998 generationem;
947 928 1042 984 sed
1072 937 1126 983 et
1158 930 1318 1000 primi
1348 930 1592 985 omnium
1624 936 1875 1001 pastores

293 1014 498 1073 Christi
538 1018 796 1087 discipuli
837 1018 1309 1075 annuutiaverunt
1338 1018 1548 1074 Christi
1576 1037 1607 1074 a
1643 1019 1877 1075 mortuis

292 1108 783 1180 regenerationem.
818 1108 932 1163 lllic
954 1110 1088 1175 Ave,
1122 1113 1348 1180 angelus
1374 1111 1444 1165 ad
1473 1110 1751 1182 Virginem
1786 1126 1876 1166 ex-

291 1197 572 1265 clamavit,
616 1206 673 1255 et
722 1200 835 1264 hic,
895 1202 1086 1269 Avete,
1132 1202 1319 1272 magni
1373 1202 1591 1257 consilii
1646 1201 1875 1273 angelus

290 1286 547 1345 Christus
608 1292 750 1362 apud
789 1293 1045 1350 mulieres
1075 1296 1383 1365 usurpavit.
1414 1296 1471 1349 in
1506 1296 1683 1366 prima
1712 1309 1876 1365 gene-

290 1379 505 1435 ratione
547 1380 805 1438 Christus
844 1394 969 1454 post
1015 1386 1378 1456 quadraginta
1427 1385 1549 1441 dies
1591 1386 1875 1455 ingressus

290 1479 378 1526 est
421 1473 477 1526 in
520 1481 834 1531 terrestrem
889 1477 1349 1549 Hierosolymam,
1403 1478 1457 1532 in
1493 1478 1778 1548 templum,
1820 1483 1875 1531 et

1993 743 2357 815 Ἁριμαθαίας
2386 743 2654 816 κηδευτὴς
2670 744 2770 815 τῆς
2790 744 2939 815 ζωῆς
2966 744 3125 817 ἡμῶν
3154 747 3562 806 ἀναδείκνυται.

1990 836 2079 890 Ἐν
2099 835 2347 907 Βηθλεὲμ
2375 834 2470 888 καὶ
2493 836 2550 888 ὲν
2579 834 2755 909 φάτνῃ
2787 837 2816 888 6
2845 835 3011 900 τόπος
3026 836 3163 908 (85')
3182 854 3196 869 ·
3229 838 3365 893 ἀλλά
3384 840 3481 893 καὶ
3506 842 3569 895 ὲν

1976 927 2055 998 τῷ
2076 927 2231 998 τάφῳ
2258 926 2333 990 ὡς
2367 925 2460 979 ἐπὶ
2482 924 2733 998 φάτνηςό
2764 927 2946 991 τόπος.
2966 928 3181 999 Πρῶτοι
3204 929 3422 985 πάντων
3442 949 3560 987 ποι-

1979 1015 2142 1088 μένες
2195 1015 2294 1087 τὴν
2334 1014 2575 1086 Χριστοῦ
2624 1015 3040 1087 εὐηγγελίζοντο
3096 1017 3383 1089 γέννησιν·
3428 1020 3563 1075 ἀλλά

1978 1109 2073 1161 καὶ
2102 1106 2312 1179 πρῶτοι
2350 1106 2570 1160 πάντων
2606 1105 2869 1175 ποιμένες
2904 1106 3142 1177 Χριστοῦ
3189 1109 3429 1180 μαθηταὶ
3470 1113 3563 1165 εὐ-

1973 1199 2382 1271 ηγγελίσθησαν
2400 1196 2495 1251 τοῦ
2525 1196 2763 1268 Χριστοῦ
2806 1195 2903 1267 τὴν
2946 1197 3011 1249 ἐκ
3044 1196 3263 1269 νεκρῶν
3296 1202 3563 1271 ἀναγγέν-

1975 1308 2151 1363 νησιν.
2190 1291 2356 1355 Ἐκεῖ,
2391 1290 2584 1361 Χαῖρε,
2615 1291 2643 1345 ό
2688 1287 2918 1357 ἄγγελος
2947 1292 3013 1360 τῇ
3043 1290 3307 1363 Παρθένῳ
3326 1293 3523 1364 ἐϐόησε
3543 1309 3558 1325 ·

1975 1385 2070 1437 καὶ
2095 1380 2351 1447 ἐνταῦθα,
2378 1380 2636 1452 Χαίρετε,
2681 1381 2710 1433 6
2729 1379 2829 1449 τῆς
2854 1379 3095 1451 μεγάλης
3115 1381 3313 1452 βουλῆς
3328 1383 3558 1452 ἄγγελος

1975 1474 2209 1545 Χριστὸς
2235 1474 2358 1535 ταῖς
2410 1471 2627 1541 γυναιξὶ
2678 1470 3069 1542 ἀνακέκραξεν.
3119 1472 3209 1526 Ἐν
3252 1476 3319 1545 τῇ
3369 1474 3571 1551 πρώτῃ

290 1561 510 1629 obtulit,
539 1573 601 1619 ut
623 1568 1047 1638 primogenitus,
1076 1586 1172 1639 par
1202 1577 1479 1624 turturum
1513 1568 1655 1635 Deo;
1682 1582 1871 1624 verum

1981 1567 2228 1637 γεννήσει
2259 1562 2497 1635 Χριστὸς
2553 1561 2693 1634 μετά
2735 1561 3141 1633 τεσσαράκοντα
3189 1564 3403 1635 ἡμέρας
3450 1568 3567 1619 εἰσο.

288 1660 344 1712 et
383 1654 441 1709 in
480 1660 889 1716 resurrectione
929 1675 961 1715 a
1005 1630 1237 1717 mortuis
1271 1661 1528 1717 Christus
1567 1669 1691 1731 post
1730 1674 1872 1732 qua-

1981 1630 2136 1732 ἦλθεν
2163 1662 2244 1723 είς
2298 1630 2397 1730 τὴν
2449 1630 2696 1727 ἐπίγειον
2737 1630 3127 1729 Ἰερουσαλὴμ,
3286 1630 3380 1712 τὸν
3413 1657 3562 1725 ναδν,

289 1742 547 1818 draginta
576 1749 695 1808 dies
722 1752 972 1808 ascendit
997 1753 1052 1808 in
1085 1768 1379 1825 supernam
1410 1753 1870 1825 Hierosolymam,

290 1851 321 1894 τι
352 1853 460 1908 qua
492 1856 599 1895 non
647 1853 765 1898 erat
796 1854 1112 1916 separatus,
1160 1856 1216 1902 et
1257 1848 1311 1901 in
1343 1862 1469 1902 vere
1509 1843 1708 1900 Sancta
1752 1860 1873 1899 san~

288 1938 525 1997 ctorum,
560 1948 619 1989 ut
648 1936 1049 2007 pritnogcnitus
1086 1939 1436 2009 incorruptus
1469 1954 1500 1993 a
1529 1937 1785 1999 mortuis,
1818 1946 1874 1991 et

288 2021 489 2078 obtulit
537 2024 648 2081 Deo
702 2035 758 2082 et
807 2028 954 2083 Patri
1002 2038 1262 2100 tanquam
1311 2030 1450 2085 duas
1490 2028 1872 2084 immaculatas

288 2120 563 2179 turtures,
606 2116 847 2171 animam
894 2126 949 2174 et
994 2134 1216 2174 carnem
1264 2127 1559 2174 nostram:
1607 2132 1768 2189 quem
1819 2125 1874 2172 et

288 2207 561 2278 suscepit,
598 2210 763 2265 veluti
801 2210 1021 2267 Simeon
1064 2212 1312 2283 quidam,
1344 2213 1620 2283 Antiquus
1657 2213 1872 2267 dierum

288 2297 436 2356 Deus
464 2309 518 2357 et
542 2301 727 2367 Pater,
765 2313 1027 2374 tanquam
1054 2305 1108 2358 in
1142 2306 1326 2370 ulnas,
1353 2306 1406 2359 in
1440 2307 1691 2375 proprios
1715 2306 1872 2360 sinus

287 2393 409 2455 sine
436 2394 545 2447 ulla
568 2394 1107 2465 circumscriptione.
1134 2395 1191 2449 Si
1218 2412 1348 2451 vero
1372 2397 1486 2451 hazc
1509 2405 1567 2450 ut
1596 2397 1867 2463 fabulosa,

286 2491 342 2541 ct
373 2498 483 2538 non
520 2483 753 2539 fideliter
800 2485 980 2549 audis,
1024 2493 1288 2541 accusant
1333 2493 1387 2540 te
1441 2501 1550 2540 non
1602 2487 1871 2542 dissoluta

286 2569 466 2639 sigilla
531 2572 968 2641 regenerationis
1028 2572 1298 2628 Dominici
1347 2573 1548 2630 Christi
1607 2576 1867 2646 sepulcri.

289 2661 767 2728 Quemadmodum
820 2666 966 2721 enim
1023 2668 1332 2739 obsignatis
1386 2670 1455 2724 ab
1507 2670 1624 2737 ipsa
1674 2677 1870 2724 natura

288 2753 480 2810 inditis
532 2756 991 2827 patefacientibus
1040 2769 1256 2815 uterum
1304 2762 1563 2815 claustris
1612 2761 1870 2832 virgineae

286 2858 519 2915 naturaa,
553 2850 811 2906 Christus
844 2867 911 2907 ex
941 2850 1170 2923 Virgine
1199 2862 1363 2908 natus
1400 2863 1520 2907 est:
1560 2853 1641 2906 sic
1667 2852 1869 2908 Christi

1974 1753 2072 1804 καὶ
2124 1749 2479 1820 προσήγαγεν
2529 1745 2605 1809 ὡς
2654 1744 3002 1815 πρωτότοκος
3033 1744 3228 1813 ζεῦγος
3286 1747 3569 1817 τρυγόνων

1974 1840 2123 1912 Θεῷ·
2150 1839 2285 1892 ἀλλὰ
2319 1838 2416 1892 καὶ
2455 1838 2512 1890 ὲν
2542 1837 2610 1906 τῇ
2648 1838 2713 1889 ὲκ
2743 1834 2953 1906 νεκρῶν
2989 1835 3284 1890 ἀναστάσει
3329 1837 3573 1908 Χριστὸς

1978 1931 2118 2005 μετά
2155 1929 2566 2001 τεσσαράκοντα
2630 1927 2845 1999 ἡμέρας
2896 1926 3129 1998 ἀνῆλθεν
3179 1929 3261 1992 είς
3305 1927 3404 2000 τὴν
3451 1928 3582 1983 ἀνω-

1986 2021 2364 2099 Ίερουσαλὴμ,
2388 2021 2511 2075 ὃθεν
2539 2019 2642 2073 οὐκ
2679 2018 2992 2090 ἐχωρίζετο,
3037 2016 3134 2071 καὶ
3166 2018 3249 2081 είς
3284 2016 3356 2071 τά
3394 2017 3565 2081 ὅντως

1978 2117 2147 2185 Ἀγια
2167 2114 2275 2167 τῶν
2293 2112 2465 2181 ἁγίων
2487 2111 2562 2174 ὡς
2585 2108 2927 2182 πρωτότοκος
2947 2107 3221 2178 ἄφθαρτος
3242 2109 3307 2162 ὲκ
3329 2108 3561 2179 νεκρῶν,

1975 2210 2069 2269 καὶ
2102 2208 2423 2278 προσήγαγε
2452 2203 2531 2274 τῷ
2559 2202 2680 2274 θεῷ
2720 2202 2816 2255 καὶ
2849 2201 3026 2271 Πατρὶ
3060 2200 3136 2263 ὡς
3167 2198 3262 2253 δύο
3299 2198 3573 2271 ἀμώμους

1973 2300 2263 2371 τρυγόνας,
2303 2296 2402 2367 τὴν
2428 2294 2605 2366 ψυχὴν
2640 2293 2734 2348 καὶ
2767 2292 2864 2364 τὴν
2908 2294 3087 2363 σάρκα
3116 2291 3215 2363 τὴν
3249 2292 3559 2365 ἡμετέραν·

1972 2392 2031 2444 ὃν
2072 2390 2167 2443 καὶ
2206 2388 2524 2453 ὑπεδέξατο,
2555 2385 2630 2448 ὠς
2661 2383 2885 2455 Συμεών
2929 2401 3038 2446 τις,
3088 2386 3116 2437 6
3168 2382 3407 2446 Παλαιὸς
3452 2384 3560 2437 τῶν

1972 2481 2197 2555 ⁴ίιμερῶν
2229 2480 2362 2543 Θεὸς
2394 2480 2489 2534 καὶ
2534 2475 2726 2548 Πατὴρ
2746 2516 2762 2541 ,
2799 2476 2875 2539 ὡς
2921 2477 2977 2529 ἐν
3007 2475 3277 2543 ἀγκάλαις
3320 2478 3380 2528 ὲν
3413 2473 3563 2538 ίδίοις

1973 2574 2194 2637 κόλποις
2228 2571 2679 2643 ἀπεριγράπτως.
2737 2567 2864 2622 Ἐάν
2895 2567 2951 2620 δὲ
2984 2567 3230 2637 μυθικῶς
3266 2566 3444 2621 ταῦτα
3467 2569 3565 2620 καὶ

1973 2668 2033 2721 οὐ
2062 2665 2269 2729 πιστῶς
2297 2664 2521 2735 ἀκούῃς,
2566 2658 2934 2733 κατηγοροῦσί
2961 2677 3054 2714 σου
3082 2662 3138 2713 αἱ
3165 2660 3350 2714 ἄλυτοι
3384 2676 3560 2730 σφρα-

1973 2758 2120 2829 γῖδες
2171 2755 2265 2810 τοῦ
2318 2752 2649 2808 Δεσποτικοῦ
2692 2753 2792 2823 τῆς
2853 2753 3266 2823 ἀναγεννήσεως
3321 2750 3571 2822 Χριστοῦ

1978 2849 2281 2920 μνήματος,
2316 2847 2525 2916 Ὥσπερ
2557 2843 2665 2915 γάρ
2709 2843 3163 2914 ἐσφραγισμένων
3205 2842 3313 2897 τῶν
3348 2859 3563 2913 πανεμ-

287 2943 653 3010 regeneratio,
687 2960 812 2998 cum
839 2959 949 2998 non
981 2952 1167 2998 essent
1188 2953 1377 3013 aperta
1404 2945 1639 3015 sepulcri
1667 2945 1870 3015 sigilla,

1981 2938 2161 3009 φύτων
2205 2937 2621 3009 μητρανοίκτων
2641 2935 2907 3005 κλείθρων
2947 2938 3045 3006 τῆς
3080 2935 3419 3006 παρθενικῆς
3456 2933 3562 3003 φύ-

289 3031 433 3093 lacta
466 3043 570 3089 est.
610 3034 726 3100 Qua
760 3042 942 3090 autem
979 3037 1194 3090 ratione
1238 3043 1293 3090 et
1320 3050 1430 3105 quo
1462 3045 1728 3106 tempore,
1761 3045 1815 3092 ct
1844 3052 1872 3090 a

1981 3048 2119 3094 σεως
2153 3028 2387 3100 Χριστὸς
2430 3028 2495 3081 ὲκ
2541 3026 2821 3099 Παρθένου
2855 3026 3211 3097 γεγέννηται·
3251 3025 3425 3088 οὓτως
3456 3025 3565 3079 ἀδι-

288 3123 493 3193 quibus
536 3127 587 3177 in
622 3127 877 3194 sepulcro
920 3126 1178 3183 Christus
1215 3128 1328 3182 vita
1376 3128 1654 3196 conditur,
1687 3146 1876 3188 sacras

288 3214 526 3278 Litteras
561 3215 870 3272 audiamus.

377 3478 612 3549 Vespere,
659 3479 857 3550 inquit,
891 3481 1057 3549 facta,
1092 3484 1227 3537 venit
1268 3484 1421 3540 homo
1462 3487 1626 3552 dives,
1667 3489 1879 3543 nomine

290 3571 503 3641 loseplt.
543 3571 645 3626 llic
684 3583 897 3642 sumpta
938 3575 1169 3629 audacia
1206 3579 1471 3648 ingressus
1503 3589 1579 3633 est
1611 3581 1679 3633 ad
1724 3580 1878 3633 Pila-

294 3674 426 3730 tum,
455 3674 504 3719 ει
530 3666 678 3735 petiit
706 3666 769 3725 ab
800 3684 859 3720 eo
883 3684 1070 3736 corpus
1091 3668 1220 3722 Jesu
1241 3671 1276 3724 ¹.
1318 3670 1604 3741 Ingressus
1630 3673 1881 3728 mortalis

294 3757 365 3819 ad
400 3758 707 3823 mortalem,
743 3766 937 3829 petens
970 3768 1029 3813 ut
1060 3761 1297 3831 accipiat
1326 3760 1532 3830 Deum;
1568 3762 1736 3818 Deum
1773 3765 1879 3818 im-

294 3848 581 3905 mortalem
632 3849 837 3918 poscit;
883 3849 1058 3904 lutum
1108 3867 1138 3904 a
1179 3852 1295 3906 luto
1341 3855 1592 3924 accipere
1640 3856 1875 3926 plastem

293 3938 536 3996 ‘omnium
556 3954 576 4002 ;
610 3937 793 3994 fenum
834 3956 864 3995 a
904 3940 1028 3996 feno
1064 3942 1306 4013 recipere
1340 3944 1621 4000 cmlestem
1648 3945 1868 4016 ignem;

292 4038 445 4102 gutta
492 4030 703 4084 misella
756 4045 787 4083 a
842 4039 995 4101 gutta
1047 4034 1254 4088 misella
1312 4034 1517 4103 accipit
1576 4036 1854 4107 abyssum.

293 4121 428 4196 Quis
460 4122 630 4178 vidit?
674 4124 798 4192 quis
842 4140 1080 4194 unquam
1114 4126 1275 4179 fando
1313 4126 1541 4189 audivit,
1594 4136 1653 4179 ut
1703 4128 1864 4183 homo

296 4215 501 4271 homini
535 4215 800 4271 factorem
828 4216 1108 4270 hominum
1140 4218 1469 4286 largiretur?
1507 4218 1733 4289 Iniquus
1763 4222 1871 4275 iu.—

1975 3122 2238 3176 ανοίκτων
2261 3120 2431 3172 ὄντων
2467 3118 2578 3172 τῶν
2613 3116 2708 3170 τοῦ
2732 3118 2907 3186 τάφου
2932 3116 3241 3187 σφραγίδων
3265 3117 3299 3187 ἡ
3324 3116 3563 3183 Χριστοῦ

1975 3214 2335 3283 άναγέννησις
2368 3212 2706 3283 πέπρακται.
2748 3209 2873 3274 Πῶς
2910 3209 2966 3261 δὲ
3000 3210 3058 3262 ἐν
3092 3208 3247 3278 τάφῳ
3282 3208 3376 3261 καὶ
3412 3209 3563 3272 πότε,

1975 3308 2069 3361 καὶ
2091 3308 2196 3360 ὑπὸ
2226 3307 2389 3359 τίνων
2412 3303 2647 3376 Χριστὸς
2669 3304 2701 3374 ἡ
2730 3302 2842 3374 ζωὴ
2874 3301 3247 3365 κατατίθεται,
3272 3300 3378 3354 τῶν
3401 3301 3564 3372 ἱερῶν

1974 3400 2171 3468 λογίων
2200 3398 2333 3452 ἀκού
2343 3416 2419 3450 σω
2427 3414 2547 3468 μεν.

2057 3493 2262 3562 Ὀψίας
2321 3487 2649 3559 γενομένης
2674 3527 2689 3551 ,
2755 3487 2919 3558 φησὶν
2943 3528 2959 3551 ,
3015 3482 3201 3556 ἦλθεν
3256 3485 3564 3552 ἄνθρωπος

1976 3583 2273 3647 πλούσιος
2314 3580 2579 3648 τοῦνομα
2629 3576 2863 3645 Ἰωσήφ·
2894 3574 3074 3643 οὗτος
3104 3576 3410 3646 τολμήσας
3443 3579 3565 3629 είσο

1975 3674 2166 3743 ἦλθεν
2199 3672 2350 3741 πρὸς
2382 3670 2665 3737 Πιλᾶτον,
2701 3670 2797 3722 καὶ
2826 3669 3097 3737 ᾐτήσατο
3123 3669 3261 3736 παρ’
3288 3668 3476 3722 αὐτοῦ
3498 3667 3565 3720 τὸ

1976 3764 2149 3834 σῶμα
2197 3763 2306 3819 τοῦ
2363 3761 2580 3830 Ἰησοῦ.
2627 3762 2890 3832 Εἰσῆλθεν
2935 3760 3122 3830 βροτὸς
3164 3760 3299 3831 πρὸς
3351 3759 3565 3831 βροτὸν,

1977 3853 2300 3927 αἰτούμενος
2345 3853 2531 3908 λαϐεῖν
2572 3852 2662 3905 τὸν
2698 3852 2854 3906 Θεόν·
2890 3850 2991 3904 τὸν
3026 3851 3159 3904 Θεὸν
3200 3850 3310 3903 τῶν
3357 3849 3565 3920 βροτῶν

1978 3947 2232 4000 αἰτεῖται·
2271 3945 2441 4017 πηλὸς
2469 3943 2606 4016 πρὸς
2640 3941 2815 4014 πηλοῦ
2841 3942 2949 4015 (86)
2986 3941 3174 3995 λαϐεῖν
3210 3941 3302 3993 τὸν
3344 3940 3567 3994 πάντων

1986 4038 2375 4111 πλαστουργόν·
2407 4040 2436 4092 6
2473 4039 2667 4110 χόρτος
2710 4037 2860 4107 παρὰ
2898 4037 3093 4108 χόρτου
3132 4034 3468 4106 κομίσασθαι
3504 4034 3566 4088 τὸ

1977 4131 2230 4202 οὐράνιον
2260 4130 2391 4204 πῦρ·
2424 4132 2457 4201 ὴ
2495 4129 2709 4199 σταγὼν
2749 4130 2781 4200 ἡ
2821 4129 3014 4201 οἰκτρὰ
3044 4128 3159 4199 (87)
3189 4127 3341 4199 παρὰ
3369 4126 3568 4195 σταγό-

1977 4238 2068 4284 νος
2113 4223 2339 4295 οίκτρᾶς
2392 4221 2660 4291 λαμϐάνει
2708 4222 2807 4292 τὴν
2862 4217 3117 4274 ἄϐυσσον.
3172 4220 3268 4283 Τίς
3319 4220 3428 4284 ῐδε;
3482 4219 3568 4281 τίς

292 4321 528 4375 quorum
558 4323 621 4359 ac
653 4307 789 4375 legis
817 4308 1083 4363 amussim
1114 4308 1320 4361 donare
1360 4310 1668 4378 pollicetur.
1699 4312 1871 4367 Judex

1981 4314 2181 4385 ἤκουσε
2217 4315 2476 4381 πώποτε;
2520 4314 2839 4385 ’Ἄνθρωπος
2880 4313 3152 4386 ἀνθρώπῳ
3196 4313 3289 4369 τὸν
3334 4310 3568 4382 ποιητὴν

292 4400 497 4454 nullius
534 4398 749 4467 judicii,
800 4407 1060 4467 tanquam
1088 4399 1297 4469 judicio
1339 4401 1679 4470 damnatum,
1722 4404 1871 4474 judi-

290 4504 411 4548 oetn
444 4490 694 4562 judicum
729 4491 1101 4561 sepeliendqu
1144 4494 1428 4562 permittit.

373 4764 612 4828 Vespere,
654 4763 856 4834 inquit,
892 4763 1058 4833 facto,
1103 4764 1241 4819 venit
1275 4764 1429 4820 homo
1471 4764 1633 4829 dives,
1666 4767 1877 4822 nomine

287 4857 506 4923 Joseph.
552 4855 692 4912 Vere
725 4857 899 4919 dives,
946 4857 1216 4926 siquidem
1264 4874 1480 4912 omnem
1516 4861 1872 4929 compositam

292 4949 508 5004 Domini
552 4948 888 5019 hypostasim
941 4949 1149 5001 retulit.
1200 4948 1346 5002 Sane
1392 4948 1568 5012 dives,
1617 4954 1873 5017 quoniam

290 5038 563 5109 duplicem
620 5037 986 5094 substantiam
1040 5036 1247 5092 Christi
1313 5052 1343 5090 a
1410 5036 1586 5093 Pilato
1641 5043 1874 5112 accepit.

288 5128 584 5187 Enimvero
614 5132 784 5196 dives,
817 5129 1078 5200 quoniam
1106 5128 1252 5184 haud
1291 5131 1619 5185 mstimatam
1658 5148 1876 5203 marga-

292 5226 458 5280 ritam
491 5225 691 5296 dignus
717 5224 938 5281 habitus
961 5231 1046 5281 est
1071 5231 1133 5278 ut
1158 5223 1388 5280 referret
1413 5241 1426 5279 :
1460 5238 1648 5281 revera
1674 5226 1862 5297 dives;

361 5343 380 5376 ⁸
406 5341 573 5398 Marc.
606 5357 695 5407 xv,
726 5341 795 5395 .ίὲ
829 5356 951 5413 sqq.

384 5456 493 5518 85')
516 5456 789 5524 lntcrprcs
817 5455 945 5524 legit
972 5456 1145 5515 τόκος.
1182 5454 1345 5517 Eutr.

358 5456 493 5594 μιν)
516 5456 789 5524 lutcrprcs
817 5456 943 5580 legit

388 5526 475 5597 ὅθ)
514 5544 602 5595 γρ.
634 5530 725 5578 τὸν
752 5525 861 5597 πηλ
894 5544 943 5579 ν.

362 5595 475 5667 (87)
508 5611 595 5664 γρ.
634 5595 821 5666 μικρά.

1978 4406 2089 4461 τῶν
2120 4405 2427 4477 ἀνθρώπων
2469 4406 2777 4477 χαρίζεται·
2824 4406 3025 4477 ἄνομος
3064 4407 3171 4459 τῶν
3215 4407 3433 4477 ἀνόμων
3474 4405 3571 4459 τὸν

1981 4500 2106 4571 δρον
2130 4498 2336 4553 καὶτοῦ
2364 4498 2530 4570 νόμου
2556 4496 2669 4566 (88)
2701 4500 3045 4570 ὑπισχνεῖται
3074 4497 3412 4568 χαρίζεσθαι·
3450 4513 3572 4568 κρι-

1977 4593 2077 4665 τὴς
2105 4593 2327 4664 ἄκριτος
2355 4592 2430 4655 ὡς
2471 4592 2801 4664 κατάκριτον
2843 4592 2932 4647 τὸν
2970 4592 3163 4664 κριτὴν
3205 4592 3311 4644 τῶν
3359 4590 3573 4662 κριτῶν

1979 4684 2060 4748 είς
2088 4683 2265 4753 ταφὴν
2296 4682 2540 4753 ἀφίησιν.

2067 4774 2272 4841 Ὀψίας
2322 4771 2679 4842 γενομένης,
2741 4775 2905 4845 φησὶν
2928 4812 2943 4837 ,
3009 4769 3197 4843 ἦλθεν
3255 4773 3572 4841 ἄνσρωπος

1984 4868 2283 4931 πλούσιος
2303 4866 2567 4935 τοῦνομα
2594 4865 2827 4936 Ἰωσήφ.
2852 4868 3060 4929 Ὄντως
3090 4864 3360 4928 πλούσιος,
3384 4866 3573 4917 πᾶσαν

1982 4957 2081 5028 τὴν
2114 4955 2367 5010 σύνθετον
2392 4956 2490 5008 τοῦ
2516 4956 2725 5031 Κυρίου
2753 4957 2865 5028 (89)
2915 4956 3213 5009 ὑπόστασιν
3256 4954 3571 5024 κομισάμε-

1984 5064 2093 5110 νος·
2138 5046 2359 5119 ἁληθῶς
2404 5047 2679 5111 πλούσιος,
2731 5048 2813 5101 δτι
2866 5048 2965 5118 τὴν
3012 5047 3194 5119 διττὴν
3243 5045 3429 5099 οὐσίαν
3472 5043 3575 5099 τοῦ

1981 5142 2220 5211 Χριστοῦ
2257 5140 2408 5212 παρά
2437 5141 2672 5195 Πιλάτου
2711 5140 2889 5195 ἔλαϐε·
2929 5141 3159 5211 καὶγὰρ
3192 5138 3466 5201 πλούσιος,
3488 5138 3579 5191 ὅτι

1983 5232 2073 5285 τὸν
2089 5232 2353 5303 ἀτίμητον
2376 5233 2725 5305 μαργαρίτην
2748 5231 2959 5304 ἠξιώθη
2980 5230 3335 5305 κομίσασθαι.
3364 5229 3583 5296 Ὄντως

2057 5456 2167 5526 (88)
2200 5474 2289 5525 γρ.
2324 5455 2418 5526 καὶ
2440 5455 2532 5509 τὸν
2561 5453 2744 5526 νόμον.

2057 5524 2168 5597 (89)
2325 5525 2419 5580 τοῦ
2448 5524 2721 5598 Σωτῆρος.
