3948 6196
334 126 408 187 με
1352 127 1644 186 llOMlLlA
1677 129 1740 186 ll.
1761 132 1824 188 IN
1857 133 1871 186 ε

1973 136 2169 206 ῈΒᾹΤΟ
2199 139 2464 199 MAGNO-

3455 152 3563 212 “6

327 238 564 307 ᾳλούσιοςο
596 241 885 314 βαλάντιον
913 240 1021 314 γὰρ
1052 241 1323 301 ἐϐάστασε
1348 244 1520 318 γέμον
1545 246 1638 301 τοῦ
1677 247 1871 324 θησαυ-

1987 254 2196 312 loculos
2241 258 2388 313 enim
2421 258 2631 326 retulit,
2667 258 2863 330 plenos
2903 260 3195 320 thesauros
3234 265 3554 326 divinitatis.

318 331 400 404 ροῦ
422 332 524 402 (90)
551 331 652 404 τῆς
700 331 975 403 θεότητος.
1017 331 1145 395 Πῶς
1183 333 1292 406 γὰρ
1331 335 1392 390 οὐ
1425 335 1685 402 πλούσιος
1711 339 1741 392 ό
1776 339 1876 410 τὴν

313 421 394 476 τοῦ
427 422 628 492 κόσμου
655 421 804 492 ζωὴν
833 421 930 481 καὶ
959 420 1238 492 σωτηρίαν
1261 424 1634 495 κτησάμενοςς
1670 424 1788 490 πῶς
1819 427 1877 481 δὲ

312 516 364 577 οὐ
392 514 638 579 πλούσιος
671 514 893 585 Ἰωσὴφ,
920 513 1090 586 δῶρον
1115 513 1409 584 δεξάμενος
1428 515 1519 570 τὸν
1542 517 1722 572 πάντα
1749 519 1876 591 τρέ-

309 624 463 685 φοντα
487 606 578 661 καὶ
603 607 781 659 nivea
800 606 1162 672 δεσπόζοντα;
1201 607 1407 676 Ὀψίας
1433 610 1781 680 γενομένης
1806 607 1876 683 ἦν

309 699 411 770 γὰρ
434 697 616 752 λοιπὸν
646 696 814 760 δύσας
857 697 917 750 ὲν
960 696 1064 770 ᾆδῃ
1111 699 1139 750 ό
1184 697 1286 768 τῆς
1328 699 1675 773 δικαιοσύνης
1701 702 1871 773 ἥλιος.

311 789 397 843 Aio
428 785 605 859 ἦλθεν
649 785 966 855 ἄνθρωπος
1008 788 1309 854 πλούσιος
1356 789 1618 862 τοῦνομα
1660 792 1873 862 Ἰωσὴφ

309 881 417 936 ἀπὸ
449 857 836 948 animatae.
876 878 944 945 ὃς
973 874 1053 946 ἣν
1080 880 1445 949 κρυϐόμενος
1475 857 1610 953 (9ἷ),
1645 883 1742 937 se.
1769 857 1876 940 eda“

304 974 477 1043 φόϐον
500 968 620 1024 τῶν
661 968 978 1024 Ἰουδαίων.
998 964 1182 1023 Ἦλθε
1211 968 1280 1022 δὲ
1315 971 1414 1023 καὶ
1444 972 1802 1041 Νικόδημος,
1840 975 1876 1026 ό

302 1061 480 1116 ἐλθὼν
504 1062 657 1129 πρὸς
692 1059 802 1113 τὸν
845 1059 1084 1128 Ἰησοῦν
1123 1060 1366 1126 νυκτός.
1408 1062 1721 1134 Μυστήριον
1768 1081 1873 1135 μυ-

304 1155 530 1224 στηρίων
553 1152 875 1225 ἀπόκρυφον
903 1152 1036 1224 (92).
1059 1152 1164 1206 Δύο
1185 1153 1422 1222 κρυπτοὶ
1445 1154 1685 1224 μαθηταὶ
1706 1173 1875 1219 κατα-

301 1243 492 1317 κρύψαι
538 1229 747 1315 Ἰησοῦν
773 1245 833 1308 έν
857 1243 1013 1314 τᾴφῳ
1044 1242 1316 1325 ἔρχονται,
1348 1243 1409 1308 τὸ
1438 1246 1678 1326 κρυπτὸν
1707 1247 1767 1309 ὲν
1794 1247 1874 1319 τῷ

299 1337 393 1411 ἔδει
431 1337 732 1407 μυστήριον
765 1335 858 1400 τοῦ
897 1335 1143 1406 ³ερυπτρῡ
1188 1336 1328 1399 Θεοῆ
1355 1338 1414 1389 ἐν
1453 1337 1618 1408 σαρκὶ
1654 1337 1743 1391 διὰ
1775 1340 1873 1411 τῆς

298 1428 426 1491 ἰδίας
467 1426 730 1498 κρύψεως
775 1427 1140 1491 διδάσκοντες.
1190 1428 1417 1500 ’Έτερος
1455 1428 1512 1481 δὲ
1553 1429 1644 1483 τὸν
1687 1430 1874 1503 ἕτερον

292 1515 638 1586 ρπερόάλλων
672 1515 785 1587 (93)
814 1518 882 1586 τῇ
931 1515 1070 1594 πρὸς
1106 1517 1344 1588 Χριστὸν.
1385 1517 1646 1584 διαθέσει.
1680 1520 1738 1573 ’0
1775 1521 1874 1591 μὲν

1981 345 2270 416 Quomodo
2305 365 2414 404 non
2458 349 2634 415 dives,
2664 352 2926 406 nimirum
2963 355 3154 410 mundi
3187 356 3350 412 vitam
3381 367 3435 413 et
3474 376 3562 415 sa-

1977 436 2150 492 lutem
2197 441 2437 495 nactus?
2480 439 2754 511 quomodo
2802 457 2912 496 non
2952 441 3106 499 dives
3148 443 3372 516 Joseph,
3418 448 3565 504 dono

1979 540 2207 602 accepto
2237 531 2484 597 Christo,
2518 534 2612 602 qui
2641 533 2825 588 omnia
2857 533 2974 598 alit,
3007 543 3062 589 et
3096 538 3351 593 omnibus
3378 540 3560 595 domi-

1975 622 2182 676 natur?
2230 621 2448 692 Vespere
2473 623 2615 692 facta
2641 637 2660 676 :
2685 633 2805 678 erat
2832 624 2979 678 enim
3015 639 3224 691 serum,
3256 642 3382 682 cum
3413 630 3564 684 occi-

1974 713 2148 768 disset
2197 715 2251 768 in
2309 713 2582 768 infernum
2611 713 2842 782 justitia:
2884 713 2988 767 sol.
3038 713 3385 785 Quapropter
3423 719 3558 771 venit

1972 803 2128 858 homo
2170 805 2312 858 dives
2344 805 2552 857 nomine
2587 802 2780 871 Ioseph
2825 801 2888 854 ab
2927 803 3274 868 Arimatltwa,
3317 807 3406 875 qui
3444 815 3560 862 erat

1974 893 2216 947 occultus
2267 893 2597 961 discipulus,
2653 893 2714 945 ob
2777 902 2971 945 metum
3013 892 3347 950 Judworum.
3409 895 3556 949 Venit

1975 994 2151 1037 autem
2179 991 2229 1038 et
2268 982 2616 1047 Nicodemus,
2645 985 2735 1054 qui
2775 993 2983 1040 venerat
3022 984 3090 1042 ad.
3119 985 3303 1040 Iesum
3339 991 3556 1042 uocttt'.

1975 1072 2294 1142 Mysterium
2335 1074 2720 1144 mysteriorum
2757 1073 3138 1128 absconditum
3174 1076 3321 1130 :duo
3358 1077 3560 1132 occulti

1979 1167 2240 1238 discipuli
2295 1167 2550 1221 occulere
2585 1163 2772 1223 Iesum
2808 1166 2862 1219 in
2895 1166 3147 1235 sepulcro
3179 1168 3428 1234 veniunt,
3461 1184 3556 1223 oc-

1975 1258 2186 1313 cultum
2217 1258 2273 1312 in
2307 1258 2521 1312 inferno
2551 1258 2872 1328 mysterium
2899 1277 2913 1313 ς
2940 1260 3143 1313 occulti
3177 1259 3271 1315 Dei
3307 1261 3359 1316 itt
3390 1276 3558 1317 carne

1972 1362 2070 1418 per
2123 1349 2398 1418 prepriam
2464 1349 2888 1404 occultationem
2953 1350 3153 1404 docent
3209 1353 3552 1422 mysterium.

1972 1437 2126 1496 Alter
2157 1447 2339 1498 autem
2368 1440 2598 1494 alterum
2627 1454 2729 1494 suo
2752 1455 2879 1510 erga
2913 1439 3193 1493 Christum
3227 1440 3396 1494 vincit
3427 1441 3565 1495 atl‘e-.

1977 1539 2093 1585 ctu.
2128 1529 2461 1585 Nicodemus
2487 1531 2708 1599 quidem
2738 1531 2792 1583 in
2826 1530 3047 1601 myrrha
3082 1537 3138 1584 et
3183 1530 3303 1584 aloe
3337 1545 3565 1596 magna-.

289 1606 393 1677 γὰρ
415 1606 735 1677 Νικόδημος
769 1608 830 1663 ὲν
863 1609 928 1677 τῇ
963 1606 1200 1680 σμύρνῃ,
1233 1609 1326 1662 καὶ⁴
1353 1610 1411 1663 ἐν
1441 1613 1507 1681 τῇ
1534 1610 1667 1683 ἀλόῃ
1700 1628 1871 1681 μεγα-

1977 1622 2200 1686 nimus;
2239 1619 2439 1690 Joseph
2481 1636 2609 1676 vero
2661 1621 2732 1676 ob
2776 1620 3062 1675 audaciam
3103 1621 3368 1676 adversus
3409 1619 3559 1674 Pila-

289 1697 532 1768 λόψυχος·
563 1699 593 1751 ό
624 1698 681 1751 δὲ
729 1698 928 1769 Ἰωσὴφ
956 1700 1014 1751 ὲν
1046 1701 1114 1770 τῇ
1152 1699 1288 1771 πρὸς
1316 1699 1551 1754 Πιλᾶτον
1577 1701 1752 1772 τόλμῃ
1778 1701 1872 1765 καὶ

289 1789 569 1861 παρρησίᾳ
596 1787 929 1853 ἀξιέπαινος.
964 1782 1132 1852 Οὗτος
1163 1792 1272 1861 γὰρ
1303 1791 1481 1844 πάντα
1508 1791 1672 1860 φόϐον
1699 1793 1873 1869 ἀπορ-

289 1879 603 1954 ῥιψάμενος,
643 1878 921 1950 τολμήσας
966 1879 1183 1950 εισῆληοε
1225 1881 1363 1957 πρὸς
1399 1882 1653 1944 Πιλᾶτον,
1691 1881 1873 1937 αἰτού-

288 1959 436 2046 μενος
475 1970 550 2023 τὸ
593 1968 752 2041 σῶμα
778 1968 874 2032 τοῦ
914 1970 1110 2040 Ἰησοῦ·
1156 1971 1250 2034 καὶ
1285 1971 1542 2027 εἰσελθὼν
1579 1974 1872 2043 πανσόφως

286 2060 576 2131 ἐχρήσατο,
604 2060 691 2113 ἵνα
717 2059 814 2113 τοῦ
847 2061 1187 2132 ποθουμένου
1216 2062 1421 2116 σκοποῦ
1452 2063 1604 2127 ἐντὸς
1626 2064 1869 2136 γένηται.

282 2150 363 2204 Διὸ
380 2151 478 2204 ούκ
511 2153 791 2223 ἐχρήσατο
816 2153 952 2223 πρὸς
975 2154 1209 2208 Πιλᾶτον
1235 2154 1472 2224 κόμποις
1498 2155 1610 2226 (94)
1635 2155 1748 2209 ’τισὶ⁹
1777 2157 1872 2210 καὶ

283 2242 493 2315 ὑψηλοῖς
545 2245 806 2316 ῥήμασιν.
855 2244 944 2298 ἵνα
996 2247 1074 2317 μὴ
1119 2247 1201 2309 εἰς
1239 2245 1411 2318 ὀργὴν
1441 2245 1630 2300 τοῦτον
1665 2246 1871 2317 ἐξάψας

279 2332 476 2408 ᾇκπέσῃ
523 2334 630 2406 τῆς
661 2336 954 2408 αἰτήσεως
995 2336 1117 2400 οὐδὲ
1152 2336 1304 2406 λέγει
1350 2335 1488 2408 πρὸς
1539 2338 1724 2403 αὐτόν’
1770 2339 1872 2402 Δός

285 2441 364 2502 μοι
389 2411 658 2496 τὺοῶμα,
680 2425 774 2478 τοῦ
812 2426 1008 2497 Ἰησοῦ,
1039 2427 1134 2492 τοῦ
1165 2429 1273 2499 πρὸ
1309 2428 1558 2501 βραχέως
1596 2430 1687 2484 τὸν
1716 2430 1870 2500 ἥλιον

280 2517 654 2583 φωτίσαντος,
684 2516 785 2581 τὰς
811 2518 1018 2590 πέτρας
1031 2521 1437 2591 ῥήξαντος,καὶ
1454 2522 1557 2593 τὴν
1582 2523 1686 2593 γῆν
1713 2524 1872 2594 δονή-

280 2624 460 2676 ςαντος
479 2650 499 2676 ε
561 2611 656 2662 καὶ
694 2609 763 2663 τὰ
803 2614 1047 2682 μνημεῖα
1100 2611 1438 2678 ᾁνοίξαντος,
1480 2614 1664 2675 καὶτὸ
1698 2631 1871 2676 καταησο

278 2698 534 2770 πέτασμα
569 2699 666 2753 τοῦ
695 2699 824 2762 ναοῦ
872 2699 1176 2771 σχίσαντος.
1224 2702 1391 2768 Οὐδὲν
1433 2703 1688 2768 τοσοῦτον
1733 2705 1871 2776 πρὸς

278 2791 505 2858 Πιλᾶτον
542 2791 714 2861 λέγει.

1975 1717 2088 1764 tum
2119 1719 2175 1766 et
2224 1710 2610 1765 conﬁdentiam
2640 1710 2800 1764 laude
2828 1711 3048 1781 dignus.
3082 1710 3182 1766 llic
3205 1711 3374 1777 enim,
3407 1719 3556 1766 metu

1973 1802 2125 1856 omni
2181 1801 2419 1870 abjecto,
2474 1808 2691 1871 sumpta
2745 1801 2966 1862 fiducia.
3024 1803 3308 1873 ingressus
3358 1812 3442 1858 est
3489 1803 3557 1856 ad

1973 1892 2206 1952 Pilatum
2233 1903 2421 1962 petens
2440 1908 2639 1962 corpus
2666 1890 2813 1951 Jesu,
2834 1901 2887 1946 et
2911 1893 3213 1962 ingressus.
3244 1893 3557 1962 prudentis-

1975 1985 2116 2040 sime
2151 2001 2211 2040 se
2240 1985 2430 2053 gessit,
2470 1995 2592 2037 voto
2633 1991 2691 2036 ιιι
2732 1999 2833 2038 suo
2860 1984 3150 2053 potiretur.
3193 1983 3406 2038 Idcirco
3445 1999 3562 2039 non

1972 2085 2057 2134 est
2095 2093 2226 2131 usus
2259 2076 2590 2146 jactahunda
2623 2075 2805 2144 aliqua
2829 2075 2897 2128 ad
2938 2073 3172 2129 Pilatum
3213 2083 3377 2146 atque
3411 2076 3562 2131 elata

1972 2170 2268 2224 oratione:
2308 2183 2376 2224 ne
2411 2170 2455 2223 si
2485 2183 2609 2221 eum
2655 2166 2721 2220 ad
2770 2168 2906 2221 iram
2949 2166 3362 2232 inﬂammasset,
3409 2169 3556 2223 exci-

1973 2260 2129 2314 deret
2181 2259 2481 2330 petitione;
2558 2273 2733 2328 neque
2784 2259 2866 2312 sic
2925 2257 3368 2327 compellat:Da
3423 2258 3555 2314 mihi

1973 2365 2178 2422 corpus
2214 2348 2369 2416 Jesu,
2400 2349 2491 2420 qui
2532 2364 2704 2418 nuper
2739 2349 2910 2403 solem
2947 2349 3288 2412 ohscuravit,
3329 2349 3423 2419 qui
3460 2365 3555 2418 pe-

1973 2448 2089 2496 tras
2144 2441 2373 2510 dirupit,
2425 2452 2624 2498 terram
2672 2439 2977 2504 concussit,
3026 2447 3379 2498 monumenta
3423 2454 3553 2508 ape-

1972 2534 2102 2600 ruit,
2140 2533 2320 2588 velmn
2375 2533 2561 2604 templi
2590 2530 2836 2587 discidit.
2882 2529 3027 2586 Nihil
3066 2531 3174 2586 tale
3206 2529 3274 2586 ad
3321 2529 3560 2594 Pilatum

1973 2629 2238 2699 loquitur.

353 2883 518 2938 Ἀλλὰ.
544 2883 633 2948 τίς
671 2881 886 2954 αἴτησιν
915 2899 1038 2936 τινα
1064 2882 1290 2954 οἰκτρὰν
1311 2883 1446 2955 (95),
1481 2885 1711 2948 καὶτοῖς
1735 2887 1871 2944 πᾶσι

2042 2891 2182 2958 Quid
2235 2891 2402 2960 ergo?
2449 2889 2774 2945 Petitionem
2822 2887 3112 2960 quamdam
3163 2883 3565 2954 miserabilem,

278 2975 498 3042 μικράν.
535 2967 617 3024 τΩ
646 2973 832 3044 κριτὰ,
865 2972 1187 3043 αἰτούμενος
1218 2973 1372 3047 παρὰ
1404 2974 1499 3028 σοῦ
1530 2975 1765 3048 ἐλήλυθα
1786 2977 1872 3032 αῐ-

276 3079 423 3134 τησιν
453 3063 606 3117 πάνυ
635 3064 862 3134 μικράν.
899 3065 1011 3117 Καὶ
1044 3063 1234 3128 οὕτως·
1263 3066 1363 3129 Δός
1398 3083 1488 3136 μοι
1507 3068 1699 3138 νεκρὸν
1734 3068 1870 3140 πρὸς

271 3156 464 3223 ταφήν·
491 3152 564 3206 τὸ
593 3153 756 3224 σῶμα
782 3154 990 3208 ἐκείνου
1020 3155 1114 3208 τοῦ
1140 3154 1291 3226 παρὰ
1320 3153 1414 3208 σοῦ
1447 3156 1872 3228 κατακριθέντος

283 3242 455 3310 Ἰησοῦ
489 3241 594 3294 τοῦ
618 3240 930 3314 Ναζαρινοῦ
956 3241 1090 3314 (96),
1142 3241 1317 3314 Ἰησοῦ
1348 3241 1441 3295 τοῦ
1481 3241 1720 3313 πτωχοῦ,
1763 3243 1870 3313 Ἰη-

271 3332 360 3398 ςοῦ
393 3333 494 3387 τοῦ
522 3332 740 3399 ἀοίκου,
777 3333 953 3403 Ἰησοῦ
984 3333 1078 3388 τοῦ
1111 3331 1487 3405 κρεμαμένου,
1513 3332 1604 3386 τοῦ
1635 3333 1868 3404 γυμνοῦ,

270 3427 359 3492 τοῦ
385 3427 674 3492 εὐτελοῦς,
727 3426 904 3500 Ἰησοῦ
951 3429 1043 3482 τοῦ
1084 3428 1338 3491 τέκτονος
1380 3428 1519 3494 υἱοῦ,
1569 3428 1744 3499 Ἰησοῦ
1774 3428 1868 3482 τοῦ

266 3515 516 3610 δεσμίοιι,
558 3517 655 3571 τοῦ
696 3519 935 3590 αἰθρίου,
984 3520 1081 3574 τοῦ
1117 3518 1294 3586 ξένου,
1329 3521 1423 3574 καὶ
1461 3522 1554 3574 ἐπὶ
1583 3520 1732 3593 ξενίᾳ.
1756 3521 1866 3592 (97)

267 3607 637 3679 ᾀγνωρίστου,
669 3609 763 3664 τοῦ
798 3611 1304 3682 εὐκαταφρονήτου,
1332 3613 1425 3665 καὶ
1459 3613 1551 3664 ἐπὶ
1579 3615 1714 3666 πᾶσι
1741 3630 1870 3684 κρε-

267 3698 548 3768 μαμένου.
577 3700 680 3764 Δός
711 3718 803 3771 μοι
832 3701 1022 3761 τοῦτον
1050 3702 1140 3756 τὸν
1162 3702 1332 3768 ξένοψ
1363 3703 1417 3756 τι
1444 3704 1549 3776 γάρ
1579 3721 1638 3756 σε
1671 3704 1872 3774 ὠφελεῖ

265 3789 324 3842 τὸ
348 3791 519 3862 σῶμα
554 3792 749 3846 τούτου
780 3793 874 3848 τοῦ
916 3794 1128 3861 ξένους·
1159 3794 1259 3859 Δός
1301 3813 1391 3866 μοι
1425 3796 1615 3850 τοῦτον
1650 3797 1740 3849 τὸν
1781 3797 1866 3862 ξέ-

263 3895 371 3938 ιον·
397 3884 470 3936 ἐκ
509 3888 733 3956 μακρᾶς
759 3885 870 3956 γὰρ
894 3882 1059 3958 ἦλθεν
1091 3881 1195 3951 ὧδε
1227 3886 1329 3958 τῆς
1356 3886 1566 3959 χώρας,
1602 3888 1689 3941 ἵνα
1720 3888 1871 3963 σώσῃ

261 3973 354 4027 τὸν
389 3974 571 4038 ξένον·
605 3976 846 4046 κατῆλθε
881 3978 999 4050 γὰρ.
1022 3981 1102 4042 εἰς
1127 3978 1228 4050 τὴν
1263 3978 1548 4050 σκοτεινὴν
1578 3978 1869 4047 ἀνενέγκαι

263 4063 355 4130 τὸν
378 4067 564 4133 ξένον.
597 4069 700 4133 Δός
746 4087 836 4140 μοι
873 4069 1064 4124 τοῦτον
1089 4071 1187 4125 τὸν.
1214 4071 1390 4135 ξένονο
1433 4071 1598 4132 αὐτὸς
1637 4071 1744 4144 γὰρ
1775 4073 1870 4126 καὶ

263 4158 428 4235 μόνος
455 4162 703 4232 ὑπάρχει
735 4161 906 4228 ξένος.
945 4164 1046 4226 Δός
1079 4179 1172 4234 μοι
1195 4163 1384 4216 τοῦτον
1411 4163 1500 4216 τὸν
1527 4162 1696 4229 ξένον,
1722 4157 1866 4218 οὗτι-

1974 2997 2039 3036 ac
2079 2982 2299 3052 penitus
2324 2979 2518 3034 exilem
2551 2995 2564 3031 :
2607 2976 2650 3030 0
2677 2976 2865 3046 judcx,
2907 2975 3030 3029 veni
3064 2981 3255 3044 petens
3287 2988 3316 3024 a
3350 2982 3400 3026 te
3460 2988 3557 3052 pe-

1974 3071 2222 3126 titionem
2272 3068 2569 3139 quamdam
2618 3067 2778 3120 valde
2822 3081 3070 3136 parvam.
3109 3063 3287 3133 Atque
3331 3063 3402 3116 ita
3437 3082 3448 3115 :
3483 3061 3558 3117 Da

1972 3163 2105 3218 mihi
2157 3170 2428 3216 mortuum
2481 3159 2547 3212 ad
2576 3158 2934 3229 sepulturam,
2993 3170 3193 3224 corpus
3234 3153 3376 3207 illius
3427 3168 3456 3205 a
3509 3159 3560 3206 te

1972 3253 2320 3307 condemnati
2375 3249 2504 3306 Jesu
2554 3248 2846 3310 Nazareni,
2902 3245 3030 3300 Jesu
3089 3243 3365 3314 pauperis,
3429 3240 3559 3296 Jesu

1972 3339 2194 3393 domum
2245 3354 2350 3392 non
2404 3335 2841 3400 haheutis,Jesu
2894 3333 3174 3403 suspensi,
3220 3333 3375 3394 nudi,
3411 3331 3559 3394 vilis,

1970 3429 2101 3488 Jesu
2154 3430 2292 3484 fabri
2327 3429 2441 3494 lilii,
2478 3428 2610 3483 Jcsu
2661 3427 2853 3490 vincti,
2889 3426 2992 3481 suh
3031 3427 3122 3480 dio
3153 3424 3422 3495 degentis,
3461 3423 3562 3478 lto-

1973 3523 2156 3592 spilis,
2214 3529 2267 3575 et
2336 3536 2560 3591 peregre
2611 3518 2898 3589 incogniti,
2948 3516 3214 3586 deSpecli,
3280 3526 3334 3569 et
3395 3529 3564 3582 supra

1971 3627 2162 3666 omnes
2191 3609 2468 3679 suspensi.
2505 3608 2579 3662 Da
2618 3609 2750 3662 tnihi
2793 3609 2937 3662 hunc
2977 3606 3349 3677 peregrinum.
3383 3603 3564 3672 Cujus

1971 3704 2116 3758 enim
2142 3704 2239 3756 tibi
2271 3701 2524 3756 utilitatis
2565 3702 2672 3756 erit
2704 3717 2904 3772 corpus
2947 3698 3113 3769 hujus
3144 3697 3456 3769 peregrini?
3482 3695 3562 3753 Da

1972 3795 2104 3850 mihi
2155 3795 2303 3848 hunc
2353 3793 2740 3864 peregrinum;
2801 3808 2831 3847 e
2883 3792 3177 3862 longinqua
3235 3791 3377 3845 enim
3413 3788 3562 3843 venit

1970 3888 2211 3956 regione,
2249 3895 2306 3938 ιιι
2341 3893 2583 3940 servaret
2619 3885 2998 3954 peregrinum;
3041 3881 3323 3937 descendit
3357 3880 3410 3934 in
3437 3881 3562 3935 loca

1972 3977 2282 4038 tenebrosa,
2331 3983 2389 4028 ιιι
2418 3973 2707 4028 reduceret
2736 3973 3106 4042 peregrinum.
3139 3970 3216 4025 Da
3245 3969 3374 4026 mihi
3412 3971 3559 4026 hunc

1971 4065 2357 4138 peregrinum;
2391 4064 2509 4136 ipse
2541 4063 2684 4117 enim
2719 4072 2771 4117 ct
2809 4063 2959 4116 Solus
2989 4072 3072 4117 est
3105 4061 3446 4134 peregrinus.
3483 4061 3557 4114 Da

1972 4157 2104 4211 mihi
2133 4157 2277 4208 hunc
2308 4153 2679 4225 peregrinum,
2714 4152 2874 4222 cujus
2909 4153 3188 4222 regionem
3230 4153 3551 4222 ignoramus

262 4267 353 4316 νος
384 4252 492 4322 τὴν
538 4251 723 4324 χώραν
753 4253 1060 4325 ἀγνοοῦμεν
1093 4255 1144 4308 οἰ
1189 4254 1350 4321 ξένοι.
1400 4255 1499 4319 Δός
1547 4271 1636 4326 μοι
1686 4254 1871 4309 τοῦτον

1977 4266 2076 4305 nos
2124 4246 2421 4320 peregrini.
2480 4244 2553 4298 Da
2607 4244 2738 4297 mihi
2796 4243 2937 4297 hunc
2981 4243 3347 4315 peregrinum,
3398 4244 3568 4314 cujus

257 4344 350 4396 τὸν
376 4345 564 4410 ξένον,
591 4341 803 4410 οὗτινος
848 4347 941 4400 τὸν
994 4346 1212 4418 πατέρα
1255 4346 1561 4418 ἀγνοοῦμεν
1609 4347 1659 4398 οἱ
1704 4345 1866 4412 ξένοι.

258 4435 361 4500 Δός
391 4455 496 4509 μοι
531 4437 721 4492 τοῦτον
746 4439 838 4492 τὸν
867 4438 1042 4504 ξένον,
1088 4433 1298 4502 οὗτινος
1336 4438 1430 4492 τὸν
1461 4439 1626 4502 τόπον
1654 4439 1749 4492 καὶ
1776 4439 1868 4500 τὸν

256 4527 446 4594 τόκον,
499 4531 599 4584 καὶ
626 4532 720 4585 τὸν
757 4532 960 4603 τρόπον
1003 4531 1307 4603 ἀγνοοῦμεν
1348 4532 1397 4584 οἱ
1428 4531 1589 4598 ξένοι.
1631 4531 1730 4594 Δός
1779 4548 1870 4601 μοι

260 4620 457 4676 τοῦτον
488 4623 590 4676 τὸν
625 4623 798 4688 ξένον,
841 4624 934 4677 τὸν
960 4623 1119 4694 ξένην
1156 4623 1301 4694 ζωὴν
1344 4625 1439 4678 καὶ
1479 4623 1592 4694 βίον
1627 4623 1868 4693 ζήσαντα

262 4711 355 4762 ἐπὶ
386 4713 531 4777 ξένα
566 4716 696 4786 (98).
734 4717 834 4779 Δός
879 4732 969 4787 μοι
1013 4715 1200 4769 τοῦτον
1241 4716 1331 4781 τὸν
1361 4716 1690 4787 Ναζωραῖον
1719 4715 1870 4782 ξένον

265 4790 349 4865 ιώ
372 4800 471 4852 τὸν
504 4801 664 4855 τόκον
689 4804 786 4856 καὶ
817 4803 908 4856 τὸν
947 4803 1150 4875 τρόπον
1171 4805 1478 4878 ἀγνοοῦμεν
1506 4807 1555 4859 οἱ
1587 4805 1744 4872 ξένοι.
1771 4805 1871 4868 Δός

261 4901 354 4966 μοι
392 4889 602 4943 τοῦτον
631 4892 724 4945 τὸν
761 4893 1011 4949 ἑκούσιον
1038 4893 1237 4966 ξένον],
1282 4895 1374 4948 τὸν
1415 4895 1490 4966 μὴ
1535 4895 1728 4965 ἔχοντα
1767 4889 1870 4949 ὧδε

258 4977 368 5033 τιοῦ
396 4980 512 5052 τὴν
555 4984 796 5056 κεφαλὴν
827 4986 1003 5056 κλίνῃ.
1064 4989 1164 5053 Δός
1211 5006 1302 5059 μοι
1340 4987 1526 5044 τοῦτον
1568 4987 1659 5041 τὸν
1699 4987 1867 5056 ξένον,

334 5136 352 5168 ⁸
375 5134 558 5192 Joan.
584 5158 696 5209 xix,
719 5143 812 5210 58,
840 5161 963 5214 sqq.

333 5248 465 5388 (90;
499 5267 591 5319 π).
627 5255 866 5324 γέμοντα
892 5255 984 5308 τὸν
1002 5254 1294 5326 θησαυρόν.

337 5321 428 5383 (9|
500 5337 596 5388 τρ.
625 5325 1023 5388 κρυπτόμενος.

337 5321 465 5394 ΨΞ)
500 5337 596 5388 τρο
625 5321 1023 5394 κρύπτόμενος.

629 5390 926 5478 μυστῄηρια.
954 5403 1008 5450 et
1040 5395 1352 5467 ἀπόκρυφο..

495 5477 591 5527 π).
621 5462 723 5515 ύπε
734 5462 888 5533 ρέόα)
899 5464 974 5517 λε.

336 5531 463 5601 (9U
501 5548 595 5604 rp.
629 5531 877 5604 κομψοῖς.

1970 4350 2179 4412 patretn
2222 4339 2538 4409 ignoramus
2579 4335 2874 4407 peregrini.
2910 4334 2986 4389 Da
3037 4336 3166 4389 mihi
3223 4335 3366 4389 hunc
3403 4351 3560 4406 pere-

1970 4435 2208 4505 grinum,
2255 4431 2416 4501 cujus
2463 4437 2516 4482 et
2581 4429 2785 4491 locum,
2843 4436 2897 4482 et
2933 4438 3170 4498 partum,
3232 4437 3285 4482 et
3333 4427 3556 4482 moduut

1979 4529 2298 4598 ignoramus
2364 4522 2658 4593 peregrini.
2700 4521 2774 4575 lia
2817 4521 2948 4574 tuilti
2987 4521 3133 4573 hunc
3185 4521 3554 4590 peregrinum,

1976 4620 2068 4690 qui
2111 4619 2452 4689 peregrinam
2488 4617 2653 4668 vitam
2685 4622 2737 4668 ct
2769 4617 2971 4667 victum
3023 4612 3274 4665 toleravit
3312 4627 3554 4681 peregre.

1977 4713 2050 4768 Du
2078 4712 2210 4766 tttihi
2239 4713 2382 4764 hunc
2409 4707 2748 4761 Nazareuum
2779 4705 3148 4775 peregrinum,
3199 4702 3360 4770 cujus
3401 4716 3561 4772 gene-

1972 4808 2263 4868 rationem,
2316 4809 2370 4856 el
2405 4802 2527 4854 vita-
2572 4799 2837 4852 rationem
2893 4797 3208 4868 ignoramus
3258 4791 3569 4864 peregrini,

1975 4897 2051 4950 Da
2079 4897 2208 4949 milti
2237 4894 2383 4948 hunc
2415 4890 2780 4945 voluntarium
2816 4889 3182 4958 peregrinum,
3213 4902 3320 4939 non
3353 4881 3558 4937 Italum-

1975 4998 2083 5046 tem
2112 4988 2200 5043 hic
2227 4987 2316 5042 ubi
2349 4991 2513 5055 caput
2546 4983 2796 5039 reclinet.
2829 4982 2904 5035 lia
2935 4982 3063 5036 tnilti
3093 4981 3236 5036 hunc
3261 4976 3530 5047 hospitem

2191 5269 2281 5321 γρ.
2312 5251 2528 5324 *μικράν
2558 5270 2699 5324 τινα,
2729 5253 2822 5306 καὶ
2843 5252 3047 5324 οἰκτράν

2043 5320 2157 5390 (96)
2191 5320 2281 5390 rp.
2311 5320 2660 5391 Ναζωραίου.
2943 5368 2946 5370 ,

2043 5389 2158 5461 (97)
2325 5389 2517 5461 ξένοις.

2045 5461 2156 5531 (98)
2188 5478 2276 5532 γρ.
2315 5460 2517 5535 ξένους,
