3948 6196
450 206 559 262 44⁸1

1733 202 1940 258 DUBIA
1980 204 2122 295 AU.T
2161 204 2430 261 SPURIA.

3616 219 3725 271 468

461 328 721 389 tanquam
770 317 1039 392 nospitem
1084 321 1137 375 in
1182 318 1422 389 hospitio
1466 318 1584 375 sine
1622 317 1783 375 domo
1820 335 2016 390 propri:

2146 321 2238 374 τὸν
2266 322 2342 383 ὡς
2376 317 2526 383 ξένον
2556 321 2648 375 ἐπὶ
2669 321 2827 393 ξένης
2856 323 3060 389 ἄοικον,
3088 324 3185 381 ἐπὶ
3210 325 3418 397 φάτνης
3442 325 3718 399 τεχθέντα.

457 411 511 464 iu
553 411 784 480 praesepi
816 412 1165 465 collocatum.
1200 409 1275 461 Da
1318 408 1454 463 mihi
1488 410 1634 463 hunc
1666 411 2037 481 peregrinum,

453 502 549 570 qui
592 518 659 555 ex
694 502 884 556 eodem
920 501 1174 571 prazsepi,
1215 506 1272 552 ut
1299 501 1645 571 peregrinus,
1688 511 1909 572 propter
1941 501 2039 557 He-

454 592 641 647 rodem
684 591 825 661 fuga:
868 606 927 645 se
967 589 1135 644 dedit.
1176 589 1252 644 Da
1298 592 1431 644 mihi
1479 594 1623 646 hunc
1667 594 2036 663 peregrinum,

452 684 546 751 qui
584 684 654 737 ab
701 683 835 751 ipsis
868 681 1219 737 incunabulis
1256 683 1309 736 in
1347 683 1584 754 Aigypto
1624 686 1863 755 hospitio
1905 702 2038 741 usus

450 780 553 838 est,
596 787 703 825 non
747 772 1038 825 habentem
1073 772 1373 839 civitatem,
1422 790 1531 827 non
1567 776 1766 839 vicum,
1801 791 1912 829 non
1948 776 2038 830 do-

450 874 621 923 mum,
664 876 773 914 non
828 862 1192 925 mansionem,
1252 878 1361 917 non
1398 872 1733 931 cognatum;
1769 866 1821 919 in
1855 874 2038 921 extra-

453 966 552 1005 nea
620 966 750 1006 vero
808 952 1033 1021 regione
1085 962 1169 1007 est
1220 953 1310 1007 hic
1355 956 1702 1023 peregrinus.
1751 955 1826 1009 Da
1878 957 2032 1023 milii,

449 1056 483 1096 ο
516 1058 741 1112 praeses,
794 1043 940 1097 hunc
994 1043 1048 1096 in
1104 1045 1252 1113 ligno
1302 1045 1531 1111 nudum,
1590 1054 1648 1100 ut
1697 1047 2032 1117 cooperiam,

448 1134 539 1201 qui
570 1149 705 1189 mea:
732 1142 940 1188 natura:
964 1140 1250 1204 cooperuit
1271 1137 1596 1191 nuditatem.
1626 1137 1700 1191 Da
1730 1139 1861 1192 mihi
1890 1139 2034 1194 hunc

450 1235 723 1280 mortuum
770 1225 924 1296 juxta
966 1234 1021 1280 et
1065 1225 1259 1288 Deum.
1313 1236 1372 1281 ιιι
1411 1244 1534 1283 eum
1585 1238 1893 1300 conlegam,
1938 1230 2031 1300 qui

449 1333 599 1373 meas
642 1318 965 1387 iniquitates
1014 1319 1278 1373 contexit.
1318 1318 1393 1372 Da
1430 1321 1583 1384 mihi,
1634 1336 1667 1375 ο
1698 1336 1923 1392 praeses,
1973 1329 2033 1375 ut

447 1408 704 1477 sepeliam
749 1418 1045 1473 mortuum,
1090 1409 1183 1478 qui
1232 1410 1285 1463 in
1335 1408 1575 1464 Iordane
1623 1427 1803 1465 meum
1835 1426 2031 1481 pecca—

448 1512 561 1553 tum
606 1500 876 1569 sepelivit.
921 1500 1029 1555 Pro
1063 1508 1281 1556 mortuo
1329 1503 1582 1563 obsecro,
1613 1504 1704 1572 qui
1743 1504 1813 1558 ab
1846 1502 2029 1557 omni-

445 1593 548 1647 hns
591 1592 793 1662 injuria
830 1591 1078 1657 affectus,
1117 1595 1207 1663 qui
1247 1594 1316 1647 ab
1351 1597 1532 1649 amico
1568 1592 1914 1659 venditus,'a
1938 1595 2023 1650 dic

2146 411 2247 475 Δός
2278 430 2368 484 μοι
2396 412 2585 465 τοῦτον
2617 413 2708 469 τὸν
2739 414 2907 481 ξένον,
2955 416 3047 469 τὸν
3093 414 3153 481 ἐξ
3182 416 3354 485 αὐτῆς
3384 419 3486 490 τῆς
3518 422 3718 495 φάτνης

2141 503 2217 566 ὡς
2261 502 2414 569 ξένον
2455 504 2515 568 ἐξ
2551 503 2794 575 Ἡρώδου
2839 507 3099 575 φυγόντα.
3139 510 3239 573 Δός
3272 528 3361 581 μοι
3398 512 3588 568 τοῦτον
3630 517 3716 572 τὸν

2142 591 2310 657 ξένον,
2356 593 2449 647 τὸν
2497 595 2555 662 ἐξ
2602 596 2783 649 αὐτῶν
2830 596 2939 649 τῶν
2995 600 3326 670 σπαργάνων
3368 603 3428 656 ἐν
3460 603 3718 675 Αἰγύπτῳ

2141 683 2459 748 ξενωθέντα,
2487 686 2547 738 ού
2578 685 2732 740 πόλιν
2754 686 2968 758 ἔχοντα,
2996 689 3056 741 ού
3087 689 3300 760 κώμην,
3334 691 3433 744 οὐκ
3462 688 3631 759 οἷκον,
3660 695 3715 747 οὐ

2141 777 2329 847 μονὴν,
2362 778 2423 830 οὑ
2457 779 2713 850 συγγενῆ⁹
2757 781 2844 833 ἐπ’
2883 781 3192 852 ἀλλοδαπῆς
3220 782 3275 835 δὲ
3304 783 3490 854 χώρας
3521 789 3718 857 τυγχά-

2135 880 2216 916 νει
2236 857 2390 927 οῦτος
2417 867 2444 918 6
2477 864 2627 930 ξένος
2648 867 2783 937 (99).
2808 869 2908 932 Δός
2937 888 3047 940 μοι,
3078 864 3122 923 ὦ
3151 871 3395 941 ἡγεμὼν,
3418 875 3606 930 τοῦτον
3630 878 3721 931 τὸν

2135 952 2226 1004 ἐπὶ
2259 952 2418 1018 ξύλου
2456 958 2680 1027 γυμνόν
2739 960 3003 1013 σκεπάσω
3044 960 3136 1013 τὸν
3187 962 3285 1031 τῆς
3327 963 3465 1033 ἐμῆς
3507 965 3720 1033 φύσεως

2136 1042 2488 1097 σκεπάσαντα
2528 1045 2829 1116 γύμνωσιν.
2882 1048 2982 1111 Δός
3032 1066 3121 1119 μοι
3162 1049 3350 1104 τοῦτον
3389 1053 3482 1105 τὸν
3526 1056 3721 1126 νεκρὸν

2133 1134 2270 1203 ὁμοῦ
2299 1135 2393 1187 καὶ
2416 1137 2570 1189 Θεόν’
2600 1139 2862 1192 σκεπάσω
2884 1140 2974 1192 τὸν
2998 1141 3096 1206 τὰς
3123 1142 3263 1213 ὲμάς
3290 1144 3521 1215 ἀνομίας
3552 1148 3717 1202 καλύ-

2131 1223 2326 1292 ψαντα.
2366 1225 2468 1289 Δός
2502 1244 2614 1298 μοι,
2652 1221 2698 1281 ὧ
2729 1229 2975 1300 ἡγεμὼν,
3012 1233 3227 1303 νεκρὸν,
3263 1234 3354 1287 τὸν
3390 1237 3481 1288 ἐπὶ
3518 1238 3718 1309 Ἰορδά-

2131 1331 2223 1367 νου
2265 1315 2364 1387 τὴν
2406 1317 2547 1389 ἐμὴν
2596 1319 2874 1390 ἁμαρτίαν
2918 1320 3245 1389 ὲνθάψαντα,
3305 1324 3477 1397 Ὑπὲρ
3520 1329 3717 1399 νεκροῦ

2132 1406 2436 1476 παρακαλῶ
2468 1408 2573 1461 ὑπὸ
2608 1410 2826 1463 πάντων
2861 1410 3231 1482 ἀδικηθέντος,
3265 1414 3369 1466 ὑπὸ
3397 1416 3557 1484 φίλου
3577 1437 3720 1488 πραε-

2130 1495 2331 1562 θέντος,
2361 1498 2466 1549 ὑπὸ
2496 1498 2742 1569 μαθητοῦ
2770 1501 3147 1572 προδοθέντος,
3178 1504 3284 1556 ὑπὸ
3318 1506 3565 1576 ἀδελφῶν
3594 1510 3718 1563 διω-

2128 1587 2367 1657 χθέντος,
2407 1592 2501 1644 καὶ
2539 1591 2644 1645 ὑπὸ
2670 1591 2857 1645 δούλου
2882 1594 2957 1665 (ι)
2995 1595 3370 1665 ραπισθέντος.
3419 1598 3591 1669 Ὑπὲρ
3630 1618 3717 1652 νε-

444 1685 657 1754 scipulo
686 1685 1027 1755 proditus,a
1071 1685 1339 1741 fratribus
1367 1685 1733 1741 insectatione
1773 1694 2016 1751 vexatus,

2130 1680 2266 1752 κροῦ
2308 1682 2619 1754 πρεσϐεύω,
2667 1684 2760 1737 τοῦ
2794 1684 2899 1736 ὑπὸ
2923 1685 3032 1738 τῶν
3065 1686 3155 1738 ὑπ’
3182 1687 3348 1741 αὑτοῦ
3379 1691 3443 1742 ὲκ
3474 1690 3716 1756 δουλείας

443 1793 473 1832 a
506 1792 666 1832 servo
697 1778 869 1847 alapis
902 1792 1201 1847 percussus
1247 1785 1363 1847 est;
1398 1793 1497 1849 pro
1533 1785 1751 1834 mortuo
1779 1794 1897 1843 oro,
1931 1779 2024 1849 qui

443 1879 527 1925 est.
549 1869 616 1923 ab
650 1869 717 1924 iis
749 1870 1169 1933 condemnatus,
1199 1872 1290 1939 qui
1324 1880 1453 1925 sunt
1485 1871 1553 1925 ab
1575 1886 1639 1925 eo
1670 1886 1736 1925 ex
1764 1873 2026 1928 servitute

443 1959 697 2026 liberati;
725 1962 817 2030 qui
848 1968 933 2014 est
966 1961 1036 2015 ab
1089 1964 1181 2026 iis,
1217 1978 1356 2032 quos
1400 1963 1517 2032 ipse
1568 1963 1805 2030 sanavit,
1835 1964 2027 2016 vulne-

442 2060 634 2107 ratus:
674 2053 765 2122 qui
799 2061 885 2107 est
933 2068 962 2106 a
999 2054 1291 2124 discipulis
1321 2053 1599 2119 desertus,
1636 2055 1862 2124 ipsaque
1904 2069 2023 2108 ma-

442 2150 525 2195 tre
556 2144 838 2213 privatus;
874 2161 972 2215 pro
1016 2154 1257 2212 mortuo,
1299 2162 1332 2199 0
1362 2162 1587 2215 praeses,
1625 2148 1899 2217 supplico,
1930 2147 2023 2216 qui

439 2244 522 2290 est
560 2236 627 2303 in
683 2237 830 2308 ligno
875 2254 1205 2309 suSpensus,
1242 2238 1406 2294 domo
1455 2255 1671 2295 carens.
1705 2238 1822 2293 Non
1876 2240 2024 2293 enim

439 2326 594 2382 adest
632 2328 782 2391 huic,
818 2344 925 2384 non
971 2338 1128 2399 pater
1172 2330 1227 2382 in
1259 2337 1427 2392 terra,
1470 2346 1581 2384 non
1631 2330 1863 2391 anticus,
1913 2344 2023 2382 non

437 2418 879 2487 discipulus,non
900 2421 1138 2489 cognati,
1154 2436 1262 2474 non
1282 2421 1529 2489 vcspillo;
1550 2436 1735 2475 verum
1751 2421 1867 2489 ipse
1880 2434 2023 2475 unus

439 2508 587 2563 unici
624 2507 718 2563 Dei
751 2510 1087 2580 unigenitus,
1114 2511 1167 2563 in
1203 2510 1407 2563 mundo
1436 2508 1600 2573 Deus,
1638 2517 1693 2564 et
1718 2524 1825 2563 non
1854 2509 2016 2563 alius.

507 2598 634 2653 llaec
664 2598 865 2670 Joseph
899 2601 967 2655 ad
999 2600 1233 2656 Pilatum
1276 2618 1399 2656 cum
1426 2613 1568 2657 esset
1599 2603 1832 2669 locutus,
1856 2603 2021 2673 jussit

436 2690 648 2747 Pilatus
684 2700 744 2747 ut
770 2692 997 2747 daretur
1039 2693 1140 2765 ipsi
1176 2694 1585 2750 sanctissimum
1631 2710 1833 2765 corpus
1861 2693 2012 2751 Jesu.

436 2783 501 2836 Et
522 2800 648 2837 eum
680 2784 923 2840 venisset
956 2786 1009 2840 in
1044 2786 1222 2841 locum
1249 2785 1535 2857 Golgotha,
1565 2786 1818 2858 deposuit
1845 2786 2014 2842 Deum

433 2877 489 2938 in
540 2893 710 2935 carne
761 2894 825 2932 ex
870 2877 1037 2947 ligno,
1088 2885 1140 2929 et
1173 2876 1327 2945 ponit
1363 2876 1417 2929 in
1471 2883 1672 2931 terram
1708 2894 1722 2931 :
1756 2875 1926 2931 Deum
1961 2877 2017 2931 in

430 2984 600 3024 carne
655 2970 885 3035 nudum,
944 2976 998 3026 et
1053 2967 1329 3027 hominem
1386 2982 1494 3021 non
1562 2968 1902 3037 simplicem;
1958 2978 2013 3024 et

432 3058 699 3127 aspicitur
720 3058 934 3127 positus
960 3055 1123 3119 infra,
1152 3056 1242 3125 qui
1267 3072 1460 3111 omnes
1486 3057 1652 3110 traxit
1682 3058 1748 3111 ad
1776 3073 2009 3128 supera;

434 3157 489 3211 et
528 3148 810 3218 paululum
843 3155 992 3202 caret
1024 3148 1170 3202 vitali
1209 3162 1364 3209 aura,
1395 3149 1636 3208 omnium
1669 3149 1779 3202 vita
1810 3157 1863 3204 et
1901 3152 2016 3220 spi-

434 3236 617 3300 ritus:
650 3244 707 3292 et
754 3237 1023 3309 aspicitur
1051 3239 1173 3297 visu
1211 3239 1457 3303 orbatus,
1491 3239 1586 3309 qui
1630 3240 1837 3294 creavit
1869 3241 2014 3293 mul-

430 3327 507 3389 tis.
530 3328 705 3382 oculis
752 3328 1013 3399 pradita;
1048 3338 1102 3384 et
1140 3329 1285 3398 jacet
1335 3329 1586 3399 supinus,
1636 3329 1882 3382 omnium
1926 3344 2013 3384 re-

426 3420 735 3488 surrectio;
790 3429 844 3476 et
892 3422 1156 3476 emoritur
1200 3437 1367 3477 carne
1410 3420 1575 3486 Deus,
1629 3422 1723 3495 qui
1764 3429 2011 3476 mortuos

427 3507 696 3575 Suscitat;
746 3518 800 3563 et
856 3508 981 3564 silet
1024 3510 1306 3583 paulisper
1348 3510 1500 3566 verbi
1544 3509 1637 3565 Dei
1676 3511 1918 3578 tonitru;
1957 3520 2011 3567 et

428 3599 641 3659 tollitur
668 3600 943 3667 manibus,
977 3601 1068 3671 qui
1100 3607 1301 3655 terram
1333 3602 1579 3656 continet
1608 3618 1813 3673 pugno.
1847 3602 2010 3662 Nunt-

424 3706 551 3744 nam
597 3691 785 3761 igitur,
835 3707 1117 3756 nutnnam,
1147 3707 1179 3747 o
1222 3690 1447 3762 Joseph.
1511 3695 1603 3763 qui
1655 3694 1912 3777 petieras,
1957 3704 2009 3749 et

428 3783 716 3854 accepisti,
768 3784 879 3839 scis
909 3800 1070 3855 quem
1115 3785 1433 3854 acceperis?
1462 3800 1722 3841 numnam
1761 3785 1829 3839 ad
1877 3800 2009 3839 cru-

424 3890 540 3939 cem
574 3876 863 3942 accedens,
889 3884 942 3932 et
970 3876 1251 3947 deponens
1279 3874 1465 3931 Jesutn
1503 3876 1655 3931 scisti
1689 3892 1851 3951 quem
1878 3892 2008 3946 por-

423 3964 604 4020 tares?
637 3964 692 4018 Si
738 3981 864 4021 vere
920 3966 1031 4021 scis
1075 3983 1235 4037 quem
1300 3975 1479 4030 tenes,
1533 3982 1680 4021 nunc
1730 3966 1907 4022 factus
1948 3982 2008 4021 es

421 4057 595 4119 dives.
632 4056 919 4123 Quomodo
967 4074 1093 4114 vero
1132 4059 1349 4113 tandem
1402 4059 1569 4112 divini
1605 4059 1856 4135 corporis
1904 4060 2008 4115 hoc

421 4150 660 4204 maxime
691 4149 1033 4206 tremendum
1061 4148 1188 4205 Jesu
1221 4151 1437 4221 peragis
1467 4149 1675 4205 funus?
1714 4150 2008 4206 Landabile

421 4247 573 4301 tuum
617 4241 893 4305 studium;
930 4241 1024 4295 sed
1057 4241 1447 4295 laudabiliores
1478 4241 1645 4295 animi
1682 4242 1757 4295 tui
1800 4257 2003 4297 mores.

2043 3022 2085 3078 C

2128 1771 2605 1845 ἐλευθερωθέντων
2640 1775 3087 1847 κατακριθέντος,
3132 1777 3232 1830 τοῦ
3268 1779 3358 1832 ὑπ’
3391 1780 3559 1833 αὐτοῦ
3597 1782 3718 1846 ὅξος

2128 1864 2497 1928 ποτισθέντος,
2529 1864 2622 1918 τοῦ
2659 1866 2764 1918 ὑπὸ
2792 1867 2902 1920 τῶν
2936 1866 3198 1922 ίαοέντων
3221 1870 3317 1923 ὑπ’
3346 1870 3515 1923 αὐτοῦ
3544 1889 3717 1941 τραυο

2130 1956 2509 2026 ματισθέντος,
2550 1957 2643 2011 τοῦ
2688 1958 2793 2011 ὑπὸ
2820 1957 2928 2011 τῶν
2957 1959 3216 2030 μαθητῶν
3237 1961 3719 2031 καταλειφθέντος,

2127 2048 2222 2101 καὶ
2254 2048 2426 2119 αὐτῆς
2468 2050 2568 2120 τῆς
2616 2049 2822 2120 μητρὸς
2862 2050 3352 2122 ἀποστερηθέντος.
3410 2053 3589 2125 ’Υπὲρ
3633 2072 3723 2108 νε-

2126 2140 2283 2212 κροῦ,
2318 2134 2363 2194 ὦ
2396 2140 2642 2212 ἡγεμὼν,
2691 2140 2943 2207 δυσωπῶ,
2989 2141 3085 2195 τοῦ
3124 2142 3217 2195 ἐπὶ
3245 2142 3404 2210 ξύλου
3433 2146 3721 2215 κρεμαμέ-

2124 2248 2216 2285 νου
2240 2231 2447 2285 ἁοίκου.
2477 2231 2551 2285 υύ
2572 2230 2679 2303 γὰρ
2702 2230 2934 2302 πάρεστι
2961 2232 3137 2302 τούτῳ
3163 2233 3223 2285 ού
3252 2234 3437 2305 πατὴρ
3468 2236 3563 2287 ἐπὶ
3584 2237 3714 2305 γῆς,

2123 2323 2186 2377 ού
2228 2323 2402 2392 φίλος,
2442 2323 2504 2376 ού
2548 2322 2817 2394 μαθητὴς,
2871 2324 2932 2376 οὐ
2975 2324 3263 2396 συγγενὴς,
3305 2326 3404 2380 οὐκ
3458 2328 3722 2397 ἐνταφια-

2126 2415 2256 2486 στής
2281 2429 2293 2442 ⁸
2326 2413 2443 2467 ἀλλ’
2471 2413 2635 2477 αὐτὸς
2662 2413 2824 2485 μόνος
2860 2415 2956 2467 τοῦ
2993 2415 3155 2486 μόνου
3188 2416 3504 2488 μονογενὴς,
3537 2418 3596 2471 ὲν
3623 2419 3723 2473 κὰ-

2125 2522 2247 2576 σμῳ
2274 2504 2430 2568 Θεὸς,
2457 2505 2551 2557 καὶ
2582 2504 2743 2569 ἄλλος
2770 2505 2966 2569 οὐδείς.

2192 2596 2407 2650 Τούτων
2444 2595 2616 2660 οὕτως
2654 2596 2759 2649 ὑπὸ
2799 2596 2997 2665 Ἰωσὴφ
3028 2597 3166 2668 πρὸς
3204 2597 3439 2651 Πιλᾶτον
3482 2599 3723 2670 είρημέ-

2122 2706 2252 2754 νων,
2281 2687 2567 2742 ἐκέλευσεν
2602 2688 2630 2739 6
2662 2686 2896 2751 Πιλᾶτος
2927 2688 3147 2757 δοθῆναι
3181 2690 3330 2761 αὐτῷ
3354 2691 3417 2743 τὸ
3445 2692 3729 2760 πανάγιω

2125 2780 2285 2851 σῶμα
2309 2778 2404 2832 τοῦ
2440 2778 2635 2849 Ἰησοῦ.
2667 2779 2777 2831 Καὶ
2808 2777 2978 2833 ἐλθὼν
3010 2780 3102 2832 ἐπὶ
3128 2778 3218 2832 τὸν
3248 2780 3487 2848 Γολγοθά
3517 2782 3721 2848 τόπον,

2119 2870 2336 2925 καθεῖλε
2360 2869 2493 2923 Θεὸν
2519 2871 2578 2923 ὲν
2613 2870 2777 2941 σαρκὶ
2802 2868 2910 2922 ἀπὸ
2939 2868 3032 2922 τοῦ
3064 2868 3242 2935 ξύλου,
3262 2871 3356 2924 καὶ
3377 2870 3597 2941 τίθησιν
3615 2874 3724 2927 ἐπὶ

2119 2961 2240 3031 γῆν·
2265 2959 2396 3014 Θεὸν
2412 2961 2469 3013 ἐν
2485 2960 2650 3030 σαρκὶ
2670 2959 2875 3030 γυμνὸν
2891 2960 2992 3030 (2),
3017 2960 3110 3013 καὶ
3137 2960 3423 3032 ἄνθρωπον
3448 2963 3509 3015 οὐ
3531 2962 3724 3033 ψιλόν.

2122 3053 2229 3106 Καὶ
2251 3053 2442 3123 ὁρᾶται
2467 3052 2717 3129 κείμενος
2738 3052 2907 3115 κάτω,
2924 3054 2952 3105 6
2974 3052 3182 3117 πάντας
3201 3053 3431 3118 ἑλκύσας
3452 3055 3588 3108 ἄνω’
3620 3058 3728 3111 καὶ

2118 3144 2327 3212 γίνεται
2347 3142 2483 3213 πρὸς
2510 3140 2684 3211 βραχὺ
2710 3142 2935 3208 ἄπνους,
2963 3143 2997 3213 ἡ
3024 3142 3243 3197 πάντων
3276 3144 3389 3215 ζωὴ
3426 3145 3524 3198 καὶ
3548 3150 3723 3219 πνοή-

2118 3236 2212 3289 καὶ
2250 3237 2442 3307 ὁρᾶται
2477 3233 2785 3305 ἀόμματος,
2816 3237 2844 3288 6
2873 3235 3067 3305 κτίσας
3096 3236 3165 3289 τὰ
3199 3236 3582 3308 πολυόμματα·
3615 3242 3726 3295 καὶ

2115 3329 2291 3380 κεῖται
2337 3327 2549 3392 ὕπτιος,
2592 3328 2626 3398 ὴ
2676 3327 2893 3381 πάντων
2924 3328 3243 3395 ἀνάστασιςον
3285 3331 3378 3382 καὶ
3418 3331 3725 3402 νεκροῦται

2116 3420 2279 3491 σαρκὶ
2325 3418 2478 3483 Θεὸς,
2509 3421 2537 3472 6
2576 3419 2703 3482 τοὺς
2744 3421 2972 3490 νεκροὺς
3021 3419 3277 3474 ἀνιστῶνο
3331 3421 3425 3474 καὶ
3473 3425 3605 3493 σιγᾷ
3634 3427 3725 3494 (5)

2113 3510 2248 3580 πρὸς
2284 3509 2460 3583 βραχὺ
2508 3511 2540 3580 ἡ
2584 3509 2681 3563 τοῦ
2710 3508 2847 3563 Θεοῦ
2889 3511 3047 3579 λόγου
3091 3510 3316 3583 βροντή*
3356 3512 3450 3565 καὶ
3489 3513 3727 3584 αἴρεται.

2111 3599 2419 3671 παλάμαις,
2443 3600 2471 3651 6
2498 3599 2596 3675 τὴν
2623 3602 2727 3671 γῆν
2760 3600 3004 3670 κατέχων
3029 3601 3211 3672 δρακί.
3239 3598 3383 3672 τΑροι
3409 3602 3543 3673 γὰρ,
3569 3601 3729 3677 ἆρα,

2110 3683 2155 3742 ὦ
2183 3690 2401 3759 Ἰωσὴφ,
2430 3690 2660 3760 αἰτήσας
2696 3689 2791 3743 καὶ
2818 3689 3020 3755 λαϐὼν,
3053 3686 3199 3755 οἶδας
3227 3692 3285 3745 ὃν
3309 3692 3569 3762 εἴληφας;
3598 3690 3733 3767 ἄρα,

2111 3779 2426 3851 προσελθὼν
2456 3780 2535 3850 τῷ
2570 3780 2810 3853 σταυρῷ,
2861 3781 3108 3836 καθελὼν
3142 3783 3372 3853 Ἰησοῦν,
3403 3779 3554 3847 οἶδας
3578 3786 3735 3840 τίνει

2110 3872 2451 3937 ὲ6άστασας;
2481 3873 2544 3925 Et
2585 3872 2755 3935 ὅντως
2795 3868 2941 3936 οἶδας
2979 3874 3039 3927 ὃν
3066 3878 3304 3946 κρατεῖς,
3342 3874 3436 3928 νῦν
3464 3875 3737 3943 γέγονας

2110 3962 2382 4025 πλούσιος.
2420 3963 2544 4027 Πῶς
2575 3962 2631 4015 δὲ
2663 3964 2770 4034 ἄρα
2804 3965 2898 4017 καὶ
2930 3966 3028 4036 τὴν
3063 3966 3335 4036 θεόσωμον
3366 3964 3575 4037 ταύτην
3619 3971 3740 4023 καὶ

2110 4054 2553 4126 φρικωδεστάτην
2593 4056 2771 4125 Ἰησοῦ
2802 4057 3072 4121 ἐπιτελεῖς
3098 4057 3351 4128 κηδείαν;
3382 4059 3738 4126 Ἐπαινετός

2110 4165 2204 4200 σου
2246 4150 2273 4201 6
2321 4148 2504 4211 πόθος
2552 4147 2667 4202 ἀλλ’
2693 4148 3122 4220 ἐπαινετώτερος
3170 4151 3197 4202 6
3228 4151 3330 4219 τῆς
3373 4150 3557 4222 ψυχῆς
3614 4172 3734 4207 σου

2107 4239 2330 4310 τρόπος.
2355 4236 2502 4312 ’Ἃρα
2533 4242 2663 4312 γὰρ,
2699 4238 2809 4312 ἆρα
2841 4242 2902 4294 ού
2941 4243 3201 4313 φρίττεις,
3235 4243 3292 4295 ὃν
3325 4242 3392 4295 τὰ
3419 4245 3734 4316 χερουϐὶμ

418 4335 500 4386 An
535 4333 703 4396 enim,
742 4348 925 4387 annon
982 4334 1196 4396 horres,
1245 4350 1405 4403 quem
1438 4334 1721 4388 cherubim
1756 4339 2000 4401 horrent,

2125 4332 2444 4399 ρρίττουσιν,
2471 4333 2563 4384 ἐπὶ
2589 4332 2788 4404 χειρῶν
2812 4333 3096 4403 βαστάζων
3122 4350 3135 4399 ;
3159 4333 3192 4404 ἢ
3220 4335 3357 4405 ποίῳ
3381 4334 3535 4403 φόϐῳ
3568 4338 3742 4390 πάν-

419 4425 474 4485 in
511 4424 765 4479 manilius
812 4425 1071 4496 gestans?
1103 4434 1195 4478 aut
1224 4442 1357 4480 sane
1384 4436 1591 4495 quanto
1636 4441 1760 4479 cum
1804 4427 1997 4483 timore

417 4514 617 4569 divinae
651 4514 797 4571 illius
852 4516 1038 4570 carnis
1067 4515 1316 4573 denudas
1358 4517 1633 4572 linteum?
1667 4516 1837 4583 Quam
1872 4534 1999 4573 vero

421 4608 678 4679 religiose
708 4609 927 4663 oculum
963 4608 1335 4681 deprimebas!
1368 4608 1559 4666 Nonne
1605 4611 1825 4667 intuens
1868 4612 1997 4666 hor-

416 4716 529 4763 res,
567 4715 690 4755 cum
733 4708 983 4754 naturam
1017 4701 1201 4756 carnis
1235 4700 1349 4765 Dei,
1381 4702 1472 4776 qui
1508 4708 1592 4757 est
1637 4717 1802 4772 supra
1835 4710 1999 4757 natu-

418 4806 564 4855 ram,
618 4790 864 4860 detegis?
913 4792 993 4843 An
1049 4792 1219 4853 enim,
1266 4792 1355 4846 dic
1404 4791 1560 4854 mihi,
1607 4790 1875 4861 oJoseph,
1928 4806 1996 4846 an

415 4883 481 4937 ad
535 4882 802 4937 orientem
871 4898 1062 4937 versus
1118 4883 1322 4952 sepelis
1368 4892 1691 4951 mortuum,
1765 4885 1996 4941 orientis

412 4974 722 5029 orientem?
764 4972 902 5027 Num
955 4989 1084 5029 vero
1128 4985 1182 5028 et
1230 4975 1339 5031 tuis
1392 4976 1615 5047 digitis,
1673 4985 1733 5032 ut
1780 4986 1996 5034 mortuo

412 5066 688 5132 convenit,
729 5064 854 5121 Jesu
893 5066 1105 5120 claudis
1143 5067 1355 5130 oculos,
1387 5069 1478 5137 qui
1523 5069 1871 5125 immaculato
1909 5071 1995 5125 di-

410 5159 524 5227 gito
550 5159 679 5213 caeci
710 5158 924 5228 aperuit
963 5159 1222 5213 oculum?
1270 5176 1398 5213 num
1430 5177 1558 5217 vero
1594 5170 1648 5217 et
1692 5177 1754 5216 os
1782 5165 1829 5216 ei
1863 5178 1995 5217 con-

411 5249 613 5315 cludis,
649 5249 740 5320 qui
782 5258 935 5305 muto
962 5265 1025 5305 os
1063 5251 1311 5320 aperuit?
1357 5268 1487 5306 num
1538 5268 1666 5309 vero
1707 5261 1760 5308 et
1799 5269 1994 5308 manus

415 5338 662 5395 Obvolvis
694 5339 837 5410 ejus,
868 5342 960 5411 qui
992 5340 1237 5396 extendit
1282 5342 1555 5399 arefactas
1595 5343 1831 5401 manus?
1860 5360 1991 5400 num

630 5487 719 5538 γρ.
755 5471 944 5549 Δχώρας
969 5475 1074 5549 σὺνΔ
1102 5477 1167 5545 τῇ
1199 5476 1368 5549 μητρὶ
1390 5477 1603 5547 ἔχοντα.

483 5540 561 5603 (1)
596 5557 687 5605 γρ.
721 5540 936 5597 οἰκείων
968 5540 1189 5599 δούλων.

482 5604 560 5680 (2)
592 5604 679 5679 η).
720 5611 852 5671 Θεὸν
883 5615 943 5667 ού
972 5615 1195 5683 γυμνόν.

2104 4438 2213 4485 τως
2232 4422 2330 4491 τῆς
2354 4421 2502 4486 θείας
2532 4425 2749 4496 ἐκείνης
2778 4423 2980 4496 σαρκὸς
3008 4426 3349 4496 ἁπογυμνοῖς
3372 4426 3431 4478 τὸ
3453 4426 3697 4483 λέντιον
3720 4448 3740 4495 ;

2104 4512 2222 4576 πῶς
2268 4513 2324 4566 δὲ
2372 4513 2435 4584 δὴ
2494 4515 2735 4579 εὐλαϐῶς
2775 4516 2849 4587 (4)
2890 4516 2950 4569 τὸ
2993 4516 3149 4587 ὄμμα
3196 4517 3596 4585 κατέστελλες;
3660 4523 3740 4573 οὒ

2102 4605 2346 4677 φρίττεις
2398 4608 2758 4673 ἐνατενίζων,
2815 4609 3214 4661 ἀνακαλύπτων
3269 4608 3429 4677 φύσιν
3492 4614 3747 4682 σαρκὸς

2100 4698 2258 4761 Θεοῦ,
2285 4697 2380 4750 τοῦ
2414 4698 2557 4770 ὑπὲρ
2597 4698 2788 4768 φύσινς
2821 4695 2968 4771 τΑρα
3015 4702 3144 4771 γὰρ,
3183 4696 3312 4771 ἄρα,
3357 4701 3479 4753 εἰπέ
3505 4718 3645 4768 μοι,
3683 4700 3746 4759 ὦ

2101 4791 2323 4861 Ἰωσὴφ,
2357 4790 2451 4843 καὶ
2478 4791 2616 4861 πρὸς
2644 4792 2911 4856 ἀνατολὰς
2943 4793 3323 4855 καταθάπτεις·
3345 4793 3570 4862 νεκρὸν,
3614 4797 3751 4868 τὴν

2100 4881 2365 4953 ἀνατολὴν
2392 4880 2502 4934 τῶν
2527 4882 2799 4937 ἀνατολῶν
2822 4900 2834 4947 ;
2865 4880 2976 4957 ἄρα
2998 4884 3053 4936 δὲ
3090 4884 3183 4936 καὶ
3207 4886 3316 4945 τοῖς
3352 4886 3466 4945 σοῖς
3487 4883 3705 4940 δακτύ
3729 4919 3750 4929 ο

2098 4975 2211 5037 λοις
2236 4973 2632 5045 νεκροπρεπῶς
2664 4974 2840 5044 Ἰησοῦ
2880 4974 3224 5036 κατακλείεις
3255 4974 3322 5026 τὰ
3359 4974 3606 5044 ὄμματα
3648 4980 3753 5050 (5)

2097 5068 2192 5120 τοῦ
2242 5068 2320 5139 τῷ
2371 5067 2629 5138 ἁχράντῳ
2677 5065 2925 5134 δακτύλῳ
2975 5064 3070 5118 τοῦ
3123 5063 3325 5133 τυφλοῦ
3375 5062 3757 5135 ἀνοίξαντας

2097 5158 2284 5228 ὅμμα;
2308 5154 2418 5229 ἆρα
2442 5158 2498 5211 δὲ
2524 5158 2619 5211 καὶ
2654 5156 2711 5210 τὸ
2736 5157 2911 5227 στόμα
2950 5154 3282 5226 περικλείεις
3315 5153 3409 5205 τοῦ
3441 5154 3501 5206 τὸ
3537 5173 3764 5230 μογι.

2097 5248 2260 5301 λάλου
2292 5248 2602 5313 ἀνοίξαντος
2625 5248 2832 5318 στόμα;
2870 5244 2980 5318 ἆρα
2998 5246 3055 5299 δὲ
3078 5246 3171 5301 καὶ
3191 5248 3379 5318 χεῖρας
3406 5254 3763 5316 περιστέλ-

2098 5341 2213 5406 λεις
2240 5336 2333 5395 τοῦ
2374 5341 2712 5404 ἐκτείναντος
2740 5340 2839 5405 τὰς
2884 5338 3242 5410 ξηρανθείσας
3275 5340 3499 5409 χεῖρας
3532 5340 3587 5414 ἦ
3623 5348 3755 5403 καὶ

2170 5477 2247 5547 (3)
2280 5494 2370 5545 γρ.
2404 5478 2462 5529 ὲν
2486 5477 2668 5548 σαρκί.

2172 5548 2249 5612 (4)
2276 5564 2367 5614 rp.
2396 5546 2577 5610 οἴδεις,
2614 5555 2665 5601 et
2702 5546 3068 5602 καταστεῖλαι.

2173 5616 2255 5687 (ἑί)⁴
2287 5634 2372 5685 rp.
2409 5617 2469 5670 τὸ
2496 5618 2681 5689 lippa;
2713 5614 2819 5688 ἆρα
2842 5618 2957 5674 τοῦ.
