3948 6196
293 312 379 373 119

1324 298 1615 359 HOMILIA
1653 300 1799 356 lI.IN
1838 297 2155 387 SABBATO
2189 299 2447 355 MAGNO.

3420 304 3531 363 ιεο

292 425 398 489 τοὺς
427 422 585 485 πόδας
608 419 1000 493 νεκροπρεπῶς
1028 418 1390 489 καταδεσμεῖς
1413 417 1505 470 τοῦ
1525 417 1586 470 τὸ
1613 416 1846 488 βαδίζειν

1967 423 2004 469 ξι
2038 415 2226 484 pedes,
2263 423 2322 467 ut
2353 421 2570 468 mortuo
2596 415 2873 483 convenit,
2905 418 3082 475 vincis
3103 419 3243 491 ejus,
3266 424 3355 493 qui
3378 423 3528 481 dedit

294 518 447 580 δόντος
474 516 581 576 τοῖς
612 512 891 583 ἀκινήτοις
920 510 1114 577 ποσίν;
1144 506 1254 581 ἆρα
1282 511 1377 564 καὶ
1415 511 1508 563 ἐπὶ
1545 509 1731 579 κλίνης
1764 509 1847 560 αἴ-

298 627 395 681 ρεις
428 605 511 659 τὸν
554 603 633 674 τῷ
676 601 973 675 παραλύτῳ
1007 601 1359 656 κελεύσαντα·
1389 597 1567 669 Ἆρον
1598 599 1714 653 σοῦ
1745 598 1851 652 τὸν

295 699 579 769 πρόϐατον,
620 695 722 748 καὶ
761 694 1110 763 περιπάτει;
1140 690 1250 767 ἄρα
1285 693 1342 747 δέ
1377 693 1472 747 καὶ
1505 692 1651 764 μύρα
1677 694 1851 754 κενοῖς

297 787 366 855 τῷ
389 784 603 857 οὐρανίῳ
633 783 793 855 μύρῳ
826 784 895 837 τὰ
928 780 1125 835 ἑαυτοῦ
1161 782 1236 853 (6)
1270 781 1591 845 κενώσαντι,
1632 782 1727 835 καὶ
1760 781 1851 833 κό-

300 896 414 949 σμον
429 876 736 944 ἁγιάσαντι;
762 872 872 946 ἆρα
890 876 982 929 κα)⁵
1002 876 1099 947 τὴν
1119 874 1393 945 θεόσωμον
1422 872 1503 925 ἔτι
1528 872 1852 944 αἱμορροοῦ-

297 986 380 1022 σαν
401 968 606 1037 ἐκείνην
634 966 813 1036 Ἰησοῦ
843 967 1084 1037 ἐκμάξαι
1109 967 1313 1037 τολμᾷς
1340 964 1603 1036 πλευρὰν,
1634 964 1727 1016 τοῦ
1750 964 1851 1034 τὴν

292 1059 668 1131 αίμορῤοοῦσαν
694 1059 987 1129 ίασαμένου
1005 1059 1140 1112 Θεοῦ
1162 1076 1176 1123 ;
1196 1055 1303 1129 ἆρα
1323 1058 1378 1110 δὲ
1402 1057 1495 1111 καὶ
1519 1056 1669 1109 ῦδατι
1692 1074 1851 1108 καταο

288 1149 486 1209 πλύνεις
510 1147 672 1217 σῶμα
697 1146 854 1211 Θεοῦ,
877 1145 973 1198 τοῦ
999 1147 1205 1208 πάντας
1230 1143 1613 1206 ἐκπλύναντος,
1637 1141 1731 1194 καὶ
1751 1140 1849 1209 τὴν

283 1238 531 1310 κάθαρσιν
566 1238 781 1305 δόντος;
822 1239 991 1302 Ποίας
1021 1238 1079 1291 δὲ
1145 1235 1254 1309 ἆρα
1293 1236 1385 1289 καὶ
1411 1234 1703 1305 λαμπάδας
1735 1233 1841 1285 ύπ-

283 1330 490 1399 ανάψεις
521 1329 602 1400 τῷ
622 1329 761 1399 φωτὶ
780 1328 860 1400 τῷ
880 1327 1118 1399 ἀληθινῷ
1142 1328 1239 1399 (7),
1264 1327 1339 1397 τῷ
1360 1326 1652 1397 φωτίσαντι
1673 1323 1851 1377 πάντα

280 1420 581 1490 ἄνθρωπονς
616 1417 779 1481 ποίας
808 1417 866 1471 δὲ
905 1418 1001 1471 καί¹
1043 1417 1196 1488 ᾄσεις
1241 1415 1563 1485 ἐπιταφίους
1603 1414 1744 1485 ᾠδὰς
1772 1413 1850 1483 τῷ

279 1510 541 1579 ἁσιγήτως
573 1506 880 1580 αίνουμένῳ
917 1508 1022 1561 ὑπὸ
1056 1508 1239 1578 πάσης
1268 1506 1522 1578 οὐρανίου
1557 1507 1846 1576 στρατιᾶς;

278 1597 377 1673 ἆρα
401 1602 453 1655 δὲ
480 1601 581 1655 καὶ
608 1601 969 1673 δακρυρροεῖς
1000 1599 1076 1663 ὼς
1113 1599 1301 1671 νεκρὸν
1348 1598 1441 1651 τὸν
1482 1595 1846 1668 δακρύσαντα,

277 1694 362 1746 καὶ
390 1691 583 1763 νεκρὸν
612 1692 990 1763 τετραήμερον
1022 1688 1114 1742 τὸν
1148 1688 1396 1761 Λάζαρον
1427 1687 1845 1758 ἀναστήσαντα;

1952 505 2197 559 immotis
2235 504 2488 574 pedibus,
2530 516 2589 559 ut
2620 507 3076 577 ingrederentur?
3102 528 3233 567 num
3280 520 3335 569 et
3367 515 3419 568 in
3449 517 3529 571 le-

1951 604 2098 649 ctum
2137 596 2286 650 tollis
2314 610 2461 659 eum,
2492 596 2585 665 qui
2614 600 2914 669 paralytico
2935 601 3101 670 jussit
3130 621 3143 656 :
3177 603 3325 657 Tolle
3344 605 3533 675 graba-

1952 696 2063 738 tum
2104 695 2273 753 tuum,
2315 696 2365 740 et
2399 686 2614 739 ambula
2638 689 2694 741 ’ἲ
2733 706 2862 743 num
2905 706 3035 746 vero
3066 701 3120 746 et
3167 707 3443 765 unguenta
3473 699 3530 752 in
3582 686 3603 706 ⁶

1951 780 2176 833 caaleste
2200 786 2537 847 unguentum
2573 780 2829 846 elfundis,
2859 784 3005 851 quod
3043 784 3282 853 seipsum
3319 788 3529 855 eﬂ'udit,

1950 878 2005 923 et
2046 870 2310 923 mundum
2348 870 2713 924 sanctimonia
2785 875 3049 941 replevit?
3082 893 3211 930 num
3262 886 3317 932 et
3360 880 3530 934 divini

1950 959 2203 1027 corporis
2241 960 2421 1013 adhuc
2459 962 2725 1031 sanguine
2770 962 2943 1019 ﬂuens
2986 967 3115 1021 illud
3144 966 3273 1024 Jesu
3320 971 3532 1027 abster—

1950 1065 2076 1120 gere
2111 1050 2279 1104 audes
2310 1051 2471 1116 latus,
2501 1053 2594 1121 qui
2642 1052 2908 1122 proﬂuvio
2956 1061 3237 1129 sanguinis
3279 1063 3534 1120 laboran-

1953 1148 2059 1195 tem
2099 1144 2313 1196 sanavit
2345 1142 2529 1198 Deus?
2558 1161 2686 1199 num
2733 1163 2863 1202 vero
2909 1158 2963 1203 et
2996 1153 3153 1219 aquis
3203 1156 3378 1212 abluis
3408 1174 3536 1213 cor-

1952 1248 2056 1303 pus
2087 1232 2204 1297 Dei,
2236 1236 2328 1303 qui
2368 1252 2560 1291 omnes
2603 1238 2797 1304 abluit,
2840 1248 2894 1295 et
2928 1256 2958 1293 a
2994 1242 3114 1297 labe
3155 1249 3531 1318 purgationem

1950 1326 2247 1393 prarstitit?
2278 1328 2480 1392 Quales
2510 1344 2642 1383 vero
2681 1330 2898 1386 tandem
2941 1342 2994 1387 et
3016 1335 3293 1405 lampades
3342 1342 3532 1397 incen-

1950 1414 2048 1470 des
2086 1431 2228 1469 vene
2260 1416 2390 1480 luci,
2424 1418 2755 1473 illuminanti
2791 1437 3010 1478 onmem
3038 1425 3356 1483 hominem?
3382 1430 3534 1497 Qua.

1954 1504 2033 1560 les
2066 1521 2193 1560 vero
2218 1509 2471 1564 cantabis
2497 1510 2575 1563 illi
2608 1510 2864 1567 funebres
2893 1515 3121 1579 naenias,
3149 1517 3242 1586 qui
3271 1519 3389 1573 sine
3417 1521 3531 1575 ullo

1949 1596 2458 1655 silentio‘laudatur
2502 1602 2571 1657 ab
2612 1604 2761 1658 omni
2803 1606 3013 1661 cwlesti
3062 1609 3349 1664 exercitu?
3393 1609 3536 1666 Num

1950 1704 2085 1743 vero
2120 1691 2397 1762 lacrymas
2440 1708 2540 1762 pro
2572 1708 2639 1748 eo
2679 1694 2886 1761 fundis,
2935 1704 2994 1751 ut
3045 1710 3293 1773 mortuo,
3336 1702 3429 1771 qui
3459 1702 3540 1759 la-

277 1779 373 1854 ἆρα
398 1782 451 1836 δὲ
474 1782 576 1835 καὶ
605 1781 837 1853 θρήνους
868 1781 1041 1844 ποιεῖς
1060 1779 1138 1850 τῷ
1163 1779 1261 1851 τὴν
1277 1779 1452 1851 χαρὰν
1473 1781 1609 1833 πᾶσι
1632 1777 1847 1845 διδόντι,

1967 1783 2245 1853 :rymavit,
2272 1791 2326 1837 et
2363 1794 2638 1839 mortuum
2666 1784 2934 1839 Lazarqu
2955 1767 3383 1857 quatriduanum
3416 1807 3541 1847 sus-

275 1876 357 1929 καὶ
380 1874 470 1946 τὴν
494 1873 679 1943 λύπην
708 1874 806 1944 τῆς
836 1870 980 1936 Εὔας
1005 1870 1319 1926 διαλύσαντι
1345 1887 1359 1937 ;

335 2056 518 2125 Ὅμως
546 2051 838 2125 μακαρίζω
863 2070 957 2105 σου
984 2051 1082 2116 τὰς
1106 2054 1315 2122 χεῖρας,
1344 2043 1388 2102 ὦ
1410 2047 1631 2119 Ἰωσὴφ,
1657 2049 1853 2119 ὑπουρ-

272 2147 535 2217 γησάσας,
585 2146 678 2199 καὶ
721 2142 1123 2216 ψηλαφησάσας
1179 2143 1257 2196 ἔτι
1301 2140 1703 2215 αίμοῤῥοούσας
1754 2139 1853 2203 τὰς

271 2239 577 2309 θεοσώμους
609 2239 788 2309 Ἰησοῦ
833 2240 1024 2309 χεῖρας
1066 2236 1163 2290 καὶ
1206 2235 1393 2297 πόδας·
1435 2232 1725 2305 μακαρίζω
1760 2250 1851 2285 σου

274 2329 360 2393 τὰς
388 2332 583 2399 χεῖρας
622 2327 1064 2398 προσεγγισάσας
1092 2327 1158 2396 τῇ
1189 2324 1283 2377 τοῦ
1316 2322 1451 2377 Θεοῦ
1482 2323 1855 2396 αίμορῤοούσῃ

272 2422 489 2493 πλευρᾷ,
520 2420 634 2491 πρὸ
660 2419 829 2490 Θωμᾶ
858 2417 953 2472 τοῦ
983 2418 1177 2471 πιστοῦ
1208 2416 1438 2470 ἀπίστου
1471 2416 1568 2470 καὶ
1600 2418 1855 2470 ἐπαινου-

275 2516 424 2587 μένου
475 2514 800 2587 περιέργουο
858 2513 1146 2585 μακαρίζω
1195 2529 1287 2565 σου
1327 2512 1388 2565 τὸ
1421 2512 1594 2581 στόμα
1642 2510 1856 2580 ἐμπλη-

270 2607 385 2659 σθὲν
398 2606 700 2677 ἀπλήστως
716 2606 811 2658 καὶ
830 2605 1027 2658 ἐνωθέν
1058 2603 1196 2673 (8-9)
1218 2602 1353 2674 πρὸς
1379 2601 1557 2673 Ἰησοῦ
1573 2602 1635 2655 τὸ
1660 2601 1855 2671 στόμα,

272 2699 355 2752 καί
395 2698 724 2768 Πνεύματος
771 2697 927 2765 ἁγίου
963 2696 1174 2749 ἐκεῖθεν
1219 2695 1537 2767 πληρωθένο.
1570 2693 1859 2768 μακαρίζω

272 2805 357 2841 σου
398 2791 526 2853 τοὺς
582 2788 895 2859 ὀφθαλμοὺς
940 2785 1341 2857 προστεθέντας
1387 2788 1500 2850 τοῖς
1541 2784 1636 2837 τοῦ
1681 2784 1859 2854 Ἰησοῦ

270 2874 587 2945 ἐρθαλμοῖς,
622 2875 716 2927 καὶ
748 2874 808 2927 τὸ
837 2874 953 2944 φῶς
988 2874 1050 2926 τὸ
1086 2872 1341 2945 ἀληθινὸν
1380 2872 1592 2925 ἐκεῖθεν
1630 2873 1863 2943 μεταλα-

270 2967 473 3033 χόντας·
533 2966 833 3039 μακαρίζω
880 2980 973 3019 σου
1020 2966 1081 3018 τὸ
1136 2965 1428 3037 πρόσωπον
1475 2964 1862 3035 προσπελάσαν

274 3060 402 3131 πρὸς
426 3061 490 3114 τὸ
528 3060 633 3113 τοῦ
680 3058 817 3113 Θεοῦ
873 3057 1187 3129 πρόσωπον·
1247 3056 1540 3130 μακαρίζω
1596 3073 1689 3109 σου
1738 3057 1864 3120 τοὺς

270 3149 447 3222 ὤμους
494 3151 884 3223 βαστάσαντας
940 3149 1031 3201 τὸν
1084 3148 1293 3212 πάντας
1339 3149 1451 3219 (10)
1504 3146 1861 3217 βαστάζοντα⁸

277 3244 572 3316 μακαρίζω
611 3258 704 3295 σου
750 3241 850 3312 τὴν
882 3240 1129 3311 κεφαλὴν
1160 3239 1265 3311 [ἐν]
1368 3240 1733 3311 προσήγγισεν
1762 3238 1868 3307 Ἰη-

272 3331 394 3395 σοῦς
421 3333 656 3386 πάντων
684 3330 896 3400 κεφαλή
928 3330 1066 3401 (11)⁶
1100 3327 1391 3400 μακαρίζω
1421 3345 1513 3381 σου
1534 3326 1634 3390 τὰς
1654 3329 1865 3397 χεῖρας,

273 3423 328 3474 ἐν
356 3419 444 3487 αἶς
482 3423 802 3485 ἐϐάστασας
830 3421 922 3474 τὸν
961 3419 1300 3491 βαστάζοντα
1337 3418 1535 3473 πάντα.⁸
1583 3416 1870 3489 μακαρίζω

275 3513 467 3588 Ἰωσὴφ
501 3516 607 3569 καὶ
638 3514 966 3585 Νικόδημον.
993 3512 1255 3581 Γεγόνασι
1284 3511 1392 3583 γὰρ
1415 3511 1521 3581 πρὸ
1543 3511 1651 3563 τῶν
1679 3526 1872 3581 χερου-

272 3608 369 3677 σιμ
400 3609 514 3679 (12)
550 3607 686 3660 Θεὸν
734 3608 791 3659 ἐν
839 3607 1054 3668 ἑαυτοῖς
1094 3603 1411 3675 ύψὼσαντες
1453 3604 1547 3656 καὶ
1590 3602 1867 3675 φέροντεςο

274 3700 537 3767 γεγόνασι
593 3698 699 3770 πρὸ
724 3700 832 3752 τῶν
869 3698 1259 3770 ἐξαπτερύγων
1292 3695 1427 3749 Θεοῦ
1475 3694 1761 3764 ὑπουργοὶ,
1808 3694 1869 3747 ού

273 3792 565 3863 πτέρυξιν,
602 3790 738 3845 ἀλλά
788 3792 988 3845 σινδόσι
1026 3790 1117 3843 τὸν
1144 3788 1347 3861 Κύριον
1380 3786 1745 3856 καλύψαντες,
1779 3785 1874 3838 καὶ

273 3885 636 3953 τιμήσαντες.
682 3886 778 3935 ’ον
824 3884 893 3937 τὰ
936 3880 1208 3955 χερουϐὶμ
1247 3880 1531 3953 τρέμουσι,
1560 3877 1752 3931 τοῦτον
1781 3876 1874 3929 ἐπὶ

273 3973 377 4025 τῶν
412 3974 595 4044 ὤμων
624 3974 825 4044 Ἰωσὴφ
864 3973 958 4026 καὶ
1003 3972 1313 4042 Νικόδημος
1360 3971 1606 4041 φέρουσι,
1640 3969 1735 4021 καὶ
1766 3968 1875 4020 πᾶ-

281 4081 368 4117 σαι
405 4066 524 4137 (15)
566 4065 622 4117 αἱ
655 4064 765 4117 τῶν
796 4064 1104 4135 ἀσωμάτων
1132 4064 1315 4130 τάξεις
1344 4059 1667 4127 ἐξίστανται.
1704 4055 1875 4112 ’Ἦλθε

274 4159 379 4229 γάρ
426 4158 644 4229 Ἰωσὴφ
680 4158 774 4211 καὶ
818 4157 1147 4229 Νικόδημοςσ
1195 4154 1390 4209 οὐκοῦν
1424 4153 1725 4224 συνέδραμε
1770 4154 1877 4214 πᾶς

277 4248 370 4298 καὶ
406 4248 438 4299 ὁ
471 4246 589 4299 τῶν
625 4246 873 4315 ἀγγέλων
909 4244 1189 4317 θεόδημος*
1237 4244 1330 4297 καὶ
1356 4242 1658 4314 προφθάνει
1688 4260 1879 4314 χερου-

274 4338 397 4408 ειμ,
437 4339 543 4392 καὶ
573 4338 860 4409 συντρέχει
891 4337 1156 4409 σεραφὶμ,
1190 4337 1282 4389 καὶ
1309 4335 1736 4404 πμὸαστὰξουσι
1758 4334 1881 4406 θρό⁹

1952 1875 2175 1928 eitavit?
2206 1873 2346 1930 Num
2389 1892 2520 1931 vero
2556 1892 2681 1932 eum
2726 1879 2929 1934 lessum
2972 1881 3128 1943 facis,
3153 1884 3245 1952 qui
3279 1885 3539 1940 omnibus

1970 1965 2226 2034 gaudium
2262 1966 2492 2037 largitus
2515 1975 2642 2043 .cst,
2682 1977 2737 2023 et
2774 1970 3051 2024 tristitiam
3082 1969 3208 2026 Eva:
3249 1973 3544 2030 dissolvit?

2028 2054 2285 2111 Attamen
2335 2057 2525 2112 beatas
2564 2059 2755 2127 judico
2804 2069 2926 2115 tuas
2974 2076 3191 2125 manus,
3239 2077 3271 2116 ο
3311 2062 3539 2134 Ioseph,

1954 2162 2078 2215 qua:
2100 2145 2511 2211 ministrarunt,
2540 2156 2595 2203 et
2629 2156 3043 2203 contrectarunt
3069 2151 3335 2221 sanguine
3362 2151 3543 2207 adhuc

1955 2237 2186 2291 ﬂuentes
2220 2236 2391 2291 divini
2417 2238 2671 2308 corporis
2700 2236 2832 2294 Jesu
2868 2254 3063 2294 manus
3089 2249 3143 2295 et
3173 2240 3338 2310 pedes
3367 2261 3380 2296 :
3408 2241 3542 2297 bea-

1958 2338 2043 2383 tas
2074 2327 2310 2397 praedico
2340 2335 2464 2384 tuas
2501 2344 2716 2393 manus,
2743 2344 2867 2400 qua:
2896 2331 3409 2401 appropinquarunt
3446 2330 3543 2386 Dei

1958 2417 2115 2472 lateri
2151 2417 2423 2488 sanguine
2470 2416 2683 2483 ﬂuenti,
2736 2427 2864 2475 ante
2887 2418 3151 2475 Thomam
3199 2421 3412 2477 ﬂdelem
3459 2423 3544 2476 inn

1958 2508 2262 2576 credulum,
2316 2516 2371 2564 et
2418 2510 2700 2565 curiosum
2749 2510 3102 2567 laudabilem.
3154 2510 3379 2567 Beatum
3419 2514 3546 2568 dico

1959 2608 2113 2655 tuum
2153 2615 2239 2665 os,
2271 2600 2418 2670 quod
2446 2600 2727 2671 impletum
2757 2608 2843 2657 est
2880 2602 3286 2665 insatiabiliter.
3321 2612 3377 2659 et
3405 2618 3543 2659 con-

1954 2693 2206 2762 junctum
2255 2694 2337 2746 ori
2378 2690 2530 2755 Iesu,
2571 2707 2636 2746 ac
2688 2690 2898 2762 Spiritu
2948 2704 3141 2748 sancto
3186 2694 3339 2749 illiue
3376 2695 3549 2765 reple-

1964 2792 2099 2837 tum.
2127 2781 2324 2837 Beatos
2368 2791 2494 2837 tuos
2545 2784 2735 2839 oculos
2769 2785 3050 2853 appositos
3078 2784 3209 2839 Jesu
3254 2787 3453 2851 oculis,
3494 2796 3552 2845 et

1964 2873 2139 2927 lucem
2169 2888 2347 2926 veram
2377 2874 2529 2928 illinc
2558 2882 2846 2930 assecutos
2870 2893 2885 2941 ;
2914 2876 3129 2929 beatam
3157 2884 3305 2931 tuam
3326 2877 3549 2944 faciem,

1965 2981 2087 3035 quae
2122 2966 2189 3018 ad
2226 2964 2321 3019 Dei
2356 2964 2549 3020 faciem
2587 2966 2856 3033 accessit;
2886 2967 3077 3023 beatos
3104 2977 3230 3023 tuos
3267 2969 3547 3037 humeros,

1967 3057 2059 3127 qui
2106 3063 2397 3127 portarunt
2423 3073 2547 3111 eum
2579 3058 2673 3127 qui
2714 3066 2894 3127 portat
2947 3074 3171 3125 omnes;
3210 3060 3425 3115 beatum
3455 3061 3550 3132 ju-

1970 3148 2095 3202 dico
2117 3156 2267 3201 tuum
2296 3156 2485 3217 caput,
2508 3152 2595 3203 cui
2627 3150 3085 3219 appropinquavit
3112 3149 3275 3206 Jesus
3300 3153 3548 3208 omnium

1969 3248 2173 3309 caput;
2209 3239 2395 3293 beatas
2428 3246 2552 3293 tuas
2579 3256 2796 3302 manus,
2831 3242 3033 3309 quibus
3064 3243 3293 3310 portasti
3326 3252 3555 3312 portan-

1968 3338 2079 3385 tem
2132 3331 2358 3385 omnia:
2393 3330 2611 3385 bcatum
2666 3332 2856 3400 judico
2886 3331 3187 3405 Josephum
3231 3342 3284 3390 et
3331 3333 3560 3391 Nicoda-

1971 3438 2144 3478 mum.
2207 3422 2343 3476 Nam
2403 3424 2691 3479 cherubim
2754 3432 3212 3491 antecesserunt,
3268 3426 3440 3483 Deum
3502 3429 3558 3483 in

1972 3511 2171 3582 seipsis
2199 3512 2548 3576 extollentes,
2584 3523 2637 3567 ct
2692 3523 3013 3584 gestantes;
3048 3518 3271 3587 angelos
3309 3528 3561 3574 anteces-

1974 3611 2167 3659 serunt
2206 3604 2357 3659 senis
2389 3605 2495 3658 alis
2544 3605 2801 3673 praeditos
2847 3606 2941 3661 Dei
2990 3609 3228 3662 ministri
3286 3608 3449 3676 facti;
3495 3625 3559 3664 ac

1975 3712 2086 3749 non
2112 3695 2236 3771 alis,
2275 3695 2371 3749 sed
2417 3696 2749 3751 sindonibus
2781 3696 3071 3751 Dominum
3097 3706 3479 3763 contexerunt,
3506 3713 3562 3754 et

1977 3787 2345 3844 honorarunt.
2396 3786 2568 3850 Quem
2632 3787 2916 3841 cherubim
2974 3796 3253 3855 tremunt,
3309 3790 3455 3845 hunc
3505 3792 3561 3845 in

1976 3876 2223 3931 humeris
2244 3874 2445 3947 Ioseph
2476 3886 2532 3931 et
2562 3875 2894 3933 Nicodemus
2933 3877 3136 3941 ferunt,
3162 3886 3216 3933 et
3249 3894 3441 3935 omnes
3479 3882 3565 3934 in-

1977 3983 2303 4036 corporeum
2334 3969 2629 4037 spirituum
2674 3967 2899 4022 ordines
2944 3968 3363 4038 obstupescunt.
3404 3969 3564 4026 Venit

1978 4057 2125 4110 enim
2157 4056 2358 4125 Joseph
2395 4066 2449 4113 et
2491 4056 2865 4112 Nicodemus:
2899 4058 3065 4128 igitur
3104 4060 3471 4115 concurrebat
3510 4068 3565 4114 ct

1979 4149 2160 4204 omnis
2194 4150 2511 4218 angelorum
2544 4148 2638 4203 Dei
2672 4150 2944 4219 populus;
2977 4159 3033 4205 et
3060 4158 3409 4205 antevortunt
3432 4152 3563 4207 cheo

1981 4240 2191 4304 rubim,
2219 4247 2275 4294 et
2298 4255 2405 4293 una
2432 4248 2668 4294 currunt
2694 4240 2970 4310 seraphim
2993 4282 3007 4305 ,
3034 4248 3369 4311 portantque
3400 4242 3568 4297 simul

1985 4332 2200 4396 throni,
2235 4339 2291 4386 et
2330 4333 2592 4386 occulunt
2637 4333 2789 4388 senis
2824 4333 2927 4388 alis
2966 4334 3213 4403 praediti,
3250 4341 3303 4389 et
3345 4334 3571 4389 horrent

279 4445 383 4490 νοι,
413 4430 518 4483 καὶ
550 4427 889 4481 καλύπτουσι
936 4428 1006 4480 τὰ
1055 4426 1421 4498 ἐξαπτέρυγα,
1462 4427 1556 4480 καὶ
1594 4426 1858 4497 φρίττουσ

1987 4425 2294 4490 multoculi,
2337 4424 2586 4479 videntes
2643 4425 2697 4479 in
2744 4440 2912 4480 carne
2953 4423 3141 4481 Jesum
3194 4426 3373 4482 oculis
3407 4426 3571 4481 orba-

274 4520 343 4572 ca
386 4519 790 4589 πολυόμματα,
834 4517 1048 4590 ὁρῶντα
1077 4520 1134 4570 ἐν
1157 4518 1319 4588 σαρκὶ
1344 4516 1549 4587 Ἰησοῦν
1577 4517 1877 4586 ἀόμματον,

278 4606 376 4659 καὶ
417 4606 879 4674 συγκαλύπτουσι
913 4604 1193 4675 δυνάμεις,
1231 4606 1325 4658 καὶ
1368 4605 1584 4676 ᾄδουσιν
1615 4607 1671 4657 αἱ
1694 4605 1880 4677 ἀρχαὶ,

274 4699 370 4751 καὶ
415 4698 753 4769 φρίττουσιν
796 4698 852 4751 αἱ
883 4695 1087 4762 τάξεις,
1124 4697 1219 4751 καὶ
1265 4696 1575 4761 ἐξίστανται
1621 4700 1790 4752 πᾶσαι
1828 4699 1885 4751 αἱ

280 4788 553 4858 στρατιαὶ
573 4788 680 4841 τῶν
707 4787 1019 4858 μεταρσίων
1044 4786 1366 4857 ταγμάτων,
1393 4786 1484 4838 καὶ
1512 4784 1887 4856 θαμὸούμεναι

1986 4526 2140 4583 tum;
2173 4527 2226 4571 et
2255 4525 2555 4586 contegunt
2610 4524 2935 4587 potestates,
2967 4526 3173 4572 canunt
3209 4518 3570 4588 principatus,

1984 4607 2211 4660 horrent
2270 4605 2535 4669 ordines,
2604 4606 3005 4675 obstupescunt
3055 4624 3246 4663 omnes
3298 4607 3572 4661 exercitus

1985 4696 2303 4753 sublimium
2336 4704 2671 4759 turmarum,
2699 4705 2753 4750 et
2783 4697 3017 4750 invicem
3053 4698 3321 4750 miraculo
3352 4698 3572 4750 attoniti

1987 4790 2305 4845 luesitantes
2337 4788 2641 4858 loquuntur
2672 4805 2685 4841 :
2718 4786 2876 4852 Quod
2910 4788 3013 4841 hoc
3037 4788 3279 4842 terribile
3307 4788 3575 4843 verbum?

279 4880 421 4950 πρὸς
472 4880 683 4945 ἑαυτάς
728 4878 1073 4951 διαποροῦσι,
1124 4880 1221 4933 καὶ
1265 4877 1505 4947 λέγουσι·
1557 4878 1652 4941 Τίς
1679 4872 1833 4942 οὗτος

1987 4882 2081 4953 qui
2112 4880 2310 4935 timor?
2340 4882 2436 4950 qui
2486 4881 2731 4934 tremor?
2758 4880 2849 4950 qui
2891 4880 3131 4936 modus?
3156 4880 3301 4949 quod
3348 4878 3454 4934 hoc
3492 4880 3577 4934 in-

281 4969 530 5039 φοϐερὸς
564 4968 738 5038 λόγος,
781 4970 874 5023 καὶ
918 4968 1103 5037 φόϐος,
1140 4968 1234 5021 καὶ
1270 4968 1492 5039 τρόμος,
1530 4968 1624 5019 καὶ
1655 4968 1887 5039 τρόπος;

1987 4989 2145 5045 gens,
2182 4982 2236 5026 et
2266 4971 2610 5035 admirabile,
2640 4980 2695 5025 et
2742 4987 2960 5028 omnem
2998 4986 3268 5042 superans
3307 4972 3577 5041 cognitio—

280 5059 335 5112 τί
360 5060 542 5114 τοῦτο
567 5063 626 5112 τὸ
661 5060 825 5131 μέγα,
869 5062 964 5113 καὶ
1000 5060 1326 5130 παράδοξον,
1368 5060 1461 5111 καὶ
1505 5059 1861 5131 ἀκατάληπτο

1990 5080 2112 5118 nem
2163 5063 2578 5133 spectaculum?
2616 5061 2721 5129 Qui
2749 5063 2910 5117 nobis
2952 5063 3006 5116 in
3051 5062 3193 5117 caelo
3224 5062 3575 5131 ineorporeis

281 5150 477 5221 θέαμα
499 5170 515 5207 ;
570 5152 624 5204 Ὀ
658 5154 769 5206 ἄνω
791 5155 924 5223 ἡμῖν
945 5156 1058 5217 τοῖς
1078 5153 1391 5223 ἀσωμάτοις
1412 5154 1486 5215 ὡς
1509 5152 1639 5217 Dab;
1664 5171 1731 5222 γυ
1740 5154 1889 5225 μνδς,

283 5242 639 5311 ἀθεώρητος,
659 5245 808 5299 κάτω
836 5246 1047 5317 βροτοῖς
1074 5246 1283 5316 γυμνὸς
1316 5245 1673 5319 εύθεώρητος.

363 5405 379 5435 ¹
404 5402 587 5457 Joan.
620 5421 670 5469 v,
698 5407 753 5463 8.

363 5518 448 5579 (6)
486 5531 589 5583 γρ.
616 5516 689 5585 τῷ
724 5516 922 5586 ἐαυτῷ.
958 5518 1017 5571 F.
1051 5519 1228 5573 ἑαυτό.

362 5586 450 5651 (7)
493 5599 593 5651 γρ.
626 5587 924 5656 ἁπροσίτῳ.

364 5656 515 5726 (8.9)
552 5670 637 5719 γρ.
666 5654 1087 5726 ἐμπλησθέντος,
1116 5666 1168 5713 et
1196 5661 1505 5722 ἑνωθέντος·

360 5724 492 5791 UO)
534 5739 626 5790 γρ.
659 5724 857 5777 πάντα.

1991 5156 2302 5225 spiritibus,
2359 5166 2417 5211 ut
2466 5156 2609 5212 Deus
2671 5156 2874 5222 nudus,
2934 5172 3041 5210 non
3089 5163 3172 5211 est
3216 5155 3469 5222 visibilis,
3522 5156 3577 5209 in

1991 5258 2137 5304 terra
2174 5252 2499 5307 mortalibus
2539 5251 2721 5307 nudus
2760 5260 2848 5307 cst
2876 5256 3127 5320 spcctatu
3166 5247 3366 5305 facilis.

2080 5511 2194 5579 (11)
2251 5512 2473 5581 ’μζωῄ

2080 5580 2194 5635 (12)
2226 5530 2284 5635 in
2326 5585 2462 5635 Ana.

2227 5580 2284 5636 In
2326 5585 2462 5654 Aug.
2491 5582 2797 5654 geminatur
2829 5584 3115 5654 χερουϐίμ.

2010 5651 2193 5773 ἐν(Ιῖίί)
2222 5669 2313 5722 γρ.
2350 5651 2432 5715 ὡς
2463 5651 2577 5717 καί,
2605 5660 2712 5707 etc.
2742 5651 2973 5710 Ac’m'ox
3010 5651 3457 5725 σύγκομίζουσαι,
3491 5664 3590 5724 pro

2039 5739 2340 5787 ςιστανται.
