3948 6196
365 298 465 356 481

1679 276 1890 340 DUBIA
1924 286 2068 343 AUT
2108 278 2362 344 SPURIA

3522 286 3630 354 to?

442 414 544 470 Cui
576 419 763 469 astant
786 408 1069 466 cherubim
1096 422 1223 464 cum
1275 415 1536 470 tremore,
1570 404 1721 461 hunc
1752 399 1954 470 Ioseph

2126 397 2200 472 ςᾯ
2234 402 2597 474 παρίστανται
2645 400 2913 477 χερουϐὶμ
2942 398 3061 478 μετδ
3112 408 3419 478 εὐλαϐείας,
3447 415 3633 472 τοῦτον

362 516 422 564 et
454 503 787 559 Nicodemus
838 500 1109 570 sepeliunt
1160 488 1293 556 sine.
1323 502 1542 556 timore.
1587 496 1820 564 Quando
1853 495 1950 551 de-

369 595 583 653 scendit
605 594 700 663 qui
732 605 930 660 supera
979 606 1089 644 non
1120 589 1406 646 deseruit?
1449 587 1724 662 quomodo
1764 600 1952 658 egres-

366 698 485 748 SUS.
514 686 606 754 qui
640 684 790 736 intus
819 680 938 735 est?
966 681 1246 750 quomodo
1287 682 1440 737 venit
1484 698 1539 735 in
1584 690 1814 741 terram,
1855 676 1949 745 qui

370 776 549 829 omnia
608 771 830 842 implet?
883 782 1161 840 quomodo
1213 775 1402 838 exivit,
1456 782 1686 828 cunctos
1743 768 1954 825 latens?

370 868 475 932 Qui
516 881 682 936 supra
713 882 839 921 cum
869 865 1051 931 Patre,
1088 874 1149 920 ut
1182 868 1344 930 Deus,
1380 868 1499 922 sine
1530 865 1778 927 defectu;
1810 861 1951 916 infra

370 972 494 1010 cum
531 967 726 1019 matre,
763 965 823 1010 ut
855 957 1106 1011 mortalis
1138 971 1290 1023 vere,
1329 958 1539 1026 absque
1575 956 1813 1010 defectu.
1849 952 1953 1018 Qui

372 1064 651 1119 nunquam
692 1050 853 1104 nobis
887 1050 1166 1119 apparuit,
1219 1050 1312 1119 qui
1346 1048 1565 1102 tandem
1615 1047 1950 1110 hominibus,

372 1149 432 1194 ut
466 1142 651 1206 homo,
699 1142 974 1211 simulque
1013 1142 1298 1195 hominum
1338 1141 1568 1195 dilector
1601 1138 1742 1194 Deus
1792 1152 1957 1207 appa-

373 1232 493 1285 ret?
539 1232 657 1297 Quo
706 1240 866 1300 pacto
919 1230 1217 1285 invisibilis
1268 1231 1420 1283 visus
1468 1230 1591 1283 est?
1640 1246 1748 1297 quo
1800 1236 1956 1297 pacto

372 1340 567 1394 expers
609 1326 850 1378 materia.-
880 1339 1101 1378 carnem
1155 1323 1494 1393 assumpsit?
1526 1320 1803 1391 quomodo
1830 1335 1957 1389 pas-

375 1418 549 1472 sionis
592 1430 790 1485 expers
830 1430 1031 1483 passus
1069 1414 1196 1469 est?
1243 1414 1518 1483 quomodo
1557 1413 1720 1482 judex
1773 1426 1956 1465 coram

375 1508 641 1562 tribunali
690 1507 881 1561 stetit?
928 1507 1208 1575 quomodo
1253 1507 1364 1560 vita
1414 1514 1644 1560 mortem
1684 1502 1959 1574 gustavit?

376 1596 652 1668 quomodo
678 1597 770 1665 qui
799 1596 1193 1666 comprehendi
1240 1597 1450 1663 nequit,
1506 1595 1759 1665 sepulcro
1786 1593 1959 1647 couti-

377 1692 581 1745 netur?
628 1690 903 1759 quomodo
930 1690 1139 1743 habitat
1184 1690 1519 1759 sepulcrum,
1553 1688 1645 1759 qui
1676 1699 1957 1757 paternum

378 1782 561 1835 sinum
590 1794 698 1833 non
725 1780 980 1848 reliquit?
1010 1779 1287 1849 quomodo
1315 1779 1543 1848 januatn
1575 1779 1851 1844 Speluncae
1878 1776 1961 1828 in-

375 1871 641 1944 greditur,
694 1871 788 1941 qui
846 1870 1050 1939 januas
1103 1871 1342 1939 paradisi
1408 1871 1657 1940 aperuit;
1720 1866 1965 1937 Virginis

375 1980 505 2020 vero
526 1966 727 2034 januas
758 1980 867 2019 non
898 1965 1128 2034 dirupit,
1160 1964 1254 2019 sed
1285 1964 1485 2033 januas
1519 1961 1717 2016 inferni
1756 1959 1965 2013 contri-

380 2052 494 2116 vit;
538 2062 592 2107 et
616 2051 817 2119 januas
849 2059 1069 2121 propter
1101 2049 1366 2105 Thomam
1421 2065 1529 2103 non
1578 2047 1813 2117 aperuit,
1872 2061 1966 2100 ve-

379 2158 500 2198 rum
546 2142 746 2212 januas
777 2144 931 2214 regni
969 2144 1240 2198 caelorum
1270 2141 1587 2195 hominibus
1614 2139 1849 2209 aperuit,
1879 2137 1967 2206 ja-

379 2237 505 2293 nuis
535 2237 774 2307 sepulcri
807 2244 862 2293 et
888 2238 1083 2307 sigillis
1102 2237 1325 2291 intactis
1349 2235 1619 2291 servatis?
1640 2232 1756 2299 Qua
1783 2239 1965 2285 autem

379 2328 593 2383 ratione
644 2329 795 2389 inter
852 2336 1103 2382 mortuos
1158 2334 1482 2396 reputatur,
1544 2326 1637 2394 qui
1687 2331 1771 2378 est
1824 2325 1968 2377 inter

378 2428 627 2473 mortuos
676 2419 848 2473 liber?
884 2418 1160 2488 quomodo
1196 2418 1289 2471 lux
1326 2433 1433 2471 non
1470 2432 1865 2486 vesperascens
1899 2415 1967 2470 ad

380 2508 500 2562 loca
548 2509 864 2574 tenebrosa,
911 2517 966 2562 et
1001 2508 1253 2562 umbram
1302 2508 1496 2562 mortis
1527 2507 1818 2577 pervenit?
1859 2522 1967 2577 quo

381 2600 599 2655 tendit?
657 2616 766 2670 quo
814 2600 1054 2665 advenit,
1110 2600 1205 2670 qui
1264 2614 1294 2652 a
1331 2608 1508 2654 morte
1556 2600 1805 2669 superari
1857 2614 1965 2653 non

380 2687 594 2756 potuit?
621 2685 754 2754 Qua:
794 2689 909 2743 hzec
955 2688 1135 2742 ratio?
1176 2688 1271 2758 qui
1315 2688 1548 2743 modus?
1593 2688 1740 2759 quod
1777 2689 1964 2743 consi—

381 2780 513 2834 lium
545 2779 694 2835 illius
729 2780 783 2835 in
828 2779 1104 2836 infernum
1147 2779 1493 2837 descensus?
1525 2780 1777 2836 Forsitan
1823 2780 1969 2835 Adae-

382 2884 531 2924 inum
576 2869 995 2926 condemnatum
1077 2879 1133 2925 et
1191 2880 1442 2927 nostrum
1527 2879 1855 2926 conservum
1911 2877 1970 2925 ut

380 2958 641 3018 educeret
666 2962 975 3018 descendit.
1000 2960 1256 3017 Profecto
1274 2960 1513 3033 primum
1544 2972 1823 3031 parentem
1849 2974 1970 3017 tan~

382 3066 548 3122 quam
593 3052 861 3121 perditam
897 3067 1053 3106 ovem
1101 3054 1392 3122 quaesitum
1426 3052 1595 3107 vadit.
1628 3053 1864 3109 Omnino
1912 3056 1964 3109 in

383 3145 627 3201 tenebris
656 3150 713 3197 et
741 3143 797 3197 in
821 3143 1014 3197 umbra
1042 3144 1237 3198 mortis
1271 3144 1524 3199 sedentes
1547 3144 1784 3201 invisere
1810 3146 1957 3213 vult;

382 3234 609 3289 omnino
658 3233 932 3303 captivum
967 3235 1161 3299 Adam,
1216 3250 1433 3305 unaque
1486 3237 1752 3306 captivam
1795 3235 1959 3292 Evam

380 3340 449 3379 ex
480 3322 766 3378 doloribus
810 3324 1048 3379 solutum
1086 3325 1236 3378 vadit
1270 3324 1435 3392 Deus,
1482 3326 1737 3396 illiusque
1769 3325 1961 3383 Filius.

452 3415 657 3471 Verum
688 3398 801 3470 una
833 3415 1258 3481 descendamus,
1294 3433 1402 3472 una
1434 3418 1822 3490 tripudicmus,
1856 3435 1966 3473 una

383 3508 730 3573 festinemus,
771 3524 879 3563 una
904 3509 1285 3575 subsiliamus,
1318 3525 1427 3564 una
1462 3510 1822 3577 deducamus,
1858 3526 1966 3565 una

384 3600 605 3673 hymnis
654 3600 1018 3667 celebremus,
1054 3617 1159 3654 una
1207 3603 1598 3667 acceleremus,
1629 3600 1724 3655 Dei
1762 3601 1967 3656 fwdera

382 3707 509 3746 cum
554 3691 871 3746 hominibus
924 3692 1225 3756 intuentes,
1268 3702 1324 3747 et
1374 3692 1867 3747 condemnatorum
1906 3693 1970 3746 li-

381 3780 725 3839 berationem
757 3799 787 3837 a
819 3784 1058 3853 benigno
1099 3783 1330 3838 Domino
1364 3782 1585 3840 factam.
1616 3783 1781 3838 Vadit
1820 3784 1967 3838 enim

382 3884 581 3931 natura
622 3875 1083 3940 humanissimus,
1120 3884 1180 3929 ut
1207 3875 1406 3931 educat
1438 3891 1556 3943 eos,
1588 3877 1683 3946 qui
1713 3891 1743 3929 a
1767 3876 1971 3931 sreculo

384 3968 551 4022 vineti
597 3976 748 4031 sunt,
800 3969 856 4022 in
918 3966 1259 4032 fortitudine,
1326 3976 1380 4023 et
1422 3977 1692 4039 potestate
1751 3984 1970 4039 magna,

383 4060 757 4116 inhabitantes
812 4063 1104 4132 sepulcra,
1159 4077 1299 4132 quos
1359 4062 1639 4133 absorpsit
1687 4063 1974 4134 tyrannice

385 4166 570 4207 amara
605 4161 661 4206 et
702 4152 1034 4207 insatiabilis
1067 4167 1237 4215 mors,
1265 4167 1387 4222 quae
1434 4152 1778 4223 tyrannidem
1818 4169 1975 4209 exer-

384 4241 520 4305 cuit,
553 4249 607 4296 ct
654 4259 682 4293 a
719 4240 828 4295 Deo
853 4240 1091 4309 prmdam
1124 4240 1267 4294 hanc
1314 4241 1565 4305 abstulit,
1608 4243 1884 4312 simulque
1917 4242 1973 4297 in

380 4348 555 4386 unum
588 4331 887 4400 congessit,
929 4345 1070 4400 quos
1101 4331 1192 4386 ille
1223 4332 1545 4388 coelestibus
1584 4333 1780 4390 incolis
1815 4334 1869 4388 in
1902 4334 1973 4388 li—

382 4421 654 4478 bertatem
704 4430 948 4478 assertos
979 4437 1347 4478 annumerare
1390 4425 1559 4495 cupit.
1595 4422 1711 4480 Illic
1754 4426 1971 4483 vinctus

383 4512 558 4568 Adam
610 4514 821 4584 primus
868 4529 1093 4584 parens,
1135 4522 1189 4570 et
1224 4516 1405 4586 primo
1454 4524 1675 4573 creatus
1711 4518 1969 4575 omnibus

384 4607 588 4661 infimis
649 4606 1030 4663 condemnatis
1088 4606 1337 4663 inferior.
1389 4604 1507 4663 lllie
1570 4608 1703 4665 Abel
1756 4612 1968 4681 primus

384 4707 658 4761 mortuus,
704 4705 759 4754 et
803 4699 1015 4769 primus
1060 4699 1247 4768 justus
1282 4706 1474 4769 pastor
1513 4699 1731 4770 injustze
1759 4703 1967 4760 Christi

384 4788 807 4865 pastorisczedis
834 4789 1026 4861 figura.
1044 4788 1161 4844 Illic
1183 4788 1297 4845 Noe
1319 4789 1524 4846 Christi
1551 4801 1731 4862 typus,
1758 4808 1969 4863 magna:

382 4898 526 4938 arcae
573 4882 667 4937 Dei
703 4882 963 4935 Ecclesiae
1002 4880 1302 4936 fabricator
1334 4901 1347 4935 ε
1384 4898 1507 4951 qua:
1548 4898 1739 4939 omnes
1772 4883 1968 4938 eﬂ‘eras

384 4982 575 5043 gentes
605 4990 673 5029 ex
704 4972 895 5028 diluvii
940 4974 1218 5042 impietate
1266 4990 1362 5044 per
1407 4976 1739 5041 columbam,
1792 4976 1967 5044 Spiri-

387 5071 503 5118 tum
553 5073 828 5129 sanctum,
883 5064 1256 5127 conservavit,
1307 5072 1472 5135 atque
1514 5076 1696 5121 atrum
1737 5082 1965 5121 corvum

384 5169 450 5209 ex
492 5154 595 5209 hac
615 5155 797 5224 ejecit.
844 5152 959 5209 lllic
994 5153 1269 5208 Abraham
1302 5155 1509 5210 Christi
1555 5165 1713 5227 pater
1752 5157 1966 5212 sacrifi-

385 5262 520 5312 cus;
552 5248 647 5317 qui
681 5262 815 5303 ense
846 5247 966 5303 sine
997 5261 1131 5302 ense
1164 5246 1325 5303 letale
1358 5247 1480 5303 sine
1521 5249 1629 5303 leto
1659 5248 1768 5304 Deo
1799 5240 1968 5306 sacri-

388 5336 567 5393 ficium
601 5339 730 5396 felix
775 5340 1000 5395 obtulit.
1052 5336 1169 5394 Illic
1211 5339 1354 5395 infra
1403 5342 1627 5399 vinctus
1658 5340 1832 5409 Isaac,
1871 5343 1965 5414 qui

458 5518 568 5589 (H)
597 5538 686 5589 πρ.
720 5524 917 5575 πάντα.

458 5586 567 5661 (15)
724 5592 783 5643 οὑ
794 5592 975 5661 ρανοῦ.

456 5656 568 5729 illi)
596 5656 684 5725 no.
728 5656 920 5729 φρίκη·

455 5725 691 5799 (1ηγρ.
730 5725 823 5789 οὓς
873 5725 1214 5799 τυραννικῶς
1273 5730 1301 5781 6
1351 5727 1546 5797 πικρὸς
1610 5734 1706 5783 καὶ
1747 5736 1963 5799 ἅνικτος

2063 490 2261 563 Ἰωσὴφ
2283 491 2378 544 καὶ
2408 492 2717 563 Νικόδημος
2758 494 3041 564 κηδεύουσι
3089 499 3209 566 μετ’
3255 499 3459 562 ἀδείας.
3500 502 3635 557 Πότε

2052 582 2323 652 κατῆλθεν
2368 584 2397 635 6
2425 582 2493 635 τά
2548 582 2661 636 ἄνω
2696 582 2773 654 μὴ
2820 583 3027 650 λιπών;
3080 586 3199 650 πῶς
3224 586 3448 658 ἐξῆλθεν
3472 591 3501 643 6
3535 591 3645 646 ἔσω

2053 673 2163 740 ὥν;
2208 673 2326 737 πῶς
2364 670 2527 745 ἦλθεν
2566 674 2662 727 ἐπὶ
2700 676 2805 746 γῆς
2833 678 2861 729 6
2891 676 2959 730 τὰ
2998 677 3177 732 πάντα
3228 679 3491 751 πληρῶν;
3525 682 3641 747 πῶς

2054 763 2205 828 ἐξέδυ
2242 766 2270 816 6
2297 765 2503 827 πάντας
2560 764 2670 836 (Η)
2726 763 2932 831 λαθών;
2981 766 3039 819 Ὀ
3077 768 3190 822 ἄνω
3242 768 3381 838 μετά
3427 766 3641 842 Πατρδς

2055 856 2132 919 ὠς
2161 854 2294 918 Θεὸς
2321 856 2666 926 ἀνελλειπὴς,
2694 856 2844 909 κάτω
2878 857 3015 927 μετὰ
3042 858 3143 927 τῆς
3172 861 3379 930 μητρὸς
3409 860 3487 924 ὡς
3511 862 3637 932 βρο-

2054 942 2145 1011 τὸς
2182 946 2447 1019 [ἀληθῶς]
2488 948 2835 1011 ἀνελλειπῶς.
2879 950 2936 1002 ’0
2966 950 3026 1002 οὐ
3060 948 3278 1003 πώποτε
3308 952 3439 1021 ἡμῖν
3471 954 3641 1020 ἐκφαι-

2056 1044 2186 1107 νεὶς,
2232 1042 2351 1105 πῶς
2395 1041 2700 1114 ἀνθρώποις
2747 1042 2824 1106 ὡς
2873 1041 3160 1115 ἄνθρωπος
3203 1044 3339 1114 ὁμοῦ
3387 1046 3483 1098 καὶ
3521 1048 3645 1115 φιλ-

2058 1134 2343 1204 ἅνθρωπος
2372 1134 2503 1198 Θεὸς
2538 1136 2920 1204 ὲπιςραίνεται;
2954 1135 3071 1198 πῶς
3104 1137 3132 1187 6
3165 1135 3395 1205 ἀόρατος
3414 1136 3635 1207 ὡράθη;

2059 1226 2174 1288 πῶς
2202 1228 2230 1279 6
2251 1227 2411 1288 άῦλος
2456 1226 2776 1297 ἐσαρκώθη;
2808 1227 2925 1289 πῶς
2964 1229 2991 1279 6
3037 1227 3253 1298 ἀπαθὴς
3280 1227 3487 1293 ἐπαθε;
3524 1228 3647 1292 πῶς

2058 1319 2087 1370 6
2113 1317 2306 1387 κριτὴς
2334 1318 2413 1379 εἰς
2436 1317 2717 1388 κριτήριον
2751 1318 2995 1387 παρέστη
3019 1334 3032 1382 ;
3058 1318 3171 1381 πῶς
3204 1320 3235 1389 ὴ
3270 1318 3383 1389 ζωὴ
3406 1320 3643 1373 θανάτου

2061 1408 2361 1478 ἐγεύσατο;
2398 1408 2515 1473 πῶς
2555 1411 2582 1462 ὁ
2618 1408 2901 1480 ἀχώρητος
2930 1412 2986 1463 ἐν
3017 1411 3171 1481 τάφῳ
3204 1414 3496 1482 χωρεῖται;
3528 1413 3647 1476 πῶς

2062 1504 2203 1555 οἰκεῖ
2228 1504 2286 1555 τὸ
2318 1503 2510 1573 μνῆμα
2538 1506 2564 1556 6
2594 1503 2668 1574 μὴ
2701 1503 2873 1556 λιπὼν
2897 1503 2987 1556 τὸν
3017 1504 3213 1557 κόλπον
3235 1503 3324 1557 τὸν
3355 1505 3641 1576 πατρικόνς

2064 1593 2183 1657 πῶς
2209 1594 2475 1664 σπηλαίου
2512 1594 2687 1665 πύλην
2728 1582 3032 1665 εἰσέρχεται
3067 1596 3095 1646 6
3128 1588 3302 1659 πύλας
3340 1594 3434 1648 τοῦ
3472 1614 3649 1666 παραί-

2064 1686 2241 1739 δείσου
2272 1687 2382 1755 (15)
2412 1686 2653 1753 ἀνοίξας,
2700 1687 2797 1751 τὰς
2835 1688 2889 1739 δὲ
2920 1686 3094 1751 πύλας
3131 1688 3231 1758 τῆς
3257 1688 3539 1759 Παρθένου
3572 1690 3650 1759 μὴ

2067 1779 2389 1851 διαρρήξας,
2426 1779 2564 1832 ἀλλὰ
2592 1779 2767 1843 πύλας
2794 1779 2887 1832 τοῦ
2920 1779 3047 1850 ᾅδου
3074 1778 3400 1850 συντρίψας
3428 1779 3656 1843 ὁπύλας

2069 1874 2161 1926 ἐπὶ
2214 1872 2385 1944 Θωμᾷ
2426 1873 2501 1943 μὴ
2546 1871 2799 1937 ἀνοίξας,
2843 1872 2981 1925 ἀλλά
3025 1871 3197 1933 πύλας
3229 1870 3329 1940 τῆς
3374 1870 3655 1940 βασιλείας

2068 1964 2376 2036 ἀνθρώποις
2432 1964 2721 2028 διανοίξας,
2760 1963 2859 2027 τὰς
2903 1964 2959 2016 δὲ
3000 1963 3174 2027 πύλας
3201 1962 3294 2015 τοῦ
3339 1961 3514 2031 τάφου
3557 1963 3655 2015 καὶ

2068 2056 2368 2129 σφραγῖδας
2395 2055 2765 2118 ἀδιανοίκτους
2803 2055 3024 2121 σώζωνς
3067 2055 3189 2117 Πῶς
3234 2055 3291 2106 δὲ
3332 2056 3389 2107 ἐν
3438 2057 3658 2125 νεκροῖς

2068 2149 2342 2220 λογίζεται
2399 2153 2427 2204 6
2487 2151 2544 2202 ἐν
2590 2150 2803 2221 νεκροῖς
2847 2149 3160 2220 ἐλεύθερος;
3200 2147 3315 2212 πῶς
3346 2148 3406 2201 τὸ
3442 2148 3558 2217 φῶς
3591 2147 3659 2201 τδ

2071 2243 2372 2315 άνέσπερον
2405 2244 2462 2295 ἐν
2493 2244 2786 2306 σκοτεινοῖς
2817 2244 2911 2295 καὶ
2942 2243 3070 2313 σκιᾷ
3091 2241 3319 2295 Θανάτου
3352 2240 3655 2312 παραγίνει

2070 2354 2194 2403 ται;
2225 2335 2329 2389 ποῦ
2369 2335 2695 2407 πορεύεται;
2717 2334 2817 2389 ποῦ
2851 2335 3208 2406 παραγίνεται
3238 2336 3267 2387 6
3286 2332 3391 2386 ὑπὸ
3421 2333 3657 2386 θανάτου

2068 2428 2406 2499 κρατηθῆναι
2431 2428 2506 2500 μὴ
2523 2427 2818 2498 δυνάμενος
2838 2444 2853 2493 ;
2883 2428 2979 2492 Τίς
3003 2427 3238 2496 ὁλόγος;
3269 2427 3355 2490 τίς
3378 2427 3407 2479 6
3430 2425 3657 2495 τρόπος;

2068 2521 2152 2584 τίς
2183 2522 2215 2591 ἡ
2243 2520 2405 2591 βουλὴ
2459 2519 2570 2591 (16)
2602 2520 2701 2590 τῆς
2736 2519 2796 2572 ἐν
2834 2518 2912 2590 τῷ
2943 2519 3048 2592 ᾄδῃ
3067 2520 3231 2573 αὐτοῦ
3263 2520 3659 2585 καταῆάσεωςς

2068 2612 2223 2683 Τάχα
2246 2612 2337 2666 τὸν
2374 2611 2546 2683 Ἀδὰμ
2572 2611 2665 2665 τὸν
2713 2611 3003 2665 κατάδικον
3034 2612 3128 2665 καὶ
3172 2611 3329 2683 ἡμῶν
3371 2610 3664 2664 σύνδουλον

2068 2704 2358 2772 ἀνενέγκαι
2390 2704 2739 2774 κατέρχεται.
2762 2704 2971 2766 Ὄντως
3000 2702 3092 2755 τὸν
3115 2702 3536 2774 πρωτόπλαστον
3575 2702 3664 2766 ὡς

2071 2795 2351 2860 ἀπολωλὸς
2384 2795 2657 2867 πρόϐατον
2707 2794 3039 2867 ἐπιζητῆσαι
3079 2793 3391 2865 πορεύεται.
3428 2793 3665 2858 Πάντως

2071 2887 2167 2941 καὶ
2212 2888 2340 2951 τοὺς
2383 2889 2441 2941 ἐν
2487 2887 2667 2941 σκότει
2711 2888 2806 2940 καὶ
2860 2887 2989 2957 σκιᾷ
3033 2884 3263 2940 Θανάτου
3311 2884 3667 2957 καθημένους

2073 2980 2320 3050 βούλεται
2390 2980 2821 3050 ἐπισκέψασθαι·
2890 2980 3108 3042 πάντως
3171 2978 3261 3031 τὸν
3310 2977 3669 3048 αἰχμάλωτον

2085 3074 2277 3145 Ἀδὰμ,
2319 3073 2416 3127 καὶ
2472 3074 2572 3144 τὴν
2616 3072 3059 3143 συναιχμάλωτον
3105 3070 3250 3125 Εὔαν
3294 3070 3403 3123 τῶν
3453 3068 3667 3123 ὀδυνῶν

2068 3165 2229 3218 λύσαι
2255 3164 2549 3238 πορεύεται
2604 3166 2629 3217 6
2686 3163 2840 3227 Θεὸς,
2884 3164 2980 3217 κοιλ⁸
3030 3162 3144 3227 υἱὸς
3182 3158 3353 3232 αὐτῆς
3389 3160 3533 3235 [ὅθεν
3562 3157 3669 3215 καὶ

2067 3258 2178 3321 υίὸς
2209 3256 2371 3312 αὐτοῦ
2396 3256 2809 3329 άναδὲδεικται].

2152 3413 2312 3468 Ἀλλὰ
2348 3413 2825 3487 συγκατέλθωμεν.
2856 3414 2991 3469 ἀλλά
3024 3414 3497 3486 συγχορεύσωμεν,
3520 3413 3671 3469 ἀλλὰ

2071 3504 2418 3576 σπεύσωμεν,
2451 3506 2588 3560 ἀλλὰ
2634 3508 3108 3578 συσκιρτήσωμεν,
3148 3506 3284 3559 ἀλλά
3318 3506 3673 3578 προπέμψωο

2074 3612 2194 3665 μεν,
2213 3596 2349 3649 άλλά
2365 3597 2789 3667 ἀνυμνήσωμεν,
2804 3597 2940 3650 ἀλλά
2959 3595 3299 3668 ταχύνωμεν,
3319 3595 3452 3648 Θεοῦ
3467 3595 3672 3648 καταλ-

2070 3688 2242 3754 λαγάς
2268 3688 2403 3759 πρὸς
2449 3687 2771 3760 ἀνθρώπους
2823 3688 3143 3759 βλέποντες,
3176 3688 3479 3742 καταδίκων
3522 3688 3673 3741 ἀπὸἀ

2070 3780 2225 3833 λυσιν
2256 3777 2315 3845 ἐξ
2349 3778 2554 3847 ἀγαθοῦ
2582 3779 2851 3833 Δεοπότου
2883 3779 3195 3851 γινομένην.
3228 3778 3523 3850 Πορεύεται
3548 3778 3672 3850 γὰρ

2072 3874 2101 3925 6
2116 3872 2275 3941 φύσει
2299 3872 2680 3944 φιλάνθρωπος
2700 3872 2887 3939 ἐξάξαι
2911 3873 3037 3935 τοὺς
3062 3873 3157 3925 ἀπ’
3179 3870 3376 3935 αἰῶνος
3400 3871 3670 3941 δεσμίους

2075 3964 2133 4016 ἐν
2167 3964 2387 4036 ἀνδρείᾳ
2418 3965 2509 4017 καὶ
2549 3964 2769 4036 ἐξουσίᾳ
2800 3964 2991 4035 πολλῇ,
3024 3965 3151 4028 τοὺς
3178 3962 3564 4026 κατοικοῦντας
3599 3964 3671 4015 ὲν

2073 4054 2285 4124 τάφοις,
2318 4054 2413 4117 οὓς
2441 4054 2700 4109 κατέπιεν
2737 4055 3073 4126 τυραννικῶς
3098 4057 3127 4108 6
3165 4054 3361 4125 πικρὸς
3385 4054 3479 4107 καὶ
3523 4055 3673 4109 ἀκό-

2078 4156 2267 4216 ρεστος
2302 4145 2530 4210 θάνατος
2581 4148 2942 4219 τυραννήσας,
2975 4146 3069 4200 καὶ
3099 4148 3163 4199 ἐκ
3208 4145 3342 4199 Θεοῦ
3378 4144 3668 4217 ἀποσυλήδ

2078 4254 2178 4301 σας
2207 4238 2318 4309 (17)
2341 4239 2476 4310 ὁμοῦ
2507 4256 2566 4292 τε
2594 4236 2689 4293 καὶ
2721 4236 3021 4309 σωρεύσας,
3040 4242 3153 4303 τοῖς
3178 4240 3290 4295 ἄνω
3314 4238 3672 4293 κατοικοῦσιν

2077 4328 2451 4401 ἐλευθερώσας
2496 4332 2915 4404 συναριθμῆσαι.
2961 4333 3109 4385 Ἐκεῖ
3146 4332 3365 4403 δέσμιος
3420 4330 3588 4401 ’Δδὰμ
3638 4335 3673 4386 6

1998 4452 2043 4515 α
2079 4420 2523 4493 πρωτόπλαστος,
2576 4426 2671 4478 καὶ
2726 4424 3169 4496 πρωτογέννητος
3217 4425 3434 4478 πάντων
3474 4440 3671 4476 κατω-

2075 4521 2252 4575 τάτων
2291 4519 2600 4574 καταδίκων
2656 4514 2982 4591 κατώτερος.
3020 4520 3166 4571 Ἐκεῖ
3195 4516 3359 4571 Ἀϐελ
3385 4518 3411 4570 6
3449 4516 3672 4587 πρωτό-

2077 4613 2287 4684 θνητος,
2315 4614 2409 4665 καὶ
2460 4610 2853 4681 πρωτοδίκαιος
2893 4611 3096 4682 ποιμὴν
3128 4609 3367 4683 Χριστοῦ
3402 4608 3671 4680 ποιμένος

2074 4701 2244 4764 τύπος
2263 4703 2360 4771 τῆς
2382 4701 2565 4754 ἀδίκου
2585 4704 2821 4774 σφαγῆς-
2851 4701 2998 4757 Ἐκεῖ
3010 4704 3133 4757 Νῶε
3154 4707 3181 4757 6
3198 4703 3436 4777 Χριστοῦ
3463 4703 3669 4769 τύπος,

2074 4795 2172 4865 τῆς
2224 4793 2467 4865 μεγάλης
2499 4793 2733 4848 κιϐωτοῦ
2766 4796 2901 4850 Θεοῦ
2939 4796 3261 4867 Ἑκκλησίας
3288 4796 3530 4866 κτιστὴς,
3560 4796 3673 4868 τῆς

2074 4886 2142 4939 τὰ
2188 4884 2426 4959 θηριώδη
2480 4886 2606 4958 ἔθνη
2665 4888 2844 4942 πάντα
2886 4890 2951 4943 ὲκ
2976 4889 3362 4961 κατακλυσμοῦ
3406 4888 3673 4953 ἀσεϐείας

2073 4976 2160 5029 διὰ
2186 4980 2534 5051 περιστερᾶς,
2589 4979 2744 5050 ἁγίου
2783 4979 3121 5052 Πνεύματος,
3161 4981 3528 5053 διασωσάσης,
3566 4976 3674 5035 καὶ

2073 5067 2165 5123 τὸν
2186 5069 2415 5140 ζοφερὸν
2432 5067 2645 5140 κόρακα
2664 5073 2775 5143 (18)
2808 5074 2874 5127 ἐκ
2903 5068 3105 5145 ταύτης
3127 5075 3475 5145 ἐξορισάσης.
3514 5072 3676 5127 Ἐκεῖ

2084 5161 2337 5233 Ἀϐραὰμ
2384 5164 2412 5215 6
2475 5163 2874 5237 Χριστοπάτωρ
2930 5165 3119 5235 θύτης,
3153 5167 3182 5219 6
3229 5166 3327 5236 τὴν
3377 5164 3677 5233 ξιφάξιιρον

2072 5251 2230 5322 ὁμοῦ.
2264 5252 2359 5305 καὶ
2399 5252 2763 5324 θνητάθνητον
2792 5255 2911 5326 Θεῷ
2936 5254 3103 5320 θύσας
3134 5256 3324 5309 θυσίαν
3348 5247 3674 5309 πανόλϐιον.

2086 5342 2233 5397 Ἐκεῖ
2264 5343 2413 5399 κάτω
2451 5344 2669 5416 δέσμιος
2712 5348 2897 5402 Ἰσαὰκ
2930 5349 2958 5401 6
2983 5348 3151 5401 πάλαι
3179 5348 3397 5418 δέσμιος
3431 5346 3673 5417 Χριστό-ι-

2069 5513 2332 5635 ξύραννος
2365 5520 2727 5589 τυραννήσας,
2777 5521 2842 5574 ἐκ
2873 5520 3009 5574 Θεοῦ
3041 5520 3117 5587 ὡς
3156 5519 3413 5591 ἀλάστωρ
3447 5521 3667 5575 ἀττεσύ-

2091 5602 2251 5635 μησεν.

2091 5602 2251 5657 ιησεν.

2144 5658 2252 5725 (l8)
2286 5675 2377 5729 γρ.
2406 5659 2649 5716 διάϐολον
2682 5660 2914 5734 κόρακα.
2998 5650 3007 5663 κ
