3948 6196
310 253 388 309 153

1347 250 1632 309 HOMILIA
1670 249 1819 309 ILlN
1862 249 2175 308 SABBATO
2219 250 2478 309 MAGNO.

3418 248 3527 313 ὅδε

305 385 442 432 τύπος
460 365 556 420 ὑπὸ
589 366 840 440 Ἀϐραὰμ
884 366 1174 439 γενόμενος
1208 369 1341 425 ἄνω.
1378 371 1525 425 Ἑκεί
1562 370 1757 425 Ἰακὼό
1781 373 1839 425 ὲν

1963 370 2072 425 ιιίιιι
2102 371 2171 426 ab
2210 370 2480 426 Abraham
2509 385 2676 442 supra
2699 369 2923 427 vinctus
2953 377 3072 427 erat
3106 370 3176 427 ad
3199 370 3404 428 Christi
3438 387 3526 429 re-

304 460 388 533 ᾲδῃ
431 457 719 523 κατώδυνος
768 460 919 514 κάτω
965 460 1099 532 πρὶν
1148 461 1237 514 διὰ
1293 462 1492 533 Ἰωσὴφ
1539 463 1848 529 κατώδυνος

301 555 407 609 ἄνω.
442 554 574 607 Ἐκεῖ
605 551 803 624 Ἰωσὴφ
840 553 868 606 6
894 552 1114 624 δέσμιος
1132 592 1148 617 ,
1178 555 1207 607 6
1235 555 1291 607 ὲν
1319 554 1579 627 Αἰγύπτῳ
1607 554 1848 625 γεγονὼς

298 648 349 700 ὲν
370 646 437 716 τῷ
460 645 804 717 δεσμωτηρίῳ
841 647 920 711 εἰς
954 646 1193 716 Χριστοῦ
1228 645 1398 700 τύπον
1435 648 1723 719 δεσμώτης
1753 648 1848 701 καὶ

301 735 543 807 δεσπότης.
590 737 737 790 Ἐκεῖ
766 735 1008 808 Μωῦσῆς
1034 739 1091 790 ὲν
1114 740 1410 802 σκοτεινοῖς
1437 739 1609 803 κάτω,
1649 740 1678 791 6
1716 738 1845 791 ποτὲ

301 830 348 879 ὲν
371 830 425 897 τῇ
448 827 577 898 θήκῃ
610 829 669 879 ὲν
716 830 1011 890 σκοτεινοῖς
1048 828 1182 883 ἄνω.
1237 830 1384 882 Ἐκεῖ
1426 830 1626 901 Δανιὴλ
1660 831 1718 885 ὲν
1744 830 1847 903 ᾄδῃ

300 918 363 986 τῷ
383 918 564 990 λάκκῳ,
608 920 637 971 6
676 920 735 972 ἐν
773 919 852 991 τῷ
893 920 1083 991 λάκκῳ
1125 920 1259 974 ποτὲ
1300 922 1407 975 τῶν
1448 922 1680 976 λεόντων
1711 924 1843 978 ἄνω.

309 1013 430 1064 Ἐκεῖ
462 1010 722 1082 Ἱερεμίας
742 1012 817 1075 ὡς
847 1012 905 1065 ἐν
932 1011 1121 1083 λάκκῳ
1150 1011 1435 1085 βορϐόρου,
1459 1015 1518 1067 ὲν
1550 1014 1629 1084 τῷ
1657 1014 1847 1085 λάκκῳ

297 1102 372 1154 τοῦ
409 1101 521 1173 ᾅδου
557 1102 653 1155 καὶ
692 1103 788 1173 τῆς
824 1103 1031 1174 φθορᾶς
1078 1104 1172 1157 τοῦ
1219 1104 1472 1160 θανάτου.
1520 1107 1665 1159 Ἐκεῖ
1685 1108 1742 1159 ὲν
1770 1105 1847 1177 τῷ

295 1192 573 1263 κοσμώόχῳ
627 1194 782 1264 κήτει
833 1193 941 1247 τοῦ.
967 1195 1090 1265 ᾅδου
1134 1198 1313 1249 κεῖται
1349 1197 1430 1261 εἰς
1458 1196 1629 1250 τύπον
1663 1199 1848 1262 Ἰωνᾶς

294 1283 499 1352 Χριστοῦ
527 1284 622 1337 τοῦ
656 1284 871 1338 αἰωνίου
907 1287 1001 1340 καὶ
1036 1287 1366 1358 προαιωνίου
1401 1289 1556 1342 Ἰωνᾶ
1578 1287 1674 1342 τοῦ
1713 1288 1848 1352 ζῶν-

291 1390 370 1437 τος
399 1376 468 1438 εἰς
497 1375 685 1439 αἰῶνα,
723 1378 815 1430 καὶ
840 1379 920 1441 εἰς
956 1380 1083 1443 τοὺς
1116 1380 1320 1442 αἰῶνας
1348 1380 1456 1435 τῶν
1487 1380 1700 1435 αἰώνων
1731 1381 1848 1453 [καὶ

292 1466 369 1517 ἐπ’
388 1466 593 1539 αἰῶνα].
620 1469 728 1523 Καὶ
751 1469 831 1522 ἔτι
874 1472 986 1523 ἐκεῖ
1011 1471 1175 1525 Δαὸὶδ
1199 1473 1228 1525 6
1256 1472 1575 1545 Θεοπάτωρ,
1605 1473 1665 1538 ἐξ
1696 1467 1758 1527 οῦ
1788 1473 1849 1527 τὸ

293 1557 418 1611 κατὰ
451 1557 622 1628 σάρκα
647 1558 902 1630 Χριστός.
936 1561 1116 1614 Καὶτί
1146 1561 1290 1630 λέγω
1309 1561 1473 1616 Δαὸἰδ
1520 1563 1614 1616 xui.
1660 1564 1847 1617 Ἰωνᾶν

290 1647 373 1701 καὶ
415 1649 756 1720 Σολομῶντα;
811 1653 956 1706 Ἐκεῖ
983 1654 1077 1707 καὶ
1106 1653 1269 1718 αὐτὸς
1299 1656 1329 1708 6
1364 1653 1532 1718 πολὺς
1571 1654 1846 1725 Ἰωάννης,

1952 462 2234 518 ferendam
2282 463 2599 534 imaginem.
2647 463 2764 518 Illic
2807 463 2947 518 infra
2981 462 3155 519 Jacob
3204 464 3262 519 in
3311 462 3529 519 inferno

1950 568 2186 609 mmrore
2225 554 2535 621 confectus,
2574 555 2670 625 qui
2719 570 2888 626 supra
2921 563 3145 625 propter
3172 554 3375 627 Josepb
3411 553 3531 611 fue-

1952 657 2038 702 rat
2060 660 2317 705 ‘mterorc
2348 648 2657 705 confectus.
2689 651 2806 705 Illic
2835 648 3037 721 Joseph
3070 651 3311 719 vinctus,
3346 652 3439 720 qui
3473 651 3528 704 in

1952 743 2187 814 Aﬂgypto
2215 743 2318 797 fuit
2345 743 2399 797 in
2425 758 2646 798 carcere
2672 744 2737 796 ad
2765 744 2971 799 Christi
2998 744 3225 811 tiguram
3274 743 3529 813 captivus

1947 844 2004 889 et
2047 836 2326 889 dominus.
2376 835 2489 889 Illic
2524 834 2705 890 Moses
2757 835 2897 889 infra
2934 837 2987 889 in
3028 836 3163 890 locis
3198 837 3533 906 tenebrosis,

1950 925 2045 996 qui
2089 940 2255 996 supra
2310 926 2587 995 quondam
2644 926 2696 979 in
2735 926 2919 978 arcula
2970 926 3025 979 in
3072 922 3192 980 loco
3237 925 3530 981 tenebroso

1952 1017 2153 1073 fuerat.
2191 1017 2308 1071 lllic
2340 1017 2529 1072 Daniel
2558 1018 2609 1070 in
2639 1017 2762 1071 lacu
2793 1016 3017 1081 inferni,
3044 1018 3137 1086 qui
3159 1031 3327 1086 supra
3349 1031 3531 1086 quon-

1952 1112 2075 1166 dam
2109 1112 2163 1164 in
2191 1111 2310 1164 lacu
2343 1111 2561 1166 leonum
2596 1119 2850 1164 versatus
2913 1120 3049 1163 erat.
3094 1108 3207 1162 lllic
3261 1108 3529 1163 Jeremias

1952 1211 2211 1273 tanquam
2237 1203 2290 1256 in
2322 1203 2443 1256 lacu
2478 1202 2645 1267 coeni,
2680 1202 2734 1254 in
2764 1202 2885 1254 lacu
2918 1199 3119 1255 inferni
3143 1206 3197 1255 et
3218 1200 3531 1269 corruptiod

1952 1294 2039 1350 nis
2084 1294 2301 1348 mortis.
2340 1293 2452 1347 lllic
2474 1291 2643 1348 Jonas
2684 1294 2739 1347 in
2780 1292 2967 1345 mundi
3002 1306 3204 1360 capace
3248 1299 3388 1354 ceto,
3426 1292 3532 1347 hoc

1951 1394 2039 1440 est
2073 1383 2290 1439 inferno
2322 1383 2506 1453 jacet;
2536 1383 2591 1436 in
2635 1382 2862 1453 ﬁguram
2892 1380 3098 1436 Christi
3134 1381 3328 1435 arterni
3356 1380 3530 1444 Jona‘,

1952 1475 2045 1545 qui
2077 1474 2209 1528 vivit
2253 1474 2306 1527 in
2364 1473 2650 1534 saeculum,
2699 1479 2752 1526 et
2779 1471 2835 1525 in
2865 1470 3066 1525 smcula
3098 1470 3423 1524 saeculorum
3460 1468 3535 1539 (et

1954 1581 2174 1621 rursum
2219 1566 2272 1619 in
2303 1562 2611 1635 saeculum).
2668 1562 2783 1617 Illic
2814 1569 3076 1632 praetcrea
3112 1559 3280 1614 David
3320 1558 3416 1614 Dei
3446 1573 3537 1629 paa

1956 1675 2110 1724 rens,
2145 1675 2210 1714 ex
2242 1673 2352 1729 quo
2378 1657 2680 1712 secundum
2714 1669 2937 1710 carnem
2965 1652 3236 1708 oriundus
3257 1650 3535 1707 Christus.

288 1742 315 1794 6
337 1742 517 1811 μείζων
540 1742 760 1798 πάντων
789 1744 895 1799 τῶν
946 1745 1265 1817 προφητῶν,
1300 1746 1375 1810 ὼς
1411 1748 1468 1799 ὲν
1501 1748 1569 1818 τῇ
1599 1748 1849 1817 σκοτεινῇ

1963 1751 2066 1808 Sed
2101 1751 2235 1822 quid
2260 1751 2386 1805 dico
2416 1749 2701 1813 Davidem,
2733 1756 2786 1804 et
2807 1746 3023 1810 Jonam,
3060 1753 3113 1801 et
3148 1742 3539 1799 Salomonem?

294 1836 450 1905 μήτρᾳ
490 1835 728 1905 Χριστὸν
770 1836 1161 1908 προκηρύττων
1204 1839 1319 1902 τοῖς
1354 1840 1411 1892 ὲν
1462 1838 1563 1910 ᾄδῃ
1600 1839 1804 1893 ἅπασιν
1836 1856 1851 1869 ·

288 1921 490 1983 ὀδιττὸς
515 1924 844 1996 πρόδρομος,
874 1926 970 1980 καὶ
999 1926 1173 1998 κῆρυξ
1214 1926 1431 1991 ζώντων
1463 1929 1557 1981 καὶ
1590 1928 1800 2000 νεκρῶν
1833 1945 1849 1960 ·

286 2010 388 2063 ὁὲκ
416 2012 659 2083 φυλακῆς
701 2013 940 2086 Ἡρώδου
979 2018 1045 2087 τῇ
1098 2017 1367 2089 πανδήμῳ
1410 2018 1625 2089 φυλακῇ
1669 2034 1851 2090 παρα-

290 2104 531 2174 πεμφθεὶς
557 2104 659 2158 τοῦ
686 2105 810 2176 ᾅδου
843 2105 1011 2179 [ὅθεν]
1048 2108 1156 2160 τῶν
1182 2109 1275 2161 ἀπ’
1299 2109 1495 2173 αἰῶνος
1534 2110 1761 2164 δικαίων
1792 2127 1852 2162 τε

289 2194 367 2247 καὶ
387 2196 580 2249 ἀδίκων
605 2198 1041 2268 κεκοιμημένων.
1061 2201 1124 2253 υἰ
1147 2200 1203 2253 δὲ
1229 2200 1344 2271 (19)
1373 2200 1653 2273 προφῆται
1674 2219 1733 2254 τε
1759 2201 1854 2255 καὶ

286 2285 460 2340 δίκαιοι
490 2289 734 2352 ἅπαντες
770 2290 922 2354 λιτάς
960 2291 1231 2362 ἀλήκτους
1269 2291 1695 2364 κρυφιομύστως
1732 2290 1853 2362 Θεῷ

290 2377 469 2431 ἐκεῖθεν
504 2380 871 2451 προσέφερον,
913 2380 1185 2454 λύτρωσιν
1213 2383 1552 2450 ἐξαιτοῦντες
1582 2384 1684 2453 τῆς
1717 2400 1853 2438 παν-

289 2470 466 2526 ωδύνου
496 2472 720 2544 ἐκείνης
752 2474 847 2527 καὶ
878 2474 1155 2545 κατηφοῦς
1182 2475 1553 2547 ὲχθροκράτου
1592 2475 1852 2547 ζοφερᾶς,

288 2562 368 2615 καὶ
416 2564 763 2635 παπσπέρου
793 2566 1109 2632 παννυξίας.
1149 2569 1261 2621 Καὶ
1316 2569 1346 2621 6
1395 2568 1493 2638 μὲν
1546 2562 1685 2638 πρὸς
1721 2566 1854 2620 Θεὸν

290 2654 453 2722 ὓεγε·
516 2656 630 2709 Ἐκ
664 2657 896 2723 κοιλίας
946 2658 1095 2725 ᾅδου
1117 2656 1386 2729 κραυγῆς
1402 2676 1523 2728 μου
1560 2658 1853 2733 ᾅκουσον,

288 2744 469 2815 φωνῆς
519 2764 651 2817 μου
676 2765 691 2779 ο
736 2750 765 2802 6
794 2749 841 2802 δ’
882 2748 1041 2813 ἄλλος
1066 2766 1080 2781 ’
1120 2749 1225 2805 Ἐκ
1265 2749 1509 2815 βαθέων
1558 2747 1857 2817 ἐκέκραξά

289 2849 390 2902 σοι,
413 2839 593 2909 Κύριε
616 2855 631 2872 ν
682 2841 881 2909 Κύριε,
927 2839 1301 2897 εἰσάκουσον
1335 2841 1447 2909 τῆς
1464 2840 1676 2910 φωνῆς
1697 2858 1817 2909 μου
1836 2856 1851 2871 ο

288 2928 369 2980 καὶ
394 2930 545 2994 ἄλλος
566 2948 584 2963 ο
625 2932 957 3001 Ἐπίφανον
982 2933 1050 2988 τὸ
1084 2933 1412 3002 πρόσωπόν
1433 2948 1575 2998 σου,
1610 2930 1710 2985 καὶ
1736 2946 1856 2985 σωσ-

288 3021 569 3091 θησόμεθα
589 3041 607 3055 ο
627 3026 720 3079 καὶ
741 3025 927 3098 ἔτερος
948 3042 964 3058 ·
1007 3026 1069 3080 '0
1093 3026 1429 3095 καθήμενος
1458 3023 1557 3079 ἐπὶ
1596 3023 1716 3078 τῶν
1758 3040 1849 3094 χε-

1956 1843 2072 1899 lllic
2101 1856 2152 1900 et
2185 1859 2417 1915 magnus
2448 1845 2567 1913 ipse
2594 1841 2858 1906 Joannes,
2889 1840 3066 1907 major
3108 1838 3369 1892 omnibus
3408 1851 3536 1907 pro-

1955 1934 2156 2003 phetis,
2193 1940 2454 2000 tanquam
2489 1932 2545 1985 in
2583 1931 2877 1984 tenebroso
2909 1936 3067 1982 utero
3090 1927 3367 1983 Christum
3397 1940 3537 1995 pra:-

1955 2025 2149 2080 dicans
2192 2024 2259 2078 iis
2298 2023 2391 2093 qui
2431 2024 2485 2076 in
2526 2021 2742 2076 inferno
2795 2028 2954 2075 erant
2993 2019 3287 2084 omnibus;
3334 2017 3534 2087 duplex

1954 2130 2285 2187 pratcursor,
2325 2123 2371 2169 et
2422 2129 2601 2184 prmco
2650 2114 2900 2167 vivorum
2939 2119 2989 2167 et
3029 2121 3411 2166 mortuorum:
3440 2110 3535 2180 qui

1954 2222 2023 2263 ex
2055 2221 2279 2262 carcere
2311 2204 2548 2261 Herodis
2572 2206 2625 2259 in
2657 2205 2935 2274 publicum
2966 2202 3153 2272 populi
3185 2201 3387 2257 inferni
3419 2214 3540 2255 car-

1954 2312 2135 2353 cerem
2171 2296 2537 2352 transmissus
2588 2302 2694 2351 est.
2738 2294 2808 2347 At
2855 2294 2992 2363 justi
3047 2293 3385 2361 injustique,
3442 2290 3539 2362 qui

1954 2393 2112 2441 erant
2153 2400 2183 2438 a
2224 2386 2425 2440 swculo
2464 2383 2756 2453 conSOpiti,
2802 2383 3103 2452 przesertim
3162 2382 3439 2452 prophetae
3487 2391 3540 2437 et

1949 2474 2086 2545 justi
2137 2473 2321 2528 cuncti
2387 2487 2581 2543 preces
2630 2469 2883 2527 assiduas
2934 2472 3151 2527 occulte
3205 2472 3543 2543 mysticequ‘e

1958 2564 2069 2620 Deo
2101 2565 2253 2619 illine
2282 2563 2609 2629 offerebant,
2646 2563 3081 2633 redemptionem
3107 2562 3420 2633 ﬂagitantes
3449 2563 3547 2618 do-

1958 2657 2091 2712 loris
2117 2656 2264 2712 illius
2291 2655 2360 2710 ad
2380 2671 2571 2711 omnes
2594 2656 2943 2725 pertinentis,
2974 2666 3027 2711 et
3052 2665 3260 2711 maestae
3283 2657 3352 2712 ab
3381 2656 3540 2712 hoste

1957 2757 2258 2818 occupatae,
2293 2756 2426 2802 atra:
2450 2756 2827 2817 perpetuoque
2851 2746 3211 2802 tenebricosze
3238 2749 3441 2803 noctis.
3474 2748 3543 2803 Et

1958 2839 2049 2894 hic
2078 2839 2299 2909 quidem
2329 2837 2398 2893 ad
2431 2838 2604 2894 Deum
2630 2837 2851 2892 dicebat
2878 2856 2891 2893 :
2927 2836 3009 2891 Ea:
3038 2846 3186 2891 utero
3211 2838 3408 2907 inferni
3432 2838 3550 2893 cla.

1958 2946 2157 2985 morem
2202 2946 2377 2984 meum
2409 2929 2562 2995 audi,
2598 2941 2774 2983 vocem
2815 2944 2987 2982 meam
3013 2931 3027 2962 ί
3053 2946 3067 2996 ;
3092 2931 3231 2984 alter
3264 2944 3433 2985 vero:
3475 2928 3547 2983 De

1960 3022 2242 3094 profundis
2275 3023 2501 3077 clamavi
2536 3021 2607 3075 ad
2641 3030 2709 3087 te,
2755 3020 3018 3084 Domine;
3057 3021 3298 3087 Domine,
3336 3022 3536 3076 exaudi

282 3086 493 3181 nam“,
509 3112 813 3183 ἐμφάνηθι
831 3086 847 3145 ἶ
868 3086 962 3168 at
977 3115 1162 3179 ἄλλος’
1205 3086 1535 3183 ’ἐξέτεὶρον
1546 3113 1661 3182 τὴν
1686 3086 1857 3167 δυὶῖα.

1964 3132 2136 3170 vocem
2180 3116 2386 3168 meam'
2409 3132 2424 3181 ;
2450 3124 2502 3169 et
2531 3113 2710 3168 alter:
2750 3111 2974 3165 lllustra
3008 3122 3341 3182 conspectum
3377 3121 3548 3174 tuum,

286 3203 478 3257 στείαν
505 3222 654 3270 σου,
676 3206 775 3259 καὶ
794 3206 935 3261 ἐλθὲ
958 3209 1048 3273 εἰς
1072 3206 1140 3260 τὸ
1170 3205 1367 3260 σῶσαι
1399 3204 1559 3275 ἡμᾶς
1581 3221 1594 3233 ·
1633 3204 1726 3257 καὶ
1748 3205 1866 3258 ἓτε-

288 3307 399 3361 ρος·
434 3297 596 3366 Ταχὺ
640 3298 1256 3365 προκαταλαϐέτωσαν
1287 3296 1448 3367 ἡμᾶς
1478 3299 1534 3350 οἱ
1574 3296 1865 3366 οἰκτιρμοί

286 3402 411 3451 σου,
435 3392 623 3458 Κύριε
640 3407 654 3421 °
676 3396 770 3445 καὶ
790 3391 975 3456 ἄλλος’
1014 3392 1218 3445 Ῥῦσαι
1237 3390 1353 3460 τὴν
1394 3388 1610 3459 ψυχήν
1642 3406 1763 3458 μου
1794 3388 1865 3453 ἐξ

286 3477 421 3544 ᾅδου
472 3482 856 3538 κατωτάτου’
890 3484 984 3537 καὶ
1004 3483 1190 3554 ἕτερος
1210 3500 1226 3515 ⁸
1263 3483 1466 3551 Κύριε,
1501 3480 1766 3551 ἀνάγαγε
1794 3479 1865 3545 ἐξ

286 3569 421 3635 ᾆδον
446 3573 562 3642 τὴν
602 3576 815 3644 ψυχήν
850 3593 969 3645 μου
991 3593 1004 3608 ο
1032 3577 1126 3630 καί⁹
1146 3576 1307 3639 ἄλλος
1326 3590 1340 3603 '
1373 3573 1473 3643 Μὴ
1502 3573 1867 3644 ἐγκατάλιπε

288 3659 391 3730 τὴν
416 3664 639 3733 ψυχήν
669 3683 787 3735 μου
833 3669 918 3734 εἰς
946 3667 1102 3736 ᾅδην
1124 3685 1139 3699 ο
1176 3668 1272 3722 καὶ
1300 3666 1488 3739 ἔτερος
1509 3683 1524 3698 ο
1574 3667 1867 3737 Ἄναϐήτω

284 3752 347 3808 ἐκ
370 3756 600 3827 φθορᾶς
622 3760 660 3829 ὴ
689 3758 799 3830 ζωή
823 3778 943 3831 μου
977 3760 1127 3830 πρὸς
1150 3762 1248 3826 σὲ,
1272 3762 1451 3830 Κύριε
1473 3764 1508 3816 ό
1542 3762 1689 3826 Θεός
1721 3778 1863 3831 μου.

350 4014 448 4075 Ὧν
478 4023 545 4095 δὴ
583 4024 841 4079 ἁπάντων
870 4024 1186 4091 ὑπακούσας
1222 4027 1251 4080 6
1280 4025 1697 4097 πανοικτίρμων
1728 4025 1863 4091 Θεὸς

282 4114 311 4164 6
332 4113 565 4184 Χριστὸς
598 4116 661 4168 ού
686 4117 891 4170 δίκαιον
921 4117 1145 4190 κέκρικε
1179 4120 1293 4182 τοῖς
1314 4119 1401 4172 ἐπ’
1425 4117 1595 4173 αὐτοῦ
1625 4119 1722 4173 καὶ
1752 4119 1868 4186 μετ’

286 4204 441 4257 αὑτὸν
463 4207 568 4277 τῆς
606 4208 812 4271 οἰκείας
851 4209 1169 4279 μεταδοῦναι
1206 4212 1388 4281 μόνοις
1419 4210 1865 4281 φιλανθρωπίας⁶

281 4295 414 4350 ἀλλὰ
434 4299 533 4351 καὶ
565 4302 682 4363 τοῖς
716 4300 821 4372 πρὸ
847 4302 944 4373 τῆς
977 4301 1142 4356 αὑτοῦ
1192 4303 1488 4374 ἐπιδημίας
1514 4304 1572 4356 ἐν
1602 4302 1704 4374 ᾄδῃ
1736 4318 1870 4355 κατ-

284 4389 587 4457 εχομένοις,
620 4393 713 4445 καὶ
764 4393 1089 4464 καθημένοις
1121 4395 1179 4448 ὲν
1224 4395 1425 4458 σκότει,
1458 4396 1587 4465 σκιᾷ
1616 4393 1867 4450 θανάτου.

1962 3220 2011 3265 et
2057 3207 2386 3263 salvabimur
2410 3207 2465 3273 ³;
2516 3213 2571 3267 et
2612 3206 2795 3260 alter:
2826 3203 3119 3260 Considens
3166 3205 3219 3257 in
3258 3202 3550 3267 cherubim,

1967 3314 2166 3369 appare
2188 3298 2243 3363 ⁵;
2270 3305 2324 3352 et
2347 3297 2489 3351 alius
2518 3315 2531 3351 :
2560 3295 2756 3349 Eacita
2799 3304 3113 3365 potestatem
3150 3302 3319 3360 tuam,
3358 3301 3410 3349 et
3436 3294 3553 3348 veni

1970 3398 2027 3443 ut
2053 3388 2221 3443 solves
2254 3405 2349 3443 nos
2371 3390 2391 3418 ⁸
2418 3405 2431 3455 ;
2458 3394 2512 3443 et
2535 3387 2678 3442 alius
2704 3406 2718 3442 :
2751 3386 2873 3442 Cito
2899 3397 3264 3457 pra'occupent
3292 3404 3388 3441 nos
3415 3402 3554 3441 coms

1967 3481 2333 3535 miserationes
2383 3489 2507 3544 tuae,
2555 3479 2859 3546 Domine“;
2911 3490 2965 3535 et
3015 3480 3158 3534 alius
3194 3479 3397 3547 :Eripe
3438 3478 3556 3531 auia

1966 3588 2109 3625 mam
2149 3587 2215 3625 ex
2248 3571 2455 3640 inferno
2470 3570 2969 3639 'profundissimo";
3011 3577 3065 3623 et
3100 3570 3236 3623 alter
3269 3567 3552 3631 :Domine,

1966 3662 2096 3717 educ
2124 3678 2189 3717 ea;
2213 3663 2419 3732 inferno
2460 3665 2694 3717 animant
2724 3661 2967 3727 meam”;
3001 3670 3053 3715 et
3078 3660 3218 3715 alius
3248 3676 3261 3712 :
3296 3656 3379 3712 Ne
3404 3657 3556 3711 dere-

1969 3753 2179 3822 linquas
2203 3753 2441 3804 animam
2470 3768 2641 3806 meam
2674 3753 2728 3805 in
2762 3750 2971 3818 inferno
2994 3752 3052 3817 ’;
3081 3758 3133 3803 et
3170 3749 3308 3803 alter
3339 3765 3353 3803 :
3386 3746 3557 3817 Egrea

1968 3842 2152 3895 diatur
2175 3857 2241 3895 ea:
2281 3844 2615 3911 corruptione
2658 3843 2765 3896 vita
2796 3856 2910 3894 mea
2951 3839 3021 3892 ad
3060 3849 3128 3905 te,
3158 3837 3381 3892 Domine
3413 3837 3556 3896 Deus

1973 3948 2114 3986 meus
2138 3933 2205 3986 ¹⁰.

2042 4025 2193 4091 Quos
2234 4040 2427 4080 omnes
2462 4040 2588 4079 cum
2640 4023 2953 4079 exaudisset
2985 4036 3199 4079 summe
3240 4019 3558 4077 misericors

1973 4114 2116 4171 Deus
2132 4115 2408 4179 Christus,
2438 4131 2548 4170 non
2578 4129 2793 4186 aaquum
2826 4113 3063 4178 censuit,
3095 4118 3153 4167 ut
3185 4111 3252 4165 iis
3281 4110 3435 4175 solis,
3461 4111 3559 4180 qui

1972 4208 2098 4263 vitae
2121 4207 2239 4278 ejus
2274 4214 2460 4264 essent
2494 4214 2739 4277 tempore
2776 4213 2870 4261 aut
2894 4213 3017 4276 post
3051 4203 3244 4269 futuri,
3279 4202 3557 4273 propriam

1976 4300 2280 4370 impertiret
2318 4300 2793 4367 misericordiam;
2852 4314 3040 4356 verum
3096 4305 3151 4353 et
3200 4296 3269 4353 iis
3303 4297 3396 4367 qui
3432 4304 3561 4353 ante

1978 4390 2159 4461 ipsius
2188 4391 2481 4445 adventum
2518 4391 2571 4445 in
2611 4390 2829 4445 inferno
2857 4397 3015 4446 erant
3045 4389 3270 4455 detenti,
3309 4396 3366 4443 et
3393 4388 3449 4442 in
3480 4394 3561 4443 te-

282 4477 369 4530 Διὸ
406 4479 736 4551 ἀνθρώπους
770 4482 867 4552 μὲν
893 4460 977 4535 -.ὲν
1013 4483 1175 4555 σαρκὶ
1201 4484 1360 4546 ὄντας
1393 4483 1481 4537 διὰ
1528 4460 1731 4554 σαρκὸς
1770 4485 1857 4554 ἐμ-

1976 4460 2161 4535 nebris
2193 4488 2248 4533 ct
2281 4480 2474 4533 umbra
2514 4481 2710 4534 mortis
2751 4480 3035 4535 sedebant.
3082 4477 3352 4544 Quocirca
3383 4477 3563 4532 homi-

282 4566 449 4637 ψύχου
485 4571 517 4621 ὀ
567 4570 701 4634 Θεὸς
749 4572 921 4640 Λόγος
953 4572 1320 4642 ἐπεσκέψατοο
1354 4572 1556 4642 ψυχαῖς
1587 4571 1644 4625 δὲ
1680 4572 1869 4642 σωμά-

284 4670 385 4708 των
432 4658 890 4729 ἀπηλλαγμὲναις
934 4660 1021 4713 διὰ
1067 4662 1165 4732 τῆς
1209 4662 1395 4715 ὲνθέου
1454 4663 1549 4716 καὶ
1594 4662 1865 4734 άχράντου

286 4746 444 4799 αὐτοῦ
477 4748 663 4819 ψυχῆς
700 4752 756 4802 ἐν
777 4750 878 4822 ᾅδῃ
898 4751 1158 4821 ὲπέφανε,
1182 4751 1433 4823 σώματος
1455 4752 1571 4806 ἀλλ’
1594 4754 1655 4805 οὐ
1677 4752 1868 4824 θεότη-

284 4852 369 4900 τος
405 4840 864 4913 ἀπηλλαγμένης.
913 4843 1121 4903 Ούκοῦν
1174 4844 1501 4915 σπεύσωμεν
1534 4844 1615 4914 τῷ
1657 4844 1753 4914 νῷ,
1781 4846 1878 4899 καὶ

284 4926 373 4979 ἐπὶ
401 4930 495 4982 τὸν
534 4930 670 5001 ᾅδην
695 4930 1020 5004 βαδίσωμεν,
1070 4935 1217 4998 ὅπως
1248 4934 1444 5005 ἴδωμεν
1470 4934 1587 4997 πῶς
1612 4936 1730 4987 ἐκεῖ
1747 4951 1877 4987 ποτε

283 5015 372 5068 τὸν
417 5018 499 5089 τῷ
571 5023 760 5092 κράτει
791 5024 1051 5094 κραταιὸν
1099 5023 1243 5078 κατὰ
1288 5025 1489 5096 κράτος
1538 5027 1735 5097 κρατεῖ
1780 5024 1875 5078 τοῦ

284 5103 524 5173 κράτους
559 5108 1013 5180 κρατοτύραννον,
1037 5111 1132 5164 καὶ
1150 5110 1266 5182 λαῷ
1286 5113 1590 5184 πανστρατὶ
1612 5116 1681 5185 τῇ
1704 5113 1874 5168 αὐτοῦ

283 5193 548 5270 ἀστραπῇ
576 5200 671 5265 τὰς
691 5201 990 5267 ἀθανάτους
1008 5204 1224 5269 ὲκείνας
1245 5204 1354 5260 τῶν
1367 5204 1664 5276 φαλάγγων
1693 5207 1875 5279 ἀχειρὶ

1974 4585 2075 4625 nes
2113 4571 2333 4639 quidem
2376 4584 2542 4624 carne
2572 4571 2830 4641 praeditos
2870 4586 2968 4640 per
2998 4586 3219 4626 carnem
3264 4570 3561 4624 animatam

1978 4664 2119 4717 Deus
2151 4661 2390 4716 Verbum
2421 4662 2642 4729 invisit;
2693 4662 2981 4717 animabus
3014 4678 3144 4717 vero
3176 4676 3207 4715 a
3238 4661 3563 4729 corporibus

1976 4755 2235 4809 liberatas
2264 4768 2361 4825 per
2391 4754 2631 4808 divinam
2671 4760 2726 4808 et
2752 4753 3105 4823 purissimam
3137 4766 3292 4808 suam
3324 4748 3563 4804 animam

1978 4847 2035 4900 in
2066 4846 2280 4901 inferno
2317 4846 2599 4916 apparuit,
2641 4860 2764 4916 quae
2801 4860 2831 4899 a
2862 4861 3112 4915 corpore,
3153 4859 3262 4898 non
3297 4858 3327 4895 a
3363 4840 3565 4896 divini-

1978 4944 2090 4992 tate
2138 4936 2487 4993 discesserat.
2539 4936 2728 5008 itaque
2765 4952 3123 5008 properemus
3168 4944 3366 4999 mente,
3409 4940 3465 4988 et
3506 4932 3565 4986 in

1979 5028 2255 5083 infernum
2278 5044 2489 5095 eamus,
2516 5036 2575 5083 ut
2600 5029 2884 5086 videamus
2912 5028 3188 5100 quomodo
3207 5027 3321 5082 illic
3343 5026 3563 5081 tandem

1978 5116 2177 5173 robore
2206 5117 2491 5188 praeditum
2521 5117 2887 5173 fortissimum
2920 5126 3212 5189 tyrannum
3248 5115 3484 5170 maxima
3511 5113 3565 5169 vi

1978 5211 2288 5279 superarit;
2315 5220 2371 5265 et
2399 5226 2525 5266 cum
2552 5209 2703 5265 omni
2725 5210 2928 5281 populo
2957 5209 3269 5265 militariter
3292 5208 3565 5266 instructo

357 5391 373 5421 '
396 5391 652 5476 καφ-ιι,
683 5400 770 5476 ξι
810 5399 999 5476 '_Psal.
1030 5403 1300 5476 cx;tx,_i_.
1373 5401 1850 5476 _’Psal._r_&xx,_l?.

1967 5401 2111 5458 Psal.
2140 5419 2329 5476 nam,
2361 5406 2418 5463 2.
2494 5407 2514 5438 '
2542 5406 2675 5462 ibid.
2754 5404 2943 5462 ‘Psal.
2978 5421 3208 5476 Lxxvm,
3248 5413 3302 5469 8.
3371 5407 3389 5439 "
3416 5402 3563 5462 Psal.

284 5474 489 5529 uuv,
526 5465 619 5520 13.
689 5469 710 5498 ⁸
732 5468 879 5525 Psal.
914 5486 1065 5538 uix,
1093 5471 1148 5526 4.
1220 5472 1241 5503 ’
1263 5471 1409 5530 l’sal.
1444 5488 1535 5540 xv,
1567 5473 1654 5529 10.
1718 5465 1857 5529 "'10

1967 5488 2121 5541 χχιιι,
2156 5474 2243 5528 18.

358 5649 477 5721 ([9)
512 5669 592 5722 γρ
647 5650 731 5707 οἷα
760 5655 834 5708 δέ.
