3948 6196
451 298 560 357 455

1722 287 1927 345 DUBIA
1964 289 2102 347 AUT
2144 287 2414 345 SPURIA.

3588 289 3704 350 I50

441 445 543 486 sua
577 431 961 490 ceruscatione
1018 424 1353 481 immortales
1404 425 1525 479 illas
1570 424 1825 480 ordinum
1874 427 2014 482 acies

2123 424 2398 497 χειροῦται
2426 422 2609 489 τάξεις
2637 438 2651 453 ·
2678 421 2852 493 θύρας
2872 420 3107 492 ἀθύρους
3135 420 3274 492 ἄρας
3301 420 3367 472 ὲκ
3391 417 3581 489 μέσου,
3606 417 3703 472 καὶ

438 537 560 578 sme
588 524 751 577 armis
775 518 1086 590 subegerit:
1112 516 1336 587 quando
1364 516 1508 571 fores
1524 516 1645 571 sine
1663 515 1875 571 foribus
1902 533 2021 572 sus~

439 610 564 665 tulit
582 627 615 665 e
634 610 834 671 medio,
851 616 903 662 et
926 615 1109 676 portas
1128 620 1235 659 non
1261 606 1466 675 ligneas
1488 604 1633 674 ligno
1659 605 1842 659 crucis
1859 604 2020 659 Chri-

440 709 559 756 stus
592 703 792 755 ostium
817 698 998 768 fregit,
1027 697 1305 767 clavisque
1328 696 1530 751 divinis
1562 706 1748 751 vectes
1781 705 2018 751 internus

438 790 698 846 contrivit
741 788 1149 859 confregitque:
1176 796 1229 843 et
1259 787 1518 851 vinculis,
1549 787 1859 842 divinarum
1890 802 2019 841 sua-

440 896 561 935 rum
611 895 871 934 manuum
905 880 1227 935 insolubiles
1273 887 1497 934 catenas
1544 888 1799 949 tanquam
1834 895 2015 935 ceram

437 975 708 1031 dissolvit.
736 974 869 1028 ltem
892 974 1046 1027 hasta
1072 972 1241 1026 divini
1268 973 1356 1028 sui
1391 973 1578 1027 lateris
1609 972 1795 1027 carnis
1820 987 2016 1043 expers

436 1084 530 1122 cor
553 1067 768 1138 tyranni
790 1065 1106 1136 perforavit.
1129 1065 1245 1120 illic
1261 1066 1518 1120 contrivit
1540 1066 1740 1120 robora
1762 1076 2012 1130 arcuum,

434 1172 560 1210 cum
586 1157 639 1210 in
666 1171 849 1220 cruce,
870 1162 1127 1223 tanquam
1154 1154 1206 1207 in
1237 1169 1390 1217 arcu,
1416 1154 1726 1209 divinarum
1752 1171 2012 1209 manuum

436 1261 636 1301 nervos
669 1246 930 1300 extendit.
978 1244 1344 1310 Quamobrem
1376 1244 1422 1300 si
1466 1260 1593 1299 cum
1617 1244 1839 1300 silentio
1866 1260 2016 1300 secu-

434 1345 524 1393 tus
550 1336 718 1392 fueris
746 1336 1045 1397 Christum,
1072 1350 1197 1389 mox
1230 1334 1437 1390 videbis
1462 1335 1687 1390 ubinam
1719 1343 2010 1407 tyrannum

434 1422 724 1493 colligarit,
747 1429 800 1476 et
824 1423 913 1477 ubi
944 1422 1108 1492 hujus
1131 1429 1295 1492 caput
1322 1423 1707 1493 suspenderit;
1741 1426 2015 1494 quomodo

432 1527 715 1567 carcerem
766 1511 1085 1582 disiecerit;
1141 1528 1251 1584 quo
1300 1514 1516 1569 vinctos
1576 1515 1846 1583 eduxerit,
1905 1533 2015 1586 quo

432 1612 596 1673 pacto
628 1610 937 1673 serpentem
978 1606 1339 1670 conculcarit,
1391 1613 1446 1660 et
1492 1606 1587 1660 ubi
1619 1614 1785 1677 caput
1813 1622 2008 1678 appen-

430 1694 604 1761 derit;
649 1693 925 1766 quomodo
956 1696 1225 1751 Adamum
1260 1698 1314 1751 in
1351 1697 1654 1753 libertatem
1685 1698 2011 1766 asseruerit;

2119 516 2294 578 πύλας
2349 513 2578 577 ἀξύλους
2630 512 2709 582 τῷ
2768 510 2909 582 ξύλῳ
2960 511 3055 564 τοῦ
3112 507 3351 579 σταυροῦ
3390 506 3627 579 Χριστὸς
3667 509 3702 577 ή

2119 604 2259 675 θύρα
2312 602 2684 666 κατακλάσας,
2733 600 2885 670 ἥλοις
2944 616 3002 651 τε
3058 601 3170 659 τοῖς
3212 597 3418 659 ἐνθέοις
3474 595 3702 665 μοχλοὺς

2117 695 2371 758 αἰωνίους
2396 693 2691 765 συντρίψας
2718 693 2813 745 καὶ
2831 691 3156 753 συνθλάσας’
3188 692 3284 742 καὶ
3313 689 3539 759 δεσμοῖς
3565 706 3703 760 χειρ-

2118 785 2319 848 ενθέοις
2346 785 2457 856 (20)
2486 784 2586 847 τάς
2597 784 2826 848 ἀλύτους
2848 782 3068 841 ἁλύσεις
3109 781 3185 844 ὼς
3217 778 3389 850 κηρὸν
3409 779 3669 843 διαλύσας
3687 799 3701 814 ·

2118 881 2211 932 καὶ
2245 879 2414 949 λόγχῃ
2457 881 2523 949 τῇ
2562 876 2879 948 θεοπλεύρῳ
2916 874 3145 946 καρδίαν
3175 871 3273 925 τοῦ
3305 873 3579 942 τυράννου
3609 871 3705 943 τήν

2115 970 2358 1042 ἄσαρκόν
2387 970 2709 1041 διατρήσας.
2750 970 2899 1023 Ἐκεῖ
2956 965 3244 1036 συνέτριψε
3296 964 3366 1017 τά
3396 965 3574 1036 κράτη
3599 964 3708 1017 τῶν

2115 1062 2304 1126 τόξων,
2330 1063 2420 1115 ὅτε
2446 1062 2524 1132 τῷ
2546 1060 2765 1133 σταυρῷ
2785 1060 3008 1128 τοξότας
3025 1058 3336 1131 χειροθέους
3359 1056 3471 1126 (21)
3504 1055 3711 1126 νευρὰς

2114 1155 2357 1208 διέτεινε.
2386 1152 2478 1208 Διδ
2512 1154 2607 1209 ἐὰν
2632 1155 2753 1225 μεθ’
2779 1154 3013 1225 ἡσυχίας
3051 1151 3425 1220 ἀκολουθήσῃς
3456 1148 3707 1219 Χριστῷ,

2115 1246 2210 1301 νῦν
2264 1241 2369 1318 ὄψῃ
2413 1246 2517 1299 ποῦ
2549 1247 2647 1317 μὲν
2693 1246 2784 1300 τὸν
2827 1246 3091 1317 τύραννον
3143 1243 3333 1314 ἔδησε·
3382 1240 3485 1293 ποῦ
3516 1240 3577 1291 δὲ
3610 1239 3708 1310 τὴν

2114 1338 2307 1392 τούτου
2340 1338 2583 1409 κεφαλὴν
2624 1340 2900 1409 ἀνήρτησε
2928 1353 2942 1366 ·
2976 1336 3095 1399 πῶς
3128 1335 3185 1389 δὲ
3220 1335 3282 1386 τὸ
3324 1333 3707 1403 δεσμωτήριον

2115 1429 2408 1499 ἀνέσκαψε,
2443 1427 2546 1482 ποῦ
2573 1428 2630 1481 δὲ
2658 1428 2783 1491 τοὺς
2798 1425 3080 1498 δεσμώτας
3098 1425 3355 1496 ἐξήγαγε,
3386 1424 3505 1487 πῶς
3527 1423 3583 1476 δὲ
3616 1423 3705 1475 τὸν

2115 1521 2237 1589 ὅφιν
2274 1521 2539 1593 ἐπάτησε,
2565 1520 2659 1574 καὶ
2686 1519 2789 1573 ποῦ
2817 1519 2913 1591 τήν
2937 1518 3114 1590 κάραν
3149 1517 3428 1588 ἐκρέμασε
3453 1533 3469 1547 ·
3504 1516 3619 1578 πῶς
3640 1515 3693 1567 δὲ

2116 1613 2209 1665 τὸν
2243 1609 2413 1683 Ἀδὰμ
2436 1610 2801 1682 ἠλευθέρωσε,
2828 1610 2922 1663 καὶ
2955 1609 3075 1673 πῶς
3107 1608 3205 1679 τὴν
3233 1606 3378 1661 Εὕαν
3406 1606 3691 1676 ἀνέστησε,

2118 1704 2357 1767 καὶπῶς
2384 1704 2446 1756 τὸ
2497 1704 2812 1775 μεσότοιχον
2862 1701 3039 1765 ἔλυσε,
3090 1700 3184 1755 xui
3231 1700 3349 1761 πῶς
3377 1698 3467 1752 τὸν
3505 1697 3700 1768 πικρὸν

432 1786 705 1857 quomodo
728 1786 894 1841 Evam
921 1788 1233 1853 suscitarit;
1264 1804 1372 1859 qua
1400 1790 1610 1844 ratione
1632 1790 2013 1845 intermediam

2120 1795 2443 1849 κατεδίκασε
2475 1771 2765 1864 δράκοντα,
2803 1792 2898 1845 καὶ
2950 1790 3067 1854 πῶς
3109 1789 3179 1843 τά
3225 1790 3470 1860 ἀήττητα
3502 1787 3705 1858 ἔστησε

430 1880 724 1934 maceriam
768 1879 1031 1945 diruerit;
1083 1880 1359 1950 quomodo
1399 1896 1603 1936 saevum
1640 1882 2014 1936 condemnarit

2118 1886 2355 1956 τρόπαια
2371 1904 2385 1917 ⁸
2407 1884 2509 1938 ποῦ
2535 1884 2592 1937 δὲ
2615 1884 2706 1936 τὸν
2725 1882 2953 1936 θάνατον
2974 1881 3302 1942 ἐθανάτωσε,
3339 1880 3429 1932 καὶ
3458 1878 3579 1941 πῶς
3600 1879 3708 1946 τὴν

429 1971 747 2036 draconem,
795 1972 1067 2042 quomodo
1106 1972 1307 2027 invicta
1345 1973 1589 2042 posuerit
1636 1981 1861 2043 tropaea,
1920 1975 2013 2029 ubi

2119 1975 2326 2048 φθοράν
2371 1972 2723 2045 κατέφθειρε,
2784 1973 2878 2025 καὶ
2926 1970 3028 2024 ποῦ
3079 1970 3168 2025 τὸν
3198 1968 3485 2039 ἄνθρωπον
3523 1968 3606 2030 είς
3642 1966 3708 2019 τὸ

429 2072 662 2118 mortem
693 2071 868 2119 morte
898 2063 1173 2127 all‘ecerit,‘
1212 2072 1265 2119 et
1308 2078 1417 2133 qua
1467 2064 1680 2120 ratione
1709 2066 2019 2135 corruptio-

430 2169 555 2209 nem
586 2155 917 2225 corruperit,
948 2154 1335 2225 hominemque
1382 2154 1439 2209 in
1482 2157 1717 2225 pristina
1753 2156 2019 2228 dignitate

429 2245 799 2301 constituerit.
1302 2310 1303 2313 η

500 2334 629 2390 Heri
685 2337 850 2407 igitur
874 2336 1285 2407 dispensatione
1312 2339 1548 2408 quadam
1583 2339 1823 2411 legiones
1852 2356 2018 2412 ange-

429 2428 608 2481 lorum
640 2441 905 2481 recusans
934 2427 1151 2480 dicebat
1182 2425 1386 2481 Petro:
1430 2427 1623 2482 Nonne
1644 2444 1859 2497 possum
1880 2447 2017 2483 nunc

427 2518 669 2573 exhibere
710 2518 827 2585 plus
859 2532 1016 2586 quam
1047 2516 1324 2570 duodecim
1373 2518 1599 2588 legiones
1633 2520 1939 2588 angelorum
1962 2522 2019 2574 ‘?

431 2607 623 2672 Hodie,
670 2615 730 2662 ut
762 2606 870 2662 Deo
910 2621 1008 2676 par
1053 2613 1159 2670 est,
1195 2607 1468 2677 simulque
1509 2608 1769 2664 bellicose
1806 2615 1861 2664 et
1895 2617 2015 2664 tan-

427 2716 594 2772 quam
633 2698 898 2754 Dominus
945 2697 1233 2754 descendit
1275 2698 1341 2753 ad
1398 2698 1626 2765 inferos,
1656 2706 1711 2754 et
1758 2710 2013 2768 mortem,

428 2808 494 2848 ac
522 2802 811 2864 tyrannum
840 2806 935 2861 per
980 2797 1233 2855 mortem,
1280 2790 1617 2847 immortales
1658 2791 2015 2862 incorporeo—

427 2900 551 2939 rum
572 2884 912 2940 exercituum
942 2889 997 2938 et
1020 2882 1330 2937 cohortium
1362 2883 1718 2938 invisibilium
1746 2898 1856 2938 non
1880 2884 2017 2940 duo-

426 2977 601 3033 decim
626 2977 839 3047 aliquas
860 2973 1123 3045 legiones,
1139 2988 1328 3028 verum
1360 2972 1543 3029 decies
1564 2973 1761 3029 millies
1786 2983 2017 3030 centena

424 3070 596 3126 millia
631 3069 971 3138 angelorum,
992 3062 1467 3135 archangelorum,
1488 3072 1844 3133 potestatum,
1865 3067 2017 3121 thro—

424 3174 647 3223 norum,
674 3157 858 3211 throni
882 3156 1207 3225 expertium,
1228 3154 1376 3211 senis
1400 3154 1502 3210 alis
1518 3156 2015 3224 praeditorum,alis

425 3247 749 3311 carentium,
800 3244 1251 3306 multoculorum,
1300 3244 1491 3317 oculos
1534 3262 1645 3299 non
1695 3246 2015 3303 habentium

423 3339 733 3396 cmlestium
788 3335 1118 3391 cohortium.
1188 3334 1460 3391 Nimirum
1510 3337 1678 3392 veluti
1729 3339 2015 3408 proprium

426 3430 718 3485 Dominum
774 3435 829 3484 et
878 3442 1057 3498 regem
1094 3427 1319 3481 solemni
1356 3443 1554 3498 pompa
1602 3428 1937 3485 deducentes
1963 3438 2017 3485 et

426 3528 645 3576 caterva
677 3519 966 3589 stipantes,
1010 3518 1303 3587 debitaque
1355 3518 1564 3575 honore
1614 3530 2016 3590 prosequentes

425 3611 738 3677 Christum;
776 3624 881 3664 non
913 3615 1092 3663 autem
1121 3618 1179 3662 ut
1202 3608 1533 3678 adiutrices;
1571 3613 1847 3682 apagcsis!
1878 3611 2018 3677 Qua-

427 3703 571 3758 libus
598 3700 798 3757 etenim
852 3698 1151 3755 socialibus
1200 3700 1374 3770 cepiis
1416 3700 1766 3770 omnipotens
1814 3702 2016 3771 indiget

425 3793 717 3850 Christus?
759 3790 959 3847 Verum
991 3792 1138 3861 quod
1172 3792 1369 3847 debent
1396 3792 1551 3860 juxta
1589 3801 1644 3847 et
1678 3802 1883 3857 amant,
1916 3809 2015 3849 suo

425 3902 642 3956 semper
669 3885 888 3941 Christo
936 3884 1043 3940 Deo
1078 3892 1279 3949 astare,
1332 3894 1592 3955 tanquam
1630 3885 1799 3956 aliqui
1850 3887 2016 3940 anni-

427 3979 543 4049 geri
574 3978 889 4049 stipatores,
920 3978 1071 4049 gravi
1108 3986 1386 4031 armatura
1412 3978 1671 4042 contecti,
1701 3986 1755 4033 et
1784 3978 2015 4047 sceptri-

426 4071 532 4127 feri
558 4072 829 4142 splendidi
858 4072 1171 4142 celeresque
1217 4072 1409 4135 divini,
1464 4071 1656 4126 herilis
1726 4079 1780 4125 et
1818 4072 2014 4142 regalis

428 4163 651 4232 sceptri,
705 4162 772 4216 ad
805 4173 998 4216 nutum
1029 4163 1206 4217 solum
1254 4176 1469 4216 summa
1505 4162 1790 4215 alacritate
1821 4162 2015 4217 celeri-

427 4262 538 4307 tate
563 4253 746 4307 divina
779 4262 968 4305 mutuo
1024 4259 1460 4317 antevertentes;
1508 4253 1673 4305 simul
1702 4267 1823 4305 eum
1854 4253 2015 4321 jussu

426 4346 496 4399 ad
515 4344 764 4398 eﬂ‘ectum
788 4341 1047 4409 imperata
1071 4341 1422 4403 deducentes,
1446 4340 1740 4393 etvietoria
1763 4342 2008 4396 coronati

2117 2070 2346 2141 ἀρχαῖον
2386 2067 2722 2138 κατέστησεν
2748 2064 2984 2135 ἀξίωμα.

2198 2330 2258 2383 '0
2285 2329 2411 2401 χθὲς
2441 2319 2620 2383 τοίνυν
2659 2326 3014 2399 οἰκονομικῶς
3042 2325 3141 2389 τάς
3162 2322 3437 2393 λεγεῶνας
3466 2321 3576 2375 τῶν
3600 2321 3704 2388 ἀγ-

2116 2421 2291 2490 γέλων
2333 2420 2803 2493 παραιτούμενος,
2855 2419 2953 2474 καὶ
2995 2418 3171 2487 λέγων
3218 2414 3300 2488 τῷ
3334 2414 3523 2485 Πέτρῳ
3565 2430 3581 2443 ο
3613 2414 3703 2466 Οὐ

2114 2510 2372 2580 δύναμαι
2402 2511 2534 2579 ἄρτι
2572 2507 2962 2579 παραστῆσαι
3001 2508 3251 2573 πλείους
3279 2506 3317 2575 ἣ
3341 2505 3567 2559 δώδεκα
3608 2508 3705 2557 Je-

2116 2599 2338 2671 γεῶνας
2354 2602 2626 2672 ἀγγέλων
2649 2619 2666 2666 ;
2725 2603 2967 2673 σήμερον
3008 2600 3329 2672 θεοπρεπῶς
3361 2598 3496 2670 όμοῦ
3521 2615 3581 2650 τε
3603 2598 3705 2651 καὶ

2115 2692 2451 2764 πολεμικῶς,
2504 2695 2599 2749 καὶ
2654 2694 2994 2757 δεσποτικῶς
3026 2694 3240 2747 κάτεισι
3276 2692 3430 2745 κάτω
3451 2689 3546 2744 τοῦ
3573 2689 3702 2762 ᾆδον

2115 2783 2210 2838 καὶ
2248 2781 2481 2838 θανάτου
2507 2802 2525 2818 ο
2553 2787 2649 2839 καὶ
2685 2786 2950 2858 τύραννον
2976 2786 3063 2840 διὰ
3102 2785 3332 2839 θανάτου
3364 2784 3465 2847 τὰς
3504 2783 3707 2836 ἀθανά-

2110 2892 2240 2939 τους
2281 2876 2392 2930 τῶν
2432 2878 2741 2949 ἀσωμάτων
2794 2880 3219 2952 στρατευμάτων
3264 2878 3359 2931 καὶ
3404 2875 3703 2946 ταγμάτων

2117 2965 2364 3038 ἀοράτων
2411 2967 2474 3019 ού
2526 2966 2737 3022 δώδεκά
2780 2986 2932 3032 τινας
2992 2967 3282 3037 λεγεῶνας,
3327 2965 3462 3019 ἀλλά
3502 2972 3704 3037 μυρίας

2121 3061 2386 3132 μυριάδας
2400 3062 2493 3113 καὶ
2511 3060 2684 3130 χιλίας
2708 3062 2949 3131 χιλιάδας
2965 3062 3101 3133 ἔχων
3121 3062 3371 3132 ἀγγέλων
3389 3060 3525 3130 (22),
3546 3061 3704 3126 ὲξουε

2120 3151 2270 3216 σιῶν,
2304 3152 2509 3223 θρόνων
2551 3152 2795 3225 ἀθρόνων
2843 3155 2982 3225 (23),
3022 3154 3431 3226 ὲξαπτερύγων,
3461 3153 3704 3224 ἀπτερύε

2116 3260 2249 3313 γων,
2287 3244 2709 3317 πολυομμάτων,
2733 3248 3054 3317 ἀομμάτων,
3086 3246 3353 3318 οὐρανίων
3378 3246 3700 3316 ταγμάτων·

2117 3336 2213 3390 ἅτε
2242 3337 2307 3408 δὴ
2337 3337 2432 3391 ἆτε
2477 3338 2553 3402 ὡς
2594 3340 2793 3391 οἰκεῖον
2830 3340 3128 3409 Δεσπότην,
3164 3339 3260 3392 καὶ
3304 3337 3526 3408 βασιλέα
3565 3354 3703 3409 προ·

2118 3429 2465 3500 πεμπούσας,
2496 3430 2592 3482 καὶ
2608 3428 3031 3499 δορυφορούσας,
3059 3430 3152 3482 καὶ
3171 3427 3417 3499 τιμώσας
3439 3428 3697 3498 Χριστόν·

2116 3525 2176 3576 ού
2208 3524 2559 3593 συμμάχους·
2617 3522 2834 3589 άπαγεῑ
2871 3522 3035 3584 Ποίας
3077 3520 3187 3590 γάρ
3244 3522 3339 3573 καὶ
3382 3520 3701 3590 συμμαχίας

2116 3610 2144 3661 ὁ
2173 3609 2578 3679 παντοδύναμος
2606 3608 2877 3661 ἐπιδέεται
2899 3609 3129 3679 Χριστός
3156 3625 3170 3673 ;
3210 3607 3348 3660 Ἀλλ’
3376 3608 3701 3676 ὀφειλούσας

2116 3700 2248 3771 ὁμοῦ
2274 3703 2368 3754 καὶ
2398 3700 2658 3769 φιλούσας
2706 3700 2784 3771 τῷ
2820 3700 3026 3754 ἑαυτῶν
3070 3701 3157 3754 ἀεὶ
3191 3700 3556 3771 παρίστασθαι
3601 3705 3705 3753 Δε-

2117 3793 2290 3865 σπότῃ
2301 3791 2378 3861 τῷ
2398 3790 2515 3860 Θεῷ
2533 3791 2841 3861 φερέγγειοί
2865 3791 2976 3862 ((24)
2990 3809 3131 3855 τινες
3153 3791 3457 3863 δορυφόροι,
3478 3791 3702 3846 ὁπλῖται

2116 3884 2211 3937 καὶ
2242 3881 2573 3954 σκηπτοῦχοι
2610 3882 2853 3954 λαμπροὶ
2898 3885 2996 3954 τῆς
3029 3883 3177 3946 θείας
3205 3884 3344 3948 ὀξεῖς
3370 3884 3702 3954 δεσπωικῆς

2119 3976 2510 4045 σκηπτουχίας,
2569 3975 2799 4045 νεύματι
2833 3976 2979 4047 μόνῳ
3033 3976 3234 4048 σπουδῇ
3278 3978 3356 4048 τῷ
3389 3976 3517 4047 θείῳ
3540 3978 3701 4047 τάχει

2115 4068 2349 4139 ἀλλήλας
2379 4068 2817 4140 προφθανούσας,
2850 4069 2987 4140 ὁμοῦ
3040 4072 3120 4133 είς
3158 4070 3316 4141 ἔργον
3357 4070 3597 4139 ἀγούσας
3627 4075 3695 4142 τῇ

2116 4160 2363 4213 κελεύσει
2410 4161 2508 4231 τὴν
2571 4160 2789 4232 πρᾶξιν,
2848 4161 2941 4213 καὶ
2972 4164 3037 4231 τῇ
3074 4161 3198 4233 νίκῃ
3244 4163 3697 4233 κατεστεμμένας

2116 4252 2251 4322 πρὸς
2282 4251 2491 4322 ἐχθρῶν
2521 4252 2615 4305 καὶ
2644 4253 2977 4323 παρανόμων
3018 4254 3369 4324 παρατάξεις.
3397 4256 3488 4309 Διὸ
3513 4256 3578 4327 δὴ
3601 4260 3699 4311 καὶ

2117 4343 2411 4407 κατιούσας
2446 4344 2557 4413 (25)
2596 4344 2717 4396 τότε
2768 4343 2987 4414 δρόμοις
3027 4345 3161 4414 όμοῦ
3186 4357 3244 4398 τε
3283 4347 3376 4398 καὶ
3404 4346 3697 4418 σύνδρομον.

428 4446 621 4491 contra
656 4435 894 4489 hostium
922 4441 974 4487 et
1004 4432 1374 4501 improborum
1397 4432 1639 4487 ordines.
1672 4433 2013 4504 Quapropter

2116 4435 2193 4507 τῷ
2221 4435 2340 4507 Θεῷ
2374 4436 2466 4490 καὶ
2488 4438 2731 4507 Δεσπότη
2757 4437 2849 4489 ἐπὶ
2869 4436 2937 4489 τά
2956 4438 3011 4489 ὲν
3042 4436 3167 4507 ᾆδον
3196 4438 3291 4491 καὶ
3319 4440 3571 4508 ὑπόγεια,
3599 4444 3697 4495 καὶ

427 4536 481 4582 et
516 4536 645 4579 tunc
670 4525 1091 4590 descendebant,
1124 4538 1291 4578 cursu
1324 4524 1487 4578 simul
1529 4532 1581 4579 et
1609 4540 1883 4579 concursu
1921 4540 2011 4579 ac-

426 4620 733 4674 cclerantes
768 4632 891 4671 cum
936 4614 1043 4670 Deo
1087 4622 1141 4670 et
1178 4613 1405 4669 Domino
1443 4616 1496 4670 in
1535 4615 1746 4672 inferna
1795 4627 1847 4671 et
1878 4618 2009 4672 sub-

427 4722 705 4775 terranea;
748 4719 800 4763 et
845 4710 993 4762 oumi
1035 4715 1179 4761 terra
1230 4706 1611 4778 profundiora,
1651 4725 1771 4780 quae
1809 4718 1936 4764 sunt
1978 4723 2010 4762 a

426 4804 629 4858 sarculo
667 4810 1006 4855 mortuorum
1050 4800 1322 4855 latebrosa
1366 4801 1666 4866 domicilia,
1710 4816 1834 4855 cum
1871 4799 2007 4853 edu-

427 4906 576 4952 ceret
610 4897 662 4950 in
694 4895 1011 4948 fortitudine
1043 4910 1072 4947 a
1127 4894 1328 4948 sazculo
1378 4894 1431 4947 in
1467 4894 1820 4963 compedibus
1853 4892 2008 4946 habi-

427 5000 534 5045 tos.
576 4988 870 5057 Postquam
916 4986 1080 5056 igitur
1116 4986 1356 5055 undique
1400 4985 1607 5039 foribus
1654 4984 1915 5045 munitos,
1952 4991 2007 5036 et

426 5083 639 5137 nullum
678 5081 870 5143 solem,
903 5079 1266 5148 sempiternas
1298 5086 1479 5131 autem
1507 5076 1766 5131 tenebras
1800 5073 2008 5128 haben-

427 5182 511 5230 tcs
548 5173 749 5228 inferni
794 5186 1065 5235 carceres,
1103 5171 1424 5237 domosque,
1469 5166 1693 5222 latibula
1763 5173 1817 5220 et
1877 5179 2005 5233 spe-

426 5265 617 5323 luncas
660 5264 875 5318 Domini
914 5279 1019 5317 una
1074 5278 1200 5317 cum
1252 5259 1438 5316 divino
1488 5257 1688 5331 populo
1719 5255 2005 5327 occupavit

500 5424 515 5453 '
542 5420 733 5477 Matth.
764 5434 915 5482 xxvn,
946 5418 1034 5473 5:5.

496 5576 615 5724 (2οζ
638 5595 727 5647 γρ.
767 5576 1084 5663 χειροθέοις.
1217 5641 1238 5656 _

497 5648 589 5724 (ﬁt
616 5665 729 5724 're-
754 5664 828 5709 ως
860 5644 1001 5724 ῖςθξιρ
1026 5646 1124 5724 sic
1154 5658 1235 5714 κει

754 5644 828 5709 ὡς
860 5644 1001 5727 τόξῳ
1026 5646 1124 5709 τὰς
1154 5644 1361 5714 χεῖρας.

598 5748 615 5781 ,
694 5724 806 5770 eest
838 5716 1065 5782 aliquid.

525 5715 615 5781 29',
650 5715 806 5770 Deest
838 5715 1065 5787 aliquid.

2112 4528 2214 4599 γῆς
2248 4528 2464 4600 ἁπάσης
2495 4527 2788 4599 βαθύτερα,
2806 4528 2914 4581 τῶν
2937 4530 3028 4581 ἀπ’
3051 4529 3245 4593 αίῶνος
3274 4532 3696 4602 κεκοιμημένων

2113 4621 2404 4691 ύποχθόνια
2456 4623 2767 4692 οίκητήρια,
2803 4622 3013 4689 ἐξάγων
3052 4623 3109 4674 ὲν
3166 4622 3388 4695 ἀνδρεία
3423 4624 3549 4687 τοὺς
3594 4626 3695 4679 ἀπ’

2110 4712 2308 4773 αίῶνος
2337 4711 2765 4781 πεπεδημένους.
2812 4714 2897 4777 Ὠς
2941 4713 3070 4781 γοῦν
3112 4713 3181 4767 τά
3220 4715 3553 4787 παντόθυρα,
3600 4720 3697 4771 xui

2108 4801 2325 4871 ἀνῆλια,
2361 4802 2455 4853 καὶ
2510 4802 2830 4873 πανέσπερα
2876 4805 2970 4857 τοῦ
3023 4805 3149 4876 ᾅδου
3192 4806 3542 4878 δεσμωτήρια
3598 4810 3697 4861 καὶ

2108 4892 2421 4963 οίκητήρια,
2470 4894 2791 4958 καταδύσεις
2832 4897 2924 4949 καὶ
2963 4898 3202 4967 σπήλαια
3240 4901 3272 4969 ἡ
3310 4898 3573 4969 θεόδημος
3595 4899 3693 4952 τοῦ

2107 4987 2377 5040 Δεσπότου
2404 4987 2700 5043 κατέλαϐεν
2720 4990 3050 5061 αίγληφόρος
3071 4990 3363 5060 παρουσία,
3384 4991 3695 5062 προφθάνει

2107 5077 2317 5141 πάντας
2346 5079 2587 5151 Γαϐριὴλ
2615 5081 3056 5153 ἀρχιστράτηγος
3074 5099 3089 5111 '
3123 5082 3217 5135 ἆτε
3238 5081 3300 5151 δὴ
3320 5082 3414 5135 άτε
3440 5081 3501 5147 ἐξ
3532 5081 3695 5144 ἔθους

2106 5165 2182 5219 ὢν
2229 5171 2407 5238 χαρᾶς
2452 5171 2746 5239 εὐαγγέλια
2796 5172 3104 5243 ἀνθρώποις
3156 5172 3342 5244 φέρειν
3380 5172 3475 5225 xui
3531 5172 3694 5243 ῥῆσίν

2105 5274 2227 5312 τινα
2261 5260 2487 5331 ἰσχυρὰν
2512 5262 3073 5335 ἀρχαγγελικωτάτων
3109 5266 3203 5318 καὶ
3234 5263 3695 5335 στρατηγικωτά-

2179 5570 2289 5644 (ῼᾷ)
2317 5586 2408 5639 γρ.
2444 5572 2507 5625 ἀθ
2517 5574 2673 5644 ρόων.

2177 5640 2289 5717 (ἓξ)
2323 5658 2413 5710 που
2450 5640 2813 5717 φερέγχειροι·

2177 5711 2289 5783 (25)
2322 5728 2413 5781 γρ.
2447 5711 2744 5784 τυράννων.
2775 5733 2865 5785 γρ.
2902 5715 3132 5772 κάτεισι.
