3948 6196
302 224 405 282 Ινδο

1572 223 1780 284 DUBIA
1813 212 1955 280 AUT
1999 221 2270 277 SPURIA.

3456 220 3565 279 460

304 339 533 411 genibus
555 322 768 396 faciem
800 339 1118 409 obtegebat;
1155 346 1207 392 et
1239 334 1377 392 alter
1413 351 1620 408 pronus
1651 351 1714 390 ac
1749 335 1874 389 defi-

1986 337 2078 391 καὶ
2106 336 2432 408 ἐτρόμαξαν.
2471 338 2580 392 Καὶ
2610 339 2638 391 6
2668 337 2766 407 μὲν
2789 300 3037 409 κεχηνὼς
3067 338 3274 403 ἵστατο,
3301 339 3329 391 6
3366 337 3422 390 δὲ
3450 343 3562 405 τοῖς

306 446 406 486 xus
431 431 688 495 hrerebat,
726 432 862 486 alter
889 445 1016 486 vero
1053 437 1310 498 tanquam
1345 436 1596 483 mortuus
1630 428 1876 498 rigebat;

305 524 445 578 alius
491 534 712 594 stupore
743 521 1161 590 corripiebatur,
1205 520 1345 576 alius
1382 521 1704 574 immutatus
1732 521 1880 590 jace-

306 615 420 682 bat,
459 617 600 671 alius
628 617 770 669 intro
800 611 1060 682 fugiebat.

377 864 488 918 Illic
512 867 654 919 enim
689 873 820 922 tunc
842 868 1080 922 concidit
1107 869 1361 928 Christus
1405 872 1456 926 in
1507 872 1608 927 hac
1642 881 1884 928 conster-

305 955 522 1011 natione
555 957 733 1027 capita
777 960 1155 1031 dynastarum,
1205 963 1315 1018 illic
1345 973 1799 1020 contremuerunt
1828 967 1881 1018 in

303 1062 389 1109 eo,
425 1047 535 1101 illic
566 1049 824 1106 laxarunt
877 1052 1030 1108 frena
1072 1071 1168 1108 sua
1201 1055 1445 1111 dicentes
1476 1075 1488 1110 :
1521 1057 1652 1122 Quis
1681 1068 1757 1111 est
1786 1059 1883 1111 iste

305 1135 410 1191 Rex.
441 1139 626 1209 gloria:
656 1142 707 1194 ‘?
746 1142 870 1211 quis
909 1155 993 1199 est
1038 1145 1126 1198 hic
1168 1152 1388 1210 tantus,
1425 1148 1516 1215 qui
1548 1162 1673 1201 eum
1717 1149 1882 1202 tantis

300 1230 428 1282 talia
466 1231 554 1284 hic
591 1241 771 1300 patrat
809 1234 1108 1288 miracula?
1142 1236 1271 1302 Quis
1303 1246 1380 1290 est
1415 1239 1511 1291 iste
1539 1237 1648 1292 Rea:
1676 1239 1879 1308 glorim,

298 1328 388 1398 qui
422 1343 484 1382 ea
522 1343 668 1382 nunc
697 1329 753 1382 in
784 1329 997 1384 inferno
1048 1329 1197 1395 facit,
1242 1348 1360 1402 quae
1391 1350 1668 1404 nunquam
1698 1336 1752 1390 in
1797 1338 1881 1390 in-

299 1421 452 1474 ferno
499 1420 636 1474 facta
684 1423 849 1477 sunt?
885 1423 1019 1489 Quis
1049 1423 1163 1488 hic,
1193 1425 1283 1494 qui
1330 1426 1512 1480 educit
1542 1427 1668 1481 hinc
1713 1444 1742 1481 a
1773 1444 1879 1484 sae-

296 1514 420 1566 culo
450 1514 734 1568 mortuos?
769 1514 901 1580 Quis
930 1525 1012 1570 est
1059 1517 1164 1580 hic,
1214 1518 1305 1586 qui
1342 1519 1502 1572 solvit
1531 1528 1585 1574 et
1625 1519 1880 1577 dissolvit

1983 430 2170 496 γόνασι
2198 428 2258 482 τὸ
2297 429 2587 500 πρόσωπον
2622 429 3022 482 συνεκάλυπτε·
3053 431 3145 483 καὶ
3173 429 3328 493 ἄλλος
3354 431 3563 502 πρηνὴς

1982 521 2320 590 ἀνεπήγνυτο
2345 518 2456 590 (29)
2478 559 2492 583 ,
2521 519 2613 573 καὶ
2636 519 2822 587 ἕτερος
2847 520 2977 572 ὡσεὶ
3003 520 3196 591 νεκρὸς
3225 520 3564 592 ἀπεστηλοῦ-

1983 627 2080 672 το,
2141 611 2236 664 καὶ
2293 610 2450 674 ἄλλος
2490 608 2568 680 τῷ
2625 609 2826 679 θάμϐει
2876 609 3195 680 κατείχετο,
3231 610 3327 663 καὶ
3380 610 3570 680 ἕτερος

1986 702 2296 775 [οὐρανίων]
2322 702 2682 774 ἠλλοιωμένος
2712 701 3016 768 κατέκειτο,
3054 704 3149 755 καὶ
3174 703 3328 767 ἄλλος
3369 704 3570 757 ἐνδότε-

1988 811 2079 864 ρον
2104 795 2352 863 ἔφευγεν.

2068 888 2213 939 Ἑκεῖ
2235 886 2344 957 γὰρ
2373 887 2497 940 τότε
2535 887 2752 956 διέκοψε
2779 888 3013 959 Χριστὸς
3044 891 3101 942 ἐν
3127 889 3378 942 ἐκστάσει
3406 906 3568 958 κεφα-

1985 978 2080 1041 λὰς
2111 978 2384 1032 δυναστῶν
2404 995 2417 1008 ·
2472 980 2588 1032 ἐκεῖ
2638 979 2964 1049 ἐσείσθησαν
2994 981 3050 1032 ἐν
3079 978 3228 1048 αὐτῷ
3257 978 3366 1048 (50)
3392 1019 3407 1042 ,
3450 980 3567 1032 ἐκεῖ

1984 1068 2252 1138 διήνοιξαν
2290 1068 2541 1138 χαλινοὺς
2579 1068 2757 1122 αὐτῶν
2789 1068 3070 1136 λέγοντες·
3124 1069 3221 1134 Τίς
3261 1068 3432 1121 ἐστιν
3462 1065 3566 1124 οὗ-

1985 1175 2085 1222 τος
2145 1160 2177 1210 ὁ
2237 1158 2540 1223 βασιλεὺς
2592 1156 2700 1224 τῆς
2746 1157 2966 1224 δόξης-ς
3019 1157 3102 1222 τίς
3154 1160 3300 1212 ἐστιν
3342 1153 3494 1221 οὗτος
3537 1161 3565 1212 6

1987 1248 2260 1314 τοσοῦτος,
2281 1251 2310 1301 ὁ
2336 1249 2474 1320 μετά
2500 1249 2770 1302 τοσούτων
2799 1248 3025 1302 τοιαῦτα
3051 1248 3284 1302 ἐνταῦθα
3304 1247 3568 1301 ἐπιτελῶν

1987 1341 2237 1410 θαύματα
2266 1342 2421 1412 (5i);
2474 1343 2570 1408 Τίς
2619 1337 2800 1408 οὗτός
2831 1343 3004 1395 ἐστιν
3037 1344 3070 1396 ὁ
3113 1342 3413 1406 βασιλεὺς
3458 1341 3566 1410 τῆς

1985 1432 2204 1500 δόξης,
2239 1435 2268 1486 6
2305 1435 2363 1485 ἐν
2412 1432 2514 1506 ᾄδῃ
2547 1432 2711 1486 ποιῶν
2734 1433 2835 1487 νῦν
2862 1433 2929 1486 τὰ
2975 1432 3227 1486 οὐδέποτε
3261 1436 3320 1486 ἐν
3356 1432 3453 1503 ᾅδῃ
3482 1449 3568 1500 γε-

1985 1524 2214 1594 νόμενα;
2243 1525 2327 1588 τίς
2358 1517 2511 1588 οὗτος
2565 1527 2593 1577 6
2642 1525 2852 1594 ἐξάγων
2885 1524 3037 1579 ἔνθεν
3091 1526 3218 1588 τοὺς
3245 1526 3339 1578 ἀπ’
3372 1524 3565 1588 αἰῶνος

295 1611 537 1656 nostram
585 1604 840 1659 invictam
887 1607 1171 1661 audaciam
1211 1619 1263 1662 et
1309 1611 1627 1678 potentiam,
1681 1622 1737 1665 et
1785 1616 1874 1683 qui

1988 1617 2422 1688 κεκοιμημένους
2448 1633 2461 1682 ;
2489 1611 2748 1681 τίςέστιν
2773 1613 2927 1679 οὗτος
2953 1620 2982 1670 6
3019 1616 3184 1679 λύσας
3213 1618 3307 1670 καὶ
3338 1615 3567 1668 καταλύο

293 1694 477 1747 edueit
507 1711 573 1751 ex
615 1696 811 1751 inferni
843 1699 1090 1753 custodia
1135 1713 1163 1752 a
1205 1701 1406 1754 seculo
1442 1701 1497 1755 in
1529 1703 1881 1773 compedibus

293 1782 549 1839 habitos?
581 1784 784 1840 Cantra
824 1803 964 1856 quos
993 1789 1440 1844 vociferabantur
1497 1790 1711 1846 Domini
1769 1797 1881 1848 vir-

294 1883 460 1939 tutes,
511 1877 753 1932 dicentes
784 1899 796 1932 :
828 1879 982 1935 Scire
1029 1881 1192 1936 vultis
1215 1921 1229 1944 ,
1261 1897 1294 1936 ο
1330 1883 1567 1952 improbi
1621 1888 1837 1956 tyranni
1863 1931 1876 1950 ,

290 1970 416 2039 quis
451 1970 519 2024 sit
555 1971 657 2024 iste
693 1972 803 2026 Rex
846 1973 1067 2042 gloriaa?
1098 1973 1355 2028 Dominus
1386 1975 1541 2043 fortis
1578 1988 1626 2029 et
1656 1989 1838 2046 potens
1860 1997 1878 2034 .·

291 2063 552 2116 Dominus
571 2073 776 2132 potens,
802 2075 850 2117 et
877 2065 1054 2134 fortis,
1076 2078 1124 2120 et
1149 2071 1517 2139 insuperabilis
1543 2073 1594 2124 in
1617 2073 1818 2138 pt'wliis
1835 2073 1875 2124 ’.

292 2152 390 2208 llic
431 2154 521 2208 ille
564 2162 684 2218 est,
730 2155 822 2225 qui
855 2172 919 2211 ex
968 2158 1284 2215 cwlestibus
1318 2160 1544 2216 orbibus
1573 2147 1785 2231 eXpulit
1827 2171 1880 2217 et

290 2247 522 2316 proiecit
566 2263 662 2302 vos
687 2288 701 2309 ,
748 2265 781 2300 ο
821 2250 1009 2304 miseri
1045 2260 1097 2306 et
1131 2252 1302 2321 iniqui
1339 2256 1587 2324 tyranni!
1646 2253 1744 2310 Hic
1789 2255 1879 2311 ille

289 2343 395 2394 est.
444 2337 538 2408 qui
587 2339 639 2392 in
689 2354 848 2409 aquis
880 2339 1136 2396 Jordanis
1169 2345 1428 2399 contrivit
1471 2347 1652 2416 capita
1681 2347 1879 2401 draco-

293 2443 422 2483 num
467 2437 734 2483 vestrum.
778 2430 868 2485 Ille
914 2432 1030 2500 ipsc
1069 2442 1188 2496 est,
1235 2436 1327 2504 qui
1379 2451 1474 2491 vos
1520 2453 1614 2504 per
1652 2454 1875 2494 crucem

290 2520 636 2590 proscripsit,
668 2520 735 2576 de
775 2521 927 2577 vobis
955 2523 1334 2594 triumphavit,
1365 2537 1418 2580 et
1441 2536 1614 2583 morte
1656 2543 1754 2583 vos
1797 2529 1879 2583 af-

292 2613 441 2667 fecit.
480 2613 580 2667 llic
614 2613 701 2668 ille
723 2621 828 2677 est,
865 2615 957 2684 qui
989 2615 1184 2679 vinxit,
1217 2627 1269 2672 et
1296 2620 1535 2675 tenebris
1571 2622 1875 2688 damnavit,

289 2713 344 2757 et
392 2705 446 2758 in
496 2705 754 2775 abyssum
788 2705 1021 2761 detrusit
1055 2724 1170 2762 vos.
1222 2709 1313 2764 llle
1365 2711 1483 2782 ipse
1531 2721 1635 2776 est,
1675 2714 1766 2784 qui
1823 2715 1878 2768 in

291 2799 470 2870 ignem
504 2810 768 2856 aeternum
801 2810 856 2855 et
893 2801 1196 2871 gehennam
1233 2804 1576 2872 transmittit,
1603 2813 1657 2860 et
1703 2805 1882 2877 perdit

291 2907 408 2947 vos.
445 2891 638 2958 Quare'
673 2908 738 2947 ne
771 2894 1128 2959 cunctemini,
1168 2910 1267 2949 nec
1319 2895 1563 2964 tardate;
1623 2899 1716 2952 sed
1755 2915 1882 2970 pro-

1989 1727 2084 1772 σας
2111 1710 2266 1781 ἡμῶν
2301 1709 2410 1762 τῶν
2440 1711 2723 1781 ἀηττήτων
2765 1711 2826 1762 τὸ
2868 1709 3063 1782 θράσος
3127 1708 3222 1761 καὶ
3248 1707 3310 1760 τὸ
3343 1707 3564 1776 κράτος,

1985 1801 2078 1852 καὶ
2108 1799 2317 1868 ἐξάγων
2348 1802 2411 1853 ἐκ
2439 1800 2539 1870 τῆς
2567 1800 2661 1852 τοῦ
2702 1799 2829 1871 ᾅδου
2861 1797 3106 1868 φυλακῆς
3139 1798 3266 1859 τοὺς
3304 1797 3397 1849 ἀπ’
3431 1795 3567 1849 ait?)-

1985 1908 2071 1953 νος
2111 1889 2556 1960 πεπεδημένους;
2600 1889 2744 1960 Πρὸς
2775 1888 2868 1951 οὒς
2917 1886 3219 1961 ἀνέκραζον
3250 1888 3305 1939 αἱ
3345 1885 3436 1938 τοῦ
3465 1889 3561 1938 Δε-

1985 1983 2180 2037 σπὸτου
2217 1981 2476 2052 δυνάμεις
2500 1981 2798 2049 λέγουσαι·
2825 1980 3033 2033 Μαθεῖν
3067 1977 3342 2048 βούλεσθε,
3378 1971 3424 2030 ὦ
3460 1996 3566 2030 πα-

1985 2076 2208 2147 ράνομοι
2232 2076 2520 2145 τύραννοι,
2550 2073 2635 2137 τίς
2665 2075 2812 2126 ἐστιν
2843 2072 2952 2142 (52)
3002 2067 3156 2134 οὗτος
3193 2070 3440 2141 βασιλεὺς
3466 2070 3564 2140 τῆς

1981 2167 2171 2237 δόξης;
2208 2168 2424 2235 Κύριος
2459 2165 2738 2234 κραταιός
2773 2165 2871 2217 καὶ
2901 2164 3189 2229 δυνατός·
3221 2164 3432 2237 Κύριος
3461 2161 3562 2215 δυ-

1983 2261 2155 2325 νατὸς
2221 2260 2317 2314 καί
2363 2258 2617 2329 ἰσχυρὸς
2691 2257 2789 2310 καὶ
2829 2255 3123 2324 ἀήττητος
3151 2257 3220 2308 ἐν
3259 2255 3560 2322 πολέμοις.

1982 2349 2149 2415 Οὗτος
2179 2352 2382 2414 ἐκεῖνός
2416 2353 2562 2404 ἐστιν
2611 2350 2639 2402 6
2678 2352 2742 2402 ἐκ
2799 2349 2906 2401 τῶν
2941 2348 3206 2419 οὐρανίων
3239 2346 3437 2416 ἀψίδων
3475 2345 3566 2410 ἐξα

1980 2442 2169 2514 ορίσας
2195 2442 2287 2495 καὶ
2317 2441 2630 2513 ἀπορρίψας
2663 2442 2830 2511 ὑμᾶς,
2853 2433 2899 2492 ὧ
2929 2441 3152 2493 δείλαιοι
3191 2441 3294 2493 καῖ
3325 2439 3564 2509 παράνοο

1985 2551 2072 2604 μοι
2111 2532 2395 2604 τύραννοιί
2437 2533 2672 2597 Ἐκεῖνος
2713 2526 2867 2596 οὗτός
2905 2534 3052 2586 ἐστιν
3091 2535 3118 2584 6
3145 2532 3204 2584 ἐν
3234 2531 3386 2584 ὕδασι
3427 2531 3564 2599 Ἰορο

1981 2626 2138 2679 δάνου
2175 2624 2468 2694 συντρίψας
2497 2625 2596 2688 τὰς
2640 2626 2882 2695 κεφαλὰς
2913 2625 3020 2677 τῶν
3045 2625 3351 2696 δρακόντων
3387 2623 3540 2694 ὑμῶν
3559 2664 3573 2677 .

1984 2709 2152 2778 Οὗτος
2181 2716 2387 2780 ἐκεῖνός
2417 2717 2565 2769 ἐστιν
2597 2718 2624 2770 6
2653 2717 2740 2770 διὰ
2768 2715 3001 2788 σταυροῦ
3047 2715 3397 2786 στηλιτεύσας
3419 2754 3433 2776 ,
3469 2715 3572 2768 καί.

1985 2808 2397 2879 θριαμϐεύσας,
2451 2811 2543 2863 καὶ
2596 2809 2873 2880 νεκρώσας
2923 2811 3085 2877 ὑμᾶς.
3129 2811 3365 2872 Ἐκεῖνος
3410 2803 3571 2872 οὗτός

1985 2902 2132 2952 ἐστιν
2161 2901 2188 2952 6
2217 2901 2384 2971 δήσας
2404 2941 2418 2962 ,
2449 2901 2541 2953 καὶ
2573 2900 2822 2968 ζοφώσας
2846 2941 2860 2966 ,
2895 2901 2989 2954 καὶ
3013 2903 3078 2971 τῇ
3120 2899 3338 2968 ἁδύσστρ
3384 2915 3572 2968 παρα-

290 2991 496 3054 perate,
528 2993 582 3038 et
615 2985 827 3040 vinctos
858 2984 1094 3047 educite,
1123 3002 1262 3055 quos
1296 2986 1361 3040 ad
1390 2986 1490 3040 hoc
1518 3003 1696 3057 usque
1743 3000 1874 3043 tent-

1984 2992 2206 3062 πέμψας
2229 2993 2394 3061 ὑμᾶς.
2429 2988 2595 3054 Οὗτος
2623 2993 2829 3055 ἐκεῖνός
2849 2994 2996 3045 ἐστιν
3020 2993 3048 3044 6
3085 2993 3217 3062 πυρὶ
3241 2992 3444 3061 αἰωνίῳ
3470 2991 3571 3044 καὶ

291 3093 392 3147 pus
446 3076 584 3130 male
631 3075 1016 3130 absorhuistis.
1072 3073 1326 3129 Vestrum
1381 3076 1524 3129 enim
1583 3077 1874 3146 imperium

284 3169 396 3236 jam
444 3165 772 3220 dissolutum
820 3173 935 3232 est;
981 3171 1159 3220 vestra
1215 3167 1463 3236 tyrannis
1517 3167 1628 3236 jam
1681 3168 1872 3234 desiit;

289 3257 602 3326 arrogantia
660 3268 838 3310 vestra
903 3256 1141 3325 graviter
1207 3273 1457 3327 repressa
1511 3267 1638 3324 est;
1695 3269 1875 3313 vestra

285 3349 548 3419 jactantia
591 3346 657 3401 ad
703 3347 862 3402 finem
921 3347 1172 3416 devenit;
1239 3358 1478 3404 vestrum
1532 3350 1701 3404 robur
1745 3367 1874 3404 con-

289 3439 566 3493 culcatum
629 3445 750 3503 cst,
792 3445 845 3490 et
898 3437 1128 3490 interiit.
1184 3437 1533 3492 llmcDomini
1577 3447 1874 3508 potestates

289 3531 537 3585 adversis
571 3530 935 3600 potestatibus
984 3529 1259 3590 dicebant,
1312 3530 1583 3600 simulque
1617 3547 1874 3602 propera-

288 3622 442 3678 bant.
483 3621 548 3674 Et
595 3621 646 3675 hi
676 3621 895 3690 quidem
927 3635 1200 3675 carcerem
1235 3637 1298 3675 ex
1335 3621 1466 3690 ipsis
1498 3621 1875 3676 fundamentis

289 3715 611 3780 diruebant;
646 3714 719 3766 illi
753 3730 879 3768 vero
913 3713 1222 3767 contrarias
1253 3719 1550 3782 potestates
1577 3730 1873 3784 perseque-

289 3809 509 3873 bantur,
541 3823 663 3879 quae
696 3821 760 3860 ex
798 3805 1166 3859 exterioribus
1206 3804 1518 3858 recessibus
1553 3805 1604 3857 in
1646 3805 1872 3859 interio-

287 3915 380 3957 res
410 3899 710 3971 fugiebant.
754 3898 862 3951 Alii
909 3898 1154 3963 latibula,
1185 3905 1237 3952 et
1272 3898 1520 3961 castella,
1557 3906 1609 3950 et
1649 3900 1873 3967 spelun-

288 4007 384 4049 cas
420 3991 907 4062 perscrutabantur
928 4035 942 4057 ,
975 3998 1028 4045 et
1062 3990 1426 4045 cursitabant.
1464 3990 1591 4053 Alii,
1624 3992 1760 4046 alter
1790 3994 1872 4046 al-

289 4087 472 4135 terum
529 4080 750 4136 aliunde
806 4079 1037 4134 Damino
1091 4082 1330 4134 vinctum
1381 4079 1722 4146 offerebant,
1781 4084 1872 4138 alii

289 4185 581 4246 tyrannum
631 4173 865 4229 vinculis
914 4172 1300 4228 insolubilibus
1336 4173 1670 4240 vinciebant,
1707 4176 1796 4229 ahi
1843 4192 1872 4231 a

291 4267 490 4329 saeculo
510 4267 728 4321 vinctos
749 4265 1142 4330 dissolvebant,
1169 4272 1222 4319 et
1253 4266 1340 4319 alii
1367 4267 1568 4320 dabant
1590 4268 1866 4332 mandata,

290 4356 381 4408 alii
420 4355 862 4425 obsequebantur
908 4370 1068 4423 quam
1106 4355 1412 4419 celerrime,
1458 4364 1514 4411 et
1555 4357 1610 4412 hi
1647 4358 1865 4427 quidem

290 4447 436 4499 intro
465 4445 788 4516 ingredienti
821 4445 1047 4500 Domino
1077 4447 1508 4514 przecurrebant,
1550 4448 1603 4502 hi
1640 4466 1766 4505 vero
1811 4458 1868 4504 ut

290 4550 471 4606 regem
493 4544 548 4590 et
579 4534 748 4589 Deum
779 4535 1039 4590 victorem
1079 4536 1398 4592 circumfusi
1429 4539 1820 4608 sequebantur.

1980 3083 2171 3154 γεέννῃ
2206 3084 2592 3154 παραπέμπων
2624 3085 2716 3136 καὶ
2740 3083 2988 3136 ἁπολλῶν
3021 3083 3132 3155 (55)
3161 3084 3324 3154 ὑμᾶς.
3360 3082 3568 3135 Λοιπὸν

1982 3174 2055 3245 μὴ
2102 3175 2325 3246 μέλλετε
2353 3216 2365 3236 ,
2409 3177 2541 3246 μηδὲ
2575 3177 2873 3244 ἀναμένετε
2899 3215 2913 3240 ,
2943 3174 3080 3229 ἀλλὰ
3131 3174 3399 3228 σπεύσατε
3422 3215 3434 3239 ,
3469 3173 3570 3226 καὶ

1977 3268 2102 3329 τοὺς
2149 3267 2404 3337 δεσμίους
2440 3267 2700 3332 ὲξὰξατε,
2750 3267 2843 3330 οὒς
2877 3269 3037 3338 μέχρι
3092 3269 3186 3319 καὶ
3230 3265 3324 3319 νῦν
3377 3264 3569 3326 κακῶς

1978 3359 2281 3411 κατεπίετε.
2302 3360 2374 3411 T6
2405 3360 2514 3430 γάρ
2541 3361 2804 3432 ὑμέτερον
2843 3359 3042 3431 κράτος
3069 3359 3250 3412 λοιπὸν
3276 3357 3569 3411 καταλέλυ-

1975 3468 2064 3503 ται
2087 3469 2099 3482 σ
2137 3453 2169 3521 ἡ
2207 3451 2357 3520 ὑμῶν
2388 3452 2638 3522 τυραννὶς
2673 3451 2857 3504 λοιπον
2913 3455 3220 3505 πέπαυται*
3264 3451 3324 3503 τὸ
3359 3450 3563 3520 ὑμέτε-

1979 3560 2068 3612 ρον
2101 3542 2367 3614 φρύαγμα
2391 3543 2580 3606 δεινῶς
2606 3545 2950 3615 κατήργηται
2971 3559 2986 3574 ο
3023 3545 3056 3613 ὴ
3091 3543 3242 3610 ὑμῶν
3283 3541 3564 3611 μεγαλαυ-

1975 3634 2067 3703 χία
2120 3636 2200 3696 είς
2255 3634 2404 3697 τέλος
2433 3619 2755 3687 ’ἐκλέλοιπεν
2790 3636 2998 3707 (5ί)⁶ή
3054 3634 3207 3704 ὑμῶν
3261 3634 3409 3703 ἰσχὺς
3463 3650 3570 3684 πε-

1976 3727 2214 3794 πάτηται
2278 3725 2368 3776 καὶ
2428 3725 2690 3777 ἀπόλωλε.
2746 3726 2932 3777 Ταυτα
2977 3725 3032 3777 αἱ
3089 3725 3404 3777 δεσποτικαὶ
3460 3723 3564 3776 τοῦ

1976 3817 2246 3870 Δεσπότου
2286 3816 2544 3887 δυνάμεις
2571 3819 2690 3880 ταῖς
2730 3816 3001 3878 ἐναντίαις
3027 3816 3319 3885 δυνάμεσιν
3347 3815 3559 3882 ἔλεγον,

1974 3909 2110 3980 ὁμοῦ
2135 3927 2194 3960 τε
2223 3909 2317 3962 καὶ
2343 3908 2728 3963 κατέσπευδον.
2762 3908 2870 3961 Καὶ
2905 3909 2953 3959 οἱ
2987 3908 3084 3978 μὲν
3105 3907 3165 3960 τὸ
3188 3907 3566 3978 δεσμωτήριον

1974 3999 2033 4064 ἐξ
2084 4001 2267 4053 αὐτῶν
2323 4000 2429 4052 τῶν
2481 3999 2747 4069 θεμελίων
2799 3999 3211 4052 κατέσκαπτον·
3265 4001 3312 4050 οἱ
3351 3998 3403 4051 δὲ
3454 4001 3565 4062 τὰς

1977 4093 2224 4155 ἐναντίας
2256 4091 2504 4157 ἐξουσίας
2530 4090 2860 4143 κατεδίωκον
2897 4090 2961 4142 ἐκ
2989 4090 3096 4142 τῶν
3141 4089 3420 4158 ἐξωτέρων
3458 4106 3563 4143 τα-

1976 4182 2143 4248 μείων
2173 4181 2478 4249 φευγούσας
2520 4179 2814 4250 ἐνδότερον.
2847 4181 2956 4232 Καὶ
2990 4178 3139 4232 ἄλλοι
3183 4179 3283 4242 τὰς
3327 4178 3569 4231 καταδύ-

1977 4287 2122 4335 σεις,
2160 4270 2253 4322 καὶ
2293 4270 2357 4322 τὰ
2408 4267 2673 4339 φρούρια.
2720 4269 2812 4321 καὶ
2847 4269 2914 4322 τὰ
2963 4269 3204 4338 σπήλαια
3247 4266 3563 4338 διερεύνων,

1977 4361 2069 4412 καὶ
2098 4359 2334 4429 ἔτρεχον.
2372 4360 2482 4411 Καὶ
2508 4358 2681 4429 ἕτεροι
2712 4359 2867 4422 ἄλλος
2888 4359 3043 4412 ἄλλον
3072 4359 3290 4413 ἄλλοθεν
3327 4358 3563 4428 δέσμιον

1975 4451 2050 4521 τῷ
2096 4452 2340 4522 Δεσπότῃ
2389 4450 2726 4521 προσέφερον
2755 4490 2769 4514 ,
2829 4453 2924 4504 καὶ⁵
2962 4451 3110 4504 ἄλλοι
3153 4451 3245 4505 τὸν
3293 4451 3568 4522 τύραννον

1973 4545 2188 4615 δεσμοῖς
2221 4545 2435 4606 ἀλύτοις
2470 4543 2614 4596 ἔδεον
2642 4584 2656 4606 ,
2702 4537 2802 4598 καὶ
2855 4545 3031 4616 ἕτεροι
3076 4546 3200 4608 τοὺς
3233 4545 3328 4597 ἀπ’
3362 4544 3570 4607 αἰῶνος

288 4627 541 4698 δεσμίους
573 4627 804 4681 ἀπέλυον
830 4645 844 4660 ·
887 4630 979 4682 καὶ
1032 4629 1179 4682 ἄλλοι
1223 4629 1553 4695 ἐπέταττον,
1617 4635 1710 4686 καὶ
1766 4636 1940 4708 ἕτεροι
1981 4637 2287 4707 ὑπούργουν
2347 4637 2423 4698 ὼς
2467 4637 2697 4706 τάχιστα
2723 4656 2737 4670 ο
2779 4639 2872 4691 καὶ
2927 4638 2978 4689 οἱ
3031 4638 3128 4708 μὲν
3173 4636 3568 4710 εἰσερχομένου

288 4722 381 4774 τοῦ
413 4719 684 4774 Δεσπότου
718 4718 989 4791 ἐνδότερον
1026 4721 1384 4792 προέτρεχον,
1431 4725 1480 4776 οί
1519 4725 1575 4777 δὲ
1611 4726 1686 4789 ὡς
1722 4725 1932 4795 βασιλεῖ
1959 4729 2051 4783 καὶ
2078 4729 2196 4798 Θεῴ
2225 4727 2506 4797 νικηφόρῳ
2542 4731 2891 4799 παρείποντο.

361 4812 486 4868 llaec
519 4813 687 4884 igitur
707 4812 771 4866 ad
805 4827 927 4867 eum
962 4814 1203 4877 modum,
1246 4822 1410 4884 atque
1437 4815 1523 4871 his
1558 4817 1710 4885 plura
1743 4832 1871 4873 cum

289 4907 345 4960 in
381 4903 597 4958 inferno
622 4904 833 4967 fierent,
867 4919 1167 4974 omnesque
1205 4906 1531 4970 clamarent,
1571 4909 1870 4962 tumultua-

290 5004 480 5050 rentur
536 5003 591 5048 et
621 4993 980 5062 trepidarent,
1018 5009 1144 5048 cum
1182 4995 1420 5050 adventu
1462 5013 1563 5051 suo
1606 4997 1869 5054 Dominus

187 5117 194 5124 π
290 5087 477 5142 intima
507 5087 626 5156 ipsa
655 5085 774 5138 loca
797 5093 1182 5154 penetraturus
1207 5095 1376 5152 esset,
1400 5087 1569 5140 Adam
1606 5089 1716 5152 ille,
1741 5091 1868 5158 quia

289 5184 416 5232 ante
449 5191 639 5232 omnes
673 5175 921 5232 homines
967 5177 1144 5245 primo
1191 5185 1433 5239 creatus,
1481 5187 1533 5231 et
1572 5179 1747 5247 primo
1787 5180 1868 5234 fa-

366 5333 542 5390 ‘Psal.
581 5350 735 5395 χχιιι,
771 5332 826 5395 8,
865 5335 945 5389 l0.
1033 5335 1203 5390 ’ibid.

363 5488 473 5561 (29)
507 5509 594 5560 γρ.
626 5491 992 5560 ἀπεπήγνυτο.

361 5561 472 5701 διδ)
505 5579 593 5631 γρ-
627 5562 786 5630 αὐτῇ·

457 5636 474 5698 >
507 5648 595 5700 τρι
634 5631 780 5699 πράγ

385 5629 474 5698 3|)
507 5629 595 5700 γρ.
634 5629 953 5700 πράγματα.

2051 4819 2264 4870 Τούτων
2313 4819 2375 4889 δὴ
2422 4819 2607 4872 λοιπὸν
2644 4820 2849 4885 οὕτως,
2883 4820 3018 4875 ἀλλά
3051 4821 3144 4874 καὶ
3178 4821 3317 4892 ὑπὲρ
3349 4820 3570 4875 τούτων

1978 4911 2035 4962 ἐν
2063 4910 2142 4980 τῷ
2175 4910 2275 4984 ᾄδῃ
2312 4911 2610 4981 γινομένων
2638 4930 2694 4965 τε
2745 4915 2837 4966 καὶ
2889 4914 3201 4984 βοωμένων,
3231 4913 3582 4983 (immovit:-

1978 5021 2084 5055 νων
2121 5003 2376 5056 ἁπάντων
2414 5004 2507 5055 καὶ
2564 5005 2859 5074 σειομένων
2883 5045 2895 5069 ,
2947 5005 3021 5068 ὡς
3053 5008 3085 5077 ὴ
3140 5004 3411 5074 παρουσία
3455 5003 3570 5059 τοῦ

1977 5093 2248 5144 Δεσπότου
2279 5091 2418 5145 αὐτὰ
2456 5091 2523 5144 τὰ
2574 5093 2862 5146 κατώτατα
2888 5094 2997 5147 τῶν
3023 5096 3348 5148 κατωτάτων
3384 5109 3582 5147 κατα·-

1977 5182 2276 5252 λαμὸἁνειν
2312 5182 2563 5253 ἔμελλεν,
2595 5185 2623 5235 6
2675 5184 2846 5256 Ἀδὰμ
2894 5187 3132 5250 ἐκεῖνος,
3165 5187 3194 5239 6
3225 5185 3442 5240 πάντων
3463 5180 3536 5232 ἀν
3558 5211 3575 5226 ο

2051 5489 2161 5559 (5'2)
2191 5489 2252 5544 F.
2283 5491 2366 5553 τίς
2398 5492 2544 5544 ἐστιν
2569 5487 2731 5558 οὗτος.

2048 5561 2158 5628 (55)
2195 5576 2283 5628 ῃ).
2320 5561 2630 5617 ἀπολωλών.

2049 5629 2161 5701 (54)
2193 5647 2283 5700 γρ.
2317 5631 2612 5690 ἐκλέλυται.
