3948 6196
361 275 450 326 itii

1471 285 1754 341 IIOMILIA
1797 286 1837 341 ll
1870 283 1939 338 IN
2001 284 2314 343 SABDATO
2353 286 2609 345 MAGNO.

3529 292 3636 351 £62

351 404 593 474 θρῶπων
647 404 1053 476 πρωτόκτιστος
1088 446 1104 473 ,
1169 404 1266 458 καὶ
1326 405 1752 478 πρωτόπλαστος
1780 447 1794 471 ,
1854 406 1937 460 καΊ

2052 415 2194 470 ctus,
2225 407 2509 477 primoque
2539 414 2790 463 mortuus
2819 415 2924 475 est,
2949 409 3177 466 interior
3203 410 3480 476 omnibus,
3505 429 3629 467 cum

350 495 738 569 πρωτόθνητος
781 498 1058 568 ἐνδότερος
1111 497 1330 551 πάντων
1355 537 1370 562 ,
1430 498 1569 568 μετά
1613 497 1815 569 πολλῆς
1845 497 1944 566 τῆς

349 586 656 653 ἀσφαλείας
697 587 920 656 δέσμιος
954 586 1323 657 κατεχόμενος
1347 626 1361 651 ,
1391 588 1560 657 ἣκουε
1595 587 1702 642 τῶν
1731 588 1823 641 τοῦ
1853 590 1946 639 Δε-

353 679 557 731 σπότου
586 677 762 731 ποδῶν
799 677 934 750 πρὸς
963 679 1090 742 τοὺς
1113 678 1366 750 δεσμίους
1398 679 1814 751 είσερχομένων,
1851 681 1945 734 καὶ

357 770 623 844 ἐγνώρισε
653 769 750 841 τὴν
780 769 964 841 φωνὴν
999 770 1165 825 αὑτοῦ
1202 773 1258 824 ὲν
1287 770 1364 842 τῷ
1401 772 1760 845 δεσμωτηρίῳ
1793 791 1945 844 περι-

363 864 694 927 πατοῦντος,
729 865 826 917 καὶ
883 865 1144 935 στραφεὶς
1194 864 1333 934 πρὸς
1386 864 1628 927 ἅπαντας
1676 865 1800 928 τοὺς
1849 867 1944 918 σὺν

361 958 509 1028 αὐτῷ
540 957 632 1010 ἀπ’
664 957 863 1018 αἰῶνος
890 956 1145 1027 δεσμίους
1177 957 1308 1028 φησί
1329 973 1340 986 '
1375 957 1563 1028 Φωνὴν
1592 956 1770 1010 ποδῶν
1801 975 1945 1021 τινος

357 1050 540 1103 ἀκούω
572 1049 706 1121 πρὸς
737 1050 887 1120 ἡμᾶς
931 1048 1351 1122 είσερχομένου’
1391 1048 1485 1101 καὶ
1529 1049 1622 1102 ἐὰν
1665 1050 1802 1114 ὅλως
1855 1051 1942 1102 ἐν·

355 1142 531 1196 ταῦθα
564 1143 770 1204 ἐκεῖνος
803 1141 1210 1212 παραγενέσθαι
1251 1140 1610 1210 κατηξίωσεν,
1647 1143 1806 1211 ἡμεῖς
1837 1141 1944 1195 τῶν

353 1234 569 1304 δεσμῶν
631 1233 1090 1304 ἠλευθερώθημεν
1129 1250 1142 1264 ⁸
1199 1232 1293 1286 ἐὰν
1355 1233 1491 1296 ὅλως
1555 1235 1760 1286 ἐκεῖνον
1823 1234 1942 1303 μεθ’

353 1330 512 1398 ἡμῶν
541 1327 786 1397 ὀψόμεθα
811 1365 826 1390 ,
873 1328 1035 1396 ἡμεῖς
1062 1324 1153 1378 τοῦ
1193 1325 1320 1396 ᾇδου
1358 1325 1722 1396 λυτρούμεθα.
1757 1325 1942 1379 Ταῦτα

353 1423 452 1476 καὶ
485 1421 552 1474 τὰ
581 1420 805 1473 τοιαῦτα
857 1419 952 1472 τοῦ
1007 1417 1177 1489 ’Λδὰμ
1218 1418 1354 1490 πρὸς
1401 1418 1610 1481 πάντας
1652 1419 1776 1481 τοὺς
1813 1435 1943 1486 συγ-

353 1513 679 1574 καταδίκους
711 1509 876 1564 αὑτοῦ
932 1509 1219 1577 λέγοντος,
1276 1509 1523 1580 εἰσῆλθεν
1580 1510 1608 1560 6
1665 1509 1941 1579 Δεσπότης

355 1603 497 1674 πρὸς
525 1602 714 1664 αὐτοὺς
735 1641 749 1665 ,
786 1602 845 1654 τὸ
897 1601 1173 1670 νικητικὸν
1215 1599 1378 1654 ὅπλον
1408 1599 1499 1652 τοῦ
1533 1599 1766 1672 σταυροῦ
1807 1619 1940 1653 κατ-

352 1697 514 1765 έχων.
570 1696 663 1746 Ὃν
706 1693 828 1745 ἰδὼν
877 1695 906 1745 6
952 1692 1122 1762 ’A65tp.
1169 1694 1196 1745 6
1227 1691 1685 1765 πρωτόπλαστος,
1747 1693 1842 1746 καὶ
1872 1696 1939 1764 τῇ

351 1785 614 1855 ἐκπλήξει
653 1784 713 1837 τὸ
770 1782 964 1854 στῆθος
1006 1782 1213 1852 τύψας,
1272 1783 1465 1853 ἐϐόησε
1520 1784 1655 1856 πρὸς
1709 1783 1938 1847 πάντας,

350 1880 446 1931 καὶ
481 1874 634 1930 εἶπεν
663 1893 676 1908 ·
734 1876 791 1928 '0
842 1874 1046 1948 Κύριός
1079 1893 1181 1945 μου
1215 1875 1354 1945 μετά
1384 1875 1621 1929 πάντων.
1672 1876 1783 1928 Καὶ
1816 1877 1941 1928 ἀπο-

349 1968 561 2039 κριθεὶς
596 1969 624 2020 ὁ
653 1968 920 2037 Χριστὸς,
949 1966 1096 2034 λέγει
1146 1967 1222 2036 τῷ
1266 1966 1436 2037 Ἀδάμ
1460 1984 1474 1998 ⁹
1508 1967 1616 2020 Καὶ
1659 1966 1798 2036 μετά
1843 1967 1937 2020 τοῦ

350 2062 660 2131 πνεύματός
701 2078 793 2114 σου
816 2079 828 2091 ο
879 2060 974 2113 καὶ
1006 2061 1286 2132 κρατήσας
1316 2060 1480 2113 αύτοῦ
1512 2060 1611 2129 τῆς
1637 2061 1816 2130 χειρὸς
1848 2061 1935 2112 ἀν-

352 2158 570 2227 ίστησι,
616 2155 817 2222 λέγων·
860 2155 1078 2224 Ἔγειρε
1105 2194 1118 2217 ,
1169 2155 1197 2206 6
1242 2152 1549 2216 καθεύδων,
1601 2153 1695 2204 καὶ
1733 2153 1938 2206 ἀνάστα

349 2252 412 2301 ἐκ
440 2248 550 2299 τῶν
577 2246 819 2317 νεκρῶν,
849 2246 943 2298 καὶ
988 2244 1282 2312 ἐπιφαύσει
1325 2262 1406 2297 σοι
1437 2246 1464 2296 6
1491 2244 1743 2314 Χριστός.
1799 2244 1939 2311 Ἐγὼ

349 2345 377 2394 6
406 2341 540 2404 Θεὸς
586 2357 712 2405 σου,
746 2342 774 2392 6
799 2338 886 2392 6:5:
936 2338 996 2390 σὲ
1030 2338 1322 2408 γενόμενος
1358 2337 1472 2398 υίός
1507 2354 1630 2400 σου,
1663 2337 1690 2389 6
1739 2336 1826 2388 διὰ
1878 2337 1937 2388 σὲ

347 2439 444 2489 καὶ
483 2437 608 2498 τοὺς
664 2433 772 2486 ἀπὸ
831 2431 960 2494 σοῦ,
1011 2432 1105 2484 νῦν
1161 2431 1334 2498 λέγων
1381 2431 1476 2484 καὶ
1525 2431 1642 2483 κατ’
1695 2429 1938 2493 ἐξουσίαν

348 2530 666 2599 ἐπιτρέπων
693 2529 806 2588 τοῖς
853 2525 908 2577 ἐν
937 2525 1187 2595 δεσμοῖςο
1250 2523 1525 2587 Ἐξέλθετε
1547 2563 1560 2585 ,
1594 2523 1686 2575 καὶ
1725 2525 1838 2586 τοῖς
1881 2525 1938 2574 ἐν

349 2621 534 2673 σκότει
563 2638 574 2648 ·
609 2616 919 2687 Φωτίσθητε
941 2657 954 2679 ,
1008 2616 1102 2668 καὶ
1159 2617 1272 2678 τοῖς
1325 2614 1752 2686 κεκοιμημένοις
1784 2614 1893 2684 ('55)
1921 2630 1935 2646 °

362 2712 657 2778 Ἀνάστητε
681 2726 692 2738 °
729 2710 810 2761 σοὶ
841 2707 1222 2777 διακελεύομαι
1245 2725 1258 2738 ο
1294 2708 1533 2777 Ἔγειρε,
1566 2707 1594 2759 6
1626 2705 1933 2765 καθεύδων·

346 2805 410 2857 οὐ
444 2803 556 2875 γάρ
601 2802 688 2854 6:5:
725 2801 883 2854 τοῦτό
930 2817 988 2853 σε
1026 2799 1301 2871 πεποίηκα
1329 2839 1342 2861 ,
1384 2799 1470 2851 ἵνα
1511 2799 1568 2850 ὲν
1599 2798 1698 2869 ᾄδῃ
1736 2800 1940 2870 κατέχῃ

345 2898 592 2967 δέσμιος.
637 2894 869 2947 Ἀνάστα
907 2894 972 2965 ἐκ
1022 2893 1129 2946 τῶν
1159 2892 1366 2963 νεκρῶν
1393 2908 1405 2921 ”
1439 2890 1551 2959 ἐγώ
1598 2893 1711 2961 εἰμι
1743 2891 1774 2961 ἡ
1825 2889 1937 2960 ζωὴ

343 2989 461 3041 τῶν
506 2986 733 3056 νεκρῶν.
793 2984 1062 3047 Ἀνάστα,
1127 2983 1351 3052 πλάσμα
1396 2981 1456 3033 τὸ
1504 2980 1669 3049 ἐμὸν,
1712 2979 1936 3044 ἀνάστα,

349 3078 541 3149 μορφὴ
579 3079 612 3147 η
653 3077 787 3147 ἐμὴ,
827 3075 920 3128 καὶ
979 3076 1098 3128 κατ’
1147 3075 1329 3127 εἰκόνα
1380 3073 1517 3144 ἐμὴν
1566 3071 1927 3143 γεγενημένη.

352 3174 601 3242 Ἔγειρε,
650 3171 872 3239 ἄγωμεν
903 3167 1186 3221 ἐντεῦθενο
1229 3167 1292 3219 σὺ
1343 3166 1451 3238 γὰρ
1486 3166 1544 3218 ἐν
1593 3165 1750 3236 ἐμοὶ,
1787 3163 1940 3231 κάγὼ

346 3265 407 3314 ἐν
441 3261 521 3313 σοὶ
549 3301 562 3321 ,
592 3262 648 3312 ἒν
680 3262 775 3313 καὶ
812 3260 1114 3330 ἀδιαίρετον
1146 3259 1462 3329 ὑπάρχομεν
1494 3257 1784 3328 πρόσωπον
1809 3273 1821 3284 ·
1853 3253 1941 3308 διὰ

351 3352 414 3404 σὲ
452 3353 480 3402 6
508 3351 641 3413 Θεός
684 3367 775 3402 σου
805 3349 1004 3417 γέγονα
1049 3348 1161 3411 υἱός
1195 3365 1286 3399 σου
1310 3365 1322 3377 ’
1356 3347 1444 3400 διὰ
1475 3348 1534 3399 σὲ
1570 3350 1597 3400 6
1641 3347 1938 3417 Δεσπότης,

348 3444 552 3496 ἔλαϐον
590 3443 686 3512 τὴν
721 3443 819 3513 σὴν
876 3442 1091 3512 μορφὴν
1124 3439 1214 3493 τοῦ
1246 3439 1431 3492 δούλου
1459 3456 1471 3469 ο
1507 3439 1592 3493 6:5:
1630 3441 1685 3492 σὲ
1725 3443 1752 3492 6
1781 3441 1941 3511 ὑπερ-

345 3538 468 3590 άνω
496 3535 604 3587 τῶν
634 3534 877 3605 οὐρανῶν
921 3529 1084 3604 ἦλθον
1139 3534 1231 3585 ἐπὶ
1256 3533 1354 3602 γῆς
1387 3535 1480 3586 καὶ
1511 3532 1763 3585 ὑποκάτω
1791 3532 1891 3602 γῆς
1924 3550 1936 3562 °

343 3627 443 3680 διὰ
498 3626 559 3678 σὲ
592 3626 680 3680 τὸν
727 3625 1011 3697 ἄνθρωπον
1051 3625 1249 3692 γέγονα
1281 3625 1414 3676 ῶσεὶ
1461 3625 1744 3696 ἅνθρωπος
1783 3625 1943 3696 ἀϐοή-

346 3720 518 3787 θητος
539 3760 553 3778 ,
588 3720 645 3770 έν
687 3721 896 3789 νεκροῖς
928 3717 1211 3787 ἐλεύθερος
1233 3734 1244 3744 ·
1287 3716 1374 3770 6:5:
1408 3718 1465 3770 σὲ
1503 3718 1594 3769 τὸν
1621 3718 1730 3770 ἀπὸ
1761 3719 1938 3788 κήπου

345 3812 641 3879 ἐξελθόντα
681 3813 786 3866 ἀπὸ
833 3813 1011 3883 κήπου
1070 3812 1343 3874 Ἰουδαίοις
1378 3811 1677 3883 παρεδόθην
1705 3854 1718 3876 ν
1750 3810 1842 3864 καὶ
1882 3812 1939 3863 ἐν

1026 3905 1128 3957 Ἴδε
1192 3904 1284 3956 τού
1347 3902 1636 3975 προσώπου
1707 3921 1808 3974 μου
1873 3903 1940 3956 :5:

347 3997 724 4067 ἐμπτύσματα
744 4039 757 4061 ,
795 3997 935 4068 άπερ
959 3997 1045 4049 6:5:
1080 3998 1137 4050 σὲ
1165 3998 1560 4068 κατεδεξάμην,
1589 3997 1676 4050 ἵνα
1705 4013 1762 4048 σε
1800 3997 1938 4049 ἀπο-

346 3912 427 3975 κή
435 3923 521 3974 πῳ
588 3905 749 3956 ἐσταυ
757 3903 955 3975 ρὼθην.

349 4094 683 4160 καταστήσω
732 4093 810 4151 είς
841 4091 900 4143 τὸ
930 4092 1152 4161 ἀρχαῖον
1186 4090 1507 4161 ἐμφύσημα.
1553 4089 1656 4141 Ἴδε
1696 4107 1798 4159 μου
1830 4089 1939 4143 τῶν

345 4181 622 4245 σιαγόνων
652 4180 718 4231 τά
743 4180 1083 4249 ῥαπίσματα,
1120 4179 1155 4232 ἀ
1178 4179 1582 4250 κατεδεξάμην,
1610 4179 1696 4231 ἵνα
1726 4195 1817 4230 σου
1841 4181 1938 4248 τὴν

341 4267 775 4339 διαστραφεῖσαν
832 4267 1042 4339 μορφὴν
1086 4267 1450 4340 ἐπανορθῶσω
1492 4271 1569 4331 εἰς
1620 4267 1677 4320 τὺ
1709 4268 1825 4320 κατ’
1862 4268 1938 4320 εί-

343 4363 488 4416 κνένα
526 4380 642 4431 μου.
680 4361 784 4413 Ἴδε
815 4379 916 4430 μου
946 4361 1038 4413 τοῦ
1066 4359 1235 4412 νώτου
1267 4360 1364 4431 τὴν
1393 4359 1804 4431 φραγγέλλωσιν
1829 4399 1844 4426 ,
1873 4359 1937 4428 ἣν

343 4454 728 4524 κατεδεξάμην
754 4495 768 4516 ,
803 4454 889 4506 ἴνα
927 4453 1232 4524 σκορπίσω,
1256 4454 1363 4505 τῶν
1411 4452 1696 4524 ἁμαρτιῶν
1750 4471 1842 4506 σου
1876 4451 1936 4505 τὸ

345 4548 575 4618 φορτίον
608 4548 666 4600 τὸ
724 4548 816 4599 ἐπὶ
867 4547 959 4598 τοῦ
1006 4546 1175 4598 νώτου
1223 4545 1492 4615 κείμενον.
1549 4546 1652 4597 Ἴδε
1705 4563 1804 4615 μου
1841 4547 1937 4609 τὰς

345 4635 801 4706 προσηλωθείσας
849 4638 1036 4705 χεῖρας
1085 4635 1143 4686 ὲν
1189 4634 1266 4706 τῷ
1306 4634 1447 4704 ξύλῳ
1493 4635 1704 4699 καλῶς,
1753 4634 1840 4688 διὰ
1878 4635 1934 4687 σὲ

343 4728 444 4780 τὸν
480 4725 796 4779 ἐκτείναντα
829 4725 927 4795 τὴν
975 4727 1131 4794 χεῖρα
1177 4725 1233 4774 ὲν
1271 4723 1346 4792 τῷ
1396 4723 1535 4793 ξύλῳ
1569 4722 1775 4786 κακῶς.
1832 4724 1934 4776 Ἴδε

349 4835 457 4888 μου
490 4819 616 4880 τοὺς
654 4815 1136 4887 προσηλωθέντας,
1187 4816 1280 4867 καὶ
1317 4815 1643 4885 ὀρυχθέντας
1672 4816 1748 4884 τῷ
1793 4816 1935 4885 ξύλῳ

341 4909 544 4971 πόδας,
581 4907 670 4959 διὰ
702 4908 825 4970 τοὺς
870 4907 994 4968 σοὺς
1050 4905 1215 4968 πόδας
1262 4905 1386 4968 τοὺς
1421 4913 1600 4968 κακῶς
1629 4907 1934 4976 δραμόντας
1970 4903 2012 4956 D

2050 515 2244 570 magna
2263 499 2508 554 custodia
2527 500 2579 553 in
2601 500 2833 555 vinculis
2858 501 3102 566 habitus,
3128 501 3396 557 inaudivit
3416 501 3631 559 Dominl
3657 533 3666 582 ί

2051 592 2245 658 pedum
2271 593 2556 661 strepitum
2591 592 2655 646 ad
2674 592 2887 647 vinctos
2909 594 3333 654 advenientium.
3354 603 3410 650 et
3425 611 3633 667 cogno-
3659 583 3666 594 ’

2048 683 2123 735 vit
2154 684 2396 737 sonitum
2433 684 2554 752 ejus
2587 683 2640 737 in
2673 699 2898 740 carcere
2931 685 3360 752 deambulantis,
3396 696 3451 743 et
3492 704 3630 744 con-
3666 693 3670 752 'i

2048 790 2241 830 versus
2273 775 2341 829 ad
2371 790 2563 830 omnes
2590 789 2698 828 una
2735 791 2920 829 secum
2949 790 2979 830 a
3012 777 3214 832 smculo
3244 779 3480 842 vinctos,
3511 779 3587 833 ait
3613 795 3627 832 :
3666 749 3673 776 ’

2051 867 2298 920 Sonitum
2355 868 2553 937 pedum
2609 867 2895 936 cujusdam
2946 870 3130 936 audio,
3178 871 3269 940 qui
3308 870 3373 924 ad
3409 887 3510 927 nos
3548 872 3632 926 in-

2047 960 2294 1031 greditur
2316 966 2410 1023 ;:et
2449 959 2493 1012 si
2526 959 2754 1012 omnino
2793 960 2902 1013 huc
2935 959 3024 1014 ille
3059 959 3317 1015 advenire
3350 961 3628 1032 dignetur,

2050 1068 2150 1106 nos
2183 1067 2212 1106 e
2246 1051 2482 1105 vinculis
2511 1050 2725 1106 liberati
2760 1049 2976 1104 sumus.
3011 1049 3068 1105 Si
3097 1053 3322 1106 omnino
3351 1053 3501 1106 illum
3530 1068 3632 1108 no-

2047 1144 2260 1197 biscum
2286 1143 2483 1197 adesse
2512 1142 2833 1207 viderimus,
2867 1157 2968 1197 nos
2991 1159 3021 1198 e
3047 1143 3283 1199 vinculis
3319 1143 3520 1200 inferni
3543 1162 3632 1201 re-

2047 1235 2328 1288 dimimur.
2364 1233 2487 1288 Hzec
2517 1242 2573 1288 et
2605 1233 2711 1288 alia
2746 1234 2955 1288 Adamo
2984 1235 3050 1288 ad
3086 1251 3276 1292 omnes
3309 1253 3414 1292 una
3441 1254 3629 1294 secum

2048 1327 2444 1382 condemnatos
2467 1327 2705 1390 dicente,
2734 1326 3014 1397 ingressus
3035 1334 3119 1381 est
3141 1326 3403 1383 Dominus
3422 1331 3486 1384 ad
3510 1347 3627 1396 eos,

2049 1417 2292 1469 victricia
2325 1431 2476 1469 arma
2510 1417 2691 1472 crucis
2717 1424 2933 1470 tenens.
2966 1416 3142 1482 Quem
3171 1417 3261 1471 ubi
3293 1419 3425 1472 vidit
3453 1420 3627 1474 Adam

2048 1509 2258 1577 primus
2288 1524 2509 1578 parens,
2550 1525 2660 1579 pra:
2694 1516 2920 1579 stupore
2958 1519 3150 1580 pectus
3191 1510 3508 1578 verberans,
3536 1529 3632 1568 ex-

2049 1601 2304 1654 clamavit
2335 1600 2400 1653 ad
2437 1617 2649 1667 onmes,
2685 1602 2934 1671 dixitque
2973 1620 2985 1655 :
3020 1601 3285 1658 Dominus
3317 1619 3470 1660 meus
3503 1620 3631 1659 cum

2049 1694 2326 1748 omnibus.
2359 1692 2426 1745 Et
2455 1693 2796 1764 respondens
2821 1693 3075 1748 Christus
3111 1693 3244 1747 dicit
3273 1693 3484 1748 Adamo
3518 1712 3530 1747 :
3568 1694 3634 1748 Et

2050 1802 2173 1839 cum
2207 1787 2403 1857 spiritu
2445 1792 2558 1839 tuo.
2597 1785 2660 1839 Et
2713 1786 3054 1856 apprehensa
3102 1801 3268 1840 manu
3299 1788 3524 1854 excitat,
3555 1786 3635 1843 di-

2049 1895 2180 1933 cens
2210 1898 2221 1932 :
2257 1881 2673 1950 Expergiscere,
2711 1882 2805 1950 qui
2836 1881 3080 1947 dormis;
3136 1890 3191 1935 ct
3225 1896 3388 1951 surge
3424 1897 3453 1934 a
3485 1895 3636 1937 mor-

2050 1971 2178 2033 tuis,
2205 1979 2258 2024 et
2285 1972 2564 2026 illucescet
2598 1974 2692 2026 tibi
2726 1973 3006 2027 Christus.
3039 1971 3152 2042 Ego
3177 1970 3322 2028 Deus
3350 1981 3502 2037 tuus,
3535 1975 3630 2044 qui

2053 2073 2275 2134 propter
2302 2072 2353 2117 te
2387 2063 2562 2118 factus
2596 2081 2716 2118 sum
2749 2065 2892 2120 filius
2927 2075 3090 2131 tuus;
3140 2066 3231 2136 qui
3285 2075 3510 2136 propter
3555 2075 3629 2132 te,

2047 2163 2100 2208 et
2132 2162 2354 2225 propter
2377 2157 2496 2220 hos,
2525 2156 2670 2225 quia
2703 2164 2753 2210 te
2785 2157 3006 2211 oriundi
3041 2167 3192 2222 sunt,
3228 2174 3375 2214 nunc
3401 2159 3549 2226 dico,
3577 2170 3632 2215 et

2049 2262 2143 2316 per
2176 2254 2503 2315 potestatem
2540 2247 2748 2318 impero
2786 2248 2854 2304 iis
2893 2250 2983 2319 qui
3039 2251 3093 2304 in
3149 2251 3384 2308 vinculis
3419 2261 3577 2308 erant
3611 2271 3626 2309 :

2050 2337 2203 2391 Exite
2227 2355 2240 2402 ;
2273 2349 2326 2392 et
2352 2339 2447 2408 qui
2475 2337 2530 2392 in
2562 2338 2835 2392 tenebris:
2863 2337 3252 2394 llluminamini
3277 2357 3291 2406 ;
3320 2351 3373 2396 et
3400 2343 3626 2412 sopitis:

2047 2428 2357 2500 Resurgite.
2391 2430 2518 2484 Tibi
2559 2431 2823 2500 praecipio
2855 2449 2868 2485 ε
2908 2431 3323 2503 Expergiscere,
3370 2437 3462 2504 qui
3497 2435 3630 2490 dor-

2048 2521 2152 2575 mis
2179 2539 2193 2574 ;
2224 2521 2426 2575 etenim
2460 2537 2570 2575 non
2605 2519 2728 2576 ideo
2763 2529 2817 2576 te
2863 2521 2991 2586 feci,
3041 2531 3099 2577 ut
3129 2525 3184 2578 in
3213 2523 3428 2578 inferno
3455 2527 3633 2581 eunti-

2048 2627 2214 2667 ueare
2247 2613 2483 2669 vinctus.
2518 2613 2690 2684 Surge
2715 2628 2746 2666 a
2775 2613 3043 2680 mortuis;
3065 2629 3166 2684 ego
3197 2631 3318 2670 sum
3347 2618 3457 2670 vita
3486 2632 3633 2672 mor-

2047 2714 2288 2760 tuorum.
2345 2705 2540 2775 Surge,
2598 2721 2735 2775 Opus
2794 2721 3056 2758 manuum
3107 2721 3394 2772 mearum;
3443 2724 3628 2780 surge,

2047 2797 2250 2866 etligies
2305 2811 2447 2861 mea,
2493 2813 2615 2866 quae
2665 2798 2730 2850 ad
2781 2798 3072 2867 imaginem
3133 2813 3308 2853 meam
3358 2799 3500 2854 facta
3547 2815 3627 2856 es.

2050 2886 2242 2958 Surge.
2277 2903 2536 2943 exeamus
2567 2889 2726 2954 hinc;
2763 2896 2819 2940 tu
2855 2888 2999 2942 enim
3036 2889 3090 2942 in
3126 2904 3232 2953 me,
3268 2897 3324 2945 et
3356 2906 3456 2961 ego
3478 2893 3532 2945 in
3551 2899 3626 2957 te,

2048 2995 2154 3032 una
2185 2991 2236 3034 ct
2261 2980 2492 3034 indivisa
2517 2995 2709 3033 sumus
2731 2995 2984 3049 persona.
3013 2979 3241 3050 Propter
3275 2989 3328 3035 te
3360 2997 3460 3051 ego
3483 2981 3630 3038 Deus

2048 3081 2197 3133 tuus,
2235 3073 2412 3127 factus
2449 3088 2570 3126 sum
2604 3072 2746 3126 filius
2780 3082 2939 3136 tuus;
2985 3082 3211 3143 propter
3244 3081 3297 3129 te
3339 3073 3626 3140 Dominus,

2045 3164 2296 3218 servilem
2325 3174 2472 3218 tuam
2500 3164 2738 3234 speciem
2763 3165 3006 3234 sumpsi;
3034 3173 3256 3235 propter
3279 3173 3352 3229 te,
3384 3166 3476 3236 qui
3503 3183 3626 3222 sum

2044 3272 2207 3324 supra
2237 3257 2427 3320 cmlos,
2462 3257 2583 3310 veni
2611 3257 2664 3310 in
2687 3264 2914 3320 terram,
2945 3263 3000 3310 et
3023 3257 3222 3312 subtus
3247 3267 3449 3312 terrain
3470 3280 3485 3325 ;
3509 3275 3630 3329 pro-

2044 3359 2163 3417 pter
2199 3357 2248 3401 te
2291 3340 2565 3402 hominem
2618 3348 2796 3404 factus
2845 3364 2963 3402 sum
3009 3357 3270 3422 tanquam
3313 3351 3474 3404 homo
3506 3352 3630 3407 sine

2043 3442 2338 3509 adjutorio,
2378 3441 2519 3496 inter
2566 3449 2813 3495 mortuos
2859 3441 3034 3507 liber;
3081 3430 3301 3511 pFupter
3331 3451 3405 3509 te,
3437 3443 3533 3512 qui
3560 3459 3627 3499 ex

2045 3535 2204 3588 horto
2235 3549 2491 3604 egressus
2531 3549 2610 3598 es,
2654 3549 2718 3588 ex
2754 3535 2916 3590 horto
2954 3533 3163 3590 Judwis
3193 3534 3448 3597 traditus,
3488 3543 3542 3590 ct
3569 3537 3626 3590 in

3686 825 3724 852 ,ι

2045 3628 2203 3682 horto
2231 3627 2528 3681 crucifixus
2551 3643 2694 3679 sum.
2730 3625 2928 3694 Aspice
2961 3626 3117 3680 faciei
3145 3641 3278 3679 mea:
3301 3635 3480 3694 sputa,
3507 3641 3627 3696 quae
3693 3639 3706 3654 ’κ

2043 3721 2260 3788 quidem
2305 3729 2525 3788 propter
2560 3727 2610 3771 te
2637 3719 2876 3786 suscepi,
2910 3727 2967 3770 ut
2997 3726 3049 3771 te
3080 3717 3134 3770 in
3172 3717 3464 3786 pristinum
3491 3718 3625 3771 iliud

2044 3810 2376 3878 spiraculum
2429 3809 2798 3863 restituerem.
2839 3809 3036 3878 Aspice
3075 3823 3319 3862 mearum
3374 3809 3628 3863 maxilla-

2043 3918 2161 3957 rum
2196 3903 2402 3969 alapas,
2435 3916 2572 3970 qnas
2604 3900 2866 3962 sustinui,
2899 3909 2955 3952 ut
2988 3910 3132 3953 tuam
3159 3909 3476 3970 corruptam
3505 3917 3627 3970 spe-

2042 3992 2176 4045 ciem
2205 3992 2584 4053 refortnarem,
2622 3990 2686 4042 ad
2725 3991 3018 4060 imaginem
3052 4006 3248 4047 meam.
3287 3992 3486 4058 Aspice
3517 3995 3625 4048 ιιιοὶ

2044 4083 2176 4151 tergi
2209 4082 2648 4152 ﬂagellationcm,
2687 4097 2849 4150 quam
2887 4083 3130 4152 suscepi,
3169 4091 3228 4136 ut
3251 4083 3622 4154 dispergerem

2042 4183 2392 4245 peccatorum
2433 4183 2650 4228 tuorum
2687 4190 2858 4238 onus,
2895 4175 3042 4245 quod
3083 4186 3235 4247 tergo
3267 4185 3359 4230 tuo
3397 4177 3625 4246 imposi-

2041 4275 2155 4320 tum
2185 4275 2286 4320 est.
2332 4265 2532 4335 Aspice
2565 4267 2737 4323 clavis
2765 4268 2899 4322 bene
2935 4269 3003 4322 ad
3045 4268 3252 4338 lignum
3283 4269 3472 4324 aliian
3507 4284 3626 4324 ma-

2042 4376 2146 4415 nus
2183 4374 2353 4422 meas,
2389 4368 2610 4430 propter
2644 4368 2714 4423 te,
2756 4360 2847 4430 qui
2886 4376 3106 4414 manum
3141 4361 3209 4415 ad
3240 4363 3446 4430 lignum
3482 4363 3625 4416 male

2041 4453 2319 4521 quondam
2348 4453 2692 4506 extenderas.
2729 4453 2927 4524 Aspice
2963 4454 3126 4523 pedes
3155 4470 3305 4510 meos
3333 4454 3544 4520 aiiixos,
3571 4465 3626 4509 et

2041 4546 2321 4614 perfossus
2353 4546 2406 4598 in
2442 4545 2586 4616 ligno
2615 4554 2836 4616 propter
2863 4555 2988 4600 tuos
3024 4546 3210 4617 pedes,
3243 4549 3335 4618 qui
3366 4548 3506 4617 male
3526 4561 3629 4601 cu-

2040 4645 2328 4692 currerant
2357 4638 2424 4691 ad
2452 4638 2656 4707 lignum
2693 4637 3072 4694 inobedientize
3104 4648 3258 4694 sexta
3290 4640 3398 4702 die,
3428 4639 3482 4692 in
3514 4656 3622 4709 qua

2039 4737 2093 4782 et
2133 4729 2404 4783 sententia
2438 4729 2490 4780 in
2527 4737 2577 4780 te
2617 4729 2761 4780 dicta
2805 4728 3001 4789 fuerat,
3054 4737 3110 4779 et
3153 4728 3472 4784 reformatio
3503 4737 3620 4788 tua,

2039 4838 2101 4875 ac
2135 4821 2368 4891 paradisi
2401 4819 2696 4888 patefm-tio
2726 4835 2846 4873 meo
2879 4831 2960 4874 est
2996 4821 3180 4874 labore
3216 4821 3484 4890 perfecta.

342 5001 442 5057 ἐπὶ
495 5001 555 5053 τὸ
589 4999 744 5066 ξύλον
798 4999 897 5068 τῆς
941 4999 1226 5068 παρακοῆς
1273 5000 1339 5068 τῇ
1390 4999 1524 5070 ’έκτῃ
1557 5000 1764 5070 ἡμέρα,
1899 5004 1930 5071 ἡ
1973 5003 2243 5071 ἀπόφασις
2298 5001 2554 5070 γέγονεν,
2615 5001 2706 5052 καὶ
2751 4998 2848 5070 τὴν
2891 5000 2986 5068 σὴν
3029 4999 3364 5064 ἀνάπλασιν,
3399 5009 3492 5054 καὶ
3520 5018 3631 5056 πα-

345 5096 598 5168 ραδείσου
634 5093 835 5157 ἄνοιξιν
869 5090 1188 5159 πεπόνημαι
1225 5091 1356 5158 (66).

431 5188 779 5255 Ἐγευσάμην
812 5183 901 5237 διά
937 5183 996 5236 σὲ
1050 5183 1247 5253 χολὴν,
1298 5185 1380 5236 ἵνα
1430 5184 1668 5255 ίάσωμαί
1719 5202 1797 5238 σοι
1834 5185 1929 5256 τὴν

341 5281 435 5333 διὰ
471 5279 724 5349 βρώσεως
770 5277 1131 5345 ἑκείνης.τῆς
1166 5275 1425 5342 γλυκείας
1476 5277 1677 5348 πικρὰν
1715 5278 1924 5348 ηδονην.

358 5371 709 5441 Ἐγευσάμην
735 5369 917 5434 ὄξους.
957 5368 1044 5419 ἵνα
1078 5366 1414 5437 καταργήσω
1454 5368 1545 5420 τοῦ
1577 5369 1668 5421 σού
1701 5368 1927 5421 θανάτου

342 5465 406 5517 τὸ
454 5462 658 5534 δριμὺ,
735 5461 829 5514 καὶ
885 5457 1037 5526 παρὰ
1092 5457 1253 5526 φύσιν
1294 5460 1567 5527 ποτήριον.
1634 5459 1929 5530 Ἐδεξάμην

413 5644 997 5728 (Ξλῖτξτρ-Ξειμειοιςκ
1605 5709 1620 5728 ,

415 5709 535 5784 ξῦεἱ)
564 5709 654 5782 γρ.
690 5710 756 5784 ἧς
783 5709 951 5768 πάλαι
977 5716 1008 5783 ἡ
1046 5713 1301 5784 ἀθέτησις
1325 5711 1564 5780 γέγονεν,
1601 5709 1656 5762 ὲν
1687 5713 1750 5780 τῇ
1781 5713 1913 5781 ἕκτη

2111 5188 2336 5241 Gustavi
2359 5197 2580 5257 prepter
2602 5196 2654 5241 te
2672 5187 2762 5252 fel,
2779 5194 2836 5240 ut
2859 5201 3108 5240 sanarem
3129 5194 3296 5250 tuam,
3320 5201 3414 5255 per
3433 5202 3616 5243 escam

2039 5281 2184 5334 illam
2206 5281 2446 5342 dulcem,
2473 5295 2713 5332 amaram
2737 5280 3091 5348 voluptatem.
3121 5277 3347 5332 Gustavi
3378 5291 3614 5342 acetum,

2039 5380 2096 5422 ut
2126 5370 2397 5436 abolerent
2418 5380 2523 5425 tua:
2551 5371 2742 5424 mortis
2767 5372 3144 5433 acerbitatem,
3175 5381 3228 5424 ct
3260 5383 3467 5426 natura:
3492 5388 3623 5428 con-

2040 5461 2268 5513 trarium
2322 5461 2598 5530 poculum.
2644 5461 2871 5534 Suscepi
2919 5465 3226 5533 spongiam,
3278 5472 3335 5514 ut
3381 5463 3618 5520 delerem

2043 5641 2245 5722 ἡμέρα,
2283 5645 2372 5696 καὶ
2412 5645 2505 5714 τὴν
2559 5644 2655 5715 σὴν
2707 5643 2903 5698 πλάσιν
2953 5646 3050 5718 τὴν
3107 5651 3163 5703 ἐν
3207 5650 3288 5721 τῷ
3310 5651 3624 5726 παραδείσῳ

2027 5715 2349 5784 πεποίημαι.
