3948 6196
338 222 445 284 465
1603 234 1811 298 υυΒιΑ
1852 228 1908 282 ΑΙ

2036 237 2116 293 se
2221 238 2309 297 1A.
2344 311 2354 321 γ
3483 240 3581 295 tm.

341 354 768 428 chirographum
822 356 899 413 tui
955 357 1181 429 peccati.
1233 353 1464 426 Suscepi
1508 354 1804 423 calamum,
1857 361 1908 408 ut

2020 352 2279 423 σπόγγον,
2304 352 2392 405 ἴνα
2417 352 2681 425 ἐξαλείψω
2711 354 2770 409 τὸ
2801 355 3160 427 χειρόγραφόν
3188 371 3282 409 σου
3308 354 3409 425 τῆς
3431 357 3582 427 ἀμαρ-

340 448 749 509 subscriberem
792 451 1096 507 libertatem
1130 447 1318 519 generi
1354 446 1616 504 humano.
1672 446 1908 503 Dormivi

2016 444 2157 509 τίας.
2205 444 2503 516 Ἐδεξάμην
2527 446 2772 518 κάλαμον
2795 489 2809 514 ,
2836 448 2923 501 ἵνα
2956 448 3259 529 ὑπογράφω
3286 447 3587 520 ἐλευθερίαν

339 539 397 595 in
426 556 612 608 cruce,
648 549 703 595 et
736 539 1007 611 rumphea
1039 540 1344 610 penetravit
1375 555 1554 595 meum
1586 539 1752 603 latus,
1786 553 1913 609 pro-

339 640 463 703 pter
491 638 566 696 te,
595 631 685 701 qui
718 629 773 685 in
804 629 1061 700 paradiso
1084 628 1429 693 obdormisti,
1462 638 1515 686 et
1547 628 1710 685 Evam
1744 645 1807 685 ex
1840 630 1912 683 la-

340 730 457 776 tere
487 719 784 791 protulisti.
813 718 993 773 Meum
1022 719 1168 776 latus
1194 720 1413 777 sanavit
1436 719 1678 776 dolorem
1704 720 1912 775 lateris.

340 811 493 867 Meus
542 825 768 865 somnus
813 809 1009 866 educet
1059 819 1112 867 te
1164 827 1232 867 ex
1286 812 1486 868 inferni
1533 826 1747 870 somno.
1799 810 1915 866 Mea

340 903 613 974 romphaza
649 903 980 973 romphaeam
1028 904 1291 969 coercuit,
1333 920 1453 974 quae
1486 912 1677 960 contra
1716 910 1767 959 te
1795 918 1916 959 ver-

339 994 576 1049 tebatur.
624 991 818 1065 Surge,
867 1010 1058 1051 eamus
1104 996 1252 1051 hinc.
1304 996 1504 1051 Eduxit
1550 1005 1603 1052 te
1635 995 1811 1052 hostis
1849 1011 1916 1050 cx

338 1095 487 1139 terra
521 1084 792 1156 paradisi;
842 1101 944 1159 ego
987 1102 1114 1142 vero
1154 1095 1208 1142 te
1245 1103 1354 1142 non
1388 1087 1624 1160 amplius
1662 1087 1716 1142 in
1755 1101 1918 1158 para-

337 1176 483 1241 diso,
515 1176 609 1231 sed
642 1173 698 1229 in
739 1176 953 1235 cmlesti
990 1178 1187 1236 throno
1226 1179 1459 1235 colloco.
1500 1176 1761 1234 Prohibui
1803 1186 1855 1233 te
1885 1191 1915 1232 a

337 1269 484 1338 ligno
522 1267 706 1340 typieo
732 1268 896 1335 vitae;
930 1283 1117 1325 verum
1163 1285 1293 1326 ecce
1337 1285 1460 1343 ego,
1499 1270 1591 1341 qui
1627 1270 1734 1324 vita
1770 1283 1912 1336 sum,

336 1359 433 1414 tlbi
469 1375 592 1415 sum
620 1358 969 1430 coniunctus.
1016 1359 1292 1416 Constitui
1335 1360 1641 1424 cherubim,
1688 1360 1781 1431 qui
1830 1360 1913 1413 fa-

335 1450 467 1505 muli
498 1448 552 1504 in
576 1465 780 1506 morem
804 1450 1222 1520 custoditentte;
1262 1450 1405 1506 facio
1423 1458 1482 1507 ut
1505 1452 1788 1507 cherubim
1815 1466 1913 1523 pro

208 1532 225 1555 ’
334 1557 400 1598 eo
430 1557 494 1597 ac
525 1540 691 1595 Deum
733 1540 887 1597 decet
923 1542 1154 1597 adorent
1188 1550 1259 1597 te.
1300 1540 1621 1598 Occultatus
1655 1558 1715 1600 es
1744 1559 1775 1598 a
1804 1542 1914 1600 Deo

336 1642 397 1688 ut
425 1632 608 1689 nudus
630 1651 647 1699 ;
668 1648 860 1688 verum
884 1649 1010 1689 ecce
1029 1633 1321 1693 occuluisti
1349 1634 1403 1688 in
1422 1642 1475 1689 te
1492 1633 1660 1693 Deum
1681 1635 1907 1690 nudum.

2015 535 2092 607 τῷ
2123 535 2270 604 γένει
2317 536 2431 590 τῶν
2469 534 2788 608 ἀνθρώπων.
2824 538 3093 592 ’Υπνωσα
3138 541 3197 592 ὲν
3243 536 3325 609 τῷ
3358 537 3588 609 σταυρῷ,

2015 624 2110 677 καὶ
2142 625 2388 697 ῥομφαίᾳ
2415 622 2650 696 ἐνύχθην
2682 626 2779 698 τὴν
2811 626 3051 699 πλευρὰν
3074 665 3089 690 ,
3135 627 3222 681 διὰ
3279 627 3339 681 σὲ
3396 628 3487 680 τὸν
3538 630 3593 682 ὲν

2017 716 2329 787 παραδείσῳ
2366 714 2690 773 ὑπνώσαντα
2717 756 2733 784 ,
2771 720 2865 773 καὶ
2908 720 3007 791 τὴν
3053 717 3196 773 Εὕαν
3254 718 3316 772 ἐκ
3356 718 3595 790 πλευρᾶς

2016 806 2396 876 ἐξενέγκαντα.
2441 807 2509 862 Ἦ
2556 809 2662 880 ἐμὴ
2692 809 2900 881 πλευρὰ
2937 809 3124 863 ἰάσατο
3173 808 3234 863 τὸ
3282 809 3448 878 ἄλγος
3499 810 3595 880 τῆς

2016 897 2293 971 πλευρᾶς·
2326 901 2355 953 6
2404 898 2539 969 ἐμὸς
2587 898 2755 964 ὕπνος
2803 899 2983 966 ἐξάξει
3019 917 3079 954 σε
3126 904 3191 955 ὲκ
3241 901 3334 955 τοῦ
3373 904 3434 955 ὲν
3491 902 3589 975 ᾄδῃ

2016 990 2187 1045 ὕπνου
2216 1007 2230 1020 ·
2258 991 2294 1061 ἡ
2326 990 2432 1061 ἐμὴ
2461 991 2705 1062 ῥομφαία
2733 990 2927 1063 ἔστησε
2956 993 3055 1064 τὴν
3080 991 3221 1045 κατά
3244 992 3336 1046 σοῦ
3371 1010 3595 1066 στρεφο-

2019 1081 2189 1154 μένην
2228 1078 2524 1154 ῥομφαίαν.
2569 1083 2770 1137 Λοιπὸν
2801 1082 3016 1155 ἔγειρε,
3054 1083 3274 1154 ἄγωμεν
3324 1084 3590 1141 ἐντεῦθεν.

2027 1172 2293 1244 Ἐξήγαγέ
2327 1189 2387 1226 σε
2434 1174 2464 1226 6
2517 1173 2713 1246 ἐχθρὸς
2756 1174 2865 1228 ἀπὸ
2904 1175 3017 1246 (57)
3071 1176 3174 1247 γῆς
3224 1176 3592 1249 παραδείσου·

2015 1265 2367 1319 ἅποκαθιστῶ
2398 1282 2458 1319 σε
2487 1266 2671 1320 οὐκέτι
2715 1268 2773 1321 ἐν
2816 1267 3127 1339 παραδείσῳ
3144 1255 3167 1332 ’,
3197 1268 3311 1322 ἀλλ’
3344 1270 3405 1323 ὲν
3438 1270 3596 1340 οὐρα-

2014 1356 2112 1428 νίῳ
2162 1355 2358 1429 θρόνῳ.
2427 1355 2707 1412 Ἐκώλυσά
2761 1374 2820 1412 σε
2866 1358 2959 1412 τοῦ
3017 1359 3171 1425 ξύλου
3219 1360 3314 1413 τοῦ
3366 1351 3594 1417 τυπικοῧ

2011 1447 2114 1519 τῆς
2164 1447 2312 1519 ζωῆς
2334 1490 2349 1517 ,
2408 1449 2524 1503 ἀλλ’
2571 1450 2679 1504 ίδοί)
2711 1451 2876 1515 αὐτὸς
2918 1451 3029 1520 ἐγὼ
3062 1451 3172 1523 (58)
3201 1452 3416 1525 ὴνώθην
3450 1471 3532 1508 σοι
3558 1457 3593 1529 η

2015 1539 2149 1609 ζωή.
2189 1538 2397 1603 Ἔταξα
2445 1539 2516 1592 τὰ
2564 1539 2834 1613 χερουόὶμ
2866 1541 3253 1613 δουλοπρεπῶς
3307 1545 3595 1615 φυλάττειν

2016 1639 2109 1676 σε’
2145 1623 2282 1676 ποιῶ
2307 1623 2375 1676 τὰ
2423 1625 2691 1697 χερουδὶμ
2744 1627 3063 1700 θεοπρεπῶς
3092 1633 3465 1704 προσκυνῆσαί
3508 1653 3587 1690 σε.
3644 1664 3659 1673 -

333 1721 560 1779 lndutus
595 1736 718 1777 eras
754 1720 983 1792 pudoris
1014 1722 1298 1793 pelliceam
1333 1730 1578 1790 vestem;
1611 1739 1796 1778 verum
1825 1724 1908 1778 in-

2015 1714 2285 1788 Ἐκρύόης
2305 1715 2413 1770 ἀπὸ
2444 1717 2579 1771 Θεοῦ
2601 1719 2678 1784 ὡς
2709 1723 2915 1793 γυμνός
2934 1740 2948 1755 ·
2977 1723 3092 1776 ἀλλ’
3117 1725 3224 1779 ἰδοὺ
3259 1724 3491 1798 ἔκρυψας
3519 1730 3585 1781 ἐν

344 1821 503 1871 ~altus
528 1829 648 1869 sum
676 1828 778 1889 ego
806 1812 951 1870 Deus
974 1824 1080 1869 tua:
1100 1813 1284 1870 carnis
1308 1815 1663 1885 sanguineam
1683 1825 1909 1871 vestem.

334 1907 606 1978 (κινυρὴ-θα
638 1906 869 1977 surgite,
900 1920 1094 1963 eamus
1123 1904 1272 1973 hinc,
1300 1919 1332 1958 a
1362 1913 1538 1960 morte
1567 1904 1634 1960 ad
1663 1907 1851 1972 vitam,
1882 1920 1913 1960 a

334 1997 693 2069 corruptione
723 1995 792 2050 ad
821 1995 1309 2061 immortalitatem,
1346 2009 1377 2049 a
1402 1995 1643 2052 tenebris
1666 1996 1732 2051 ad
1761 2004 1915 2051 aeter-

331 2103 457 2143 nam
481 2088 680 2142 lucem.
717 2085 957 2156 Surgite,
990 2101 1183 2141 eamus
1224 2085 1374 2150 hinc,
1406 2101 1437 2139 a
1466 2086 1656 2143 dolore
1688 2086 1755 2142 ad
1785 2085 1914 2141 latti-

332 2177 488 2240 tiam,
517 2193 582 2233 ex
620 2177 885 2233 servitute
917 2178 971 2230 in
998 2176 1306 2232 libertatem
1334 2192 1434 2243 ,ex
1462 2192 1682 2232 carcere
1715 2176 1772 2231 in
1802 2190 1912 2231 cm-

330 2267 520 2323 lestem
552 2265 1006 2338 Hierosolymam,
1033 2283 1097 2322 ex
1137 2266 1374 2323 vinculis
1407 2267 1461 2321 in
1490 2269 1821 2330 libertatem,
1844 2282 1911 2322 ex

330 2359 643 2427 captivitate
674 2358 743 2411 ad
782 2358 1022 2426 paradisi
1055 2356 1303 2421 delicias,
1344 2358 1400 2409 in
1443 2358 1644 2412 coelum
1674 2372 1705 2412 e
1744 2367 1906 2413 terra.

331 2445 458 2500 Ideo
490 2445 636 2499 enim
670 2452 921 2499 mortuus
966 2459 1112 2505 sum,
1148 2452 1203 2496 et
1247 2443 1547 2511 resurrexi,
1583 2452 1643 2497 ut
1678 2451 1732 2498 et
1761 2444 1911 2499 vivo-

331 2550 453 2590 rum
484 2544 536 2590 et
563 2546 909 2589 mortuorum
931 2535 1267 2588 dominatum
1290 2548 1557 2604 gererem.
1583 2534 1765 2600 Quare
1792 2551 1911 2591 sur-

329 2627 462 2698 gite,
496 2637 687 2680 eamus
726 2624 874 2679 hinc.
911 2622 1072 2679 Pater
1100 2622 1246 2678 enim
1284 2638 1440 2678 meus
1472 2623 1717 2680 calestis
1752 2639 1907 2680 ovem

329 2732 452 2788 quae
481 2716 640 2787 periit
677 2723 981 2787 exspectat.
1020 2713 1329 2786 Nonaginta
1365 2730 1558 2771 novem
1590 2717 1907 2787 angelorum

329 2823 460 2863 oves
491 2821 820 2863 conservum
855 2806 1187 2879 operiuntur
1213 2806 1387 2862 Adam
1427 2826 1441 2863 :
1479 2807 1699 2878 quando
1726 2823 1909 2864 resur-

329 2912 450 2974 get;
481 2902 700 2973 quando
725 2903 1005 2967 ascendet,
1034 2909 1088 2957 et
1118 2900 1183 2955 ad
1213 2900 1381 2956 Deum
1411 2909 1736 2957 revertetur.
1771 2902 1910 2958 Che-

326 2992 554 3048 rubicus
602 2995 835 3048 thronus
878 3001 1173 3063 apparatus
1220 2999 1327 3060 est,
1381 2991 1552 3061 geruli
1588 2992 1823 3062 prompti
1854 3000 1909 3048 et

326 3084 524 3155 parati,
559 3084 832 3138 thalamus
863 3091 1215 3138 constructus
1241 3092 1346 3150 est,
1371 3083 1549 3153 parati
1582 3084 1711 3149 cibi,
1747 3093 1908 3139 teter-

326 3190 396 3231 na
448 3175 803 3229 tabernacula
852 3186 908 3230 et
952 3176 1268 3231 mansiones
1320 3174 1622 3238 adornatae,
1664 3177 1907 3231 thesauri

326 3266 596 3320 bonorum
649 3264 821 3333 aperti
875 3273 1023 3329 sunt,
1080 3280 1420 3336 regnumque
1470 3266 1736 3320 caelorum
1781 3274 1908 3323 aute

326 3355 525 3410 sazcula
555 3363 806 3424 paratum
838 3362 944 3435 est.
987 3354 1119 3422 Quae
1153 3357 1349 3413 oculus
1381 3372 1493 3412 non
1522 3358 1682 3426 vidit,
1716 3367 1771 3414 et
1809 3375 1903 3414 au-

325 3444 405 3500 ris
440 3460 550 3500 non
584 3445 815 3509 audivit,
867 3454 922 3501 et
964 3447 1021 3501 in
1067 3461 1165 3502 cor
1210 3448 1448 3506 hominis
1487 3463 1595 3503 non
1633 3450 1929 3519 ascendit,‘

326 3550 448 3606 quae
473 3537 616 3591 bona
645 3534 918 3591 hominem
940 3530 1273 3608 exspectant
1296 3541 1335 3593 ί.

2015 1809 2192 1881 ἑαυτῷ
2216 1810 2349 1864 Θεὸν
2374 1810 2486 1881 (59)
2516 1813 2745 1884 γυμνόν.
2777 1815 3065 1887 Ἐνεδύθης
3088 1817 3180 1870 τὸν
3208 1818 3577 1891 τῆςάίσχύνης

2012 1897 2333 1969 δερμάτινον
2363 1898 2598 1979 χιτῶνας
2632 1901 2749 1956 ἀλλ’
2796 1903 3055 1976 ἐνεδόθην
3080 1905 3214 1969 Θεὸς
3255 1906 3325 1960 ῶν
3356 1909 3439 1965 τὸν
3478 1910 3577 1981 τῆς

2015 1990 2113 2062 σῆς
2164 1992 2367 2064 σαρκὸς
2416 1994 2702 2065 αίμάτινον
2746 1996 2858 2068 (40)
2893 1999 3116 2069 χιτῶνα.
3161 2000 3255 2054 Διὸ
3297 2002 3587 2075 ἐγείρεσθε,

2012 2082 2236 2154 ἄγωμεν
2269 2084 2522 2139 ἐντεῦθεν
2547 2127 2563 2153 ,
2596 2088 2704 2141 ἀπὸ
2754 2088 2848 2142 τοῦ
2895 2089 3123 2147 θανάτου
3154 2095 3234 2157 εἰς
3280 2093 3380 2166 τὴν
3426 2094 3591 2168 ζωὴν,

2012 2176 2120 2230 ἀπὸ
2146 2179 2245 2249 τῆς
2273 2178 2479 2252 φθορᾶς
2500 2183 2579 2245 είς
2607 2180 2951 2254 ἀφθαρσίαν,
2976 2185 3085 2238 ἀπὸ
3113 2185 3207 2240 τοῦ
3238 2187 3470 2252 σκότους
3516 2192 3598 2255 εἰς

2010 2268 2070 2322 τὸ
2110 2269 2327 2326 αἰώνιον
2380 2272 2516 2342 φῶς.
2543 2274 2875 2345 Ἐγείρεσθε,
2910 2276 3133 2348 ἄγωμεν
3174 2277 3422 2333 ἐντεῦθεν
3450 2321 3466 2344 ,
3493 2282 3600 2336 ἀπὸ

2012 2360 2110 2430 τῆς
2135 2360 2327 2434 ὀδύνης
2360 2365 2440 2427 είς
2482 2364 2822 2437 εὐφροσύνην
2845 2408 2860 2432 ,
2903 2368 3013 2421 ἀπὸ
3051 2369 3292 2435 δουλείας
3339 2372 3421 2435 είς
3458 2371 3600 2425 ἐλευο

2012 2449 2223 2523 θερίαν,
2254 2452 2362 2506 ἀπὸ
2401 2450 2649 2528 φυλακῆς
2691 2458 2773 2521 είς
2797 2458 2894 2531 τὴν
2919 2460 3029 2513 ἄνω
3063 2461 3414 2533 Ἰερουσαλὴμ
3439 2502 3455 2527 ,
3492 2463 3601 2517 ἀπὸ

2008 2540 2118 2594 τῶν
2142 2541 2359 2614 δεσμῶν
2401 2546 2496 2599 ὲπὶ
2527 2545 2626 2618 τὴν
2647 2548 2848 2611 ἄνεσιν,
2877 2551 2984 2604 ἀπὸ
3003 2551 3103 2622 τῆς
3122 2554 3357 2624 κατοχῆς
3383 2554 3478 2607 ἐπὶ
3500 2554 3601 2627 τὴν

2006 2631 2102 2686 τοῦ
2141 2634 2467 2706 παραδείσου
2500 2638 2740 2711 τρυφὴν,
2775 2641 2884 2695 ἀπὸ
2934 2642 3035 2713 τῆς
3062 2644 3165 2715 γῆς
3203 2646 3283 2708 εις
3323 2644 3413 2697 τὸν
3444 2647 3599 2717 οὐραο

2008 2723 2116 2780 νόν.
2154 2726 2279 2780 Ἐπὶ
2307 2728 2470 2783 τοῦτο
2506 2730 2616 2807 γὰρ
2645 2731 2936 2798 ἀπέθανον,
2966 2735 3059 2788 καὶ
3081 2735 3310 2808 ἀνέστην
3338 2736 3474 2808 (Al),
3510 2739 3596 2792 ἵνα

2008 2814 2102 2868 καὶ
2135 2817 2342 2888 νεκρῶν
2389 2818 2485 2874 καὶ
2521 2820 2739 2884 ζώντων
2773 2824 3066 2894 κυριεύσω.
3106 2826 3439 2899 Ἐγείρεσθε,
3462 2830 3609 2896 ἄγω·

2012 2924 2110 2977 μεν
2136 2909 2411 2964 ἐντεῦθεν·
2440 2913 2469 2964 6
2489 2912 2597 2984 γὰρ
2622 2915 2813 2987 Πατήρ
2842 2933 2943 2987 μου
2958 2917 3245 2992 δοὺράνιος
3298 2921 3360 2974 τὸ
3390 2922 3593 2975 ἀπολω-

2010 2998 2099 3063 λὸς
2126 3001 2402 3073 ἐκδέχεται
2447 3006 2740 3077 πρόϐατον.
2787 3007 2868 3062 Τά
2906 3009 3257 3083 ἐννενήκοντα
3294 3013 3453 3067 ὲννέα
3491 3013 3599 3068 τῶν

2013 3091 2257 3161 ἀγγέλων
2288 3095 2538 3166 πρόϐατα
2596 3101 2686 3155 τὸν
2713 3100 2999 3155 σύνδουλον
3024 3103 3383 3174 ἀναμένουσιν
3399 3105 3595 3176 Ἀδὰμ,

2014 3180 2142 3233 πότε
2174 3181 2377 3256 ἀναστῇ
2398 3224 2413 3248 ,
2446 3188 2540 3242 καὶ
2585 3190 2717 3243 πότε
2750 3190 2948 3263 ἀνέλθῃ
2994 3193 3086 3246 καὶ
3112 3194 3249 3266 πρὸς
3279 3194 3413 3249 Θεὸν
3435 3197 3596 3250 ἐπανο

2013 3270 2166 3345 έλθῃ.
2191 3274 2523 3347 Χερουϐικδς
2575 3279 2765 3353 θρόνος
2794 3283 3190 3354 ηὐτρέπισται·
3226 3288 3277 3339 oi
3304 3288 3592 3362 ἀναφέρον⁹

2010 3380 2102 3428 τες
2127 3364 2267 3431 ὀξεῖς
2295 3385 2353 3421 τε
2385 3370 2481 3423 κα)⁸
2512 3372 2719 3446 ἕτοιμοι
2739 3392 2751 3405 ·
2786 3377 2815 3428 6
2837 3375 3064 3448 νυμφὼν
3103 3381 3546 3452 παρεσκεύασται
3576 3399 3590 3411 ·

2011 3454 2282 3529 ἐδέσματα
2320 3460 2543 3534 ἕτοιμα*
2581 3467 2638 3519 αἱ
2673 3466 2880 3523 αίώνιοι
2912 3472 3111 3542 σκηναὶ
3141 3473 3236 3527 κα)⁵
3268 3476 3428 3544 μοναὶ
3457 3474 3595 3527 ἕτοι-

2014 3564 2142 3619 μοι’
2180 3552 2229 3637 οἱ
2268 3550 2532 3626 θησαυροὶ
2576 3557 2686 3612 τῶν
2736 3560 2955 3628 ἀγαθῶν
2998 3562 3347 3635 ἀνεῴχθησαν
3371 3605 3386 3629 ,
3419 3567 3454 3637 ὴ
3487 3565 3595 3618 τῶν

324 3628 569 3732 οὐρανῶν
599 3625 984 3732 βασιλεία,πῴ
1009 3629 1235 3732 αἰῶνωνλ
1251 3631 1581 3732 prcipu-ovat
1600 3648 1614 3663 ·
1646 3632 1683 3687 ἀ
1718 3632 1995 3732 ὀφθαλμᾷ
2026 3640 2126 3693 οὐκ
2152 3636 2295 3696 οἶδεν
2315 3686 2330 3711 ,
2358 3625 2459 3698 καὶ(
2511 3644 2603 3712 οὖς
2668 3625 2998 3723 οὐκ-ἤκουσε
3022 3694 3039 3720 ,
3211 3625 3305 3711 έπὶ
3366 3625 3595 3732 παρδίαν

323 3713 611 3788 ἀνθρώπου
641 3716 742 3770 οὐκ
768 3717 935 3789 ἀνέϐη
956 3758 970 3782 ,
1020 3717 1057 3772 ἃ
1094 3719 1276 3788 ἀγαθά
1321 3720 1414 3774 τὸν
1448 3720 1736 3793 ἄνθρωπον
1762 3727 2138 3797 περιμένουσι.

393 3828 520 3884 lianc
551 3836 604 3884 et
630 3828 717 3885 his
754 3829 955 3884 similia
988 3828 1253 3887 Dominus
1286 3846 1410 3886 cum
1441 3833 1780 3904 loqueretur,
1807 3851 1900 3892 re-

324 3919 498 3990 surgit
523 3933 648 3973 cum
678 3934 764 3983 eo,
800 3919 893 3990 qui
928 3920 980 3974 in
1013 3921 1133 3990 ipso
1174 3921 1508 3993 conjunctus
1536 3932 1655 3997 erat
1681 3924 1853 3981 Adam
1881 3944 1898 3995 ;

324 4013 563 4069 surrexit
609 4027 720 4067 una
768 4021 823 4068 et
859 4012 989 4079 Eva,
1023 4022 1078 4069 et
1124 4014 1230 4070 alia
1283 4017 1453 4071 multa
1495 4032 1748 4089 corpora,
1780 4035 1902 4090 quae

323 4118 448 4160 cum
485 4104 585 4160 [ide
613 4119 643 4158 a
671 4105 870 4160 saeculo
898 4105 1265 4171 dormiebant,
1294 4118 1735 4178 resurrexerunt,
1758 4127 1900 4182 pra:-

322 4194 562 4251 dicantia
580 4194 794 4250 Domini
816 4204 937 4267 post
954 4196 1199 4251 triduum
1218 4200 1698 4256 resurrectionem.
1725 4202 1900 4268 Quam

319 4285 596 4349 alacriter,
638 4300 670 4340 ο
701 4286 917 4341 ﬁdeles!
951 4287 1335 4356 suscipiamus,
1366 4288 1650 4345 videamus
1708 4301 1763 4347 et
1795 4308 1904 4347 am-

322 4376 653 4446 plectamur,
686 4389 811 4429 cum
845 4376 1055 4447 angelis
1084 4379 1286 4433 choros
1325 4377 1610 4447 ducentes,
1639 4396 1763 4436 cum
1815 4383 1901 4437 in-
1935 4354 1979 4409 θ

320 4649 602 4717 excitavit,
651 4658 705 4706 et
755 4649 881 4705 vita:
928 4658 1145 4715 aeternae
1188 4652 1446 4708 restituit.
1474 4652 1575 4708 Cui
1631 4655 1803 4727 gloria
1850 4666 1904 4713 et

322 4742 610 4817 imperium
658 4758 781 4799 cum
832 4743 994 4801 Patre
1044 4745 1374 4817 principium
1424 4760 1533 4801 non
1564 4747 1821 4819 habente,
1849 4759 1904 4807 et

322 4838 695 4899 sanctissimo,
726 4845 888 4907 atque
918 4838 1144 4907 optimo,
1175 4847 1229 4892 et
1256 4835 1567 4893 vivificante
1594 4855 1697 4895 suo
1729 4840 1904 4912 Spiri-

322 4937 378 4982 tu
434 4946 447 4981 :
499 4944 650 4983 nunc
692 4936 742 4983 et
783 4944 1039 4999 semper,
1089 4939 1142 4984 et
1196 4929 1250 4983 in
1303 4929 1502 4983 saecula
1549 4933 1897 4992 saeculorum.

319 5020 515 5077 Amen.

392 5130 406 5160 ¹
450 5127 472 5182 Ι
495 5129 621 5185 Cor.
652 5146 714 5195 ιι,
735 5130 790 5186 9.

413 5239 505 5313 ἓῖ)
534 5260 625 5312 τρι
660 5241 928 5313 ἐξήγαγόν
954 5258 1012 5296 σε
1042 5242 1168 5298 ἀπόο

412 5311 502 5381 58)
534 5311 625 5381 γρ.
653 5311 816 5377 αὐτὸς
844 5312 984 5378 ὅλος.

657 5382 776 5435 ὅλον
804 5384 929 5454 ᾼὲμέ.

415 5448 504 5523 49)
531 5448 619 5520 γρ.
645 5448 985 5523 δερμάεινον.

413 5518 501 5602 ιι)
534 5518 624 5589 γρ.
665 5518 900 5593 Χριστὸς
956 5524 1219 5592 ἀπέθανε,
1265 5529 1359 5582 καὶ
1412 5531 1653 5602 ἀνέστη,
1699 5541 1751 5587 et
1804 5553 1895 5590 κυ-

309 5584 534 5660 ptem.

2079 3845 2267 3900 Ταῦτα
2309 3850 2398 3903 καὶ
2439 3852 2508 3908 τὲ
2561 3853 2784 3909 τοιαῦτα
2839 3857 2933 3913 τοῦ
2991 3863 3260 3917 Δεσπότου
3319 3865 3591 3936 λέγοντος,

2007 3933 2318 4029 ἀνίστανται
2377 3941 2473 3995 σὺν
2525 3944 2674 4016 αὐτῷ
2739 3945 2850 4019 (42)
2901 3950 2930 4002 6
3000 3953 3056 4004 ὲν
3114 3953 3261 4024 αὑτῷ
3316 3933 3591 4029 ἡνωμένος

2021 4024 2220 4098 Ἀδὰμ,
2279 4031 2374 4085 καὶ
2436 4036 2819 4091 συνανίσταται
2884 4041 2977 4093 καὶ
3041 4046 3074 4114 ἡ
3126 4043 3237 4098 Εὕα
3266 4061 3281 4077 ·
3315 4024 3590 4104 παὶτᾶλλα

2008 4117 2176 4172 πολλά
2203 4122 2428 4194 σώματα
2466 4126 2643 4197 πίστει
2679 4130 2775 4183 ἀπ’
2817 4132 3011 4198 αἰῶνος
3042 4140 3417 4210 κεκοιμημὲνα
3483 4141 3595 4214 (4⁸5)

2008 4210 2313 4309 ἀνέστησαν
2380 4220 2719 4292 κηρύττοντα
2792 4226 2886 4280 τοῦ
2950 4230 3221 4284 Δεσπότου
3292 4210 3592 4309 τριήμερον

2008 4306 2304 4363 ἀνάστασιν
2329 4311 2462 4385 (44),
2497 4315 2563 4387 ἢν
2590 4318 2853 4390 φαιδρῶς,
2880 4323 2926 4374 οἱ
2952 4325 3152 4391 πιστοὶ,
3181 4306 3590 4398 ὑπώεξώμεθα,

2004 4673 2404 4749 ἀναστήσαντα,
2446 4683 2537 4736 καὶ
2571 4683 3017 4759 ζωοποιήσαντα’
3063 4686 3108 4762 ᾧ
3150 4695 3185 4765 ή
3224 4673 3370 4761 δόξα,
3403 4673 3500 4749 παὶ
3525 4698 3591 4752 τὸ

2005 4765 2209 4838 κράτος
2264 4770 2360 4824 σὺν
2406 4772 2485 4845 τῷ
2537 4776 2760 4850 ἀνάρχῳ
2795 4781 2907 4855 (45)
2939 4782 3101 4837 αὑτοῦ
3137 4785 3332 4857 Ila-cpt,
3381 4788 3594 4860 καὶτῷ

2004 4863 2257 4936 παναγίῳ
2313 4866 2408 4920 καὶ
2475 4868 2665 4940 ἀγαθῷ
2736 4875 2831 4927 καὶ
2889 4875 3138 4946 ζωοποιῷ
3194 4877 3360 4933 αὑτοῦ
3415 4880 3595 4935 Ilvati-

2007 4971 2133 5024 ματι
2152 4973 2164 4985 ·
2202 4956 2297 5012 νῦν
2329 4960 2420 5013 καὶ
2454 4962 2538 5015 ἀεὶ
2595 4964 2690 5017 καὶ
2727 4966 2805 5029 είς
2831 4967 2957 5032 τοὺς
2986 4967 3187 5034 αἰῶνας
3211 4960 3318 5025 τῶν
3350 4969 3590 5027 αἰώνων.

2017 5046 2207 5118 Ἀμήν.

2073 5266 2185 5360 HE?
2213 5284 2304 5360 τεο
2341 5268 2612 5360 “ericio!
2645 5274 2706 5357 ἐι
2839 5276 3017 5360 ea..-

2228 5353 2316 5405 no.
2368 5336 2595 5409 σώματα
2639 5345 2747 5398 τῶν
2778 5335 2875 5401 ἀπ’
2914 5335 3119 5413 ἀἰῶνος
3158 5347 3585 5420 κεκοιμημένων

2071 5472 2182 5612 (44)
2216 5483 2307 5544 γρ.
2336 5475 2575 5548 ἔγερσιν.

2095 5542 2183 5612 45)
2209 5562 2296 5612 π).
2326 5546 2575 5612 ἀθανάτῳ

2095 5542 2183 5613 45)
2326 5542 2596 5623 ἀθανάτῳ.
