3948 6196
312 343 390 400 ιιες
691 317 694 320 ’
1065 348 1350 406 llOMlLlA
1378 353 1441 408 111
1479 353 1540 410 IN
1610 353 1717 410 011-:
1760 355 1860 412 ne:

1970 355 2366 415 lRECTIOle
2397 359 2686 416 CHRISTI.

1031 469 1108 524 Γ’.

309 576 350 625 Τ(
370 572 400 624 ὗ
425 574 495 625 ἐν
523 573 727 654 -ᾀτίοις
757 580 991 654 Πατρός
1027 583 1197 651 ἡμῶν
1248 585 1592 654 Ἐπιεςανίου
1620 588 1863 642 ἐπισκό-

360 659 469 728 εξοο
514 645 757 713 Κύπρου
786 645 968 718 λόγος
995 645 1081 718 εὶξ
1112 654 1228 723 τὴν
1253 657 1316 726 d7
1330 645 1433 711 ίάν
1462 658 1570 711 τοῦ
1604 658 1861 728 Χριστοῦ

360 713 585 768 ἀνάστα
593 731 739 769 σιν.-

799 824 992 896 Κύριε,
1027 829 1341 901 εὑλόγησον.

375 911 428 964 Ὀ
453 911 544 982 τῆς
567 913 914 986 δικαιοσύνης
939 920 1235 993 τριήμερος
1267 923 1458 989 ’Ἥλιος
1496 926 1734 981 ἀνέτειλε
1765 928 1862 997 σὴς

301 1019 471 1072 μερον,
498 1005 592 1057 καὶ
624 1009 803 1061 πᾶσαν
834 1008 933 1079 τὴν
961 1011 1138 1066 κτίσιν
1181 1014 1444 1083 ἐφώτισεν
1464 1034 1478 1046 ·
1511 1019 1538 1070 6
1565 1019 1688 1088 τριή
1700 1035 1863 1090 μερος

297 1093 376 1145 καὶ
426 1095 748 1165 προσιώνιος
792 1101 1030 1170 Χριστὸς
1067 1104 1094 1155 6
1133 1103 1330 1176 βότρυς
1393 1107 1724 1177 ἐϐλάστησε,
1768 1109 1862 1161 καὶ

295 1186 379 1254 τήν
406 1188 733 1260 οἰκουμένην
780 1192 1120 1265 εὐφροσύνης
1151 1197 1459 1268 ἐπλήρωσε.
1498 1201 1601 1254 Τὸν
1629 1201 1862 1254 ἁνέσπε-

290 1293 372 1346 ρον
398 1277 598 1348 ὄρθρον
647 1279 863 1352 ἴδωμεν,
903 1284 1010 1352 πρὸ
1043 1286 1240 1356 ὄρθρου
1273 1290 1571 1363 ἐγείρωμεν
1601 1293 1858 1364 σήμερον,

289 1367 369 1420 καὶ
400 1367 578 1435 φωτὺς
602 1371 777 1439 χαρᾶς
801 1371 1201 1445 ἐπληρώθημεν
1237 1377 1373 1447 (46).
1399 1378 1571 1433 Πύλαι
1600 1379 1727 1450 ᾆδον
1756 1381 1861 1435 ὑπὸ

283 1456 516 1525 Χριστοῦ
566 1460 914 1530 ἠνοίχθησαν,
958 1465 1050 1517 καὶ
1101 1469 1288 1538 νεκροὶ
1324 1469 1400 1534 ὡς
1443 1470 1504 1535 ἐξ
1543 1463 1708 1525 ὕπνου
1765 1473 1860 1527 ἀν-

283 1547 534 1620 έστησαν.
589 1553 809 1625 Ἀνέστη
841 1557 1074 1627 Χριστὸς
1111 1561 1142 1629 ή
1177 1561 1284 1613 τῶν
1318 1563 1594 1617 πεσόντων
1623 1565 1859 1618 ἀνάστα-

278 1654 381 1702 σις,
430 1641 528 1693 καὶ
577 1644 668 1696 τὸν
731 1645 900 1717 Ἀδὰμ
943 1649 1298 1722 συνήγειρεν·
1337 1653 1534 1724 ἀνέστη
1568 1656 1860 1728 Χριστὸςή

277 1733 490 1787 ’πάντων
556 1735 874 1802 ἀνάστασις,
935 1741 1028 1792 καὶ
1080 1743 1180 1812 τὴν
1238 1744 1381 1798 Εὕαν
1457 1747 1560 1818 τῆς
1607 1749 1855 1820 κατάρας

275 1827 617 1898 ἀπήλλαξεν·
665 1829 860 1903 ἀνέστη
893 1834 1126 1904 Χριστὸς
1253 1839 1572 1904 ἀνάστασις,
1625 1842 1719 1894 καὶ
1766 1841 1857 1894 τὸν
1894 1821 1933 1876 Β

276 1920 394 1991 πρὶν
416 1921 692 1991 ἄκοσμον,
718 1925 810 1977 καὶ
824 1925 894 1978 τὰ
914 1926 1051 1996 (ιδ’)
1087 1931 1372 2000 κοσμήσας
1394 1933 1708 2004 ἑφαίδρυνεν
1729 1950 1742 1964 °
1767 1932 1856 1998 ἐξω

276 2009 470 2081 ηγέρθη
513 2010 594 2074 ὡς
625 2011 654 2063 6
687 2013 868 2067 ὑπνῶν
906 2015 1128 2086 Κύριος,
1165 2021 1406 2084 καὶτοὺς
1439 2022 1663 2094 ἐχθροὺς
1694 2023 1856 2077 αὐτοῦ

277 2103 474 2167 πᾶντας
537 2105 782 2170 πατάξας
828 2109 1187 2179 κατῄσχυνεν.
1247 2112 1492 2184 Ἀνέστη,
1549 2116 1644 2167 καὶ
1682 2114 1858 2185 χαρὰν

277 2195 408 2267 πάσῃ
443 2200 519 2267 τῇ
567 2199 742 2252 κτίσει
770 2199 1107 2272 ὲδωρήσατο’
1141 2204 1362 2276 ἀνέστη,
1387 2208 1482 2260 καὶ
1521 2208 1580 2259 τὸ
1604 2206 1697 2259 τοῦ
1731 2207 1856 2278 ᾅδου

274 2287 652 2360 δεσμωτήριον
682 2291 921 2363 ἐκενώθη
942 2311 954 2323 °
991 2295 1212 2366 ἀνέστη,
1258 2299 1351 2350 καὶ⁵
1375 2299 1474 2369 τὴν
1508 2298 1714 2369 φθορὰν
1761 2299 1860 2370 τῆς

276 2380 479 2450 φύσεως
518 2385 605 2446 είς
633 2383 942 2456 ἀφθαρσίαν
971 2389 1285 2459 μετήγαγεν
1307 2406 1321 2420 ο
1363 2389 1561 2460 ἀνέστη
1602 2389 1856 2460 Χριστὸς,

274 2475 356 2525 καὶ
383 2476 474 2526 τὸν
523 2475 702 2545 Ἀδὰμ
720 2477 800 2540 είς
837 2477 897 2529 τὸ
937 2481 1164 2548 ἀρχαῖον
1185 2480 1400 2551 ἀξίωμα
1426 2481 1528 2551 τῆς
1560 2481 1859 2545 ἀθανασίας

273 2565 504 2635 κατέστη
517 2583 632 2618 σεν.
660 2567 819 2630 Ἤτις
841 2569 896 2621 ὲν
923 2569 1146 2640 Χριστῷ
1169 2572 1324 2641 καινὴ
1345 2570 1519 2634 κτίσις
1540 2574 1605 2642 τῇ
1629 2571 1863 2625 ἀναστά-

3432 367 3532 426 ιθε

2715 482 2794 538 ΙΙΙ.

1949 592 2152 648 .Sancti
2185 593 2464 666 Epiphnuii
2516 596 2743 663 episcopi
2798 596 2959 666 Cypri
2987 604 3158 666 oratio
3201 606 3256 658 in
3293 614 3535 660 sanctam

2330 664 2531 718 Christi
2574 663 3006 723 resurrectionem
3031 663 3188 742 (45³⁸).

2393 838 2651 906 Benedic,
2688 841 2936 898 Domine.

2037 928 2598 998 Triduauusjustitiae
2639 928 2730 985 Sol
2767 930 3030 985 hodierna
3062 931 3149 988 die
3193 934 3531 1000 resurrexit,

1963 1029 2288 1090 creatasque
2339 1035 2427 1076 res
2475 1037 2666 1078 omnes
2713 1036 2813 1076 sua
2854 1022 2973 1077 luce
3015 1024 3375 1080 collustravit.
3410 1025 3534 1079 Tri-

1963 1110 2202 1176 duauus,
2236 1109 2481 1178 inquam,
2520 1110 2631 1173 ille,
2664 1118 2826 1180 atque
2861 1112 3115 1168 omnibus
3146 1114 3295 1182 prior
3319 1117 3534 1170 saeculis

1963 1200 2246 1267 Christus;
2295 1201 2399 1266 sic,
2443 1208 2706 1270 tanquam
2742 1203 2952 1264 botrus,
2985 1204 3325 1273 germinavit,
3359 1220 3422 1259 ac
3453 1214 3532 1261 to-

1963 1302 2078 1347 tum
2115 1302 2383 1349 terrarum
2428 1294 2612 1348 orbem
2667 1293 2854 1348 laetitia
2886 1295 3197 1364 complevit.
3233 1293 3366 1365 Age,
3394 1296 3536 1354 dilu-

1962 1387 2168 1451 culum,
2198 1385 2343 1455 quod
2395 1398 2679 1456 vesperam
2734 1387 2966 1457 ignorat,
3010 1389 3320 1441 intueamur
3359 1407 3371 1442 :
3413 1397 3538 1444 ante

1962 1477 2263 1532 diluculum
2295 1491 2586 1547 surgamus
2622 1478 2816 1545 hodie,
2852 1486 2903 1533 et
2929 1477 3222 1534 hilaritatis
3244 1479 3363 1533 luce
3389 1494 3538 1534 com-

1962 1568 2231 1638 pleamur.
2263 1565 2568 1621 lnferorum
2606 1581 2636 1620 a
2661 1568 2880 1622 Christo
2912 1568 3196 1639 patefacta:
3242 1577 3370 1624 sunt
3413 1585 3538 1640 por-

1964 1667 2029 1712 tae
2049 1701 2063 1725 ,
2097 1673 2162 1712 ac
2185 1657 2386 1712 mortui
2421 1658 2572 1713 velut
2596 1673 2625 1711 a
2651 1673 2846 1713 somno
2878 1670 3260 1714 surrexerunt.
3293 1659 3542 1714 Surrexit

1961 1748 2218 1804 Christus
2242 1761 2434 1803 eorum
2462 1750 2817 1815 resurrectio,
2841 1749 2933 1820 qui
2963 1749 3293 1812 ceciderant,
3325 1757 3378 1804 et
3401 1747 3543 1804 Ada-

1964 1855 2111 1894 mum
2165 1855 2273 1894 una
2327 1855 2526 1920 secum
2563 1841 2843 1895 excitavit.
2900 1841 3220 1896 Resurrexit
3265 1840 3541 1907 Christus,

1961 1932 2270 1987 communis
2299 1932 2542 1986 omnium
2576 1934 2926 1999 resurrectio,
2988 1942 3151 2004 atque
3179 1932 3343 1987 Evam
3371 1949 3399 1987 a
3427 1949 3544 1987 ma-

1962 2023 2162 2077 ledicto
2199 2022 2466 2076 liberavit.
2502 2021 2826 2077 Resurrexit
2877 2023 3152 2088 Christus,
3176 2023 3540 2093 eumque,qui

1961 2113 2225 2170 deformis
2260 2115 2524 2170 hactenus
2581 2123 2636 2169 et
2669 2115 2994 2170 invenustus
3022 2124 3164 2181 erat,
3200 2130 3343 2170 novo
3374 2130 3540 2171 orna-

1962 2217 2017 2262 tu
2051 2218 2104 2263 et
2139 2208 2412 2262 hilaritate
2444 2207 2725 2278 perfudit;
2760 2209 3030 2264 excitatus
3090 2215 3193 2272 est,
3237 2207 3384 2262 velut
3413 2207 3537 2262 dor-

1963 2301 2160 2364 miens,
2193 2299 2476 2364 Dominus,
2509 2307 2563 2354 ct
2603 2300 2786 2356 hostes
2829 2315 2960 2354 suos
3013 2313 3206 2354 omnes
3241 2298 3544 2354 fmdissima

1964 2399 2145 2462 strage
2172 2392 2388 2445 cecidit.
2453 2391 2800 2456 Rcsurrcsit,
2837 2406 2899 2446 ac
2933 2390 3136 2445 creatis
3164 2391 3331 2446 rebus
3364 2391 3547 2444 omni-

1964 2483 2067 2538 bus
2113 2481 2372 2553 gaudium
2424 2482 2642 2546 attulit;
2675 2481 2996 2546 resurrexit,
3027 2489 3082 2535 et
3114 2479 3414 2534 inferorum
3448 2495 3544 2533 va-

1962 2581 2160 2628 cuatus
2187 2583 2272 2629 est
2300 2588 2531 2639 carcer;
2568 2573 2899 2634 resurrexit,
2934 2581 2986 2627 et
3018 2581 3230 2626 naturae
3259 2581 3543 2643 corrupte-

275 2670 345 2706 τει
391 2655 849 2727 ἀνακαινίζηται·
932 2658 1056 2729 ἥτις
1146 2663 1202 2712 ὲν
1250 2661 1473 2732 Χριστῷ
1525 2662 1710 2725 καινὸς
1760 2661 1856 2714 x6-

271 2763 398 2814 ιμος
426 2747 578 2816 (47),
614 2748 979 2819 κοσμηθῶμεν
1011 2753 1059 2803 οἱ
1095 2752 1357 2822 ἄκοσμον
1393 2755 1513 2822 ἥτις
1543 2755 1600 2806 ὲν
1645 2753 1864 2824 Χριστῷ

278 2839 615 2910 Ἐκκλησία,
669 2841 855 2905 καινὸς
899 2843 1126 2913 οὐρανὸς
1184 2845 1451 2916 σήμερον·
1503 2847 1731 2917 οὐρανὸς
1769 2847 1860 2900 τοῦ

1970 2851 2316 2906 mortalitatis
2376 2851 2634 2905 restituit.
2673 2849 3024 2919 Quaecunque
3075 2855 3160 2903 est
3213 2847 3267 2901 in
3322 2847 3547 2902 Christo

266 2931 556 3002 ὁρωμένου
585 2932 812 3003 ούρανοῦ
843 2936 1190 3008 ὡραιότερος.
1251 2938 1326 2990 Οὐ
1359 2938 1468 3009 γὰρ
1508 2938 1656 3009 ἥλιον
1705 2941 1860 3012 περί-

1970 2960 2109 2998 nova
2155 2951 2406 2999 creatura
2432 2982 2446 3006 ,
2482 2943 2887 2997 resurrectione
2933 2947 3196 3006 novetur;
3228 2936 3322 3009 qui
3369 2952 3546 2994 novus

263 3040 442 3076 κειται
476 3024 857 3096 καθημερινὸν
881 3027 1125 3093 δύνοντα,
1153 3030 1340 3084 Ἥλιον
1359 3030 1402 3084 δ’
1429 3031 1487 3086 ὃν
1513 3033 1605 3084 ἐπὶ
1633 3033 1860 3104 σταυροῦ

1970 3039 2052 3086 est
2077 3031 2314 3087 mundus
2345 3033 2361 3050 ¹
2382 3034 2400 3053 ⁶
2418 3033 2435 3054 ⁸
2458 3046 2559 3086 nos
2588 3038 2816 3086 ornatus
2846 3037 3095 3100 expertes
3119 3043 3406 3094 orncmur;
3427 3042 3548 3098 quae

265 3117 550 3180 αἰδεσθεὶς
577 3117 763 3171 ἔδυσεν
793 3121 822 3173 6
848 3121 1032 3185 δοῦλος
1077 3115 1234 3186 οὗτος
1282 3123 1453 3194 ἥλιος,
1491 3125 1701 3191 ἽΙλιον,
1741 3128 1860 3198 περὶ

1973 3121 2025 3174 in
2057 3121 2274 3176 Christo
2307 3129 2393 3176 est
2418 3117 2686 3185 Ecclesia,
2725 3131 2923 3173 novum
2981 3117 3142 3172 hodie
3186 3116 3384 3171 cretum
3415 3120 3501 3169 est
3531 3131 3545 3168 :

260 3205 316 3263 οὗ
337 3229 521 3281 φησιν
566 3214 594 3265 6
627 3214 935 3284 προφήτης,
986 3215 1284 3270 Ἁνατελεῖ
1311 3215 1434 3282 τοῖς
1477 3217 1860 3287 φοϐουμένοις

1974 3213 2194 3275 coelum,
2247 3211 2491 3280 inquam,
2523 3209 2842 3281 aspectabili
2894 3209 2987 3263 illo
3035 3207 3176 3263 caelo
3226 3206 3546 3262 formosius.

265 3301 366 3353 τίὲν
418 3303 677 3368 Ἰησοῦν
726 3301 1062 3372 (48)”Η.ιιος
1103 3305 1517 3375 δικαιοσύνης,
1563 3308 1772 3374 Ἥλιον,
1810 3309 1860 3362 ὃν

1973 3301 2159 3372 Neque
2187 3303 2330 3356 enim
2363 3303 2532 3358 solem
2575 3301 2728 3356 illum
2777 3301 2966 3364 ambit,
2999 3301 3092 3370 qui
3125 3295 3370 3371 quotidie
3399 3297 3548 3370 occi-

259 3393 289 3460 ή
338 3393 660 3462 Ἐκκλησία
732 3393 1007 3465 ἀειλαμπῆ
1041 3395 1461 3467 περιϐέϐληται,
1497 3397 1564 3450 δι’
1609 3399 1668 3451 ὃν
1709 3415 1860 3469 φησιι

1973 3391 2052 3446 dit
2087 3408 2100 3444 :
2135 3392 2230 3447 sed
2273 3407 2396 3447 eum
2440 3391 2643 3454 Solem,
2693 3405 2854 3462 quem
2901 3392 2956 3445 in
3007 3405 3171 3446 cruce
3220 3402 3548 3460 suspensum

263 3483 295 3550 ἡ
321 3481 529 3553 Γραφῇ
559 3498 572 3510 ’
609 3483 812 3548 ’Ἠλιος
828 3482 1086 3551 ἐξῆλθεν
1111 3487 1196 3550 εἰς
1220 3484 1358 3554 γῆν,
1386 3486 1483 3539 καὶ
1509 3486 1715 3540 Λωτὸν
1736 3486 1860 3557 (49),

1975 3481 2212 3536 famulus
2256 3482 2359 3536 iste
2387 3482 2470 3536 sol
2495 3481 2762 3537 reveritus
2793 3481 2998 3536 occidit
3026 3498 3038 3534 :
3071 3481 3273 3547 Solem,
3306 3481 3548 3548 inquam,

252 3573 334 3636 είς
382 3574 584 3626 τύπον
633 3571 726 3624 τοῦ
781 3573 967 3643 νόμου,
1023 3573 1312 3642 εἰσῆλθεν
1348 3578 1437 3641 είς
1477 3575 1688 3646 Σιγὼρ,
1733 3577 1860 3648 ὅπερ

1975 3573 2042 3629 de
2087 3587 2196 3642 quo
2249 3573 2326 3628 ita
2377 3573 2641 3642 propheta
2677 3573 2965 3643 loquitur:
3001 3573 3219 3628 Orietur
3246 3573 3551 3626 timentibus

253 3667 608 3733 σμικρότης
643 3664 1019 3735 ἑρμηνεύεται.
1055 3660 1223 3730 Οὗτος
1259 3669 1287 3721 6
1313 3667 1498 3732 ’Ἥλιος
1528 3668 1760 3738 σοφίςων
1806 3665 1860 3721 td

1977 3663 2261 3718 Dominum
2299 3665 2395 3719 Sol
2419 3664 2705 3735 justitiaz‘.
2743 3665 2926 3720 Solem
2960 3665 3111 3718 illum
3166 3663 3420 3734 denique,
3457 3663 3550 3734 qui

248 3759 440 3829 ἄσοφοι
464 3777 477 3789 ·
525 3752 689 3822 οὗτος
721 3757 750 3809 ὁ
796 3759 984 3822 ’Ἥλιος
1013 3761 1071 3811 ὲν
1095 3758 1172 3828 τῷ
1206 3758 1415 3830 στερεῷ·
1443 3759 1580 3830 μετὰ
1617 3760 1728 3831 (50)
1761 3761 1860 3830 τῆς

1976 3757 2198 3812 assidue
2229 3754 2442 3824 fulgens
2474 3754 2735 3811 Ecclesiae
2757 3755 3130 3811 circumfusus
3161 3761 3266 3810 est.
3288 3755 3368 3809 Ad
3390 3769 3550 3825 quem

248 3851 420 3919 ἡμῶν
468 3851 724 3913 πίστεως
767 3850 1175 3921 τεθεμελίωται.
1208 3851 1307 3903 Διὰ
1332 3849 1520 3904 τοῦτον
1552 3849 1642 3903 τὸν
1671 3851 1768 3922 τῆς
1795 3851 1860 3904 δι·

1975 3847 2276 3917 respiciens
2305 3845 2588 3916 Scriptura
2617 3846 2755 3900 dixit
2820 3853 2835 3891 ε
2905 3845 3000 3903 Sol
3034 3860 3269 3914 egressus
3297 3857 3372 3900 est
3402 3863 3559 3915 super

243 3942 581 4011 καιοσύνης
611 3939 799 3992 Ἥλιον
840 3939 1076 4010 Χριστὸν
1099 3939 1325 4010 οὐρανὸς
1369 3941 1401 4010 ή
1449 3939 1744 4009 Ἐκκλησία
1780 3956 1860 4007 γει

1975 3951 2194 4004 terram,
2231 3946 2278 3990 et
2323 3935 2444 4008 Lat,
2479 3937 2531 3989 in
2567 3936 2795 4007 ﬁguram
2845 3935 2998 4005 legis,
3035 3935 3301 4004 ingressus
3341 3943 3419 3988 est
3457 3933 3554 3988 Se-

241 4036 503 4104 γένηται
536 4050 552 4062 ·
604 4033 667 4084 οὐ
705 4031 932 4103 σελήνην
967 4031 1236 4099 αὔξουσαν
1281 4035 1374 4086 καὶ
1412 4032 1706 4104 λήγουσαν,
1740 4031 1860 4084 ἀλλά

1976 4045 2070 4100 gor
2091 4031 2134 4090 ¹,
2171 4027 2318 4100 quod
2345 4027 2660 4096 parvitatem
2702 4027 3148 4096 interpretamur.
3177 4023 3277 4078 Hic
3329 4033 3415 4079 est
3463 4024 3554 4078 ille

233 4127 423 4197 χάριν
469 4125 770 4195 ἀειλαμπῆ
824 4124 1048 4195 ἔχουσα·
1109 4123 1207 4176 οὐκ
1253 4124 1488 4194 ἀστέρας
1549 4122 1701 4186 τινὰς
1745 4123 1860 4176 πλα·

1982 4121 2096 4186 Sol,
2131 4119 2225 4190 qui
2277 4119 2600 4189 sapientiam
2663 4115 3056 4188 insipientibus
3088 4117 3338 4182 confert;
3375 4116 3468 4188 qui
3497 4117 3551 4170 in

233 4218 428 4285 νήτας
509 4214 886 4268 ἀνατέλλουσα
923 4254 938 4279 ,
1019 4214 1134 4267 ἀλλ’
1199 4213 1432 4283 ἀστέρας
1487 4213 1860 4281 νεοφωτίστους

1981 4211 2104 4266 lidei
2131 4219 2331 4266 nostrae
2359 4211 2704 4268 firmamento
2729 4211 2990 4266 fundatus
3023 4219 3123 4266 est.
3156 4208 3386 4279 Propter
3407 4210 3555 4263 hunc

237 4308 309 4359 ἐκ
342 4306 774 4376 κολυμϐήθρας
812 4305 1154 4376 ἀναφέρουσα
1177 4321 1189 4333 ·
1231 4306 1291 4358 οὐ
1327 4305 1556 4374 νεφέλας
1591 4302 1860 4375 ὀμϐροφό-

1977 4304 2203 4376 justitia:
2239 4302 2422 4359 Solem
2447 4303 2752 4371 Christum,
2772 4303 2969 4358 caelum
3001 4310 3087 4358 est
3117 4301 3360 4357 Ecclesia
3388 4301 3552 4376 facta,

233 4417 409 4469 ρους,
445 4399 608 4453 ἀλλὰ
635 4398 989 4461 διδασκάλους
1028 4396 1308 4466 θεολόγους
1330 4401 1363 4469 ή
1404 4396 1700 4468 Ἐκκλησία
1722 4397 1860 4467 ἐχου-

1983 4411 2092 4450 non
2115 4405 2452 4450 crescentem
2493 4395 2941 4465 desinentemque
2958 4395 3165 4456 lunam,
3183 4391 3276 4450 sed
3298 4401 3557 4466 perpetuo

236 4505 348 4542 σα·
391 4491 521 4542 οὐκ
571 4489 664 4542 ἐπὶ
692 4488 799 4542 τῶν
840 4487 1076 4559 θολερῶν
1119 4489 1327 4543 ὑδάτων
1372 4489 1720 4561 κρεμαμένη,
1762 4489 1860 4542 ἀλλ

1986 4487 2276 4558 splendore
2305 4489 2598 4544 micantem
2642 4497 2939 4544 consecuta
2971 4489 3221 4558 gratiam.
3265 4487 3450 4558 Neque
3474 4503 3561 4543 er-

229 4584 332 4634 ἑττὶ
365 4582 506 4635 τῶν
539 4580 704 4652 ἱερῶν
729 4547 1015 4650 δογμάτων
1037 4547 1504 4651 τεθεμελιωμένηῖ
1523 4547 1634 4634 τούκ
1677 4547 1860 4650 δμσροι

1987 4547 2234 4631 rabunda
2266 4575 2455 4632 nescio
2481 4591 2602 4645 quan
2627 4578 2880 4633 attollens
2910 4547 3110 4643 sidera,
3145 4578 3240 4633 sed
3277 4547 3468 4633 recens
3493 4577 3560 4631 il-

233 4672 620 4742 χειμωνικὺν
639 4672 1062 4741 ἁναπέμπουσα,
1085 4671 1185 4726 οὐκ
1209 4672 1411 4742 ὀρνέων
1441 4671 1728 4740 κλαγγαῖς,
1745 4671 1860 4723 ἀλλά

1987 4673 2286 4728 luminatas
2315 4687 2381 4727 ex
2421 4672 2634 4742 piscina
2660 4673 2848 4727 stellas
2877 4670 3137 4728 educens.
3169 4670 3287 4726 Non
3315 4670 3558 4725 imbrife-

227 4765 632 4819 διδασκάλων
660 4767 865 4833 φωναῖς
886 4763 985 4818 ἀνθ
995 4763 1205 4836 ρώπους
1229 4762 1623 4830 καταλέγουσα.

1988 4777 2078 4818 ras
2113 4764 2314 4828 nubes,
2348 4762 2444 4819 sed
2483 4763 2760 4834 theologos
2795 4763 3047 4818 doctores
3083 4761 3247 4817 habet
3291 4761 3556 4817 Ecclesia.

233 4857 458 4929 Neque
489 4857 576 4912 ad
605 4873 776 4929 aquas
796 4857 1046 4914 turbidas
1069 4858 1444 4929 suspenditur,
1493 4857 1590 4913 sed
1643 4871 1926 4913 sacrorum
1965 4858 2282 4929 dogmatum
2333 4858 2708 4913 fundamentis
2772 4858 3042 4913 innititur.
3113 4855 3232 4910 Non
3301 4857 3559 4912 hibernas

226 4955 372 5008 illas
420 4951 669 5024 pluvias
729 4951 1024 5015 emittens,
1082 4966 1256 5022 neque
1298 4950 1543 5005 stridulis
1592 4950 1773 5004 avium
1824 4951 2194 5020 claugiribus,
2225 4951 2319 5006 sed
2366 4953 2754 5022 magistrorum
2815 4951 3044 5006 vocibus
3071 4949 3318 5006 homines
3347 4947 3554 5019 deligit.

1965 2666 2074 2720 lam
2106 2665 2172 2719 ad
2211 2664 2591 2734 incorruptum
2645 2674 2846 2719 statum
2887 2663 3211 2730 transtulit;
3246 2664 3548 2720 resurrexit

1964 2758 2238 2824 Christus,
2269 2768 2324 2812 et
2368 2757 2638 2810 Adamum
2685 2756 2920 2825 priorem
2971 2755 3025 2807 in
3073 2753 3394 2824 dignitatem
3445 2755 3545 2808 im-

2062 5133 2189 5188 llaec
2219 5134 2350 5197 dies,
2393 5150 2548 5203 quam
2579 5133 2704 5203 fecit
2731 5133 2988 5187 Dominus
3015 5148 3028 5195 ;
3052 5130 3375 5185 exsultemus
3402 5126 3564 5199 spiri-

1987 5225 2190 5288 taliter,
2223 5236 2270 5280 et
2295 5225 2496 5281 divinis
2531 5225 2745 5295 gaudiis
2770 5225 3008 5281 la'temur
3032 5224 3084 5277 in
3113 5222 3283 5291 ipsa'.
3307 5219 3380 5274 Ea
3401 5217 3562 5291 quip-

307 5136 521 5202 Αὕτη
577 5136 795 5205 ἡμέρα,
846 5135 927 5204 ῆν
977 5135 1265 5203 ἐποίησεν
1311 5139 1344 5189 ὁ
1391 5136 1640 5204 Κύριος·
1693 5135 1877 5203 ἀγαλ-

223 5227 645 5290 λιασὼμεθα
690 5227 1109 5297 πνευματικῶς,
1161 5227 1259 5282 καὶ
1298 5225 1721 5296 εὐφρανθῶμεν
1763 5225 1878 5278 οεο-

313 5385 330 5415 ί
359 5379 648 5437 Halach.
683 5395 756 5445 1v,
787 5381 840 5434 2.
933 5378 1107 5434 'Gen.
1142 5397 1252 5445 χιχ,
1280 5380 1371 5435 25.
1447 5385 1466 5418 ³
1489 5381 1634 5442 Psal.
1670 5394 1840 5447 cxvn,
1871 5379 1964 5434 24.

2215 5533 2339 5604 Cor.
2373 5531 2595 5604 Κύριον.

2091 5601 2179 5658 49l
2211 5603 2338 5658 Cor.
2371 5601 2512 5656 Λώτ.

2091 5606 2179 5674 49)
2211 5606 2338 5658 Cor.
2371 5606 2512 5656 Λώτ.

2069 5606 2183 5748 ξεο)
2221 5673 2344 5730 Cor.
2377 5667 2733 5744 περεὼματι.

312 5533 1055 5612 (45')_Dio1_1ysio_l_’etavio
1084 5537 1387 5608 interprete,

311 5603 463 5677 (46)
503 5603 586 5658 F.
617 5603 1004 5677 πλὴρωθῶμεν.

317 5705 332 5752 t
359 5695 440 5749 ιδ
456 5699 474 5711 ⁶
491 5697 535 5762 )_
556 5689 820 5762 fortasse
847 5691 1290 5762 κατακοσμήσεις.

313 5775 330 5827 1
353 5785 374 5819 ι
391 5767 464 5832 7)
513 5757 749 5815 )Iutilus
777 5759 953 5816 locus.
