3948 6196
367 346 483 403 ’467

1642 347 1849 407 DUBIA
1884 351 2022 407 AUT
2062 352 2337 411 SPURIA.

3534 362 3638 418 ‘58

387 478 742 549 pefest‘brum
776 484 933 539 nobis
956 481 1199 537 omnium
1224 487 1309 537 est
1334 481 1610 552 princeps.
1640 482 1753 539 Hoc
1784 485 1963 555 ipsum

2080 487 2295 559 πρεπῶς
2316 483 2748 561 ἐναρἰτῇ.Αΰτη
2795 490 2925 561 ἡμῖν
2984 491 3017 559 ἡ
3058 488 3247 544 πασῶν
3288 486 3394 541 τῶν
3435 486 3637 556 ἑορτῶν

387 577 474 624 est
514 571 735 635 festum,
771 572 839 627 de
864 587 973 641 quo
1006 568 1245 639 Spiritus
1282 581 1508 625 sanctus
1534 572 1619 626 his
1649 588 1751 627 nos
1782 575 1964 630 verbis

389 661 685 716 hortatur:
716 661 1033 716 Constituile
1079 664 1215 715 diem
1260 662 1545 716 solemnem
1592 664 1647 716 in
1692 664 1965 719 condensis

389 753 575 816 simul,
607 748 659 807 et
689 763 934 823 tempore
981 771 1081 809 suo
1125 754 1457 822 foventibus,
1488 774 1649 829 usque
1692 759 1760 813 ad
1806 775 1968 813 cornu

387 846 640 898 altaris‘.
675 843 790 899 Hoc
818 853 903 901 est
933 849 1099 905 totius
1134 849 1322 903 mundi
1357 849 1555 906 festum
1583 866 1692 905 una
1715 859 1769 907 et
1794 867 1969 906 enea:-

352 998 353 1001 η
388 936 479 991 nia
511 936 760 1006 quaedam
788 939 1077 1006 exhibens,
1125 951 1178 996 et
1210 942 1470 997 salutare.
1510 942 1660 1019 idem
1696 959 1863 1014 porro
1890 944 1966 999 fc-

388 1036 533 1083 stum
567 1036 757 1084 vertex
799 1037 885 1085 est
912 1041 964 1086 et
989 1048 1086 1085 arx
1119 1033 1370 1103 quaedam
1404 1024 1666 1090 festorum
1699 1036 1968 1090 omnium.

388 1118 515 1174 llaac
548 1120 688 1188 dies,
714 1122 804 1176 cui
826 1122 1104 1178 benedixit
1123 1123 1293 1190 Deus,
1313 1134 1366 1181 et
1387 1127 1751 1183 sanctificavit
1772 1127 1968 1198 ipsam,

387 1212 650 1282 quoniam
692 1213 747 1268 in
799 1214 891 1268 illa
926 1216 995 1268 ab
1026 1216 1174 1270 omni
1215 1232 1316 1272 suo
1347 1234 1514 1289 opere
1540 1221 1775 1274 cessavit
1794 1222 1814 1252 '
1840 1261 1855 1285 ,
1882 1220 1972 1274 ubi

300 1306 308 1343 ς
387 1312 500 1358 tam
530 1315 720 1360 eorum
755 1308 848 1374 qni
883 1306 936 1360 in
979 1316 1147 1373 terra,
1181 1324 1345 1379 quam
1385 1311 1482 1381 qui
1512 1310 1616 1367 sub
1648 1319 1793 1366 terra
1822 1318 1970 1379 sunt,

389 1394 624 1450 salutem
673 1395 913 1465 perfecte
960 1399 1191 1454 molitus
1229 1407 1348 1466 est;
1385 1400 1442 1455 in
1476 1401 1664 1456 eadem
1692 1402 1781 1457 die
1807 1402 1973 1457 simu-

389 1487 669 1542 lacrorum
699 1495 754 1542 et
783 1487 1082 1544 bestiarum
1115 1506 1272 1546 sacra
1306 1500 1363 1547 et
1392 1494 1714 1550 saltationes
1739 1495 1973 1565 abroga-

388 1578 486 1632 vit.
538 1578 597 1633 In
638 1579 759 1649 ipsa
789 1580 1235 1637 adversariorum
1266 1584 1514 1638 omnium
1544 1586 1652 1640 vim
1687 1600 1752 1639 ac
1780 1596 1974 1656 poten-

389 1669 524 1722 tiam
558 1670 750 1740 t'regit;
782 1671 837 1725 in
868 1672 985 1742 ipsa
1031 1674 1316 1743 gentilium
1364 1674 1702 1730 solemnibus
1756 1691 1820 1730 ac
1864 1676 1974 1731 dte-

391 1775 616 1817 monum
647 1763 1057 1820 celebritatibus
1090 1767 1247 1820 tinent
1281 1766 1568 1835 adhibuit;
1591 1769 1645 1822 in
1670 1769 1786 1838 ipsa
1812 1784 1971 1822 crum

2068 580 2443 652 ύπερεόρτιος·
2494 581 2631 654 αὕτη
2664 585 2697 653 ή
2740 581 2923 655 ἑορτή,
2965 584 3094 654 περὶ
3136 579 3203 653 ἧς
3229 581 3292 634 τὸ
3330 578 3553 649 Πνεῦμα
3581 579 3641 631 τδ

2067 670 2222 739 ἅγιον
2267 671 2696 742 παρακελεύεται
2735 673 2923 743 λέγον’
2981 671 3384 737 Συστήσιισθε
3430 666 3645 735 ἑορτὴν

2067 763 2138 817 ἐν
2164 763 2287 829 τοῖς
2328 761 2698 828 πυκάζουσιν
2744 764 2880 830 ὁμοῦ
2929 782 2987 818 τε
3033 765 3126 818 καὶ
3172 762 3488 822 θάλπουσιν,
3533 759 3643 825 ἓως

2068 853 2188 919 τῶν
2236 853 2500 923 κεράτων
2547 856 2654 910 τοῦ
2704 850 3173 921 θυσιαστηρίόυ·
3216 852 3356 921 αὕτη
3399 854 3434 922 ἡ
3484 851 3641 923 ἑορτὴ

2069 944 2162 997 τοῦ
2195 945 2396 1008 παντὸς
2436 945 2662 1016 κόσμου,
2705 945 2978 1013 ὲγκαίνιον
3024 944 3160 1014 ὁμοῦ
3218 944 3309 998 καὶ
3354 943 3637 1013 σωτήριον.

2070 1033 2216 1106 Αὕτη
2247 1037 2281 1105 ὴ
2312 1036 2471 1108 ἑορτὴ
2507 1035 2696 1090 πασῶν
2720 1037 2827 1090 τῶν
2861 1036 3062 1108 ἑορτῶν
3088 1033 3303 1110 κορυφὴ
3360 1034 3453 1087 καὶ
3479 1032 3643 1104 ἀκρύο

2072 1124 2225 1188 πολις
2243 1142 2257 1155 ⁸
2286 1124 2424 1197 αὓτη
2454 1127 2487 1197 ἡ
2522 1127 2727 1198 ἡμέρα,
2758 1128 2824 1195 ήν
2851 1126 3144 1196 εὐλόγησεν
3178 1128 3205 1180 6
3230 1125 3383 1191 Θεὸς,
3418 1126 3642 1196 ήγίασεν

2072 1217 2261 1289 αὐτὴν,
2309 1219 2391 1272 ὅτι
2442 1220 2500 1272 ἐν
2548 1220 2684 1291 αὐτῇ
2734 1220 3077 1274 κατέπαυσεν
3122 1220 3230 1271 ἀπὸ
3277 1218 3490 1272 πάντων
3535 1214 3644 1270 τῶν

2073 1309 2250 1380 ἔργων
2284 1307 2473 1372 αὑτοῦ,
2498 1309 2793 1374 τελειώσας
2823 1309 2922 1380 τὴν
2955 1309 3229 1380 σωτηρίαν
3257 1309 3365 1362 τῶν
3392 1308 3645 1374 ἐπιγείων

2075 1400 2209 1472 ὁμοῦ
2243 1401 2335 1455 καὶ
2365 1401 2755 1472 καταχθονίων.
2815 1402 2903 1455 Ἐν
2934 1403 3071 1473 αὐτῇ
3119 1401 3461 1454 κατέπαυσεν
3490 1397 3642 1451 eladi-

2074 1493 2180 1547 λων
2226 1495 2319 1547 καὶ
2351 1493 2641 1547 κνωδάλων
2684 1492 2923 1555 τελετὰς
2963 1493 3055 1545 καὶ
3087 1493 3366 1563 ὀρχήσεις·
3404 1492 3461 1542 ἐν
3508 1489 3643 1559 αὐτῇ

2075 1586 2385 1640 κατέπαυσε
2422 1584 2520 1656 τὴν
2543 1583 2771 1654 δύναμιν
2802 1584 3019 1638 πάντων
3048 1584 3333 1638 ἐναντίωντ
3362 1584 3450 1635 Ἑν
3476 1580 3643 1652 ταύτῃ

2073 1678 2414 1731 κατέπαυσεν
2460 1676 2653 1748 ἑορτὰς
2694 1676 2790 1740 καὶ
2826 1675 3146 1747 δαιμονικὰς
3182 1674 3549 1746 πανηγύρεις·
3588 1674 3645 1727 ὲν

2071 1769 2243 1842 ταύτῃ
2284 1770 2625 1824 κατέπαυσεν
2668 1769 2966 1823 εἰδωλικῶν
2993 1769 3242 1840 αἱμάτων
3291 1768 3520 1830 κνίσσας
3555 1768 3647 1821 καὶ

391 1852 472 1908 ris
501 1853 832 1936 immolatitii
857 1855 1106 1911 nidorem
1157 1872 1223 1912 ac
1251 1859 1522 1914 sacriﬁcia
1554 1860 1774 1929 delevit.
1808 1860 1866 1916 In
1892 1876 1976 1916 ea-

2080 1860 2267 1924 θυσίας
2291 1876 2304 1891 ⁸
2350 1862 2407 1915 ὲν
2449 1860 2621 1934 ταύτῃ
2661 1860 2974 1915 κατέπαυσε
3017 1860 3116 1930 τὴν
3144 1859 3350 1929 πλάνην
3389 1859 3485 1928 τῆς
3528 1858 3644 1913 ἀσε-

394 1942 519 1998 dem
551 1944 849 2015 impietatis
878 1963 1123 2004 errorem
1161 1951 1407 2005 sustulit.
1441 1950 1499 2005 in
1528 1952 1618 2006 illa
1643 1954 1860 2024 tyranni
1884 1953 1979 2008 do-

391 2034 661 2089 minatum
709 2045 765 2092 et
791 2038 1075 2094 stimulum
1102 2042 1295 2096 mortis
1324 2041 1582 2113 infregit;
1615 2043 1670 2097 in
1704 2043 1807 2097 hac
1833 2044 1976 2098 cele-

391 2128 520 2183 bres
550 2129 953 2187 sacriﬁciorum
989 2141 1286 2204 apparatus
1348 2142 1403 2188 et
1440 2135 1760 2190 neomenias
1791 2136 1979 2190 abstu-

393 2220 477 2274 lit.
514 2220 572 2275 In
605 2223 793 2278 cadent
839 2239 1009 2280 novas
1058 2226 1262 2281 creatis
1320 2226 1484 2282 rebus
1533 2228 1850 2283 sanctiones
1912 2242 1976 2281 ac

392 2314 615 2370 decreta
646 2317 1015 2387 praescripsit;
1052 2317 1114 2381 in
1163 2316 1267 2371 hac
1311 2315 1521 2372 Pascha
1552 2318 1852 2387 legitimum
1916 2333 1980 2373 ac

394 2402 684 2458 Judaicunt
724 2407 1060 2475 antiquavit;
1100 2405 1156 2459 in
1202 2405 1304 2459 hac
1339 2420 1500 2459 omne
1543 2408 1747 2476 ﬁgurm,
1783 2410 1978 2462 adnut-

395 2492 670 2548 brationis
724 2508 789 2548 ac
814 2494 1116 2564 prophetia:
1136 2510 1310 2565 genus
1341 2495 1603 2564 implevit.
1638 2496 1852 2551 Pascha
1884 2516 1979 2553 no-

395 2594 586 2649 strum,
618 2581 829 2638 Pascha
863 2600 1053 2640 verum
1082 2586 1318 2653 scilicet,
1360 2585 1665 2641 immolatus
1703 2599 1782 2654 est
1830 2588 1981 2644 Clu-i-

394 2674 558 2740 stus’,
588 2683 641 2729 et
676 2677 849 2746 siqua
886 2679 1043 2731 estin
1069 2676 1277 2732 Christo
1292 2694 1425 2732 nova
1450 2681 1762 2747 creatura‘,
1795 2681 1839 2737 si
1870 2698 1978 2752 qua

395 2773 483 2821 est
516 2767 570 2822 in
600 2767 823 2823 Christo
856 2784 996 2824 nova
1031 2770 1188 2834 ﬁdes,
1226 2787 1381 2827 novre
1434 2774 1602 2844 leges,
1656 2790 1831 2830 novus
1884 2774 1979 2831 Dei

350 2918 355 2923 ,
395 2859 656 2929 populus,
689 2875 890 2926 novus,
925 2861 1176 2932 inquam,
1211 2878 1322 2918 non
1358 2873 1512 2921 vetus
1538 2865 1745 2933 Israel;
1777 2882 1979 2922 novum

395 2952 647 3020 Pascha;
680 2968 822 3009 nova
851 2961 906 3010 et
931 2955 1198 3026 spiritalis
1243 2955 1618 3023 circumcisio,
1650 2974 1850 3013 novum
1895 2959 1979 3013 in-

395 3055 802 3117 cruentumque
835 3049 1188 3112 sacriﬁcium,
1220 3063 1424 3104 novum
1450 3060 1503 3105 et
1539 3050 1784 3106 divinum
1817 3059 1979 3107 testa-

395 3143 666 3189 mentum.
699 3135 1063 3191 Renovamini
1095 3137 1359 3193 hodierno
1387 3138 1498 3203 die,
1528 3149 1581 3193 et
1606 3140 1861 3210 spiritum
1899 3157 1977 3195 re-

2079 1952 2259 2015 6είας’
2290 1954 2348 2005 ὲν
2367 1952 2539 2023 ταύτῃ
2567 1952 2880 2005 κατέπαυσε
2905 1952 2965 2004 τὸ
2991 1951 3189 2021 κράτος
3230 1949 3326 2001 τοῦ
3361 1948 3640 2019 τυράννου,

2080 2045 2174 2096 καὶ
2196 2040 2290 2095 τοῦ
2321 2041 2452 2095 λαοῦ
2482 2041 2591 2111 (51)
2615 2042 2677 2094 τὸ
2709 2042 2932 2112 κέντρον
2955 2059 2969 2069 ο
3013 2042 3072 2094 ἐν
3105 2041 3277 2111 ταύτῃ
3311 2039 3648 2092 κατέπαυσεν

2079 2133 2279 2204 ὁμικὰς
2314 2133 2423 2203 (52)
2450 2132 2640 2197 θυσίας
2671 2133 2764 2186 καὶ
2796 2133 3118 2203 νεομηνίας’
3150 2134 3209 2184 ὲν
3233 2130 3410 2202 ταύτῃ
3435 2131 3650 2193 καινοὺς

2080 2226 2317 2298 ἐπήξατο
2349 2229 2415 2297 τῇ
2452 2226 2626 2279 κτίσει
2651 2227 2808 2297 ὅρους
2835 2226 2927 2278 καὶ
2964 2224 3161 2295 νόμους
3183 2241 3198 2253 ·
3244 2224 3302 2277 ὲν
3334 2222 3507 2295 ταύτῃ
3530 2239 3639 2276 κατ

2081 2316 2286 2371 ἐπαυσε
2319 2318 2378 2370 τὸ
2405 2317 2595 2388 Πάσχα
2626 2317 2721 2370 τοῦ
2745 2317 2930 2389 νόμου,
2966 2317 3059 2369 καὶ
3085 2315 3373 2369 Ἰουδαίωνο
3403 2317 3460 2367 ἐν
3480 2312 3651 2387 ταύτῃ

2080 2406 2364 2480 ἐπλήρωσε
2393 2411 2568 2464 πάντα
2586 2411 2677 2466 τὸν
2702 2411 2890 2477 τύπον,
2949 2410 3106 2464 σκιάν
3154 2411 3249 2464 καὶ
3294 2407 3650 2479 προφητείαν.

2085 2500 2156 2554 Τὸ
2186 2499 2400 2569 Πάσχα
2424 2502 2613 2571 ἡμῶν,
2642 2505 2702 2557 τὸ
2734 2505 2926 2574 Πάσχα
2944 2503 3004 2556 τὸ
3023 2501 3293 2574 ἀληθινὸν,
3315 2501 3493 2565 ἐτύθη
3524 2500 3650 2565 Χρι-

2079 2591 2246 2658 στὸς,
2288 2593 2382 2647 καὶ
2417 2593 2551 2661 ἣτις
2596 2595 2667 2648 ἐν
2705 2595 2935 2665 Χριστῷ
2977 2593 3156 2661 καινὴ
3196 2592 3414 2657 κτίσις,
3443 2590 3566 2659 ήτις
3598 2589 3656 2641 ὲν

2081 2683 2301 2755 Χριστῷ
2344 2683 2504 2756 καινὴ
2552 2685 2753 2749 πίστις,
2810 2686 2987 2738 καινοὶ
3036 2683 3214 2754 νόμοι,
3267 2681 3452 2743 καινὸς
3491 2681 3521 2732 6
3561 2677 3658 2732 τοῦ

2080 2775 2215 2830 Θεοῦ
2265 2776 2426 2842 λαός·
2469 2779 2674 2841 καινὸς,
2725 2778 2838 2831 ἀλλ’
2879 2778 2940 2830 οὑ
2983 2776 3212 2836 παλαιὸς
3279 2772 3515 2845 Ἰσραὴλ,
3563 2772 3658 2825 καὶ

2080 2869 2266 2923 καινὸν
2309 2871 2539 2940 Πάσχα*
2597 2869 2758 2939 καινὴ
2806 2862 2900 2922 καὶ
2953 2867 3293 2939 πνευματική
3348 2865 3658 2935 περιτομήο

2082 2961 2245 3032 καινὴ
2272 2961 2366 3013 καὶ
2393 2961 2731 3032 ἀναίμακτος
2764 2960 2923 3013 θυσία
2944 2976 2959 2990 ⁸
2990 2960 3150 3030 καινὴ
3184 2955 3281 3011 καὶ
3319 2957 3439 3010 θεία
3468 2954 3659 3025 διαθή-

2081 3068 2173 3121 κη.
2213 3049 2614 3119 Ἐγκαινίζεσθε
2648 3051 2906 3120 σήμερον,
2935 3047 3030 3101 καὶ
3058 3047 3274 3114 πνεῦμα
3296 3043 3450 3107 εὐθὲς
3477 3045 3672 3111 ἐγκαι-

2080 3138 2260 3191 νίσατε
2294 3138 2351 3191 ἑν
2374 3140 2495 3200 ταῖς
2522 3137 2770 3208 καρδίαις
2804 3136 2956 3208 ὑμῶν
2975 3177 2990 3202 ,
3028 3138 3176 3200 ὅπως
3211 3133 3437 3205 δέξησθε
3464 3133 3535 3186 τὰ
3565 3133 3660 3203 τῆς

395 3236 545 3281 ctum
597 3227 858 3284 innovate
890 3228 944 3283 in
975 3229 1234 3285 cordibus
1282 3231 1503 3295 vestris,
1548 3242 1607 3286 ut
1652 3233 1778 3287 novi
1825 3234 1974 3289 illius

2080 3228 2271 3299 ἑορτῆς
2297 3229 2396 3298 τῆς
2416 3228 2538 3288 νέας
2567 3230 2661 3282 κοιλ⁸
2686 3228 2945 3301 ἀληθινῆς
2985 3230 3281 3300 μυστήρια,
3314 3227 3407 3280 καὶ
3444 3228 3660 3297 τρυφή-

391 3318 621 3389 verique
674 3319 801 3376 festi
852 3324 1109 3392 mysteria
1150 3323 1485 3393 percipiatis,
1535 3340 1600 3380 ac
1657 3326 1975 3383 coelestibus

393 3423 589 3463 revera
616 3410 832 3467 deliciis
858 3410 1067 3482 perfrui
1105 3412 1359 3482 possitis;
1388 3421 1442 3469 et
1470 3430 1567 3485 pro
1597 3424 1801 3479 vetere,
1852 3416 1976 3471 novi

393 3498 682 3558 Paschalis
724 3505 1026 3573 expressis,
1059 3520 1124 3560 ac
1171 3521 1453 3575 nunquam
1505 3509 1977 3565 ubsolescentihus

395 3594 788 3665 mysteriorum
841 3597 1245 3667 exemplaribus
1300 3599 1519 3666 initiati,
1572 3600 1978 3672 iltuminatiyue

395 3687 727 3754 discedatis;
772 3690 1230 3762 cognoscatisque
1272 3700 1539 3763 quantum
1594 3695 1736 3749 inter
1765 3704 1975 3762 nostra,

396 3786 452 3834 et
479 3776 707 3834 Judaica
740 3780 1081 3838 discriminis
1130 3783 1369 3851 intersit,
1402 3800 1632 3856 quaeque
1679 3785 1750 3840 sit
1780 3786 1980 3856 ﬁgura-

396 3886 519 3925 rum
549 3886 675 3927 cum
702 3873 934 3930 veritate
970 3878 1329 3947 comparatio.
1355 3878 1468 3949 Age
1497 3894 1650 3944 vero,
1678 3879 1747 3935 de
1777 3878 1979 3935 Christi

399 3961 689 4020 Paschatis
717 3967 1256 4039 resurrectionisque
1286 3970 1550 4040 mysterio
1578 3970 1890 4040 disputandi
1916 3986 1980 4025 ac

399 4054 806 4124 contemplandi
834 4054 961 4111 inde
987 4057 1147 4112 nobis
1181 4042 1445 4113 nascatur
1475 4052 1783 4112 exordium.

469 4143 942 4211 Quemadmodum
969 4146 1099 4200 olim
1130 4146 1197 4200 ad
1221 4148 1406 4217 populi
1438 4148 1672 4202 salutem
1702 4147 1981 4216 legislator

397 4252 429 4291 a
462 4234 575 4292 Deo
626 4235 808 4291 Moses
851 4251 883 4291 e
935 4237 1155 4291 sublimi
1202 4246 1388 4293 monte
1414 4238 1805 4293 adumbrandaa
1846 4239 1980 4308 legis

395 4325 623 4396 imagini
653 4324 857 4378 missus
898 4331 985 4378 est
1023 4342 1036 4377 :
1070 4324 1167 4387 ita,
1202 4340 1323 4393 quae
1356 4324 1563 4379 veritas
1599 4326 1716 4393 ipsa
1766 4336 1873 4391 ρει,
1910 4326 1982 4381 le-

399 4417 649 4487 gislator,
685 4413 952 4471 Dominus
979 4422 1033 4475 et
1055 4414 1198 4469 Deus
1228 4430 1258 4468 a
1294 4415 1422 4481 Deo,
1459 4428 1618 4470 mons
1652 4430 1683 4468 a
1708 4423 1895 4470 monte
1914 4432 1979 4471 ex

2081 3334 2210 3389 σητε
2238 3318 2476 3390 σήμερον
2501 3315 2713 3390 τρυξρὴν
2733 3319 2834 3389 τὴν
2856 3318 3023 3382 ὅντως
3052 3318 3322 3389 οὐράνιον,
3351 3316 3446 3369 καὶ
3487 3315 3661 3368 ἁπέλ-

2079 3408 2207 3477 θητε
2231 3408 2588 3478 φωτισθέντες
2611 3410 2678 3464 τά
2703 3411 2777 3482 μὴ
2794 3410 3169 3481 παλαιούμενα
3188 3408 3281 3462 τοῦ
3297 3409 3417 3461 νέου
3469 3408 3658 3476 Πάσχα

2078 3501 2198 3555 ἀντὶ
2277 3501 2505 3556 παλαιοῦ
2580 3503 2851 3573 μυστήρια
2910 3503 3175 3555 ἀντίτυπα
3196 3519 3211 3532 υ
3278 3501 3428 3562 ὅπως
3490 3500 3652 3569 cavi;-

2081 3609 2207 3663 σητε
2246 3594 2369 3647 ὅσον
2418 3594 2481 3646 τὸ
2544 3594 2730 3665 μέσον,
2763 3596 2857 3647 καὶ
2883 3594 3140 3666 διάφορον
3159 3592 3266 3646 τῶν
3300 3591 3574 3645 Ἰουδαίων
3594 3588 3669 3642 τὰ

2079 3683 2325 3753 ήμέτερα
2346 3684 2482 3754 (55),
2510 3686 2604 3736 καὶ
2631 3684 2716 3747 τίς
2745 3684 3035 3756 σύγκρισις
3056 3685 3163 3738 τῶν
3187 3683 3372 3736 τύπων
3392 3682 3533 3753 πρὸς
3565 3680 3662 3751 τὴν

2079 3774 2351 3845 ἀλήθειαν.
2385 3774 2700 3846 Ἀρξώμεθα
2723 3775 2791 3830 τά
2818 3778 2917 3847 τῆς
2944 3776 3179 3848 Χριστοῦ
3208 3775 3399 3846 Πάσχα
3427 3774 3665 3827 ἀναστά-

2082 3883 2239 3932 σεως,
2284 3868 2380 3921 καὶ
2420 3867 2673 3939 θεωρίας,
2719 3869 2784 3922 ὲκ
2811 3869 2919 3922 τῶν
2948 3869 3213 3923 ἐντεῦθεν.

2166 4134 2550 4189 Ἀπεστέλλετό
2580 4152 2709 4189 ποτε
2736 4135 2870 4207 πρὸς
2904 4135 3177 4207 σωτηρίαν
3214 4132 3342 4188 λαοῦ
3384 4133 3494 4186 ἀπὸ
3526 4132 3665 4186 Θεοῦ

2083 4227 2320 4299 ὲξδρους
2343 4229 2547 4300 ὑψηλοῦ
2572 4232 2600 4283 6
2638 4230 2933 4301 νομοθέτης
2970 4231 3210 4300 Μωύσῆς
3258 4229 3394 4300 πρὸς
3434 4228 3524 4280 τὸν
3567 4227 3663 4280 τοῦ

2081 4317 2245 4385 νόμου
2274 4319 2476 4371 τύπον*
2512 4320 2793 4390 ἀπεστάλη
2824 4320 2917 4372 καὶ
2960 4322 2989 4373 6
3033 4319 3236 4391 Κύριος
3273 4320 3302 4370 6
3341 4319 3664 4388 νομοθέτης,

2082 4410 2175 4462 καὶ
2216 4410 2347 4474 Θεὸς
2392 4413 2499 4464 ἀπὸ
2546 4412 2702 4476 Θεοῦ,
2739 4413 2834 4465 καὶ
2872 4412 2998 4484 ὅρος
3048 4414 3142 4467 ἀπ’
3190 4411 3350 4482 ὅρους
3392 4412 3666 4482 οὐρανίων

399 4505 721 4562 caelestibus
760 4504 1049 4562 montibus
1073 4505 1141 4559 ad
1168 4506 1341 4559 nostri
1368 4505 1572 4575 populi
1620 4504 1854 4559 salutem
1896 4513 1976 4560 cst

2081 4500 2275 4573 ὀρέων,
2304 4504 2385 4566 είς
2412 4504 2687 4575 σωτηρίαν
2712 4503 2807 4557 τοῦ
2842 4504 3112 4575 ἡμετέρου
3136 4503 3288 4568 λαοῦ,
3319 4504 3379 4556 τὸ
3400 4505 3501 4571 τῆς
3533 4505 3667 4573 diq-

397 4598 626 4654 missus.
654 4596 853 4651 Verum
892 4595 1106 4669 Moyses
1155 4611 1186 4650 a
1239 4595 1550 4658 Pharaone,
1603 4602 1659 4650 et
1706 4592 1976 4666 Egyptiis

2085 4592 2254 4656 θείας.
2301 4594 2461 4647 Ἀλλὰ
2490 4597 2728 4667 Μωῦσῆς
2756 4598 2821 4649 ὲκ
2845 4574 3044 4668 Φαραὼ
3074 4597 3167 4650 καὶ
3198 4597 3515 4664 Αἰγυπτίων
3542 4596 3672 4649 ἐλυ-

398 4691 641 4758 exemit;
672 4690 929 4747 Christus
974 4704 1008 4751 a
1055 4690 1273 4746 diabolo
1297 4704 1421 4753 nos,
1454 4699 1507 4744 et
1530 4687 1836 4743 daemonum
1869 4702 1979 4743 scr-

396 4781 576 4836 vitute
621 4781 896 4835 liberavit.
932 4779 1110 4837 Moses
1145 4779 1445 4845 interfecit,
1480 4786 1536 4833 ct
1579 4792 1748 4833 arena
1793 4778 1978 4832 obruit

396 4890 546 4939 eum,
577 4874 674 4945 qui
704 4872 894 4928 Iudaeo
921 4872 1156 4928 faciebat
1189 4873 1481 4943 injuriam;
1511 4871 1767 4927 Christus
1796 4870 1981 4926 diabo-

398 4967 513 5021 lum
558 4965 615 5019 in
662 4964 922 5035 abyssum
955 4964 1255 5019 detrudens
1290 4963 1514 5020 occidit.
1544 4961 1757 5032 Moyses
1783 4962 1982 5018 fratres

400 5056 545 5113 duos
576 5057 822 5112 rixantes
856 5056 1000 5109 inter
1030 5071 1092 5111 se
1126 5056 1435 5127 paciﬁcavit
1456 5073 1470 5121 ;
1495 5055 1751 5111 Christus
1784 5055 1979 5111 ambos

400 5164 536 5206 suos
563 5148 797 5221 populos
832 5148 1062 5206 invicem
1097 5149 1437 5211 conciliavit,
1470 5155 1524 5202 et
1578 5163 1702 5203 cum
1747 5149 1981 5205 terrenis

399 5240 653 5299 mlestia
706 5240 1016 5311 conjunxit.
1067 5238 1182 5295 Illic
1232 5238 1538 5295 Pharaonis
1581 5237 1711 5304 ﬁlia,
1749 5254 1872 5293 cum
1913 5239 1981 5295 ad

398 5330 695 5391 lavandum
732 5340 1006 5403 pergeret,
1042 5334 1324 5390 inventum
1382 5330 1604 5403 Moysen
1649 5331 1883 5401 excepit.
1916 5330 1982 5386 At

2085 4685 2361 4757 τρώσατο·
2394 4688 2627 4758 Χριστὸς
2656 4689 2799 4742 δὲέκ
2829 4684 3095 4753 διαϐόλου,
3135 4690 3230 4743 καὶ
3249 4690 3524 4759 δαιμόνων
3552 4689 3672 4741 ἐλυ-

2084 4775 2331 4849 τρώσατο
2352 4779 2518 4849 ἡμᾶς.
2575 4763 2738 4834 Ἀλλὰ
2770 4781 3073 4851 πεφόνευκε
3106 4781 3346 4851 Μωῦσῆς
3381 4779 3569 4851 χώσας
3615 4782 3671 4832 ἐν

2084 4874 2152 4944 τῇ
2190 4872 2360 4944 ἄμμῳ
2404 4872 2495 4926 τὸν
2539 4874 2827 4929 ἀδικοῦντα
2854 4875 2945 4930 τὸν
2988 4874 3239 4929 Ἰουδαῖον
3260 4892 3276 4906 ο
3320 4873 3671 4927 τεθανάτωκε

2082 4965 2176 5018 καὶ
2196 4965 2433 5035 Χριστὸς
2453 4965 2717 5033 διάϐολον,
2742 4965 3117 5039 παραπέμψας
3137 4964 3299 5018 αὐτὸν
3325 4967 3390 5035 τῇ
3416 4964 3668 5034 άϐύσσῳ.
3692 4962 3701 4977 ³

2080 5057 2375 5129 Εἰρήνευσε
2432 5058 2671 5129 Μωῦσῆς
2710 5060 2837 5122 τοὺς
2872 5057 2966 5111 δύο
2992 5056 3277 5125 ,ἀδελφοὺς
3332 5053 3503 5107 αὐτοῦ
3568 5072 3670 5124 μα-

2083 5147 2375 5218 χομένουςο
2427 5149 2711 5221 εἰρήνευσε
2749 5148 2845 5201 καὶ
2876 5151 2905 5201 6
2941 5147 3177 5218 Χριστὸς
3216 5146 3346 5207 τοὺς
3374 5143 3470 5196 δύο
3502 5144 3668 5204 λαοὺς

2086 5237 2276 5305 αὐτοῦ,
2313 5238 2519 5304 ὲνώσας
2553 5238 2625 5293 τὰ
2654 5239 2885 5310 οὐράνια
2930 5243 3042 5302 τοῖς
3086 5236 3371 5305 ιπιγείοις.
3434 5236 3588 5288 Ἑκεῐ
3631 5233 3670 5303 ἡ

2086 5329 2331 5404 θυγάτηρ
2369 5329 2568 5403 Φαραὼ
2588 5330 2882 5386 λούσασθαι
2913 5329 3262 5403 ἀπερχομένη
3304 5319 3433 5399 εὗρε
3462 5323 3680 5381 λαϐοῦ-

476 5519 491 5549 ³
513 5516 661 5577 Psal.
684 5533 856 5588 cxvn,
890 5521 981 5575 27.
1058 5525 1078 5554 ²
1118 5521 1257 5578 Gen.
1284 5534 1350 5587 ιι,
1378 5519 1434 5575 2.
1512 5518 1576 5572 Ἰ
1608 5519 1736 5574 Cor.
1764 5535 1818 5585 v,
1851 5516 1900 5572 7.

2096 5518 2223 5574 Cor.
2255 5535 2312 5586 v,
2338 5519 2425 5576 l7.

498 5695 586 5761 5|)
610 5696 673 5751 F.
711 5695 963 5752 θανάτου.

498 5695 586 5761 5|)
610 5696 673 5751 F.
711 5695 963 5752 θανάτου.

473 5695 590 5837 ἒὸἳ)
638 5766 742 5820 Pro
792 5767 1014 5838 ὀμικάς,
1059 5766 1205 5824 aliud
1254 5762 1695 5820 substituendum
1746 5763 1854 5820 nisi
1909 5764 1977 5820 ab

1278 6036 1461 6072 Α.

2082 5695 2424 5837 ὁμῖέδῗῗὸτ.
2453 5767 2586 5839 πρὸς
2608 5766 2675 5821 τά
2710 5734 2969 5840 ήμέτερα.
