3948 6196
236 333 312 387 1⁸19
1129 330 1414 388 HOMILIA
1442 329 1505 384 111
1552 320 1618 378 ΙΝ
1661 326 1769 382 DIE
1798 325 2405 385 RESURRECTIONIS
2438 326 2735 386 CHRISTI.

3322 330 3430 390 470

226 455 276 491 σα
310 440 386 493 τὸν
417 438 682 510 Μωῦσῆν·
730 439 764 510 ἠ
811 439 867 494 δὲ
902 439 998 495 τοῦ
1029 442 1266 514 Χριστοῦ
1329 440 1625 512 Ἐκκλησία
1660 441 1749 494 καὶ

1857 439 2102 496 Ecclesia
2133 440 2337 497 Christi
2365 441 2574 512 pariter
2603 452 2656 496 et
2687 440 2794 495 ﬁlia
2831 455 2956 496 cum
2989 439 3261 512 baptismo
3291 441 3431 498 elui-

223 531 420 602 θυγάτηρ
454 529 810 600 βαπτίζεσθαι
859 531 970 603 (54)
1020 533 1285 604 λαμϐάνει
1340 533 1593 604 Χριστὸν,
1650 532 1751 586 οὐκ

219 624 305 677 ἀπὸ
355 619 498 689 ίίϐης
549 625 913 693 τριμηνιαῖον,
965 623 1041 700 ὡς
1087 625 1354 694 Μωῦσῆν,
1398 624 1514 676 ἀλλ’
1555 625 1618 676 ἐκ
1655 621 1748 676 τοῦ

217 713 357 782 τάφου
402 715 694 784 τριήμερον
737 715 858 767 ἀντὶ
904 717 1134 786 Μωῠσῆ.
1184 718 1330 770 Ἐκεῖ
1378 716 1623 780 τυπικῶς
1655 718 1751 771 καὶ

217 806 600 876 νυκτερινῶς”τὺ
639 807 833 876 Πάσχα
866 811 894 860 ό
945 809 1160 880 Ἰσραὴλ
1200 810 1482 881 ἐποίησεν·
1518 807 1750 863 ἐνταῦθα

220 897 450 966 φωτεινῶς
498 914 558 950 τε
602 898 695 951 καὶ
741 898 1016 972 ἡμερινῶς
1068 900 1130 952 τὸ
1171 900 1364 970 Πάσχα
1395 900 1746 970 ἑορτάζομεν.

229 987 348 1039 Ἐκεῖ
384 986 515 1057 πρὸς
570 987 809 1057 ἑσπέραν
867 987 966 1056 τῆς
1019 989 1259 1060 ἡμέρας·
1319 989 1553 1043 ἐνταῦθα
1613 991 1749 1061 πρὸς

211 1080 410 1150 ἑσπέραν
430 1078 550 1132 τῶν’
570 1080 775 1152 χρόνων
808 1079 902 1132 τοῦ
929 1080 1144 1144 αἰῶνος.
1193 1082 1338 1134 Ἐκεῖ
1357 1082 1414 1135 αἱ
1440 1082 1546 1134 τῶν
1579 1082 1748 1151 φλιῶν

209 1169 337 1241 θύραι
362 1170 432 1241 τῷ
463 1171 654 1242 αἵματι
708 1172 983 1242 ἐχρίοντο·
1033 1172 1267 1226 ἐνταῦθα
1300 1174 1353 1226 αί
1383 1174 1492 1227 τῶν
1541 1173 1750 1228 πιστῶν

205 1264 387 1334 καρδίαι
419 1264 497 1333 τῷ
527 1265 621 1316 τοῦ
655 1264 890 1334 Χριστοῦ
927 1265 1314 1334 σφραγίζονται
1344 1267 1557 1337 αἵματι.
1603 1266 1750 1320 Ἑκεί

202 1357 454 1425 νυκτερινὴ
482 1351 550 1426 ἦν
587 1356 768 1419 θυσία,
801 1357 894 1410 καὶ
927 1357 1082 1418 νυκτὶ
1125 1360 1157 1428 ἠ
1202 1359 1300 1428 τῆς
1339 1358 1605 1429 Ἐρυθρᾶς
1654 1358 1750 1411 θα-

200 1446 376 1516 λάσσης
403 1446 684 1509 διάϐασις·
717 1447 952 1502 ἐνταῦθα
995 1449 1260 1519 σωτηρία,
1312 1449 1406 1502 καὶ
1447 1448 1682 1520 φωτεινὴ
1714 1450 1746 1519 ῆ

198 1536 285 1605 τῆς
308 1537 558 1608 Ἐρυθρᾶς
588 1538 699 1606 (55)
719 1538 811 1590 τοῦ
834 1538 1206 1609 βαπτίσματος
1233 1539 1496 1604 θάλασσα,
1527 1542 1621 1593 καὶ
1647 1559 1748 1594 πυ-

195 1627 422 1698 ριζούσης
445 1629 511 1682 τὸ
538 1629 651 1700 πῦρ
685 1629 778 1683 τοῦ
813 1631 1131 1701 Πνεύματος
1153 1650 1165 1663 ·
1206 1635 1262 1685 ἐν
1292 1625 1336 1701 ᾧ
1385 1635 1478 1687 καὶ
1517 1635 1744 1706 Πνεῦμα

193 1717 308 1771 Θεοῦ
328 1719 540 1790 άληθῶς
580 1721 898 1791 ἐπιφέρεται
935 1721 1093 1793 ὁμοῦ,
1128 1724 1220 1777 καὶ
1250 1725 1613 1794 ἐπιφαίνεται,
1651 1728 1744 1781 καὶ

190 1811 270 1862 ἐπὶ
302 1813 388 1864 τοῦ
425 1811 597 1865 αὐτοῦ
637 1813 849 1877 ὓδατος,
890 1817 948 1868 ἐν
991 1808 1036 1883 ᾧ
1078 1816 1421 1887 συντρίϐεται
1465 1820 1496 1888 ή
1537 1820 1745 1890 κεφαλὴ

189 1901 265 1953 τοῦ
301 1901 615 1971 δράκοντος,
671 1906 764 1958 καὶ
816 1906 1076 1976 ἄρχοντος
1120 1906 1229 1960 τῶν
1280 1909 1590 1980 δρακόντων
1637 1911 1747 1964 τῶν

187 1989 494 2060 δαιμονικῶν
545 1993 638 2046 τοῦ
680 1993 932 2050 διαϐόλου
985 1995 1153 2050 λαῶν.
1213 1998 1359 2051 Ἐκεῖ
1400 2000 1490 2052 τὸν
1533 2001 1746 2072 Ἰσραὴλ

189 2084 457 2155 νυκτερινῷ
517 2085 763 2153 Μωῡσῆς
820 2083 1189 2156 βαπτίσματι·
1251 2092 1366 2142 ἐκεῖ
1415 2092 1611 2162 νεφέλη
1657 2093 1748 2146 τὸν

189 2171 288 2225 λαὸν
333 2173 568 2226 σκέπει·
615 2173 706 2227 τὸν
755 2175 810 2228 δὲ
858 2176 1094 2246 Χριστοῦ
1137 2176 1263 2230 λαὸν
1295 2179 1600 2250 ἡ“δύναμις
1652 2181 1746 2234 τοῦ

197 2263 418 2332 Ὑψίστου
463 2265 801 2328 ἐπισκιάζει.
860 2267 1006 2320 Ἐκεῖ
1070 2269 1162 2322 τοῦ
1211 2269 1342 2324 λαοῦ
1396 2272 1661 2338 σωθέντος
1715 2277 1746 2345 ή

185 2355 430 2420 Μωῦσέως
475 2357 671 2428 Μαρία
718 2357 1041 2429 ἐχόρευσεν·
1094 2361 1326 2415 ἐνταῦθα
1369 2363 1424 2415 δὲ
1475 2365 1570 2416 τοῦ
1616 2365 1746 2418 λαοῦ

186 2445 272 2497 τῶν
299 2447 466 2503 ἐθνῶν
516 2447 825 2519 σωζομένου
854 2452 884 2521 ἢ
922 2449 1015 2503 τοῦ
1046 2452 1285 2520 Χριστοῦ
1330 2455 1623 2526 Ἐκκλησία
1653 2460 1748 2511 σὺν

185 2536 358 2602 πάσαις
394 2542 577 2610 αὐτῆς
612 2542 730 2603 ταῖς
777 2541 1124 2614 Ἐκκλησίαις
1165 2544 1431 2614 ἑορτάζει.
1480 2546 1625 2600 Ἐκεῖ
1649 2548 1749 2618 τῆς

182 2629 384 2694 κτίσεως
442 2631 632 2704 πέτρα
681 2633 1015 2704 προσφεύγει
1065 2635 1338 2706 Μωῦσῆς’
1384 2638 1616 2692 ἐνταῦθα
1650 2641 1746 2711 τῆς

182 2721 392 2787 πίστεως
432 2724 627 2795 πέτρα
660 2726 996 2796 προσφεύγει
1030 2728 1058 2779 ό
1098 2726 1244 2791 λαός.
1285 2728 1430 2781 Ἐκεῖ
1457 2733 1748 2786 αἶ’πλάκαι

175 2813 226 2863 αἱ
267 2817 492 2885 νομικαὶ
552 2817 944 2887 συντρίϐονται,
999 2819 1098 2888 τὴν
1153 2818 1247 2871 τοῦ
1290 2819 1454 2890 νόμου
1502 2822 1748 2878 διάϐασιν

179 2905 462 2973 μηνύουσαι
503 2906 664 2978 ὁμοῦ,
703 2909 798 2961 καὶ
828 2909 1157 2963 παλαίωσιν·
1199 2911 1432 2965 ἐνταῦθα
1458 2913 1514 2966 δὲ
1540 2915 1588 2966 οῖ
1618 2915 1746 2968 θεῖοι

137 3069 139 3072 Ι
173 2995 308 3064 νόμοι
331 2999 704 3071 ἀδιάῤῥηκτοι
727 3000 1009 3064 σώζονται.
1056 3003 1203 3056 Ἐκεῖ
1233 3003 1432 3075 μόσχος
1456 3007 1750 3076 ἐχωνεύετο

1855 541 1965 598 tur,
1996 528 2273 588 Christum
2319 534 2521 604 excipit
2552 551 2565 588 :
2597 549 2708 587 non
2757 533 2908 586 illum
2957 533 3182 602 quidem“
3204 549 3272 588 ex
3300 547 3428 588 arca

1855 627 2208 690 trimestrem,
2246 627 2322 679 uti
2355 625 2601 697 Moysen,
2630 625 2724 680 sed
2755 639 2855 693 pro
2878 623 3063 696 Moyse
3085 641 3149 679 ex
3174 625 3428 695 sepulcro

1853 717 2190 773 triduanum.
2226 718 2340 772 Illic
2373 719 2625 788 ﬁgurate,
2654 732 2718 771 ac
2749 726 2913 771 noctu
2944 716 3153 773 Pascha
3185 717 3428 772 celebra-

1855 810 1929 864 vit
1961 811 2165 874 Israel;
2201 811 2291 866 hic
2319 826 2442 865 cum
2475 811 2595 865 luce
2624 824 2686 863 ac
2721 808 3028 879 Splendore,
3058 811 3299 864 interdiu
3324 809 3428 864 Pa-

1852 902 1983 957 scha
2029 902 2359 973 peragimns.
2403 900 2519 955 Illic
2569 900 2672 955 sub
2728 900 2833 954 diei
2881 916 3201 971 vesperam;
3251 902 3340 955 hic
3372 902 3426 956 in

1851 1009 2132 1064 vesperam
2201 993 2594 1048 inclinantibus
2654 991 2840 1046 szeculi
2895 993 3252 1060 temporibus.
3312 991 3426 1047 Illic

1852 1084 2089 1154 postium
2131 1098 2195 1137 ac
2244 1084 2492 1137 liminum
2526 1082 2741 1136 foribus
2771 1082 2940 1137 illitus
2981 1090 3064 1136 est
3107 1097 3306 1149 cruor;
3338 1084 3427 1139 hic

1850 1177 2117 1246 sanguine
2149 1174 2352 1229 Christi
2386 1173 2554 1229 corda
2601 1173 2842 1226 ﬁdelium
2895 1173 3273 1243 obsignantur.
3310 1174 3426 1229 Illic

1849 1279 1902 1327 ct
1926 1277 2089 1324 noctu
2109 1267 2503 1333 sacriﬁcatum,
2528 1274 2583 1321 et
2607 1274 2775 1319 noctu
2806 1263 3049 1319 Rubrum
3071 1281 3221 1321 mare
3245 1275 3424 1321 trans—

1851 1361 2078 1416 missum
2127 1367 2248 1424 est;
2288 1359 2376 1412 hic
2409 1373 2540 1413 vero
2573 1357 2744 1421 salus,
2774 1366 2828 1411 et
2862 1357 3202 1426 splendidum
3234 1374 3296 1412 ae
3328 1375 3424 1412 run

1847 1451 2006 1512 brum
2040 1450 2178 1504 inest
2197 1449 2548 1518 baptismatis
2575 1462 2745 1510 mare,
2775 1447 2922 1517 quod
2951 1446 3186 1517 Spiritus
3219 1448 3427 1519 fulgore

1847 1541 2036 1595 rutilat
2070 1559 2082 1593 :
2113 1538 2200 1593 cui
2236 1538 2452 1608 quidem
2491 1551 2680 1592 revera
2709 1536 2803 1592 Dei
2838 1537 3076 1606 Spiritus
3103 1537 3346 1602 incubat,
3372 1541 3427 1594 in

1847 1651 2023 1706 eoque
2068 1634 2443 1705 conspicitur;
2493 1633 2680 1688 eadem
2739 1631 2991 1686 videlicet
3040 1646 3202 1702 aqua,
3232 1632 3286 1686 in
3320 1648 3425 1702 qua

1850 1728 2104 1784 draconis
2155 1726 2398 1795 adeoque
2423 1723 2723 1778 draconum
2755 1723 3039 1793 principis,
3067 1723 3171 1776 hoc
3200 1731 3279 1777 est
3305 1723 3425 1777 dia-

1851 1820 1958 1874 boli
1993 1818 2307 1881 satellitum,
2345 1823 2510 1886 caput
2541 1816 2866 1870 conteritur.
2905 1812 3022 1869 Illic
3067 1813 3280 1885 Moyses
3327 1829 3428 1868 no-

1852 1920 2049 1966 cturno
2096 1909 2367 1978 baptismo
2404 1907 2680 1961 Israelitas
2710 1907 2861 1973 lavit,
2895 1906 3004 1958 illic
3030 1906 3290 1974 populum
3326 1921 3430 1958 nu-

1852 2001 1949 2055 bes
1989 1999 2216 2054 obtexit.
2267 1998 2336 2051 At
2382 1997 2587 2050 Christi
2634 1996 2893 2065 populum
2939 1994 3207 2049 Altissimi
3253 1995 3428 2049 virtus

1851 2087 2158 2142 obumbrat.
2195 2084 2330 2146 Illic.
2357 2092 2544 2153 erepto
2587 2085 2808 2153 populo,
2836 2082 3037 2154 Moysis
3066 2098 3222 2137 soror
3256 2083 3426 2136 Maria

1851 2179 2081 2234 choreas
2122 2177 2312 2241 duxit;
2347 2175 2433 2228 hic
2483 2175 2710 2228 liberato
2757 2175 3034 2243 gentilium
3073 2175 3292 2244 populo,
3327 2173 3430 2228 Ec-

1851 2271 2017 2327 clesia
2047 2268 2252 2325 Christi
2281 2282 2406 2322 cum
2446 2267 2563 2322 suis
2589 2265 2844 2320 omnibus
2879 2264 3142 2321 Ecclesiis
3174 2266 3309 2322 festa
3337 2283 3430 2320 ce-

1852 2363 2041 2416 lebrat.
2085 2358 2198 2412 Illic
2249 2358 2316 2412 ad
2370 2363 2608 2411 creatam
2651 2364 2859 2426 petram
2896 2355 3108 2426 Moyses
3137 2355 3424 2425 confugit;

1852 2453 1940 2508 hic
1970 2452 2036 2505 ad
2075 2450 2195 2504 ﬁdei
2229 2456 2436 2519 petram
2471 2447 2708 2518 populus
2749 2461 2870 2501 sese
2898 2446 3109 2516 recipit.
3144 2446 3258 2500 Illic
3288 2447 3430 2517 legis

1854 2546 2052 2599 tabulae
2078 2543 2426 2612 franguntur,
2459 2554 2580 2608 qua:
2617 2553 2704 2593 res
2735 2537 3109 2607 prmteriturze,
3137 2545 3191 2592 et
3224 2537 3430 2592 invete-

1851 2645 2052 2691 raturae
2091 2635 2232 2703 legis
2272 2630 2533 2701 indicium
2591 2628 2722 2694 fuit;
2761 2628 2847 2682 hic
2879 2628 3078 2682 divina:
3116 2628 3261 2697 leges
3289 2627 3430 2683 inte-

1852 2742 1960 2797 gra:
1989 2725 2366 2791 inviolateque
2409 2727 2717 2775 servantur.
2749 2717 2863 2772 Illic
2912 2719 2976 2774 ad
3002 2719 3184 2788 populi
3211 2734 3428 2788 pinnam

1853 2819 2122 2874 conﬂatur
2155 2817 2396 2879 vitulus;
2433 2813 2521 2867 hic
2548 2813 2617 2868 ad
2651 2811 2889 2867 salutem
2915 2812 3099 2880 populi
3122 2809 3216 2865 Dei
3241 2813 3429 2881 Agnus

1853 2912 2186 2967 immolatur.
2231 2907 2346 2961 Illic
2393 2914 2546 2976 petra
2592 2905 2744 2974 virga
2799 2903 3140 2974 percutitur;
3172 2903 3263 2958 hic
3295 2918 3433 2958 vero

1852 3004 2074 3066 Christi,
2105 3000 2200 3071 qui
2231 3011 2314 3056 est
2339 3008 2513 3069 petra,
2557 2998 2698 3052 latus
2727 2995 3104 3051 transfoditur.
3148 2993 3260 3048 Illic
3287 3007 3431 3064 aqua

172 3085 239 3175 εἰς
262 3086 354 3175 τὴν
382 3089 484 3141 τοῦ
522 3088 651 3143 λαοῦ
675 3090 942 3162 τιμωρίαν
961 3108 975 3121 ·
1013 3092 1247 3146 ἐνταῦθα
1283 3094 1338 3147 δὲ
1363 3097 1391 3147 ὁ
1433 3097 1625 3166 ’Λμνὺς
1656 3099 1748 3153 τοῦ

1855 3102 1920 3156 de
1948 3106 2101 3170 petra
2130 3093 2468 3166 prorumpit;
2507 3090 2596 3145 hic
2629 3104 2693 3145 ex
2723 3087 2938 3144 viviﬁco
2995 3089 3160 3142 latere
3204 3085 3436 3156 sanguis

167 3170 286 3226 Θεοῦ
350 3176 555 3230 θύεται
613 3180 692 3242 εἰς
743 3180 840 3252 τὴν
888 3180 982 3234 τοῦ
1043 3180 1173 3234 λαοῦ
1240 3188 1536 3256 σωτηρίαν.
1608 3189 1749 3245 Ἐκεῖ

1855 3202 1909 3249 et
1941 3205 2080 3263 aqua
2113 3186 2354 3260 proﬂuit.
2387 3185 2468 3241 Illi
2496 3181 2842 3238 coturnicum
2880 3195 3076 3235 carnes
3108 3177 3326 3235 ccclitus
3346 3191 3432 3231 ac-

167 3264 334 3338 ράϐδῳ
375 3269 570 3340 πέτρα
615 3270 911 3323 τύπτεται·
964 3271 1196 3325 ἐνταῦθα
1231 3275 1288 3327 δὲ
1322 3277 1554 3348 Χριστὸς
1589 3281 1620 3350 ἡ
1655 3281 1752 3333 πέε-

159 3372 250 3426 τρα
273 3359 372 3430 τὴν
408 3360 665 3430 πλευράν
682 3360 952 3417 νύττεται.
984 3363 1131 3417 Ἑκεί
1155 3363 1300 3437 ὕδωρ
1331 3369 1393 3420 ἐκ
1425 3369 1524 3439 τῆς
1548 3372 1751 3442 πέτρας

160 3445 428 3519 ἐξέρχεται
457 3469 471 3482 ·
557 3450 791 3505 ἐνταῦθα
838 3449 975 3524 αἷμα
1022 3456 1114 3510 καὶ
1174 3455 1316 3527 ὕδωρ
1374 3460 1437 3512 ἐκ
1485 3460 1748 3525 ζωοποιοῦ

156 3539 389 3612 πλευρᾶς
422 3543 768 3614 πηγάζεται.
813 3546 1039 3601 Ἐκεῖνοι
1064 3548 1482 3623 ὀρτυγομήτραν
1512 3556 1650 3626 κρέα
1689 3563 1746 3630 ἐξ

1851 3295 2147 3355 ceperunt;
2199 3295 2300 3335 nos
2355 3277 2594 3348 Spiritus
2641 3273 2816 3331 sancti
2861 3271 3169 3329 columbam
3219 3286 3285 3325 ex
3319 3270 3435 3324 alto

1852 3377 2206 3447 suscipimus.
2239 3371 2319 3425 Illi
2351 3367 2744 3438 temporarium
2801 3378 3004 3419 manna
3047 3361 3426 3423 comederunt,

1850 3478 1901 3525 et
1931 3460 2129 3522 mortui
2154 3471 2314 3528 sunt;
2347 3476 2450 3517 nos
2479 3474 2618 3531 pane
2649 3457 2922 3513 vescimur
2953 3456 3007 3510 in
3035 3456 3196 3510 vitam
3230 3452 3430 3523 sempi-

1851 3574 2079 3619 ternam.

155 3634 375 3730 οὐρανοῦ
425 3639 721 3704 ἐδέξαντο·
782 3643 941 3712 ἡμεῖς
969 3643 1025 3696 δὲ
1064 3646 1388 3717 περιστερὰν
1429 3649 1522 3702 τοῦ
1581 3657 1896 3730 Πνεῦματος
1946 3655 2006 3721 ἐξ
2053 3653 2222 3723 ὕψους
2262 3647 2552 3720 δεκόμεθαο
2609 3645 2836 3697 Ἐκεῖνοι
2881 3641 3055 3711 μάννα
3096 3637 3434 3730 πρόσκῳρθν

149 3727 369 3797 ἔφαγον,
402 3732 511 3785 καὶ
552 3731 820 3786 ἀπέθανον
841 3750 853 3763 ·
903 3735 1064 3804 ἡμεῖς
1095 3735 1244 3806 (γὰρ)
1285 3739 1446 3808 ἄρτον
1489 3727 1742 3818 ἐσθίομεν
1776 3754 1856 3815 είς
1889 3749 2034 3817 ζωὴν
2063 3745 2299 3799 αἰώνιον.
3296 3727 3310 3736 ’
3425 3755 3428 3758 ⁴

226 3823 368 3876 Ἀλλ’
403 3826 605 3878 ἐκεῖνα
634 3825 708 3888 ὼς
743 3826 945 3879 παλαιὰ
971 3828 1063 3879 καὶ
1103 3827 1305 3901 σκιώδη
1344 3837 1746 3908 πεπαλαίωται,

144 3910 233 3963 καί
261 3915 628 3969 τετέλεσται·
659 3915 728 3969 τα
760 3917 817 3969 δὲ
862 3915 957 3973 τοῦ
995 3919 1264 3990 ἡμετέρου
1293 3922 1421 3978 λαοῦ
1453 3927 1624 3995 αὔξει,
1657 3934 1750 3984 καὶ

145 3999 373 4056 ἐπανθεῖ
400 4007 494 4069 είς
520 4005 608 4057 ἀεὶ
635 4005 978 4076 διαμένοντα.
1019 4006 1167 4077 Αὕτη
1198 4009 1290 4064 τοῦ
1324 4013 1513 4084 Πάσχα
1536 4019 1693 4087 ἡμῶν
1717 4021 1749 4089 ή

144 4095 428 4162 sphin-:0;
454 4115 470 4127 ·
513 4097 656 4167 αῦτη
687 4097 792 4151 τῶν
816 4099 1054 4168 νομικῶν
1088 4101 1426 4172 πραγμάτων
1454 4108 1486 4176 ἡ
1518 4108 1751 4180 σκιώδης

141 4183 423 4253 διάϐασις.
460 4189 626 4242 Οῦτω
670 4189 738 4244 τὰ
779 4190 875 4260 τῆς
907 4191 1097 4261 ἑορτῆς
1126 4192 1317 4263 νόησον
1339 4211 1352 4226 ·
1385 4196 1529 4251 οὕτω
1557 4200 1626 4253 τὰ
1659 4202 1753 4256 τοῦ

139 4273 393 4340 Μωσέως
428 4279 535 4330 καὶ
577 4276 684 4332 τῶν
716 4278 1007 4350 προφητῶν
1035 4283 1162 4352 περὶ
1189 4283 1286 4352 τῆς
1324 4286 1536 4358 ἡμέρας
1557 4294 1760 4364 σκόπη-

139 4382 249 4430 σον,
264 4368 362 4421 ἵνα
390 4369 637 4440 πεισθῇς
653 4372 718 4440 τῇ
735 4371 1046 4426 ἀναστάσει.
1065 4374 1348 4440 Ἀπιστίας
1362 4379 1470 4449 γὰρ
1486 4383 1683 4449 πάντες
1698 4387 1758 4439 τὸ

1928 3839 2126 3896 Verum
2160 3837 2249 3889 illa
2287 3841 2542 3900 tanquam
2566 3836 2747 3882 vetera
2775 3832 2827 3878 et
2853 3821 3173 3876 adumbrata
3205 3817 3429 3873 demum

1858 3932 2259 3991 obsoleverunt,
2297 3933 2351 3978 et
2384 3922 2651 3989 completa
2688 3925 2817 3972 sunt
2857 3935 2868 3969 :
2901 3928 3022 3984 qua:
3067 3912 3132 3966 ad
3179 3919 3430 3966 nostrum

1859 4022 2116 4095 p0pulum
2162 4016 2454 4088 pertinent,
2485 4016 2753 4080 augentur
2803 4007 2858 4060 in
2907 4005 3046 4067 dies,
3083 4013 3137 4059 et
3173 4003 3432 4095 percu—nia

1854 4093 2220 4185 perpetuaque
2247 4105 2564 4160 ﬂorescunt.
2605 4096 2888 4169 Ejusmodi
2920 4095 3094 4167 ﬁgura
3125 4093 3297 4148 nostri
3327 4093 3432 4185 Pa-

1855 4184 2061 4259 schatis
2091 4200 2220 4265 fuit;
2249 4198 2363 4251 haec
2413 4194 2545 4265 legis
2591 4191 2930 4263 negotiorum
2987 4185 3304 4242 adumbrata
3330 4184 3429 4239 de-

1855 4294 2060 4352 cursio.
2097 4292 2223 4346 liae
2269 4289 2368 4344 tibi
2413 4287 2536 4342 festi
2580 4285 2726 4338 illius
2767 4278 3107 4337 informanda
3133 4277 3322 4332 notio:
3351 4275 3432 4332 sic

1857 4403 1940 4452 ea,
1972 4401 2095 4456 quae
2128 4384 2196 4438 ad
2228 4382 2490 4453 Moysem,
2513 4385 2567 4433 et
2597 4376 2890 4447 prephetas
2923 4372 3174 4438 attinent,
3199 4371 3266 4425 ad
3289 4371 3433 4425 hanc

137 4457 419 4528 κάλυμμα
447 4459 983 4534 περίκεινται.Ἕχει
998 4462 1110 4532 (56)
1143 4464 1373 4531 πολλοὺς
1389 4470 1514 4532 τοὺς
1527 4473 1749 4541 τύπους,

1859 4481 2000 4534 diem
2029 4474 2488 4544 contemplatione
2516 4469 2800 4525 referenda
2828 4476 2976 4531 sunt,
3003 4474 3061 4519 ut
3082 4465 3436 4520 resurrectio-

132 4554 224 4604 καὶ
267 4555 753 4627 ἀπεριγράπτους
795 4559 894 4628 τῆς
931 4561 996 4613 ἐκ
1023 4561 1230 4632 νεκρῶν
1258 4565 1624 4628 ἀναστάσεως,
1661 4566 1754 4619 καὶ

132 4642 535 4709 ἁναϐιὼσεως.
582 4647 798 4718 Ταύτης
857 4649 1073 4722 μάρτυρ
1133 4653 1444 4719 ἀξιόπιστος
1484 4656 1666 4710 Ἰσαὰκ
1717 4659 1750 4728 ἡ

130 4741 321 4810 σφαγή
347 4756 364 4768 ·
426 4738 652 4808 ταύτης
705 4740 874 4805 τύπος
929 4743 957 4794 ὁ
1001 4742 1201 4808 λάκκος
1240 4745 1333 4798 τοῦ
1372 4747 1587 4818 Ἰωσὴφ,
1623 4750 1680 4802 ἐν
1709 4741 1755 4817 ᾧ

131 4824 234 4877 ὑπὸ
266 4827 389 4881 τῶν
418 4828 680 4898 ἀδελφῶν
712 4830 998 4903 ἐνεϐλήθη,
1022 4833 1172 4886 ἔνθεν
1197 4835 1426 4905 ἀνῆλθεν
1452 4838 1714 4902 ἀθάνατος
1738 4855 1751 4870 ·

119 4917 340 4988 ταύτης
372 4919 570 4982 τύπος
611 4921 875 4992 Ἱερεμίου
911 4925 938 4975 ό
969 4923 1189 4989 λάκκος,
1227 4925 1348 4979 ὅθεν
1384 4926 1531 4992 ἅπαξ
1563 4931 1626 4982 ὲκ
1658 4929 1755 5000 τῆς

121 5007 366 5079 φθορᾶς,
403 5011 523 5064 καὶ
546 5011 637 5064 τοῦ
667 5012 928 5085 βορϐόρου
973 5015 1190 5086 ἀνῆλθε.
1226 5017 1462 5087 Χριστοῦ
1497 5021 1596 5090 τῆς
1622 5020 1754 5074 ἀνα-

121 5101 387 5164 στάσεως
440 5099 628 5166 τύπος
660 5103 755 5156 τοῦ
807 5105 958 5158 Ἰωνᾶ
988 5108 1048 5160 τδ
1086 5109 1271 5178 κῆτος,
1303 5109 1361 5176 ἐξ
1409 5105 1470 5164 οῦ
1519 5112 1756 5184 προῆλθε

120 5191 686 5262 τριήμερος.Ἐχεις
711 5194 804 5247 καὶ
836 5195 992 5248 ἄλλον
1010 5194 1104 5248 τοῦ
1137 5197 1194 5249 ἐν
1226 5197 1352 5270 ᾅδου
1381 5199 1755 5273 δεσμωτηρίου

114 5277 296 5333 τύπον
335 5280 413 5333 τὸ
449 5277 560 5332 τοῦ
597 5281 793 5354 Ἰωσὴφ
823 5283 1218 5358 δεσμωτήριον,
1253 5286 1378 5341 ἔνθα
1398 5288 1617 5361 αὑτὸνή
1648 5307 1759 5360 μοι-

116 5370 284 5436 χαλὶς
326 5369 657 5442 συναγωγὴ
683 5371 1056 5436 κατέκλεισεν,
1090 5372 1150 5438 ἐξ
1197 5367 1257 5429 οῦ
1294 5375 1562 5448 προῆλθεν
1592 5375 1757 5428 ἀϐλα-

116 5461 220 5533 ϐὴς
269 5462 386 5516 καὶ
433 5463 690 5534 τριετὴς,
722 5464 798 5527 ὡς
827 5459 1085 5534 Χριστὸς’
1109 5470 1399 5542 τριήμερος
1439 5471 1502 5523 ἐκ
1527 5468 1754 5542 νεκρῶν.

507 5664 567 5712 ὲν
589 5664 668 5732 τῷ
696 5664 856 5732 βαπτ.

184 5733 321 5805 (55)
370 5733 449 5788 Ε.
491 5735 591 5786 καὶ
626 5733 878 5804 Ἐρυθρά.

184 5665 321 5800 ίὲἒί
370 5663 451 5788 5:

1855 4572 1910 4626 ni
1936 4569 2092 4624 ﬁdem
2115 4567 2394 4622 adhibeas.
2427 4562 2694 4616 Omnibus
2717 4561 2860 4615 enim
2889 4558 3064 4613 velum
3097 4555 3432 4610 inﬁdelitatis

1855 4662 2166 4718 obducitur.
2190 4657 2443 4713 Plurima:
2473 4661 2622 4717 sunt,
2649 4663 2701 4708 et
2723 4666 2843 4721 qum
2858 4648 3242 4720 comprehendi
3271 4645 3435 4701 facile

1857 4762 2150 4824 nequeant,
2184 4747 2605 4805 resurrectionis
2654 4759 2685 4797 a
2727 4741 2957 4797 mortuis
2989 4749 3044 4795 et
3074 4738 3432 4794 instauratio-

1857 4843 1944 4897 nis
1969 4844 2170 4912 ﬁgurae.
2206 4838 2381 4908 Hujus
2414 4837 2610 4891 idonea
2639 4833 2796 4889 testis
2819 4836 2904 4886 est
2932 4828 3104 4885 Isaaci
3138 4826 3429 4900 jugulatio.

1860 4933 2033 5001 Ilujns
2064 4931 2191 4986 item
2229 4929 2396 5000 ﬁgura
2418 4925 2637 4995 Iosephi
2665 4935 2860 4994 puteus
2885 4921 2974 4976 ille
2996 4918 3116 4985 fuit,
3138 4920 3190 4974 in
3216 4934 3375 4990 quem
3401 4933 3430 4972 a

1859 5024 2118 5079 fratribus
2142 5029 2226 5078 est
2255 5020 2559 5090 coniectus,
2584 5015 2727 5071 unde
2740 5024 2793 5070 et
2810 5028 3005 5084 expers
3028 5012 3217 5067 mortis
3240 5025 3432 5065 ascen-

1858 5114 1954 5169 dit.
1988 5113 2244 5168 Eamdem
2272 5120 2327 5166 et
2351 5111 2597 5166 Ieremia:
2625 5109 2862 5168 cisterna
2894 5103 3253 5176 signiﬁcavit;
3289 5101 3434 5156 unde

1858 5221 1925 5260 ex
1951 5204 2321 5275 corruptione,
2351 5210 2407 5258 et
2439 5216 2596 5257 emno
2637 5198 2801 5254 semel
2828 5203 3050 5252 evectus
3077 5203 3180 5249 est.
3230 5190 3436 5247 Resur-

1859 5297 2154 5350 rectionem
2195 5292 2400 5347 Christi
2445 5290 2596 5345 Jonze
2649 5298 2802 5344 cetus
2852 5284 3219 5350 adumbravit,
3269 5297 3434 5351 equo

1861 5383 2149 5439 triduanus
2181 5381 2401 5453 prodiit.
2435 5380 2620 5436 Habes
2641 5388 2694 5433 et
2727 5379 2887 5434 aliam
2918 5375 3217 5433 inferorum
3249 5389 3436 5430 carce-

1861 5475 1938 5530 ris
1969 5473 2280 5544 imaginem,
2310 5470 2531 5542 Iosephi
2563 5470 2776 5526 scilicet
2814 5482 3129 5535 carcercm;
3177 5466 3232 5520 in
3273 5479 3442 5537 quem

1933 5668 2048 5743 (56)
2094 5663 2151 5722 F.
2192 5668 2349 5739 ἔχεις.
