3948 6196
378 343 479 406 ιη

1677 345 1884 406 DUBIA
1923 344 2068 402 AUT
2106 344 2377 403 SPURIA.
3526 348 3614 404 ιιι

382 465 540 532 illum
568 469 814 527 adultera
849 469 1133 542 Synagoga
1177 465 1472 538 compegit.
1511 468 1652 524 unde
1683 477 1736 526 et
1767 470 1970 526 ill:esus

2081 467 2206 523 Μεθ’
2224 461 2300 524 ὧν
2326 468 2420 522 καὶ
2449 466 2648 540 Δανιὴλ
2661 466 2770 539 (57)
2787 465 2878 522 τὸν
2906 467 3016 521 τῶν
3045 467 3276 522 λεόντων
3297 467 3488 523 λάκκον
3507 486 3616 541 προ-

382 568 507 630 post
552 562 850 618 triennium
903 560 1057 624 exiit,
1084 559 1162 616 uti
1213 568 1336 630 post
1383 559 1626 618 triduum
1659 560 1912 618 Christus
1941 578 1972 620 a

323 685 326 688 -
385 651 619 705 mortuis
645 650 936 706 excitatur.
971 647 1284 707 Secundum
1313 649 1454 707 istos
1484 659 1536 706 et
1567 650 1750 708 Daniel
1779 653 1832 706 in
1859 653 1973 708 leo-

388 754 516 794 num
545 739 1074 803 caveamimmissus
1096 739 1396 798 Salvatoris
1422 743 1734 813 sepulcrum
1764 743 1974 802 indica-

386 827 486 892 vit,
515 842 582 884 ex
635 844 746 898 quo
793 829 952 886 vivus
999 830 1162 889 Jesus
1204 833 1531 902 ascendens,
1561 835 1632 892 ab
1682 835 1874 898 inferis
1919 845 1974 896 et

384 927 585 990 morte,
630 929 888 992 tanquam
938 939 970 978 e
1021 925 1220 982 mediis
1271 926 1548 994 leonibus,
1581 930 1826 985 emersit.
1878 928 1975 987 His

386 1009 560 1068 fretus
583 1010 802 1073 Iudaeos
835 1014 1136 1086 redarguo;
1179 1018 1263 1078 his
1309 1020 1436 1076 illos
1462 1021 1719 1091 increpa;
1751 1021 1818 1077 ad
1848 1037 1974 1078 eum

385 1103 609 1160 modum
637 1105 840 1164 Christi
860 1108 1170 1178 passionem
1228 1125 1293 1166 ac
1315 1114 1775 1172 resurrectionem
1800 1123 1972 1172 tuere.

383 1193 514 1252 Haec
547 1197 643 1252 tibi
683 1213 960 1257 armorum
995 1201 1250 1270 praesidia
1290 1203 1556 1260 hodierna
1601 1206 1977 1276 suppeditabit

387 1288 600 1355 oratio;
627 1289 744 1344 haec
774 1300 826 1346 te
854 1292 1115 1362 mysteria
1142 1295 1433 1352 celebritas
1463 1298 1567 1353 ista
1597 1298 1901 1368 perdocuit.

458 1379 661 1438 Verum
705 1383 834 1453 quid
866 1385 1108 1444 deinde?
1142 1386 1283 1446 Num
1330 1389 1432 1448 soli
1473 1405 1574 1447 nos
1609 1392 1806 1448 festum
1843 1392 1977 1448 illud

387 1470 630 1528 solemne
661 1473 1100 1543 celebrabimus,
1157 1491 1227 1534 an
1270 1486 1325 1536 et
1371 1477 1439 1534 de
1475 1480 1742 1549 proximis
1771 1483 1978 1538 nostris

387 1563 613 1618 solliciti
647 1565 896 1624 erimus?
922 1565 1054 1634 Nos,
1081 1569 1327 1640 inquam,
1353 1573 1676 1632 celebritate
1707 1575 1810 1631 ista
1837 1575 1982 1632 frue-

387 1668 538 1722 mur,
571 1669 640 1709 an
676 1657 910 1717 aliorum
943 1659 1194 1716 habenda
1250 1679 1469 1735 quoque
1523 1667 1664 1722 ratio
1709 1667 1832 1723 est?
1872 1667 1980 1724 Pro

387 1762 453 1801 co
485 1763 618 1804 sane
673 1765 738 1807 ac
766 1751 964 1808 festum
997 1754 1130 1812 illud
1162 1767 1410 1816 nostrum
1445 1761 1762 1816 necessario
1789 1769 1980 1832 postu-

2071 563 2232 616 τυποῖ
2262 561 2349 616 τὸν
2374 559 2470 614 τοῦ
2505 561 2757 632 Σωτῆρος
2775 561 2967 629 τάφον,
2994 558 3052 626 ὲξ
3083 553 3145 618 οὗ
3179 559 3288 624 ζῶν
3335 559 3523 631 Ἰησοῦς
3544 564 3616 615 ἀν·

2072 651 2258 726 ἦλθεν,
2291 653 2368 718 ὡς
2393 655 2458 708 ὲκ
2502 653 2733 707 λεόντων
2764 652 2984 724 ῥυσοεὶς
3017 650 3111 707 τοῦ
3137 651 3287 724 ᾄδου,
3317 653 3410 707 καὶ
3435 653 3517 706 τοῦ
3543 656 3624 706 0a-

2072 747 2260 806 νάτου.
2296 746 2397 801 Διὰ
2439 746 2646 801 τούτων
2689 745 2977 809 Ἰουδαίους
3024 744 3272 814 ἔλεγξον·
3323 744 3414 799 διὰ
3451 745 3640 820 τούτων]

2075 843 2275 906 αὐτοὺς
2304 839 2630 912 ἐπιτίμησον
2650 855 2665 870 ⁸
2693 839 2865 903 οὕτως
2889 838 3031 910 ὑπὲρ
3057 838 3152 892 τοῦ
3185 838 3421 910 Χριστοῦ
3450 839 3623 903 πάθον,

2073 935 2172 992 καὶ
2200 934 2549 997 ἀναστάσεως
2577 930 3138 1002 ἅπολὸγησαι.Ταῦτά
3169 948 3250 986 σοι
3279 930 3413 1002 πρὸς
3439 948 3627 1002 συμμα·

2073 1025 2198 1098 χίαν
2221 1026 2459 1096 σήμερον
2489 1023 2557 1077 τὰ
2585 1023 2724 1078 ὅπλα
2756 1023 2785 1075 ὁ
2816 1021 2969 1091 λόγος
3002 1021 3310 1094 χαρίζεταιο
3334 1021 3500 1076 ταῦτά
3523 1038 3572 1075 σε
3595 1023 3625 1093 ἡ

2076 1116 2239 1191 ἑορτὴ
2263 1115 2600 1172 ὲπιδιδάσκει
2624 1116 2914 1188 μυστήρια.

2148 1376 2281 1436 Εἶτα
2301 1383 2353 1435 τί
2379 1383 2472 1436 καὶ
2500 1381 2640 1454 μετὰ
2662 1380 2869 1450 causa;
2907 1382 3098 1454 Ἡμεῖς
3121 1382 3270 1454 μόνοι
3297 1381 3635 1454 ἑορτάζομεν,

2075 1478 2109 1549 ἢ
2149 1476 2244 1531 καὶ
2272 1474 2364 1528 τοῦ
2406 1475 2633 1547 πλησίον
2660 1475 3104 1546 μεριμνήσομεν-;
3144 1474 3333 1544 Ἡμεῖς
3359 1475 3639 1544 πανηγυρίρ

2079 1566 2350 1639 σωμεν,’ἢ
2383 1567 2478 1620 καὶ
2506 1567 2636 1638 περὶ
2661 1566 2834 1622 ἄλλων
2884 1568 3015 1638 ἡμῖν
3039 1568 3068 1618 ό
3095 1565 3286 1634 λόγος;
3323 1566 3638 1635 Ἀναγκαίως

2076 1660 2178 1730 τῆς
2215 1659 2376 1731 ἡμῶν
2418 1660 2614 1731 ἑορτῆς
2649 1659 2939 1730 θεάρεστος
2971 1657 3106 1729 ὁμοῦ
3141 1659 3235 1712 καὶ
3264 1658 3637 1729 εὐπρόσδεκτος

2078 1751 2322 1822 γενέσθω
2352 1769 2436 1816 τις
2470 1752 2649 1815 κοινὸς
2676 1751 2774 1822 τῆς
2809 1750 3132 1821 Ἐκκλησίας
3182 1749 3481 1818 στεναγμὸς
3523 1749 3643 1819 πρὸς

390 1839 486 1907 lat,
521 1850 711 1912 gratus
735 1845 961 1924 quidam
988 1854 1043 1904 et
1071 1858 1333 1920 acceptus
1368 1850 1481 1907 Deo
1515 1853 1682 1910 totius
1718 1852 1974 1910 Ecclesia:

2081 1848 2166 1901 τὸν
2195 1846 2349 1912 Θεὸν,
2374 1846 2470 1900 καὶ
2512 1845 2652 1917 ὑπὲρ
2694 1845 2804 1898 τῶν
2825 1845 3083 1913 ὲνάγκαις
3101 1842 3210 1914 (58)
3239 1842 3396 1914 ἡμῶν
3422 1841 3642 1908 ἀδελφῶν

386 1934 624 2002 gemitus
672 1937 740 1992 ad
789 1905 946 1994 ﬂium
989 1905 1260 2012 ertrrrtpat.
1318 1941 1688 2001 Recordemur
1745 1945 1977 2002 fratrum

388 2039 728 2091 nostrorum,
763 2030 856 2098 qui
885 2034 1214 2090 necessitate
1270 2051 1451 2090 rerum
1481 2038 1723 2093 omnium
1765 2045 1822 2093 et
1868 2037 1982 2093 ino-

387 2117 478 2188 pia
508 2128 856 2189 premuntur;
886 2123 1340 2195 propinquorum,
1367 2128 1614 2199 inquam,
1637 2137 1977 2197 nostrorum,

389 2212 480 2280 qui
509 2213 742 2269 desertis
771 2214 825 2270 in
856 2216 988 2272 locis
1018 2219 1330 2276 calamitate
1360 2230 1525 2291 atque
1567 2232 1810 2295 egestate
1843 2240 1980 2279 con-

388 2303 686 2362 ﬂictantur.
720 2307 816 2362 His
847 2324 1002 2379 ergo,
1034 2312 1128 2380 qui
1163 2314 1316 2383 gravi
1349 2316 1678 2372 necessitate
1705 2317 1976 2384 laborant,

389 2397 833 2453 misericordiam
871 2401 1254 2459 adhibeamus.
1285 2405 1496 2461 Etenim
1527 2408 1572 2463 si
1611 2424 1778 2461 unum
1810 2424 1981 2463 mem-

389 2485 550 2544 brum
603 2490 852 2558 patitur,
905 2494 1317 2562 compatiuntur
1365 2505 1420 2551 et
1472 2497 1657 2554 omnia
1713 2499 1976 2552 membra.

389 2578 571 2642 Quare
601 2585 1003 2651 compatiamur
1036 2601 1162 2640 cum
1194 2585 1458 2644 fratribus
1485 2590 1857 2659 membrisque
1879 2605 1979 2644 no-

391 2672 544 2733 stris,
591 2675 683 2732 alii
727 2677 933 2744 verbis,
972 2678 1063 2733 alii
1119 2680 1502 2746 beneficentia,
1540 2683 1795 2752 precibus
1849 2699 1978 2738 tero

391 2763 460 2818 ad
511 2765 680 2823 Deum
729 2777 783 2826 et
833 2770 1182 2828 orationibus
1233 2773 1500 2839 universi,
1570 2773 1814 2831 Obsecro
1857 2790 1975 2838 vos,

389 2860 702 2916 communis
728 2861 796 2916 ad
832 2860 1002 2918 Deum
1032 2879 1131 2935 pro
1162 2864 1274 2920 illis
1300 2865 1463 2920 hodie
1493 2866 1690 2937 legatio
1711 2867 1980 2938 suscipia-

391 2957 502 3016 tur,
552 2953 813 3022 quoniam
863 2955 1024 3010 nobis
1072 2965 1158 3012 est
1205 2965 1259 3010 et
1311 2958 1600 3027 captivitas
1647 2961 1976 3015 communis.

391 3041 532 3109 Fiat,
569 3060 776 3114 qumso,
802 3048 1112 3102 communis
1160 3049 1506 3117 supplicatio,
1540 3051 1978 3123 quandoquidem

389 3141 475 3188 est
517 3143 572 3188 et
621 3138 932 3192 communis
986 3139 1410 3195 animadversio.
1447 3141 1750 3198 Audiamus
1792 3143 1980 3200 dicen-

391 3234 499 3279 tem
527 3244 540 3280 :
569 3226 732 3282 Orate
766 3245 862 3297 pro
905 3231 1164 3298 invicem,
1194 3242 1251 3286 ut
1285 3232 1618 3287 salvemini‘.
1675 3235 1814 3288 Tum
1851 3253 1982 3292 vero

391 3318 674 3376 Christum
709 3323 782 3377 ita
831 3325 1139 3394 loquentem
1171 3344 1184 3382 :
1221 3326 1277 3381 Si
1312 3327 1443 3391 duo,
1477 3329 1561 3383 vel
1593 3338 1706 3386 tres
1745 3345 1982 3386 consen-

392 3411 566 3466 serint
619 3415 672 3469 in
720 3419 1049 3485 orationem,
1098 3419 1166 3475 de
1215 3435 1544 3490 quacunque
1587 3423 1979 3491 postulatione,

393 3518 559 3575 quam
587 3507 868 3576 petierint,
900 3509 990 3566 ﬁet
1030 3511 1186 3581 ipsis.
1223 3511 1416 3583 Magna
1449 3519 1598 3577 sunt,
1634 3512 1853 3579 fratres,
1893 3530 1982 3569 ar-

393 3613 484 3653 ma
511 3615 703 3670 preces
734 3600 1028 3669 Ecclesiae;
1059 3619 1292 3674 magnus
1315 3611 1397 3658 est
1418 3618 1609 3659 murus
1640 3609 1984 3662 consentien-

393 3689 532 3746 tium
566 3689 711 3746 inter
741 3705 801 3747 se
825 3692 1188 3762 plurimorum
1215 3691 1414 3755 oratio,
1447 3691 1750 3760 presertim
1782 3707 1904 3762 quae
1951 3707 1982 3748 a

393 3781 541 3838 ﬁdeli
583 3783 786 3853 populo
827 3782 1152 3854 captivoque
1182 3781 1571 3853 proficiscitur.
1603 3781 1773 3837 Nemo
1799 3783 1983 3840 dicere

394 3875 544 3932 istud
570 3876 769 3932 audeat
799 3891 815 3931 :
849 3883 1170 3947 peccatores
1189 3891 1219 3930 a
1244 3874 1356 3930 Deo
1386 3890 1497 3930 non
1523 3874 1794 3930 exaudiri.
1813 3874 1982 3932 Multo

393 3966 544 4022 enim
590 3965 850 4024 libentius
904 3967 1194 4022 humilium
1245 3981 1310 4021 ac
1363 3975 1715 4036 peccatorum
1793 3981 1984 4036 preces

395 4059 636 4131 excipit:
663 4075 964 4131 eorumque
993 4061 1364 4131 potissimum,
1403 4059 1496 4130 qui
1527 4069 1753 4131 propter
1781 4076 1982 4122 nomen

392 4153 571 4225 ipsius
599 4153 806 4217 amicti,
838 4151 1116 4223 flagellati,
1150 4151 1418 4207 custodiis
1461 4155 1749 4219 macerati,
1776 4153 1980 4220 vexati,

392 4246 614 4317 probris
648 4245 718 4300 ab
749 4245 1002 4299 hostibus
1024 4244 1228 4300 Christi
1255 4243 1458 4308 affecti,
1493 4244 1654 4300 [idem
1678 4259 1788 4300 non
1816 4245 1982 4300 abne-

392 4343 612 4412 garunt.
637 4336 756 4401 Quo
784 4351 848 4389 ex
880 4351 1077 4404 genere
1110 4337 1354 4406 plerique
1378 4351 1542 4391 sexus
1571 4339 1858 4407 utriusque
1880 4339 1982 4394 boc

392 4427 453 4481 in
493 4425 680 4494 populi
714 4435 859 4479 caatu
899 4435 1212 4489 versantur,
1249 4425 1453 4481 Christi
1484 4425 1855 4494 confessores,
1888 4430 1979 4500 qui

393 4517 466 4572 ab
488 4530 555 4570 eo
576 4515 864 4571 celerrimo
887 4516 1273 4579 exaudiuntur.
1317 4516 1508 4588 Magna
1535 4527 1665 4574 sunt
1690 4534 1863 4586 arma,
1899 4521 1982 4577 di-

2081 1956 2186 2011 μνη
2197 1938 2570 2010 μονεύσωμεν,
2595 1937 2704 1994 τῶν
2732 1938 2789 1990 ὲν
2811 1938 3040 2008 ἐρήμοις
3062 1936 3320 2004 ὲνάγκαις
3343 1934 3639 2004 ἐξεταζομέ-

2078 2049 2184 2090 νων
2221 2031 2366 2085 ἰδίων
2395 2029 2573 2102 ήμῶν.
2611 2027 2906 2101 Γενώμεοα
2933 2028 3009 2091 ὡς
3037 2027 3411 2098 συνδεδεμένοι
3440 2031 3546 2090 τοῖς
3570 2027 3648 2079 δε-

2077 2125 2362 2196 δεμένοις·
2410 2120 2698 2192 γενώμεθα
2773 2120 2849 2183 ὡς
2927 2119 3339 2192 συμπάσχοντες
3415 2120 3522 2181 τοῖς
3557 2119 3650 2189 τὴν

2080 2220 2325 2291 ἀνάγκην
2344 2218 2644 2288 πάσχουσιν
2663 2232 2677 2247 ·
2706 2216 2787 2269 ὅτι
2817 2213 2913 2266 ἐὰν
2939 2213 2997 2266 ἓν
3018 2213 3175 2280 μέλος
3195 2213 3411 2282 πάσχοι,
3445 2213 3652 2282 συμπά-

2081 2329 2199 2382 σχει
2219 2312 2398 2364 πάντα
2420 2309 2489 2363 τὰ
2517 2309 2674 2379 μέλη.
2693 2306 3150 2378 Συμπαθήσωμεν
3173 2305 3354 2358 τοίνυν
3378 2307 3485 2366 τοῖς
3505 2303 3652 2374 ἡμῶν

2079 2403 2348 2472 ἀδελφοῖς,
2380 2404 2492 2465 τοῖς
2528 2399 2685 2470 ἡμῶν
2716 2399 2934 2472 μέλεσιν
2957 2416 2970 2431 ⁸
3001 2401 3049 2452 οἱ
3083 2397 3183 2468 μὲν
3211 2396 3299 2450 διὰ
3320 2397 3614 2468 χρημάτων
3639 2436 3653 2460 ,

2079 2497 2127 2549 οἱ
2152 2496 2210 2549 δὲ
2234 2494 2322 2548 διὰ
2356 2495 2650 2565 ῥημάτων,
2682 2493 2777 2546 καί⁹
2801 2492 2948 2545 ἄλλοι
2979 2491 3045 2544 δι’
3079 2489 3356 2552 εὐποιίας,
3386 2490 3578 2552 πάντες
3601 2488 3658 2541 δὲ

2077 2586 2168 2642 διὰ
2207 2587 2306 2658 τῆς
2341 2586 2477 2657 πρὸς
2511 2585 2642 2639 Θεὸν
2677 2585 2818 2656 ὑπὲρ
2860 2584 3039 2638 αὐτῶν
3068 2582 3299 2646 ἱκεσίας.
3337 2581 3503 2653 Κοινὴ
3532 2581 3665 2633 πάν-

2077 2695 2207 2742 των,
2244 2675 2571 2748 παρακαλῶ,
2617 2676 2859 2747 σήμερον
2892 2672 3134 2743 γενέσθω
3165 2673 3302 2743 πρὸς
3343 2671 3476 2724 Θεὸν
3525 2687 3663 2739 πρε-

2081 2769 2258 2833 σϐεία,
2289 2771 2373 2824 ὅτι
2401 2768 2555 2839 κοινὴ
2580 2771 2612 2839 ἡ
2623 2767 2739 2839 μῶν
2762 2769 2856 2821 καὶ
2881 2769 2914 2837 ἡ
2946 2766 3313 2838 αἰχμαλωσία.
3343 2765 3534 2836 Κοινὴ,
3563 2782 3669 2816 πα-

2083 2861 2326 2934 ρακαλῶ,
2353 2859 2596 2930 γενέσθω
2623 2863 2656 2931 ἡ
2689 2859 2896 2930 δέησις,
2920 2859 3004 2912 ὅτι
3039 2859 3194 2928 κοινὴ
3225 2857 3461 2928 ὑπάρχει
3484 2857 3517 2925 ἡ
3540 2855 3671 2907 παί-

2079 2955 2278 3018 δευσις.
2296 2953 2646 3025 Ἀκούσωμεν
2672 2952 2766 3005 τοῦ
2791 2951 3061 3020 λέγοντος,
3092 2952 3176 3004 ὅτι
3212 2949 3488 3014 Εὕξασθε
3514 2947 3669 3016 ὑπὲρ

2081 3047 2376 3115 ἀλλήλων
2401 3044 2560 3112 ὅπως
2574 3044 2792 3113 ἐσθῆτε
2805 3043 2939 3113 (59).
2958 3042 3304 3114 Ἀκούσωμεν
3323 3041 3568 3113 Χριστοῦ
3587 3041 3672 3094 λέ-

2081 3154 2300 3207 γοντος,
2331 3139 2413 3190 ὅτι
2455 3136 2580 3190 Ἐὰν
2613 3135 2706 3190 δύο
2738 3135 2770 3207 ἢ
2799 3138 2950 3207 τρεῖς
2989 3135 3448 3205 συμφωνήσουσιν
3475 3134 3559 3194 εἰς
3586 3133 3675 3184 εὐ-

2083 3228 2204 3300 χὴν,
2235 3229 2361 3300 περὶ
2391 3228 2594 3292 παντὸς
2621 3229 2924 3299 αίτήματος
2961 3214 3023 3280 οὗ
3069 3228 3402 3298 αἰτήσονται,
3437 3228 3677 3296 γενήσε-

2083 3337 2173 3374 ται
2205 3320 2408 3384 αὐτοῖς.
2451 3320 2633 3388 Μέγα,
2668 3319 2907 3388 ἀδελφοὶ,
2935 3319 3098 3372 ὅπλον
3129 3318 3261 3388 εὐχὴ
3297 3317 3632 3388 Ἐκκλησίας
3660 3333 3676 3349 δ

2088 3411 2230 3484 μέγα
2275 3415 2474 3482 τεῖχος,
2503 3410 2744 3478 ἀδελφοὶ,
2781 3411 2919 3481 πρὸς
2965 3409 3098 3464 Θεὸν
3147 3409 3280 3480 εὐχὴ
3325 3409 3677 3479 συμφωνίας,

2085 3506 2177 3560 καὶ
2211 3504 2443 3576 μάλιστα
2473 3503 2601 3557 λαοῦ
2630 3501 2822 3556 πιστοῦ
2851 3500 3248 3573 αἰχμαλωσίας.
3268 3502 3474 3572 Μηδεὶς
3498 3504 3682 3556 εἰπεῖν

2083 3599 2368 3669 τολμήσει,
2411 3597 2491 3650 ὅτι
2541 3597 2642 3650 οὐκ
2704 3595 2978 3648 είσακούει
3039 3599 3068 3650 ὁ
3121 3595 3254 3659 Θεὸς
3307 3596 3682 3668 ἁμαρτωλῶν.

2084 3690 2275 3747 Πλεῖον
2307 3689 2522 3760 δέχεται
2547 3688 2646 3760 τὴν
2673 3688 2862 3758 δέησιν
2908 3689 3017 3742 τῶν
3049 3688 3340 3755 ταπεινῶν,
3374 3691 3470 3744 καί
3513 3692 3688 3762 μάλι-

2085 3798 2186 3836 στα
2218 3780 2328 3835 τῶν
2355 3781 2442 3835 διὰ
2464 3781 2525 3834 τὸ
2543 3781 2713 3852 ὄνομα
2740 3781 2907 3835 αὑτοῦ
2931 3783 3444 3853 καταπονουμένων,
3479 3803 3694 3854 μαστι-

2085 3873 2349 3946 ζομένων,
2399 3873 2870 3946 φυλακιζομένων,
2912 3873 3265 3945 Θλιϐομένων,
3308 3876 3412 3929 ὑπὸ
3462 3877 3694 3948 ἐχθρῶν

2085 3967 2508 4040 ὁνειδιζομένων,
2541 3968 2638 4022 καὶ
2670 3967 2769 4040 τὴν
2787 3968 2968 4022 πίστιν
2999 3968 3237 4040 Χριστοῦ
3263 3967 3337 4039 μὴ
3359 3968 3698 4040 ἀρνησαμέ-

2085 4077 2212 4116 νων.
2230 4061 2320 4128 Ἐξ
2343 4055 2418 4116 ὧν
2442 4059 2745 4130 ὑπάρχουσι
2772 4059 2952 4112 πολλοὶ
3004 4061 3096 4112 καὶ
3122 4059 3312 4113 πολλαὶ
3338 4062 3394 4112 έν
3420 4059 3501 4128 τῷ
3535 4077 3696 4130 παρ-

2083 4154 2198 4208 όντι
2231 4153 2389 4226 ἡμῶν
2430 4151 2545 4222 λαῷ
2576 4151 2671 4205 τοῦ
2699 4150 2940 4221 Χριστοῦ
2990 4151 3320 4222 ὁμολογηταὶ
3361 4151 3696 4222 γενόμενος,

2084 4247 2180 4301 καὶ
2213 4247 2343 4318 παρ’
2366 4247 2532 4301 αὐτοῦ
2576 4245 2785 4317 ταχέως
2821 4245 3248 4316 είσακουόμενοι.
3287 4245 3449 4314 Μέγα
3487 4246 3701 4310 ὅπλον,

2084 4341 2383 4411 ἀγαπητοὶ,
2415 4342 2448 4411 ἡ
2485 4339 2712 4395 ἐκείνων
2734 4339 2866 4410 εὐχή
2889 4355 2902 4369 ο
2929 4339 3159 4394 αἰδεῖται
3185 4338 3294 4411 γὰρ
3316 4340 3525 4401 αὐτοὺς
3556 4340 3706 4393 πάν-

2083 4449 2181 4495 τας
2209 4434 2235 4486 ό
2264 4431 2518 4504 Χριστὸς,
2556 4431 2624 4485 δι’
2671 4427 2748 4487 ὧν
2787 4433 2900 4505 (60)
2941 4435 3037 4488 καὶ
3068 4435 3192 4490 καθ’
3225 4435 3441 4506 ἡμέραν
3499 4433 3709 4486 κινδυ-

2084 4537 2317 4580 νευουσι.

394 4607 710 4674 lectissimi,
769 4607 1001 4664 istorum
1074 4608 1360 4664 hominum
1417 4627 1629 4682 preces.
1692 4613 1802 4670 Hos
1860 4615 2008 4686 ipsos
2043 4609 2187 4670 enim
2222 4624 2502 4670 reveretur
2522 4615 2796 4686 Christus,
2842 4629 3065 4690 propter
3106 4637 3268 4690 quem
3323 4619 3589 4691 quotidie
3625 4636 3727 4689 pc—

392 4702 724 4759 riclitantur.

465 4795 835 4862 Quamobrem
885 4813 987 4855 nos
1032 4798 1252 4854 illorum
1300 4800 1646 4857 orationibus
1696 4803 1908 4866 conlisi.
1938 4811 1978 4857 el

2168 4798 2256 4852 Διὸ
2284 4800 2404 4860 ταῖς
2436 4800 2642 4854 τούτων
2668 4805 2829 4875 ἡμεῖς
2871 4802 3199 4876 Θαρροῦντες
3226 4802 3434 4874 εὐχαῖς,
3465 4806 3582 4858 καὶ
3638 4810 3736 4871 εἰς

395 4906 588 4946 eorum
635 4890 778 4961 apud
830 4892 1001 4945 Deum
1033 4893 1228 4948 ﬁducia
1281 4893 1425 4959 freti,
1454 4909 1555 4963 pro
1587 4895 1853 4951 fratribus
1889 4911 1986 4949 no-

395 4983 549 5044 stris,
581 4983 673 5051 qui
733 4982 787 5036 in
837 4983 1242 5040 calamitatibus
1281 4994 1594 5049 versantur,
1624 4986 1988 5040 communiter

397 5089 464 5129 ac
494 5081 815 5128 constanter
842 5082 965 5128 vota
995 5073 1284 5137 faciamus.
1316 5075 1448 5130 Nam
1493 5092 1868 5148 smpenumero
1908 5077 1988 5134 fe-

395 5166 500 5222 stis
544 5166 736 5222 diebus
769 5166 1043 5237 plerisque
1079 5168 1460 5223 condemnatis
1496 5169 1643 5239 regia
1679 5168 1988 5239 benignitas

394 5272 572 5327 preme
601 5258 832 5328 gratiam
879 5274 943 5313 ac
966 5261 1175 5314 veniam
1209 5262 1474 5333 indulget.
1501 5262 1748 5331 Magnum
1784 5262 1984 5332 itaque,

395 5351 519 5406 dico
549 5350 770 5415 iterum,
822 5350 1042 5418 fratres,
1085 5354 1344 5424 quiddam
1397 5364 1524 5411 sunt
1557 5354 1815 5410 Ecclesiae
1864 5371 1987 5425 prc-

469 5504 624 5564 'Jac.
657 5527 712 5572 ν,
749 5510 834 5564 16.

617 5664 774 5735 ρειτδι
841 5667 1030 5735 liquid.

467 5731 586 5804 (58),
713 5737 769 5785 ἐν
793 5731 1078 5804 ανάγκαις,
1115 5744 1168 5790 nl
1203 5745 1248 5788 Cl
1274 5735 1432 5803 paulo
1461 5739 1604 5804 post.

469 5802 582 5878 (59)
611 5802 735 5859 Cor.
771 5805 973 5875 ἰαθῆτε.

2091 4892 2190 4962 τὴν
2218 4888 2424 4944 τούτων
2453 4893 2768 4965 παρρησίαν
2802 4898 2937 4967 πρὸς
2962 4895 3094 4949 Θεὸν
3118 4896 3564 4962 ἀποϐλέποντες,
3598 4918 3742 4953 κοι-

2091 4984 2196 5047 νῶς
2215 4985 2310 5037 καὶ
2331 4985 2563 5049 ἐκτενῶς
2583 4987 2720 5058 ὑπὲρ
2737 4987 2845 5040 τῶν
2861 4987 3245 5060 ἐνὰγκαις(61>
3262 4987 3521 5059 ἀδελφῶν
3546 4994 3754 5062 ἡμῶν

2095 5077 2543 5148 προσευξώμεθα,
2565 5077 2700 5133 διότι
2735 5081 2997 5144 πολλάκις
3017 5082 3396 5152 φιλανθρωπία
3424 5081 3754 5157 βασιλικὴ·

2093 5175 2152 5226 ὲν
2179 5174 2302 5235 ταῖς
2333 5174 2547 5244 ἑορταῖς
2581 5174 2796 5239 πολλοῖς
2830 5177 3144 5240 καταδίκοις
3174 5179 3367 5247 ἄφεσιν
3406 5181 3516 5230 καὶ
3579 5180 3748 5232 ἀπο-

2092 5263 2361 5336 λύτρωσιν
2392 5267 2693 5338 χαρίζεται.
2724 5268 2904 5337 Μέγα,
2939 5269 3099 5323 πάλιν
3123 5269 3288 5339 λέγω,
3325 5269 3601 5340 ἀδελφοὶ,
3644 5273 3750 5326 5'3-

2093 5353 2162 5427 χὴ
2197 5353 2541 5428 Ἐκκλησίας.
2563 5358 2654 5412 καὶ
2674 5357 2907 5430 μάλιστα
2943 5360 3126 5424 πίστις
3141 5360 3251 5433 (62)
3281 5361 3753 5435 αἰχμαλωσίας.

2169 5664 2279 5734 (60)
2315 5662 2375 5734 Ε.
2409 5662 2476 5717 δι’
2510 5663 2587 5716 ὃν.

2168 5732 2280 5804 (lii)
2315 5733 2443 5804 Cor.
2469 5735 2527 5786 ὲν
2545 5732 2842 5804 κάνόιγκαις.

2132 5802 2276 5878 *(62)
2313 5802 2372 5858 F.
2410 5803 2624 5875 πιστῆς.
