3948 6196
333 288 416 347 [75

1027 282 1410 343 HOMlLlAlll
1477 287 1545 344 ΙΝ
1606 282 1719 338 DIE
1775 283 2377 343 BESURRELTIONIS
2414 283 2711 342 CHRISTI.

3449 294 3554 351 474

322 403 416 459 Καὶ
427 399 526 472 γὰρ
540 398 630 452 καὶ
650 398 836 469 βασιλε
843 399 903 464 ῦς
920 399 1177 467 πολλάκις
1189 404 1417 459 αἰδεῖται
1435 423 1510 459 πα
1519 405 1690 478 ράκλη
1697 423 1780 459 σιν
1793 405 1880 478 δή-

1987 419 2094 468 ces,
2129 418 2190 456 ac
2216 403 2517 472 praesertim
2545 417 2575 456 a
2605 402 3120 474 ﬁdelibuscaptivis
3138 404 3422 476 profectae.
3450 410 3556 463 Sm-

321 512 429 566 μου,
449 493 534 546 καὶ
554 490 837 560 χαρίζεται
864 492 1187 558 καταδίκους
1207 495 1541 551 δυσωποῦντι
1561 497 1719 570 ὄχλου
1735 495 1868 569 (65).

319 583 503 638 Οὐκοῦν
529 583 759 653 δεόμεθα
783 585 958 638 πᾶσαν
978 586 1078 657 τὴν
1105 588 1374 660 ὑμετέραν
1396 591 1616 663 ἀγάπην
1641 592 1873 654 ἐκτενῶς

319 674 659 748 μνημονεῦσαι
676 675 787 728 τῶν
802 675 1047 746 ἀδελφῶν
1073 679 1230 750 ἡμῶν
1249 680 1358 734 τῶν
1389 682 1604 756 ἐνάγκῃ
1625 682 1755 754 (64)·
1777 684 1871 736 καὶ

317 767 422 818 κατ’
466 765 630 835 αὐτὴν
684 764 900 835 ἐκείνην
929 765 1028 836 τὴν
1069 769 1512 842 φρικωδεστάτην
1555 773 1723 844 ὥραν,
1757 766 1871 846 ένῇ

317 860 393 912 τὸν
415 857 664 926 ἀτίμητον
705 857 1050 929 μαργαρίτην
1073 859 1169 912 τοῦ
1193 861 1430 933 Χριστοῦ
1458 863 1708 933 σώματος
1740 865 1873 916 ὑπο-

316 949 548 1020 δεξόμεθα
570 952 628 1003 ὲν
650 953 772 1013 ταῖς
793 951 980 1022 χερσὶν
1004 951 1185 1024 ἡμῶν.
1230 952 1416 1017 Οὕτως
1438 954 1578 1025 ὑπὲρ
1599 954 1705 1007 τῶν
1726 954 1875 1007 ἀδελ-

315 1046 415 1114 φῶν
453 1042 607 1113 ἡμῶν
653 1042 891 1107 ἐκτενῶς
937 1044 1387 1115 προσευξώμεθα,
1424 1047 1520 1100 κα)⁸
1547 1045 1622 1117 τῷ
1650 1046 1872 1117 Χριστῷ

312 1133 530 1202 εἴπωμεν
549 1148 562 1162 ·
593 1133 769 1196 Αὐτὸς
801 1134 828 1184 6
861 1132 1020 1202 μόνος
1048 1134 1076 1186 6
1095 1133 1217 1186 τότε
1243 1134 1337 1187 καὶ
1365 1132 1461 1188 νῦν
1490 1133 1693 1202 ἀγαθὸς
1719 1133 1870 1199 Θέὺς,

311 1223 392 1276 καὶ
435 1221 817 1293 φιλάνθρωπος
865 1223 1160 1293 Δεσπότης,
1191 1223 1220 1276 6
1267 1222 1353 1276 διὰ
1400 1223 1495 1277 τοῦ
1546 1223 1738 1294 Πάσχα
1782 1225 1874 1277 τὸν

321 1310 513 1382 Ἰσραὴλ
537 1312 606 1364 ἐκ
625 1311 872 1375 δουλείας
891 1311 1168 1380 Αἰγύπτου
1203 1314 1508 1384 ῥυσάμενος
1553 1315 1645 1368 καὶ
1670 1315 1756 1368 διὰ
1777 1314 1872 1367 τοῦ

305 1404 517 1474 αἵματος
545 1405 642 1456 τοῦ
666 1403 842 1473 ἀμνοῦ
866 1402 1179 1475 ἐλευθερίαν
1210 1403 1356 1475 αὑτῷ
1376 1406 1759 1476 χαρισάμενος,
1784 1405 1876 1458 οὺς

307 1497 392 1561 τὸς
419 1498 504 1550 καὶ
533 1496 632 1548 νῦν
661 1495 748 1549 διὰ.
774 1495 867 1549 τοῦ
893 1495 1165 1566 ἀχράντου
1214 1512 1308 1548 σου
1345 1495 1615 1566 σώματος,
1647 1497 1742 1550 καὶ
1777 1494 1872 1548 τοῦ

305 1589 473 1660 τιμίου
512 1587 769 1659 αἵματος,
794 1587 894 1656 τῆς
938 1587 1142 1656 πικρᾶς
1187 1586 1432 1651 δουλείας
1461 1587 1773 1657 ἐλευθερίαν
1797 1586 1875 1657 τῷ

307 1679 479 1747 κόσμῳ
507 1695 607 1729 σου
645 1675 910 1746 δὼρησαι.
929 1675 986 1728 Ὀ
1019 1675 1458 1747 προσδεξάμενος
1485 1678 1584 1746 τῆς
1611 1678 1869 1748 ἁμαρτω-

1979 509 2042 564 pe
2079 494 2222 547 enim
2269 509 2362 548 rex
2420 494 2605 564 populi
2637 493 3035 564 supplicatione
3064 507 3459 563 commovetur,
3493 516 3556 556 ac

1974 582 2290 652 deprecanti
2343 584 2516 638 turbae
2561 584 2848 639 damnatos
2893 586 3119 642 relaxat.
3152 587 3493 660 Quapropter
3524 607 3557 648 a

1975 684 2155 729 vestra
2185 675 2430 728 omnium
2468 675 2737 730 charitate
2763 677 3165 742 contendimus,
3198 681 3273 733 uti
3325 682 3554 734 calami-

1975 773 2217 819 tosorum
2253 764 2481 818 fratrum
2515 773 2826 818 nostrorum
2864 767 3098 822 sollicite
3128 778 3556 842 constanterque

1973 857 2363 922 memineritis;
2388 864 2553 926 atque
2574 857 2627 909 in
2652 857 2740 910 illa
2769 857 2995 912 terribili
3023 859 3156 912 hora
3183 862 3553 930 potissimum,

1975 963 2080 1018 qua
2115 949 2288 1017 pretio
2321 948 2579 1018 majorem
2610 949 2754 1002 omni
2786 948 2985 1003 Christi
3015 952 3261 1020 corporis
3294 955 3557 1024 margari-

1977 1048 2086 1092 tam
2121 1039 2374 1093 manihus
2400 1038 2706 1107 excipietis.
2741 1037 2894 1092 Hunc
2925 1039 3089 1108 igitur
3119 1043 3175 1094 in
3208 1043 3430 1096 modum
3458 1060 3556 1113 pro

1977 1129 2240 1184 fratribus
2270 1131 2476 1186 nostris
2514 1129 2768 1184 ardenter
2801 1144 3054 1198 oremus;
3091 1140 3252 1203 atque
3296 1135 3369 1188 ita
3404 1136 3557 1190 Chri-

1976 1230 2120 1276 stum
2173 1221 2519 1290 alloqnamur
2555 1239 2567 1275 :
2601 1219 2743 1275 Deus
2792 1235 2856 1274 ac
2901 1220 3133 1292 benigne
3184 1223 3428 1288 Domine,
3463 1228 3556 1297 qui

1977 1323 2120 1362 unus
2166 1315 2225 1361 ut
2259 1309 2412 1373 olim,
2449 1308 2522 1360 ita
2552 1321 2703 1361 nunc
2733 1308 2911 1363 bonus
2949 1326 3028 1376 es,
3077 1314 3167 1381 qui
3219 1330 3314 1382 per
3347 1314 3555 1371 Pascha

1976 1397 2253 1454 Israelitas
2298 1400 2366 1454 ab
2407 1397 2728 1469 Egyptiaca
2759 1401 3023 1455 servitute
3064 1404 3300 1460 liberasti
3327 1447 3340 1472 ,
3369 1410 3559 1478 eisque

1976 1507 2072 1562 per
2122 1492 2248 1561 agni
2294 1492 2618 1562 sanguinem
2654 1493 2957 1549 libertatem
2990 1495 3299 1550 indulsisti:
3337 1496 3474 1553 idem
3505 1511 3560 1555 et

1975 1596 2124 1636 nunc
2150 1597 2246 1653 per
2273 1583 2681 1637 immaculatum
2711 1600 2910 1654 corpus
2960 1593 3112 1639 tuum
3167 1603 3230 1641 ac
3261 1590 3558 1656 pretiosum

1978 1673 2320 1742 sanguinem,
2351 1671 2612 1726 mundum
2661 1680 2811 1726 tuum
2849 1674 2917 1728 ab
2963 1675 3162 1729 acerba
3210 1678 3473 1732 servitute
3498 1679 3563 1732 li-

305 1769 386 1823 λοῦ
416 1769 623 1840 πόρνης
651 1767 741 1821 τὸν
767 1766 1064 1838 κλαυθμὸν,
1086 1766 1376 1838 πρόσδεξαι
1407 1769 1472 1838 σή
1482 1786 1546 1838 με
1557 1785 1644 1840 ρον
1671 1767 1764 1820 καὶ
1778 1769 1876 1839 τὴν

1987 1765 2128 1818 bera.
2161 1764 2264 1830 Tu,
2298 1765 2391 1834 qui
2436 1766 2762 1835 peccatricis
2799 1767 3104 1823 meretricis
3151 1768 3335 1828 ﬂetum
3385 1771 3561 1824 admi-

307 1861 393 1931 σην
453 1857 785 1928 Ἐκκλησίαν
829 1858 922 1911 καὶ
973 1858 1354 1930 αἰχμαλωσίας
1403 1859 1494 1913 τὸν
1532 1860 1868 1931 στεναγμόν·

302 1953 327 2005 6
363 1950 798 2023 προσδεξάμενος
837 1949 932 2003 τοῦ
978 1949 1178 2022 λῃστοῦ
1215 1951 1309 2004 τοῦ
1340 1950 1532 2003 πιστοῦ
1563 1951 1659 2022 τὴν
1691 1951 1876 2022 παρά-

307 2043 501 2113 κλησιν,
536 2040 837 2114 πρόσδεξαι
864 2039 959 2094 τοῦ
985 2040 1115 2094 λαοῦ
1145 2058 1239 2093 σου
1269 2040 1362 2093 τοῦ
1396 2041 1587 2094 πιστοῦ
1617 2041 1717 2112 τὴν
1753 2042 1877 2114 δέη-

309 2150 408 2187 σιν·
439 2135 466 2186 6
490 2131 938 2203 προσδεξάμενος
960 2131 1055 2184 τοῦ
1082 2130 1290 2200 Πέτρου
1320 2131 1418 2203 τὴν
1455 2132 1763 2200 μετάνοιαν,
1782 2132 1877 2185 καὶ

306 2229 382 2281 τὸν
396 2226 724 2296 στεναγμὸν,
747 2221 1036 2296 πρόσδεξαι
1063 2226 1152 2280 καὶ
1178 2226 1334 2296 ἡμῶν
1361 2225 1449 2278 τὸν
1477 2224 1754 2294 κλαυθμὸν
1768 2225 1876 2278 τῶν

310 2315 516 2386 πτωχῶν
537 2333 553 2346 ·
622 2317 650 2367 6
704 2313 779 2384 μὴ
826 2314 1177 2384 ἀποστρέψας
1206 2313 1514 2376 Χαναναίας
1544 2313 1611 2367 τὰ
1644 2313 1874 2384 δάκρυα,

307 2409 433 2472 δέξαι
464 2409 562 2462 καὶ
605 2407 807 2478 μικρὰν
856 2407 1180 2477 Ἐκκλησίαν
1221 2407 1362 2476 ὑπὲρ
1401 2406 1641 2477 μεγάλης
1677 2407 1879 2476 αἰχμα-

308 2499 484 2563 λωσίας
518 2498 964 2570 πρεσϐεύουσαν,
992 2498 1084 2551 καὶ
1112 2498 1248 2567 πρὸς
1276 2497 1334 2550 σὲ
1362 2497 1452 2550 τὸν
1481 2497 1612 2550 Θεὸν
1641 2497 1878 2567 σήμερον

311 2593 498 2661 βοῶσαν
545 2591 650 2645 καὶ
673 2591 937 2659 λέγουσαν
958 2607 971 2620 ·
1011 2591 1070 2644 '0
1092 2590 1247 2653 Θεὸς,
1269 2592 1298 2644 6
1315 2590 1613 2661 τριήμερος
1639 2587 1881 2651 ἀναστὰς

311 2683 362 2735 ἐκ
390 2682 491 2736 τῶν
517 2680 762 2753 νεκρῶν,
787 2681 1092 2752 ἀναστησον
1122 2681 1186 2732 ὲκ
1203 2678 1312 2733 τῶν
1335 2679 1428 2750 exe
1439 2678 1545 2750 ρῶν
1571 2678 1664 2752 τδν
1690 2677 1881 2732 πιστόν

311 2791 389 2828 σου
418 2774 546 2829 λαόν
568 2791 585 2805 ·
622 2775 650 2827 6
680 2773 772 2826 τὸν
822 2773 991 2845 Ἀδὰμ
1021 2775 1242 2844 ἐγείρας
1265 2774 1330 2826 ἐκ
1357 2772 1465 2826 τῶν
1491 2770 1883 2842 θνητῶν,ἐγει-

312 2884 390 2936 ρον
413 2869 470 2919 τὸ
495 2866 560 2919 κέ
574 2882 678 2934 ρας
710 2864 820 2917 τῶν
845 2864 1184 2936 Χριστιανῶν
1204 2880 1218 2894 ο
1248 2863 1411 2927 αὐτὸς
1445 2865 1473 2916 6
1501 2863 1622 2916 τότε
1655 2864 1747 2916 καὶ
1786 2863 1880 2916 νῦν

310 2959 445 3024 Θεὸς,
473 2961 500 3013 6
528 2959 642 3028 τὴν
675 2957 889 3029 μορφὴν
917 2956 1011 3009 τοῦ
1047 2957 1232 3010 δούλου
1259 2954 1564 3020 ἀναλαϐὼν,
1608 2954 1881 3025 λύτρωσαι

310 3051 363 3102 ὲκ
386 3051 634 3110 δουλείας
655 3047 744 3100 τὸν
772 3047 1028 3102 ταπεινόν
1054 3063 1146 3100 σου
1169 3045 1296 3099 λαόν
1317 3062 1330 3078 ο
1357 3047 1386 3098 6
1413 3046 1604 3116 νήπιος
1629 3043 1883 3112 γενέσθαι

1978 1859 2118 1925 sisti,
2147 1858 2371 1912 admitte
2405 1857 2566 1912 modo
2596 1865 2650 1912 et
2683 1857 2976 1913 Ecclesiam
3035 1867 3182 1913 tuam
3234 1868 3290 1915 et
3335 1864 3564 1931 captiva:

1977 1948 2150 2002 turba:
2175 1947 2407 2017 gemitus
2458 1961 2520 1999 ac
2548 1945 2823 2014 suspiria;
2847 1945 2940 2014 qui
2971 1945 3144 2001 ﬁdelis
3175 1947 3402 2002 latronis
3439 1965 3562 2016 pre-

1977 2055 2069 2093 ces
2116 2037 2408 2099 exaudisli,
2453 2039 2636 2106 populi
2683 2038 2760 2092 tui
2810 2038 2982 2092 fidelis
3013 2039 3290 2092 orationes
3329 2040 3560 2104 exaudi;

1978 2133 2070 2200 qui
2105 2131 2248 2185 Petri
2284 2131 2657 2199 paenitentiam
2690 2140 2742 2184 et
2773 2129 3007 2184 lamenta
3033 2130 3258 2184 minimc
3279 2138 3562 2184 aversatus

1977 2239 2071 2286 es,
2117 2221 2488 2276 mendicorum
2548 2228 2798 2276 nostrum
2849 2221 3092 2276 omnium
3141 2219 3301 2278 ﬂetus
3335 2223 3557 2292 excipe;

1979 2316 2412 2386 quiChananzeae
2463 2317 2733 2386 lacrymas
2762 2330 2870 2369 non
2908 2315 3242 2386 repudiasti,
3281 2317 3470 2384 accipe
3511 2324 3565 2369 et

1980 2406 2281 2462 Ecclesiam
2332 2423 2579 2477 parvam,
2617 2422 2713 2476 pro
2767 2409 2975 2476 majore
3015 2408 3356 2477 captivorum
3405 2407 3564 2460 turba

1981 2498 2401 2570 supplicantem,
2433 2508 2485 2552 et
2521 2497 2588 2551 ad
2635 2506 2686 2552 te
2727 2497 2892 2551 Deum
2953 2497 3111 2551 hodie
3145 2497 3469 2551 clamantem
3501 2512 3564 2551 ac

1980 2591 2249 2645 dicentem
2276 2609 2288 2643 :
2324 2589 2491 2653 Deus,
2521 2590 2612 2658 qui
2642 2595 2763 2657 post
2791 2587 3030 2641 triduum
3060 2603 3089 2640 a
3122 2587 3354 2640 mortuis
3380 2601 3565 2640 resur-

1982 2682 2192 2743 rexisti,
2234 2681 2442 2736 fidelem
2475 2689 2626 2733 tuum
2658 2679 2914 2748 populum
2951 2679 3020 2733 ab
3061 2678 3410 2732 inimicorum
3443 2692 3558 2730 ma-

1981 2774 2144 2828 nibus
2197 2773 2407 2838 excita;
2437 2774 2528 2841 qui
2553 2771 2822 2824 Adamum
2873 2787 2904 2825 e
2955 2771 3267 2825 mortalium
3325 2771 3564 2826 eduxisti

1984 2881 2236 2929 numero,
2286 2880 2458 2918 cornu
2508 2862 2946 2918 Christianorum
2995 2864 3216 2928 attolle;
3279 2865 3371 2931 qui
3426 2863 3566 2918 licus

1983 2955 2110 3009 olim
2168 2963 2220 3008 et
2263 2968 2409 3007 nunc
2460 2953 2732 3007 exsistens
2778 2951 3030 3006 servilem
3082 2952 3307 3006 indutus
3349 2967 3409 3008 es
3454 2953 3567 3008 for-

1985 3061 2150 3111 mam,
2181 3045 2436 3098 humilem
2488 3053 2640 3097 tuum
2695 3059 2724 3096 a
2776 3044 3039 3098 servitute
3075 3043 3332 3112 populum
3376 3042 3561 3113 eripe;

309 3141 645 3208 ιιαταξιώσας
673 3139 813 3210 ὑπὲρ
841 3137 1018 3210 ἡμῶν,
1056 3136 1228 3191 σῶσον
1264 3136 1538 3208 μαχαίρας
1576 3135 1638 3189 τὸ
1684 3134 1886 3205 πλῆθος

1987 3139 2080 3209 qui
2111 3137 2292 3192 infans
2315 3153 2434 3192 esse
2461 3146 2653 3193 nostra
2683 3151 2851 3191 causa
2876 3135 3118 3202 voluisti,
3145 3133 3444 3193 infantulos
3469 3151 3566 3190 no-

311 3235 403 3288 τῶν
430 3234 650 3305 νηπίων
675 3233 707 3303 ἡ
716 3231 850 3303 μῶν.

369 3327 534 3390 Αὐτὸς
569 3326 606 3378 ὁ
637 3325 758 3377 τότε
785 3323 938 3388 Θεὸς,
965 3324 993 3375 6
1029 3321 1168 3392 μετὰ
1200 3321 1406 3392 μητρὸς
1425 3320 1483 3373 ὲν
1508 3318 1771 3387 Αἰγύπτῳ
1801 3317 1887 3381 ξε-

309 3418 572 3480 νιτεὺσας,
615 3414 945 3469 ἀνακάλεσαι
981 3414 1080 3483 τῆς
1117 3413 1336 3483 μακρᾶς
1363 3410 1624 3476 ξενιτείας
1648 3408 1749 3472 τὰς
1775 3426 1884 3479 μη-

309 3510 457 3581 τέρας
483 3511 584 3564 καὶ
607 3508 675 3562 τὰ
693 3507 886 3561 τέκνα·
910 3509 938 3560 6
962 3504 1191 3579 πραθεὶς
1214 3506 1353 3576 ὑπὲρ
1375 3503 1585 3557 πολλῶν
1601 3502 1900 3565 έκουσίωςν

311 3602 501 3655 παῦσον
541 3599 650 3672 τὴν
696 3597 898 3670 πράσιν
927 3596 1024 3650 τοῦ
1053 3596 1181 3649 λαοῦ
1213 3595 1322 3650 τῶν
1365 3592 1700 3664 Ἐκκλησιῶν
1721 3610 1734 3622 ο
1766 3593 1794 3644 6
1820 3591 1888 3644 δι’

311 3695 442 3764 ἡμᾶς
469 3695 528 3747 ἐν
563 3691 646 3762 τῷ
683 3691 838 3760 νώτῳ
865 3689 1156 3760 δεξάμενος
1192 3688 1290 3751 τὰς
1312 3685 1406 3740 τοῦ
1440 3685 1672 3739 Πιλάτου
1705 3682 1892 3752 μάστι-

310 3805 422 3853 τις,
453 3789 547 3841 καὶ
589 3783 842 3848 ἀπειλὰς,
873 3784 1035 3848 αὐτὸς
1063 3785 1092 3837 6
1117 3781 1386 3844 κοπιάσας
1415 3780 1480 3834 δι’
1508 3780 1657 3850 ἡμᾶς
1696 3779 1761 3831 ὲκ
1792 3779 1892 3847 τῆς

313 3879 636 3950 ὸξοιπορίας,
674 3875 882 3929 παῦσον
927 3872 1019 3926 τοῦ
1071 3871 1202 3926 λαοῦ
1251 3888 1346 3932 σου
1380 3871 1507 3932 τοὺς
1551 3868 1752 3930 κόπους
1798 3866 1893 3918 καὶ

310 3968 713 4040 ταλαιπωρίας·
746 3969 774 4020 6
802 3968 860 4020 ὲν
903 3963 1120 4036 σταυρῷ
1153 3963 1383 4033 βοήσας·
1421 3958 1602 4028 Διψῶ,
1646 3957 1893 4025 δρόσισον

314 4062 476 4133 ψυχὰς
501 4061 699 4123 δεινῶς
725 4057 966 4128 διψώσας
992 4057 1084 4110 καὶ
1110 4054 1380 4118 πεινώσας
1400 4071 1412 4084 ·
1451 4055 1479 4106 6
1515 4050 1655 4123 μετά
1676 4050 1893 4120 ἀνόμων

315 4156 411 4208 ὑπὸ
432 4157 657 4227 ἀνόμων
685 4151 1060 4222 κατακριθεὶς,
1091 4149 1252 4220 ῥῦσαι
1285 4146 1380 4200 καὶ
1408 4146 1557 4217 ἡμᾶς
1579 4146 1642 4197 ὲκ
1664 4143 1764 4214 τῆς
1784 4141 1893 4195 τῶν

318 4247 521 4317 ἀνόμων
557 4245 758 4316 βουλῆς
778 4260 789 4269 ·
823 4245 850 4296 6
879 4240 1185 4313 γυμνωθεὶς
1207 4241 1283 4300 ὼς
1308 4238 1613 4310 κακοῦργος
1640 4236 1745 4289 ὑπὸ
1771 4233 1895 4288 ἀνό-

318 4339 866 4403 μων,αὐτὺςέκεῖνος,
885 4335 1150 4398 Δέσποτα,
1181 4333 1286 4387 ὑπὸ
1313 4331 1645 4403 παρανόμων
1669 4329 1898 4399 δεσμευ⁴

319 4430 443 4493 θεὶς,
465 4431 631 4483 λῦσον
678 4430 804 4494 τοὺς
857 4430 914 4481 έν
955 4428 1174 4498 δεσμοῖς
1225 4423 1635 4494 πεπεδημένους
1661 4438 1674 4451 ·
1731 4423 1760 4474 6
1799 4419 1896 4490 τὴν

1985 3243 2129 3286 atros
2159 3245 2188 3283 a
2218 3229 2412 3300 gladiis
2436 3229 2637 3283 exime.
3399 3278 3410 3286 ,

2055 3323 2156 3385 Τυ,
2185 3321 2277 3390 qui
2326 3335 2422 3389 per
2471 3321 2603 3374 illud
2653 3329 2889 3390 tempus,
2925 3333 3049 3373 cum
3107 3333 3260 3374 esses
3314 3317 3479 3384 Deus,
3512 3318 3566 3372 in

1985 3410 2221 3481 Egypto
2267 3427 2390 3466 cum
2427 3419 2599 3465 matre
2633 3411 3008 3480 peregrinatus
3043 3427 3124 3472 es,
3158 3411 3226 3464 ab
3270 3409 3566 3480 longinqua

1987 3504 2425 3574 peregrinatione
2470 3513 2672 3572 matres
2719 3519 2782 3558 ac
2831 3503 3034 3559 liberos
3067 3519 3259 3558 revoca
3284 3520 3312 3569 λ
3343 3503 3436 3572 qui
3475 3517 3570 3571 pro

1990 3597 2178 3650 multis
2220 3597 2286 3651 de
2323 3605 2414 3649 tua
2451 3596 2727 3650 voluntate
2759 3595 3010 3650 venditus
3041 3610 3121 3657 es,
3159 3595 3242 3647 fac
3287 3604 3345 3646 ut
3395 3602 3570 3647 cesset

1989 3688 2164 3757 plebis
2197 3687 2566 3742 Ecclesiarum
2601 3696 2818 3741 tuarum
2849 3687 2951 3742 ista
2983 3685 3262 3750 venditio;
3303 3684 3392 3754 qui
3439 3700 3568 3753 pro-

1991 3787 2224 3849 pternos
2242 3777 2398 3831 Pilati
2434 3778 2658 3832 verbera
2691 3785 2842 3847 tergo
2877 3785 3006 3839 tuo,
3042 3790 3107 3829 ac
3143 3775 3318 3827 minas
3354 3774 3571 3842 excepi-

1991 3871 2100 3934 sti;
2137 3871 2230 3938 qui
2264 3876 2452 3923 nostra
2483 3883 2649 3922 causa
2679 3883 2745 3922 ex
2776 3869 2968 3922 itinere
3003 3865 3260 3936 fatigatus
3283 3879 3360 3926 es,
3388 3864 3568 3932 populi

1991 3963 2069 4018 tui
2102 3962 2381 4016 laboribus
2441 3968 2496 4015 et
2538 3960 2798 4018 an'umnis
2854 3959 3071 4012 modum
3114 3957 3346 4018 adhibe;
3386 3957 3481 4026 qui
3517 3956 3571 4009 in

1991 4067 2156 4108 cruce
2185 4051 2517 4107 vociferatus
2563 4065 2624 4105 es
2652 4069 2664 4104 :
2697 4048 2832 4103 Sitio
2853 4051 2867 4079 ¹
2894 4091 2907 4114 ,
2941 4047 3180 4118 graviter
3212 4047 3484 4110 sitientes,
3516 4053 3572 4101 et

1991 4145 2300 4202 esurientes
2325 4145 2537 4199 animas
2558 4141 2770 4198 caelesti
2798 4156 2921 4196 rore
2949 4140 3260 4211 perfundito
3285 4157 3298 4203 ;
3326 4142 3418 4208 qui
3444 4156 3570 4194 cum

1993 4235 2277 4291 sceleratis
2305 4233 2373 4288 ab
2407 4231 2694 4288 sceleratis
2720 4230 3012 4285 damnatus
3070 4245 3150 4293 es,
3183 4229 3334 4299 eripe
3385 4243 3488 4283 nos
3543 4243 3573 4280 a

1995 4325 2388 4380 sceleratorum
2424 4322 2689 4388 consilio;
2715 4321 2807 4391 qui
2839 4321 2908 4375 ab
2933 4319 3156 4374 nefariis
3185 4329 3440 4388 tanquam
3467 4332 3578 4372 ma-

1997 4417 2186 4472 leficus
2219 4415 2461 4471 nudatus
2488 4430 2578 4481 es;
2610 4421 2689 4478 tu,
2725 4413 2968 4483 inquam,
3005 4412 3140 4481 ipse,
3179 4412 3269 4482 qui
3296 4411 3362 4464 ab
3392 4411 3576 4481 impiis

318 4479 582 4593 ἄχραντον
616 4539 709 4576 σου
741 4479 952 4593 μητέρα
985 4479 1372 4590 παρακαλέσας
1535 4479 1630 4568 τοῦ
1664 4479 1886 4583 σταυροῐ

2001 4511 2199 4580 ligatus
2233 4522 2326 4575 es;
2361 4522 2457 4562 eos
2492 4507 2639 4576 ipsos
2664 4506 2907 4566 exsolve,
2957 4504 3048 4575 qui
3091 4504 3324 4558 vinculis
3371 4503 3575 4574 alligati

318 4615 577 4686 ὀδυρμοῦ,
609 4615 703 4667 καὶ
752 4613 844 4666 τοῦ
899 4609 1216 4681 κλαυθμοῦ’
1261 4608 1421 4672 αὐτὸς
1465 4608 1494 4660 6
1539 4605 1660 4660 τότε
1696 4603 1898 4674 βοήσας

317 4711 430 4771 ταῖς
471 4707 808 4778 μυροφόροις
837 4706 918 4771 τὸ,
949 4705 1212 4771 Χαίρετε,
1258 4700 1419 4764 αὐτὸς
1452 4697 1547 4752 καὶ
1589 4695 1684 4751 νῦν
1707 4695 1900 4766 βόησον

319 4803 431 4861 ταῖς
448 4797 801 4868 Ἐκκλησίαις
834 4814 950 4860 σου,
969 4795 1203 4866 Χαίρετε
1225 4811 1238 4826 ο
1269 4791 1431 4856 αὐτὸς
1450 4794 1478 4844 6
1499 4794 1608 4853 τοῖς
1620 4788 1769 4859 ἥλοις
1789 4787 1902 4848 τοῖς

319 4891 518 4958 τιμίοις
546 4889 919 4960 προσηλωθεὶς
940 4888 1038 4950 τὰς
1063 4889 1250 4958 χεῖρας
1270 4885 1362 4938 καὶ
1386 4885 1511 4946 τοὺς
1532 4881 1717 4944 πόδας,
1740 4879 1902 4932 λῦσον

326 4980 728 5051 σιδηροδέσμων
757 4978 900 5033 λαῶν
929 4977 1028 5042 τὰς
1062 4979 1252 5048 χεῖρας
1281 4974 1523 5037 καὶτοὺς
1550 4972 1734 5034 πόδας.
1765 4970 1893 5035 Ναὶ,

323 5071 575 5127 Δέσποτα
619 5072 985 5142 φιλάνθρωπε,
1013 5073 1042 5124 6
1064 5069 1264 5124 εἰπών’
1300 5065 1638 5135 Περίλυπός
1664 5065 1836 5118 ἐστιν
1862 5065 1906 5132 ἢ

325 5165 489 5234 ψυχή
528 5183 648 5234 μου
672 5166 740 5219 ἐκ
773 5163 1052 5229 θανάτου,
1091 5164 1251 5236 ῥῦσαι
1283 5160 1375 5214 τὸν
1404 5157 1533 5213 λαόν
1568 5175 1660 5212 σου
1686 5157 1785 5228 τῆς
1810 5157 1905 5209 λύ-

329 5271 429 5327 πης
456 5258 562 5311 καὶ
587 5258 672 5311 τοῦ
701 5257 932 5312 θανάτου
949 5275 962 5288 ·
996 5256 1160 5318 αὐτὸς
1184 5257 1212 5308 ὁ
1233 5257 1303 5325 τῇ
1335 5253 1581 5325 ῥομφαίᾳ
1601 5251 1782 5320 νυγεὶς
1807 5249 1906 5320 τὴν

331 5343 577 5417 πλευράν
621 5367 730 5417 σου,
776 5349 1066 5422 σύντριψον
1111 5346 1222 5400 τῶν
1264 5344 1475 5417 ἐχθρῶν
1505 5343 1602 5416 τὴν
1635 5340 1907 5413 ῥομφαίαν

338 5440 397 5508 τῖ’.
423 5440 574 5510 χειρί
612 5458 699 5495 σου
730 5445 797 5514 τῇ
822 5442 1078 5514 κραταιᾷ,
1102 5441 1195 5494 καὶ
1222 5438 1512 5510 μνήσθητι,
1543 5436 1806 5500 Δέσποτα,
1835 5431 1909 5496 ὡς

329 5601 334 5608 ’
411 5596 430 5627 ¹
451 5594 615 5652 εἰοειη.
645 5617 752 5661 ιιι,
775 5601 864 5655 ‘28.
943 5602 961 5631 ‘
985 5599 1170 5654 Matth.
1195 5615 1385 5672 xxvm,
1413 5602 1464 5660 9.
1544 5597 1563 5629 ⁸
1587 5594 1774 5650 Μειῑιῑιι
1813 5603 1960 5655 “le

413 5711 528 5782 (C5)
566 5711 682 5769 Cor.
713 5714 870 5784 ὔχλῳ.

2000 4608 2161 4664 sunt;
2193 4600 2284 4668 qui
2319 4598 2593 4651 inviolatae
2635 4597 2824 4651 matris
2859 4606 2964 4649 tua:
3010 4594 3214 4650 luctum
3279 4611 3343 4649 ac
3389 4597 3574 4650 fletum

2007 4695 2076 4749 de
2130 4705 2294 4745 cruce
2339 4690 2656 4743 consolatus
2698 4703 2777 4750 es,
2812 4688 3014 4757 quique
3075 4695 3202 4740 tunc
3239 4696 3574 4757 unguentum

2001 4783 2303 4841 ferentibus
2345 4781 2453 4835 illis
2497 4778 2868 4839 nndicrculis,
2901 4779 3058 4830 Aeeta
3078 4780 3121 4839 ',
3156 4778 3340 4831 dixisti
3377 4798 3388 4833 :
3421 4779 3579 4848 cujus

2002 4892 2199 4933 manus
2234 4890 2296 4929 ac
2332 4874 2494 4943 pedes
2535 4869 2946 4942 pretiosissimis
2987 4869 3156 4924 clavis
3220 4870 3575 4932 suilixi‘sunt,

2004 4984 2339 5040 quaesumus,
2376 4981 2408 5021 ο
2451 4963 2843 5035 benignissime
2889 4964 3145 5018 Domine!
3202 4963 3294 5033 qui
3335 4962 3520 5016 dixisti
3564 4984 3575 5017 :

2004 5062 2197 5117 Tristis
2249 5069 2326 5115 est
2378 5061 2556 5112 anima
2589 5073 2722 5122 mea,
2755 5065 2965 5125 propter
2999 5054 3288 5118 mortem’;
3322 5055 3580 5123 populum

2005 5162 2156 5210 tuum
2187 5169 2216 5207 a
2248 5152 2434 5206 dolore
2459 5165 2520 5203 ac
2552 5158 2728 5204 morte
2784 5145 3094 5208 libera.Tu,
3125 5145 3214 5200 cui
3249 5147 3435 5198 lancea
3457 5161 3576 5215 per-

2007 5249 2240 5302 foratum
2288 5245 2433 5298 latus
2461 5250 2566 5303 est.
2602 5241 2841 5296 hostimn
2898 5240 3140 5294 lanceam
3175 5236 3382 5308 potenti
3417 5252 3580 5289 manu

2008 5350 2098 5394 tua
2123 5335 2440 5406 confringe;
2466 5343 2631 5404 atque
2659 5340 2717 5388 ut
2745 5333 2917 5389 fidelis
2938 5331 3067 5386 olim
3095 5329 3326 5385 latronis
3356 5327 3434 5383 tui
3463 5368 3477 5396 ,
3505 5328 3578 5382 ita

2009 5429 2182 5485 fidelis
2220 5428 2379 5482 modo
2411 5427 2488 5479 tui
2525 5426 2713 5496 populi
2750 5423 3085 5479 memineris.
3124 5422 3225 5488 Qui
3272 5436 3372 5493 pro
3420 5421 3588 5478 nobis

2003 5587 2089 5640 58.

2091 5693 2200 5766 (64)
2233 5691 2294 5749 F.
2329 5695 2383 5748 ὲν
2413 5691 2645 5762 ἀνάγκη.
