3948 6196
303 254 333 309 -ί
346 257 409 312 75

1552 239 1755 297 DUBIA
1792 196 1934 300 AUT
1976 244 2251 303 SPURIA.

3470 246 3587 306 476

310 374 667 448 purissimum
697 380 848 428 tuum
886 365 1173 440 proludisti
1215 365 1566 437 sanguinem,
1603 365 1888 435 sanguinis

2018 368 2084 421 ὀὗ
2118 365 2320 439 λῃστοῦ
2353 385 2448 422 σου
2476 368 2570 425 τοῦ
2612 371 2803 448 πιστοῦ
2841 372 2935 428 καὶ
2979 370 3075 426 τοῦ
3102 369 3234 423 λαοῦ
3271 384 3362 421 σου
3385 382 3400 396 ·
3433 367 3461 418 6
3483 364 3585 435 χύ-

313 467 490 524 nostri
518 465 828 539 profusioni
858 461 1077 517 modum
1112 459 1352 528 impone,
1383 473 1446 512 ac
1486 465 1664 521 tuum,
1704 456 1888 511 Domi-

310 577 401 625 ne,
432 560 693 631 populum
722 570 911 617 serva;
944 565 1106 622 parce
1131 550 1432 605 heereditati
1466 559 1590 605 tuae.
1624 549 1886 620 Exsurge,

308 668 471 724 quare
497 650 784 713 obdormis,
819 646 1037 699 Domine
1055 645 1081 699 ?
1106 642 1287 709 Quare
1316 643 1502 699 hostes
1526 650 1651 697 tuos
1677 644 1891 711 patien-

310 751 394 799 ter
439 740 679 796 toleras?
712 738 888 805 Quare
936 736 1129 790 avertis
1188 734 1380 803 facient
1435 743 1583 787 tuam
1631 750 1665 786 a
1696 732 1891 789 nobis?

311 834 499 905 Surge,
535 842 585 887 et
620 848 680 885 ne
710 828 933 900 repellas
957 830 1012 882 in
1042 828 1201 898 ﬁnem
1222 828 1238 858 ¹
1269 845 1284 882 :
1310 842 1444 882 neve
1476 835 1739 897 perpetuo
1764 840 1894 880 con-

311 936 546 983 temnas.
586 924 852 979 Memento
884 924 1064 976 crucis
1095 928 1222 984 tuae,
1260 926 1534 975 memento
1574 917 1756 988 populi
1786 918 1889 981 tui,

313 1027 588 1075 memento
646 1015 1151 1072 misericordiarum
1213 1022 1454 1076 tuarum,
1499 1010 1743 1076 Domine,
1798 1010 1891 1080 qui

313 1110 675 1183 quadraginta
718 1108 834 1163 dies
884 1114 1110 1178 propter
1142 1120 1244 1160 nos
1274 1103 1476 1158 tentari
1524 1102 1770 1166 voluisti,
1805 1116 1893 1157 re-

312 1203 543 1259 cordare
592 1201 773 1272 populi
807 1199 906 1260 tui,
946 1198 1040 1268 qui
1086 1195 1321 1252 desertis
1370 1202 1425 1250 et
1480 1193 1782 1249 inaccessis
1831 1206 1895 1248 ac

314 1294 479 1349 siccis
531 1293 587 1347 in
618 1292 752 1347 locis
786 1295 1028 1346 tentatur
1057 1305 1069 1340 :
1097 1286 1291 1340 horum
1342 1292 1400 1338 tu
1438 1283 1751 1345 nobiscum,
1785 1281 1896 1335 imo

314 1394 442 1440 ante
473 1399 597 1447 nos,
624 1381 1035 1452 benignissime,
1080 1375 1589 1443 humanissimeque
1635 1372 1899 1428 recorda-

315 1492 417 1540 re;
468 1474 591 1528 illos
641 1472 882 1542 adjuva;
943 1469 1069 1523 i’llos
1125 1464 1394 1536 praeveni;
1456 1464 1582 1518 illos
1635 1463 1892 1530 deinceps

316 1564 528 1630 invise;
598 1562 747 1623 illos,
818 1560 1066 1628 inquam,
1145 1556 1389 1610 omnium
1466 1552 1895 1614 infelicissimos,

315 1656 586 1720 omnium,
617 1653 711 1723 qui
734 1652 787 1705 in
808 1648 1191 1710 terrisvivunt,
1220 1644 1661 1714 abjectissimos;
1693 1643 1815 1695 illos
1842 1643 1900 1695 in

2001 476 2099 523 σας
2120 459 2181 512 τὸ
2205 460 2477 531 ἄχραντον
2499 456 2638 533 αἷμα
2663 463 2803 534 ὑπὲρ
2831 466 2863 536 η
2875 465 3012 535 μῶν,
3031 461 3240 517 παῦσον
3259 459 3361 530 τὴν
3379 455 3584 527 σύγχυ-

1999 569 2083 606 σιν
2112 551 2220 606 τῶν
2252 554 2505 623 αἱμάτων
2536 555 2716 626 ἡμῶν.
2751 556 2934 610 Σῶσον
2955 556 3049 609 τὸν
3079 552 3208 607 λαόν
3235 568 3352 615 σου,
3381 549 3593 601 Δέσπο-

1996 659 2098 698 τα·
2134 649 2316 715 φεῖσαι
2362 647 2462 719 τῆς
2509 647 2874 720 κληρονομίας
2918 645 3457 715 σου.Ἐξεγέρθητι·
3488 641 3588 693 ἵνα

1997 739 2055 791 τί
2079 738 2314 805 ὐπνοῖς,
2336 740 2548 805 Κύριε;
2572 741 2691 795 Ἴνα
2716 742 2767 795 τί
2792 744 2906 805 τοῖς
2938 739 3154 812 ἐχθροῖς
3179 733 3557 808 μακροθυμεῖς
3572 744 3587 783 '-

2002 830 2125 884 Ἵνα
2154 831 2211 883 τι
2238 830 2639 900 ἀποστρέφεις
2669 831 2736 884 τὸ
2765 831 3092 900 πρόσωπόν
3113 844 3231 883 σου
3262 825 3363 895 ἀφ’
3382 822 3585 892 mli”;

2014 920 2350 989 Ἀνάστηθι,
2382 921 2481 975 καί
2517 922 2603 992 μὴ
2643 923 2860 991 ἀπώσῃ
2891 925 2979 989 εἰς
3009 921 3217 985 τέλος·
3251 917 3327 989 μὴ
3357 912 3594 985 παρίδῃς

2001 1012 2080 1073 εἰς
2104 1011 2321 1082 πλήρης
2349 1012 2481 1082 (65).
2508 1013 2793 1083 Μνήσθητι
2812 1012 2908 1067 τοῦ
2929 1010 3163 1081 σταυροῦ
3188 1018 3304 1071 σου,
3325 1004 3595 1078 μνήσθητι

1999 1099 2095 1153 τοῦ
2123 1101 2254 1154 λαοῦ
2288 1118 2406 1165 σου,
2455 1102 2729 1173 μνήσθητι
2761 1101 2868 1155 τῶν
2896 1099 3198 1171 οἰκτιρμῶν
3234 1097 3426 1151 σου.”0
3464 1111 3596 1147 τεσ-

2005 1192 2314 1263 σαράκοντα
2357 1193 2573 1265 ἡμέρας
2621 1194 2888 1257 ἑκουσίως
2928 1193 2996 1246 δι’
3044 1193 3193 1265 ἡμᾶς
3235 1186 3552 1260 πειρασθεὶς
3576 1227 3595 1253 .

2002 1285 2269 1341 Δέσποτα,
2309 1285 2579 1356 μνήσθητι
2633 1284 2743 1338 τῶν
2793 1287 2852 1337 ἐν
2908 1264 3599 1356 ἐρήμοιςπειραζομένων

2003 1374 2149 1429 λαῶν
2202 1391 2319 1439 σου,
2351 1375 2461 1427 τῶν
2506 1376 2565 1429 ἐν
2614 1375 2838 1439 ἀϐάτοις
2885 1375 2981 1428 καὶ
3036 1373 3319 1443 ἀνύδροις·
3371 1369 3597 1422 ἐκείνων

2009 1462 2279 1535 μνήσθητι
2315 1463 2435 1534 μεθ’
2471 1463 2651 1535 ἡμῶν,
2694 1466 2790 1518 καὶ
2818 1463 2925 1535 πρὸ
2971 1461 3153 1534 ήμῶν,
3189 1460 3359 1528 ἀγαθέ
3405 1457 3597 1528 φιλάν-

2007 1553 2213 1623 θρωπε.
2233 1554 2508 1617 Ἐκείνους
2541 1554 2943 1625 συμϐοήθησον,
2973 1551 3216 1613 ἐκείνους
3242 1547 3557 1620 πρόφθασον
3578 1562 3593 1576 ·

2010 1646 2251 1710 ἐκείνους
2275 1645 2460 1700 λοιπὸν
2489 1645 2782 1715 ἐπίσκεψαι
2802 1660 2815 1673 ·
2848 1643 3091 1706 ἐκείνους
3120 1643 3253 1705 τοὺς
3285 1640 3427 1711 ὑπὲρ
3459 1638 3600 1692 πάν-

317 1746 706 1802 solitudinibus
742 1745 978 1798 humana
1010 1739 1160 1795 omni
1216 1753 1315 1809 spe
1350 1753 1414 1792 ac
1447 1735 1702 1807 praesidio
1732 1734 1903 1789 desti-

2018 1755 2103 1801 τας
2134 1737 2422 1804 ἐλεεινοὺς,
2451 1740 2578 1802 τοὺς
2612 1737 2767 1809 παρά
2792 1737 3000 1799 πάντας
3026 1736 3185 1798 ὄντας
3226 1734 3318 1786 ἐπὶ
3352 1733 3453 1802 τῆς
3494 1732 3601 1801 γῆς

320 1848 494 1893 tutos.
525 1838 630 1904 Qui
673 1837 864 1908 procul
901 1850 930 1888 a
963 1842 1053 1887 tua
1085 1847 1248 1897 manu
1280 1831 1451 1901 fugati
1487 1836 1651 1895 sunt;
1685 1829 1778 1898 qui
1815 1826 1908 1879 l‘u‘

318 1943 444 1984 rore
475 1935 567 1981 tuo
597 1925 944 1980 vehementer
966 1921 1214 1991 castigati
1241 1938 1256 1986 ;
1292 1920 1383 1989 qui
1412 1919 1494 1973 ira
1520 1926 1612 1970 tua
1641 1916 1908 1985 majorem

323 2022 383 2075 in
434 2019 655 2075 modum
712 2016 887 2087 puniti
941 2024 1089 2070 sunt.
1124 2012 1228 2079 Qui
1284 2020 1413 2067 ante
1472 2017 1728 2073 mortem,
1762 2008 1910 2062 velut

319 2110 547 2178 mortui,
579 2110 647 2165 ab
681 2107 1000 2164 hominibus
1046 2106 1211 2175 ejecti
1258 2112 1424 2170 sunt;
1461 2102 1552 2172 qui
1585 2102 1639 2155 in
1667 2100 1911 2155 saevissi-

321 2219 534 2259 marum
564 2202 867 2258 bestiarum
901 2198 1269 2254 habitationes
1315 2194 1542 2266 relegati
1583 2204 1711 2248 sunt
1740 2211 1753 2246 :
1788 2191 1912 2262 qui-

322 2298 426 2351 bus
457 2296 657 2350 illatam
684 2294 793 2349 vim
818 2307 882 2347 ac
906 2290 1289 2346 necessitatem
1340 2288 1524 2341 nullus
1585 2293 1781 2356 praeter
1830 2299 1915 2339 so-

322 2388 432 2441 mni
465 2393 742 2456 expertem
776 2392 932 2438 tuum
954 2382 1171 2436 oculum
1200 2380 1344 2433 videt
1377 2398 1390 2432 :
1418 2391 1650 2448 quorum
1693 2385 1772 2439 tu,
1807 2374 1913 2427 Do-

322 2480 491 2543 mine,
525 2479 799 2532 miseriam
829 2474 1103 2546 agnoscis,
1138 2488 1250 2526 non
1288 2472 1429 2525 alius
1470 2473 1763 2541 quisquam
1800 2472 1817 2491 '
1850 2473 1865 2488 '
1894 2470 1911 2490 ’

325 2572 379 2622 in
413 2568 674 2623 sreculum
710 2581 725 2620 :
760 2573 990 2636 propter
1015 2579 1136 2635 quae
1170 2564 1237 2618 ab
1267 2563 1399 2618 orbe
1429 2572 1695 2617 terrarum
1730 2559 1916 2629 sejun-

325 2660 401 2715 cti
453 2666 601 2725 sunt,
641 2666 696 2714 et
740 2657 929 2728 procul
970 2657 1039 2711 ab
1076 2655 1326 2711 ecclesiis
1373 2655 1575 2719 dissiti,
1646 2654 1911 2709 festorum

329 2751 576 2806 omnium
607 2751 784 2817 obliti,
817 2764 882 2805 ac
922 2748 1026 2804 diei
1061 2747 1227 2819 hujus
1253 2746 1503 2802 solennis
1539 2746 1737 2817 ignari.

402 2922 500 2980 llis
547 2932 626 2989 tu,
675 2922 925 2988 Domine,
962 2921 1356 2978 misericordiae
1393 2919 1674 2990 paululum
1710 2919 1911 2986 tribue,

330 3031 510 3088 neque
540 3016 688 3071 enim
724 3016 955 3069 multum
994 3016 1233 3084 postulo.
1276 3011 1516 3067 Praeveni
1566 3012 1712 3074 illos,
1748 3012 1912 3076 Deus,

328 3076 439 3180 qui.
480 3107 602 3161 illos
647 3103 929 3174 castigasti
953 3120 967 3169 ;
994 3076 1252 3171 -pra:veni
1297 3100 1437 3155 filios
1466 3101 1739 3170 quondam
1772 3108 1915 3166 tuos,
1947 3076 1990 3135 δ

332 3198 593 3269 quoniam
625 3203 679 3251 et
713 3194 817 3264 ipsi
862 3193 1163 3248 Christiani
1202 3192 1479 3263 quondam
1526 3192 1766 3258 fuerunt,
1814 3194 1916 3260 ipsi

333 3291 611 3362 quondam
650 3303 841 3359 greges
873 3286 975 3351 tui,
1017 3287 1121 3356 ipsi
1170 3286 1417 3340 membra
1456 3292 1547 3338 tua
1578 3301 1593 3351 ;
1627 3283 1789 3339 iidem
1819 3286 1917 3340 im-

333 3381 595 3437 maculati
620 3378 899 3450 quondam
937 3377 1188 3448 corporis
1217 3377 1297 3430 tui
1335 3376 1486 3432 fuere
1522 3376 1839 3446 participes,
1868 3384 1922 3432 et

332 3486 481 3527 nunc
517 3469 811 3525 ferinorum
830 3484 1121 3539 corporum
1167 3475 1295 3525 sunt
1336 3468 1651 3538 participes.
1717 3467 1923 3533 Quam-

334 3564 521 3619 obrem
539 3562 749 3632 respice
767 3561 834 3615 ad
865 3561 1005 3624 illos,
1032 3559 1278 3623 Domine,
1298 3560 1350 3614 in
1383 3552 1779 3615 inisericordiis
1827 3560 1926 3613 mi-

336 3653 959 3725 serationibusquetuis.
979 3652 1180 3723 Aspice
1207 3652 1533 3709 miserorum
1564 3651 1797 3708 istorum
1827 3666 1925 3705 ne—

335 3750 671 3812 cessitatem,
689 3756 742 3803 et
759 3746 1153 3817 benignitatem
1184 3744 1386 3811 tribue;
1407 3743 1589 3813 aspice
1601 3743 1921 3810 nuditatem,

335 3850 389 3895 et
420 3840 797 3896 liberationem
835 3837 1098 3908 indulge;
1127 3837 1312 3908 aspice
1358 3834 1690 3906 profundam
1729 3834 1923 3890 solitu-

336 3931 621 3995 dinem,et
665 3929 1096 3986 misericordiam
1123 3936 1271 3982 tuam
1317 3927 1644 3995 commoda;
1688 3941 1752 3981 ac
1785 3933 1925 3979 tam-

342 4023 445 4077 etsi
478 4022 628 4092 juste
686 4023 743 4077 in
778 4023 900 4077 illos
955 4019 1416 4081 animadvertisti,
1456 4019 1676 4075 medere
1718 4018 1925 4072 nihilo-

340 4114 542 4185 minus;
568 4114 822 4184 quamvis
853 4129 953 4184 pro
979 4127 1167 4167 eorum
1200 4112 1399 4166 merito
1426 4110 1722 4165 tradideris
1754 4109 1927 4164 hosti-

340 4208 463 4272 bus,
499 4206 856 4263 nihilominus
885 4216 940 4260 tu
971 4207 1093 4261 illos
1142 4205 1373 4273 collige;
1421 4202 1732 4275 ﬂagellasti,
1785 4218 1924 4258 con-

339 4300 557 4364 solare;
596 4297 891 4360 tradidisti,
944 4296 1190 4362 redime;
1242 4308 1555 4365 quanquam
1582 4310 1684 4351 nos
1716 4294 1916 4364 Saepius

341 4389 708 4458 peccavimus,
743 4394 924 4439 tamen
976 4385 1171 4439 iterum
1214 4386 1387 4440 nostri
1425 4394 1722 4450 memento,
1759 4394 1923 4456 atque
1950 4415 2000 4474 υ

344 4482 539 4535 iterum
586 4486 806 4532 nostras
860 4491 1052 4547 preces
1095 4477 1293 4532 exaudi
1320 4496 1333 4532 :
1365 4477 1512 4547 quod
1552 4476 1619 4532 ad
1645 4493 1739 4533 eos
1778 4494 1920 4548 pra:-

343 4571 531 4628 scrtim
580 4570 794 4633 attinet,
846 4568 941 4638 qui
1020 4567 1076 4623 in
1124 4567 1355 4623 desertis
1418 4583 1483 4621 ac
1530 4568 1826 4635 montibus,
1867 4579 1921 4625 et

344 4662 619 4734 speluncis
678 4668 842 4731 atque
892 4659 1054 4715 inviis
1102 4667 1265 4714 terra:
1314 4659 1450 4715 locis
1474 4660 1727 4716 omnibus
1763 4661 1920 4716 ober-

341 4762 488 4818 rant,
542 4752 736 4808 fratres
786 4752 962 4807 nostri
1015 4750 1342 4813 Christiani,
1402 4753 1583 4822 populi
1628 4752 1728 4806 tui.
1765 4751 1917 4810 Licet

340 4848 488 4902 enim
538 4862 639 4900 nos
691 4846 746 4900 in
796 4844 1045 4901 ccclesiis
1081 4859 1205 4899 cum
1255 4842 1505 4900 ﬁdelibus
1552 4858 1798 4915 agamus,
1841 4846 1918 4900 illi

344 4945 529 4992 tamen
581 4938 634 4992 in
683 4936 1073 4992 solitudinibus
1112 4938 1254 4992 inter
1287 4937 1474 4993 hostes
1509 4937 1921 5007 periclitantur;

346 5044 467 5082 eum
500 5044 601 5085 nos
636 5027 759 5084 istic
797 5028 949 5084 l‘eStis
980 5028 1175 5087 diebus
1210 5029 1481 5100 splendidi
1514 5028 1770 5100 degimus
1794 5071 1809 5095 ,
1850 5030 1925 5083 illi

346 5120 694 5176 derisissimis
739 5123 796 5176 in
830 5121 1073 5177 tenebris
1120 5132 1430 5178 versantur.
1466 5123 1665 5193 Magna
1688 5130 1774 5178 est
1810 5123 1929 5178 illo-

350 5229 469 5269 rum
518 5214 843 5281 infelicitas,
893 5215 1085 5286 ingens
1130 5230 1321 5271 eorum
1360 5216 1697 5286 perieulum,
1755 5230 1919 5287 grave

348 5304 570 5371 vulnus,
622 5307 819 5362 acerba
878 5308 1184 5374 calamitas,
1240 5307 1424 5365 clades
1480 5307 1899 5380 inexplicabilis,

432 5457 449 5488 ¹
467 5458 612 5517 l’sal.
646 5477 805 5529 mn,
824 5465 918 5531 23,
955 5465 1046 5521 24.

450 5618 539 5681 65)
571 5618 841 5690 Qorrupta
871 5637 992 5677 vox.

450 5624 539 5681 6.3)
574 5624 841 5690 Corrupta
871 5637 990 5677 vox.

426 5624 543 5765 $66)
570 5687 631 5744 Ρ.
661 5689 990 5761 ἐϐλήθησαν.

2004 1830 2328 1895 ταπεινούς·
2365 1831 2608 1894 ἐκείνους
2636 1831 2764 1893 τοὺς
2789 1832 2846 1882 ἐν
2875 1830 3102 1900 ἐρήμοις
3124 1826 3274 1897 παρά
3294 1823 3601 1895 ἀνθρώπων

2008 1924 2471 1994 ἀπεγνωσμένους
2491 1938 2505 1950 ·
2538 1923 2735 1985 οἵτινες
2766 1920 2982 1992 μακράν
3030 1922 3097 1972 ἐκ
3142 1920 3241 1990 τῆς
3289 1916 3471 1988 χειρός
3504 1932 3601 1967 σου

2008 2015 2347 2087 ἐδιώχθησαν
2368 2031 2382 2044 ·
2411 2015 2610 2077 οἵτινες
2642 2013 2893 2085 μεγάλως
2914 2011 2993 2083 τῷ
3029 2012 3187 2083 θυμῷ
3224 2028 3316 2063 σου
3349 2008 3605 2063 ἐπαιδεύ-

2011 2108 2214 2179 θησαν·
2258 2108 2455 2171 οἵτινες
2489 2106 2740 2178 μεγάλως
2782 2109 2847 2177 τῇ
2898 2105 3037 2176 ὀργῇ
3087 2121 3180 2156 σου
3214 2101 3558 2172 ήλέγχθησαν
3583 2114 3598 2129 ⁸

2010 2202 2211 2263 οἵτινες
2242 2200 2351 2271 πρὸ
2380 2198 2612 2254 θανάτου
2641 2199 2716 2261 ὡς
2742 2197 2926 2269 νεκροὶ
2956 2196 3063 2250 ἀπὸ
3096 2194 3400 2265 ἀνθρώπων
3432 2192 3606 2263 ἐπλήι·

2015 2291 2218 2360 σθησαν
2240 2290 2369 2360 (66)·
2393 2290 2589 2353 οἵτινες
2622 2290 2760 2361 μετά
2793 2288 2999 2359 Θηρίων
3026 2287 3232 2356 ἀγρίων
3280 2288 3449 2338 οἰκεῖν
3470 2303 3605 2338 κατ-

2012 2381 2337 2450 εκρίθησαν·
2388 2373 2462 2433 ὧν
2506 2382 2605 2452 τὴν
2630 2379 2752 2449 βίαν
2780 2380 2955 2443 οὐδεὶς
2992 2378 3219 2449 καθορᾷ,
3254 2378 3303 2429 εί
3337 2376 3603 2447 μὴ’μόνος

2012 2472 2041 2522 6
2072 2472 2164 2535 σὸς
2197 2471 2498 2542 ἀκοίμητος
2521 2472 2802 2542 ὀφθαλμός
2822 2490 2834 2502 ·
2865 2464 2942 2524 ὧν
2970 2472 3071 2541 τὴν
3114 2469 3359 2539 ἀνάγκην
3387 2469 3471 2532 σὺ,
3508 2468 3608 2520 Δέ-

2017 2574 2210 2631 σποτα,
2234 2564 2549 2633 γινώσκεις,
2598 2565 2692 2617 καὶ
2736 2564 2894 2627 ἄλλος
2937 2563 3114 2625 οὐδεὶς
3153 2564 3169 2584 ⁶
3204 2564 3224 2585 ⁴
3255 2564 3271 2584 ⁵
3302 2564 3382 2625 εἰς
3416 2559 3608 2614 αἰῶνα·

2014 2655 2202 2709 λοιπὸν
2235 2654 2300 2707 δι’
2328 2647 2404 2708 ὧν
2425 2655 2809 2727 χωρισθέντες,
2841 2655 2941 2723 τῆς
2973 2651 3298 2723 οἰκουμένης
3323 2651 3475 2714 τέλος
3502 2668 3605 2720 μα-

2014 2746 2359 2820 κρυνθέντες,
2388 2746 2494 2800 τῶν
2526 2745 2830 2818 ἐκκλησιῶν
2855 2745 3039 2797 λοιπὸν
3075 2743 3477 2814 ἐπιλησθέντες,
3499 2741 3608 2795 τῶν

2017 2840 2224 2911 ἑορτῶν
2255 2839 2354 2910 τὴν
2383 2838 2602 2909 ἡμέραν
2624 2837 2966 2907 ἀγνοοῦντες.

2101 2930 2357 2995 Ἐκείνοις
2393 2930 2585 3002 μικρὸν
2629 2930 2776 2994 ἔλεος
2821 2931 3066 3003 ποίησον,
3103 2929 3365 2984 Δέσποτα·
3403 2927 3463 2981 οὺ
3498 2927 3609 2998 γάρ

2020 3022 2277 3093 αἰτοῦμαι
2324 3020 2480 3075 πολύ.
2522 3021 2729 3074 Φθάσον
2770 3020 3032 3085 ἐκείνους,
3064 3023 3092 3074 6
3130 3019 3280 3083 Θεὸς,
3314 3020 3343 3072 6
3388 3017 3612 3070 παιδεύ-

2024 3131 2122 3176 σας
2138 3113 2378 3174 ἐκείνους
2394 3130 2408 3142 ·
2450 3112 2652 3177 φθάσον
2669 3114 2736 3165 τά
2759 3130 2889 3166 ποτε
2910 3114 3077 3166 τέκνα
3107 3130 3223 3175 σου,
3238 3113 3319 3165 ὅτι
3340 3110 3434 3164 καὶ
3455 3108 3609 3163 αὐτοί

2022 3223 2152 3259 ποτε
2173 3205 2337 3259 τέκνα
2358 3207 2557 3271 σου,ὅτι
2576 3206 2667 3259 καὶ
2698 3205 2849 3258 αὐτοί
2867 3213 2994 3258 ποτε
3013 3204 3324 3276 Χριστιανοὶ
3341 3202 3605 3273 ὑπῆρχον.

2023 3296 2116 3348 καὶ
2140 3295 2293 3347 αὐτοί
2313 3311 2440 3347 ποτε
2473 3298 2673 3367 ποίμνη
2705 3313 2821 3357 σου,
2855 3296 2947 3349 καὶ
2977 3295 3128 3349 αὐτοί
3149 3312 3277 3348 ποτε
3318 3293 3454 3366 μέλη
3490 3310 3605 3356 σου,

2023 3386 2119 3440 καὶ⁸
2135 3384 2286 3440 αὐτοί
2320 3401 2449 3439 ποτε
2470 3385 2563 3439 τοῦ
2582 3386 2849 3457 ἀχράντου
2878 3405 2970 3441 σου
2996 3385 3399 3457 μετελάμϐανον
3424 3383 3609 3454 σώμα-

2022 3492 2131 3541 τος,
2150 3475 2243 3528 καὶ
2272 3475 2365 3528 νῦν
2385 3476 2652 3547 σωμάτων
2672 3477 2878 3546 ἀλόγων
2907 3475 3395 3547 μεταλαμϐάνουσι.
3417 3473 3506 3526 Διὸ
3523 3473 3607 3543 δὴ,

2024 3566 2286 3630 Δέσποτα,
2318 3566 2604 3636 ἐπίϐλεψον
2630 3569 2716 3620 ἐπ’
2750 3570 2946 3631 αὐτοὺς
2986 3570 3043 3621 ἐν
3076 3568 3245 3632 ἐλέοις
3278 3569 3372 3621 καὶ
3405 3569 3612 3637 οἰκτιρ-

2028 3660 2147 3726 μοίς
2195 3661 2308 3710 σου⁸
2340 3657 2449 3712 Ἰδε
2500 3658 2724 3713 ἐκείνων
2773 3660 2881 3714 τῶν
2913 3656 3159 3713 ἐλεεινῶν
3202 3661 3301 3731 τὴν
3339 3658 3479 3729 βίαν.
3514 3657 3609 3711 καὶ

2025 3749 2113 3813 δὸς
2149 3749 2594 3822 φιλανθρωπίαν·
2647 3749 2723 3804 ῐδε
2765 3752 2865 3821 τὴν
2910 3750 3209 3822 γύμνωσιν,
3255 3752 3348 3805 καὶ
3382 3750 3471 3812 δὸς
3515 3748 3611 3818 τὴν

2027 3843 2355 3916 ἀνάρρυσιν·
2394 3842 2471 3896 ῖδε
2522 3844 2618 3916 τὴν
2676 3843 2901 3914 βαθεῖαν
2942 3845 3198 3916 ἐρημίαν,
3249 3843 3344 3897 καὶ
3390 3830 3613 3911 ποίησον

2024 3936 2122 4007 τὴν
2154 3934 2251 4007 σὴν
2296 3934 2717 4005 εὐσπλαγχνίαν.
2774 3936 2836 3988 Εἰ
2889 3934 2996 4007 γὰρ
3044 3936 3139 3988 καὶ
3190 3935 3414 3997 δικαίως
3458 3932 3614 3986 ἐπαί-

2024 4028 2242 4093 δευσας,
2271 4026 2385 4080 ἀλλ’
2429 4028 2576 4098 ὅμως
2616 4026 2796 4078 ἴασαι·
2834 4027 2883 4079 εί
2923 4026 3017 4079 καὶ
3062 4026 3228 4092 ἀξίως
3270 4025 3615 4096 παρέδωκας,

2026 4120 2175 4191 ὅμως
2234 4120 2528 4188 συνάγαγε.
2587 4118 2951 4189 Ἐμάστιξας,
3003 4117 3414 4189 παρακάλεσον·
3478 4131 3616 4185 παρ-

2027 4210 2254 4276 έδωκας,
2288 4210 2580 4281 λύτρωσαι.
2618 4210 2679 4262 Εἰ
2707 4211 2799 4262 καὶ
2829 4208 3088 4272 πολλάκις
3125 4209 3466 4278 ἡμάρτομεν,
3502 4205 3614 4258 ἀλλ’

2025 4303 2177 4371 ὅμως
2220 4302 2381 4355 πάλιν
2422 4301 2580 4371 ἡμῶν
2641 4300 2942 4373 μνήσθητι,
2992 4302 3085 4354 καὶ
3131 4300 3292 4352 πάλιν
3343 4299 3498 4369 ἡμῶν
3549 4299 3613 4367 τῇ

2025 4390 2208 4460 δεήσει
2239 4389 2511 4461 πείσθητι,
2544 4392 2637 4443 καὶ
2683 4391 2915 4461 μάλιστα
2956 4394 3067 4453 τοῖς
3112 4392 3169 4444 ἐν
3209 4390 3486 4461 ἐρημίαις,
3520 4390 3615 4442 καὶ

2030 4480 2200 4553 ὖρεσι,
2237 4482 2331 4534 καὶ
2365 4482 2672 4552 σπηλαίοις,
2701 4483 2796 4535 καὶ
2831 4485 2860 4537 ὁ
2902 4486 3033 4546 παῖς
3075 4482 3186 4553 (67)
3219 4483 3317 4551 τῆς
3346 4482 3448 4552 γῆς
3482 4482 3619 4533 ἀϐάο

2028 4591 2142 4637 τοις
2187 4574 2372 4637 τόποις
2401 4574 2560 4645 ήμῶν
2618 4575 2867 4645 ἀδελφοῖς
2911 4577 3051 4646 (σου)
3102 4576 3467 4646 Χριστιανοῖς,
3524 4572 3618 4626 σοῦ

2029 4665 2085 4719 δὲ
2112 4665 2280 4728 λαοῖς.
2317 4664 2378 4716 Εἰ
2407 4664 2516 4735 γὰρ
2560 4667 2655 4720 καὶ
2699 4668 2861 4737 ἡμεῖς
2897 4668 2955 4720 ἐν
2992 4665 3310 4735 ἐκκλησίαις
3347 4662 3482 4733 μετά
3511 4662 3620 4715 τῶν

2032 4758 2260 4819 πιστῶν,
2297 4756 2409 4810 ἀλλ’
2440 4758 2639 4810 ἐκεῖνοι
2671 4760 2728 4812 ἐν
2759 4759 3013 4831 ἐρημίαις
3065 4759 3201 4829 μετά
3231 4758 3338 4811 τῶν
3372 4754 3609 4827 ἐχθρῶν·

2026 4853 2075 4905 εἰ
2109 4852 2204 4905 καὶ
2233 4853 2393 4922 ἡμεῖς
2423 4852 2638 4922 φαιδροὶ
2675 4853 2733 4904 ἐν
2768 4854 2888 4915 ταῖς
2922 4853 3152 4923 ἑορταῖς,
3187 4849 3301 4903 ἀλλ’
3332 4850 3528 4902 ἐκεῖνοι
3562 4847 3623 4898 ἐν

2031 4942 2242 5016 μεγάλῃ
2280 4944 2490 5015 σκοτίᾳ.
2526 4943 2752 5014 Μεγάλη
2799 4945 2833 5015 ἡ
2887 4942 3111 4997 ἐκείνων
3147 4940 3438 5010 δυστυχία·
3476 4937 3620 5008 μέγα

2029 5034 2087 5086 τὸ
2113 5035 2336 5088 ἐκείνων
2373 5033 2611 5088 ὕποπτον
2632 5050 2645 5065 ·
2689 5034 2859 5088 δεινὸν
2904 5035 2964 5088 τὸ
3002 5033 3227 5087 ἐκείνων
3255 5029 3499 5103 τραῦμα,
3527 5044 3623 5081 πιρ

2033 5125 2446 5197 κράἡέκείνων
2470 5126 2752 5197 συμφορά·
2801 5125 3092 5198 ἀδιήγητος
3134 5126 3168 5195 ἡ
3221 5121 3400 5176 αὐτῶν
3446 5135 3620 5174 κατα-

2032 5214 2230 5286 φθορὰ,
2262 5215 2404 5286 μέγα
2430 5215 2492 5268 τὸ
2523 5217 2746 5270 ἐκείνων
2810 5215 3062 5286 κέντρον,
3109 5211 3278 5284 πολλή
3313 5213 3346 5283 ή
3393 5206 3618 5263 ἐκείνων

2028 5305 2326 5379 τραγῳδία,
2351 5307 2613 5362 Δέσποτα.
2639 5308 2731 5379 Μὴ
2762 5309 2980 5381 ἀφήσῃς
3012 5309 3117 5370 ἕως
3145 5303 3270 5372 ἔξω,
3303 5300 3438 5356 ἀλλὰ
3471 5299 3617 5370 μετὰ

2109 5620 2221 5693 (67)
2260 5621 2321 5677 F.
2358 5620 2547 5676 ἅπασι.
