3948 6196
354 243 448 300 ΠἹ

1254 237 1538 294 ΠΟΜΙΙᾸΑ
1586 239 1652 294 IV
1686 241 1751 296 IN

1818 243 2363 300 ASSUMPTIONEM
2393 247 2689 306 CHRISTI.

3490 258 3595 316 473

339 355 431 423 τῆς
461 351 708 414 παιδείας
750 351 918 416 δεῖξον
963 351 1054 404 καὶ
1101 353 1199 425 τὴν
1249 353 1346 424 σὴν
1384 354 1810 426 φιλανθρωπίαν,
1840 359 1924 412 ἴνα

2048 359 2324 416 vehemens
2377 365 2643 418 malorum
2692 365 2949 433 aculeus;
3004 376 3157 421 atrox
3213 369 3446 434 illorum,
3503 371 3600 425 Do-

337 444 412 514 μὴ
443 445 520 506 εις
559 443 710 505 τέλος
759 445 808 494 οἱ
852 441 1091 496 Ἰουδαῖοι
1141 446 1566 516 καυχήσωνται,
1609 447 1692 500 ἵνα
1737 449 1811 519 μὴ
1856 450 1924 502 τὰ

336 540 460 610 ἔθνη
497 538 626 609 περὶ
651 540 681 607 ἡ
692 537 810 608 μῶν
841 538 1037 590 εἴπωσι
1064 556 1076 567 °
1107 538 1231 592 Ποῦ
1267 538 1438 593 ἐστιν
1458 544 1491 594 ό
1527 542 1671 608 Θεὸς
1705 542 1925 608 ίιύτῶν;

335 631 445 684 Ποῦ
489 630 634 682 ἔστιν
677 632 705 682 ὁ
745 629 978 700 Χριστὸς
1025 630 1235 695 αύτῶν;
1268 632 1377 685 Ποῦ
1425 632 1571 685 ἔστιν
1617 635 1646 686 ό
1696 635 1925 704 σταυρὸς

332 723 549 786 αύτῶνς
577 722 686 774 Ποῦ
718 722 920 792 ἐστινὴ
954 721 1109 785 ἐλπὶς
1140 723 1354 788 αὑτῶνς
1385 724 1494 776 Ποῦ
1534 726 1566 795 ἡ
1609 725 1788 789 πίστις
1818 727 1925 779 τῶν

336 815 714 886 Χριστιανῶνς
743 816 861 868 ’Ἱνα
914 815 988 887 μὴ
1039 816 1214 869 ταῦτα
1257 815 1473 882 είπωσι,
1527 819 1661 888 ταχὺ
1701 819 1765 872 τὰ
1801 819 1924 890 ὲλέη

338 925 429 960 σου
456 909 538 970 είς
564 909 709 978 ἡμᾶς
740 907 1078 977 θεωρήσουσι
1100 925 1112 938 ·
1151 908 1308 977 Ταχὺ
1353 910 1922 976 προσκαταλαϐἐτωο

335 1016 455 1051 σαν
484 997 594 1069 (68)
622 996 780 1066 ἡμᾶς
805 1001 859 1051 οὶ
892 1000 1181 1068 οἰκτιρμοί
1229 1017 1366 1063 σου,
1403 1002 1598 1069 Κύριε,
1626 1001 1712 1053 ὅτι
1744 1002 1926 1054 ἐπτω-

333 1091 645 1158 χεύσαμεν
666 1089 1030 1157 σφόδρὰ,ὃτι
1075 1089 1522 1160 ἐταπεινώθημεν
1570 1090 1792 1160 σφόδρα,
1845 1092 1926 1144 ὅτι

331 1181 698 1252 ῶλιγώθημεν
730 1183 952 1254 σφόδρα.
999 1183 1198 1236 Λοιπὸν
1246 1183 1532 1236 εἰσελθέτω
1579 1183 1804 1237 ἐνώπιόν
1833 1202 1924 1236 σου

332 1275 360 1325 ὁ
386 1273 692 1343 στεναγμὸς
745 1273 854 1326 τῶν
912 1275 1118 1345 πεπεδη
1131 1273 1333 1344 μένων·
1390 1275 1700 1345 δυσωπήσει
1752 1292 1809 1326 σε
1861 1274 1928 1327 τὰ

331 1363 549 1435 δάκρυα
577 1363 682 1416 τῶν
728 1364 950 1417 ἀκάκων
993 1367 1223 1436 νηπίων,
1251 1367 1360 1418 τῶν
1398 1365 1923 1435 κατασφαξομένων·

336 1454 616 1506 ἱκετεύσει
658 1473 717 1507 σε
752 1455 984 1527 ὀδυρμὸς
1039 1457 1288 1528 μητέρων
1336 1457 1444 1510 τῶν
1497 1457 1923 1527 ἀτεκνουμένων.

333 1547 530 1600 Ταῦτα
557 1547 802 1614 λέγοντες
832 1549 1081 1619 δεόμεθα,
1099 1551 1158 1602 οὐ
1183 1550 1490 1620 μαχόμεθα,
1536 1548 1929 1601 Δέσποταοδεό-

334 1639 507 1707 μεθα,
537 1638 648 1691 ἀλλ’
675 1636 734 1691 οὒ
767 1640 903 1711 πρὸς
934 1642 990 1693 σὲ
1018 1641 1370 1710 δικαζόμεθα.
1425 1639 1688 1711 Δεόμεθα,
1718 1641 1796 1692 ὅτι
1826 1640 1929 1692 ὑπὸ

2029 455 2194 516 mine,
2248 455 2532 522 tragoedia.
2576 455 2730 510 thu
2783 458 2905 512 illos
2955 461 3194 516 exterius
3229 478 3402 532 usque
3436 462 3601 518 desti-

2029 549 2156 608 tue,
2203 545 2299 600 sed
2345 562 2452 600 una
2501 564 2625 601 cum
2689 549 3163 608 animadversione
3210 555 3599 625 benignitatem

2028 644 2177 688 tuam
2227 637 2446 701 exhibe,
2499 646 2558 691 ut
2597 655 2662 694 ne
2691 639 2861 696 Judaei
2903 643 2971 697 ad
3018 644 3179 699 ﬁnem
3227 662 3401 716 usque
3445 648 3602 703 nobis

2029 727 2336 790 insultent,
2395 745 2465 783 ne
2517 728 2586 784 de
2638 732 2797 788 nobis
2856 741 3044 803 gentes
3105 735 3238 791 illud
3299 748 3600 806 usurpent:

2033 814 2133 869 Ubi
2178 829 2254 871 est
2300 819 2438 874 Deus
2489 838 2667 876 eorum
2693 822 2751 873 ‘?
2791 821 2891 877 Ubi
2923 835 3005 880 est
3033 826 3286 884 Christus
3323 830 3606 898 ipsorum?

2030 906 2132 961 Ubi
2178 919 2263 964 est
2335 927 2466 966 crux
2528 914 2806 984 ipsorum?
2841 914 2944 969 Ubi
2986 928 3074 972 est
3139 935 3265 991 spes
3323 920 3607 990 ipsorum?

2031 995 2134 1053 Ubi
2197 1000 2328 1057 ﬁdes
2379 1003 2864 1060 Christianorum?
2929 1006 3008 1062 Ne
3063 1010 3332 1078 ejusmodi
3395 1009 3604 1078 jaCtare

2030 1091 2298 1159 audeant,
2329 1103 2478 1149 tuam
2504 1097 2559 1150 in
2587 1114 2688 1153 nos
2713 1099 2828 1153 cito
2861 1101 3291 1156 misericordiam
3324 1101 3602 1156 videbunt.

2031 1184 2375 1240 Prwteniant
2405 1207 2497 1242 nos
2523 1191 2793 1245 celerrime
2815 1194 3178 1247 miserationes
3210 1204 3332 1259 tuta,
3367 1195 3604 1259 Domine,

2031 1282 2283 1351 quoniam
2338 1297 2592 1350 pauperes
2659 1282 2790 1350 facti
2842 1300 3024 1337 sumus
3075 1283 3291 1349 valde’,
3351 1283 3606 1352 quoniam

2041 1373 2314 1426 humiliati
2351 1391 2538 1429 smnus
2583 1375 2758 1441 valde,
2790 1377 3049 1447 quoniam
3083 1376 3237 1446 pauci
3266 1375 3390 1430 facti
3419 1391 3609 1430 smnus

2035 1465 2204 1518 valde.
2241 1464 2397 1530 Quod
2429 1475 2703 1535 superest,
2757 1468 2918 1522 intret
2973 1469 3025 1522 in
3067 1478 3419 1538 conspectum
3458 1477 3608 1522 tuum

2031 1558 2264 1626 gemitus
2297 1559 2640 1620 vinctorum;
2674 1559 2890 1615 ﬁectent
2929 1569 2981 1614 te
3021 1559 3395 1614 innocentium
3434 1557 3614 1610 infan—

2035 1649 2274 1701 tulornm
2295 1649 2384 1717 qui
2416 1648 2754 1720 jugulantur,
2799 1653 3088 1721 lacrymaz;
3133 1659 3364 1704 matrum
3392 1659 3462 1710 te,
3494 1663 3614 1716 qua:

330 1729 559 1798 ἀνόμων
599 1729 992 1800 ὀνειδιζόμεθα,
1046 1733 1128 1784 ὅτι
1187 1732 1246 1796 ἐξ,
1285 1732 1550 1804 Ἑλλήνων
1600 1732 1933 1785 καταπονού-

2048 1740 2229 1794 liberis
2267 1741 2558 1806 orhantur,
2601 1742 2857 1811 planctus
2886 1743 3154 1796 exorabit.
3211 1741 3336 1794 Haec
3373 1741 3615 1794 dicentes

333 1823 515 1892 μεθα·
551 1823 612 1875 ού
651 1823 952 1893 μαχόμεθα,
1009 1825 1141 1877 ἀλλά
1191 1825 1681 1895 ἐξομολογούμεθα.
1733 1825 1934 1877 Κλαίο-

330 1933 467 1984 μεν,
488 1916 570 1967 ὅτι
597 1915 689 1967 καὶ
711 1918 758 1968 οἱ
789 1917 962 1969 λοιποὶ
989 1917 1405 1972 κινδυνεύουσιν.
1431 1918 1490 1971 Ι⁴Σί
1508 1920 1615 1990 γὰρ
1640 1919 1732 1971 καὶ
1759 1919 1928 1988 ἁμαρι

329 2008 526 2071 τωλοὶ,
572 2007 687 2061 ἀλλ’
733 2009 882 2078 ὅμως
929 2010 1244 2080 Χριστιανοὶ
1297 2011 1669 2082 τυγχάνομεν·
1729 2013 1779 2063 εἰ
1841 2010 1934 2061 καὶ

331 2098 612 2161 ταπεινοὶ,
649 2096 762 2150 ἀλλ’
795 2099 943 2167 ὅμως
991 2100 1094 2166 τῆς
1145 2097 1380 2160 πίστεώς
1427 2117 1520 2151 σου
1568 2099 1724 2162 λαός’
1759 2100 1806 2150 εἰ
1843 2099 1935 2151 καὶ

333 2184 556 2248 ἀνάξιοι
609 2185 1030 2256 φιλανθρωπίας,
1078 2186 1190 2239 ἀλλ’
1218 2188 1366 2257 ὅμως
1399 2189 1645 2260 πρόϐατα
1687 2191 1785 2260 τῆς
1836 2190 1936 2259 σῆς

348 2275 687 2346 Ἐκκλησίας
714 2277 878 2346 ἐσμὲν
910 2279 964 2328 ἐν
995 2280 1076 2332 ἑνὶ
1118 2280 1581 2351 συνηθροισμένοι.
1611 2281 1825 2352 Ταύτην
1855 2299 1936 2334 σοι

345 2368 445 2436 τὴν
474 2367 685 2419 ἱκεσίαν
717 2369 764 2420 οἱ
798 2370 1001 2439 πτωχοὶ
1033 2371 1172 2441 ὑπὲρ
1213 2372 1449 2442 πλήθους
1496 2372 1624 2424 λαοῦ
1660 2373 1938 2443 αἰχμαλω-

345 2459 496 2523 σίας,
548 2461 608 2511 ὲν
655 2463 720 2530 τῇ
771 2462 836 2530 σῇ
899 2463 1182 2534 τριημέρῳ
1247 2465 1538 2517 ἀναστάσει
1591 2466 1938 2536 προσάγομεν

347 2552 522 2619 ἱερεῖς
548 2553 642 2604 καὶ
672 2551 808 2617 λαοὶ,
845 2555 1114 2606 νεανίσκοι
1163 2555 1257 2608 καὶ¹
1309 2555 1587 2628 παρθένοι,
1637 2556 1939 2629 πρεσϐῦται

353 2643 498 2712 μετά
529 2644 830 2715 νεωτέρων,
868 2647 1036 2717 νήπια
1088 2647 1225 2717 μετὰ
1280 2649 1551 2719 μητέρων,
1597 2651 1746 2702 πᾶσα
1795 2648 1939 2718 ψυχὴ

351 2733 464 2785 τῶν
497 2736 858 2789 πιστευόντων
891 2739 969 2800 είς
1000 2739 1090 2792 σέ·
1133 2738 1226 2804 οὓς
1280 2739 1554 2810 λύτρωσαι
1593 2741 1798 2803 πάντας
1840 2741 1942 2794 πά-

358 2844 460 2896 σης
489 2828 582 2898 τῆς
615 2831 966 2902 ἐπικειμένης
999 2832 1250 2902 ἀπειλῆς,
1277 2833 1370 2885 καὶ
1401 2832 1498 2902 τῆς
1533 2833 1632 2902 σῆς
1667 2832 1943 2902 βασιλείας

358 2915 542 2980 ἀξίους
595 2917 838 2989 ποίησον,
874 2920 1053 2991 χάριτι
1102 2921 1197 2974 καὶ
1245 2921 1622 2992 φιλανθρωπίᾳ
1659 2921 1750 2974 τοῦ
1789 2929 1949 2991 μονο-’

360 3009 550 3076 γενοῦς
604 3026 712 3064 com
747 3011 876 3063 Υίοῦ
909 3013 1010 3065 καὶ
1059 3013 1327 3066 Δεσπότου
1369 3014 1500 3066 Θεοῦ
1555 3015 1647 3067 καὶ
1693 3014 1942 3084 Σωτῆρος

361 3103 515 3172 ἡμῶν
553 3103 730 3173 Ἰησοῦ
765 3105 1023 3175 Χριστοῦ,
1057 3108 1152 3160 σὺν
1185 3107 1262 3177 τῷ
1288 3107 1533 3178 παναγίῳ
1561 3108 1652 3160 καὶ
1695 3108 1944 3178 ζωοποιῴ

362 3193 522 3247 αὐτοῦ
561 3196 866 3267 Πνεύματι·
913 3197 1008 3250 νῦν
1062 3199 1156 3252 καὶ
1201 3199 1288 3252 ἀεὶ
1344 3200 1436 3251 καὶ
1477 3199 1556 3261 εἱς
1595 3199 1716 3261 τοὺς
1747 3196 1945 3260 αἰῶνας

366 3287 467 3340 τῶν
496 3288 730 3343 αἰώνων.
777 3290 968 3360 Ἀμήν.

1121 3682 1195 3735 Δ’.

372 3793 481 3847 Τοῦ
510 3794 580 3846 ἐν
609 3792 804 3859 ἁγίοις
843 3794 1069 3860 Haka
1112 3794 1278 3861 ἡμῶν
1319 3795 1668 3862 Ἑπιφιιινόυ
1705 3795 1948 3847 ἐπισκό-

434 3881 550 3934 ποις
599 3865 842 3931 Κύπρου
904 3869 991 3928 εἰς
1049 3864 1163 3929 τὴν
1211 3864 1521 3934 ἀνάληψιν
1568 3865 1674 3918 τοῦ
1727 3866 1946 3932 Κυρίου

435 3933 602 4004 ἡμῶν
649 3935 850 4002 Ἰησοῦ
878 3936 1152 4003 Χριστοῦ.

885 4046 1191 4117 Εὐλογητὸς
1221 4050 1248 4100 ὁ
1279 4048 1430 4110 Θεός.

442 4135 652 4205 Hispo;
685 4135 933 4206 σώματος
961 4139 992 4208 ἡ
1024 4138 1333 4192 ὲπιτεθεῖσα
1357 4137 1434 4208 τῷ
1460 4137 1672 4209 σώματι
1703 4137 1908 4208 κεφαλή
1927 4155 1938 4167 ’

373 4228 570 4297 κόσμος
607 4229 663 4281 δὲ
703 4229 810 4282 τῶν
861 4229 1062 4301 ἑορτῶν
1108 4233 1142 4301 ἡ
1193 4231 1432 4302 σήμερον
1471 4232 1652 4301 ἑορτή.
1698 4231 1761 4282 Τί
1806 4231 1948 4299 γάρς

371 4319 523 4390 φησί.
601 4318 840 4388 Χριστοῦ
911 4319 1179 4389 ἀνάληψιν
1252 4319 1388 4389 μετά
1452 4319 1650 4391 σαρκὸς
1702 4320 1952 4390 ἑορτάζο-

2036 1833 2311 1902 supplices
2345 1822 2653 1903 precamur,
2684 1851 2791 1888 non
2825 1851 3146 1905 pugnamus,
3190 1833 3449 1898 Domine;
3494 1847 3617 1900 pre-

2037 1938 2249 1988 cantur,
2284 1939 2397 1978 "0n
2426 1935 2602 1977 tecum
2635 1925 2845 1994 judicio
2875 1926 3284 1979 contendimus.
3316 1924 3616 1978 Precamur

2037 2013 2294 2080 quoniam
2345 2028 2373 2065 a
2420 2014 2668 2067 scelestis
2710 2015 2798 2066 illa
2841 2014 2998 2068 nobis
3024 2013 3446 2083 exprobrantur,
3472 2025 3608 2080 quo-

2038 2107 2181 2159 niam
2234 2120 2264 2157 a
2315 2106 2610 2175 gentilibus
2667 2107 3074 2174 opprimimur;
3143 2122 3250 2159 non
3315 2117 3618 2174 pugnamus

2039 2206 2251 2262 tecum,
2285 2197 2378 2252 sed
2422 2198 2785 2264 conﬁtemur;
2831 2201 3130 2268 ploramus,
3182 2200 3437 2267 quoniam
3476 2197 3620 2265 peri-

2041 2289 2309 2341 clitantur
2369 2298 2423 2343 et
2491 2291 2711 2356 reliqui.
2777 2290 3039 2356 Quamvis
3102 2292 3245 2344 enim
3303 2298 3618 2358 peccatores

2041 2377 2233 2442 simus,
2267 2378 2573 2432 Christiani
2611 2386 2794 2434 tamen
2843 2395 3073 2433 smnus:
3107 2380 3208 2433 etsi
3255 2379 3477 2432 humilis
3509 2394 3619 2447 po-

2042 2469 2222 2537 pulus,
2265 2469 2424 2523 ﬁdem
2475 2477 2658 2524 tamen
2710 2471 3064 2540 proﬁtemur;
3117 2473 3240 2526 licet
3286 2471 3619 2524 humanitate

2047 2569 2139 2613 tua
2167 2561 2342 2615 simus
2385 2561 2614 2632 indigni,
2664 2563 3025 2618 nihilominus
3066 2580 3195 2618 oves
3233 2563 3486 2618 Ecclesia:
3518 2571 3621 2615 tute

2043 2669 2256 2716 sumus,
2281 2655 2332 2707 in
2357 2670 2524 2708 unum
2553 2655 2788 2709 collecti.
2816 2654 2928 2710 lias
2954 2656 3048 2710 tibi
3073 2671 3262 2726 preces
3289 2670 3387 2725 pro
3408 2654 3622 2724 captivo

2046 2745 2245 2814 populo
2291 2746 2343 2798 in
2398 2747 2500 2800 hac
2541 2746 2796 2799 triduana
2831 2755 2920 2800 tua
2949 2749 3350 2803 resurrectione
3387 2747 3484 2799 tibi
3520 2761 3620 2799 nos

2046 2835 2238 2903 inopes
2286 2833 2588 2899 offerimus,
2627 2836 2942 2890 sacerdotes
2981 2852 3104 2889 cum
3143 2836 3319 2904 plebe,
3365 2836 3622 2904 juvenes,

2047 2922 2307 2992 virgines,
2355 2939 2515 2978 senes
2569 2939 2694 2977 cum
2744 2924 2950 2992 pueris,
2997 2923 3234 2978 infantes
3275 2939 3400 2977 cum
3435 2925 3625 2976 matri-

2050 3013 2152 3068 bus
2186 3032 2199 3067 :
2250 3014 2494 3067 omnium
2536 3014 2588 3067 in
2620 3027 2672 3068 te
2700 3015 3041 3068 credentium
3066 3015 3297 3069 animae:
3328 3030 3465 3084 quos
3500 3015 3624 3084 qui-

1971 3076 2013 3131 Ο
2047 3102 2168 3158 dem
2203 3119 2396 3158 omnes
2447 3105 2516 3158 ab
2567 3105 2982 3158 imminentilnts
3029 3105 3288 3174 periculis
3332 3105 3503 3175 eripe,
3560 3119 3623 3159 ac

2048 3204 2142 3250 tuo
2189 3211 2357 3264 regno
2416 3196 2612 3264 dignos
2705 3197 2881 3260 cllice,
2939 3198 3111 3266 gratia
3177 3204 3230 3250 et
3295 3197 3626 3266 benignitate

2047 3289 2308 3356 unigeniti
2385 3287 2461 3341 tui
2508 3285 2626 3340 Filii
2695 3301 2758 3341 ac
2811 3286 3021 3341 Domini
3069 3285 3162 3340 Dei
3227 3295 3282 3342 et
3325 3286 3626 3343 Salvatoris

2047 3381 2218 3432 nostri
2263 3377 2390 3433 Jesu
2442 3379 2666 3443 Christi,
2720 3394 2844 3432 cum
2885 3379 3233 3433 sanctissimo
3291 3386 3344 3434 et
3408 3381 3623 3434 viviﬁco

2047 3473 2220 3542 ipsius
2242 3472 2470 3543 Spiritu,
2513 3488 2658 3527 nunc
2686 3479 2739 3526 et
2763 3487 2979 3542 semper
3008 3479 3061 3527 et
3101 3473 3157 3527 in
3182 3473 3379 3528 saecula
3401 3475 3628 3528 saeculo—

2050 3581 2191 3619 rum.
2215 3567 2409 3619 Amen.

2791 3697 2884 3753 iV.

2053 3791 2239 3847 Sancti
2301 3790 2584 3858 Epiplmnii
2637 3790 2866 3858 episcopi
2913 3789 3247 3844 Constantia:
3307 3789 3504 3856 Cypri,
3565 3789 3629 3842 de

2122 3862 2334 3915 Domini
2363 3862 2528 3914 nostri
2557 3858 2686 3914 Iesu
2715 3859 2913 3913 Christi
2933 3861 3286 3927 assumptione
3314 3861 3625 3929 oratio((39).

2579 4037 2904 4094 Benedictus
2948 4039 3109 4091 Deus.

2126 4135 2390 4206 Corporis
2429 4140 2814 4189 ornamentum
2855 4140 2936 4185 est
2962 4138 3127 4199 caput
3162 4127 3378 4198 corpori
3411 4127 3632 4196 imposi-

2054 4243 2196 4296 tum;
2253 4237 2307 4282 at
2363 4228 2622 4283 festorum
2672 4225 2844 4280 decus
2891 4232 2974 4278 est
3030 4223 3226 4276 festum
3287 4219 3628 4274 hodiernum.

2053 4324 2408 4378 Celebramus
2453 4320 2599 4375 enim
2637 4318 2844 4373 Christi
2904 4315 3121 4369 Domini
3171 4311 3468 4367 secundum
3514 4326 3635 4364 car-

375 4429 494 4481 μεν,
529 4412 600 4476 ὡς
638 4414 744 4465 τῶν
776 4413 1118 4466 Δεσποτικῶν
1175 4413 1378 4484 ἑορτῶν
1421 4411 1773 4481 δεικνυμένην
1816 4412 1940 4482 πλή·

2062 4435 2182 4472 neni
2230 4431 2552 4480 ascensum;
2609 4412 2754 4482 quod
2806 4426 2938 4466 sane
2990 4409 3184 4463 l'estum
3229 4406 3632 4459 Dominieornm

372 4523 553 4574 ρωμα.
604 4504 870 4576 Καθάπερ
919 4504 1029 4575 γὰρ
1077 4505 1286 4574 κεφαλὴ
1348 4504 1769 4574 φαιὸρῦμορφος,
1815 4502 1956 4556 οὕτω

370 4598 461 4650 καὶ
491 4600 522 4667 ἡ
558 4598 797 4667 σήμερον
842 4597 1002 4669 ἑορτὴ
1033 4597 1134 4666 τῆς
1177 4597 1363 4666 θεῖκῆς
1395 4597 1614 4666 χάριτος
1648 4596 1956 4666 ἀπαυγάζει

369 4690 429 4742 τὸ
455 4690 655 4752 καλλος
675 4706 688 4718 ·
721 4690 835 4742 ἀλλ’
879 4693 929 4742 οἱ
968 4690 1152 4744 πολλοὶ
1183 4689 1504 4760 ἀγνοοῦντες
1530 4689 1591 4742 τὸ
1621 4690 1822 4758 ταύτης
1860 4687 1956 4758 μέ-

374 4785 551 4852 γεθος,
583 4781 749 4855 ἦττον
786 4783 954 4854 αὐτὴν
986 4781 1284 4853 νομίζουσι.
1337 4782 1445 4835 Καὶ
1475 4783 1523 4834 εἰ
1565 4780 1817 4850 βούλεσθε
1854 4797 1958 4850 μα-

377 4874 506 4936 θεῖν,
553 4873 893 4939 ἀνεξικάκως
950 4874 1256 4926 συντείνατέ
1319 4891 1406 4943 μοι
1459 4873 1550 4925 τὸν
1600 4872 1745 4926 νοῦν.
1791 4871 1960 4926 Μόνον

380 4984 465 5036 μοι
495 4966 561 5019 δι’
593 4967 767 5036 εὐχῶν
802 4968 1195 5038 συνεργήσατε,
1229 4964 1557 5036 παρακαλῶ·
1595 4965 1689 5016 καὶ
1728 4965 1826 5027 τὰς
1863 4981 1960 5035 μο-

378 5059 655 5122 λιθδὼδεις
683 5062 857 5130 αὔρας
887 5059 1307 5113 καταστείλατε·
1349 5059 1441 5110 καὶ⁸
1484 5058 1550 5111 τὰ
1602 5056 1823 5128 κύματα
1867 5059 1966 5127 τῆς

382 5152 648 5222 φλυαρίας
704 5151 1068 5222 γαληνιάσατε
1093 5168 1106 5182 ’
1166 5154 1260 5204 καὶ
1317 5147 1680 5220 σχολάζουσαν
1731 5165 1818 5220 μοι
1870 5149 1967 5220 τὴν

378 5244 548 5296 and“;
581 5243 922 5313 παράσχητε.
959 5243 1116 5297 Κατὰ
1144 5242 1253 5314 γὰρ
1285 5243 1373 5296 τὸν
1422 5243 1584 5311 σοφὸν
1628 5241 1966 5312 Σολομῶντα,

384 5334 527 5406 λόγοι
556 5336 738 5406 σοφῶν
775 5338 832 5390 ἐν
867 5335 1166 5392 ἀναπαύσει
1206 5333 1512 5390 ἀκούονται.
1560 5334 1758 5406 Πρώτη
1789 5335 1969 5388 τοίνυν

481 5491 660 5547 'Psal.
690 5507 845 5558 exin,
879 5493 967 5547 12.
1007 5495 1026 5526 ²
1053 5491 1191 5549 l’sal.
1227 5506 1452 5558 Lxxvm,
1481 5489 1532 5545 8.

461 5647 573 5717 (68)
605 5648 732 5705 Cor.
771 5664 977 5722 προκατ
993 5695 1011 5714 ,

2062 4510 2305 4565 Omnium
2349 4509 2807 4576 complementum
2862 4505 3102 4558 exhibet.
3161 4500 3228 4555 Ut
3277 4503 3422 4554 enim
3474 4508 3631 4569 caput

2062 4606 2232 4652 totam
2288 4597 2538 4666 corporis
2599 4595 3048 4651 constitutionem
3106 4601 3377 4648 exornat:
3416 4593 3489 4644 ita
3543 4590 3637 4642 ho-

2062 4690 2251 4745 di'erna
2295 4688 2613 4742 solemnitas
2663 4685 2858 4739 divina:
2922 4685 3108 4753 gratia:
3155 4681 3634 4750 puichritudinem,

2065 4779 2219 4849 quasi
2257 4778 2613 4847 εοὶοιιὶιοηειιι
2649 4775 2726 4828 illi
2754 4775 3062 4843 imponens,
3113 4770 3340 4822 miriﬁce
3379 4769 3635 4821 illustrat.

2069 4870 2267 4925 Verum
2298 4869 2452 4922 multi
2487 4865 2910 4937 magnitudinem
2949 4863 3093 4917 illius
3117 4861 3450 4930 ignorantes,
3497 4859 3638 4912 haud

2066 4965 2138 5019 ita
2165 4961 2344 5032 magni
2375 4959 2506 5016 illud
2534 4959 2739 5014 faciunt
2765 4956 2912 5029 [cum
2944 4956 3059 5026 ipsa
3089 4963 3269 5007 tamen
3303 4956 3379 5006 rei
3410 4963 3628 5015 natura,

2065 5057 2280 5111 emteris
2334 5055 2591 5109 omnibus
2627 5051 3036 5108 celebritalibus
3070 5049 3339 5103 illustrius
3362 5062 3482 5102 esse
3509 5061 3639 5099 cono

2066 5147 2268 5220 vincat]
2301 5191 2314 5214 ,
2357 5146 2814 5218 quemadmodum
2847 5143 2899 5197 id
2925 5159 2989 5197 ex
3015 5141 3278 5194 orationis
3313 5155 3444 5194 meze
3467 5137 3633 5201 serie,

2068 5245 2114 5298 si
2149 5241 2309 5296 modo
2335 5256 2554 5311 azquum
2591 5240 2698 5293 huc
2730 5238 2970 5291 animum
3000 5233 3314 5296 attuleritis,
3359 5230 3642 5302 perspicue

2068 5347 2403 5405 cognoscere
2447 5330 2653 5386 licebit.
2704 5328 2854 5384 Velis
2908 5326 3135 5398 proinde
3181 5339 3328 5379 aura:
3367 5324 3642 5396 popularis

2153 5640 2258 5714 (69)
2291 5639 2588 5696 Theodoro
2610 5636 2834 5694 Peltano
2865 5634 3177 5706 interprete.
