3948 6196
299 239 405 297 ὅτε)

1568 217 1658 274 DU
1669 217 1776 276 BIA
1813 215 1954 275 AUT
1996 218 2268 279 SPURIA.

3452 236 3556 294 480

299 360 625 426 contractis,
655 375 1080 432 sermonumque
1109 361 1401 431 nugacium
1435 360 1693 418 [luctibus
1725 361 1884 417 seda-

2005 363 2148 436 ἑορτὴ
2177 364 2209 432 ἡ
2247 361 2446 433 φρικτὴ
2471 361 2565 415 καὶ
2589 359 2874 432 θαυμαστὴ
2918 357 3057 412 κατά
3100 357 3276 428 σάρκα
3313 353 3405 408 τοῦ
3435 356 3560 427 Χρι-

308 451 408 520 tis,
460 468 690 508 vacuam
733 453 1092 522 feriatamque
1133 468 1318 508 aurem
1352 453 1458 508 huc
1513 453 1698 509 aﬂ'erte
1729 454 1884 524 (nam

305 543 464 613 juxta
517 546 819 615 sapientem
867 542 1238 608 Salomonem,
1273 545 1580 614 sapientum
1619 546 1764 600 dicta
1789 559 1888 614 per

307 635 544 704 quietem
600 632 932 701 capiuntur),
987 641 1044 686 et
1091 635 1292 689 vestris
1316 649 1403 688 me
1439 635 1691 704 precibus
1733 635 1887 706 adju-

309 736 455 778 vate.
526 724 768 778 Primum
793 725 975 794 itaque
1025 725 1167 779 inter
1234 725 1441 788 festos,
1509 728 1888 796 solemnesque

307 813 466 876 dies,
519 814 698 867 locum
750 814 854 868 sibi
928 814 1168 869 vindicat
1224 817 1568 872 venerandus
1621 817 1888 887 planeque

309 903 654 959 admirabilis
684 905 892 962 Christi
925 906 1138 962 Domini
1173 908 1474 963 secundum
1498 924 1718 964 carnem
1741 921 1893 963 exor-

314 1004 422 1050 tus.
447 995 549 1062 Qui
581 997 727 1058 enim
779 1014 993 1053 summa
1043 1003 1394 1057 veneratione
1423 1001 1893 1072 admirationeque

312 1086 511 1155 dignus
559 1103 669 1142 non
706 1089 959 1143 videatur
1013 1092 1212 1161 summi
1270 1091 1364 1146 Dei
1407 1107 1438 1146 e
1478 1093 1634 1148 caelis
1676 1094 1740 1147 ad
1790 1109 1892 1147 nos

313 1178 634 1244 descensus,
694 1188 789 1232 aut
817 1180 1159 1237 admirabilis
1185 1183 1366 1252 potius
1397 1184 1516 1253 ejus
1551 1185 1890 1240 condescen-

314 1269 455 1323 sus?
485 1267 618 1335 Quis
650 1286 758 1325 non
801 1272 1036 1326 miretur
1075 1275 1320 1329 omnium
1365 1274 1656 1330 Dominum
1709 1279 1892 1332 servili

316 1360 492 1416 forma
518 1378 643 1418 sese
667 1365 888 1428 vestire,
919 1380 1175 1435 eumque,
1222 1368 1317 1436 qui
1351 1369 1609 1424 universa
1655 1370 1896 1446 continet

318 1454 601 1519 absolute,
661 1472 692 1511 e
745 1459 1078 1527 paupercula
1128 1468 1302 1515 matre
1337 1462 1488 1516 nasci
1542 1461 1890 1531 dedignatum

316 1559 429 1598 non
473 1546 641 1600 esse?
679 1546 794 1601 Hoc
831 1550 1029 1604 ordine
1070 1559 1489 1621 consequuntur
1542 1551 1893 1622 Theophanis

1991 452 2117 504 στοῦ
2151 452 2421 521 γέννησις.
2457 451 2581 514 Πῶς
2602 451 2710 523 γὰρ
2743 451 2801 503 ού
2833 447 3120 520 θαυμαστὴ
3148 448 3182 515 ἡ
3221 444 3279 510 ἑξ
3317 443 3560 514 οὐρανῶν

1988 543 2080 596 τοῦ
2112 543 2246 595 Θεοῦ
2275 541 2410 613 πρὸς
2456 542 2602 611 ἡμᾶς
2626 539 2944 603 κατάϐασις,
2974 537 3170 609 μᾶλλον
3198 535 3256 588 δὲ
3288 534 3567 602 συγκατά-

1990 635 2169 698 Εασιςς
2209 635 2289 686 ὅτι
2334 635 2361 687 ὀ
2405 633 2623 686 πάντων
2654 631 2929 702 Δεσπότης
2963 629 3060 700 τὴν
3093 627 3185 682 τοῦ
3212 627 3396 680 δούλου
3433 643 3563 698 μορ-

1978 728 2096 799 ,φὴν
2123 727 2320 781 ἑνῶσαι
2367 724 2542 796 ἑαυτῷ
2587 724 2912 796 κατηξίωσε,
2963 721 3057 776 καὶ
3098 719 3316 790 πτωχὴν
3355 720 3562 790 μητέρα

1988 820 2133 889 ἔχειν
2160 822 2189 870 ὁ
2219 818 2394 872 πάντα
2426 816 2710 888 περιέχων.
2753 814 2988 885 Δευτέρα
3015 812 3172 884 ἑορτὴ
3219 814 3251 882 ή
3289 810 3398 863 τῶν
3427 811 3560 862 Θεο-

1991 907 2194 976 φανίων
2259 906 2438 976 πολλῷ
2504 906 2601 975 τῆς
2656 903 2877 974 πρώτης
2941 902 3039 972 τὴν
3097 901 3327 971 θεωρίαν
3395 899 3565 969 μείζω

1991 999 2206 1069 ἔχουσα.
2255 999 2341 1051 Ἐν
2389 997 2485 1068 μὲν
2537 996 2645 1066 γὰρ
2698 997 2763 1067 τῇ
2809 993 2997 1065 πρώτῃ
3049 995 3206 1064 ἑορτῇ
3255 991 3567 1044 ὑπεδείκνυε

1992 1088 2084 1145 τὸν
2127 1089 2385 1159 τεχθέντα
2427 1087 2558 1140 Θεὸν
2601 1086 2771 1153 Λόγον
2817 1086 3020 1154 ἀστήρ·
3062 1083 3118 1134 ὲν
3152 1081 3208 1134 δὲ
3239 1083 3303 1150 τῇ
3338 1079 3571 1149 δευτέρᾳ

1992 1184 2154 1254 ἑορτῇ
2195 1182 2442 1250 Ἰωάννης
2487 1178 2648 1242 ἐϐόα,
2685 1176 2797 1232 Ἴδε
2841 1178 2873 1228 ὀ
2912 1173 3125 1245 Ἀμνὸς
3178 1171 3284 1224 τοῦ
3341 1168 3488 1222 Θεοῦ
3536 1169 3572 1220 d

1995 1276 2178 1344 αἴρων
2226 1273 2342 1342 τὴν
2389 1272 2681 1340 ἁμαρτίαν
2725 1268 2834 1323 τοῦ
2888 1267 3138 1335 κόσμου.
3182 1261 3458 1316 Ἐ6ε6αίου
3511 1259 3570 1312 δὲ

1996 1367 2094 1438 τὴν
2129 1366 2430 1437 μαρτυρίαν
2469 1362 2564 1416 τοῦ
2597 1358 2987 1432 βαπτιζομένου
3037 1354 3323 1426 οὐρανόθεν
3369 1353 3503 1424 βοῶν
3538 1351 3570 1403 6

1999 1459 2214 1527 Πατήρ’
2246 1451 2433 1520 Οὗτός
2459 1456 2628 1508 ἐστιν
2672 1457 2704 1506 ὁ
2762 1453 2892 1517 Υἱός
2919 1467 3036 1520 μου
3069 1447 3104 1502 ὁ
3145 1445 3469 1515 ἀγαπητὸς,
3501 1443 3572 1495 ἐν

1999 1541 2047 1614 ᾦ
2076 1549 2409 1615 ηὐδόκησα.

317 1638 433 1691 sive
465 1637 664 1693 festum
697 1639 1031 1711 Epiphaniae,
1073 1644 1218 1712 quod
1261 1645 1742 1714 contemplationis
1795 1642 2076 1696 materiam
2134 1641 2310 1711 primo
2364 1639 2456 1692 illo
2524 1635 2679 1691 oli‘ert
2749 1632 3146 1689 sublimiorem.
3219 1623 3576 1730 Quandoqui-

317 1733 440 1788 dem
471 1733 525 1787 in
561 1735 766 1791 Christi
798 1739 1062 1793 natalitiis
1097 1739 1252 1792 stella
1293 1747 1502 1793 tantum
1528 1739 1698 1793 divini
1726 1737 1887 1793 Verbi
1925 1744 2177 1791 exortum
2242 1733 2414 1803 magis
2479 1731 2735 1802 prodidit.
2779 1729 2836 1782 In
2899 1729 3000 1782 hac
3044 1734 3225 1780 autem
3262 1721 3577 1791 Epiphania:

319 1827 635 1883 celebritate
656 1829 894 1886 Joannes
919 1831 982 1885 ad
1005 1847 1196 1887 omnes
1228 1835 1522 1887 inclamat:
1557 1833 1689 1887 Ecce
1712 1835 1885 1902 Agnus
1927 1831 2064 1885 Dei:
2099 1845 2214 1884 ecce
2263 1829 2351 1898 qui
2385 1826 2520 1880 tollit
2583 1837 2799 1892 peccata
2836 1825 3016 1880 mundi
3038 1825 3074 1877 ί.
3107 1820 3270 1888 Quod
3319 1817 3579 1888 Baptista:

322 1917 692 1971 testimonium
739 1919 959 1974 Christo
1008 1921 1280 1990 baptismo
1325 1921 1552 1977 Joannis
1597 1923 1710 1991 jam
1769 1930 1882 1975 tum
1955 1922 2172 1974 initiato
2242 1918 2566 1979 exhibitum,
2646 1917 2884 1972 caelestis
2953 1914 3132 1968 Patris
3184 1925 3314 2008 voce
3365 1907 3580 2008 publice

321 2009 701 2063 coulirmatum
755 2019 859 2068 est.
917 2011 1038 2067 Vox
1087 2014 1233 2068 enim
1276 2029 1307 2069 ο
1354 2015 1494 2069 οωιο
1553 2015 1736 2068 audita
1790 2021 1894 2079 est,
1927 2014 2162 2068 dicens:
2203 2011 2300 2064 Hic
2345 2020 2419 2064 est
2471 2009 2645 2063 Filius
2688 2024 2834 2062 meus
2875 2007 3121 2069 dilectus,
3181 2005 3232 2056 in
3288 2017 3386 2070 quo
3449 1996 3579 2051 mihi

320 2102 616 2169 complacui
642 2105 683 2156 ¹.

395 2192 500 2248 Sed
530 2210 706 2264 neque
752 2196 865 2251 haec
917 2213 1134 2268 quoque
1171 2200 1491 2256 solemnitas
1522 2202 1765 2256 laetitiam
1798 2217 1901 2255 nu-

2087 2198 2226 2251 Ἀλλ’
2251 2197 2370 2251 οὐδὲ
2411 2196 2530 2250 τότε
2565 2193 2857 2265 ὁλόκληρος
2890 2194 2923 2263 ἡ
2959 2192 3058 2261 τῆς
3088 2188 3438 2258 σωφροσύνης
3465 2188 3576 2258 (70)

323 2286 499 2340 meris
555 2289 811 2343 omnibus
866 2291 1163 2358 perfectam
1211 2294 1614 2362 complectitur.
1671 2294 1901 2348 Constat

325 2392 561 2446 namque
592 2381 826 2434 mortale
865 2379 1074 2434 Christi
1123 2397 1327 2450 corpus
1355 2399 1450 2451 per
1482 2386 1902 2439 resurrectionis

325 2469 552 2535 gloriam
610 2471 1070 2528 immortalitatem
1122 2489 1216 2541 per
1266 2473 1316 2526 id
1382 2485 1594 2543 tempus
1660 2477 1899 2530 nondum

327 2559 590 2614 induisse.
631 2560 814 2614 Tertia
881 2562 1024 2616 inter
1086 2565 1489 2620 anniversarias
1521 2565 1725 2620 Christi
1762 2568 1896 2622 sole-

325 2650 580 2704 innitates
627 2660 712 2708 est
753 2653 1036 2708 Dominica
1073 2658 1409 2711 resurrectio
1460 2677 1473 2712 :
1529 2674 1650 2726 quae
1713 2658 1904 2730 [veluti

326 2734 632 2791 membrum
677 2739 924 2809 ejusdem
967 2743 1287 2816 exsistens],
1319 2746 1615 2801 salutarem
1653 2746 1902 2802 Salvato-

326 2831 403 2884 ris
454 2833 864 2901 perpessionem
912 2835 1160 2904 proxime
1196 2839 1576 2906 consequitur.
1617 2838 1740 2893 llzec
1784 2855 1900 2903 eos.

327 2923 420 2991 qui
453 2925 913 3004 per’haptismum
973 2932 1261 3000 sanguinis
1300 2932 1474 3001 ipsius
1519 2934 1902 3002 Splendoribus

328 3017 624 3083 collucent,
658 3035 722 3075 ac
750 3037 846 3090 per
879 3036 1076 3090 aquam
1135 3037 1530 3092 regenerantur
1557 3035 1610 3079 et
1639 3026 1902 3096 Spiritum

330 3119 604 3172 sanctum,
657 3110 914 3164 vivifieat.
958 3110 1060 3166 Per
1109 3114 1248 3167 hanc
1295 3115 1558 3168 mundum
1604 3118 1902 3186 collapsum

330 3199 679 3265 instauravit,
734 3203 1020 3272 ipsumque
1064 3205 1356 3269 Adamum,
1389 3207 1482 3276 qui
1519 3207 1649 3260 olim
1686 3209 1903 3262 excide-

332 3298 436 3352 rat,
469 3302 670 3347 aeterna
705 3295 813 3348 vita
843 3295 1084 3351 donavit.
1121 3295 1161 3348 E
1200 3297 1346 3365 ligno
1403 3299 1643 3354 Adamus
1677 3307 1905 3353 mortem

333 3380 724 3452 decerpserat;
783 3401 878 3454 per
933 3388 1116 3440 erucis
1173 3401 1369 3440 rursus
1420 3388 1624 3458 lignum
1672 3390 1907 3444 mundus

334 3473 502 3527 vitam
545 3486 850 3545 recuperat.
900 3477 1075 3548 Atque
1116 3477 1260 3532 istud
1293 3479 1511 3547 quidem
1547 3480 1740 3533 festum
1772 3481 1908 3534 duo-

2004 2292 2320 2356 ἀπόλαυσις,
2349 2290 2532 2360 ἐπειδὴ
2568 2288 2792 2359 μηδέπω
2829 2286 2888 2338 τὸ
2926 2283 3118 2353 θνητὸν
3166 2282 3321 2351 σῶμα
3361 2282 3448 2334 διὰ
3477 2281 3578 2351 τῆς

2003 2381 2349 2443 ἀναστάσεως
2377 2381 2472 2449 τὴν
2495 2379 2796 2432 ἀθανασίαν
2829 2377 3063 2442 ἐδέξατο.
3095 2374 3263 2445 Τρίτη
3294 2373 3454 2444 ἑορτὴ
3483 2371 3576 2424 τοῦ

2005 2471 2379 2542 σωτηριώδους
2411 2470 2614 2534 πάθους
2644 2472 2675 2540 ή
2704 2469 2997 2531 ἀνάστασις
3046 2465 3299 2530 ζωοποιεῖ
3339 2465 3462 2526 τοῦς
3493 2463 3582 2516 διὰ

2001 2564 2093 2618 τοῦ
2150 2563 2522 2634 βαπτίσματος
2572 2561 2666 2614 τοῦ
2723 2563 2950 2630 αἵματος
2997 2556 3158 2611 αὑτοῦ
3209 2553 3581 2626 μαρμαρυγὰς

2003 2651 2508 2723 ἀπαστράπτοντας,
2540 2651 2633 2704 καὶ
2675 2648 3147 2718 ἀναγεννωμένους
3175 2644 3241 2698 δι’
3265 2643 3453 2706 ὓδατος
3487 2641 3584 2694 καὶ

2005 2746 2320 2816 Πνεύματος
2379 2744 2556 2813 ἁγίου.
2585 2743 2674 2796 Διὸ
2707 2742 2816 2813 (7|)
2843 2741 2935 2794 καὶ
2979 2740 3211 2792 πεσόντα
3254 2736 3457 2805 κόσμον
3491 2736 3585 2787 ἁν-

2005 2839 2221 2907 έστησε,
2247 2837 2341 2889 καὶ
2370 2837 2460 2890 τὸν
2486 2835 2650 2888 πάλαι
2678 2833 2974 2886 ἐκπεσόντα
2998 2831 3168 2900 ’Δδάμ
3197 2829 3340 2897 ζωῆς
3366 2827 3584 2880 αἰωνίου

2005 2928 2223 2997 ἠξίωσε.
2271 2929 2369 2981 Διὰ
2420 2927 2575 2994 ξύλου
2609 2929 2637 2980 ὁ
2673 2925 2844 2995 Ἀδὰμ
2893 2923 3119 2978 Θάνατον
3163 2921 3462 2991 ἐτρύγησε⁶
3501 2917 3587 2970 διά

2007 3015 2163 3082 ξύλου
2199 3015 2428 3087 σταυροῦ
2463 3013 2607 3086 ζωὴν
2649 3013 2725 3084 τῷ
2759 3013 2948 3083 κόσμῳ
2975 3011 3276 3082 χαρίζεται.
3310 3010 3418 3061 Καὶ
3447 3008 3585 3079 αῦτη

2011 3107 2107 3177 μὲν
2157 3105 2265 3158 τῶν
2317 3104 2704 3176 προλαόουσῶν
2763 3103 2966 3174 ἑορτῶν
3014 3102 3323 3172 ἐνδοξοτέρα
3383 3099 3589 3154 ἀνεδεί-

2007 3214 2187 3261 κνυτο,
2229 3197 2412 3268 ἐπειδὴ
2462 3199 2519 3249 ὲν
2562 3196 2695 3266 αὐτῇ
2735 3197 2762 3249 ὁ
2805 3194 3033 3257 Θάνατος
3079 3193 3165 3246 διὰ
3216 3192 3444 3245 θανάτου
3495 3190 3585 3243 τὸν

2010 3289 2236 3343 θάνατον
2266 3287 2602 3354 θανατώσας,
2639 3289 2732 3340 καὶ
2765 3286 2908 3358 ζωὴν
2944 3285 3208 3340 ἀθάνατον
3247 3286 3362 3346 τοῖς
3399 3281 3587 3336 θανοῦ-

2012 3397 2094 3433 σιν
2133 3381 2425 3450 ὲπήγαγεν.
2472 3379 2630 3432 Ἀλλὰ
2663 3379 2752 3432 καὶ
2781 3379 2918 3449 αὐτὴ
2965 3378 3064 3431 οὐκ
3117 3374 3228 3448 εἶχε
3271 3377 3367 3447 τῆς
3411 3377 3582 3447 χαρᾶς

2010 3472 2106 3542 τὴν
2151 3472 2461 3543 πληρότητα
2495 3472 2586 3524 ἐπὶ
2623 3471 2726 3540 γῆς
2771 3471 2858 3524 τὸν
2906 3470 3209 3546 ἀναστάντα
3262 3468 3582 3538 κατέχουσα.

336 3562 441 3616 bus
503 3565 944 3633 praecedentibus
1009 3567 1157 3620 velut
1219 3567 1490 3625 illustrius
1539 3585 1649 3623 non
1706 3569 1902 3640 injuria

2009 3563 2118 3615 Καὶ
2134 3565 2166 3632 ἡ
2182 3564 2277 3633 τῆς
2296 3561 2669 3633 Πεντηκοστῆς
2681 3562 2734 3615 δὲ
2751 3563 2921 3634 χαράν
2937 3562 3048 3634 (7'2)
3068 3561 3306 3632 μεγάλην
3332 3562 3427 3613 καὶ
3447 3559 3586 3629 ὑπὲρ

339 3656 706 3724 antepositum
763 3666 866 3713 est.
936 3659 992 3712 In
1059 3659 1164 3713 hoc
1233 3658 1381 3713 enim
1445 3662 1765 3716 immortalis
1816 3678 1913 3732 per

340 3754 594 3806 mortem,
649 3757 880 3804 mortem
928 3753 1198 3820 peremit,
1247 3754 1521 3822 vitamque
1551 3753 1910 3808 immortalem

341 3837 577 3891 mortuis
606 3839 943 3893 conciliavit.
981 3840 1087 3895 Sed
1116 3857 1294 3912 neque
1325 3842 1458 3896 illud
1489 3856 1725 3912 quoque,
1769 3841 1913 3911 quod
1935 3892 1948 3904 ,

340 3926 618 3980 Christum
667 3929 965 3982 excitatum
1000 3946 1029 3983 a
1059 3934 1296 3987 mortuis
1331 3933 1386 3986 in
1419 3932 1583 3987 terris
1615 3932 1792 3986 adhuc
1823 3933 1916 3987 de-

342 4016 501 4080 tinet,
536 4019 793 4086 gaudium
835 4021 982 4074 onmi
1015 4037 1078 4076 ex
1114 4032 1266 4091 parte
1300 4030 1736 4077 consummatum
1785 4024 1916 4079 0ch-

341 4108 515 4162 rebat.
550 4108 643 4163 Est
669 4125 802 4166 sane
844 4111 1204 4170 Pentecostes
1231 4115 1440 4180 laetitia,
1474 4115 1530 4168 in
1565 4125 1671 4184 qua
1698 4123 1917 4184 aposto-

343 4201 411 4258 lis
445 4202 687 4271 Spiritus
721 4211 945 4258 sanctus
989 4203 1150 4261 datus
1199 4214 1306 4270 est,
1354 4219 1582 4276 magna;
1639 4205 1748 4260 imo
1787 4220 1917 4261 vero

343 4295 540 4364 major,
593 4310 756 4364 quam
808 4296 913 4348 ulla
971 4296 1198 4350 omnino
1252 4297 1431 4350 oratio
1487 4299 1701 4367 assequi
1757 4297 1918 4353 facile

342 4393 527 4453 queat.
564 4383 764 4439 Verum
795 4384 954 4439 hodie
985 4385 1040 4439 in
1074 4387 1430 4442 Ascensionis
1465 4386 1605 4442 festo
1640 4388 1915 4443 uberrima

341 4476 620 4544 voluptate
667 4491 730 4528 ac
774 4476 957 4530 laetitia
1009 4479 1286 4532 cumulata
1337 4487 1466 4532 sunt
1497 4479 1703 4534 omnia.
1746 4478 1917 4534 Hodie

344 4566 597 4623 Christus
646 4565 911 4624 Dominus
963 4567 1210 4624 sidereos
1245 4570 1619 4640 micantesque
1654 4571 1773 4624 luce
1805 4584 1917 4624 cm-

347 4661 429 4715 los
457 4661 729 4731 aperiens,
784 4677 847 4717 ac
894 4664 1312 4720 subtilissimum
1356 4679 1536 4719 aerem
1569 4664 1671 4719 sibi
1697 4665 1761 4718 ad
1793 4678 1918 4732 gra-

345 4753 473 4806 dum
512 4762 568 4808 et
611 4757 961 4811 scansionem
1011 4756 1391 4819 substernens,
1446 4763 1609 4824 atque
1645 4754 1914 4808 hominem

2012 3653 2188 3722 λόγον,
2220 3656 2276 3706 ὲν
2316 3647 2484 3727 ᾖτοῖς
2531 3654 2847 3717 ἀποστόλοις
2886 3654 3084 3707 ἐδίδοτο
3134 3653 3355 3722 Πνεῦμα
3400 3652 3585 3720 ἅγιον·

2017 3748 2249 3820 σήμερον
2276 3747 2332 3800 δὲ
2365 3749 2422 3800 ὲν
2451 3750 2516 3818 τῇ
2545 3747 2643 3816 τῆς
2683 3747 3023 3817 amasso;
3052 3748 3236 3819 ἡμέρᾳ
3280 3746 3457 3800 πάντα
3503 3744 3590 3797 διὰ

2015 3837 2233 3890 πάντων
2257 3839 2590 3913 εὐφροσύνης
2615 3841 2983 3912 πεπλήρωται.
3011 3840 3082 3892 Οὐ
3093 3839 3285 3911 ρανοὺς
3309 3841 3435 3902 τοὺς
3467 3853 3592 3905 φεγ-

2015 3930 2271 3996 γοτόκους
2317 3930 2552 3996 ἀνοίξας,
2587 3933 2681 3985 καὶ
2745 3932 2835 3985 τὸν
2895 3931 3393 4003 λεπτομερέστατον
3450 3929 3590 3999 ἀέρα

2018 4020 2329 4092 βαθμώσας,
2360 4024 2453 4076 καὶ
2487 4023 2576 4076 τὸν
2621 4024 2685 4077 ὲκ
2718 4024 2821 4094 γῆς
2849 4025 2929 4086 είς
2961 4021 3060 4086 τὰς
3084 4022 3362 4094 οὐρανίους
3397 4020 3590 4089 aerea;

2017 4116 2460 4187 ἀνασφαιρώσας,
2495 4120 2590 4172 καὶ
2627 4119 2805 4182 πάσας
2846 4117 2946 4181 τὰς
2977 4117 3084 4170 τῶν
3118 4115 3364 4184 ἀγγέλων
3400 4114 3592 4184 φύσεις

2017 4211 2097 4270 είς
2144 4210 2317 4279 χαρὰν
2369 4209 2603 4278 ἄληκτον
2658 4210 3041 4280 παρορμήσας,
3089 4207 3244 4278 ξένην
3295 4209 3427 4277 ἡμῖν
3466 4205 3592 4258 θέαν

2016 4298 2278 4364 ἐπέδειξε,
2307 4301 2406 4370 τὴν
2440 4300 2710 4372 ἡμετέραν
2745 4301 2920 4372 σάρκα
2958 4302 3049 4353 ἐπὶ
3084 4300 3271 4370 θρόνου
3312 4298 3592 4369 βασιλικοῦ

2017 4391 2354 4461 ἐπηρμένην.
2391 4393 2500 4444 Ποῦ
2542 4394 2680 4446 είσὶν
2710 4395 2758 4447 oi
2797 4395 2926 4466 περὶ
2963 4393 3032 4448 τά
3076 4393 3406 4463 ίπποδρόμια
3433 4393 3596 4460 ἀσχο·

2016 4480 2285 4552 λούμενοι,
2325 4485 2418 4538 καὶ
2466 4486 2695 4556 ἡνιόχων
2721 4485 3043 4554 ἀγαπῶντες
3083 4485 3350 4554 ὀξύτητα;
3408 4484 3593 4545 Δεῦτε,

2017 4573 2155 4626 ἴδετε
2189 4575 2488 4646 παράδοξον
2521 4577 2904 4648 ἱπποδρόμιον·
2937 4578 3029 4631 τὸν
3077 4579 3177 4648 τῆς
3217 4577 3449 4638 κτίσεως
3493 4577 3598 4641 Δη-

2021 4669 2279 4738 μιουργὸν
2326 4671 2383 4722 ἑν
2427 4670 2752 4743 ἀνθρωπίνῳ
2802 4672 3163 4743 ἐποχούμενον
3215 4670 3450 4740 ἅρματι,
3499 4669 3597 4719 οὐκ

2016 4760 2110 4812 ἐπὶ
2142 4761 2244 4831 γῆς
2276 4761 2524 4826 ἀτάκτως
2552 4763 2863 4833 ἐλαύνοντα,
2903 4765 3016 4818 ἀλλ’
3056 4763 3326 4834 αἰθερίους
3363 4761 3598 4831 δρόμους

344 4851 539 4896 eterra
568 4854 886 4900 concretum
919 4860 1085 4915 supra
1119 4846 1242 4902 cmli
1275 4861 1514 4902 convexa
1548 4843 1904 4899 transferens:

2020 4849 2402 4919 καινοπρεπῶς
2433 4851 2852 4919 ἀναστέλλοντα,
2897 4855 2989 4908 καὶ
3029 4855 3119 4907 τὸν
3167 4854 3415 4925 οὐράνιον
3454 4868 3597 4920 καμ-

345 4942 460 4988 ιιιιιι
511 4937 785 4992 universis
835 4937 1102 5007 angelicis
1149 4937 1366 4991 naturis
1411 4938 1736 4990 immensum
1784 4949 1916 5004 gau-

343 5027 493 5082 dium
525 5028 779 5092 alferens,
830 5044 1030 5083 novum
1085 5029 1289 5084 mundo
1338 5029 1606 5099 planeque
1676 5024 1914 5097 peregri-

349 5138 476 5176 num
515 5124 886 5193 spectaculum
949 5122 1188 5178 ostendit
1240 5141 1253 5180 :

2023 4939 2204 5010 πτῆρα
2242 4943 2680 5013 καταλαμϐάνειν
2730 4947 3101 5016 ἐπειγόμενον.
3137 4946 3230 4998 καὶ
3280 4942 3372 4996 τὸν
3419 4958 3601 5012 παρα-

2021 5026 2280 5097 τρέχοντα
2311 5033 2508 5105 Βελίαρ
2535 5036 2772 5099 δυνατῶς
2803 5036 3267 5107 καταστρέφοντα.

1321 5122 1572 5178 videlicet
1645 5136 1866 5176 carnem
1956 5133 2196 5178 nostram
2237 5141 2401 5196 supra
2459 5131 2663 5200 regium
2723 5133 2920 5188 solium
2967 5139 3232 5186 erectam.
3289 5127 3390 5182 Ubi
3439 5140 3591 5179 nunc

345 5226 500 5284 sunt,
532 5221 624 5290 qui
664 5219 1006 5276 circensibus
1046 5217 1208 5282 ludis,
1279 5232 1650 5289 equorumque
1721 5216 1974 5272 cursibus
2029 5219 2354 5288 capiuntur?
2413 5243 2550 5296 quos
2622 5229 2932 5298 aurigarum
3008 5228 3258 5282 celeritas
3312 5221 3590 5278 delectat?

346 5313 588 5385 Agedum
640 5312 864 5386 [venite,
910 5313 1264 5384 aurigamque
1337 5329 1430 5381 per
1468 5311 1730 5367 cmlorum
1789 5308 1964 5381 Spatia
2018 5308 2408 5372 admirabiliter
2457 5320 2788 5390 gradientem
2845 5320 3070 5386 cernite,
3139 5320 3342 5382 adeste,
3386 5327 3594 5385 qttatso,

421 5426 614 5483 ‘Joan.
643 5444 682 5495 ι,
703 5429 794 5484 29.
872 5433 892 5462 ²
919 5429 1110 5489 Matth,
1143 5445 1225 5490 ιιι,
1260 5428 1346 5479 l7.

424 5564 539 5638 σθ)
567 5568 696 5638 Cur.
728 5567 1084 5638 εὐφροσύνης.

420 5629 536 5709 (71)
567 5629 1053 5708 Ροιιτιιιιιὲἶοιςὶςςο
1075 5636 1285 5693 videtur
1312 5634 1377 5688 δι’
1401 5629 1478 5690 οὗ.

2115 5565 2225 5637 (γει
2257 5564 2414 5625 Deest
2444 5568 2576 5639 ἔχει.
