3948 6196
288 273 346 328 ιει
1169 270 1450 328 llOMlLtA
1486 272 1554 328 IV
1588 272 1655 328 IN
1745 273 2288 336 ASSUMPTIONEM
2327 284 2624 342 cumsrt.
3425 301 3534 359 ιεε

279 400 568 458 novumque,
624 385 700 461 et]
754 384 1082 458 stupendum
1145 388 1462 459 agitatorem
1521 399 1802 462 spectate;
1868 409 2062 466 nempe
2136 409 2403 457 creatura:
2481 404 2756 474 opificem,
2837 407 3075 468 humana
3127 425 3319 470 natura
3371 421 3526 488 quasi

273 483 488 538 VcillCUiO
523 493 769 540 utentem
797 502 811 539 :
839 485 930 555 qui
967 500 1077 539 non
1110 500 1336 542 currum
1369 489 1737 559 incomposite
1770 491 1826 545 in
1867 501 2012 548 terra
2049 505 2204 566 regat
2254 517 2268 553 :
2329 498 2425 554 sed
2483 503 2576 571 qui
2629 519 2772 560 novo
2817 522 2973 565 more
3039 513 3333 584 modoque,
3388 483 3528 570 enr-

264 592 361 630 s'nn
392 591 486 645 per
538 577 712 633 caelos
778 585 976 643 tentet,
1039 579 1436 652 ccclestemque
1480 591 1680 636 metam
1731 599 1896 655 quam
1938 589 2175 656 primum
2239 605 2514 662 occupare
2574 594 2820 667 festinet,
2877 613 2943 655 ac
3000 577 3528 672 praeterc'urrentem

260 669 408 722 Belial
440 677 694 738 potenter
723 672 970 726 excutiat
1035 684 1087 727 et
1119 682 1352 730 evertat.

327 767 455 820 Ἀλλ’
492 767 762 822 Ἰουδαίων
801 770 989 834 παῖδες
1027 773 1076 824 οἱ
1119 771 1380 842 βάσκανοι
1425 774 1526 843 τῆς
1570 774 1818 847 ἀληθείας

2005 775 2074 828 At
2100 790 2230 830 vero
2257 775 2428 832 Judaei
2463 779 2666 834 invidia
2692 780 2953 836 obcaecati
2979 785 3262 843 veritatem
3295 793 3524 849 audien-

256 861 585 927 ἀκούσαντες,
620 863 703 915 ὅτι
746 864 774 915 6
825 863 1061 932 Χριστὸς
1106 863 1381 936 ἀνελήφθη
1425 867 1506 927 είς
1538 867 1824 938 οὐρανοὺς,

255 954 562 1024 ἀμαυρῶσαι
625 954 940 1025 βουλόμενοι
999 954 1061 1008 τὸ
1127 957 1432 1027 παράδοξον
1485 958 1672 1030 θαῦμα
1733 959 1828 1013 τοῦ

264 1045 424 1098 Ἡλίου
476 1047 574 1116 τῆς
609 1046 978 1116 δικαιοσύνης,
1038 1047 1129 1100 τὸν
1190 1049 1376 1102 Ἦλίαν
1431 1052 1830 1122 παρεισάγουσι

253 1136 514 1205 λέγοντες·
568 1139 633 1191 Τί
687 1139 900 1209 μεγάλα
955 1139 1295 1211 κομπάζετε,
1353 1143 1694 1214 Χριστιανοὶ,
1745 1146 1828 1197 ὅτι

247 1230 505 1301 ἀνελήφθη
536 1232 565 1283 ὁ
588 1232 844 1301 Χριστὸς,
877 1232 952 1295 ὡς
979 1233 1198 1301 λέγετε;
1232 1233 1340 1286 Καὶ
1362 1235 1470 1306 γὰρ
1495 1233 1704 1300 Ἠλίας,
1738 1236 1830 1290 άν-

247 1323 446 1394 θρωπος
477 1321 572 1389 ὣν,
607 1323 708 1393 τῆς
740 1324 935 1394 ὁμοίας
969 1325 1127 1396 δόξης
1163 1325 1414 1392 ἀξιωθεὶς
1441 1327 1830 1399 ἀνελήφθηείς

243 1414 514 1485 οὐρανούς.
559 1414 701 1485 Πρὸς
757 1415 852 1479 οὓς
902 1416 1040 1487 μετά
1088 1416 1404 1489 παρρησίας
1459 1417 1826 1490 φθεγξόμεθω

243 1507 331 1561 Διά
359 1508 435 1568 τί,
469 1500 513 1558 ὧ
555 1507 815 1572 Ἰουδαῖοι,
838 1510 938 1572 τάς
961 1509 1176 1578 βίϐλους
1195 1509 1271 1572 ὡς
1290 1510 1482 1579 τυφλοὶ
1515 1511 1826 1579 σκυλεύετε,

242 1595 325 1648 καὶ
346 1595 414 1647 τὰ
442 1596 801 1666 γεγραμμένα
830 1598 886 1650 ὲν
921 1598 1114 1662 αὐταῖς
1142 1599 1284 1669 μετά
1311 1601 1597 1672 ἀκριϐείας
1623 1603 1682 1656 οὐ
1711 1604 1828 1674 βλέ-

239 1705 388 1753 πετε;
413 1689 524 1750 Διά,
543 1689 593 1740 τί
620 1688 1048 1756 ἀναγινώσκετε,
1075 1693 1170 1744 καί⁹
1195 1693 1296 1746 οὐκ
1319 1694 1710 1761 ἐπιγινώσκετε
1729 1714 1742 1761 ;
1760 1698 1826 1750 Τί

238 1781 332 1850 γάρ
367 1797 541 1851 φησιν
576 1783 608 1852 ἠ
641 1780 761 1834 θεία
791 1783 1019 1854 Γραφή;
1065 1785 1175 1837 Καὶ
1218 1785 1494 1858 ἀνελήφθη
1539 1788 1723 1852 Ἠλίας
1766 1792 1823 1842 ἐν

239 1872 544 1943 συσσεισμῷ
572 1876 649 1954 ὡς
683 1874 763 1937 είς
785 1874 876 1926 τὸν
900 1876 1131 1947 οὐρανόν
1151 1894 1164 1907 ·
1193 1879 1253 1930 τὸ
1279 1879 1357 1943 δὲ,
1386 1881 1466 1945 ὡς
1490 1883 1576 1946 εὶς
1603 1881 1709 1934 τὸν
1726 1885 1826 1936 οὐ·

237 1962 427 2031 ρανὸν,
464 1963 770 2035 ἀμφίϐολον
815 1965 928 2035 ἔχει
983 1967 1082 2037 τὴν
1119 1968 1346 2024 ἔννοιαν
1380 1971 1441 2024 τὸ
1467 1971 1544 2036 δὲ,
1585 1975 1673 2038 εἷς
1710 1973 1819 2028 τὸν

240 2055 512 2122 οίιρανόν,
540 2057 746 2127 τρανὴν
779 2057 1017 2112 δείκνυσι
1037 2058 1134 2129 τὴν
1165 2060 1442 2132 ἀλήθειαν.
1466 2064 1587 2117 Ὅτι
1618 2066 1674 2118 δὲ
1700 2064 1824 2118 οὔτε

1934 871 2016 920 tes
2062 866 2522 933 quemadmodum
2575 867 2826 924 Christus
2876 870 2931 924 in
2975 874 3144 929 caelos
3201 890 3523 950 assumptus

1932 957 2004 1016 sit
2030 959 2303 1028 stupendo
2334 958 2414 1012 illi
2463 960 2895 1032 admirandoque
2923 962 3065 1020 Solis
3086 965 3314 1034 justitiaa
3343 973 3522 1026 mira-

1932 1050 2057 1106 culo
2091 1051 2346 1106 tenebras
2380 1050 2662 1107 oﬂundere
2686 1055 2945 1119 nitentes,
2976 1055 3107 1112 Elia:
3143 1060 3300 1116 nobis
3330 1078 3521 1118 exem-

1932 1145 2082 1214 plum
2142 1145 2426 1222 objiciunt.
2485 1145 2628 1211 Quid
2690 1163 2818 1211 vos,
2875 1148 3161 1218 inquiunt,
3196 1153 3516 1222 Christiani,

1931 1237 2266 1306 gloriamini,
2308 1215 2452 1306 q'uod
2490 1238 2746 1295 Christus
2792 1252 3110 1312 assumptus
3143 1246 3260 1300 sit?
3297 1247 3430 1304 Nam
3465 1259 3521 1306 ct

1931 1332 2100 1397 Elias,
2137 1348 2262 1388 cum
2296 1335 2462 1389 homo
2498 1343 2667 1398 esset,
2698 1353 2884 1406 parem
2919 1351 3248 1397 consecutus
3280 1354 3366 1400 est
3395 1347 3516 1417 glo-

1928 1425 2092 1489 riam,
2121 1436 2176 1481 et
2208 1426 2326 1496 ipse
2354 1441 2572 1496 quoque
2628 1429 2682 1482 in
2731 1431 2930 1484 coelum
2975 1441 3228 1503 receptus
3254 1444 3356 1492 est.
3386 1437 3520 1504 Qui-

1928 1518 2032 1574 bus
2055 1533 2160 1572 nos
2182 1519 2454 1585 ejusmodi
2493 1519 2744 1576 oratione
2777 1523 3040 1578 audacter
3075 1526 3291 1580 obviam
3327 1528 3469 1584 imus
3497 1548 3512 1584 :

1927 1607 2060 1673 Cur,
2097 1612 2222 1666 caeci
2256 1610 2449 1674 Judaei,
2495 1627 2685 1669 sacros
2724 1614 2896 1672 libros
2944 1617 3286 1686 praedamini,
3313 1629 3367 1675 et
3397 1639 3521 1691 qua!

1927 1703 1980 1757 in
2020 1704 2127 1759 illis
2156 1712 2383 1758 exarata
2422 1713 2575 1768 sunt,
2607 1716 2866 1762 accurate
2899 1725 3008 1764 non
3047 1713 3384 1781 expenditis?
3407 1713 3519 1768 Cur

1926 1795 2107 1866 legitis
2151 1804 2205 1851 et
2257 1812 2368 1851 non
2419 1797 2757 1868 intelligitis?
2801 1801 3030 1870 Ecquid,
3073 1819 3284 1872 quaeso,
3333 1805 3516 1862 divina

1929 1886 2212 1958 Scriptura
2263 1890 2330 1944 de
2384 1890 2501 1945 Elia
2540 1892 2822 1961 prodidit?
2865 1893 3114 1964 nunquid
3169 1905 3514 1968 assumptum

1925 1997 2050 2037 esse
2083 1982 2134 2035 in
2167 1983 2368 2037 caelum
2403 1983 2426 2036 ?
2459 1999 2806 2054 nequaquam
2830 1985 3093 2054 ;prodidit
3123 1995 3338 2054 autem,
3392 2005 3513 2044 cum

1927 2072 2072 2126 aeris
2112 2071 2252 2126 facta
2285 2080 2430 2127 esset
2460 2073 2778 2134 commotio,
2811 2083 3153 2144 assumptum
3197 2091 3320 2131 esse
3355 2078 3512 2146 quasi

247 2145 434 2209 Ἠλίας,
463 2143 594 2197 οὗτε
623 2145 812 2217 ἕτερός
849 2165 932 2210 τις
967 2149 1134 2219 ἀνέϐη
1169 2153 1257 2216 εἰς
1294 2151 1402 2205 τὸν
1446 2154 1733 2237 ρὺρανὸν,
1768 2156 1817 2208 εἰ

1923 2164 1978 2218 in
2013 2164 2211 2218 caelum
2245 2166 2282 2215 ι.
2313 2165 2476 2233 Atqui
2505 2165 2672 2219 verba
2720 2165 2846 2229 ista,
2878 2166 3034 2234 quasi
3063 2167 3120 2219 in
3145 2167 3349 2231 malum,
3391 2182 3509 2221 am-

240 2237 299 2305 μὴ
336 2238 509 2308 μόνος
548 2239 576 2290 6
606 2239 670 2290 ὲκ
695 2238 789 2291 τοῦ
820 2241 1050 2310 ούρανοῦ
1087 2243 1335 2306 καταϐὰς
1358 2245 1386 2294 6
1415 2245 1706 2317 μονογενὴς
1724 2247 1817 2300 τοῦ

236 2328 348 2380 Θεοῦ
381 2328 542 2392 Υἱὸς,
587 2329 748 2393 αὐτὸς
793 2333 922 2401 περὶ
965 2333 1160 2386 ἑαυτοῦ
1204 2336 1412 2398 πάντας
1457 2337 1820 2410 πληροφορῶν

234 2416 376 2485 λέγει·
409 2420 632 2487 Οὐδεὶς
663 2422 1029 2490 ἀναϐέϐηκεν
1049 2428 1136 2492 εἰς
1159 2427 1264 2480 τὸν
1291 2429 1572 2496 οὐρανὸν,
1602 2433 1653 2482 ει
1674 2429 1756 2500 μὴ
1788 2434 1821 2484 ὁ

235 2511 293 2563 ἐκ
318 2513 422 2566 τοῦ
463 2515 730 2580 οὐρανοῦ
760 2517 1042 2582 καταϐὰς,
1081 2521 1114 2570 ό
1161 2519 1291 2585 Υἱὸς
1330 2520 1436 2574 τοῦ
1480 2521 1818 2589 ἀνθρώπου,

233 2606 262 2654 ὀ
284 2601 361 2655 ὠν
383 2606 464 2657 ἐν
490 2605 570 2670 τῷ
603 2607 837 2674 οὐρανῷ
856 2625 868 2636 ·
900 2611 927 2661 ὁ
968 2610 1174 2682 ποιμὴν
1199 2612 1228 2662 ὀ
1257 2612 1442 2676 καλὸς,
1477 2615 1504 2666 6
1529 2614 1598 2667 τὰ
1634 2615 1819 2685 ἐνενή-

233 2712 381 2751 κοντα
426 2699 592 2751 ἐννέα
638 2699 747 2752 τῶν
783 2701 1028 2769 ἀγγέλων
1078 2703 1331 2772 πρόϐατα
1371 2705 1688 2759 καταλιπὼν
1730 2707 1822 2760 ἐπὶ

234 2789 293 2841 τὰ
327 2791 566 2862 οὐράνια
592 2791 716 2862 ὄρη.
757 2793 850 2846 καὶ
880 2793 940 2846 τὸ
970 2795 1385 2866 πεπλανημένον
1425 2782 1699 2868 πρόϐατον
1726 2799 1820 2850 εὖ·

235 2883 430 2952 ρηκὼς,
467 2885 565 2937 καλ¹
597 2883 768 2955 ὤμοις
811 2885 1224 2958 φιλανθρωπίας
1257 2887 1563 2958 βαστάζων,
1607 2889 1700 2942 καὶ
1735 2890 1821 2952 ἐίς

234 2974 314 3028 τὸν
353 2976 616 3046 οὐράνιον
649 2978 846 3048 λιμένα
879 2977 1210 3047 ἀνενεγκὼν,
1251 2979 1330 3050 τῷ
1383 2980 1498 3050 ἰδίῳ
1535 2978 1575 3028 Γ
1574 2982 1820 3052 εννήτορι

231 3065 557 3140 δωροφορῶν
597 3070 923 3138 φθέγγεται·
961 3064 1158 3142 Εὗρον,
1201 3072 1405 3143 Πάτερ,
1441 3073 1502 3125 τὸ
1546 3072 1818 3143 πρόϐατον

230 3157 286 3210 τδ
333 3159 712 3231 πλανώμενον,
762 3163 899 3234 ὅπερ
936 3164 964 3216 6
1007 3161 1265 3216 ἀπατεὼν
1307 3163 1429 3234 ὄφις
1473 3163 1819 3234 δολοτρόποις

233 3259 600 3328 τεχνάσμασιν
642 3258 914 3329 ἠπάτησε,
967 3260 1062 3312 καὶ
1100 3259 1300 3323 κακίας
1351 3259 1502 3323 ὀδοὺς
1549 3259 1817 3324 ὑπέδειξε,

238 3346 379 3418 πηλῷ
409 3349 474 3401 δὲ
510 3348 613 3418 τῆς
640 3343 933 3411 πολυθεΐας
965 3347 1065 3420 τὴν
1095 3349 1444 3419 καθαρότητα
1468 3348 1563 3418 τῆς
1587 3347 1820 3417 θεογνω-

232 3435 340 3501 σίας
369 3443 390 3492 ὲ
401 3440 628 3511 μόλυνε.
1062 3443 1087 3455 ”

1923 2251 2140 2320 biguam
2200 2251 2660 2320 signiﬁcationem
2692 2255 3014 2322 continent;
3060 2256 3175 2311 hac
3215 2265 3420 2323 autem,
3453 2259 3512 2312 in

1922 2343 2130 2408 calum,
2164 2345 2452 2400 veritatem
2483 2345 2865 2414 planissimam
2892 2358 3189 2417 exponunt.
3224 2348 3379 2415 Quod
3409 2365 3508 2404 an-

1925 2447 2031 2492 tem
2060 2453 2236 2506 neque
2264 2437 2432 2502 Elias,
2457 2454 2637 2508 neque
2663 2440 2812 2494 ullus
2841 2441 2984 2496 alius
3009 2441 3063 2493 in
3095 2440 3281 2494 caelum
3317 2458 3514 2497 ascen-

1921 2529 2084 2594 derit,
2145 2530 2240 2585 sed
2291 2530 2340 2584 is
2396 2537 2632 2595 tantum,
2664 2531 2757 2600 qui
2813 2531 2880 2584 de
2931 2533 3071 2584 caelo
3122 2532 3504 2597 descenderat,

1923 2637 2115 2693 nempe
2148 2625 2464 2693 unigenitus
2508 2623 2603 2677 Dei
2632 2623 2805 2678 Filius
2830 2664 2843 2686 ,
2879 2623 2984 2676 hoc
3031 2623 3148 2692 ipse
3191 2623 3260 2678 de
3321 2625 3510 2694 seipso

1924 2711 2229 2780 perspicuis
2258 2713 2438 2766 verbis
2471 2721 2728 2765 testatum
2758 2711 2888 2764 facit
2916 2729 2928 2764 :
2965 2710 3158 2776 Nemo,
3195 2714 3289 2776 ait,
3319 2730 3508 2768 ascen-

1922 2802 2000 2854 dit
2037 2802 2089 2854 in
2129 2805 2339 2867 calum,
2367 2803 2472 2854 nisi
2497 2801 2585 2871 qui
2616 2801 2882 2855 descendit
2909 2801 2972 2856 de
3005 2803 3154 2867 creto,
3195 2803 3372 2858 Filius
3409 2805 3504 2859 ho-

1923 2892 2100 2953 minis,
2135 2892 2223 2960 qui
2252 2901 2330 2946 est
2360 2892 2414 2945 in
2445 2893 2572 2945 calo
2604 2894 2645 2944 ².
2677 2890 2946 2944 Nimirum
2973 2899 3161 2961 pastor
3189 2892 3278 2947 ille
3303 2894 3508 2964 bonus,

1922 2984 2016 3053 qui
2052 2985 2352 3053 nonaginta
2385 3001 2586 3039 novem
2610 2985 2808 3039 ovibus
2837 2969 2878 3052 ³,
2911 2985 3012 3039 hoc
3041 2991 3147 3049 est,
3177 2986 3411 3054 angelis,
3446 2987 3504 3040 in

1921 3072 2202 3129 montibus
2261 3073 2586 3129 coelestibus
2649 3074 2880 3139 relictis,
2930 3075 3304 3129 errabundam
3348 3091 3504 3130 ovem

1923 3164 2199 3234 quaesivit,
2251 3165 2638 3236 inventamque
2703 3175 2868 3237 atque
2914 3167 3162 3222 humeris
3210 3167 3506 3223 clementer

1925 3257 2258 3326 impositam,
2321 3259 2388 3313 ad
2442 3261 2718 3315 caelestem
2767 3268 2984 3330 portum
3037 3259 3283 3324 adduxit,
3333 3259 3506 3315 addu-

1923 3356 2069 3403 ctam
2101 3356 2284 3402 autem
2311 3349 2523 3404 cmlesti
2562 3350 2702 3404 Patri
2734 3350 2982 3405 muneris
3013 3350 3134 3404 loco
3163 3351 3386 3418 obtulit,
3421 3351 3505 3406 di-

1923 3455 2054 3494 cens
2083 3458 2096 3494 :
2129 3438 2314 3506 Pater,
2352 3440 2534 3495 inveni
2575 3441 2942 3496 errabundum
2975 3459 3152 3510 ovem,
3182 3460 3346 3514 quam
3385 3459 3507 3500 ser-

232 3546 350 3598 pens
384 3537 772 3604 impostorque
800 3535 1053 3590 diabolus
1085 3534 1280 3590 callide
1328 3535 1813 3605 fraudulenterque
1861 3535 2293 3592 circumventam
2353 3536 2406 3588 in
2463 3551 2707 3591 errorem
2762 3546 3123 3607 pertraxerat,
3174 3554 3503 3610 omnemque

235 3626 356 3680 riam
389 3626 767 3695 improbitatis
801 3628 1115 3693 edocuerat,
1146 3642 1210 3681 ac
1242 3627 1442 3681 divina:
1481 3628 1814 3698 cognitionis
1855 3626 2148 3697 puritatem
2199 3625 2526 3680 idololatriae
2557 3641 2711 3682 emno
2752 3627 2896 3683 finde
2946 3630 3432 3686 contaminaret-at.

288 3719 642 3789 Θεασάμενος
687 3716 781 3772 οὖν
832 3720 963 3772 αὐτὸ
1017 3719 1076 3772 ὲν
1129 3718 1206 3790 τῷ
1257 3719 1504 3790 βορϐόρῳ
1554 3721 1649 3773 τοῦ
1701 3720 1818 3790 βίου

1990 3717 2127 3772 Cum
2163 3718 2347 3787 itaque
2378 3718 2640 3786 improba
2670 3722 2793 3773 vita:
2835 3720 2953 3773 luto
2983 3735 3212 3789 prorsus
3251 3721 3506 3778 obrutam

225 3815 574 3882 πνιγόμενον,
642 3815 708 3883 τῇ
773 3813 872 3883 τῆς
931 3811 1184 3881 θεότητός
1249 3829 1350 3882 μου
1400 3811 1552 3883 δεξιᾷ
1605 3813 1816 3881 ταχέως

222 3903 550 3975 ἀνήρπασαο
606 3903 698 3956 καὶ
743 3906 857 3967 τοῖς
888 3904 997 3958 τῶν
1043 3902 1346 3974 οἰκτιρμῶν
1397 3903 1726 3973 σπλάγχνοις
1759 3905 1816 3955 ἐν

220 3995 326 4056 τοῖς
365 3993 468 4046 τοῦ
511 3993 781 4064 Ἰορδάνου
812 3992 1080 4063 ῥεύμασιν
1109 3991 1419 4057 ἀπέπλυνα,
1455 3993 1548 4044 καὶ
1580 3991 1815 4062 μυρίσας

218 4087 284 4155 τῇ
318 4085 526 4157 εὐωδίᾳ
570 4085 664 4138 τοῦ
691 4084 848 4153 ἁγίου
892 4103 996 4156 μου
1035 4085 1376 4156 Πνεύματος,
1412 4085 1500 4138 διὰ
1539 4084 1640 4154 τῆς
1680 4085 1814 4137 ἀνα-

218 4177 470 4240 στάσεως
522 4175 616 4230 νῦν
659 4177 1034 4250 παραγέγονα,
1082 4175 1230 4242 ἄξιον
1269 4177 1368 4246 τῆς
1411 4177 1513 4246 σῆς
1565 4175 1817 4244 θεότητος

218 4268 614 4340 προσ-κομίζων
650 4286 733 4322 σοι
765 4267 958 4333 ξένιον,
991 4268 1050 4322 τὸ
1074 4268 1291 4337 λογικὸν
1322 4268 1612 4339 πρόϐατον.
1647 4268 1817 4338 Σήμε-

215 4367 373 4434 ρον,ὁ
405 4364 653 4427 διάϐολος
689 4364 790 4435 τὴν
822 4363 1035 4417 οἰκείαν
1058 4356 1229 4434 ἧτταν
1265 4361 1535 4432 ὀδύρεται,
1577 4360 1717 4431 ὀρῶν
1756 4359 1817 4412 τὸ

216 4457 498 4528 ἡμέτερον
530 4456 690 4527 σῶμα
712 4459 791 4518 είς
817 4456 1076 4524 οὐρανοὺς
1102 4454 1437 4524 ἀναγόμενον
1457 4470 1470 4482 ·
1511 4455 1750 4523 σήμερον
1781 4453 1814 4522 ἡ

215 4548 471 4620 ἁμαρτία
506 4549 594 4601 διὰ
632 4549 731 4618 τῆς
771 4547 1089 4618 ἀναλήψεως
1116 4546 1210 4600 τοῦ
1241 4545 1479 4617 Χριστοῦ
1525 4545 1700 4616 Ἰησοῦ
1739 4545 1814 4608 ὡς

215 4642 432 4704 καπνὴ
467 4641 817 4695 διαλέλυται·
868 4643 1108 4712 σήμερον
1147 4643 1174 4694 6
1209 4640 1456 4702 διάϐολος
1497 4639 1685 4711 θρηνεί
1726 4638 1813 4690 λέ-

214 4748 350 4796 γων,
386 4733 456 4784 Τί
496 4733 732 4802 ποιήσω,
766 4733 796 4784 6
823 4731 1040 4794 ἄθλιοςς
1080 4731 1298 4795 Πάντας
1332 4730 1456 4793 τοὺς
1501 4729 1594 4782 ἀπ’
1620 4728 1813 4791 αἰῶνος

217 4836 286 4885 tu;
321 4823 488 4893 ἱέραξ
517 4823 787 4894 δξυπετὴς
818 4822 1070 4894 ἁρπάξας
1113 4825 1242 4895 παρ’
1302 4821 1460 4892 ἐμοῦ,
1507 4821 1714 4894 ἔρημόν
1745 4839 1812 4886 με

122 4977 128 4992 ,
213 4914 552 4984 κατέστησε,
609 4917 705 4968 καὶ
763 4914 1101 4986 πανταχόθεν
1151 4931 1218 4985 με
1263 4915 1683 4982 πτεροκοπήσας
1730 4913 1812 4975 εἰς

205 5006 311 5075 γῆν
351 5007 718 5078 κατέῤῥαξεν.
768 5007 1046 5077 Ἰιπάτησέ
1088 5024 1154 5076 με
1209 5008 1236 5059 6
1283 5006 1381 5075 τῆς
1429 5004 1643 5075 Μαρίας
1676 5003 1807 5066 υἱός.

1915 3809 2201 3873 vidissem,
2229 3809 2534 3864 divinitatis
2569 3826 2701 3865 mea:
2739 3810 2965 3865 dextera
2997 3820 3272 3881 porrecta,
3313 3814 3496 3870 celeri-

1917 3910 1998 3955 ter
2016 3917 2134 3955 cam
2151 3900 2324 3962 erexi,
2346 3901 3260 3971 commiserationuinquemearum
3285 3903 3500 3959 viscera

1915 3992 2022 4046 late
2055 3991 2390 4055 ditl‘undens,
2421 3993 2474 4045 in
2507 3991 2763 4046 Jordanis
2793 3993 3016 4048 ﬂumine
3041 3992 3189 4049 ablui
3217 4011 3231 4048 :
3258 3995 3501 4051 ablutam

1916 4084 2136 4138 tandem
2180 4084 2522 4137 suaveolenti
2555 4081 2790 4152 Spiritus
2838 4084 3016 4138 sancti
3059 4095 3348 4155 unguento
3380 4103 3501 4156 per-

1919 4176 2070 4230 unxi.
2108 4177 2171 4228 Et
2199 4191 2345 4230 nunc
2385 4192 2482 4246 per
2525 4179 2985 4232 resurrectionem
3019 4177 3086 4233 ad
3121 4186 3175 4233 te
3203 4179 3348 4243 veni,
3384 4195 3510 4235 nm-

1914 4269 2208 4324 nusculum
2239 4267 2530 4324 divinitate
2569 4278 2662 4323 tua
2692 4269 2834 4324 haud
2869 4269 3154 4338 indignum
3187 4270 3499 4336 oblaturus,

1915 4375 2071 4440 ovem
2101 4359 2355 4415 videlicet
2405 4368 2586 4416 mente
2621 4369 2675 4415 et
2729 4362 2944 4416 ratione
2989 4362 3295 4431 praeditam.
3331 4361 3501 4418 Hodie

1873 4495 1876 4498 -
1914 4455 2166 4511 diabolus
2190 4470 2390 4522 corpus
2423 4463 2675 4510 nostrum
2701 4454 2754 4508 in
2785 4455 2988 4509 caelum
3019 4456 3360 4510 sublevatum
3393 4470 3506 4510 cer-

1914 4561 2074 4610 nens,
2108 4544 2473 4598 calamitatem
2511 4559 2669 4599 suam
2703 4545 2990 4615 deplorat;
3027 4544 3188 4599 hodie
3218 4555 3501 4615 peccatum

1914 4647 2142 4707 propter
2171 4635 2359 4691 Jesum
2392 4645 2761 4706 assumptum,
2790 4636 2960 4691 veluti
2992 4635 3174 4690 fumus
3207 4636 3492 4706 disparet;

1915 4727 2077 4783 hodie
2097 4727 2348 4782 diabolus
2370 4727 2561 4796 lugens
2612 4727 2942 4796 ploraesque
2966 4725 3238 4793 ejusmodi
3265 4727 3498 4781 maniam

1913 4817 2063 4873 edit:
2099 4816 2241 4883 Quid
2278 4817 2502 4881 faciam,
2547 4816 2778 4872 infelix?
2810 4815 3036 4878 Omttes,
3066 4829 3207 4885 quos
3233 4829 3270 4868 a.
3295 4817 3496 4870 saaculo

1913 4910 2129 4965 vinctos
2159 4909 2492 4974 detinebam,
2523 4909 2676 4979 lapsu
2712 4907 3118 4973 incitatissimo,
3150 4908 3325 4963 instar
3352 4909 3498 4962 ποίη

1917 5001 2099 5072 pitris,
2133 5002 2416 5065 advolans,
2446 5001 2578 5056 mihi
2613 5000 2942 5070 intercepit;
2976 5014 3174 5069 meque
3193 4998 3495 5066 desertum,

208 5100 325 5152 υὺκ
358 5099 529 5169 ᾔδειν,
555 5102 640 5153 ὅτι
667 5100 797 5162 Θεὸς
815 5102 871 5152 ὲν
897 5100 1223 5170 ἀνθρωπίνῳ
1249 5097 1549 5168 κρύπτεται
1575 5094 1803 5165 σώματι..

1920 5091 2170 5161 omnique
2216 5107 2284 5148 ex
2323 5099 2476 5162 parte
2507 5091 2608 5147 alis
2645 5099 2866 5146 exulum
2900 5091 2956 5144 in
2989 5097 3192 5144 terram
3233 5086 3496 5144 deturba-

207 5191 494 5244 Ἐϐλεπον
523 5192 686 5246 αὐτὸν
715 5191 872 5261 σῶμα
908 5190 1246 5262 ἀνθρώπινον
1272 5190 1676 5260 περικείμενον,
1715 5188 1809 5240 καὶ

209 5274 508 5350 ἇνῆρωπον
555 5281 719 5334 αὐτὸν
783 5281 1009 5351 νομίσας
1059 5279 1238 5350 ψιλὸν,
1288 5280 1406 5332 κατ’
1465 5278 1630 5331 αὑτοῦ
1681 5277 1807 5337 τοὺς

213 5371 521 5435 Ἰουδαίους
544 5373 803 5442 ἐκίνησα·
829 5372 922 5425 καὶ
957 5372 1099 5442 ἆπερ
1133 5371 1200 5423 δι’
1242 5369 1437 5424 ἑαυτοῦ
1465 5370 1540 5440 μὴ
1563 5368 1804 5438 ἐτόλμων

207 5459 644 5530 διαπράξασθαι,
681 5461 854 5515 ταῦτα
894 5461 982 5514 διὰ
1022 5460 1294 5514 Ἰουδαίων
1338 5461 1636 5534 ὲνήργησα.
1681 5460 1804 5514 Μυ-

277 5613 296 5646 ¹
319 5610 406 5670 ιν
437 5610 564 5686 Reg.
598 5630 661 5682 ιι,
703 5615 785 5670 tt.
865 5613 1060 5671 'Joan.
1088 5631 1172 5684 ut,
1207 5615 1291 5670 l3.

1371 5612 1548 5667 ’Luc.
1589 5628 1677 5679 xv,
1714 5616 1745 5668 4
1780 5630 1901 5685 sqq.

1916 5184 2012 5238 vit.
2067 5184 2286 5255 Deccpit
2328 5201 2414 5240 me
2448 5183 2632 5238 Maria:
2677 5183 2843 5239 tilias.
2877 5181 3200 5252 ignorabam
3239 5179 3498 5250 equidem

1914 5277 2082 5333 Deum
2117 5278 2170 5332 in
2223 5277 2464 5332 humano
2497 5281 2728 5346 corpore
2776 5275 3022 5330 abditum
3060 5273 3252 5328 latere.
3288 5272 3498 5328 Cerne-

1914 5369 2036 5423 bam
2068 5367 2222 5422 illum
2268 5368 2487 5422 mortali
2513 5381 2746 5437 corpore
2776 5365 3028 5421 indutum
3055 5382 3072 5433 ;
3107 5370 3366 5434 ratusque
3393 5361 3496 5417 ho-

1913 5460 2116 5517 minem
2157 5465 2373 5515 tantum
2416 5473 2540 5517 esse
2595 5466 2651 5514 et
2697 5457 2847 5514 aliud
2894 5457 3054 5528 nihil,
3084 5455 3306 5513 ludant
3338 5453 3494 5528 ﬂgi-
