3948 6196
459 282 561 341 ιεδ

1745 262 1952 321 unum
1988 263 2131 325 AUT
2169 232 2442 329 suum.

3564 272 3655 330 484

460 402 601 458 tiose
620 402 890 462 adversus
919 401 1068 456 illum
1091 395 1396 465 concitavi;
1419 404 1474 454 et
1489 412 1611 469 qua:
1628 412 1725 469 per
1767 398 2035 469 meipsum

2163 396 2266 461 >ίας
2318 395 2685 466 συκοφαντίας
2734 393 2998 466 ἐφεῦρονο
3051 392 3159 446 πᾶν
3201 384 3335 455 εἶδος
3381 390 3555 464 ὕϐρεως
3589 398 3656 463 ας

462 502 677 549 tentare
705 509 814 548 non
863 488 1154 553 audebam,
1186 502 1251 542 ea
1292 502 1390 557 per
1435 486 1558 544 illos
1589 486 1801 543 confeci
1834 506 1850 543 :
1881 488 2043 542 innu-

461 598 648 639 meras
704 579 1011 637 calumnias
1056 587 1112 633 et
1140 579 1530 650 schphantias
1578 579 1853 642 adinveni,
1881 592 2045 633 omne

468 672 933 728 contumeliarum
967 684 1141 740 genus
1164 678 1356 723 contra
1390 668 1539 723 illum
1566 668 1897 740 excogitavi;
1924 682 2047 722 ace-

464 777 577 817 tum
610 778 706 835 per
735 760 1059 817 arundinem
1106 768 1161 817 et
1181 760 1467 831 spongiam
1497 760 1573 814 illi
1604 760 1906 831 propiuavi,
1934 759 2045 829 spi-

464 855 548 908 nis
584 861 750 923 c‘aput
778 852 928 908 illius
971 852 1276 917 coronavi;
1316 850 1489 921 alapis
1520 852 1771 907 eumdem
1806 852 2049 906 dehone-

464 943 627 1007 smvi,
662 944 835 999 clavis
864 944 1019 998 cruci
1060 942 1233 1009 affixi;
1267 942 1431 996 morti
1463 941 1697 1012 denique
1720 941 1953 1012 subjeci,
1993 947 2049 995 et

466 1043 731 1104 tanquam
763 1036 992 1089 victoria
1024 1035 1252 1106 potitus,
1297 1049 1405 1088 una
1438 1050 1561 1089 cum
1607 1032 1810 1089 Judaeis
1851 1034 2047 1088 festum

466 1126 612 1179 diem
645 1126 871 1197 agebam
903 1145 916 1180 :
941 1134 996 1178 at
1020 1140 1149 1179 vero
1178 1124 1368 1179 videns
1394 1124 1544 1179 illum
1572 1126 1730 1179 tertia
1753 1123 1861 1188 die,
1890 1131 2053 1194 prout

472 1218 826 1286 przedixerat,
863 1234 893 1271 a
932 1219 1165 1273 mortuis
1190 1218 1581 1284 resurrexisse,
1613 1227 1856 1288 repente.
1889 1217 2051 1273 veluti

468 1320 627 1364 acuta
662 1309 889 1380 cuspide
922 1310 1163 1380 undique
1192 1310 1472 1379 trajectus,
1501 1311 1554 1364 in
1586 1319 1787 1365 terram
1813 1311 2049 1377 concidi,

470 1419 668 1459 rursus
701 1418 855 1473 aeque
917 1418 1040 1458 eum
1088 1410 1255 1473 atque
1304 1411 1432 1457 ante
1471 1405 1756 1459 comedere
1789 1413 1843 1459 et
1870 1404 2057 1459 bibere

469 1513 724 1563 cernens,
759 1496 920 1550 aliam
947 1495 1129 1551 denuo
1162 1512 1386 1552 crucem
1418 1496 1497 1550 illi
1542 1496 1906 1551 destinabant.
1938 1496 2058 1551 C33-

470 1602 647 1647 terum
675 1594 804 1647 dum
840 1593 957 1647 haec
985 1592 1249 1648 adversus
1280 1593 1431 1648 illum
1459 1590 1870 1655 comminiscor,
1899 1590 2057 1645 video

471 1684 622 1737 illmn
678 1699 790 1738 non
832 1684 1041 1754 absque
1091 1684 1301 1754 ingenti
1346 1682 1519 1753 gloria
1565 1689 1621 1736 et
1683 1682 1967 1752 majestate
2001 1681 2055 1735 in

2144 488 2307 542 αὐτὸν
2363 487 2664 558 ἐπενόησα’
2722 485 2953 555 καλάμῳ
2988 483 3081 536 καὶ
3123 482 3341 553 σπόγγῳ
3388 483 3527 536 αὑτὸν
3556 486 3652 540 ἐπό-

2143 596 2302 633 τισαο
2348 579 2611 643 ἀκάνθαις
2659 579 2759 649 τὴν
2812 576 3058 648 κεφαλὴν
3117 574 3278 628 αὐτοῦ
3333 577 3647 645 ἐστεφάνωσα-

2149 670 2486 741 ραπίσμασιν
2511 669 2675 723 αὐτὸν
2724 668 3002 738 ἠτίμωσα,
3045 664 3263 737 σταυρῷ
3286 664 3369 717 διὰ
3384 665 3516 735 ἥλων
3538 684 3657 738 προσο

2151 762 2336 833 ἡλωσα
2358 779 2373 792 ·
2407 762 2623 831 θανάτῳ
2660 759 2813 823 τέλος
2846 754 3153 821 ὑποϐαλὼν,
3184 755 3259 820 ὡς
3290 756 3518 826 νικήσας,
3558 759 3658 826 μετὰ

2161 852 2428 908 Ἰουδαίων
2478 850 2757 924 ἐόρταζον.
2810 850 3159 919 Θεασάμενος
3210 846 3264 899 δὲ
3314 846 3461 899 αὑτὸν
3506 848 3571 899 ὅτι
3614 851 3663 919 τῇ

2148 947 2309 1018 τρίτῃ
2345 946 2531 1017 ἡμέρᾳ
2559 945 2892 1015 ἐγήγερται,
2927 940 3112 1004 καθὼς
3153 942 3426 1010 προεῖπον,
3463 938 3528 1002 ὼς
3550 939 3666 1009 ξίφος

2151 1039 2292 1093 κατὰ
2311 1037 2540 1110 καρδίας
2558 1036 2625 1089 ἀθ
2636 1036 2771 1107 ρόως
2792 1033 3088 1104 δεξάμενος
3110 1030 3427 1085 κατέπεσον
3452 1030 3672 1101 θεασάμε-

2152 1150 2241 1196 νος
2263 1131 2319 1185 δὲ
2349 1130 2511 1184 αὐτὸν
2543 1130 2624 1181 ὅτι.
2657 1125 2826 1180 ἐσθίει
2855 1125 2950 1178 καὶ
2977 1123 3146 1188 πίνει,
3176 1122 3337 1175 πάλιν
3360 1122 3528 1194 ἕτερον
3544 1138 3672 1174 σταυ-

2157 1225 2250 1297 ρὸν
2309 1219 2731 1283 κατεσκεύαζον.
2793 1217 2933 1270 Ἀλλ’
2994 1217 3071 1280 ὡς
3131 1215 3303 1269 ταῦτα
3359 1214 3674 1283 ἐνεθυμούμην

2156 1314 2292 1386 πρὸς
2350 1311 2558 1375 ἐαυτὸν,
2606 1308 2716 1382 ὁρῶ
2762 1307 2924 1360 αὑτὸν
2983 1304 3123 1377 μετὰ
3172 1304 3328 1374 δόξης
3383 1305 3455 1367 εἰς
3494 1303 3674 1373 οὐρανὸν

2156 1403 2539 1473 ἀνερχόμενον,
2569 1398 2691 1452 ὅθεν
2729 1394 2840 1465 ἐγὼ
2871 1396 2988 1465 μετ’
3035 1394 3298 1464 αἰσχύνης
3339 1391 3581 1457 ἐξέπεσον.
3605 1391 3674 1443 Διὸ

2157 1497 2252 1551 καὶ
2281 1492 2588 1564 Ψαλμῳδδς
2618 1494 2683 1544 ἐκ
2718 1487 2929 1542 πολλῶν
2974 1487 3085 1540 τῶν
3114 1486 3322 1558 χρόνων
3355 1484 3475 1537 ἐϐόα
3511 1483 3671 1551 λέγων’

2157 1585 2364 1642 Πάντα
2402 1584 2472 1636 τὰ
2514 1582 2684 1648 ἔθνη,
2734 1566 3073 1648 κροτήσατὲ
3117 1575 3352 1645 χεῖρας·
3395 1573 3673 1637 ἀλαλάξατε

2159 1678 2240 1745 τῷ
2278 1676 2399 1742 Θεῷ
2436 1677 2507 1728 ἐν
2542 1672 2713 1745 φωνῇ
2752 1669 3199 1743 ἀγαλλιάσεως,
3235 1669 3321 1721 ὅτι
3360 1667 3549 1734 Κύριος
3572 1666 3671 1732 ὕψει

469 1777 690 1842 cmlum,
725 1777 870 1832 unde
904 1792 1005 1847 ego
1052 1791 1175 1831 cum
1214 1790 1415 1846 magno
1447 1774 1649 1844 probro
1704 1784 1757 1827 et
1786 1773 2054 1828 dedecore

2163 1787 2323 1836 στος,
2368 1765 2673 1833 ,ϐασιλεὺς
2712 1762 2986 1833 φοϐερὸς,
3021 1760 3214 1831 μέγας
3243 1759 3340 1813 ἐπὶ
3380 1756 3556 1812 πᾶσαν
3585 1756 3669 1847 τὴν

469 1866 805 1932 excideram,
863 1869 1173 1922 subvolare.
1220 1865 1339 1933 Quo
1382 1865 1666 1936 psalmista
1718 1864 1887 1919 David
1932 1879 2054 1934 spe-

477 1962 637 2029 ctans
670 1957 996 2028 jamdudum
1021 1959 1095 2012 ita
1127 1958 1440 2013 clamabat:
1474 1956 1668 2013 Omnes
1691 1965 1887 2027 gentes,
1910 1955 2060 2025 plau-

476 2046 585 2100 dite
619 2048 865 2103 manibus
903 2050 942 2102 ί.
975 2048 1262 2103 Exsultate
1283 2048 1394 2103 Deo
1437 2049 1492 2102 in
1516 2064 1635 2102 voce
1649 2046 2055 2112 exsultatiouis,

470 2141 721 2206 quoniam
751 2140 893 2195 Deus
922 2142 1183 2205 excelsus,
1216 2140 1469 2196 terribilis
1497 2148 1545 2195 et
1601 2155 1694 2193 rea:
1722 2156 1945 2210 magnus
1968 2154 2059 2192 su-

471 2245 562 2299 per
597 2250 802 2289 omnem
835 2243 1049 2288 terram.
1087 2232 1152 2289 Et
1198 2232 1390 2304 paucis
1426 2231 1730 2300 interjectis
1762 2249 1775 2285 :
1811 2229 2058 2285 Ascendit

2158 1862 2309 1933 γῆν·
2368 1860 2461 1913 καὶ
2508 1855 2701 1910 πάλιν·
2771 1854 2971 1921 Ἀνέϐη
3015 1856 3049 1907 ό
3096 1853 3245 1918 Θεὸς
3292 1851 3361 1904 ἐν
3399 1846 3660 1916 ἀλαλαγμῷ.

2163 1955 2379 2021 Κύριος
2425 1950 2494 2003 ἐν
2542 1945 2713 2019 φωνῇ
2759 1945 3119 2015 σάλπιγγος.
3166 1943 3318 1997 Θέλω
3361 1942 3506 1996 αὑτὸν
3546 1956 3666 1991 κατι·

2164 2040 2524 2112 διῶξαι,’καὶ
2581 2041 2658 2104 ὡς
2708 2038 2959 2110 μόλιϐδος
3011 2037 3167 2091 κάτω
3239 2036 3491 2107 φέρομαι·
3541 2030 3677 2101 βούλο-

2169 2155 2265 2208 μαι
2324 2132 2487 2189 αὑτὸν
2550 2130 2860 2204 κρατῆσαι,
2929 2126 3022 2180 καὶ
3094 2127 3344 2197 ἀοράτως
3391 2119 3679 2192 ἐξαγκωνίξο-

2170 2245 2288 2300 μαι.

472 2323 616 2380 Deus
649 2326 703 2403 in
732 2325 947 2395 jubilo:
981 2324 1239 2379 Dominus
1272 2324 1324 2377 in
1362 2340 1482 2378 voce
1511 2310 1651 2377 tuba}
1673 2324 1715 2375 ’.
1768 2321 1906 2377 Volo
1946 2337 2088 2393 pone
2128 2320 2282 2375 illum
2351 2318 2603 2389 insequi;
2665 2326 2720 2373 et
2775 2330 2903 2371 ecce
2954 2314 3122 2369 veluti
3171 2314 3439 2386 plumbum
3482 2312 3682 2366 deorsum

472 2414 753 2471 detrabor.
790 2416 928 2470 Volo
959 2415 1111 2469 illum
1142 2415 1412 2475 detinere,
1446 2422 1501 2468 et
1532 2429 1661 2469 ecce
1700 2414 1775 2477 vi,
1801 2430 1926 2483 quae
1954 2414 2058 2468 sub
2090 2424 2368 2483 aspectum
2396 2428 2505 2465 non
2547 2411 2715 2477 cadit,
2751 2408 3077 2481 prtepcdior.

548 2507 687 2573 Quid
725 2506 919 2561 faciam
953 2505 1154 2560 miser?
1185 2503 1261 2557 Ex
1293 2503 1443 2563 omni
1476 2504 1598 2558 loco
1626 2512 1681 2558 et
1719 2505 1944 2574 regione
1974 2519 2061 2558 me

475 2600 667 2670 abigit.
718 2598 761 2652 E
807 2599 946 2653 coelo
981 2605 1246 2667 tanquam
1291 2596 1527 2666 lapidem
1573 2596 1829 2667 exiguum
1893 2594 2060 2650 funda

476 2700 718 2747 rotatum
765 2704 891 2744 cum
942 2689 1148 2759 impetu
1196 2686 1397 2757 dejecit
1438 2686 1494 2741 in
1534 2694 1760 2741 terram.
1809 2685 1888 2741 Eo
1930 2702 2060 2743 vero

474 2787 725 2856 dejectus
781 2786 837 2839 in
893 2784 1055 2853 aquis
1108 2783 1391 2838 occultare
1431 2796 1519 2837 me
1555 2781 1737 2848 volui;
1781 2788 1837 2834 at
1870 2780 1963 2835 ille
2002 2781 2059 2834 in

475 2876 738 2936 Iordanis
792 2876 1020 2931 flumine
1096 2875 1381 2931 inventum
1451 2872 2057 2943 comprehensumque,

480 2978 749 3041 tanquam
794 2974 995 3022 tetrum
1042 2965 1364 3027 draconem,
1402 2962 1646 3033 indignis
1676 2963 1851 3018 modis
1880 2963 2064 3033 ﬂagris

2236 2505 2301 2557 Ti
2347 2505 2558 2575 ποιήσω
2601 2504 2630 2555 ὁ
2672 2503 2875 2567 τάλας;
2921 2501 3277 2573 Πανταχόθεν
3307 2518 3369 2572 με
3405 2498 3689 2571 περιήλασεν.

2177 2598 2268 2662 Ἐξ
2292 2596 2536 2669 οὐρανῶν
2569 2613 2636 2668 με
2661 2595 2738 2659 ὼς
2765 2594 2912 2649 λίθον
2945 2594 3296 2667 βραχύτατον
3326 2597 3401 2658 είς
3429 2595 3523 2664 γῆν
3547 2595 3695 2661 ἐσφεν-

2164 2690 2353 2760 δόνησε
2392 2689 2560 2743 κάτω.
2593 2687 2783 2742 Πεσὼν
2808 2687 2865 2740 δὲ
2893 2689 2951 2741 ἐν
2981 2691 3046 2758 τῇ
3076 2690 3181 2758 γῇ,
3212 2689 3268 2740 ἐν
3296 2689 3401 2751 τοῖς
3430 2686 3563 2740 ὕδασι
3590 2699 3695 2755 κρυ-

2166 2780 2324 2851 ϐῆναι
2350 2779 2624 2851 ἠθέλησα·
2662 2779 2757 2833 καὶ
2783 2777 2962 2852 εὑρών
3000 2796 3067 2849 με
3097 2782 3166 2832 ὲν
3194 2782 3305 2842 τοῖς
3345 2778 3431 2832 τοῦ
3481 2777 3695 2848 Ἰορδάνου

2169 2866 2406 2944 ῥείθροις
2439 2872 2832 2944 κρυπτόμενον,
2866 2870 2943 2935 ὼς
2976 2871 3277 2943 δράκοντα,
3318 2873 3569 2943 κρατήσας
3594 2868 3698 2940 ἐμά-

2174 2964 2340 3030 στιξε.
2374 2964 2525 3017 Θέλω
2558 2966 2663 3018 κᾶν
2695 2964 2794 3035 τῆς
2838 2963 2941 3035 γῆς
2968 2964 3269 3035 κρατῆσαι,
3305 2965 3394 3018 καὶ
3437 2963 3610 3025 πὼιτες
3640 2959 3697 3022 ὡς

476 3062 745 3118 concidit.
787 3058 994 3113 Studeo
1019 3072 1239 3112 rursum
1272 3056 1358 3110 vel
1390 3056 1446 3108 in
1481 3055 1644 3110 terris
1665 3055 1922 3127 angulum
1953 3056 2056 3109 ali-

2164 3056 2488 3126 δεσποτικῆς
2549 3055 2721 3127 νομῆς
2766 3054 3029 3122 φύλακες,
3071 3055 3181 3126 τὴν
3228 3058 3346 3111 κατ’
3392 3053 3516 3127 ἐμοῦ
3555 3051 3699 3123 φωνὴν

476 3168 640 3226 quem
673 3149 954 3215 obtinere,
974 3155 1029 3203 et
1065 3162 1260 3202 omnes
1294 3161 1422 3201 mox
1452 3146 1621 3201 veluti
1653 3146 1922 3202 Dominici
1958 3158 2055 3218 pa-

2167 3150 2358 3221 βοῶσι·
2396 3150 2507 3204 Τοῦ
2526 3150 2747 3218 Κυρίου
2768 3152 2806 3218 ἡ
2826 3149 2902 3220 γῆ
2938 3150 3035 3204 καὶ
3056 3152 3119 3204 τὸ
3158 3152 3444 3222 πλήρωμα
3463 3146 3693 3218 αἱντῆς.ή

479 3240 600 3297 scui
640 3238 933 3304 custodes,
971 3237 1204 3293 sublatis
1248 3235 1479 3291 vocibus
1521 3249 1715 3290 contra
1756 3253 1844 3291 me
1879 3237 2059 3292 insur-

2163 3240 2484 3312 οἰκουμένη
2524 3242 2622 3296 καὶ
2671 3243 2897 3308 πάντες
2938 3246 2992 3297 οἱ
3037 3244 3530 3310 κατοικοῦντεςὺ·
3561 3237 3698 3306 αὐτῇ.
3754 3290 3767 3297 -

477 3338 614 3401 gunt
652 3332 932 3400 altumque
991 3328 1407 3384 vociferantur:
1440 3328 1659 3384 Domini
1699 3340 1776 3384 est
1834 3340 1976 3385 terra
2008 3340 2058 3386 et

2170 3336 2407 3402 Ἕδειξεν
2424 3335 2452 3386 ὀ
2477 3336 2717 3407 σεισμὸς,
2736 3337 2817 3389 ὅτι
2837 3335 2931 3388 τοῦ
2960 3336 3171 3407 Κυρίου
3202 3340 3235 3409 ἡ
3257 3337 3349 3407 γῆ.
3381 3337 3444 3389 Ἦ
3465 3334 3560 3406 γὰρ
3583 3333 3639 3403 γῆ
3655 3329 3699 3382 τὸ

476 3423 746 3492 plenitudo
779 3424 918 3493 ejus,
961 3422 1103 3479 orbis
1138 3432 1403 3476 terrarum
1432 3433 1481 3477 et
1517 3424 1765 3483 universi,
1787 3425 1877 3494 qui
1911 3425 2059 3479 habi-

2163 3424 2257 3479 τοῦ
2281 3426 2485 3497 Κυρίου
2517 3425 2686 3497 ὄνομα
2735 3426 2808 3497 μὴ
2867 3424 3111 3497 φέρουσα
3160 3429 3513 3500 ἀκαρτερήτερ
3549 3424 3698 3495 τρόμῳ

479 3524 595 3569 tant
626 3515 681 3569 in
717 3532 776 3569 eo
799 3515 841 3569 ⁸.
875 3514 1016 3569 Sane
1037 3523 1236 3568 terram
1270 3514 1486 3569 Domini
1527 3531 1669 3578 esse,
1708 3517 1931 3587 grandis
1974 3518 2059 3572 ille

2163 3518 2479 3589 ἐϐράσσετο,
2510 3517 2598 3571 διὰ
2617 3518 2714 3589 τὴν
2729 3517 2951 3584 ἀταξίαν
2969 3518 3076 3572 τῶν
3093 3520 3267 3591 αὐτῆς
3283 3522 3476 3575 τέκνων
3493 3514 3701 3591 μαστιζο-

478 3613 643 3662 terrte
672 3615 858 3664 motus
878 3606 1141 3662 ostendit.
1173 3604 1344 3662 Terra
1373 3609 1576 3663 etenim
1619 3608 1710 3663 Dei
1743 3618 1796 3664 et
1839 3609 2059 3663 Domini

2167 3610 2328 3682 μένη,
2349 3610 2599 3684 καθάπερ
2618 3611 2792 3682 στόμα
2815 3610 2953 3664 κατὰ
2974 3610 3082 3664 τῶν
3101 3615 3383 3685 στοιχείων
3396 3612 3621 3676 ἂνοίξασα
3637 3609 3702 3677 ῥή-

478 3699 564 3754 sui
587 3706 945 3769 conspectum
973 3697 1164 3758 verita.
1196 3712 1411 3753 necnon
1448 3699 1519 3754 ob
1547 3699 1781 3754 filiorum
1835 3716 2059 3757 suorum

2163 3704 2471 3779 γματα,τῆς
2482 3701 2865 3774 κρυπτομένης
2902 3701 3094 3772 ὀδύνης
3119 3702 3253 3757 ἐϐόα
3279 3706 3338 3759 τὸ
3378 3703 3583 3776 μέγεθος
3600 3715 3612 3729 ⁸
3634 3695 3706 3752 καὶ

478 3792 891 3865 perversitatem
924 3791 1237 3847 immaniter
1257 3806 1419 3857 caesa,
1441 3790 1664 3847 Christo
1697 3794 1956 3864 patiente,
1980 3793 2065 3848 in-

478 3885 627 3957 genti
664 3892 902 3938 tremere
929 3898 1198 3939 concussa
1226 3891 1343 3951 est;
1385 3882 1575 3938 eadem
1625 3900 1845 3941 rursum
1882 3886 2064 3942 hiatus

479 3977 887 4046 scissurasque,
922 3977 1090 4033 veluti
1113 3992 1176 4032 os
1212 3976 1478 4032 adversus
1499 3977 1769 4033 elementa
1792 3979 2062 4050 aperiens,

482 4066 688 4122 occulti
727 4067 939 4123 doloris
989 4068 1443 4139 magnitudinem,
1482 4084 1593 4124 non
1625 4070 1743 4126 sine
1777 4072 1927 4142 gravi
1972 4088 2067 4126 ru-

478 4159 616 4230 gitu,
656 4165 961 4216 contestata
1010 4168 1116 4224 est,
1160 4168 1326 4230 atque
1369 4168 1428 4213 ut
1474 4164 1862 4231 peccatoribus
1914 4164 2069 4233 igno-

478 4259 755 4316 sceretur,
802 4252 951 4305 velut
998 4257 1173 4304 mater
1217 4266 1317 4320 pro
1364 4250 1491 4304 filiis
1533 4254 1880 4321 supplicavit.
1933 4254 2066 4320 Quis

481 4344 719 4413 loquitur
763 4343 1032 4409 potentias
1088 4341 1360 4397 Domini?
1415 4342 1631 4395 auditas
1681 4344 1841 4411 faciet
1884 4362 2064 4409 omnes

2166 3792 2454 3862 φείσασθαι
2485 3792 3030 3872 τῶνήμαρτηκιότων,
3061 3794 3137 3855 ὡς
3165 3797 3351 3867 μήτηρ
3379 3794 3509 3865 ὑπὲρ
3523 3792 3707 3847 τέκνων,

2170 3885 2396 3938 ἱκέτευε.
2429 3885 2527 3951 Τίς
2550 3885 2810 3954 λαλήσει
2839 3885 2945 3951 τὰς
2971 3885 3345 3955 δυναστείας
3368 3887 3470 3941 τοῦ
3497 3882 3711 3952 Kvplov:

2165 3978 2471 4044 ἀκουστὴς
2495 3976 2734 4044 ποιήσει
2760 3976 2964 4043 πάσας
2996 3979 3104 4045 τὰς
3122 3977 3598 4047 αὶνέσειςαὺτοῦ;
3624 3970 3709 4028 Τοῦ

2167 4069 2218 4121 Κ
2224 4086 2293 4137 rp
2308 4070 2390 4121 ὀυ
2411 4069 2447 4135 ἡ
2464 4066 2536 4137 γῆ
2559 4067 2654 4120 καὶ
2675 4067 2742 4121 τὸ
2763 4067 3052 4136 πλήρωμα
3073 4069 3293 4138 αὐτῆς.
3312 4071 3421 4142 Τὴν
3446 4069 3546 4139 γὰρ
3569 4065 3710 4135 σάρκα

2165 4159 2265 4229 τὴν
2287 4161 2349 4212 ἐκ
2374 4162 2476 4230 γῆς
2510 4158 2839 4213 πλασθείσαν
2858 4159 3066 4230 ἥνωσεν
3101 4163 3158 4214 ἐν
3173 4163 3329 4234 αὐτῷ
3348 4166 3375 4217 ό
3398 4161 3624 4235 Χριστὴ,
3639 4155 3709 4209 καὶ

2167 4249 2421 4302 ἐκάθισεν
2452 4252 2508 4303 ἐν
2541 4252 2809 4323 οὐρανοῖς.
2861 4253 3119 4324 Ἔρχεται
3160 4253 3189 4305 ὁ
3227 4252 3471 4318 διάϐολος
3500 4251 3576 4306 διὰ
3603 4263 3708 4318 πορ-

2168 4340 2319 4403 νείας
2348 4340 2595 4410 μολύνειν
2627 4342 2969 4414 βουλόμενος.
3017 4344 3155 4397 Ἀλλ’
3180 4345 3261 4409 ὡς
3286 4347 3457 4417 φύλαξ
3478 4347 3707 4415 ἄγρυπνον

481 4437 663 4491 laudes
743 4436 857 4505 ejus
898 4435 980 4488 ‘2
1037 4434 1254 4489 Domini
1316 4444 1393 4489 est
1467 4444 1610 4488 terra
1677 4447 1726 4489 et
1783 4438 2056 4506 plenitudo

2172 4430 2313 4501 ἔχων
2343 4434 2434 4487 τὸν
2466 4434 2565 4504 τῆς
2602 4436 2780 4506 ψυχῆς
2809 4436 3108 4507 ὀφθαλμὸν,
3164 4438 3240 4510 μὴ
3287 4439 3624 4510 συγχωρήσῃς
3649 4428 3709 4499 τῷ

479 4529 628 4599 ejus,
661 4527 918 4584 Christus
966 4541 1203 4598 namque
1241 4541 1466 4582 carnem
1501 4542 1532 4582 e
1581 4534 1727 4582 terra
1776 4527 2064 4586 formatam

430 4618 443 4631 ³
486 4620 592 4678 sibi
628 4619 850 4686 ascivit,
876 4618 1216 4690 aseitamque
1246 4618 1299 4673 in
1331 4618 1487 4674 caelis
1519 4620 1825 4677 constituit.
1851 4622 2068 4693 Arrepit

487 4711 1035 4777 subindediabolus,
1094 4727 1191 4783 per
1246 4709 1663 4766 fornicationem
1710 4727 1829 4766 eam
1878 4723 2068 4767 conta—

490 4804 706 4859 minare
759 4800 1115 4857 contendens.
1150 4801 1220 4854 At
1253 4811 1333 4864 tu,
1375 4805 1635 4869 tanquam
1674 4798 1814 4854 fidus
1858 4809 2067 4867 custOs,

488 4897 688 4950 anima:
733 4893 954 4949 oculum
1011 4893 1229 4961 vigilem
1303 4893 2070 4963 semper'experrectumque

487 4987 714 5051 habens,
750 4984 1017 5040 latronem
1059 4985 1213 5039 illum
1252 4986 1452 5041 mentis
1484 4993 1590 5039 tuae
1622 4985 1827 5039 lumina
1862 4986 2070 5041 violare

484 5092 596 5133 non
630 5078 805 5142 sinas,
854 5088 916 5130 ut
971 5076 1129 5147 plena
1179 5076 1399 5131 tandem
1430 5076 1657 5131 victoria
1694 5077 1935 5146 potitus,
1971 5093 2070 5131 au-

485 5168 677 5225 dacter
705 5168 774 5223 ad
814 5167 966 5229 illum
997 5167 1181 5222 dicere
1206 5183 1419 5238 queas:
1463 5166 1801 5222 Dominicam
1847 5184 2065 5239 posses-

487 5262 721 5328 sionem,
764 5278 798 5317 ο
830 5262 1070 5327 diabole,
1103 5276 1210 5314 non
1242 5260 1458 5333 prodidi
1486 5278 1502 5325 ;
1539 5259 1751 5316 Domini
1796 5263 1938 5317 enim
1968 5270 2068 5319 est

487 5361 633 5409 terra
694 5362 751 5411 et.
786 5354 1034 5410 Ecclesia
1060 5352 1290 5417 Christi,
1323 5369 1446 5424 qua:
1473 5354 1677 5426 ubique
1705 5356 1911 5411 ccelesti
1944 5357 2067 5426 plu-

488 5446 571 5499 via
628 5448 848 5503 exculta
890 5447 1245 5519 irrigataque,
1281 5445 1495 5503 fructus
1535 5449 1718 5505 varios
1776 5457 2067 5521 perpetuo-

486 5549 594 5607 que
632 5538 873 5593 virentes
918 5537 995 5592 illi
1043 5535 1244 5604 fundit,
1272 5552 1467 5607 nempe
1499 5538 1861 5605 tricesimum,
1903 5552 2062 5594 sexa-

561 5691 577 5724 ¹
599 5689 745 5750 Psal.
774 5685 919 5761 xm,
943 5693 999 5763 2,
1033 5696 1087 5751 5.
1170 5696 1191 5728 ³
1211 5693 1344 5750 ibid.
1373 5692 1425 5747 6.
1504 5694 1685 5751 ‘Psal.
1715 5711 1875 5763 mn,
1909 5695 1961 5751 1.

1730 5786 1749 5827 r’

1660 5998 1909 6058 Δ

2174 4522 2344 4596 λῃστῇ
2396 4526 2486 4579 τὸν
2529 4526 2632 4596 τῆς
2674 4528 2913 4592 διανοίας
2968 4527 3259 4601 διαρρῆξαι
3312 4529 3603 4601 ὀφθαλμὸν,
3644 4526 3712 4579 ἵνα

2175 4613 2393 4685 θαρρῶν
2452 4616 2589 4687 πρὸς
2642 4619 2805 4673 αὑτὸν
2857 4620 3045 4692 εἴπῃς
3094 4623 3428 4677 Δεσποτικοῦ
3479 4623 3712 4694 κτήματος

2170 4708 2437 4777 προδότης
2469 4711 2531 4761 οὐ
2560 4710 2802 4781 γίνομαι,
2837 4712 3071 4768 διάϐολε.
3098 4712 3205 4767 Τοῦ
3232 4717 3442 4788 Κυρίου
3467 4716 3567 4785 γὰρ
3594 4714 3622 4782 ἡ
3659 4709 3712 4777 τῆ

2171 4797 2266 4849 καὶ
2299 4798 2330 4866 ή
2377 4797 2673 4868 Ἐκκλησία
2696 4800 2788 4854 τοῦ
2813 4802 3051 4873 Χριστοῦ
3087 4804 3120 4874 ἡ
3146 4804 3379 4859 πάντοτε
3415 4806 3514 4859 ὑπὸ
3541 4798 3713 4855 10506-

2175 4892 2361 4962 ρανίου
2405 4891 2613 4963 ὄμϐρου
2654 4898 3068 4969 γεωργουμένη,
3111 4898 3203 4951 καὶ
3238 4898 3490 4962 ἀειθαλὲς
3536 4906 3715 4964 καρπο-

2172 4983 2414 5055 φοροῦσα
2444 4985 2665 5057 Χριστῷ
2685 4988 2978 5058 τριάκοντα
3036 4989 3154 5062 [καὶ
3185 4989 3470 5063 ἐξήκοντα]
3509 4988 3592 5041 καὶ
3615 4984 3719 5036 ἐκα-

2167 5075 2283 5130 τόν.
2336 5075 2603 5146 Ἐξῆλθε,
2632 5080 2816 5150 φησὶν,
2857 5084 2891 5135 ό
2921 5083 3189 5151 σπείρων
3215 5083 3325 5137 τοῦ
3351 5081 3583 5151 excipe;
3602 5093 3615 5105 ’
3638 5070 3717 5127 καὶ

2169 5170 2236 5223 τὸ
2259 5171 2376 5240 μὲν
2400 5174 2625 5227 ἔπεσεν
2655 5175 2753 5228 ἐπὶ
2779 5176 2894 5245 τὴν
2920 5178 3085 5243 ὀδόν,
3131 5178 3230 5251 τὴν
3259 5179 3475 5250 ἀπάτην
3503 5176 3595 5248 τὴν
3623 5169 3717 5225 Ἐλο

2169 5262 2419 5334 ληνικήν.
2463 5265 2572 5320 Καὶ
2607 5263 2797 5337 ἦλθον
2842 5268 2913 5321 τὰ
2944 5272 3215 5337 πετεινὰ,
3250 5273 3298 5325 οι
3336 5269 3597 5336 ὀξύπεινοι
3628 5260 3718 5316 τῶν

2168 5353 2437 5425 δαιμόνων
2474 5356 2746 5429 ἅρπαγες,
2805 5361 2905 5415 καὶ
2952 5362 3293 5433 κατέφαγον
3341 5362 3509 5416 αὐτό.
3565 5355 3717 5411 "A110

2168 5447 2392 5501 ἔπεσεν
2436 5449 2533 5505 ἐπὶ
2581 5451 2652 5505 τὰ
2703 5452 2993 5523 πετρώδη,
3042 5457 3143 5527 τὴν
3190 5454 3589 5526 σκληρότροπον
3628 5441 3719 5501 τῶν

2182 5539 2452 5596 Ἰουδαίων
2513 5545 2657 5615 φημὶ
2715 5546 3052 5618 προαίρεσιν,
3118 5549 3214 5602 καὶ
3269 5546 3469 5610 εὐθέως
3511 5537 3722 5600 ἀνέτειλε

2044 5703 2065 5730 ⁵
2088 5695 2235 5757 Psal.
2262 5711 2351 5769 ον,
2375 5699 2429 5754 2.
