3948 6196
218 293 283 349 ιιδ
885 287 1166 344 HOMILIA
1200 286 1242 342 V
1284 285 1346 342 ΙΝ
1409 283 1682 342 LAUDES
1724 285 1771 338 Si

1886 280 2016 335 IT/E
2056 279 2299 336 ΜΑΒΙᾸΞ
2345 280 2693 336 DEIPARA'J.

3344 281 3453 341 486

212 407 506 483 προπετείας
550 406 718 475 φυτὸν
767 405 906 479 [καὶ]
946 405 1308 478 παρανομίας.
1358 401 1609 464 Τοιοῦτος
1641 404 1750 474 γάρ

1889 380 2126 455 esimum
2181 407 2233 455 et
2265 402 2624 455 centesimum
2667 399 2801 470 (7'5).
2837 399 3050 472 [Exiit,
3080 399 3258 471 inquit
3280 407 3318 468 ι,
3359 402 3455 473 qui

213 496 453 552 Ἰουδαίων
498 499 526 549 ὁ
556 498 780 568 τρόπος.
832 497 918 551 Ἐν
963 497 1070 568 γὰρ
1109 499 1174 567 τῇ
1217 496 1410 567 ἐρήμῳ
1445 490 1762 565 νομοθετού-

204 604 328 659 μενοι
353 586 592 654 Εφασκον
627 586 766 657 πρὸς
811 587 1086 657 Μωῡσῆν·
1135 584 1341 638 Πάντα
1374 584 1492 638 ὅσα
1527 579 1695 638 εἶπεν
1731 587 1763 638 ό

199 679 344 744 Θεὸς,
372 680 745 748 ποιησόμεθα
775 678 872 731 καὶ
933 677 1333 746 ἀκουσόμεθα.
1365 677 1474 730 Καὶ
1510 677 1560 730 οἱ
1590 673 1763 729 ταῦτα

199 771 661 841 ἐπαγγελλόμενοι,
710 769 908 840 μόσχον
957 771 1174 842 ἄψυχον
1220 767 1611 842 προσεκύνουν,
1674 769 1766 822 καὶ

196 863 270 915 τὸν
301 863 493 934 νεκρὸν
513 861 606 915 τοῦ
643 862 843 927 ζῶντος
864 862 1000 922 Θεοῦ
1040 863 1372 935 προετίμων.
1412 864 1591 917 Ἄλλο
1631 862 1767 915 ἕπε-

199 972 293 1011 σεν
329 955 433 1008 ἐπὶ
486 956 592 1021 τὰς
644 953 947 1020 ἀκάνθας,
1017 955 1116 1019 τὰς
1174 956 1614 1028 τραχυκέντρους
1675 957 1766 1008 καὶ

199 1045 752 1117 βλασφημογλώσσους
787 1045 1052 1115 αἱρέσεις,
1095 1045 1298 1110 αἵτινες
1345 1047 1436 1099 τὸν
1485 1046 1584 1117 τῆς
1610 1046 1765 1098 εὐσε-

197 1138 330 1200 ϐείας
376 1137 578 1208 σπόρον
621 1136 742 1190 καθ’
791 1136 1008 1208 ἡμέραν
1056 1139 1470 1207 συμπνίγουσιν.
1525 1139 1769 1207 Ἕτερον

191 1229 403 1282 ἔπεσεν
430 1228 526 1280 ἐπὶ
560 1227 676 1295 τὴν
704 1226 824 1295 γῆν
854 1227 969 1294 τὴν
1005 1227 1231 1295 καλὴν,
1284 1229 1382 1300 τὴν
1442 1228 1768 1301 Ἐκκλησίαν

191 1320 272 1373 τοῦ
331 1319 614 1390 Χριστοῦ.
671 1319 770 1390 τὴν
823 1317 1096 1389 εὔφορον,
1161 1319 1256 1389 τὴν
1312 1321 1769 1392 καρποφοροῦσαι)

191 1412 473 1484 τριάκοντα
511 1411 604 1464 καὶ
638 1410 900 1480 ἑξήκοντα
955 1411 1051 1463 καὶ
1107 1410 1320 1465 ἑκατόν.
1354 1411 1658 1481 Τριάκοντα
1679 1410 1770 1463 τὸν

187 1505 278 1574 τῆς
309 1502 663 1573 σωφροσύνης
697 1502 860 1569 ζυγόν
879 1520 890 1530 ·
937 1501 1200 1572 ἑξήκοντα
1227 1502 1327 1571 τῆς
1356 1501 1768 1572 ἁγγελομόρφου

190 1596 517 1666 παρθενίας·
565 1595 760 1648 ἑκατὸν
802 1595 900 1664 τῆς
952 1594 1098 1658 Θείας
1161 1594 1531 1666 δικαιοσύνης,
1581 1597 1675 1649 καὶ
1705 1597 1769 1648 ἁ-

1865 491 2086 545 seminat
2143 491 2449 562 seminare]
2536 489 2603 543 Et
2640 491 2786 544 aliud
2837 491 3045 561 quidem
3072 493 3260 546 cecidit
3304 508 3453 547 secus

1868 584 2028 646 uiam,
2077 583 2180 638 hoc
2228 593 2312 638 est
2355 583 2728 639 Graecanicam
2777 582 3046 639 fraudem.
3093 583 3164 638 Et
3206 593 3456 640 venerunt

1867 677 2150 743 volucres;
2185 677 2444 731 nimirum
2490 677 2724 733 famelici
2755 678 3064 734 daamonum
3096 688 3378 748 raptores;
3402 688 3452 733 et

1868 770 2205 824 comederunt
2243 769 2402 825 illud.
2443 770 2610 823 Aliud
2665 772 2852 825 cecidit
2893 772 2946 825 in
2999 780 3200 840 petras,
3258 788 3455 841 nempe

1869 861 2063 916 duram
2110 877 2176 916 ac
2228 869 2610 917 contumacem
2643 861 2956 917 Judteorum
3005 864 3362 918 voluntatem.
3391 863 3456 916 Et

1871 956 2060 1011 statim
2086 956 2410 1011 temeritatis
2436 955 2587 1016 calor
2605 955 2898 1024 impietatis
2923 957 3147 1026 stirpem
3175 955 3454 1026 produxit.

1870 1046 2155 1118 Ejusmodi
2185 1043 2386 1117 quippe
2422 1054 2552 1117 sunt
2586 1045 2799 1099 Iudaici
2838 1060 3017 1100 mores
3044 1065 3058 1101 :
3090 1061 3216 1100 nam
3246 1061 3370 1100 cum
3400 1044 3454 1097 in

1871 1138 2090 1194 deserto
2133 1140 2218 1194 lex
2255 1140 2362 1193 illis
2397 1137 2650 1201 ferretur,
2702 1137 2960 1191 dieebant
2997 1136 3167 1208 Moysi
3198 1156 3209 1192 :
3262 1135 3459 1192 Omnia

1871 1247 2191 1300 quaecunque
2236 1229 2376 1283 Deus
2415 1228 2570 1293 dixit,
2608 1230 2863 1298 faciemus
2939 1239 2986 1282 et
3037 1229 3307 1282 audiemus
3328 1227 3458 1282 ’.Et

1871 1329 2057 1377 tamen
2109 1322 2187 1375 illi
2233 1322 2358 1392 ipsi,
2389 1322 2482 1392 qui
2515 1323 2616 1376 ista
2660 1321 3060 1390 promiserant,
3099 1321 3456 1374 inanimatuat

1873 1414 2104 1469 vitulum
2141 1414 2444 1468 adorabant
2468 1452 2483 1476 ,
2519 1429 2582 1467 ac
2624 1413 2748 1466 vivo
2798 1411 2908 1467 Deo
2953 1418 3227 1465 mortuum
3264 1413 3460 1481 praele-

1874 1507 2086 1560 rebant.
2133 1505 2296 1558 Aliud
2339 1503 2522 1558 cecidit
2563 1505 2615 1556 in
2643 1505 2846 1573 spinas,
2884 1503 2988 1557 hoc
3061 1513 3145 1558 est
3187 1504 3471 1558 aculeatas-

1874 1606 1930 1650 et
1972 1597 2399 1652 contumeliosas
2446 1596 2500 1650 in
2549 1597 2717 1651 Deum
2768 1597 3044 1651 hmreses:
3091 1611 3211 1666 qua:
3241 1595 3462 1664 pietatis

185 1689 390 1756 γνείας,
431 1689 521 1741 καὶ
552 1688 650 1758 τῆς
679 1687 786 1740 τῶν
822 1685 1115 1757 μαρτύρων
1144 1686 1531 1760 ἀνδραγαθίας.

1886 1697 2179 1745 sementem
2213 1689 2460 1759 quotidie
2500 1689 2819 1760 praefocant.
2853 1688 3015 1742 Aliud
3050 1689 3238 1742 cecidit
3275 1688 3324 1740 in
3359 1696 3464 1740 ter-

189 1780 682 1845 rambonam;ltoc
703 1787 786 1834 est
820 1779 1118 1834 Ecclesiam
1186 1780 1416 1844 (lhrigsti,
1490 1779 1744 1844 fertilem,
1765 1787 1819 1834 et
1870 1783 2131 1847 tricenos,
2189 1797 2490 1852 sexagenos
2541 1798 2604 1836 ac
2651 1790 2910 1837 centenos
2976 1780 3187 1835 fructus
3232 1781 3466 1835 redden-

185 1871 582 1936 tcm.Quorum
616 1871 808 1924 triceni
859 1870 924 1924 ad
962 1870 1220 1939 pudicum
1275 1871 1586 1940 nuptiarum
1615 1871 1806 1941 jugum
1845 1875 2162 1942 pertinent;
2236 1875 2512 1944 sexageni,
2556 1875 2792 1930 similem
2857 1875 3174 1944 angelorum
3231 1873 3465 1941 virgini-

185 1972 337 2018 tatem
372 1963 710 2023 continent;
743 1963 957 2016 centeni
993 1961 1228 2031 denique
1249 1961 1312 2016 ad
1348 1962 1584 2016 divinam
1606 1962 1897 2031 justitiam,
1941 1963 2272 2035 [castitatem
2326 1973 2380 2019 et
2437 1965 2654 2035 egregia
2690 1971 2992 2036 martyrum
3064 1963 3336 2035 facinora]
3373 1979 3462 2019 re-

190 2062 396 2117 lcruntu
410 2075 460 2114 r.

246 2176 304 2226 Οἱ
343 2172 469 2242 γὰρ
501 2172 601 2242 τῆς
650 2171 930 2236 εὐσεϐείας
971 2172 1213 2244 κήρυκες
1247 2172 1344 2242 τὴν
1391 2175 1476 2226 ἐπ’
1530 2172 1771 2243 ἐσχάτων

1946 2167 2118 2223 Porro
2150 2175 2334 2223 autem
2359 2182 2501 2222 verae
2539 2166 2764 2236 pietatis
2788 2181 3089 2244 prmconcs,
3126 2175 3465 2236 postremum

184 2264 265 2316 τοῦ
308 2263 525 2335 Κυρίου
575 2262 789 2315 ἕλευσιν
828 2265 994 2317 πᾶσιν
1039 2262 1518 2333 εὐαγγελιζόμενοι
1554 2263 1771 2330 ἔλεγον·

1886 2258 2098 2313 Domini
2154 2259 2447 2312 adventum
2503 2258 2760 2313 omnibus
2825 2259 3002 2328 palam
3054 2242 3464 2327 denuntiantes,

189 2355 379 2420 Οὕτως
437 2354 788 2416 ἐλεύσεται,
835 2353 908 2406 ὃν
943 2355 1170 2422 τρόπον
1214 2353 1546 2407 ἐθεάσασθε
1593 2352 1771 2406 αὐτὸν

1886 2350 2027 2404 inter
2053 2356 2248 2403 czetera
2272 2348 2560 2402 dicebant:
2589 2348 3048 2414 Quemadmodum
3081 2350 3287 2405 vidistis
3311 2352 3468 2405 illum

182 2445 786 2516 ἁναλαμϐανόμενον.
843 2445 1124 2516 Ὠφθησαν
1173 2445 1281 2516 γὰρ
1331 2445 1424 2499 δύο
1476 2445 1670 2515 ἄνδρες
1723 2445 1771 2496 ἐν

1886 2449 2087 2494 euntem
2129 2439 2184 2491 in
2213 2439 2433 2501 coelum,
2464 2439 2538 2490 ita
2577 2438 2740 2492 veniet
2765 2439 2803 2493 ³.
2845 2437 2952 2493 Visi
2993 2447 3122 2493 sunt
3163 2440 3307 2494 enim
3359 2440 3471 2496 duo

185 2540 363 2610 ἐσθῆτι
403 2540 603 2608 λευκῇ.
642 2537 765 2600 Δύο,
795 2537 883 2590 ἵνα
921 2537 1240 2609 πιστευθῇὴ
1266 2537 1491 2608 ἀλήθεια
1512 2554 1524 2566 ο
1565 2537 1771 2606 ἄνδρες,

1886 2532 1988 2584 viri
2041 2531 2092 2584 in
2137 2530 2275 2584 stola
2319 2529 2550 2582 candida
2588 2549 2600 2584 :
2660 2530 2768 2584 duo
2821 2530 3064 2599 quidem,
3101 2546 3210 2601 quo
3256 2532 3472 2588 veritati

181 2630 262 2682 ἵνα
287 2632 368 2692 εἰς
399 2627 632 2698 ἀνδρίαν
666 2628 792 2688 τοὺς
838 2625 1084 2696 μαθητὰς
1125 2626 1453 2697 στηρίξωσιο
1495 2625 1771 2695 λευχειμο

1888 2623 2042 2678 fidem
2099 2622 2334 2687 faciant;
2393 2623 2495 2676 viri
2534 2631 2754 2685 autem,
2807 2639 2917 2692 quo
2972 2623 3039 2676 ad
3093 2624 3250 2679 virile
3299 2624 3472 2680 animi

180 2718 425 2783 νοῦντες,
482 2718 572 2770 ἵνα
620 2716 1124 2786 καταλαμπρύνωσι
1171 2715 1272 2778 τὰς
1314 2715 1422 2768 τῶν
1474 2715 1771 2771 ἀκουόντωι

1886 2715 2054 2770 robur
2080 2714 2386 2784 discipulos
2437 2714 2795 2778 conﬁrment;
2845 2714 2898 2766 in
2931 2723 3086 2768 veste
3120 2723 3301 2770 autem
3343 2731 3474 2771 can-

177 2810 446 2874 διανοίας.
490 2809 558 2860 Τί
606 2804 699 2861 οὖν
741 2808 792 2860 οἱ
835 2806 1093 2876 ὀφθέντες
1150 2807 1483 2877 ὲκήρυττον;
1541 2806 1771 2874 Ἄνδρες

1886 2805 2011 2860 dida
2035 2846 2050 2871 ,
2084 2820 2194 2875 quo
2238 2803 2555 2859 auditorum
2590 2809 2822 2867 mentes,
2862 2813 2915 2858 et
2951 2805 3320 2862 conscientias
3348 2807 3474 2861 illu-

190 2903 582 2972 Ἰσραηλῖται,
622 2903 680 2956 τί
717 2901 1012 2968 ἑστήκατε
1040 2901 1382 2964 ,βλέποντες
1412 2901 1498 2964 εις
1538 2898 1646 2952 τὸν
1684 2901 1771 2952 οὐ·

1887 2904 2080 2952 strent.
2132 2895 2340 2966 Ecquid
2395 2895 2566 2965 igitur
2607 2895 2717 2948 viri
2774 2895 2851 2948 illi
2925 2895 3016 2966 qui
3066 2896 3470 2963 cernebantur,

166 2997 402 3065 ρανόνς
436 2995 490 3046 τί
512 2996 593 3057 εἰς
620 2995 712 3048 τὸν
744 2995 970 3065 οὐρανὸν
999 2992 1270 3057 ἀτενίζετε
1295 3009 1308 3058 ;
1337 2991 1552 3045 Μᾶλλον
1577 2990 1667 3044 τὸν
1696 2993 1771 3044 οὐ·

1887 2989 2295 3058 praadicabant?
2336 2986 2450 3042 Viri
2483 2987 2733 3052 Galilwi,
2774 2987 2898 3056 quid
2947 2990 3110 3043 statis
3154 2991 3470 3058 aspicientes

179 3088 353 3158 ρανοῦ
383 3088 618 3158 ποιητὴν
655 3086 1007 3157 θεωροῦντες,
1044 3084 1301 3150 δοξάσατε
1335 3084 1428 3138 τοῦ
1463 3085 1771 3156 ἀναλαμϐαο

1888 3082 1941 3135 in
1973 3082 2202 3136 caelum?
2245 3079 2388 3146 Quid
2442 3080 2644 3134 ccclum
2694 3080 2870 3134 oculis
2901 3079 3094 3135 deﬁxis
3143 3081 3476 3136 intuemini?

176 3180 416 3250 νομένου
455 3179 515 3232 τὸ
550 3177 804 3248 μέγεθος,
858 3179 952 3230 καὶ
1004 3178 1102 3249 τὴν
1159 3179 1566 3246 συγκατάὸασιν
1617 3178 1771 3231 αὺτοί

1889 3170 2024 3224 Eum
2071 3171 2288 3241 potius,
2337 3170 2429 3240 qui
2465 3170 2667 3225 coelum
2699 3169 2980 3236 condidit,
3029 3172 3227 3227 mentis
3279 3181 3475 3227 vestrae

177 3272 270 3340 τῆς
298 3270 725 3341 φιλανθρωπίας
755 3270 1094 3340 θαυμάσατε,
1127 3271 1209 3323 ὅτι
1235 3270 1326 3322 τὸν
1361 3271 1549 3340 γήινον
1580 3269 1771 3334 ἐνώσας

1889 3262 2193 3316 luminibus
2221 3261 2817 3333 usurpantes,bymnis-
2853 3270 2906 3316 et
2929 3263 3183 3319 laudibus
3205 3265 3474 3335 assumpti

184 3361 357 3432 ἑαυτῷ
395 3362 714 3431 ἄνθρωπον,
743 3360 1165 3431 οὐρανοπολίτην
1210 3359 1469 3425 ἀνέδειξε,
1512 3361 1605 3414 καὶ
1635 3363 1771 3432 οἰκή-

1889 3354 2324 3423 magnitudinem
2365 3350 2646 3416 eitollite,
2691 3370 2755 3409 ac
2796 3355 3119 3425 stupendam
3165 3358 3312 3414 illius
3359 3359 3472 3413 cle-

172 3471 308 3522 τοροι
335 3452 587 3524 οὐρανοῦ
617 3452 946 3521 κατέστησε’
991 3451 1180 3520 βαϐαίῑ
1220 3452 1308 3504 τὸν
1354 3452 1504 3506 κάτω
1541 3453 1771 3523 κείμενοι

1893 3447 2150 3501 mentiam
2189 3448 2466 3518 animique
2517 3445 2908 3502 demissionem
2961 3449 3164 3503 summi
3223 3451 3477 3504 miraculi

319 3545 610 3614 ἀνήγαγε.
649 3543 710 3594 Tt'
747 3541 1042 3609 ἑστήκατε
1066 3541 1407 3607 βλέποντες
1439 3546 1526 3606 εἱς
1555 3543 1660 3595 τὸν
1689 3545 1771 3595 οὺς

1896 3537 2016 3590 loco
2048 3537 2232 3592 ducite
2258 3557 2270 3593 :
2301 3539 2740 3608 quandoquidem
2770 3539 2817 3594 is
2843 3539 2932 3594 ille
2963 3542 3174 3610 est,qni
3202 3541 3476 3597 hominem

172 3639 398 3701 pardr;
465 3636 667 3699 Οὕτως
707 3633 1040 3687 ἐλεύσεται.
1080 3633 1255 3686 Οὕτω.
1299 3635 1450 3699 Πῶς;
1499 3635 1572 3687 Τὸ
1631 3635 1771 3705 σῶμε

1895 3637 2171 3684 terrenum
2213 3631 2314 3685 sibi
2367 3633 2744 3696 consociavit,
2791 3631 3284 3704 consﬁciatumque
3332 3636 3478 3689 inter

175 3727 229 3777 τὸ
259 3729 554 3797 ἡμέτερον
597 3727 1001 3798 περικείμενος,
1038 3725 1138 3795 τὴν
1190 3723 1491 3795 τρωθεῖσαν
1519 3728 1586 3794 τῇ
1617 3725 1771 3796 λόγχῃ

1895 3720 2016 3773 caeli
2042 3720 2191 3775 cives
2215 3722 2491 3790 ascripsit,
2511 3724 2886 3794 cmlorumque
2913 3726 3148 3780 incolam
3173 3726 3476 3780 constituit.

163 3817 429 3888 πλευρὰν
465 3817 903 3888 προϐαλλόμενος
923 3833 936 3846 ·
972 3817 1060 3869 ἵνα
1089 3815 1328 3884 ὅψωνται
1361 3817 1408 3868 οἱ
1444 3815 1685 3868 Ἰουδαῖοι
1710 3817 1771 3878 εἰς

1894 3809 2087 3880 Papae!
2116 3826 2224 3881 quo
2247 3812 2395 3866 Itunti
2428 3813 2702 3881 jaccntem
2731 3815 2954 3869 evexit?
2985 3815 3127 3880 Quid
3154 3817 3311 3870 statis
3334 3819 3477 3886 aspi-

159 3907 220 3959 ὃν
268 3909 699 3978 ἐξεκέντησαν
755 3910 916 3979 ἡμεῖς
965 3907 1022 3960 δὲ
1080 3905 1401 3978 ἀξιωθῶμεν
1450 3906 1678 3976 ὄψεσθαι
1725 3907 1771 3960 τί

1894 3903 2086 3955 cientes
2114 3903 2166 3954 in
2211 3903 2445 3959 ccelum?
2490 3902 2594 3956 llic
2644 3903 2826 3967 Jesus,
2855 3907 2944 3976 qui
2976 3919 3282 3976 assumptus
3330 3918 3408 3962 est
3446 3927 3480 3965 a

155 3999 490 4071 πρόσωπον
513 4000 681 4054 αὐτοῦ
720 3999 857 4071 μετὰ
887 3999 1216 4071 παρρησίας,
1253 4001 1348 4053 καὶ
1370 3999 1478 4053 τῶν
1511 3999 1771 4070 ἐπηγγελ-

1895 3994 2036 4048 vobis
2067 3995 2119 4048 in
2147 3995 2354 4058 cazlum,
2385 3998 2460 4050 sic
2497 3997 2682 4050 veniet.
2718 3995 2828 4052 Sic.
2869 3998 3196 4064 Quomodo?
3237 4003 3480 4070 Corpore

155 4094 358 4158 μένων
391 4094 626 4161 ἀγαθῶν
662 4093 1035 4162 ὲπιτύχωμενο
1071 4091 1254 4162 χάριτι
1285 4093 1378 4145 καὶ
1402 4092 1771 4164 φιλανθρωπίο

1896 4093 2086 4140 nostro
2122 4088 2356 4142 vestitus
2406 4088 2586 4141 veniet
2617 4087 2918 4160 [clavorum
2975 4091 3216 4162 vestigiis
3255 4092 3478 4161 pulchre

143 4181 248 4235 τοῦ
279 4182 521 4254 Κυρίου
547 4181 703 4253 ἡμῶν
741 4180 916 4251 Ἰησοῦ
945 4180 1181 4252 Χριστοῦ
1202 4196 1216 4209 ο
1253 4179 1369 4250 μεθ’
1405 4174 1466 4232 οῦ
1504 4179 1580 4250 τῷ
1615 4179 1771 4248 Πατρ¹

1903 4177 2259 4251 insignitus];
2315 4179 2463 4234 latus
2489 4180 2676 4235 lancea
2705 4181 2822 4234 dira
2859 4181 3195 4252 perforatum
3225 4183 3482 4239 omnibus

145 4276 250 4326 καὶ
292 4275 470 4344 ἁγίῳ
498 4272 780 4343 Πνεῦματι
808 4271 955 4336 δόξα,
987 4272 1209 4341 κράτος,
1230 4271 1404 4340 -τιμὴ,
1436 4271 1529 4323 νῦν
1561 4269 1654 4324 καὶ
1682 4270 1769 4323 ἀεὶ

1903 4277 2227 4325 ostensurus
2261 4288 2274 4324 :
2311 4286 2422 4341 quo
2462 4272 2719 4326 nimirum
2752 4270 2922 4327 Judmi
2964 4272 3206 4338 videant,
3231 4275 3285 4328 in
3318 4289 3482 4344 quem

138 4367 243 4419 καὶ
269 4368 376 4428 εἰς
409 4366 546 4428 τοὺς
569 4366 772 4428 αξῶνας
804 4365 910 4418 τῶν
937 4363 1164 4416 αἰώνων.
1211 4362 1400 4433 ⁹Λμήν.

1903 4363 2032 4415 olim
2073 4362 2457 4429 conﬁxerunt;
2502 4380 2602 4419 nos
2633 4370 2815 4417 autem
2848 4365 2994 4436 digni
3033 4365 3354 4430 habeantur,
3388 4365 3481 4436 qui

139 4459 402 4510 vultuul
479 4457 623 4512 illius
698 4472 825 4511 cum
889 4455 1084 4513 ﬁducia
1147 4455 1591 4524 conspiciamus,
1648 4455 2162 4524 promissarumque
2225 4455 2491 4510 bonorum
2549 4457 2846 4527 participes
2897 4456 3235 4521 clliciamur.
3283 4461 3481 4530 gratia,

133 4559 188 4603 et
227 4549 575 4604 clementia
606 4548 819 4603 Domini
854 4548 1024 4602 nostri
1057 4546 1184 4601 Jesu
1221 4547 1427 4604 Christi
1464 4565 1476 4601 :
1521 4563 1646 4601 cum
1730 4562 1838 4617 quo
1871 4546 2046 4612 Patri,
2090 4554 2142 4602 et
2180 4545 2408 4617 Spiritui
2459 4559 2650 4603 sancto
2691 4549 2762 4603 sit
2816 4548 3024 4620 gloria,
3068 4549 3358 4621 imperium
3430 4560 3484 4606 et

132 4642 378 4706 honor,
425 4656 586 4696 nunc
619 4649 675 4696 et
715 4657 934 4712 semper
981 4652 1033 4696 et
1072 4643 1126 4697 in
1196 4642 1395 4696 saecula
1447 4642 1795 4696 saeculorum.
1833 4641 2030 4695 Amen.

958 4775 1040 4827 E'.

134 4893 269 4947 Τοῦ
321 4894 419 4945 ἐν
462 4890 656 4957 ἁγίοις
695 4887 926 4955 Πατρός
966 4885 1132 4956 ἡμῶν
1171 4888 1517 4957 Ἑξειφανίου
1552 4889 1794 4941 ἐπισκό-

200 4981 360 5018 που
403 4956 659 5024 πόλεως
701 4959 1155 5022 Κωνσταντίας,
1193 4956 1303 5022 τῆς
1332 4957 1794 5026 Κυπριωνήσου,

199 5034 568 5103 ἐγχώμιος
603 5032 693 5095 εἰς
731 5029 846 5096 τὴν
876 5029 1055 5097 ἁγίαν
1080 5026 1195 5093 τὴν
1230 5029 1541 5081 Θεοτόκον.

199 5147 352 5209 Τὰς
393 5141 810 5212 ἐκλαμπούσας
842 5141 1211 5212 μαρμαρυγὰς
1238 5141 1336 5210 τῆς
1359 5141 1620 5195 Θεοτόκου
1653 5143 1799 5195 ἀκτῖ-

119 5255 234 5300 νες
303 5230 598 5301 φοϐερὰς
654 5232 749 5283 καὶ
784 5231 1200 5301 ἀκαταλήπτους
1250 5231 1537 5302 δυνάμεις,
1568 5232 1796 5304 οὐρανοῦ

117 5332 223 5387 καὶ
264 5328 412 5398 γῆς
473 5324 804 5394 οἰκουμένης
842 5324 1138 5393 μυστήριον
1165 5363 1178 5382 ,
1229 5321 1447 5394 θαῦμα,
1490 5324 1799 5397 ἱλαστήριον

179 5490 198 5518 ι
225 5480 502 5538 Matth.
529 5493 642 5545 xm,
670 5479 705 5533 5
731 5493 851 5548 sqq.

201 5647 354 5716 (75)
415 5638 576 5716 Qum
631 5645 939 5706 sequuntur
990 5638 1149 5694 uncis
1186 5637 1427 5709 inclusa,
1483 5642 1536 5698 in
1581 5638 1793 5697 Peltani

131 5707 440 5775 editiohe
482 5707 739 5762 deerant.

2669 4772 2724 4825 ιτ.

1904 4883 2089 4955 Sancti
2121 4883 2298 4938 Patris
2341 4887 2511 4939 nostri
2541 4885 2826 4955 Epiphanii
2873 4887 3101 4954 episcopi
3151 4884 3484 4941 Constantii:

1971 4954 2228 5097 figpz'i‘de
2258 4957 2505 5010 laudibus
2569 4967 2769 5012 sancta:
2824 4956 3018 5012 Maria:
3058 4956 3324 5026 Deipara‘,
3357 4973 3484 5010 ora-

2000 5044 2047 5079 ιο
2117 5043 2132 5078 l
2175 5043 2215 5095 ).

1971 5140 2137 5194 Miser
2165 5155 2265 5211 ego
2305 5155 2448 5204 sutn,
2483 5142 2573 5211 qui
2618 5141 2938 5213 ell‘ulgentes
2987 5143 3308 5212 splendores
3358 5139 3484 5197 Dci-

1902 5247 2047 5302 parte
2067 5233 2272 5296 radios,
2298 5234 2570 5288 terribiles
2596 5243 2649 5287 et
2672 5235 3152 5306 incomprehensas
3177 5235 3486 5302 facultates,

1902 5325 2028 5380 eteli
2057 5334 2110 5381 et
2143 5332 2304 5381 terra:
2332 5326 2656 5383 inbabitata:
2692 5328 3036 5398 mysterium,
3071 5324 3486 5384 admirandum-

927 5479 948 5508 ¹
972 5475 1143 5533 Exod.
1171 5494 1320 5543 xxiv,
1355 5478 1403 5533 7.
1480 5479 1640 5535 ’Act.
1673 5496 1710 5544 ι,
1747 5480 1802 5532 ll
1840 5496 1960 5550 sqq.

1975 5639 2088 5711 (74)
2121 5635 2337 5699 Joanne
2367 5639 2498 5697 Pico
2523 5640 2843 5712 interprete.
