3948 6196
437 301 546 364 ιεν

1722 274 1925 337 DUBIA
1963 278 2106 337 AUT
2147 272 2421 331 SPURIA.

3593 264 3708 322 £88

439 436 552 492 que
571 411 1010 491 propitiatorium
1041 409 1221 465 verbis
1251 404 1516 477 consequi
1545 405 1772 461 tentari.
1804 403 2016 460 Gestie-
2045 455 2051 467 η

2157 401 2338 474 πράσας
2390 401 2420 452 ό
2463 397 2631 461 τάλας
2683 394 2822 464 ἐγὼ,
2865 393 2943 457 είς
2995 388 3393 462 ἀκριϐεστέραν
3437 385 3642 438 ἔννοιαν
3671 383 3706 439 ὁ

442 514 534 567 hat
559 511 779 580 quidem
811 503 1085 560 interioris
1108 501 1274 554 animi
1306 497 1566 570 cogitatio
1591 497 1655 551 ad
1684 495 2019 550 exactiorem

2157 494 2222 564 ἧς
2253 491 2478 564 καρδίας
2526 507 2627 561 μου
2658 487 2806 541 ἔνδον
2856 485 3155 554 σκιρτήσας
3187 478 3445 550 λογισμὸς
3490 475 3710 548 βαθείας

441 603 874 674 intelligentiam,
909 610 1030 666 qua:
1061 593 1368 672 exprimere
1402 591 1707 646 conabatur
1736 585 2024 660 profunda:

443 696 718 752 memoriae
767 699 822 746 et
888 687 1172 742 altissima:
1225 683 1618 754 speculationis
1672 681 2019 735 miraculum.

2129 585 2347 657 μνήμης
2367 623 2382 646 ,
2407 581 2502 636 καὶ
2531 579 2872 651 ὑψηλοτάτης
2897 575 3132 649 θεωρίας
3159 571 3499 644 πειρώμενος
3527 568 3718 638 φέρειν

2124 673 2188 726 τὸ
2235 673 2448 743 θαῦμα,
2479 670 2682 742 τρόμος
2725 668 2818 721 καὶ
2843 666 3006 736 φόϐος
3046 665 3213 726 πολὺς
3265 662 3358 714 καὶ
3390 659 3564 722 δεινὸς
3590 674 3710 710 συν-

446 784 851 846 Verumtamen,
889 778 1220 842 rharissimi,
1251 785 1305 830 et
1334 776 1497 830 timor
1529 775 1733 828 multus
1762 780 1816 827 et
1845 771 2026 842 gravis

2159 783 2252 837 σχε
2301 781 2402 835 με,
2458 757 2504 816 ὧ
2551 759 2846 832 ἀγαπητοί.
2884 759 2948 812 Ἠ
2977 757 3086 828 γὰρ
3127 755 3314 846 μνήμη
3347 752 3447 823 τῆς
3482 748 3706 846 (eguit;

444 876 716 931 continuit
751 890 858 930 me.
892 873 1027 926 Nam
1075 870 1338 927 memoria
1388 863 1868 934 contemplationis
1899 863 2028 916 hor-

445 967 626 1023 rendae
670 965 954 1036 exagitans
1008 959 1424 1036 tremebundam
1461 958 1701 1010 animam
1739 968 1938 1013 meam.
1973 960 2028 1006 et

445 1076 540 1116 cor
588 1059 992 1114 exhorrescens
1045 1070 1152 1108 non
1201 1033 1549 1106 mediocriter
1604 1045 1813 1110 aﬂlixit,
1847 1045 1940 1100 sed
1977 1049 2032 1100 et

446 1154 684 1224 graviter
708 1150 945 1204 vexavit.
973 1145 1228 1201 Coneutit
1261 1144 1404 1198 enim
1439 1149 1674 1195 mentem
1700 1154 1876 1192 meam
1911 1152 2028 1191 ma-

445 1246 601 1300 xima:
635 1239 1115 1310 contemplationis
1175 1253 1239 1290 ac
1270 1235 1414 1291 velut
1445 1228 1888 1302 incomprehensi
1919 1242 2033 1298 my-

447 1338 596 1391 sterii
651 1333 932 1395 meritoria,
974 1344 1169 1399 nempe
1215 1342 1336 1398 qua:
1389 1325 1520 1379 illud
1579 1320 1763 1392 eloqui
1810 1320 2035 1374 minime

445 1429 638 1499 possit.
671 1426 805 1491 Quis
853 1423 998 1478 enim
1046 1418 1358 1490 hnjusmodi
1391 1415 1653 1487 mysterio
1679 1411 2036 1482 exprimendo

447 1531 612 1589 queat
645 1515 941 1573 sutIicere?
973 1513 1145 1580 Quale
1182 1527 1310 1566 vero
1350 1526 1412 1564 os
1438 1506 1819 1579 pronuntiare,
1849 1517 2037 1574 quaave

447 1613 638 1682 lingua
667 1607 940 1680 proferet?
975 1607 1333 1677 Nequaquam
1363 1610 1547 1673 potest
1567 1599 1753 1655 dicere
1785 1596 1936 1668 quod
1965 1597 2039 1650 la-

452 1710 548 1755 tet.
580 1700 700 1754 Jam
736 1714 862 1753 vero
897 1697 1135 1761 audebo,
1159 1695 1340 1748 dicam
1364 1694 1432 1746 de
1466 1691 1582 1746 sola
1612 1689 1866 1759 Deipara,
1898 1699 2036 1756 qua-

2130 853 2391 926 θεωρίας,
2419 852 2680 924 ἔντρομον
2713 850 2814 921 τὴν
2843 847 3018 918 ψυχήν
3051 862 3150 917 μου
3171 887 3186 910 ,
3217 843 3311 896 καὶ
3341 840 3588 912 φρικώδη
3619 841 3709 908 τὴν

2131 947 2358 1018 καρδίαν
2396 943 2669 1013 ἐνέγκασα
2698 942 2758 995 οὐ
2803 939 3040 1012 μετρίως
3068 933 3430 1006 ἐτιμώρησεν,
3463 931 3596 986 ἀλλὰ
3623 930 3714 984 δυ-

2131 1035 2309 1099 νατῶς
2364 1034 2707 1088 ἐϐασάνισεν.
2757 1028 3109 1098 Ἐπιπλήττει
3155 1024 3264 1094 γάρ
3312 1041 3412 1093 μου
3447 1021 3536 1074 τὸν
3570 1019 3717 1087 νοῦν,

2132 1127 2232 1197 τῆς
2266 1124 2528 1196 μεγίστης
2579 1120 2810 1192 θεωρίας
2853 1099 3155 1190 ήχμνήμη,
3203 1115 3279 1177 ὡς
3332 1112 3722 1182 ἀκαταλήπτου

2139 1215 2440 1288 μυστηρίου
2463 1255 2476 1278 ,
2507 1214 2570 1266 τὸ
2607 1212 2787 1280 λέγειν
2820 1211 2920 1264 οὐκ
2954 1207 3232 1279 ἰσχύουσα.
3267 1203 3361 1267 Τίς
3390 1203 3498 1274 γὰρ
3539 1201 3726 1266 ἱκανὸς

2134 1308 2345 1361 τοιοῦτο
2395 1306 2602 1377 φράσαι
2669 1303 3006 1373 μυστήριον;
3061 1301 3212 1352 ποῖον
3267 1296 3324 1349 δὲ
3387 1293 3727 1364 φθέγξασθαι

2137 1399 2390 1470 στόμα,ἢ
2422 1397 2551 1450 ποία
2577 1395 2796 1464 γλῶσσα
2824 1392 3085 1464 λαλήσει;
3117 1388 3352 1458 Λέληθεν
3372 1429 3386 1453 ,
3419 1389 3593 1439 εἰπεῖν
3626 1386 3730 1437 οὒκ

2141 1492 2337 1563 ἰσχύει.
2370 1489 2485 1542 Νῦν
2532 1488 2590 1541 δὲ
2624 1486 2883 1556 τολμήσω
2939 1483 3068 1554 περὶ
3115 1482 3211 1553 τῆς
3257 1482 3426 1551 μόνης
3459 1478 3726 1530 Θεοτόκου

2138 1583 2260 1638 καθ’
2290 1582 2319 1635 ὃ
2351 1579 2756 1650 καταλαμϐάνω
2780 1593 2794 1607 ·
2834 1575 2928 1629 καὶ
2958 1575 3118 1628 πάλιν
3149 1571 3438 1643 φοϐοῦμαι.
3475 1569 3592 1623 Ούκ
3620 1569 3727 1638 ἔχω

2139 1673 2384 1743 γλῶτταν
2415 1671 2582 1735 ἀξίως
2629 1670 2804 1722 εἰπεῖν
2831 1667 2902 1720 τὰ
2929 1666 3050 1720 λίαν
3091 1664 3320 1736 μεγάλα.
3377 1661 3726 1732 ’ἰσχνόφωνος

451 1805 608 1848 tenus
656 1805 956 1860 assequor;
989 1789 1171 1844 denuo
1221 1795 1409 1840 tamen
1464 1797 1681 1847 vereor,
1717 1788 1901 1850 utpote
1946 1776 2041 1848 qui

2157 1765 2250 1836 γὰρ
2307 1764 2402 1818 καὶ
2450 1760 2895 1834 βραδύγλωσσος,
2942 1758 3035 1810 καί
3071 1756 3171 1810 οὐκ
3219 1754 3440 1818 εῦλαλος
3474 1753 3718 1824 ὑπάρχω,

452 1885 637 1954 lingua
673 1898 780 1937 non
807 1883 908 1939 sim
946 1881 1206 1952 praeditus
1240 1879 1436 1933 idonea
1466 1876 1532 1931 ad
1566 1891 1631 1931 ea
1664 1873 1895 1929 dicenda
1919 1884 2042 1942 qua:

454 1987 582 2031 sunt
629 1975 782 2029 valde
831 1989 1065 2046 magna;
1099 1989 1222 2028 sum
1253 1970 1398 2025 enim
1429 1969 1559 2023 exili
1591 1971 1722 2022 voce
1783 1965 2046 2034 tardaque

454 2068 661 2137 lingua,
693 2075 746 2122 et
778 2067 1003 2121 minime
1030 2065 1294 2127 disertus,
1331 2069 1390 2116 ut
1420 2064 1502 2117 sic
1527 2060 1692 2114 verba
1717 2058 1896 2112 facere
1921 2071 2044 2126 pos-

455 2158 557 2212 sim
592 2155 659 2210 de
687 2155 1007 2226 percelebri,
1063 2161 1278 2218 saneta,
1315 2149 1546 2218 innupta
1578 2155 1632 2202 et
1678 2146 1900 2216 deipara
1933 2143 2047 2198 Ma-

452 2251 535 2303 ria
565 2257 738 2303 matre
766 2247 1005 2312 Domini,
1041 2245 1110 2301 de
1163 2259 1268 2315 qua
1318 2243 1508 2298 leviter
1541 2239 1693 2311 loqui
1739 2254 1850 2294 non
1889 2236 2050 2291 debet

458 2343 695 2396 humana
728 2342 934 2410 lingua.
962 2338 1288 2394 Pertenuem
1316 2337 1464 2392 enim
1499 2334 1662 2387 habet
1688 2345 1873 2386 vocem
1900 2328 2050 2382 illius

458 2433 640 2485 habita
681 2435 911 2497 ratione,
946 2438 1001 2485 et
1053 2429 1341 2483 imminuta
1393 2435 1477 2482 est
1524 2427 1732 2494 lingua,
1779 2437 1901 2492 quae
1949 2435 2050 2490 pro

458 2525 722 2592 dignitate
751 2521 1063 2574 facultatem
1097 2518 1314 2573 dicendi
1355 2533 1462 2572 non
1507 2516 1722 2570 haheat.
1753 2513 1846 2567 Illa
1873 2510 2049 2581 siqui-

459 2613 582 2668 dem
631 2615 708 2668 vel
759 2612 1025 2666 cmlorum
1057 2598 1291 2664 virtutes
1339 2607 1392 2662 in
1441 2616 1720 2676 stuporem
1753 2601 2046 2657 convertit.

460 2706 878 2776 Obstupucrunt
923 2719 1114 2758 omnes
1159 2702 1360 2771 angeli,
1391 2697 1731 2768 archangeli,
1775 2695 2054 2767 principa-

463 2808 574 2862 tus,
608 2805 932 2869 potestates,
966 2795 1173 2857 throni,
1209 2793 1638 2853 dominationes,
1671 2788 1956 2844 cherubim
1989 2802 2054 2842 ac

464 2891 737 2962 seraphim
788 2899 841 2944 et
869 2889 1186 2958 angelorum
1223 2887 1514 2940 universus
1549 2883 1845 2944 exercitus,
1891 2879 2057 2933 tium-

462 3001 525 3039 re
573 2992 922 3052 tremoreque
947 2979 1098 3050 gravi
1127 2979 1355 3043 detenti,
1388 2978 1516 3046 quia
1553 2974 1850 3030 cernebant
1877 2971 2053 3032 illum,

464 3073 560 3146 qui
592 3073 804 3126 habitat
838 3072 894 3123 in
940 3067 1116 3132 cmlis,
1151 3081 1249 3137 per
1294 3080 1413 3120 eam
1464 3063 1670 3119 versari
1708 3063 1764 3116 in
1802 3069 1971 3124 terra,
2003 3063 2058 3112 et

465 3155 946 3222 exhorrescehant.
999 3158 1331 3227 Spectabant
1386 3157 1673 3227 virginem,

2147 1858 2213 1911 ἵν’
2241 1855 2417 1919 οὕτως
2458 1855 2599 1908 εἴπω
2623 1893 2638 1918 ,
2683 1849 2943 1923 περὶτῆς
2994 1846 3384 1919 μεγαλωνύμου
3437 1845 3532 1898 καὶ
3575 1844 3719 1907 ὁσίας

2147 1951 2240 2004 καὶ
2278 1947 2660 2021 ἀπειρογάμου
2693 1945 2787 1997 καὶ
2823 1942 3075 1996 θεοτόκου
3109 1940 3320 2011 Μαρίας
3345 1979 3360 2002 ,
3407 1937 3609 2008 μητρὸς
3633 1934 3721 1988 τοῦ

2148 2041 2355 2114 Κυρίου
2383 2057 2396 2072 ⁸
2445 2038 2574 2109 περὶ
2624 2029 2694 2108 ἦς
2724 2035 2824 2087 οὐκ
2877 2031 3135 2104 εὐμαρῶς
3185 2027 3485 2100 ἀνθρώπων
3520 2026 3733 2094 γλῶττα

2148 2135 2394 2204 λαλήσει.
2437 2129 2779 2201 Ἰσχνοφωνεῖ
2815 2124 2924 2196 γὰρ
2984 2123 3120 2195 πρὸς
3181 2121 3415 2189 ταύτην,
3467 2119 3561 2172 καὶ
3611 2120 3738 2171 ὐπο-

2152 2225 2428 2282 στέλλεται
2470 2223 2503 2292 ὴ
2553 2219 2774 2288 γλῶσσα
2799 2257 2814 2281 ,
2849 2216 2948 2269 οὐκ
2998 2213 3162 2278 ἀξίως
3197 2211 3393 2282 ἔχουσα
3432 2212 3491 2263 τὸ
3530 2210 3734 2279 λέγειν.

2151 2318 2300 2388 Α’ύτη
2327 2315 2438 2387 γὰρ
2466 2313 2563 2367 καὶ
2590 2311 2688 2374 τὰς
2724 2309 2832 2362 τῶν
2872 2305 3121 2378 οὐρανῶν
3145 2304 3398 2374 δυνάμεις
3455 2303 3696 2369 ἐξένισεν
3721 2319 3736 2334 ο

2153 2409 2450 2477 ἐξέστησαν
2478 2403 2681 2465 πάντες
2705 2397 2949 2468 ἄγγελοι,
2984 2395 3336 2468 ἁρχάγγελοι,
3365 2394 3561 2464 ἁρχαὶ,
3587 2392 3743 2456 ἐξου-

2157 2501 2268 2553 σίαι
2287 2539 2302 2558 ,
2333 2496 2544 2568 θρόνοι,
2570 2492 2888 2563 κυριότητες
2907 2530 2921 2555 ,
2954 2488 3022 2542 τὰ
3053 2486 3348 2558 χερουϐεὶμ
3395 2487 3489 2538 καὶ
3547 2485 3615 2536 τά
3652 2501 3744 2536 σε-

2158 2591 2366 2664 ραφεὶμ
2419 2589 2514 2642 καὶ
2545 2587 2696 2640 πᾶσα
2725 2581 2955 2656 στρατιὰ
2989 2580 3237 2648 ἀγγέλων
3284 2579 3433 2648 φόϐῳ
3485 2576 3578 2630 καὶ
3616 2579 3750 2649 τρό-

2159 2663 2244 2754 μῳ
2276 2678 2434 2750 δεινῷ
2463 2676 2836 2747 συσχεθέντες.
2877 2670 3219 2742 Ἐθεώρησαν
3259 2669 3368 2741 γὰρ
3405 2670 3495 2721 ἐπί
3535 2671 3643 2738 γῆς
3695 2663 3752 2721 έν

2157 2775 2294 2845 αὐτῇ
2343 2773 2432 2826 τὸν
2481 2771 2538 2824 ὲν
2575 2769 2827 2840 οὐρανοῖς
2852 2807 2868 2830 ,
2916 2765 3012 2819 καὶ
3040 2764 3314 2834 ἔφριττον.
3347 2762 3621 2814 Ἕϐλεπον
3653 2761 3753 2834 τὴν

2156 2864 2433 2938 Παρθένον
2454 2902 2470 2927 ,
2492 2859 2721 2929 οὐρανὸν
2779 2859 2872 2912 καὶ
2923 2855 3112 2928 θρόνον
3131 2896 3146 2920 ,
3195 2854 3290 2908 καὶ
3321 2853 3635 2923 συνείχοντο
3665 2852 3753 2922 φό-

2159 2958 2259 3030 ϐῳ,
2294 2954 2596 3027 θεωροῦσαι
2641 2953 2732 3005 τὸν
2773 2951 3009 3022 ἄναρχον
3049 2947 3161 3001 ἀπὸ
3199 2947 3388 3017 θρόνου
3422 2946 3752 3017 χερουϐικοῦ

2159 3049 2239 3111 εἰς
2273 3048 2490 3118 μήτραν
2531 3041 2868 3114 παρθενικὴν
2897 3040 3221 3094 καθίσαντα.

1727 3154 1930 3208 coelum
2006 3157 2063 3204 et
2111 3142 2392 3204 thronum,
2434 3145 2490 3192 et
2538 3133 2936 3193 formidabant.
2986 3132 3115 3186 dum
3171 3130 3559 3200 conspicerent
3631 3143 3756 3186 eum

466 3257 560 3330 qui
596 3255 864 3327 principio
895 3261 1070 3313 caret,
1097 3251 1520 3307 descendentem
1559 3264 1588 3302 a
1619 3249 1817 3303 throno
1859 3242 2175 3304 cherubico,
2204 3234 2258 3287 in
2298 3238 2454 3286 utero
2484 3229 2734 3300 virgineo
2776 3227 2988 3282 sedere.

540 3347 584 3402 Ο
611 3347 767 3402 beata
797 3345 974 3409 radix,
1002 3359 1123 3413 qua:
1153 3343 1294 3396 hanc
1323 3339 1599 3411 produxit.
1633 3337 1708 3394 De
1756 3338 1859 3392 hac
1892 3335 2060 3391 Isaias
2087 3333 2128 3390 C

469 3435 739 3508 propheta
773 3449 924 3487 more
970 3431 1286 3486 hirundinis
1321 3431 1736 3485 submurmurat
1763 3429 1918 3498 ignea
1952 3428 2058 3480 lin-

471 3543 577 3599 gua
620 3527 934 3581 exclamans
965 3543 977 3578 :
1019 3523 1282 3593 Exsurget
1315 3523 1462 3592 virga
1500 3521 1564 3575 de
1605 3521 1785 3574 radice
1811 3519 1985 3582 Iesse,
2011 3527 2060 3572 et

473 3619 573 3688 ﬂos
596 3618 660 3671 de
690 3615 868 3670 radice
886 3613 1160 3677 ascendet,
1190 3622 1238 3668 et
1264 3613 1545 3684 requiescet
1571 3628 1728 3682 super
1747 3627 1866 3666 eum
1889 3610 2063 3681 Spiri-

477 3717 559 3762 tus
583 3706 786 3761 timoris
812 3705 912 3760 Dei
953 3705 992 3758 ¹.

549 3885 626 3941 De
659 3883 845 3940 radice
878 3882 1032 3939 Jesse
1065 3892 1218 3938 ortus
1247 3889 1333 3938 est
1363 3895 1459 3937 rex
1498 3879 1688 3947 David,
1725 3888 1780 3936 et
1818 3881 1886 3938 de
1921 3881 2066 3936 tribu

479 3977 626 4048 regis
659 3975 876 4031 Davidis
904 3982 1093 4030 sancta
1125 3973 1314 4044 Virgo,
1350 3981 1560 4037 sancta,
1583 3973 1827 4043 inquam,
1859 3982 1911 4027 ct
1941 3987 2070 4027 san-

481 4075 694 4122 ctorum
725 4067 963 4125 virorum
996 4067 1125 4130 tilia,
1149 4066 1308 4135 cujus
1332 4074 1586 4135 parentes
1617 4065 1836 4119 fuerunt
1862 4061 2070 4117 Joacim

482 4167 536 4216 et
569 4159 762 4224 Anna;
797 4160 890 4229 qui
922 4159 1141 4228 quidem
1202 4159 1254 4210 in
1307 4158 1417 4210 vita
1447 4172 1545 4212 sua
1580 4155 1689 4210 Deo
1725 4156 2070 4224 placuerunt,

486 4260 650 4322 atque
701 4252 864 4305 etiam
911 4250 1147 4304 fructum
1193 4249 1465 4317 ejusmodi
1514 4247 2072 4316 germinarunt,san-

487 4351 631 4398 ctam
664 4342 933 4410 virginem
963 4339 1213 4406 Mariam,
1245 4341 1504 4410 templum
1534 4338 1700 4392 simul
1743 4345 1798 4392 et
1842 4346 2073 4390 matrem

491 4434 604 4487 Dei.
636 4431 847 4487 Joacim
877 4445 1062 4501 porro,
1091 4428 1247 4483 Anna
1281 4439 1329 4484 et
1364 4430 1550 4495 Maria,
1582 4429 1633 4481 hi
1678 4435 1790 4480 tres
1822 4424 2076 4480 Trinitati

490 4523 671 4596 palam
723 4523 1055 4578 sacriﬁcium
1104 4521 1283 4576 laudis
1331 4522 1653 4577 offerebant.
1685 4517 1894 4573 Joacim
1931 4517 2075 4570 enim

2235 3324 2300 3375 ’Ὠ
2334 3320 2580 3393 μακαρία
2613 3318 2772 3391 ῥίζα·
2816 3318 2980 3372 πόθεν
3007 3317 3212 3387 ταύτην
3241 3315 3574 3386 ὲϐλάστησες
3620 3314 3759 3387 Περὶ

2160 3415 2365 3486 ταύτης
2385 3414 2412 3466 ὁ
2453 3415 2740 3485 προφήτης
2781 3412 3010 3474 Ἡσαΐας
3043 3410 3118 3473 ὡς
3147 3408 3367 3482 χελιδὼν
3409 3408 3630 3462 κελαδεῖ
3651 3448 3668 3470 ,
3696 3411 3758 3477 τῇ

2163 3509 2376 3579 πυρίνῳ
2425 3505 2642 3578 γλώττῃ
2694 3505 2831 3575 βοῶν
2861 3520 2874 3533 '
2929 3504 3365 3568 Ἀναστήσεται
3409 3499 3642 3568 ῥάϐδος
3694 3500 3758 3552 ἐκ

2164 3601 2275 3670 τῆς
2291 3598 2462 3668 ῥίζης
2504 3597 2745 3662 Ἰεσσαί,
2774 3597 3087 3662 καίᾶνθος
3107 3597 3176 3650 ἐκ
3206 3595 3319 3664 τῆς
3345 3594 3507 3664 ῥίζης
3535 3591 3766 3657 ἀβλαϐῆ-

2165 3709 2336 3747 σεται
2358 3731 2372 3756 ,
2405 3691 2504 3744 καὶ
2533 3691 2950 3745 ἀναπαύσεται
2995 3690 3091 3743 ἐπ’
3121 3687 3318 3757 αὐτὴν
3360 3686 3610 3754 Πνεῦμα
3659 3685 3766 3756 ςτό-

2170 3786 2277 3839 ϐου
2313 3783 2482 3839 Θεοῦ.
3475 3841 3478 3846 ι

2253 3878 2349 3930 Ἐκ
2382 3875 2482 3946 τῆς
2536 3874 2691 3945 ῥίζης
2720 3873 2777 3925 δὲ
2818 3871 3016 3926 Ἰεσσαὶ
3052 3871 3219 3924 Δαϐὶδ
3258 3873 3286 3924 ὁ
3329 3868 3621 3941 βασιλεὺς,
3673 3867 3769 3922 καὶ

2171 3973 2236 4025 ἐκ
2263 3970 2363 4040 τῆς
2393 3969 2564 4039 φυλῆς
2601 3966 2761 4020 Δαϐὶδ
2789 3965 2882 4019 τοῦ
2914 3965 3178 4036 βασιλέως
3213 3967 3247 4034 ἡ
3297 3963 3428 4032 ἁγία
3461 3961 3765 4032 Παρθένος,

2172 4062 2352 4134 ὴὸσία
2390 4059 2497 4114 τῶν
2548 4059 2712 4112 ὁσίων
2762 4057 2971 4135 ἀνδρῶν
3022 4057 3302 4127 θυγάτηρ,
3355 4050 3423 4127 ἧς
3471 4055 3523 4106 οἱ
3583 4055 3769 4121 γονεῖς

2186 4155 2446 4224 Ἰωακεὶμ
2476 4153 2570 4206 καὶ
2609 4151 2778 4204 Ἄννα
2801 4192 2817 4217 ,
2851 4151 3045 4212 οἵτινες
3077 4149 3137 4202 ἐν
3189 4150 3255 4218 τῇ
3301 4147 3415 4217 ζωῇ
3464 4145 3652 4199 αὐτῶν
3690 4142 3770 4212 τῷ

2175 4246 2295 4318 Θεῷ
2323 4245 2699 4316 εὐηρέστησαν
2719 4282 2735 4306 ,
2769 4242 2820 4295 οἳ
2855 4243 2950 4295 καὶ
2979 4239 3188 4312 καρπὸν
3217 4237 3460 4292 τοιοῦτον
3493 4237 3771 4303 ἐϐλάστη-

2178 4323 2312 4404 σαν,
2347 4339 2446 4408 τὴν
2492 4337 2652 4407 ἁγίαν
2687 4337 2964 4409 Παρθένον
2991 4334 3244 4404 Μαρίαν,
3295 4332 3422 4386 ναὸν
3453 4329 3592 4382 Θεοῦ
3628 4327 3770 4399 ὁμοῦ

2179 4431 2272 4483 καὶ
2330 4429 2576 4500 μητέρα’
2626 4429 2882 4499 Ἰωακεὶμ
2930 4427 2988 4480 δὲ
3047 4426 3141 4480 καὶ
3188 4427 3358 4477 ’Ἄννα
3409 4424 3505 4476 καὶ
3553 4421 3770 4491 Μαρία,

2177 4528 2227 4579 οἱ
2253 4528 2405 4596 τρεῖς
2430 4527 2495 4596 τῇ
2547 4524 2739 4596 Τριάδι
2781 4522 2969 4592 σαφῶς
3007 4517 3447 4589 ἐλειτούργησαν.
3508 4514 3776 4582 Ἰωακεὶμ

493 4619 893 4686 interpretatur
935 4614 1258 4683 pra‘paratio
1293 4611 1525 4678 Domini,
1557 4629 1622 4668 eo
1671 4609 1817 4682 quod
1866 4623 1933 4663 ex
1986 4608 2051 4661 illi

2180 4617 2289 4688 γάρ
2322 4616 2685 4688 ἑρμηνεύεται
2723 4615 3036 4682 ἐτοιμασία
3062 4612 3287 4680 Κυρίου
3308 4627 3321 4641 ·
3366 4608 3426 4672 ἐξ
3459 4606 3629 4660 αὑτοῦ
3663 4604 3780 4676 γὰρ

494 4715 859 4778 praeparatum
911 4707 983 4759 sit
1033 4705 1294 4774 templum
1347 4704 1600 4770 Domini,
1653 4717 1848 4772 nempe
1890 4699 2051 4770 Virgo

2185 4703 2488 4775 ἡτοιμάσθη
2524 4702 2650 4765 ναὸς
2681 4704 2886 4774 Κυρίου
2916 4704 2950 4771 ἡ
2984 4700 3276 4771 Παρθένος.
3313 4699 3481 4751 Ἅννα
3513 4697 3571 4749 δὲ
3610 4697 3781 4749 πάλιν

494 4799 652 4854 Anna
705 4812 926 4852 rursum
983 4797 1238 4852 similiter
1288 4797 1464 4868 gratia
1513 4796 1924 4865 interpretatur,
1956 4806 2051 4860 pro

2185 4792 2385 4863 ὁμοίως
2414 4791 2587 4861 χάρις
2616 4793 2978 4864 ἑρμηνεύεται
3001 4809 3014 4822 ο
3054 4792 3213 4862 χάριν
3246 4789 3354 4860 γάρ
3384 4786 3576 4840 ἐλαϐεν
3619 4787 3784 4838 Ἰωα-

498 4899 686 4963 pterea
736 4889 881 4959 quod
910 4887 1121 4943 Joacim
1173 4896 1228 4943 et
1260 4890 1417 4942 Anna
1465 4886 1696 4958 gratiam
1733 4891 2051 4954 acceperunt

2189 4884 2319 4953 κείμ
2348 4883 2443 4936 καὶ
2474 4883 2663 4946 Ἅννα,
2696 4880 2783 4938 ἵνα
2804 4885 3043 4935 τοιοῦτον
3072 4881 3415 4952 βλαστήσωσι
3443 4876 3660 4948 καρπὸν
3687 4876 3783 4927 διὰ

502 4993 561 5037 ut
595 4981 980 5036 accedentibus
1009 4981 1264 5049 precibus
1310 4982 1474 5034 talem
1524 4978 1761 5031 fructum
1809 4973 2051 5045 germina

2189 4977 2524 5048 προσευχῆς,
2558 4977 2656 5047 τὴν
2704 4977 2863 5044 ἁγίαν
2897 4975 3172 5045 Παρθένον
3206 4974 3562 5044 κτησάμενοι.
3621 4971 3787 5023 Ἰωα-

504 5083 645 5138 rent,
695 5079 940 5127 sanctam
966 5070 1245 5142 Virginem
1301 5071 1502 5140 adepti.
1555 5069 1762 5123 Joacim
1814 5065 2051 5137 siquider

2191 5069 2322 5140 κεὶμ
2351 5069 2460 5141 γὰρ
2493 5071 2550 5122 ἐν
2580 5069 2658 5140 τῷ
2684 5069 2797 5141 ὄρει
2843 5067 3183 5142 προσηύχετο
3207 5108 3222 5132 ,
3261 5067 3355 5122 καὶ
3393 5067 3563 5123 Ἄννα
3608 5066 3669 5115 ὲν
3703 5061 3788 5130 τῷ

505 5165 832 5238 precabatur
878 5165 934 5217 in
987 5172 1193 5226 monte,
1221 5169 1274 5217 et
1303 5164 1460 5216 Anna
1492 5161 1546 5214 in
1575 5159 1733 5214 horto
1774 5173 1896 5214 suo.
1930 5156 2051 5209 Ann

2194 5163 2506 5235 παραδείσῳ
2536 5163 2723 5234 αὐτῆς.
2775 5165 3178 5233 Κυοφορήσασα
3219 5160 3276 5214 δὲ
3310 5161 3478 5213 Ἀννα
3501 5197 3516 5222 ,
3545 5154 3791 5226 οὐρανὸν

509 5271 640 5310 vero
682 5254 903 5328 gravida
938 5253 1152 5317 eliecta,
1185 5253 1385 5308 coelum
1426 5262 1482 5307 et
1514 5252 1771 5306 thronum
1825 5248 2051 5304 cher'ubi

2193 5255 2287 5309 καὶ
2319 5253 2504 5324 θρόνον
2543 5253 2858 5326 χερουϐικὸν
2894 5254 3078 5317 ἔτεκε,
3118 5252 3218 5324 τὴν
3261 5251 3425 5319 ἁγίαν
3452 5248 3621 5320 κόρην
3649 5248 3789 5299 Μα-

510 5365 634 5404 cum
665 5349 897 5420 peperit,
932 5356 1178 5404 sanctam
1223 5347 1463 5418 puellam
1499 5344 1750 5399 Mariam.
1802 5343 1896 5397 l-lla
1944 5343 2051 5396 enii

2198 5347 2339 5419 ρίαν.
2367 5346 2512 5416 Αῦτη
2542 5346 2650 5418 γάρ
2677 5345 2904 5418 οὐρανὸς
2931 5348 3023 5400 καὶ
3049 5345 3173 5410 ναὸς
3201 5346 3294 5399 καὶ
3317 5344 3508 5415 θρόνος
3533 5341 3798 5411 εὑρίσκε⁸

512 5444 819 5512 repcrietur
852 5457 976 5497 esse
1016 5441 1239 5506 ccelum,
1278 5441 1540 5510 templum
1592 5448 1647 5495 ct
1680 5439 1935 5502 thronus,
1966 5435 2051 5506 qui

2194 5439 2426 5494 ται.,Ἡ
2456 5439 2562 5510 γὰρ
2612 5439 2798 5510 Μαρία
2846 5439 3208 5511 ἑρμηνεύεται
3255 5437 3464 5505 κιφία,
3500 5433 3631 5488 ἀλλὰ
3686 5431 3798 5483 καὶ

513 5533 734 5590 Mariam
769 5535 1120 5607 interpretari
1149 5535 1391 5592 solemus
1412 5532 1706 5600 dominam,
1741 5540 1904 5606 atque
1929 5528 2051 5586 etiai

2196 5531 2390 5598 ἐλπίς.
2435 5531 2642 5606 Κύριον
2671 5530 2779 5603 γὰρ
2833 5531 2988 5586 ἔτεκε
3012 5574 3026 5600 ,
3061 5532 3159 5604 τὴν
3199 5529 3389 5586 ἐλπίδα
3428 5526 3522 5582 τοῦ
3574 5523 3803 5586 παντδι

590 5711 607 5742 ¹
630 5709 738 5765 lea.
767 5727 842 5776 XI,
879 5714 931 5775 1,
962 5713 1017 5770 2.
