3948 6196
312 204 392 261 48⁸)
999 204 1283 262 llOMlLIA
1325 209 1387 262 ν.
1429 208 1495 261 ΙΝ
1534 208 1804 265 LAUDES
1844 208 2137 266 SANCTIE
2192 214 2430 270 ΜΛΒΙίΕ
2473 218 2816 275 ΒΕΙΡΑΠΑΞ.

3422 238 3527 295 490

306 324 496 393 κόσμου
551 320 805 391 Χριστόν.
876 322 1261 392 Ἐρμηνεύεται
1324 326 1484 378 πάλιν
1538 327 1597 378 τὸ
1654 329 1837 398 Μαρία

1963 345 2123 394 spem.
2154 329 2367 398 Peperit
2413 334 2556 387 enim
2608 335 2916 401 Dominum,
2952 342 3041 408 qui
3092 353 3174 396 est
3203 359 3327 410 spes
3359 355 3527 409 totius

298 414 526 479 σμύρνα
564 412 913 477 θαλάσσης·
952 413 1194 482 σμύρναν
1223 413 1279 467 δὲ
1310 418 1451 485 ἐρεῖ,
1502 415 1530 467 δ
1564 419 1655 469 καὶ
1695 419 1856 488 φημὶ,

298 505 430 574 περὶ,
458 498 785 565 ἀθανασίας,
817 503 899 554 ὅτι
930 502 1129 572 ἤμελλε
1160 504 1251 556 τὸν
1278 505 1542 559 ἀθάνατον
1587 509 1859 577 μαργαρί-

298 612 392 665 την
419 595 621 646 τίκτειν
651 594 708 645 ὲν
740 595 807 662 τῇ
836 592 1107 663 θαλάσσῃ,
1142 594 1415 648 τουτέστιν
1452 597 1509 648 ὲν
1541 596 1617 665 τῷ
1651 598 1858 667 κόσμῳ.

296 685 573 739 Θάλασσαν
602 682 657 735 δὲ
692 685 809 754 ἐρεῖ
837 682 928 736 τὸν
966 682 1180 736 ἄπαντα
1219 686 1455 753 κόσμον,
1491 680 1535 753 ᾧ
1567 690 1598 758 ή
1650 689 1860 757 Παρθέ-

223 796 226 803 λ
294 793 379 837 νος
420 775 663 845 γαλήνην
713 775 1022 845 ἐδωρήσατο
1047 814 1060 838 ,
1094 775 1187 829 τὸν
1231 775 1421 846 λιμένα
1454 781 1684 834 τεκοῦσα
1729 784 1861 853 Χρι-

295 868 431 923 στόν.
467 868 770 940 Τοιγαροῦν
826 870 988 923 πάλιν
1041 870 1141 940 τῆς
1193 872 1396 941 σεμνῆς
1448 873 1614 944 κόρης
1644 875 1860 945 Μαρίας

293 958 649 1031 ἑρμηνεύεται
688 957 749 1011 τὸ
780 960 1049 1029 μακάριον
1082 956 1252 1030 ὄνομα
1272 1002 1285 1021 ,
1316 963 1673 1032 φωτιζομένη
1696 1007 1710 1030 ,
1739 966 1859 1035 ἥτις

289 1048 560 1119 ἐφωτίσθη
584 1047 735 1118 παρὰ
764 1048 855 1101 τοῦ
886 1048 1017 1101 Υἰοῦ
1041 1049 1136 1102 τοῦ
1167 1048 1301 1103 Θεοῦ
1320 1089 1335 1113 ,
1366 1051 1460 1104 καὶ
1480 1053 1708 1121 ἐφώτισε
1733 1056 1857 1117 τοὺς

289 1139 683 1203 πιστεύσαντας
743 1141 823 1202 είς
876 1138 945 1191 τά
995 1139 1208 1210 πέρατα
1234 1142 1334 1210 τῆς
1384 1144 1487 1211 γῆς
1538 1148 1604 1213 τῇ
1643 1144 1852 1215 Τριάδι.

286 1228 514 1299 Τριάδος
543 1227 652 1300 γὰρ
699 1226 884 1298 νύμφη
919 1230 1149 1299 ὑπάρχει
1176 1228 1209 1299 ή
1241 1230 1374 1298 ἁγία
1414 1231 1673 1297 Θεοτόκος
1720 1237 1853 1307 κόρη

284 1315 502 1388 Μαρία,
550 1316 613 1371 τὺ
666 1316 1013 1389 πανάρῤητον
1045 1317 1147 1388 τῆς
1190 1318 1497 1390 οἰκονομίας
1528 1325 1808 1392 κειμήλιον
1838 1342 1849 1355 ι

284 1408 421 1477 πρὸς
469 1410 538 1477 ἢν
571 1410 599 1461 6
634 1407 674 1459 Γ
676 1408 872 1480 αϐριήλ
895 1425 912 1441 ο
946 1408 1143 1476 Χαῖρε,
1182 1415 1616 1480 κεχαριτωμένη
1641 1454 1654 1477 ,
1680 1419 1713 1469 ό
1749 1420 1857 1469 Κύ-

272 1515 405 1565 ριος
450 1502 605 1566 μετὰ
634 1498 771 1552 σοῦ.
824 1498 1164 1571 ’Υπέμνησεν
1201 1503 1228 1554 6
1257 1502 1527 1573 Γαϐριὴλ,
1562 1505 1655 1556 καὶ
1679 1505 1707 1556 6
1746 1506 1854 1558 Πα-

279 1590 383 1659 τὴρ
428 1587 725 1655 οὐρανόθεν
759 1590 1055 1660 ἀρραϐῶνα
1102 1589 1165 1643 τὸ
1204 1591 1425 1662 Πνεῦμα
1467 1593 1526 1646 τὸ
1564 1593 1717 1661 ἄγιον
1744 1596 1852 1648 ἄπ-

280 1678 544 1743 ἐστειλεν,
583 1680 879 1751 ὡρμήσατο
910 1681 1010 1752 τὴν
1048 1680 1321 1751 Παρθένον
1370 1685 1449 1746 είς
1473 1684 1563 1736 τὸν
1596 1687 1850 1758 μονογενῆ
1887 1667 1926 1716 Β

280 1771 404 1823 Υἱδν
430 1812 447 1834 ,
488 1770 735 1841 οὐράνιον
767 1769 1021 1839 νύμφην,
1056 1772 1123 1841 ἦν
1173 1774 1200 1824 6
1250 1774 1438 1845 Πατὴρ
1482 1774 1791 1846 ἠγάπησεν,
1826 1779 1853 1831 6

279 1858 403 1924 Υἱὸς
440 1859 687 1930 ὲνῴκησε
710 1898 725 1923 ,
755 1859 816 1913 τὸ
858 1860 1012 1927 ἄγιον
1051 1862 1275 1932 Πνεῦμα
1312 1864 1667 1935 ὲπεπόθησεν.
1703 1866 1850 1936 Αὕτη

277 1951 381 2022 γὰρ
417 1950 610 2020 νύμφη
644 1951 737 2002 καὶ
787 1950 1035 2013 παστὰς,
1079 1951 1173 2005 καὶ
1211 1954 1275 2005 ὲκ
1319 1953 1519 2021 ταύτης
1565 1954 1593 2008 6
1624 1954 1851 2025 νυμφίος

278 2037 717 2109 δκπορευόμενος
731 2037 966 2108 Χριστὸς
986 2077 1000 2100 ,
1022 2037 1082 2090 τὸ
1108 2038 1430 2110 παρθενικδν
1459 2042 1680 2112 ἔνδυμα,
1711 2044 1849 2097 κατὰ

275 2127 369 2198 τὴν
418 2125 521 2179 τοῦ
573 2127 849 2197 προφήτου
892 2124 1055 2179 Δαϐὶδ
1092 2127 1383 2197 μελῳδίανο
1430 2130 1524 2182 Ἑν
1577 2130 1656 2194 τῷ
1700 2131 1851 2197 ἡλίῳ

275 2215 448 2270 ἔθετο
478 2215 544 2269 τὸ
568 2214 858 2287 σκήνωμα
901 2217 1081 2271 αὐτοῦ
1101 2257 1114 2279 ,
1151 2217 1246 2268 καὶ
1279 2216 1461 2279 αὐτὸς
1487 2217 1566 2283 ὠς
1592 2220 1850 2286 νυμφίος

272 2300 747 2367 ἐκπορευόμενος
778 2303 845 2354 ἐκ
874 2302 1109 2356 παστοῦ
1138 2300 1343 2357 αὑτοῦ.
1381 2297 1450 2354 Ὦ
1482 2301 1714 2372 νυμφίου
1748 2302 1848 2355 1:6-

270 2388 355 2452 θος
388 2391 660 2458 ἄγνείαςῑ
699 2389 797 2460 τὴν
849 2384 986 2443 ἰδίαν
1033 2391 1255 2460 δούλην,
1308 2389 1558 2458 νύμφην,
1596 2389 1685 2441 καὶ
1740 2405 1843 2457 μη-

269 2480 399 2550 τέρα
463 2481 700 2552 ὁρμᾶται
734 2478 763 2532 6
811 2474 1085 2550 Γαϐριήλ·
1118 2478 1374 2549 πρόξενος
1411 2481 1510 2547 τῆς
1567 2478 1843 2549 Παρθένου

268 2571 495 2637 ἐγένετο
518 2612 532 2634 ,
565 2569 793 2642 ούρανοῦ
837 2570 930 2625 καὶ
980 2569 1081 2640 γῆς
1134 2571 1418 2625 συνάπτων
1457 2571 1518 2622 τὸ
1554 2569 1802 2639 θυμίαμα
1828 2588 1841 2600 ’

268 2660 332 2729 ἢν
367 2660 659 2731 προφῆται
693 2660 877 2730 σαφῶς
910 2660 1250 2732 ὑπέγραψαν,
1275 2660 1369 2713 τοῦ
1397 2659 1575 2729 γάμου
1621 2661 1717 2731 τὴν
1746 2661 1843 2713 τά·

269 2749 345 2816 ειν
382 2752 732 2823 κηρύξαντες
753 2793 768 2814 ,
803 2750 919 2816 πῶς
950 2752 983 2821 ἠ
1014 2748 1283 2822 Παρθένος
1306 2740 1564 2822 οὐράνιος
1591 2750 1842 2822 εὑρίσκε-

266 2860 349 2898 ται
395 2845 590 2915 νύμφη
637 2840 769 2915 ὁμοῦ
817 2858 875 2897 τε
927 2845 1021 2898 καὶ
1068 2846 1283 2915 μήτηρ,
1317 2844 1350 2914 ή
1389 2845 1454 2897 τὰ
1506 2843 1611 2913 πρὸ
1664 2844 1842 2912 γάμου

263 2936 413 2991 δῶρα
433 2937 673 2991 λαϐοῦσα
699 2937 760 2989 τὸ
786 2934 939 2991 ἄγιον
966 2935 1209 2991 Πνεῦμα.
1242 2936 1439 2991 προῖκα
1475 2932 1531 2989 δὲ
1557 2934 1648 2988 τὸν
1675 2934 1840 2991 ούρα-

338 2957 413 3009 pa
436 2948 673 2991 λαοουσα
699 2948 760 2989 το
786 2948 939 3003 αγιον
966 2948 1209 3007 ιινευμα,
1242 2948 1439 3007 προῖκα
1475 2948 1531 2989 σε
1557 2948 1648 2988 τον
1675 2948 1840 3006 ουρα-
1948 2948 2111 2989 mouo
2146 2948 2304 3004 Virgo
2334 2948 2605 2988 invenitur
2633 2948 2757 2987 esse
2778 2948 3018 2986 canesus
3055 2948 3254 3001 sponsa
3299 2948 3353 2987 et
3393 2948 3510 2987 ma-

338 3045 352 3079 ι
387 3025 534 3096 ὁμοῦ
562 3044 621 3082 τε
651 3028 745 3081 καὶ
770 3027 1113 3096 παράδεισον.
1871 2985 1911 3039 C
1945 3036 2047 3090 ter,
2070 3040 2212 3096 quae,
2238 3024 2503 3078 donorum
2523 3023 2972 3092 antenuptialium
2988 3024 3229 3087 nomine,
3250 3021 3510 3093 Spiritum

264 3028 352 3080 νὺν
387 3025 534 3099 ὁμοῦ
562 3044 621 3082 τε
651 3028 745 3081 καὶ
770 3027 1113 3097 παράδεισον.

343 3300 566 3373 Ἐξήτει
598 3294 690 3354 οῦν
723 3299 849 3353 [δεῖν
869 3302 901 3370 ἡ
922 3294 1195 3369 Παρθένος
1223 3298 1281 3350 ὃν
1310 3295 1511 3353 ἐπόθει.
1545 3297 1639 3349 καὶ
1668 3290 1836 3362 ἔλεγεο

265 3394 368 3449 Ποῦ
405 3397 437 3448 6
478 3393 712 3462 νυμφίος
748 3386 809 3446 οῦ
840 3392 901 3443 τὸ
944 3390 1135 3452 κάλλος
1187 3389 1363 3451 ποθῶ;
1392 3388 1497 3441 ποῦ
1543 3382 1602 3441 τὸ
1650 3387 1841 3449 κάλλος

262 3484 352 3538 τοῦ
406 3484 563 3555 ἡλίου
608 3482 1025 3553 λαμπρότερον;
1061 3481 1163 3533 ποῦ
1197 3479 1298 3548 τῆς
1332 3479 1509 3548 πάσης
1540 3476 1839 3548 εὐμορφίας

259 3576 291 3646 ἠ
326 3572 699 3642 ἀνεκλάλητος
751 3570 914 3636 δόξας
962 3572 1064 3625 ποῦ
1102 3571 1164 3624 τὸ
1209 3567 1469 3625 ἄσϐεστον
1499 3568 1642 3637 φῶς,
1681 3564 1709 3619 ὃ
1741 3584 1835 3619 πο-

260 3665 433 3721 θοῦσα
463 3667 655 3735 ξητῶς
696 3664 798 3718 ποῦ
826 3667 854 3718 6
877 3664 1026 3733 ἥλιος
1054 3663 1110 3726 ὃς
1152 3663 1345 3716 ἀκτῖνα
1375 3662 1556 3730 ζητεῖς
1592 3654 1693 3713 ποῦ
1730 3656 1838 3711 τῶν

258 3755 563 3827 χερουϐελμ
610 3756 641 3824 ἠ
693 3754 927 3824 κιθάρας
980 3753 1083 3806 ποῦ
1128 3752 1236 3807 τῶν
1287 3750 1555 3821 σεραφεῖμ
1584 3750 1645 3803 τὸ
1685 3750 1837 3803 ἀκοί-

264 3864 436 3917 μητον
476 3844 633 3914 ὄμμα
672 3842 937 3914 Χριστός;
979 3840 1082 3895 ποῦ
1109 3835 1220 3894 τῶν
1250 3836 1555 3910 άγγέλωνή
1600 3836 1839 3908 προσκύ-

258 3954 448 4006 νησις,
481 3936 549 4006 ἣν
581 3937 609 3987 6
641 3932 881 4004 Γαϐριὴλ
921 3936 1191 4003 ὲμήνυσε;
1219 3931 1321 3985 ποῦ
1353 3934 1381 3985 6
1415 3932 1573 4000 μόνος
1612 3928 1707 3983 τοῦ
1745 3929 1839 3999 μό-

259 4045 349 4080 νου
387 4026 684 4097 μονογενὴς
717 4025 848 4087 Υἱὸς
875 4024 968 4077 τοῦ
998 4024 1208 4095 Πατρδς
1232 4064 1246 4085 ,
1296 4023 1354 4076 ὃν
1382 4025 1413 4092 ἡ
1441 4019 1711 4091 Παρθένος
1740 4036 1837 4073 πο-

260 4112 455 4175 θοῦσα.
489 4114 584 4169 καὶ
612 4114 839 4182 φιλοῦσα
872 4114 1005 4185 δμοῦ
1031 4131 1089 4166 τε
1116 4115 1208 4165 καὶ
1238 4111 1471 4180 ζητοῦσα
1494 4107 1832 4171 ἀσπάζεται;

260 4205 403 4274 πρὸς
426 4204 493 4275 ἣν
519 4201 546 4255 6
582 4203 823 4273 Γαϐριὴλ
848 4219 861 4232 ο
897 4201 1070 4268 Χαῖρε
1088 4245 1100 4265 ,
1148 4198 1603 4269 κεχαριτωμένη.
1652 4198 1719 4250 Ἦ
1746 4198 1837 4268 χά-

1963 419 2171 481 mundi,
2210 436 2403 490 nempe
2424 422 2725 478 Christum.
2757 425 2993 482 Rursum
3030 446 3225 488 nomen
3259 436 3389 492 illud
3417 439 3519 495 Ma-

1961 508 2039 558 ria
2069 507 2455 575 interpretatur
2486 514 2697 581 myrrha
2727 518 2908 570 maris.
2962 518 3231 589 Myrrham
3267 542 3394 581 vero
3429 530 3529 583 ali-

1960 597 2085 663 quis
2123 600 2265 653 dicet
2304 602 2489 669 (quod
2519 619 2617 673 ego
2652 606 2812 659 etiam
2846 609 2971 678 aio)
2999 612 3065 665 dc
3098 615 3528 680 immortalitate.

1960 702 2025 740 e0
2081 689 2221 755 quod
2271 692 2511 758 paritura
2565 704 2708 748 esset
2761 712 3024 765 gemmam
3065 703 3424 762 immortalem
3470 712 3525 765 ir.

1960 778 2116 839 mari,
2152 778 2251 833 hoc
2289 792 2371 835 est
2405 781 2455 834 in
2488 786 2710 838 mundo.
2738 786 2883 841 Mare
2919 800 3098 844 autem
3131 793 3273 849 dicet
3307 799 3525 853 univer-

1960 882 2079 920 sum
2126 871 2407 934 mundum,
2436 875 2521 927 cui
2561 874 2719 944 Virgo
2758 882 3099 937 serenitatem
3132 894 3186 938 et
3217 890 3525 957 tranquilli-
3613 909 3629 925 π

1958 965 2119 1012 tatem
2148 964 2399 1028 contulit,
2424 966 2549 1020 dum
2576 978 2787 1037 portum
2826 976 3030 1040 peperit
3050 975 3352 1034 Christum.
3377 980 3522 1035 Rur-

1957 1061 2076 1101 sum
2113 1050 2294 1119 itaque
2323 1057 2594 1121 prazclarze
2619 1060 2812 1127 puellae
2840 1060 3024 1117 Mariae
3064 1065 3282 1119 beatum
3325 1084 3523 1131 nomen

1958 1138 2354 1207 interpretatur
2383 1145 2677 1211 illustrata,
2710 1158 2898 1217 utpote
2924 1168 3046 1222 qua:
3089 1155 3355 1211 illustrata
3395 1161 3466 1213 sit
3495 1174 3523 1213 a

1952 1224 2095 1281 Filio
2122 1228 2237 1293 Dei,
2267 1241 2321 1285 et
2358 1242 2586 1290 cunctos
2632 1239 2915 1295 credentes
2952 1258 3125 1311 usque
3154 1246 3220 1298 ad
3262 1250 3524 1304 terminos

1954 1326 2113 1375 terrae
2163 1321 2413 1377 Trinitati
2462 1326 2864 1384 illuminaverit.
2910 1329 3108 1387 Sancta
3156 1337 3297 1390 enim
3347 1343 3522 1408 puella

1955 1410 2120 1484 Virgo
2150 1412 2319 1471 Maria
2349 1427 2434 1474 est
2460 1436 2661 1489 sponsa
2684 1423 2984 1493 Trinitatis,
3015 1435 3067 1481 et
3092 1426 3385 1487 thesaurus
3411 1434 3524 1488 dis-

1955 1507 2293 1572 pensationis
2360 1510 2519 1577 plane
2584 1526 2838 1579 arcanus,
2891 1517 2978 1569 cui
3031 1516 3249 1573 Gabriel
3301 1521 3520 1591 inquit:

1956 1596 2079 1657 Ave.
2114 1599 2293 1665 gratia
2323 1599 2498 1665 plena,
2544 1600 2801 1657 Dominus
2828 1607 3051 1660 lecum'.
3090 1606 3383 1677 Subjunxit
3418 1613 3525 1666 Ca-

1959 1684 2097 1740 briel
2124 1725 2139 1751 ,
2198 1697 2250 1740 et
2282 1686 2443 1743 Pater
2494 1693 2638 1746 misit
2686 1695 3046 1751 arrhabonem
3081 1698 3149 1753 de
3179 1701 3318 1753 caelo
3355 1701 3525 1771 Spiri-

1960 1782 2072 1829 tum
2107 1786 2383 1843 sanctum;
2414 1786 2733 1851 praeparavit
2770 1785 3043 1854 Virginem
3076 1786 3526 1859 unigenitoFilio.

1958 1866 2165 1919 cmlesti
2188 1883 2410 1935 sponso,
2443 1886 2604 1939 quam
2633 1872 2792 1928 Pater
2823 1874 3030 1940 dilexit,
3057 1876 3227 1934 Filius
3251 1881 3523 1933 inhabita-

1959 1956 2052 2013 νὴ,
2086 1954 2322 2024 Spiritus
2349 1971 2571 2017 sanctus
2594 1965 2913 2032 percnpivit.
2946 1967 3061 2034 Ipsa
3084 1978 3168 2023 est
3189 1970 3331 2023 enim
3356 1985 3521 2038 spon—

1958 2059 2014 2097 sa
2045 2055 2097 2097 et
2126 2048 2418 2111 thalamus,
2456 2059 2508 2103 et
2530 2066 2593 2104 ex
2620 2067 2682 2104 ea
2710 2068 2946 2121 sponsus
2977 2058 3220 2123 procedit
3243 2057 3514 2118 Christus.

1955 2130 2257 2199 virgineum
2299 2134 2866 2206 induinentum,juxta
2894 2157 3113 2195 suavem
3148 2145 3367 2199 Doridis
3391 2160 3517 2214 pro-

1952 2221 2129 2288 phetae
2152 2225 2457 2280 cantionem
2477 2226 2570 2279 :ln
2592 2228 2700 2281 sole
2718 2232 2891 2290 posuit
2913 2231 3308 2287 tabernaculum
3339 2252 3513 2291 suum.

1948 2310 2000 2357 et
2027 2302 2134 2368 ipse
2163 2312 2410 2372 tanquam
2452 2316 2673 2371 sponsus
2697 2306 2976 2369 procedens
3005 2307 3069 2357 de
3099 2304 3332 2357 thalamo
3367 2310 3509 2359 suo”.

1950 2393 1997 2450 Ο
2036 2394 2223 2462 sponsi
2259 2393 2590 2447 desiderium
2643 2407 2869 2446 summa:
2909 2393 3195 2460 puritatis!
3242 2398 3515 2461 propriam

1952 2486 2224 2547 ancillam,
2266 2474 2519 2552 sponsam
2553 2490 2606 2536 et
2638 2491 2860 2535 matrem
2908 2482 3015 2535 sibi
3063 2482 3362 2550 despondet
3413 2482 3519 2535 Ga-

1951 2575 2086 2631 briel
2129 2574 2355 2629 eﬂ’ectus
2405 2573 2726 2627 conciliator
2777 2568 3037 2641 Virginis,
3090 2570 3212 2627 omli
3262 2581 3316 2627 et
3360 2583 3517 2627 terra:

1950 2666 2232 2722 incensum
2287 2676 2451 2733 atque
2497 2663 2863 2718 sufﬁmentum
2892 2679 3000 2716 una
3042 2665 3325 2733 copulans,
3354 2680 3513 2733 quam

1948 2755 2167 2823 quidem
2209 2750 2483 2820 Virginem
2531 2752 2808 2819 prophetae
2881 2752 3029 2805 clare
3087 2752 3512 2822 descripserunt.

1948 2843 2075 2899 dum
2114 2842 2474 2912 pnedicarunt
2500 2842 2692 2895 seriem
2721 2840 3031 2909 nuptiarum
3072 2842 3350 2906 nimirum,
3379 2858 3514 2913 quo-

1948 2934 2111 2989 modo
2138 2930 2304 3004 Virgo
2334 2933 2605 2988 invenitur
2633 2946 2757 2987 esse
2778 2931 3018 2986 caelestis
3055 2947 3254 3001 sponsa
3299 2940 3353 2987 et
3393 2948 3512 2987 ma-

1942 3127 2191 3174 sanctum
2222 3117 2453 3187 accepit,
2485 3117 2630 3172 dotis
2658 3131 2785 3171 vero
2816 3118 3015 3188 gratia,
3038 3117 3237 3172 eretum
3260 3132 3367 3173 una
3386 3134 3509 3174 cum

1947 3208 2224 3277 paradiso.

2012 3296 2298 3363 Quaerebat
2328 3297 2495 3367 igitur
2528 3297 2693 3368 Virgo
2736 3297 3050 3367 conspicere
3078 3314 3238 3367 quem
3294 3298 3510 3354 deside-

1940 3390 2119 3452 rabat,
2152 3388 2407 3457 inquiens
2446 3407 2458 3441 :
2493 3386 2597 3442 Ubi
2628 3395 2712 3442 est
2756 3402 2993 3457 sponsus
3032 3387 3190 3456 cujus
3214 3386 3513 3457 pulchritu-

1939 3478 2121 3535 dinem
2150 3478 2388 3549 exopto?
2415 3478 2503 3533 ubi
2529 3486 2613 3534 est
2640 3476 2986 3548 pulchritudo
3009 3478 3127 3533 sole
3152 3476 3515 3547 splendidior?

1942 3571 2031 3626 ubi
2061 3573 2230 3626 totius
2264 3571 2449 3626 forma:
2476 3571 2641 3642 gloria
2672 3570 2994 3626 inelfabilis?
3027 3569 3119 3624 ubi
3158 3571 3337 3623 lumen
3366 3570 3509 3638 quod

1940 3663 2215 3732 exstingui
2241 3664 2451 3731 nequit,
2486 3659 2631 3731 quod
2679 3676 2776 3730 ego
2825 3675 3039 3713 summo
3081 3675 3202 3712 cum
3241 3659 3511 3712 desiderio

1938 3752 2200 3819 requiro?
2230 3752 2324 3805 ubi
2357 3752 2436 3805 sol
2468 3752 2559 3820 qui
2594 3751 2805 3804 radium
2838 3748 3115 3817 exquirit?
3146 3748 3232 3801 ubi
3267 3749 3508 3816 ipsorum

1938 3840 2221 3894 cherubim
2272 3841 2520 3894 cithara?
2563 3841 2654 3893 nhi
2701 3839 2890 3894 oculus
2924 3838 3196 3907 serapbim
3229 3854 3507 3907 nunquam

1937 3927 2215 3982 dormiens
2244 3929 2529 3983 Christus?
2570 3928 2661 3982 ubi
2710 3927 3026 3995 angelorum
3077 3927 3321 3980 adoratio
3346 3944 3507 3996 quam

1936 4017 2153 4072 Gabriel
2194 4019 2486 4073 iudicavit?
2512 4019 2599 4071 ubi
2635 4019 2783 4073 solus
2808 4033 2872 4071 ac
2901 4018 3069 4073 solius
3096 4017 3276 4072 Patris
3319 4022 3502 4091 unige-

1937 4110 2086 4165 nitus
2111 4108 2478 4180 Filius,quem
2498 4111 2663 4179 Virgo
2695 4118 2963 4179 exoptans
2993 4111 3253 4172 redamat,
3286 4116 3509 4180 perqui-

1939 4217 2065 4255 rens
2097 4202 2331 4256 salutat?
2385 4201 2483 4255 Cui
2532 4201 2749 4255 Gabriel
2791 4203 2866 4255 ait
2896 4221 2907 4256 :
2936 4202 3059 4264 Ave,
3096 4202 3294 4266 Maria,
3332 4206 3507 4272 gralia

260 4312 347 4365 ρις
373 4296 408 4365 ἡ
442 4292 751 4364 ἀπέραντος
778 4290 876 4362 τῆς
906 4291 1063 4358 ἁγίας
1086 4291 1384 4362 Παρθένου.
1421 4288 1616 4357 Χαῖρε,
1656 4306 1836 4357 κεχα-

1950 4289 2118 4355 vlena,
2148 4287 2333 4344 Gratia
2377 4300 2578 4345 sanctae
2627 4288 2865 4360 Virginis
2910 4300 2993 4345 est
3044 4293 3329 4347 immensa.
3381 4295 3506 4355 Are.

253 4382 551 4452 ριτωμένη
570 4425 585 4447 ,
621 4382 830 4435 πολλῶν
862 4381 1069 4452 ἀρετῶν
1106 4378 1628 4450 κατακεκοσμημένη
1654 4422 1668 4445 ,
1700 4380 1837 4451 λαμ-

260 4471 652 4543 παδηφοροῦσα
688 4469 932 4541 Παρθένε
995 4469 1056 4522 τὸ
1093 4469 1352 4524 ἄσϐεστον
1385 4466 1475 4522 τοῦ
1510 4470 1659 4540 ἡλίου
1697 4470 1837 4541 λαμ-

257 4565 528 4635 πρότερον
578 4563 712 4630 φῶς.
748 4562 923 4630 Χαῖρε
944 4604 957 4625 ,
1008 4561 1441 4630 κεχαριτωμένη
1463 4603 1476 4623 ,
1511 4559 1605 4615 τοῦ
1643 4560 1833 4632 νοητοῦ

259 4654 561 4725 ἀγκίστρου
595 4652 656 4705 τδ
686 4653 878 4721 δέλεαρ
900 4669 913 4683 ο
951 4654 1009 4705 ὲν
1056 4651 1138 4705 σοὶ
1173 4651 1279 4722 γάρ
1326 4653 1617 4721 ἄγκιστρον
1656 4654 1689 4723 ἠ
1719 4654 1834 4706 θεό-

256 4757 379 4814 της.
410 4744 589 4810 Χαζοε
608 4784 622 4803 ,
645 4740 1078 4812 κεχαριτωμένη
1100 4780 1113 4802 ,
1144 4742 1177 4811 ἡ
1224 4739 1386 4811 νοερὰ
1420 4738 1518 4810 τῆς
1567 4740 1723 4810 δόξης
1752 4760 1835 4794 κι-

261 4832 435 4897 ϐωτός
455 4850 470 4864 ’
511 4832 706 4901 Χαῖρε,
735 4832 1191 4900 κεχαριτωμένη,
1218 4831 1249 4900 ὴ
1305 4829 1539 4900 στάμνος
1566 4830 1600 4900 ἡ
1632 4833 1828 4901 χρυσῆ,

257 4921 322 4975 τὸ
352 4923 600 4991 οὐράνιον
627 4921 824 4991 ἔχουσα
855 4919 1047 4990 μάννα.
1081 4918 1274 4986 Χαῖρε,
1306 4920 1763 4988 κεχαριτωμένη,
1796 4920 1829 4989 ἡ

256 5012 361 5082 τὴν
408 5013 666 5079 γλυκεῖαν
730 5011 829 5081 τῆς
870 5012 1095 5065 ἀεννάου
1144 5007 1325 5080 πηγῆς
1385 5009 1512 5072 τοὺς
1564 5007 1831 5078 διψῶντας

254 5104 440 5176 ιμπλὴ
448 5124 607 5160 σασα.

330 5193 523 5260 Χαῖρε,
557 5188 994 5261 κεχαριτωμένη
1012 5228 1027 5255 ,
1054 5190 1215 5262 νοερὰ
1247 5189 1486 5246 Θάλασσα
1506 5231 1521 5255 ,
1549 5190 1642 5243 τὸν
1665 5188 1830 5261 οὖρά-

253 5298 373 5334 νιον
410 5283 606 5353 ἔχουσα
646 5281 992 5352 μαργαρίτην
1038 5282 1270 5353 Χριστόν
1296 5299 1309 5312 '
1339 5282 1546 5348 Χαῖρε,
1598 5298 1831 5350 κεχαρι-

254 5374 521 5442 τωμένη,
552 5376 581 5420 6
624 5372 874 5444 λαμπρὸς
925 5371 1186 5447 οὐρανὸς,
1221 5372 1255 5442 ἡ
1303 5370 1395 5425 τὸν
1443 5370 1723 5442 ἀχώρητον
1766 5373 1827 5424 ὲν

333 5525 354 5556 ⁸
376 5522 502 5583 Luc.
539 5542 578 5592 ι,
608 5525 700 5579 28.
793 5526 813 5557 ²
835 5523 980 5579 Psai.
1009 5539 1160 5587 xvnl.
1192 5521 1244 5574 6.

580 5626 853 5684 PnIIOL.
886 5621 1004 5681 Gn.
1040 5618 1261 5679 XLlll.

1941 4382 2117 4450 gratia
2161 4382 2316 4449 plena
2347 4398 2366 4435 :
2400 4385 2584 4437 multis
2613 4383 2907 4437 virtutibus
2948 4392 3207 4438 exornata
3234 4383 3420 4453 Virgo,
3453 4386 3508 4439 in

1941 4470 2190 4540 lampade
2241 4482 2463 4543 gestans
2522 4474 2695 4527 lucem
2759 4473 3257 4543 inexstinguihilem
3306 4518 3320 4540 ,
3395 4479 3509 4531 sole

1939 4561 2382 4629 splendidiorem.
2425 4563 2545 4624 Ave,
2586 4565 2760 4632 gratia
2787 4564 2959 4630 plena,
3002 4564 3145 4617 hami
3189 4581 3314 4619 esca
3346 4568 3511 4634 spiri-

1939 4651 2090 4713 talis;
2113 4652 2379 4719 siquidem
2403 4651 2458 4703 in
2484 4658 2535 4705 te
2557 4652 2750 4705 hamus
2767 4660 2850 4707 est
2869 4653 3143 4706 divinitas.
3174 4655 3297 4715 Ave,
3331 4658 3507 4721 gratia

1936 4740 2089 4805 plena
2126 4739 2313 4808 gloriae
2351 4738 2635 4807 spiritalis.
2668 4740 2791 4804 Ave,
2833 4742 3010 4809 gratia
3057 4741 3233 4808 plena,
3277 4758 3397 4809 quae
3443 4758 3503 4796 es

1937 4845 2075 4884 urna
2125 4844 2290 4883 aurea
2340 4829 2626 4885 continens
2674 4846 2869 4884 manna
2901 4832 3142 4886 eceleste.
3173 4833 3297 4892 Ave.
3326 4835 3501 4901 gratia

1934 4921 2109 4987 plena,
2141 4937 2263 4992 qua:
2306 4923 2554 4978 sitientes
2601 4923 2857 4988 perennis
2903 4921 3069 4977 fontis
3102 4923 3386 4979 dulcedine
3412 4939 3500 4977 sa-

1937 5012 2062 5066 tias.

2008 5193 2130 5258 Ave,
2179 5195 2354 5262 gratia
2391 5195 2567 5263 plena.
2624 5212 2772 5252 mare
2810 5196 3072 5266 spiritale.
3114 5196 3319 5250 habens
3354 5209 3507 5263 gem‘

1937 5296 2078 5333 mam
2108 5284 2384 5338 caelestem
2414 5282 2729 5351 Christum;
2757 5287 2882 5348 Ave,
2914 5286 3090 5355 gratia
3113 5287 3288 5353 plena.
3319 5287 3501 5355 splen~

1934 5369 2119 5425 didum
2184 5373 2416 5441 coelum,
2472 5391 2593 5446 qua:
2646 5377 2701 5432 in
2769 5377 2925 5432 oculis
2986 5377 3497 5447 incomprehensum

3144 5622 3216 5681 16
