3948 6196
396 307 493 358 ml
815 303 896 362 ω

1661 290 1866 344 DUBIA
1907 289 2047 342 AUT
2091 290 2362 345 SPUIlM.

3535 302 3640 360 £92

397 417 647 472 mntines
685 415 876 470 Deum.
901 423 1022 477 Ave,
1052 413 1224 483 gratia
1253 415 1431 479 plena,
1456 425 1576 482 qua:
1615 412 1964 466 clteruhicuttt

2076 418 2322 486 οὐρανοῖς
2359 417 2555 487 ἔχουσα
2581 418 2728 471 Θεόν.
2759 418 2954 486 Χαῖρε.
2989 416 3457 487 κεχαριτωμένη,
3482 418 3516 486 ἡ
3550 419 3645 472 τὸν

399 509 656 562 thronum
710 507 1011 560 divinitatis
1063 503 1272 570 fulgore
1317 518 1568 571 superas.
1621 502 1748 566 Ave,
1791 505 1970 570 gratia

397 603 573 668 plena,
617 614 736 668 quae
780 597 902 652 cmli
951 594 1218 648 circulum
1270 595 1456 657 habes,
1483 602 1536 648 et
1567 593 1736 648 Deum
1771 595 1971 648 incom-

400 692 725 760 prehensum
765 687 818 741 in
843 694 894 740 te
931 700 1059 739 vero
1101 685 1582 753 comprehensum.
1634 700 1736 740 nec
1784 685 1970 738 areta-

399 792 514 834 tum
559 779 827 833 contines.
879 777 1004 834 Ave.
1049 778 1224 846 gratia
1260 778 1435 845 plena,
1483 777 1657 832 nubes
1706 777 1973 831 columnae

399 869 615 932 similis,
669 881 789 939 qua
844 866 1013 920 Deum
1062 867 1249 931 habes,
1296 868 1387 936 qui
1442 868 1701 936 populum
1749 866 1973 920 deduxit

400 976 494 1029 per
520 959 817 1014 desertum.
849 958 989 1024 Quid
1019 959 1229 1012 dicam?
1256 966 1307 1010 et
1344 959 1474 1027 quid
1506 959 1832 1027 proloquar?
1863 973 1972 1028 quo

397 1057 558 1120 pacto
611 1049 821 1104 beatam
885 1048 1192 1118 praedicabo
1247 1050 1436 1118 gloriae
1499 1049 1780 1103 radicem?
1845 1049 1973 1102 Solo

397 1141 540 1193 enim
597 1141 706 1194 Deo
751 1151 996 1208 excepto.
1049 1139 1262 1192 cunctis
1310 1139 1559 1208 superior
1588 1140 1838 1206 exsistit;
1872 1154 1971 1192 na-

400 1239 522 1284 tura
581 1230 870 1284 formosior
927 1239 1010 1282 est
1066 1230 1201 1299 ipsis
1251 1229 1556 1291 cherubim,
1606 1229 1877 1298 seraphin:
1919 1239 1974 1281 et

399 1319 546 1372 omni
573 1318 813 1372 exercitu
857 1318 1102 1387 angelico
1142 1336 1155 1370 ε
1197 1320 1284 1371 cui
1328 1317 1682 1386 prmdicandee
1732 1318 1971 1372 caelestis

399 1426 461 1464 ac
499 1420 711 1464 terrena
744 1409 926 1478 lingua
953 1409 1175 1464 minime
1208 1407 1426 1470 sufﬁcit,
1459 1410 1570 1462 imo
1601 1424 1730 1462 vero
1755 1423 1854 1462 nec
1875 1423 1973 1461 an-

397 1501 662 1568 gelorum.
710 1497 918 1554 Etenim
966 1498 1069 1568 ipsi
1118 1498 1335 1567 quidem
1391 1499 1676 1569 hymnum,
1732 1497 1971 1560 laudem,

399 1591 661 1645 honorem
705 1591 1087 1659 protulerunt:
1120 1603 1226 1642 non
1272 1597 1450 1642 tamen
1485 1604 1550 1643 eo
1585 1588 1745 1643 modo
1792 1589 1971 1655 eloqui

400 1695 499 1750 pro
542 1679 804 1748 dignitate
848 1686 1158 1748 potuerunt.
1200 1678 1548 1733 Lzelabantur
1600 1693 1726 1732 vero
1771 1678 1970 1754 angeli,

2072 506 2390 574 χερουδικὸν
2445 507 2634 575 θρόνον
2704 509 2803 577 τῆς
2873 508 3120 576 θεότητος
3180 508 3644 578 ὲξαστράπτουσα.

2072 594 2271 662 Xaipe,
2305 595 2743 663 κεχαριτωμένη
2763 635 2777 656 ,
2807 595 3003 648 κύκλον
3033 595 3232 664 ἔχουσα
3271 594 3524 664 οὐρανοῦ,
3553 598 3649 645 καὶ

2071 687 2203 739 Θεὸν
2237 686 2518 758 ἀχώρητον
2545 726 2561 750 ,
2598 690 2655 740 ὲν
2687 689 2769 738 σοὶ
2811 686 2867 738 δὲ
2893 685 3138 756 χωρητὸν
3161 723 3176 749 ,
3212 684 3307 736 καὶ
3349 684 3643 753 ἀστενοχώ-

2073 795 2256 848 ρητον.
2287 777 2482 844 Χαζοε,
2515 775 2953 846 κεχαριτωμένη
2975 813 2990 837 ,
3015 773 3324 844 στυλοειδὴς
3347 771 3545 842 νεφέλη
3571 813 3584 834 ,
3607 773 3640 840 ἡ

2070 868 2160 920 τὸν
2197 868 2329 920 Θεὸν
2363 867 2596 937 ἔχουσα,
2636 869 2726 919 τὸν
2757 868 2812 920 ὲν
2845 867 2910 934 τῇ
2961 866 3150 936 ἐρήμῳ
3197 864 3289 915 τὸν
3330 862 3456 915 λαὸν
3513 863 3644 914 καθ-

2071 961 2430 1030 οδηγήσαντα.
2450 958 2514 1010 Τί
2539 959 2710 1020 sinu);
2743 957 2835 1010 ml.
2865 956 2917 1008 τί
2949 953 3200 1023 λαλήσως
3224 954 3341 1014 πῶς
3359 951 3648 1022 μακαρίσω

2071 1048 2166 1118 τὴν
2192 1048 2468 1119 ὀλόρριζον
2515 1047 2702 1111 δόξαν;
2752 1048 2833 1098 ὅτι
2872 1045 3040 1115 χωρὶς
3067 1041 3202 1096 Θεοῦ
3236 1042 3396 1112 μόνου
3429 1042 3647 1093 πάντων

2072 1138 2318 1209 ἀνωτέρα
2363 1139 2618 1208 ὑπάρχει.
2651 1135 3003 1205 Καλλιωτέρα
3047 1134 3157 1204 γὰρ
3205 1133 3313 1185 τῶν
3355 1131 3651 1203 χερουϐεὶμ

2071 1230 2167 1282 καὶ
2195 1230 2485 1298 σεραφεὶμ,
2519 1229 2615 1281 καὶ
2649 1228 2829 1298 πάσης
2863 1227 3121 1296 στρατιᾶς
3155 1225 3396 1293 πέφυκεν
3427 1225 3652 1292 ἀγγελι-

2073 1321 2175 1390 κῆς
2195 1337 2207 1349 ·
2235 1321 2368 1389 πρὸς
2394 1321 2458 1389 ἣν
2505 1318 2732 1390 οὐρανοῦ
2775 1318 2870 1370 καὶ
2893 1318 2999 1386 γῆς
3027 1317 3126 1369 οὐκ
3155 1315 3447 1386 ἐπαρκέσει
3474 1315 3654 1382 γλῶτο

2072 1426 2178 1470 τα,
2223 1411 2366 1478 τάχα
2403 1409 2459 1461 δὲ
2503 1407 2624 1460 οὕτε
2673 1407 2940 1474 ἀγγέλων.
2972 1407 3081 1458 Καὶ
3129 1405 3236 1476 γὰρ
3282 1404 3432 1457 αὐτοὶ
3481 1403 3655 1473 ὕμνον

2074 1501 2168 1552 καὶ
2211 1495 2360 1553 αἶνον
2405 1499 2498 1552 καὶ
2531 1498 2694 1568 τιμὴν
2743 1498 2836 1550 καὶ
2882 1495 3037 1560 δόξαν
3069 1496 3445 1564 προσήνεγκαν
3471 1509 3484 1522 ·
3532 1493 3652 1546 ἀλλ’

2071 1591 2196 1644 οὐτε
2252 1590 2394 1643 οὕτω
2439 1593 2558 1642 κατ’
2592 1589 2749 1654 ἀξίαν
2797 1589 2970 1640 εἰπεῖν
3022 1585 3563 1666 ἴσχυσαν..Ἐχαιρον
3597 1585 3655 1638 δὲ
3718 1595 3723 1601 '

2075 1682 2317 1750 ἄγγελοι,
2349 1683 2424 1744 ὡς
2453 1681 2608 1735 αὐτοὶ
2645 1681 2802 1750 μόνον
2829 1679 2920 1731 τὸν
2949 1677 3079 1730 Θεὸν
3115 1677 3326 1746 ἔχοντες
3344 1716 3357 1737 ,
3389 1675 3526 1745 πρὸς
3556 1674 3657 1738 οὓς

399 1782 658 1841 tanquam
716 1770 820 1839 ipsi
869 1770 1135 1823 duntaxat
1177 1769 1342 1824 Deum
1395 1769 1656 1823 haberent
1706 1787 1718 1822 :
1768 1769 1967 1838 quibus

2076 1777 2103 1844 ἡ
2131 1773 2369 1842 παναγία
2394 1771 2668 1841 Παρθένος
2698 1768 2946 1838 ἀνωτέρα
2982 1765 3192 1834 πέφυκε
3214 1807 3228 1830 ,
3259 1767 3350 1819 τὸν
3398 1766 3531 1819 Θεὸν
3560 1765 3658 1817 τὸν

399 1863 746 1916 sanctissima
780 1858 944 1931 Virgo
974 1861 1222 1930 superior
1248 1859 1410 1921 facta,
1445 1859 1610 1913 Deum
1640 1859 1970 1913 habitantem

401 1955 455 2006 in
487 1952 643 2008 cmlis
675 1952 918 2020 concepit
954 1952 1009 2005 in
1035 1959 1199 2011 terra,
1239 1960 1298 2004 ut
1327 1950 1432 2002 hac
1453 1950 1664 2004 ratione
1697 1950 1971 2003 exercitus

403 2044 718 2112 angelorum
766 2042 1009 2095 traheret
1040 2041 1096 2094 in
1131 2049 1355 2104 terram,
1397 2049 1451 2094 et
1489 2050 1803 2094 versaretur
1847 2054 1972 2093 cum

401 2132 741 2187 hominibus.
779 2131 899 2200 Ipsa
939 2131 1082 2186 enim
1110 2140 1194 2186 est
1226 2130 1349 2184 coeli
1386 2137 1442 2183 et
1470 2139 1629 2183 terra:
1663 2130 1970 2192 mediatrix,

401 2237 524 2292 qua:
551 2221 810 2276 unionem
862 2221 1184 2274 naturaliter
1225 2221 1454 2290 peregit.
1502 2219 1546 2274 Ο
1595 2220 1751 2274 beata
1784 2218 1970 2290 Virgo,

402 2311 654 2367 columba
705 2324 839 2379 pura
884 2318 939 2363 et
984 2324 1182 2378 sponsa
1229 2309 1469 2363 caelestis
1510 2307 1700 2368 Maria.
1749 2307 1970 2368 emtum.

404 2401 661 2469 templum
705 2407 758 2451 et
793 2398 1022 2450 thronus
1066 2397 1391 2458 divinitatis,
1429 2411 1551 2464 quae
1589 2405 1970 2451 coruscantem

405 2491 457 2542 in
491 2489 631 2543 caelo
672 2495 725 2540 et
762 2487 816 2540 in
848 2494 992 2541 terra
1032 2488 1199 2542 solem
1235 2486 1402 2539 habes
1443 2485 1752 2550 Christum;
1801 2486 1973 2540 nubes

410 2577 607 2638 lucida.
637 2593 758 2647 quae
805 2577 990 2647 fulgur
1042 2576 1110 2631 de
1150 2575 1291 2630 cmlo
1322 2575 1720 2630 lucidissimum
1751 2576 1816 2628 ad
1851 2575 1974 2628 illu-

405 2670 718 2723 minandum
781 2668 1041 2722 mundum
1092 2665 1366 2722 deduxisti
1431 2665 1729 2720 Christum.
1792 2665 1974 2719 Nubes

404 2760 666 2821 caelestis,
697 2774 819 2829 qua:
855 2759 1153 2812 tonitruum
1197 2756 1435 2828 Spiritus
1472 2757 1648 2810 sancti
1681 2757 1736 2810 in
1772 2771 1831 2810 se
1857 2757 1975 2825 ipsa

403 2849 743 2906 reconditum
773 2848 999 2901 deduxit
1030 2848 1085 2901 in
1119 2847 1403 2910 mundum,
1433 2857 1486 2901 et
1524 2846 1753 2902 imbrem
1799 2847 1976 2916 Spiri-

407 2949 496 2995 tus
539 2941 714 2994 sancti
761 2940 816 2994 in
865 2939 1176 2993 universam
1211 2949 1409 2992 terram
1455 2938 1521 2992 ad
1564 2938 1974 3006 producendum

405 3033 527 3087 ﬁdei
552 3031 788 3085 fructum
820 3045 943 3084 cum
972 3029 1174 3098 impetu
1205 3029 1444 3083 demisit.

2077 1867 2134 1918 ὲν
2161 1863 2374 1934 οὐρανῷ
2405 1863 2498 1914 ἐπὶ
2521 1861 2621 1930 γῆς
2648 1861 2931 1930 κυήσασα,
2964 1859 3029 1911 ἵν’
3060 1857 3230 1922 οὕτως
3260 1858 3461 1930 ἐλκύσῃ
3490 1875 3659 1930 στρα-

2073 1953 2196 2015 τιὰς
2235 1947 2488 2020 ἀγγέλων
2511 1952 2604 2002 ἐπὶ
2646 1950 2751 2019 γῆς
2804 1949 2940 2018 μετὰ
2969 1947 3290 2017 ἀνθρώπων.
3343 1946 3514 2018 Αὕτη·
3541 1950 3660 2017 γὰρ

2073 2042 2302 2114 οὐρανοῦ
2346 2041 2442 2095 καὶ
2497 2041 2602 2110 γῆς
2657 2040 2884 2110 μεσίτης
2920 2037 3161 2105 πέφυκεν
3219 2038 3444 2109 ἑνότητα
3493 2041 3662 2109 ποιή-

2075 2149 2235 2186 σασα.
2271 2127 2341 2182 Ὦ
2399 2129 2644 2201 μακαρία
2697 2129 2977 2200 Παρθένε,
3029 2129 3167 2200 ἁγνὴ
3218 2127 3557 2200 περιστερὰ,
3623 2129 3660 2198 ἠ

2071 2220 2318 2290 οὐράνιος
2345 2217 2528 2288 νύμφη
2560 2217 2769 2288 Μαρία,
2801 2218 3030 2288 οὐρανὸς
3060 2218 3155 2271 καὶ
3183 2217 3307 2280 ναὸς
3335 2218 3430 2269 καὶ
3462 2218 3661 2286 θρόνος

2071 2310 2170 2376 τῆς
2200 2307 2484 2377 θεότητοςο
2516 2308 2548 2374 ἡ
2596 2306 2687 2358 τὸν
2724 2304 3160 2376 ὲξαστράπτοντα
3193 2307 3250 2358 ὲν
3297 2303 3513 2374 οὐρανῷ
3559 2305 3662 2357 καὶ

2074 2398 2169 2450 ἐπὶ
2213 2398 2317 2466 γῆς
2369 2397 2518 2466 ἥλιον
2548 2395 2747 2465 ἔχουσα
2777 2396 3011 2466 Χριστόν
3033 2412 3046 2426 ·
3083 2398 3116 2466 ἡ
3146 2397 3380 2467 φωτεινὴ
3428 2395 3662 2466 νεφέλη,

2075 2487 2374 2556 πάμφωτον
2428 2485 2714 2556 ἀστραπὴν
2752 2485 2810 2551 ἐξ
2855 2487 3084 2556 οὐρανοῦ
3129 2485 3206 2556 τῷ
3257 2486 3446 2555 κόσμῳ
3485 2503 3665 2539 κατα-

2072 2576 2334 2646 λάμψασα
2358 2577 2623 2646 Χριστόν·
2660 2577 2694 2645 ὴ
2749 2575 2998 2646 οὐράνιος
3031 2577 3258 2645 νεφέλη,
3290 2579 3324 2647 ἡ
3369 2578 3470 2646 τὴν
3497 2578 3668 2648 βρον-

2071 2667 2169 2738 τὴν
2210 2664 2302 2719 τοῦ
2335 2666 2491 2734 ἁγίου
2519 2665 2836 2736 Πνεύματος
2865 2666 2921 2716 ὲν
2959 2667 3123 2736 ἑαυτῇ
3164 2666 3552 2738 κρυπτομένην
3582 2667 3670 2737 τῷ

2075 2759 2263 2828 κόσμῳ
2292 2756 2728 2819 καταϐιϐάσασα,
2758 2757 2792 2826 ἡ
2829 2755 2925 2808 τὸν
2948 2755 3148 2826 ὄμϐρον
3184 2756 3277 2809 τοῦ
3304 2757 3458 2824 ἁγίου
3489 2757 3669 2811 Πνεύ-

2079 2865 2246 2918 ματος
2276 2850 2342 2918 τῇ
2374 2849 2524 2921 πάσῃ
2550 2850 2620 2918 γῇ
2653 2847 2789 2918 πρὸς
2843 2848 3218 2917 καρποφορίαν
3268 2847 3504 2910 πίστεως
3559 2865 3670 2902 κα-

2074 2939 2376 3010 ταράξασα.

474 3125 602 3186 Ave,
649 3122 822 3190 gratia
859 3121 1035 3187 plena,
1074 3126 1226 3188 porta
1261 3119 1549 3184 caelorum,
1596 3119 1664 3174 de
1713 3135 1816 3189 qua
1849 3136 1973 3191 pro-

2149 3114 2340 3182 Xar'pe.
2374 3117 2840 3184 κεχαριτωμένη,
2867 3117 2900 3187 ἠ
2925 3116 3063 3188 πύλη
3093 3114 3198 3169 τῶν
3228 3115 3491 3186 οὐρανῶν,
3526 3116 3674 3187 περὶ

405 3215 567 3285 pheta
596 3213 924 3266 vociferatus
947 3219 1053 3272 est,
1082 3211 1168 3265 bis
1194 3211 1375 3266 verbis
1401 3211 1416 3240 ‘
1447 3229 1460 3264 :
1489 3210 1623 3265 Ecce
1648 3221 1803 3280 porta
1821 3216 1974 3266 clau-

405 3321 487 3365 sa,
528 3312 578 3356 et
628 3301 806 3357 nullus
858 3301 1183 3370 ingredietur
1227 3288 1319 3371 per
1357 3317 1495 3365 eam,
1533 3317 1624 3356 nec
1662 3303 1973 3373 egredietur,

403 3390 752 3466 praterq'uam
784 3396 1036 3449 Dominus
1059 3394 1200 3448 Deus
1223 3393 1400 3455 solus;
1423 3403 1470 3448 et
1490 3396 1589 3448 erit
1615 3405 1768 3465 porta
1790 3397 1976 3450 clausa

405 3488 549 3549 duci,
582 3486 709 3556 quia
723 3484 832 3536 dua:
865 3486 977 3553 ipse
1006 3483 1298 3547 vocabitur,
1328 3493 1377 3537 et
1406 3485 1461 3537 in
1492 3485 1664 3553 ipsum
1691 3485 1973 3552 sperabunt

407 3593 584 3633 omnes
619 3587 809 3648 gentes.

477 3745 552 3801 De
580 3746 683 3800 hac
716 3755 870 3817 porta
899 3749 1064 3804 etiam
1105 3751 1159 3804 in
1191 3749 1432 3806 Canticis
1462 3750 1722 3820 propheta
1771 3751 1825 3804 in
1855 3751 1970 3805 dis-

409 3851 572 3890 cursu
604 3839 870 3893 orationis
906 3840 1067 3909 plane
1108 3849 1162 3894 et
1203 3850 1406 3910 aperte
1430 3843 1774 3914 proloquitur
1809 3843 1974 3897 incla-

408 3943 565 3981 mans
595 3948 608 3982 :
653 3928 855 3984 Hortus
887 3931 1162 3986 conclusus
1216 3949 1368 3987 soror
1389 3950 1526 3999 mea,
1554 3949 1766 4001 sponsa,
1791 3935 1974 3988 hortus

408 4017 706 4080 conclusus,
763 4019 878 4086 fons
929 4021 1166 4090 signatus
1209 4022 1253 4075 ².
1300 4020 1499 4076 Mansit
1561 4022 1614 4074 in
1668 4022 1975 4091 virginitate

409 4113 598 4158 sancta
639 4113 691 4158 et
732 4107 989 4175 praeclara
1038 4110 1215 4177 puella
1265 4108 1456 4174 Maria,
1507 4125 1628 4179 qua:
1673 4121 1757 4166 est
1802 4111 1974 4165 nubes

411 4198 611 4262 lucida,
638 4197 846 4252 habens
883 4199 1026 4253 intus
1058 4198 1227 4251 Deum
1261 4197 1495 4254 Verbum
1535 4219 1547 4253 :
1587 4200 1652 4254 ad
1686 4216 1849 4270 quam
1880 4217 1974 4257 vo-

411 4287 720 4341 calissimus
759 4286 926 4340 Isaias
978 4306 992 4340 :
1049 4286 1180 4340 Ecce
1219 4287 1378 4341 nubes
1429 4289 1578 4353 leris,
1621 4303 1671 4344 et
1718 4295 1882 4346 veniet
1919 4294 1973 4347 in

415 4375 706 4445 Egyptum
737 4375 791 4429 ’:
832 4391 988 4430 mons
1014 4377 1326 4432 nullatenus
1366 4379 1611 4446 incisus,
1641 4393 1971 4455 praeruptam

409 4466 617 4520 habens
667 4475 871 4535 petram
926 4465 1244 4536 Christum;
1295 4469 1362 4524 de
1394 4487 1500 4540 qua
1536 4473 1976 4543 sapientissimus

411 4555 598 4610 Daniel
631 4557 705 4611 ait
743 4573 755 4609 :
788 4558 1066 4612 Abscissus
1103 4568 1180 4612 est
1223 4561 1358 4630 lapis
1388 4563 1452 4616 de
1487 4576 1661 4620 monte
1712 4570 1826 4624 sine
1866 4591 1981 4626 ma-

409 4647 563 4702 nibus
581 4647 620 4708 ⁸,
657 4647 760 4702 hoc
805 4656 889 4702 est
912 4649 1270 4719 absque'viro
1299 4652 1526 4708 solidam
1577 4666 1786 4725 petram
1820 4661 1980 4717 Chri-

412 4749 554 4796 stum
587 4737 748 4809 Virgo
786 4741 1012 4810 peperit,
1045 4743 1161 4811 ipsa
1191 4744 1450 4812 templum
1498 4748 1726 4804 minime
1757 4765 1979 4822 compo-

412 4830 599 4894 situm,
659 4843 780 4897 quae
827 4828 1060 4898 lapidem
1120 4831 1397 4885 caelestem
1459 4832 1623 4888 habet
1670 4837 1974 4902 Christum,

409 4919 528 4988 ipsa
568 4919 741 4972 nubes
784 4919 1227 4983 tonitruiformis.
1275 4937 1397 4990 quae
1432 4921 1613 4991 fulgur
1651 4925 1885 4980 interius
1920 4929 1973 4980 in

411 5018 566 5064 utero
611 5015 814 5078 gestat;
872 5012 1219 5080 sermonique
1269 5027 1390 5064 meo
1447 5020 1743 5068 attestatur
1792 5015 1974 5069 divina

413 5098 713 5168 Scriptura,
747 5098 875 5151 dum
904 5099 980 5152 ait
1019 5116 1032 5151 :
1078 5097 1263 5151 Venter
1301 5109 1418 5150 tuus
1469 5114 1684 5151 acervus
1723 5100 1978 5166 frumenti

409 5191 636 5244 vallatus
661 5190 714 5243 in
739 5189 865 5243 (iliis
900 5191 944 5244 ⁵.
973 5189 1092 5259 Ipsa
1113 5199 1196 5244 est
1217 5205 1344 5258 ager
1373 5189 1593 5242 minime
1629 5191 1830 5254 cultus,
1857 5204 1978 5258 quae

412 5277 645 5334 Verbum
682 5281 828 5334 velut
849 5295 1078 5350 granqu
1122 5281 1378 5335 frmnenti
1417 5281 1436 5312 ⁶
1462 5281 1788 5348 suscipiens,
1814 5283 1976 5332 etiam

411 5373 742 5442 manipulum
771 5373 1110 5444 germinavit.
1161 5371 1283 5439 Ipsa
1338 5373 1590 5426 clibanus
1629 5373 1975 5426 intellectua-

409 5459 499 5527 lis,
545 5479 665 5533 quaa
713 5464 891 5534 ignem
942 5472 997 5518 et
1038 5463 1160 5514 vita:
1189 5475 1382 5529 panem
1425 5463 1683 5518 habebat.
1735 5462 1852 5532 Ipsa
1891 5470 1976 5514 est

2073 3202 2143 3276 ἦς
2193 3207 2220 3258 ό
2279 3209 2566 3278 προφήτης
2623 3209 2864 3278 κέκραγε
2923 3208 3134 3276 λέγων·
3190 3206 3342 3260 Ἰδοὺ
3391 3208 3432 3274 ἡ
3485 3209 3674 3275 πύλη

2077 3297 2470 3367 κεκλασμένη
2496 3341 2510 3363 ,
2534 3300 2630 3353 καὶ
2662 3299 2860 3365 οὐδεὶς
2896 3300 3306 3353 εισελεύσεται
3328 3296 3402 3350 δι’
3436 3297 3672 3366 αὐτῆς,

2075 3388 2216 3443 οὺδιι
2255 3390 2670 3455 ἐξελεύσεται,
2699 3393 2750 3444 el
2785 3391 2871 3460 μὴ
2914 3392 3127 3459 Κύριος
3165 3393 3198 3442 ὀ
3233 3387 3376 3454 Θεὸς
3419 3391 3631 3457 μόνος
3655 3406 3674 3423 ·

2075 3481 2176 3534 καὶ
2208 3480 2379 3535 ἔσται
2433 3483 2471 3549 ἡ
2522 3483 2686 3549 πύλη
2741 3483 3140 3552 κεκλεισμένη
3190 3480 3269 3546 τῷ
3314 3481 3674 3549 ἡγουμένῳ,

2074 3568 2224 3621 διότι
2281 3570 2612 3639 ἡγούμενος
2643 3571 2826 3636 αὐτὸς
2854 3571 3245 3638 κληθήσεται,
3289 3570 3389 3623 καί
3426 3572 3518 3635 εις
3557 3575 3679 3627 af)-

2076 3655 2181 3708 τὸν
2211 3657 2488 3710 samem.
2527 3657 2725 3712 πάντα
2753 3658 2824 3711 τὰ
2852 3659 3016 3726 ἔθνη.

2145 3746 2279 3817 Περὶ
2307 3746 2510 3816 ταύτης
2548 3749 2645 3818 τῆς
2695 3749 2868 3820 πύλης
2899 3749 2989 3802 καὶ
3041 3752 3098 3803 ὲν
3131 3753 3241 3814 τοῖς
3287 3751 3541 3821 ’ᾼσμασι
3601 3757 3680 3825 τῇ

2075 3836 2215 3903 λέξει
2245 3839 2273 3890 ὁ
2311 3840 2592 3908 προφήτης
2643 3839 2853 3909 τρανῶς
2905 3841 3000 3893 καὶ
3055 3842 3240 3909 σαφῶς
3291 3841 3681 3910 καταλέγεται

2075 3927 2378 4000 κεκραγώς·
2398 3927 2602 3996 Κῆπος
2618 3931 3062 3998 κεκλεισμένος,
3085 3931 3316 4000 ἀδελφή
3336 3950 3478 4000 μου,
3517 3937 3683 4003 νύμ-

2075 4037 2158 4087 φη
2187 4037 2198 4048 °
2239 4020 2434 4087 κῆπος
2481 4021 2938 4090 κεκλεισμένος,
2969 4022 3130 4092 πηγὴ
3177 4024 3680 4092 ἐσφραγισμένη,

2081 4114 2332 4183 Ἔμεινεν
2360 4113 2418 4164 ὲν
2455 4114 2520 4180 τῇ
2580 4111 2848 4183 παρθενίᾳ
2889 4115 2922 4183 ή
2975 4112 3103 4180 ἁγία
3142 4115 3234 4165 καὶ
3287 4113 3460 4183 σεμνὴ
3518 4116 3679 4186 κόρη

2075 4203 2266 4273 Μαρία
2287 4243 2301 4266 ,
2333 4205 2366 4273 ἡ
2399 4203 2632 4274 φωτεινὴ
2661 4202 2856 4272 νεφέλη
2877 4243 2892 4265 ,
2926 4205 2958 4273 ἡ
2997 4203 3141 4255 ἔνδον
3172 4201 3366 4272 ἔχουσα
3394 4198 3493 4255 τὸν
3525 4205 3684 4258 Θεὸν

2076 4291 2247 4359 Λόγον
2277 4305 2290 4320 '
2323 4289 2456 4361 πρὸς
2493 4291 2560 4359 ἦν
2594 4293 2621 4342 ὁ
2652 4288 3031 4359 μεγαλόφωνος
3072 4289 3328 4352 Ἡσαΐας·
3385 4291 3539 4344 Ἰδοὺ
3569 4309 3685 4345 νε-

2079 4381 2232 4447 φέλη
2257 4379 2449 4447 κούφη
2471 4417 2485 4440 ,
2509 4379 2606 4431 καὶ
2637 4377 2766 4443 ἣξει
2801 4379 2886 4447 είς
2910 4377 3242 4445 Αἴγυπτον
3282 4377 3343 4430 τὸ
3372 4377 3686 4450 ἀλατόμη-

2075 4489 2167 4526 τον
2199 4473 2350 4544 ὅρος,
2386 4473 2418 4540 ἡ
2450 4469 2546 4538 τὴν
2594 4469 2902 4538 ἀκρότομον
2931 4467 3125 4537 ἔχουσα
3161 4467 3361 4538 πέτραν
3389 4468 3682 4538 Χριστὸν,

2081 4564 2211 4634 περὶ
2247 4559 2312 4633 ἧς
2355 4563 2383 4613 ὁ
2424 4557 2729 4626 σοφώτατος
2759 4558 2955 4630 Δανιὴλ
2982 4558 3160 4627 λέγει·
3203 4559 3538 4628 Ὰπετμήθη
3569 4565 3690 4616 ,u-

2081 4659 2183 4717 θος
2207 4653 2274 4716 ἐξ
2301 4652 2475 4718 ὅρους
2513 4648 2659 4702 ἄνευ
2688 4651 2935 4718 χειρῶν·
2969 4651 3265 4715 τουτέστιν,
3299 4651 3426 4703 ἄνευ
3458 4653 3690 4727 ἀνδρὸς

2078 4747 2175 4816 τὴν
2207 4742 2428 4813 στερεὰν
2477 4743 2682 4814 πέτραν
2713 4746 2947 4816 Χριστὸν
2977 4748 3159 4802 ἔτεκεν
3187 4747 3219 4814 ή
3268 4746 3558 4816 Παρθένος
3585 4791 3604 4814 ,
3650 4751 3689 4803 ὁ

2078 4833 2366 4896 ἀσύνθετος
2395 4833 2553 4895 ναὸς,
2601 4836 2633 4905 η
2673 4835 2764 4888 τὸν
2806 4837 3055 4908 οὐράνιον
3105 4837 3298 4905 ἔχουσα
3328 4837 3478 4889 λίθον
3521 4838 3692 4913 Χρι-

2083 4924 2204 4975 στὸν
2225 4961 2239 4985 ,
2284 4923 2316 4992 ἡ
2350 4922 2686 4995 βροντοειδὴς
2715 4927 2908 4998 νεφέλη
2927 4968 2941 4990 ,
2970 4929 3002 4998 ἡ
3052 4929 3150 4996 τὴν
3189 4928 3474 4999 ἀστραπὴν
3506 4929 3692 4984 ἔνδον

2078 5011 2430 5082 κοιλιοφόρως
2467 5012 2785 5083 βαστάσασα
2809 5032 2823 5046 ·
2855 5018 2948 5068 καὶ
2974 5019 3242 5087 μαρτυρεῖ
3281 5034 3368 5086 μοι
3396 5017 3475 5087 τῷ
3509 5019 3696 5093 λόγῳ

2079 5103 2112 5170 ἡ
2143 5101 2258 5154 θεία
2289 5103 2476 5173 Γραφη
2505 5103 2736 5172 λέγουσα
2755 5145 2769 5169 ,
2802 5108 3008 5160 Κοιλία
3034 5124 3151 5159 σου
3179 5108 3442 5175 θημωνία
3471 5111 3695 5168 σίτου

2080 5192 2458 5262 πεφραγμένη
2483 5195 2552 5246 ἐν
2598 5197 2858 5264 κρίνοις·
2900 5198 2932 5266 ἡ
2979 5197 3327 5267 ἀγεώργητος
3377 5199 3540 5270 χώρα
3573 5243 3592 5266 ,
3649 5207 3695 5276 ἡ

2079 5283 2172 5335 τὸν
2201 5283 2372 5350 Λόγον
2399 5284 2473 5348 ὼς
2496 5285 2690 5339 κόκκον
2718 5287 2862 5339 σίτου
2882 5285 3143 5360 δεξαμένη
3169 5330 3182 5353 ,
3225 5290 3318 5341 καὶ
3341 5291 3400 5342 τὸ
3424 5291 3696 5366 δράγμα

2083 5368 2426 5440 βλαστήσασα
2449 5414 2462 5436 ,
2493 5375 2525 5443 ἡ
2563 5375 2721 5444 νοερὰ
2755 5375 3005 5440 κλίϐανος
3027 5417 3041 5441 ,
3077 5379 3108 5446 ὴ
3159 5377 3220 5430 τὸ
3253 5378 3362 5448 πῦρ
3411 5383 3506 5431 καὶ
3571 5386 3700 5439 τὸν

2079 5460 2240 5530 ἄρτον
2269 5462 2366 5533 τῆς
2396 5465 2538 5532 ζωῆς
2570 5466 2762 5534 ἔχουσα
2782 5480 2796 5494 '
2827 5468 2858 5535 ἡ
2889 5466 3008 5518 ὁσία
3035 5470 3213 5538 μήτηρ
3239 5468 3331 5520 τοῦ
3371 5469 3528 5536 Σωτῆ
3542 5489 3698 5541 ρος,

498 5611 727 5670 'Ezecb.
760 5631 901 5681 xuv,
933 5619 967 5669 2
993 5631 1112 5685 sqq.
1189 5615 1208 5644 θ
1233 5613 1390 5668 Cant.
1425 5631 1496 5679 «ν,
1529 5614 1613 5669 12.
1692 5616 1712 5647 ³
1736 5614 1836 5669 lsa.
1864 5629 1973 5678 an,

2134 5615 2154 5646 ‘
2174 5613 2306 5669 Dan.
2338 5631 2396 5682 ll,
2421 5618 2509 5672 43.
2586 5619 2606 5649 ⁸
2626 5619 2782 5674 Cant.
2806 5635 2901 5684 vn,
2926 5621 2980 5674 9..
3062 5623 3080 5653 ⁶
3101 5619 3258 5678 Joan.
3284 5637 3384 5684 ιιι,
3424 5620 3493 5676 24
3526 5638 3708 5699 sqq.
