3948 6196
384 335 490 391 495

1669 308 1873 364 DUBIA
1912 309 2051 365 AUT
2096 308 2366 364 SPURIA.

3535 295 3639 355 496

387 452 638 510 bustione
675 447 977 505 divinitatis
1027 445 1203 514 ignem
1231 451 1405 494 tenes.
1462 438 1721 492 Clibanus
1752 434 1961 488 intelle—

2090 430 2369 497 ιφλέκτως,
2394 427 2469 489 ὡς
2504 423 2665 496 νοερὰ
2698 424 2876 493 βάτος,
2915 420 3241 491 κατέχουσα,
3266 418 3300 487 ἠ
3340 415 3502 487 νοερὰ
3530 420 3645 471 xli-

386 543 604 609 ctualis,
632 542 723 613 qui
755 541 931 611 ignem
956 545 1009 591 et
1038 548 1233 604 panem
1261 532 1385 585 vita:
1408 529 1647 584 calidum
1678 526 1883 580 mundo
1905 527 1958 579 in

384 650 538 691 esum
575 633 775 695 attulit,
814 628 880 682 de
920 642 1027 696 quo
1058 624 1309 677 Salvator
1340 621 1526 676 mundi
1560 620 1811 674 Christus
1847 618 1917 671 ait
1946 636 1959 669 :

387 725 642 793 Accipite,
684 718 956 781 comedim,
1006 716 1101 769 hoc
1142 724 1219 768 est
1252 728 1437 781 corpus
1467 728 1659 775 meum,
1705 710 1842 778 quod
1872 725 1964 777 pro

387 822 526 873 vobis
564 811 832 882 frangitur
864 810 919 861 in
957 806 1316 860 remissionem
1357 802 1752 871 peccatorum‘.
1792 800 1966 853 Locu-

387 907 502 978 ples
522 914 627 967 est,
642 899 977 962 charissimi,
993 898 1287 951 virtutibus
1311 896 1467 965 plena
1495 909 1681 949 mensa
1700 892 1965 962 virginea,

385 995 608 1067 optimis
634 995 1053 1065 quibuscunque
1092 988 1228 1043 cibis
1256 988 1562 1047 abundans,
1587 985 1789 1055 quibus
1823 994 1966 1038 terra

387 1089 621 1149 fruatur,
674 1084 868 1155 largita
899 1092 981 1137 est
1015 1089 1203 1134 sancta
1243 1077 1406 1148 Virgo
1441 1085 1495 1132 et
1540 1085 1711 1130 mater
1738 1073 1966 1139 Christi,

382 1194 504 1250 qua:
538 1176 875 1247 splendidam
926 1175 1203 1226 lucernam
1251 1169 1585 1223 relucentem
1641 1167 1694 1220 in
1746 1164 1887 1219 caelo
1917 1172 1971 1219 et

386 1282 530 1327 terra
553 1269 831 1324 Christum
864 1265 1118 1334 gestavit,
1149 1262 1215 1315 ad
1261 1275 1422 1330 quam
1474 1259 1733 1328 pr0pheta
1762 1257 1972 1312 Zacha-

386 1365 532 1419 rias:
591 1360 724 1413 Ecce
791 1354 1165 1410 candelabrum
1216 1369 1432 1406 aureum
1485 1360 1532 1405 et
1579 1351 1760 1415 facula
1818 1366 1973 1418 super

387 1452 611 1521 ipsum’.
638 1446 940 1515 Quinetiam
963 1444 1128 1498 David
1152 1444 1427 1498 canticum
1453 1442 1554 1495 hoc.
1580 1441 1971 1495 suavissimum

388 1542 706 1595 inclamat»
745 1536 984 1589 Lucerna
1028 1532 1246 1601 pedibus
1298 1532 1425 1585 meis
1474 1531 1685 1585 verbum
1731 1538 1877 1583 tuum
1926 1538 1975 1583 et

390 1633 565 1684 lumen
595 1629 797 1682 semitis
830 1628 959 1681 meis
975 1627 1015 1683 ³.

460 1801 507 1860 0
534 1800 921 1858 candelabrum
952 1798 1279 1870 virgineum,
1317 1796 1461 1867 quod
1494 1794 1790 1850 illustravit
1819 1799 1973 1848 tene-
2005 1776 2047 1830 Β

392 1897 506 1952 bris
537 1894 831 1949 involutos.
868 1894 910 1945 0
947 1890 1333 1946 candelabrum
1363 1888 1669 1958 virgineum
1707 1885 1974 1955 repellens

398 1988 654 2044 tenebras
698 1993 751 2041 et
788 1984 963 2039 lucem
1017 1981 1303 2053 splendere
1349 1978 1574 2034 iaciens.
1629 1976 1673 2031 0
1725 1976 1976 2030 candela-

398 2084 554 2137 brum
584 2079 911 2149 virgineum,
934 2073 1078 2145 quod
1109 2076 1289 2144 ignem
1321 2079 1375 2125 et
1414 2071 1593 2123 oleum
1618 2066 1978 2137 inseparabile

399 2169 464 2223 ad
488 2167 904 2222 illuminaudum
930 2163 1135 2218 intulit.
1160 2158 1212 2216 0
1235 2159 1623 2214 candelabrum
1652 2157 1975 2224 virgineum,

398 2259 541 2331 quod
567 2258 635 2313 ab
656 2256 926 2312 altissimo
951 2256 1148 2309 throno
1173 2251 1383 2320 accepit
1406 2259 1489 2304 ter
1512 2246 1752 2302 lucidum
1776 2247 1977 2316 ignem,

406 2368 601 2416 unum,
633 2348 1155 2419 inexstinguibilem,
1186 2339 1732 2403 consubstantialem,
1756 2347 1809 2392 ct
1828 2339 1890 2390 ad
1918 2336 1980 2390 il-

402 2443 738 2501 lustrandam
804 2448 1007 2495 terram
1067 2435 1426 2507 resplenduit.
1492 2432 1536 2488 0
1596 2431 1980 2485 candelabrum

400 2537 737 2608 virgineum,
788 2533 855 2587 de
898 2545 1006 2601 quo
1053 2545 1148 2599 per
1198 2526 1522 2596 PrOphetam
1575 2522 1716 2577 Deus
1757 2521 1979 2608 inquit:

406 2627 545 2681 Hluc
566 2624 854 2695 producant
881 2638 1044 2675 cornu
1066 2617 1253 2683 David,
1280 2616 1464 2683 paravi
1490 2596 1984 2668 lucernam'C/irislo

403 2735 517 2772 meo
531 2717 572 2771 ⁸.
607 2716 819 2769 Corona
849 2712 995 2782 regia
1020 2707 1479 2780 pretiosissimum
1504 2704 1710 2758 habens
1729 2703 1984 2771 lapidem,

407 2818 462 2865 ct
493 2805 722 2878 gemmis
754 2802 983 2858 similem
1013 2799 1327 2860 Christum;
1377 2809 1617 2865 purpura
1666 2795 1835 2864 regia,
1868 2806 1988 2862 quae

406 2899 531 2954 coeli
577 2903 845 2964 terraique
898 2906 1077 2961 regem
1135 2888 1331 2954 induit,
1386 2888 1694 2941 universale
1744 2885 1989 2955 corporis

407 2989 787 3044 indumentum
848 2995 1143 3052 purpuram
1192 2979 1473 3042 referens,
1539 2976 1988 3030 constantissima

406 3079 843 3137 Christianorum
900 3073 1069 3133 ﬁdes;
1113 3071 1248 3124 liber
1298 3068 1808 3137 incomprehensus,
1864 3080 1986 3134 qum

410 3170 650 3229 Verbum
694 3177 747 3222 et
776 3164 968 3217 Filium
1018 3161 1198 3215 Patris
1243 3159 1446 3213 mundo
1501 3157 1785 3227 legendum
1837 3157 1990 3211 exhi-

412 3256 603 3314 buisti.
636 3255 803 3310 Beata
831 3253 972 3306 inter
1004 3251 1279 3313 mulieres,
1316 3264 1438 3317 quae
1464 3246 1701 3301 Verbum
1731 3262 1794 3301 ex
1830 3256 1883 3299 te
1916 3247 1990 3298 in-

412 3350 694 3397 earnatum
728 3335 1275 3409 peperisti,Verhuiu,
1301 3336 1541 3404 inquam,
1575 3334 1746 3387 Patris
1770 3332 1985 3392 Filium,

421 3432 650 3487 Verbum
699 3437 823 3481 ante
866 3426 1062 3480 saecula
1121 3424 1310 3488 Deum,
1344 3423 1578 3479 Verbum
1618 3424 1771 3477 initio
1798 3439 1991 3479 carens

416 3533 469 3577 et
490 3531 775 3582 aeternum,
808 3516 1045 3573 Verbum
1093 3532 1217 3571 cum
1251 3515 1410 3571 Patre
1444 3524 1516 3570 et‘
1545 3515 1751 3586 Spiritu
1802 3525 1993 3571 sancto

417 3615 652 3674 unitum,
687 3610 925 3665 Verbum
958 3607 1206 3663 eumdem
1244 3622 1367 3661 cum
1397 3603 1559 3661 Patre
1604 3606 1808 3659 habens
1845 3604 1994 3658 thro-

420 3718 569 3769 num,
613 3698 850 3755 Verbum
880 3697 1077 3754 sedens
1126 3711 1288 3766 super
1318 3694 1620 3760 cherubim,
1669 3704 1722 3749 et
1758 3693 1991 3748 Verbum

421 3791 565 3863 quod
598 3790 904 3861 gloriticant
938 3787 1195 3841 animalia
1223 3785 1633 3856 quadruplicem
1671 3783 1861 3838 faciem
1902 3784 1996 3837 ha-

427 3883 626 3949 bentia,
650 3881 894 3937 Verbum
914 3880 1059 3950 quod
1083 3881 1286 3933 creavit
1314 3877 1556 3946 angelos,
1590 3874 1825 3930 Verbum
1852 3875 1993 3945 quod

430 3975 554 4030 fecit
581 3981 641 4029 ut
690 3973 1033 4043 principatus
1076 3977 1131 4025 et
1175 3975 1471 4039 potestates
1524 3976 1727 4030 essent,
1762 3966 1998 4020 Verbum

425 4065 569 4137 quod
615 4064 856 4119 extendit
902 4063 1072 4117 caelos
1115 4069 1169 4116 et
1220 4070 1418 4115 terram
1455 4057 1719 4123 condidit,
1761 4055 1997 4112 Verbum

427 4170 613 4213 verum
652 4154 822 4210 Deum
867 4155 1046 4223 ipsum
1080 4152 1358 4207 Christum
1392 4150 1682 4205 Dominum
1728 4157 1998 4210 nostrum,

424 4262 610 4318 quem,
625 4246 969 4300 sanctissima
986 4242 1174 4311 Virgo,
1192 4241 1469 4311 peperisti,
1488 4248 1541 4294 et
1557 4240 1736 4294 denuo
1750 4246 1871 4308 post
1886 4253 2003 4308 par-

427 4350 539 4392 tum
561 4338 737 4405 virgo,
756 4350 875 4404 quae
891 4347 1156 4403 gemmam
1174 4331 1498 4401 produxisti,
1513 4344 1772 4381 coronam
1800 4328 1999 4395 regiam

2069 522 2250 584 ϐανος,
2284 521 2317 590 ὴ
2354 518 2414 571 τὸ
2448 517 2558 589 πῦρ
2587 518 2681 569 xui.
2721 514 2809 567 τὸν
2844 514 3004 585 ἄρτον
3040 512 3140 581 τῆς
3176 510 3321 578 ζωῆς
3345 509 3544 580 θερμὸν
3571 506 3646 579 τῷ

2066 612 2255 682 κόσμῳ
2315 609 2451 680 πρὸς
2510 606 2713 677 βρῶσιν
2769 605 3069 672 ὲνέγκασα’
3128 601 3258 673 περὶ
3309 594 3369 653 οὗ
3426 599 3573 666 λέγει
3623 600 3652 651 ό

2068 702 2259 773 Σωτὴρ
2317 700 2413 752 τοῦ
2474 699 2681 768 κόσμου
2744 686 3017 766 Χριστός-ο
3080 693 3340 754 Λάϐετε,
3396 690 3650 758 mirere“

2068 794 2245 848 τοῦτό
2272 810 2389 862 μου
2423 791 2554 844 ἐστὶ
2584 789 2650 842 τὸ
2683 785 2954 854 σῶμα,τὸ
2977 781 3127 851 ὑπὲρ
3159 780 3325 850 ὑμῶν
3347 780 3656 849 κλώμενογ

2068 889 2154 952 εἰς
2185 886 2403 953 ἄφεσιν
2449 877 2771 949 ἁμαρτιῶν.
2826 873 3057 927 Πλουσία
3098 872 3197 942 τῆς
3252 870 3584 942 παρθενικῆς
3621 870 3657 939 ἡ

2070 974 2373 1044 πανάρετος
2409 968 2678 1041 τράπεζα,
2727 960 2770 1020 ὧ
2818 963 3112 1036 ἀγαπητοὶ,
3154 962 3423 1015 παντοίων
3475 958 3659 1013 καλῶν

2071 1066 2375 1139 βρωμάτων
2418 1062 2554 1134 πρὸς
2594 1060 2887 1113 ἀπόλαυσιν
2916 1060 2980 1129 τῇ
3019 1056 3308 1125 οἰκουμένῃ
3346 1053 3658 1123 ἐδωρήσατο

2070 1160 2104 1229 ἡ
2132 1158 2257 1211 ὁσία
2294 1154 2569 1226 Παρθένος
2598 1152 2692 1205 καὶ
2736 1152 2917 1221 μήτηρ
2943 1148 3036 1201 τοῦ
3067 1146 3323 1218 Χριστοῦ,
3358 1147 3391 1215 ἡ
3421 1144 3511 1197 τὸν
3542 1160 3657 1212 φω-

2070 1250 2245 1303 τεινὸν
2287 1248 2482 1318 λύχνον
2523 1244 2616 1299 τὸν
2671 1241 3019 1312 ἑκλάμποντα
3064 1241 3121 1292 ἐν
3166 1236 3379 1307 οὐρανῷ
3426 1235 3519 1288 καὶ
3567 1234 3660 1285 ἐπὶ

2072 1344 2175 1413 γῆς
2209 1341 2527 1412 βαστάσασα
2557 1335 2819 1408 Χριστόνο
2861 1332 2995 1402 πρὸς
3043 1331 3109 1401 ἦν
3148 1331 3176 1382 ὁ
3221 1328 3507 1399 προφήτης
3556 1327 3662 1379 Ζα-

2074 1434 2301 1506 χαρίας·
2351 1431 2498 1485 Ἰδοὺ
2548 1429 2774 1499 λυχνία
2820 1422 3019 1493 χρυσῆ
3070 1422 3167 1475 καὶ
3206 1423 3271 1474 τὸ
3318 1418 3661 1488 λαμπάδιον

2074 1524 2276 1578 ἐπάνω
2306 1520 2515 1589 αὐτῆς.
2548 1515 2848 1588 Τοιγαροῦν
2887 1515 2980 1567 xui.
3011 1515 3040 1566 ὁ
3070 1510 3233 1564 Δασὶδ
3267 1510 3327 1563 τὸ
3367 1508 3660 1579 μελῳδικδν

2077 1608 2229 1686 ᾆσμα
2273 1614 2429 1667 τοῦτο
2480 1611 2613 1680 βοᾷ·
2646 1610 2883 1678 Λύχνος
2913 1603 3038 1670 τοῖς
3063 1603 3211 1657 ποσί
3247 1619 3365 1671 μου
3406 1603 3441 1654 ὀ
3479 1602 3661 1669 λόγος

2076 1719 2217 1768 σου,
2247 1704 2344 1758 καὶ
2368 1702 2494 1771 φῶς
2517 1699 2643 1765 τοῖς
2672 1698 2891 1767 τρίϐοις
2916 1713 3056 1764 μου.

2146 1792 2216 1848 Ὦ
2248 1794 2439 1865 λυχνία
2480 1789 2805 1862 παρθενικὴ,
2853 1788 2887 1858 ἡ
2948 1786 3006 1839 τὸ
3060 1784 3247 1847 σκότος
3285 1781 3663 1836 ἀπελαύνουσα

2078 1891 2171 1943 xui
2196 1887 2258 1940 τδ
2294 1886 2409 1955 φῶς
2452 1879 2892 1950 καταυγάζουσα.
2928 1871 2998 1929 Ὦ
3034 1875 3225 1945 λυχνία
3273 1871 3661 1944 παρθενικὴ,ἠ

2077 1985 2137 2034 τὸ
2162 1978 2274 2051 πῦρ
2306 1978 2399 2031 xui
2433 1975 2493 2029 τὸ
2531 1974 2706 2028 ἔλαιον
2746 1970 3046 2040 ἀχώριστον
3084 1966 3222 2038 πρὸς
3252 1963 3531 2034 φωτισμὸν
3577 1963 3664 2013 ev—

2081 2075 2309 2141 ἐγκασα.
2362 2063 2433 2122 Ὠ
2493 2065 2680 2137 λυχνία
2729 2059 3049 2134 παρθενικὴ,
3109 2057 3380 2127 τρίφωτον
3439 2054 3499 2105 ἓν
3553 2052 3666 2122 πῦρ

2080 2161 2361 2220 ἄσϐεστον,
2386 2155 2667 2226 ὁμοούσιον
2699 2153 2789 2221 ἀφ’
2816 2149 3151 2220 ὑψηλοτάτου
3178 2146 3368 2218 Θρόνου
3401 2144 3664 2206 λαϐοῦσα,

2082 2254 2174 2305 xui.
2211 2250 2348 2322 πρὸς
2385 2246 2662 2316 φωτισμὸν
2697 2246 2795 2313 τῆς
2840 2239 3164 2311 οἰκουμένης
3209 2235 3558 2306 ἐκλάμψασα.
3598 2230 3667 2286 Ὦ

2082 2341 2269 2411 λυχνία
2304 2335 2626 2406 παρθενικὴ,
2659 2334 2787 2404 περὶ
2824 2327 2891 2403 ἧς
2938 2330 3026 2383 διὰ
3070 2327 3163 2381 τοῦ
3196 2327 3482 2399 Προφήτου
3520 2324 3669 2393 λέγει

2082 2435 2109 2485 ὁ
2137 2431 2296 2493 Θεός·
2341 2427 2503 2482 Ἐκεῖ
2537 2421 2877 2491 ὲξιινατελῶ
2926 2421 3104 2490 κέρας
3153 2418 3232 2483 τῷ
3280 2416 3477 2483 Δαόὶδ,
3508 2415 3672 2482 ἡτοί-

2079 2535 2246 2593 μασα
2286 2521 2518 2587 λύχνον
2559 2517 2639 2583 τῷ
2678 2513 2907 2584 Χριστῷ
2949 2531 3088 2583 μου.
3134 2512 3192 2565 '0
3228 2509 3505 2581 βασιλικὸς
3543 2510 3678 2562 στὲ-

2086 2629 2272 2682 φανος,
2326 2610 2416 2663 τὸν
2467 2603 2888 2679 μαργαριτοειδῆ
2935 2602 3226 2672 πολύτιμον
3274 2600 3471 2670 ἔχουσα
3523 2598 3687 2651 λίθον

2086 2703 2353 2774 Χριστόν
2385 2703 2418 2770 ἡ
2453 2699 2702 2770 βασιλικὴ
2736 2695 3013 2767 πορφύρα,
3042 2694 3134 2747 τὸν
3178 2691 3408 2762 ούρανοῦ
3441 2690 3535 2742 καὶ
3571 2690 3689 2760 γῆς

2088 2794 2351 2848 ὲνδύσασα
2385 2791 2602 2862 βασιλέα
2630 2792 2688 2843 το
2718 2786 3093 2859 οἱκουμενικδν
3120 2785 3211 2837 τοῦ
3259 2783 3509 2853 σώματος
3541 2799 3695 2851 πορο

2090 2889 2370 2961 φυροειδὲς
2421 2886 2651 2956 ἔνδυμα·
2703 2885 2735 2953 ἡ
2784 2880 3111 2951 ἀκηλίδωτος
3157 2874 3265 2929 τῶν
3331 2872 3696 2943 Χριστιανῶν

2090 2984 2306 3044 πίστις’
2339 2982 2370 3050 ἡ
2408 2978 2789 3043 ἀκατάληπτος
2834 2971 3032 3042 βίϐλος,
3066 2970 3098 3038 ἡ
3128 2967 3217 3019 τὸν
3256 2966 3429 3033 Λόγον
3458 2962 3552 3016 xui.
3591 2963 3696 3015 τὸν

2093 3073 2223 3126 Υίὸν
2278 3069 2371 3123 τοῦ
2431 3068 2639 3137 [lat-pb;
2691 3064 2767 3134 τῷ
2827 3062 3014 3131 κόσμῳ
3070 3053 3566 3127 παραναγνώσασα.
3624 3053 3695 3105 'll

2018 3121 2057 3173 Ο
2096 3121 2342 3233 μακαρία
2383 3121 2460 3211 ὲν
2484 3121 2810 3227 γυναιξὶν;ἡ
2861 3121 2950 3205 τὸν
2986 3121 3169 3216 ’Λόγον
3209 3148 3272 3199 ὲκ
3301 3121 3415 3196 σοῦ
3463 3160 3701 3213 σαρκω-

2092 3253 2252 3305 θέντα
2284 3249 2538 3311 τεκοῦσα,
2578 3248 2748 3313 Λόγον
2796 3243 2885 3296 τὸν
2930 3238 3021 3293 τοῦ
3062 3238 3274 3309 Πατρός
3316 3236 3468 3295 Υἱὸν,
3504 3235 3700 3303 Λόγον

2092 3342 2181 3393 τὸν
2226 3339 2547 3411 προαιώνιον
2591 3336 2756 3397 Θεὸν,
2814 3334 2983 3401 Λόγον
3033 3331 3298 3399 ἄναρχον,
3340 3326 3435 3377 καὶ
3482 3323 3698 3387 ἀΐδιον,

2095 3433 2265 3499 Λόγον
2300 3430 2391 3483 τὸν
2424 3430 2518 3481 σὺν
2574 3428 2746 3496 ιίατρὶ
2800 3425 2893 3478 καὶ
2939 3423 3078 3492 ἁγίῳ
3126 3419 3400 3488 Πνεύματι
3437 3433 3704 3486 προσκυ-

2093 3525 2369 3591 νούμενον,
2404 3520 2575 3587 Λόγον
2624 3517 2715 3569 τὸν
2767 3514 3051 3584 σύνθρονον
3092 3511 3185 3563 τοῦ
3238 3507 3468 3581 Πατρός,
3507 3508 3703 3575 Λόγον

2094 3614 2184 3666 τὸν
2239 3613 2330 3663 ἐπὶ
2376 3610 2483 3662 τῶν
2546 3606 2840 3678 χερουϐεὶμ
2900 3604 3226 3674 καθήμενον,
3267 3600 3459 3666 Λόγον,
3508 3598 3576 3650 ὃν
3626 3600 3707 3652 τὰ

2094 3704 2445 3775 τετράμορφα
2480 3700 2593 3764 ζῶα
2621 3695 2974 3763 δοξολογοῦσι,
3005 3695 3175 3762 Λόγον
3220 3693 3311 3745 τὸν
3356 3692 3482 3754 τοὺς
3512 3693 3708 3760 ἀγγέ-

2096 3796 2219 3858 λους
2259 3796 2538 3853 κτίσαντα.
2574 3791 2743 3857 Λόγον
2777 3789 2866 3841 τὸν
2922 3787 3094 3856 ἀρχὰς
3125 3784 3218 3838 καὶ
3260 3784 3505 3849 ἐξουσίας
3542 3780 3709 3839 εἶναι

2100 3889 2224 3957 ποιὴ
2238 3904 2420 3945 σαντα,
2456 3883 2625 3951 Λόγον
2655 3881 2745 3934 τὸν
2774 3878 3033 3949 οὐρανοὺς
3074 3876 3409 3935 ἐκτείναντα,
3447 3876 3546 3927 καὶ
3592 3878 3709 3945 τὴν

2099 3980 2202 4046 γῆν
2260 3977 2580 4047 ὲδράσαντα,
2627 3971 2795 4039 Λόγον
2844 3970 2934 4022 τὸν
2980 3968 3229 4039 ἀληθινὸν
3281 3967 3411 4019 Θεὸν
3473 3968 3712 4037 Ἰησοῦν

2101 4067 2331 4137 Χριστὸν
2364 4066 2456 4117 τὸν
2484 4062 2685 4134 Κύριον
2710 4061 2883 4132 ἡμῶν,
2918 4060 2974 4113 ὃν
3008 4060 3211 4121 ἔτεκες,
3246 4057 3489 4125 παναγία
3529 4061 3710 4130 Παρ-

2102 4159 2243 4219 θένε,
2281 4158 2375 4210 καὶ
2412 4154 2549 4225 μετὰ
2581 4153 2739 4205 τόκον
2769 4150 2930 4203 πάλιν
2963 4149 3248 4219 παρθένος,
3281 4148 3312 4216 ἠ
3343 4146 3434 4198 τὸν
3470 4164 3713 4217 μαργα-

2106 4248 2257 4317 ρίτην
2283 4220 2536 4307 τεκοῦσα,
2567 4245 2659 4297 xui.
2686 4243 2777 4295 τὸν
2805 4240 3079 4308 βασιλικὸν
3118 4240 3380 4307 στέφανον
3412 4220 3707 4300 πλέξασα.

2102 4333 2173 4388 *Ω
2209 4336 2450 4406 μακαρία
2484 4334 2749 4402 Παρθένε,
2781 4334 2813 4403 ἡ
2847 4333 2943 4401 τὴν
2976 4330 3222 4402 οὐράνιον
3259 4328 3415 4393 δόξαν
3453 4326 3722 4399 βλαστήο

428 4427 699 4501 plexuisti.
747 4425 791 4481 0
844 4427 999 4481 beata
1036 4423 1221 4492 Virgo,
1272 4439 1393 4493 qua:
1443 4418 1671 4491 gloriam
1721 4416 1986 4471 cmlestcn

2108 4442 2268 4483 σασα,
2294 4426 2327 4493 η
2358 4424 2463 4475 ἀπὸ
2497 4423 2704 4475 πολλῶν
2748 4423 2921 4476 ἀνθῶν
2965 4423 3057 4475 τοῦ
3106 4420 3424 4491 παραδείσω
3459 4418 3561 4469 τὸν
3608 4420 3714 4472 κό-

430 4518 679 4592 portasti,
730 4527 784 4570 et
828 4531 893 4571 ex
944 4514 1129 4568 multis
1188 4512 1411 4569 tioribus
1460 4509 1693 4582 paradisi
1736 4509 1996 4561 mundum

430 4612 597 4666 odore
625 4608 769 4663 bono
796 4606 1035 4675 replesti.
1064 4603 1223 4674 Virgo
1250 4610 1334 4656 est
1363 4603 1533 4657 lilium
1568 4597 1998 4659 immaculatum,

433 4716 553 4773 quae
603 4714 784 4755 rosam
852 4696 1359 4755 immarcescibilem
1418 4694 1626 4765 genuit,
1683 4691 2001 4757 Christum;

433 4794 561 4849 vitis
592 4790 837 4848 veritatis
873 4789 1229 4854 fertilissima,
1262 4795 1315 4843 et
1349 4788 1491 4857 quod
1527 4785 1595 4839 ad
1638 4783 2002 4853 virginitatem

438 4886 657 4940 minime
689 4883 1054 4947 vindemiata;
1112 4897 1231 4952 qua:
1266 4881 1392 4934 licet
1433 4894 1539 4933 non
1578 4877 1742 4940 fossa,
1776 4890 2003 4936 uvarum

438 4987 615 5031 tamen
642 4972 973 5027 feracissima
996 4989 1009 5025 :
1041 4987 1235 5039 nempe
1262 4985 1382 5038 qua:
1410 4976 1675 5021 maturam
1702 4980 1860 5018 uvam
1885 4979 2008 5033 ger-

437 5064 665 5120 minavit
697 5060 995 5135 Christum.
1036 5060 1419 5125 Quamobrem,
1449 5058 1792 5111 sanctissima
1826 5054 2007 5124 Virgo,

439 5157 525 5211 fac
574 5154 733 5209 nobis
779 5150 959 5215 ﬁdem,
1014 5165 1121 5219 qua
1168 5150 1377 5204 ratione
1429 5146 2004 5219 germinaverisiquo

441 5252 599 5315 pacto
640 5244 943 5313 suscipiens
978 5240 1236 5306 Verbum,
1293 5241 1438 5310 quod
1481 5247 1567 5294 est
1614 5245 1739 5292 ante
1784 5238 2003 5302 saecula,

444 5341 616 5387 mater
640 5331 733 5386 Dei
764 5331 880 5386 visa
914 5330 991 5386 sis
1021 5344 1185 5400 super
1215 5340 1437 5384 terram.
1484 5327 1594 5397 Ego
1638 5326 1788 5396 virgo
1822 5326 2005 5379 incuro

2108 4532 2243 4586 σμον
2295 4516 2491 4586 εὐωδίᾳ
2549 4515 2897 4586 πληρώσασα.
2948 4514 3146 4584 Κρίνον
3187 4511 3410 4565 ἄσπιλον
3448 4511 3718 4583 ὑπάρχει

2110 4608 2142 4676 ἡ
2172 4605 2462 4677 Παρθένος,
2490 4606 2551 4657 τὸ
2576 4608 2883 4677 ἀμάραντον
2913 4607 3061 4675 ῥόδον
3093 4604 3397 4672 γεννήσασα
3426 4602 3717 4671 Χριστὸν,

2110 4698 2143 4765 ἡ
2174 4694 2415 4763 ἄμπελος
2443 4695 2539 4763 τῆς
2569 4695 2841 4764 ἀληθείας,
2871 4696 2902 4763 ἡ
2932 4692 3230 4762 πολύφορος
3260 4691 3351 4743 xui.
3379 4690 3728 4761 ἅτρύγητος

2110 4790 2175 4856 τῇ
2209 4783 2494 4855 παρθενίᾳ,
2522 4788 2553 4854 ἡ
2586 4785 2658 4855 μὴ
2707 4788 2990 4853 σκαφεῖσα,
3036 4785 3128 4836 καὶ
3181 4783 3720 4851 βοτρυοφορήσασα,

2113 4879 2144 4932 ἠ
2183 4875 2271 4929 τὸν
2317 4874 2575 4946 πέπειρον
2618 4875 2811 4946 βότρυν
2866 4874 3209 4943 βλαστήσασα
3258 4871 3518 4941 Χριστόν.
3572 4872 3725 4937 Πῶς

2112 4963 2204 5021 οὖν
2250 4965 2607 5035 ἐϐλάστησας,
2666 4969 2849 5037 πεζσον
2903 4966 3067 5034 ἡμᾶς,
3119 4962 3359 5028 παναγία
3404 4960 3728 5030 Παρθένεσ

2116 5060 2233 5123 πῶς
2264 5061 2443 5129 μήτηρ
2466 5058 2598 5111 Θεοῦ
2632 5057 2817 5126 ὤφθης
2854 5058 2944 5109 ἐπὶ
2972 5056 3095 5124 γῆς,
3141 5054 3309 5121 Λόγον
3361 5051 3732 5121 προαιώνιον

2109 5148 2399 5218 δεξαμένη.
2440 5150 2501 5201 'H
2531 5150 2981 5218 κοιλιοφορὴσασα
3011 5145 3277 5216 παρθένος
3322 5140 3432 5210 ἐγὼ
3479 5141 3733 5212 ἄφθαρ-

2111 5257 2221 5303 τος,
2270 5239 2393 5301 ναὸς
2437 5240 2731 5309 ἀμόλυντος
2794 5238 2991 5307 γέγονα
3058 5234 3150 5289 τοῦ
3206 5233 3600 5303 ὲνοικήσαντος
3658 5237 3735 5288 ὲν

2114 5332 2236 5400 ἐμοὶ
2276 5330 2448 5398 Λόγου
2478 5331 2610 5385 Θεοῦ
2644 5331 3037 5400 ἁπειρογάμου.

444 5435 622 5495 rupta,
653 5441 772 5494 qua:
800 5426 858 5479 in
904 5435 1054 5481 utero
1094 5426 1320 5495 gestavi,
1350 5424 1538 5479 eﬂecta
1583 5437 1703 5479 sum
1745 5423 2001 5492 templum
2040 5423 2379 5495 impollutum
2411 5426 2705 5481 habitantis
2751 5426 2804 5479 in
2854 5441 2940 5480 me
2988 5423 3149 5479 Verbi
3211 5420 3304 5476 Dei
3369 5409 3731 5488 nuptiarum

392 5542 395 5545 ν
445 5520 703 5586 expertis.

515 5608 739 5662 'Matth.
764 5628 910 5676 xxvi,
941 5615 1011 5666 ‘26
1045 5613 1114 5669 9.8
1137 5613 1321 5677 Marc.
1351 5628 1465 5673 xiv,
1486 5610 1688 5675 22—24;
1733 5610 1866 5663 Luc.
1900 5624 2035 5676 xxn,
2077 5609 2254 5663 47-20.
2331 5610 2350 5639 ’
2398 5588 2559 5663 Zacb.
2596 5623 2669 5672 tv,
2696 5606 2749 5661 2.
2827 5606 3013 5663 ‘Psal.
3042 5618 3204 5659 cxvm
3227 5643 3241 5670 ,
3274 5598 3394 5657 {05.

453 5693 632 5740 cxxxt,
663 5679 747 5730 t7.

3495 5596 3519 5629 ⁵
3538 5596 3734 5660 I‘sal.
