3948 6196
302 290 397 348 497

999 294 1280 352 HOMILIA
1322 296 1388 352 V.
1433 296 1496 351 IN
1551 294 1827 354 LAUDES
1867 295 1878 348 ε

1983 294 2167 356 “IT-Ai
2201 297 2445 353 MAIHIE
2484 297 2835 354 DEIPARIE.

3441 304 3538 361 ‘98

359 407 465 462 Τδν
506 408 856 480 Ἐμμανουήλ
893 411 958 464 ἐν
982 412 1245 484 ἀφθάρτῳ
1277 412 1454 484 κοιλίᾳ
1487 412 1752 484 φέρουσα,
1790 413 1869 475 εἰς

2041 410 2444 467 Emmanuelem
2490 413 2697 482 gestavi
2743 413 2798 468 in
2859 421 3017 469 utero
3073 414 3440 487 incorrupto,
3487 416 3541 470 in

300 501 535 572 γαστέρα
581 500 923 570 ἀμόλυντον,
975 503 1386 574 ἀφομοιουμένη
1445 503 1619 573 θρόνῳ
1684 520 1874 574 χερου-

301 592 459 664 σικῷ·
515 593 598 658 είς
629 595 694 662 ἢν
735 595 764 646 6
800 595 971 662 Λόγος
1006 594 1099 648 τοῦ
1127 595 1339 666 Πατρὸς
1390 595 1524 666 σὰρξ
1569 595 1802 662 ἐγένετο,
1847 596 1876 648 6

301 687 526 756 ἄναρχος
573 684 667 740 καὶ
705 685 932 758 ἀόρατος
955 703 968 714 ’
1003 687 1196 756 ὁρατὸς
1245 686 1621 757 οἰκονομικῶς,
1654 690 1683 740 6
1720 689 1876 740 ἐναν-

306 777 592 846 θρωπήσας
633 775 796 842 Θεός·
834 779 1028 847 πεῖραν
1073 777 1172 829 οῦκ
1219 779 1488 844 ὲγνωκυῖα
1528 777 1740 847 ἀνδρὸς,
1785 777 1876 831 τὸν

302 867 622 937 προαιώνιον
664 868 800 924 Θεὸν
837 867 1044 938 Ἰησοῦν
1085 870 1317 939 Χριστὸν
1352 868 1558 922 ἔτεκον.
1603 868 1877 940 Παρθένος

301 959 403 1027 γὰρ
449 959 545 1010 καὶ
580 958 675 1010 νῦν
705 958 936 1029 ὑπάρχω
985 959 1123 1030 μετὰ
1166 960 1259 1012 τὸν
1289 959 1466 1021 τόκον,
1515 958 1876 1029 καθαρωτέρα

299 1045 386 1099 τοῦ
422 1045 634 1118 πρώην.
677 1049 916 1112 Ἀπόνως
944 1049 1148 1116 ἔτεκον,
1175 1051 1282 1122 οὐχ
1302 1050 1378 1113 ὡς
1408 1051 1560 1104 πᾶσα
1588 1052 1756 1120 γυνή·
1790 1052 1877 1103 ἀν-

296 1137 454 1206 όμοια
481 1137 588 1210 γὰρ
617 1139 747 1208 ἐμοῦ
778 1141 1046 1194 κάκείνων
1077 1140 1148 1194 τὰ
1186 1141 1386 1212 μεταξὺ
1427 1141 1744 1213 πράγματα.
1765 1142 1876 1195 Οὐκ

296 1227 437 1295 ἔγνω
467 1229 628 1298 φύσις
663 1229 963 1302 ἀνθρώπων
995 1232 1085 1293 τὸν
1111 1233 1267 1286 τόκον
1302 1250 1429 1302 μου,
1461 1234 1509 1285 εί
1543 1233 1616 1303 μὴ
1661 1233 1819 1302 μόνος
1849 1233 1877 1286 6

296 1319 348 1370 ὲν
398 1318 526 1390 ἐμοὶ
569 1321 796 1392 οἰκήσας
846 1323 1000 1388 Θεός.
1044 1319 1116 1377 Ὦ
1167 1323 1450 1394 Παρθένε,
1505 1321 1728 1393 φρικτὸν
1776 1322 1876 1392 τῆς

305 1407 634 1480 Ἐκκλησίας
685 1412 986 1483 κειμήλιον,
1031 1413 1091 1466 τὸ
1149 1413 1296 1481 μέγα
1338 1414 1500 1484 τυχὸν
1555 1413 1872 1484 μυστήριον,

294 1496 448 1566 ἱερέα
470 1497 623 1551 καλεί
652 1497 748 1570 τὴν
779 1500 1046 1570 παρθένον
1082 1500 1218 1570 ὁμοῦ
1255 1517 1314 1553 τε
1342 1501 1436 1554 καὶ
1469 1500 1874 1571 θυσιαστήριον·

291 1588 414 1656 ἥτις
461 1588 940 1661 τραπεζοφοροῦσα
980 1591 1072 1646 τὸν
1124 1592 1371 1664 οὐράνιον
1421 1593 1585 1664 ἄρτον
1638 1592 1874 1662 Χριστὸν

291 1678 493 1731 ἔδωκεν
521 1678 675 1749 ἡμῶν
699 1681 778 1744 είς
819 1681 1010 1749 ἄφεσιν
1058 1682 1362 1754 ἁμαρτιῶν.
1395 1685 1458 1736 Ὢ
1487 1683 1700 1754 γαστὴρ
1733 1684 1871 1754 ἀμόι

289 1768 476 1832 λυντος
519 1769 743 1841 οὐρανὸν
791 1769 984 1826 κύκλον
1033 1771 1248 1843 ἔχουσα,
1286 1774 1377 1827 καὶ
1407 1773 1537 1827 Θεὸν
1565 1773 1869 1845 ἁχὼρητον,
1902 1755 1946 1813 Β

289 1860 343 1914 ιν
388 1861 477 1914 σοὶ
510 1860 567 1914 δὲ
607 1862 852 1934 χωρητδν
909 1862 1241 1933 βαστάσασα.
1279 1866 1342 1916 Ὢ
1389 1864 1600 1936 γαστὴρ
1637 1865 1866 1938 οὐρανοῦ

288 1952 629 2022 πλατυτέρα,
665 1952 797 2006 Θεὸν
829 1951 920 2005 τὸν
961 1955 1022 2007 ὲν.
1057 1953 1140 2006 σοὶ
1186 1953 1260 2025 μὴ
1303 1956 1770 2026 στενοχωρήσασα.
1807 1955 1871 2010 Ὢ

286 2041 502 2114 γαστὴρ
561 2041 896 2106 ὲπτὰκυκλος
950 2043 1210 2113 οὐρανὸς,
1256 2045 1351 2096 καὶ
1397 2044 1723 2116 μειζοτέρως
1769 2045 1868 2098 αὑο

286 2131 393 2185 τῶν
444 2129 807 2202 τυγχάνουσα.
847 2133 911 2184 Ὢ
956 2131 1168 2202 γαστὴρ
1220 2132 1360 2185 ἑπτὰ
1395 2132 1635 2203 οὐρανῶν
1675 2133 1872 2203 ὑψηλο-

284 2221 426 2292 τέρα
479 2223 574 2274 καὶ
615 2221 943 2292 πλατυτέρα.
986 2223 1050 2274 Ὦ
1083 2224 1297 2294 γαστὴρ
1350 2225 1378 2277 ὁ
1425 2223 1604 2291 ὅγδοος
1644 2224 1872 2295 οὐρανὸς

289 2311 688 2383 στερεωμάτων
726 2311 970 2383 ἀνωτέρα
1019 2313 1086 2371 Ὢ
1121 2313 1333 2384 γαστὴρ
1370 2314 1688 2382 ὲπταφώτου
1717 2314 1871 2385 χάρι-

285 2419 372 2466 τος
418 2401 481 2455 τὺ
509 2402 771 2457 ἄσϐεστον
802 2403 1000 2473 ἔχουσα
1033 2404 1168 2472 φῶς.
1208 2405 1273 2457 Τί
1314 2403 1452 2460 εἴπω
1471 2447 1485 2469 ,
1513 2404 1546 2474 ἢ
1576 2404 1627 2457 τί
1656 2404 1872 2474 λαλήσω

286 2495 421 2565 περὶ
450 2496 552 2565 τῆς
585 2497 787 2564 σεμνῆς
832 2494 922 2547 καὶ
963 2495 1122 2563 ἁγίας
1162 2495 1470 2567 Παρθένου;
1507 2496 1564 2549 '0
1599 2494 1760 2558 πόθος
1787 2495 1873 2548 ἕλ-

285 2602 368 2641 κει
399 2603 472 2656 με
506 2585 685 2654 λέγειν
717 2585 968 2656 περὶτῆς
991 2585 1274 2650 Θεοτόκου,
1309 2587 1402 2640 καὶ
1442 2587 1606 2655 φόϐος
1653 2586 1872 2657 κατέχει

288 2695 354 2748 με
379 2676 480 2730 τοῦ
516 2679 746 2748 σιωπᾷν,
776 2677 876 2731 οὐκ
916 2676 1082 2741 ἀξίως
1109 2677 1244 2752 ἔχων
1277 2676 1372 2730 τοῦ
1410 2677 1608 2746 λέγειν.
1652 2678 1710 2732 '0
1749 2679 1873 2743 νοῦς

285 2769 668 2840 προκαλεῖται,
708 2770 801 2824 καὶ
834 2771 862 2823 6
895 2769 1058 2839 φόϐος
1093 2768 1422 2840 ἀπωθεῖται·
1467 2769 1527 2832 ὃς
1555 2769 1678 2839 μὲν
1725 2768 1873 2822 ἕλκει

287 2879 378 2932 με,
413 2861 475 2924 ὃς
500 2861 558 2913 δὲ
590 2860 837 2914 ἀνθέλκει
882 2877 968 2930 με.
1018 2860 1233 2931 Ἐπειδὴ
1282 2856 1375 2914 οὖν
1421 2861 1713 2933 συνέχομαι
1766 2862 1874 2915 τῶν

284 2951 640 3024 ἀμφοτέρων,
664 2947 929 3022 συμφέρει
979 2968 1067 3021 μοι
1116 2950 1343 3023 λαλῆσαι
1388 2954 1642 3024 περὶτῆς
1680 2954 1875 3024 μεγαλ-
1910 2997 1914 3002 .

283 3045 396 3112 ωνύ
407 3062 517 3115 μου
543 3045 636 3097 καὶ
660 3045 813 3108 όσίας
841 3045 1135 3116 Παρθένου.
1168 3046 1326 3114 Λέγω
1351 3046 1459 3119 γὰρ
1482 3047 1682 3118 ταύτην
1712 3049 1875 3118 οὐρα-

285 3135 511 3213 νὺνκαὶ
537 3135 724 3207 θρόνον
757 3135 890 3206 ὁμοῦ
927 3155 986 3190 τε
1024 3137 1117 3191 καὶ
1154 3126 1413 3209 σταυρόνο
1444 3138 1542 3205 τὰς
1573 3138 1682 3209 γὰρ
1713 3139 1875 3207 ἁγίας

284 3226 541 3295 ἀγκάλας
563 3226 868 3291 ὲκτείνασα,
885 3228 976 3280 τὸν
996 3229 1275 3298 Δεσπότην
1307 3228 1606 3285 ἐϐάστασεν
1632 3231 1659 3284 6
1687 3230 1878 3301 θρόνος

286 3318 634 3390 χερουϐικὸς,
676 3321 1038 3392 σταυροειδὴς,
1073 3323 1342 3395 οὐράνιος,
1386 3326 1513 3396 περὶ
1548 3320 1615 3394 ἧς
1657 3326 1744 3378 διὰ
1771 3326 1877 3380 τῶν

286 3410 328 3462 Γ
332 3411 531 3481 pagina
573 3413 631 3465 ὲν
667 3412 914 3482 οὐρανοῖς
942 3414 1304 3485 παρακύπτω,
1332 3417 1426 3468 καὶ
1459 3415 1640 3486 βλέπω
1675 3416 1880 3486 ταύτην

292 3501 402 3554 ὕπὸ
445 3503 692 3571 ἀγγέλων
734 3505 1231 3576 προσκυνουμένην.
1273 3506 1435 3563 Ὅθεν
1475 3507 1688 3577 πρῶτον
1717 3509 1746 3560 6
1771 3509 1880 3564 Γα-

288 3592 458 3663 ϐριὴλ
502 3593 603 3663 τὴν
645 3594 916 3665 Παρθένον
961 3595 1288 3659 ἀσπάζεταιο
1323 3597 1517 3665 Χαῖρε,
1572 3615 1880 3667 κεχαριτω-

289 3683 473 3752 μένη,
519 3685 553 3736 δ
600 3681 819 3752 Κύριος
847 3678 999 3754 μετὰ
1027 3687 1176 3741 σοῦ·
1210 3686 1396 3755 χαῖρε,
1420 3689 1878 3758 κεχαριτωμένη,

287 3774 318 3824 6
365 3772 628 3843 λαμπρὸς
667 3775 926 3845 οὐρανός·
970 3777 1157 3846 χαῖρε,
1213 3776 1668 3848 κεχαριτωμένη,
1710 3776 1743 3848 ἢ
1790 3779 1882 3832 τὸν

290 3861 746 3933 ἑξαστράπτοντα
811 3865 870 3936 ἐξ
949 3867 1178 3938 οὐρανοῦ
1246 3867 1520 3939 λαμπραῖς
1603 3869 1882 3940 λαμπάσιν

290 3955 494 4008 ἀκτῖνα
520 3954 718 4026 ἔχουσα
747 3957 896 4026 ἥλιον
921 3957 1014 4011 τὸν
1038 3952 1292 4030 Χριστόν.
1336 3960 1614 4030 Σεραφεὶμ
1661 3952 1884 4030 γέγονεν

294 4047 330 4116 ὴ
381 4045 679 4116 Παρθένος,
709 4049 744 4118 ἡ
802 4047 1174 4119 πολυώνυμος,
1205 4051 1300 4106 καὶ
1329 4050 1730 4120 πολυόμματος,
1783 4051 1882 4120 τῆς

295 4138 688 4208 ἁκαταλήπτου
713 4136 872 4202 Θέαςο
909 4140 1096 4210 σκέπη
1133 4157 1216 4204 τις
1248 4139 1428 4211 νοερὰ,
1466 4141 1534 4193 δι’
1577 4142 1883 4212 οἰκουμενι-

295 4226 400 4281 κοῦ
426 4228 678 4300 σώματος
698 4229 1002 4301 εὑρεθεῖσα,
1027 4229 1098 4284 τὰ
1124 4232 1416 4302 χερουϐεὶμ
1459 4231 1880 4302 ὑπερϐαίνουσα.

309 4321 527 4375 Ἐκεῖνα
558 4321 658 4392 μὲν
685 4322 795 4394 γὰρ
839 4323 1272 4394 ἀποστρέφονται
1307 4323 1383 4393 μὴ
1411 4323 1684 4393 δυνάμενα
1711 4323 1886 4376 ἀτενί-

1978 508 2165 558 ventre
2210 502 2515 571 impolluto,
2547 503 2744 558 similis
2769 504 2956 559 eﬂecta
2982 505 3180 560 throno
3207 506 3502 562 cherubieo
3526 523 3543 562 :

1979 591 2032 646 in
2073 608 2179 662 qua
2212 607 2340 647 caro
2388 591 2590 647 factum
2622 603 2706 650 est
2752 594 2989 649 Verbum
3029 595 3228 659 Patris,
3258 595 3354 668 qui
3400 594 3546 650 Deus

1976 693 2060 740 est
2109 685 2266 740 initio
2324 700 2537 749 carens,
2582 699 2636 740 et
2681 684 2808 740 licet
2843 687 3134 741 invisibilis
3163 725 3178 751 ,
3231 686 3546 758 spectabilis

1979 784 2158 830 tamen
2211 791 2306 846 per
2339 776 2804 845 dispensationem
2836 787 3130 846 assumpta:
3159 778 3341 833 carnis
3367 777 3547 831 factus

1977 875 2079 920 est.
2125 865 2243 920 Non
2292 875 2537 932 experta,
2584 881 2688 921 nec
2736 881 3070 936 cognoscens
3113 868 3314 934 virum,
3362 874 3548 938 peperi

1977 958 2167 1022 Deum,
2200 959 2291 1027 qui
2322 966 2405 1013 est
2432 969 2556 1013 ante
2604 957 2825 1023 saecula,
2866 959 3044 1029 ipsum
3073 958 3376 1014 Christum.
3411 956 3545 1011 Nam

1976 1049 2138 1102 etiam
2171 1063 2314 1102 nunc
2342 1064 2461 1106 sum
2497 1048 2650 1119 virgo
2679 1056 2804 1120 post
2836 1055 3084 1118 partum,
3115 1050 3306 1118 purior
3339 1048 3429 1120 (si
3461 1047 3548 1103 di-

1977 1154 2102 1195 cere
2131 1140 2277 1210 licet)
2310 1155 2472 1210 quam
2499 1148 2691 1206 antea;
2726 1139 2845 1195 sine
2883 1140 3067 1196 labore
3107 1139 3310 1212 peperi,
3342 1155 3453 1196 non
3490 1146 3549 1195 ut

1977 1247 2166 1287 onmes
2195 1232 2484 1298 mulieres;
2514 1231 2812 1286 dissimiles
2847 1231 2990 1286 enim
3029 1230 3250 1285 fuerunt
3284 1246 3371 1286 res
3417 1245 3550 1285 mea:
3621 1261 3626 1265 ε

1977 1337 2042 1376 ac
2074 1323 2286 1376 illarum
2321 1323 2463 1376 inter
2494 1323 2837 1392 pariendum.
2873 1321 2987 1375 Non
3023 1321 3175 1375 novit
3209 1329 3404 1374 natura
3449 1320 3550 1373 bu-

1976 1427 2133 1467 mana
2165 1423 2380 1483 partum
2413 1429 2614 1478 meum,
2647 1420 2877 1484 excepto
2911 1413 3028 1467 solo
3059 1411 3190 1476 Deo,
3228 1415 3321 1484 qui
3376 1412 3430 1466 in
3463 1427 3551 1468 me

1977 1500 2257 1556 habitavit.
2288 1499 2332 1554 Ο
2356 1499 2651 1572 Virginem,
2683 1504 3013 1571 stupendum
3045 1502 3305 1557 Ecclesia:
3327 1504 3554 1556 thesam

1977 1606 2118 1653 rum,
2145 1591 2236 1660 qui
2272 1591 2496 1660 adeptus
2542 1599 2625 1647 est
2675 1593 2865 1662 ingens
2900 1593 3246 1662 mysterium,
3272 1591 3550 1662 Virginem

1978 1684 2214 1755 appellat
2255 1683 2403 1738 velut
2459 1684 2799 1738 sacerdotem
2850 1685 3075 1754 pariter,
3112 1691 3166 1737 et
3195 1684 3403 1747 altare;
3431 1696 3554 1750 quae

1977 1774 2193 1844 quidem
2230 1789 2474 1829 mensam
2520 1776 2720 1840 ferens,
2752 1774 2900 1829 dedit
2941 1776 3103 1831 nobis
3147 1778 3426 1830 caelestem
3458 1788 3554 1842 pa-

1977 1881 2100 1920 nem
2131 1864 2411 1920 Christum
2446 1866 2500 1919 in
2534 1867 2910 1924 remissionem
2944 1875 3316 1938 peccatorum.
3360 1864 3404 1919 Ο
3433 1873 3554 1920 ute-

1977 1969 2096 2009 rum
2133 1955 2499 2026 impollutum,
2529 1957 2818 2012 habentem
2854 1958 3117 2012 circulum
3145 1958 3434 2019 castorum,
3460 1955 3554 2024 qui

1977 2044 2145 2100 Deum
2169 2046 2706 2115 incomprehensum,
2741 2047 2798 2100 in
2840 2055 2892 2102 te
2925 2063 3055 2102 vero
3092 2047 3550 2116 comprehensum

1979 2137 2227 2205 portasti.
2263 2133 2312 2191 0
2338 2145 2550 2190 uterum
2602 2137 2742 2191 coelo
2790 2138 3131 2206 ampliorem,
3165 2137 3259 2208 qui
3290 2136 3458 2190 Deum
3499 2136 3556 2191 in

1978 2235 2029 2280 te
2058 2241 2166 2280 non
2199 2227 2517 2281 coarctasti.
2547 2224 2590 2280 Ο
2623 2234 2861 2292 uterum,
2887 2228 2983 2296 qui
3023 2227 3226 2281 coelum
3253 2242 3314 2285 es
3345 2235 3552 2296 septem

1977 2320 2198 2376 circulis
2227 2328 2508 2383 constans,
2539 2331 2591 2376 et
2623 2321 2876 2390 capacior
2925 2321 3033 2374 illis
3080 2319 3322 2375 exsistis.
3350 2317 3395 2374 0
3437 2327 3555 2374 ute-

1979 2426 2098 2465 rum
2147 2418 2356 2482 septem
2392 2412 2548 2465 coelis
2583 2411 2958 2466 sublimiorem
2999 2418 3161 2480 atque
3202 2411 3473 2464 latiorem.
3511 2408 3555 2463 0

1979 2509 2217 2566 uterum,
2245 2501 2341 2571 qui
2368 2517 2428 2556 es
2454 2510 2708 2556 octavum
2745 2502 2970 2565 caelum,
2999 2510 3207 2570 septem
3240 2501 3556 2555 firmamen-

1978 2591 2049 2647 tis
2083 2592 2390 2648 eelsiorem.
2436 2589 2480 2646 Ο
2511 2602 2722 2647 uterum
2771 2592 3061 2646 habentem
3113 2590 3558 2661 inexstinguibile

1980 2683 2163 2736 lumen
2216 2683 2418 2753 septies
2472 2682 2708 2738 lucentis
2763 2683 2975 2752 gratiae.
3011 2681 3153 2748 Quid
3209 2682 3412 2746 dicam,
3462 2688 3557 2734 aut

1951 2772 2112 2846 quid
2145 2773 2338 2844 loquar
2381 2773 2449 2828 de
2495 2773 2756 2843 praeclara
2787 2781 2841 2827 et
2875 2782 3066 2828 sancta
3101 2772 3360 2843 Virgine?
3406 2771 3559 2830 Desi-

1981 2864 2194 2919 derium
2229 2880 2316 2919 me
2344 2864 2534 2929 trahit,
2584 2871 2644 2917 ut
2676 2863 2744 2918 de
2779 2863 3008 2934 Deipara
3036 2864 3200 2920 verba
3233 2866 3462 2930 faciam;
3504 2875 3558 2922 et

1981 2954 2216 3013 formido
2243 2971 2329 3012 me
2360 2957 2556 3010 retinet
2589 2956 2642 3009 in
2671 2955 2910 3025 silentio,
2953 2964 3013 3011 ut
3041 2957 3134 3026 qui
3183 2972 3294 3012 non
3326 2956 3556 3010 habeam

1983 3048 2295 3102 facultatem
2326 3048 2546 3104 dicendi
2581 3063 2679 3120 pro
2703 3049 2989 3120 dignitate.
3018 3048 3250 3104 Animus
3279 3048 3554 3110 hortatur,

1979 3145 2032 3193 et
2063 3145 2242 3193 metus
2264 3137 2506 3196 deterret
2538 3158 2552 3195 :
2587 3141 2677 3196 ille
2708 3138 2930 3210 quidem
2963 3140 3133 3193 trahit
3166 3154 3272 3202 me,
3295 3139 3398 3198 iste
3428 3152 3556 3194 vero

1979 3246 2064 3286 me
2095 3230 2384 3286 abstrahit.
2413 3230 2550 3286 Cum
2583 3247 2714 3302 ergo
2759 3232 2829 3286 ab
2873 3239 3108 3300 utroque
3136 3229 3425 3292 distinear,
3459 3243 3559 3282 ex-

1979 3321 2127 3390 pedit
2155 3322 2286 3376 mihi
2322 3329 2382 3378 ut
2421 3337 2729 3377 sermonem
2765 3321 2996 3377 habeam
3048 3319 3116 3374 de
3171 3318 3469 3390 percelebri
3507 3330 3562 3374 et

1981 3422 2170 3468 sancta
2205 3409 2446 3484 Virgine.
2482 3413 2614 3469 Dico
2639 3415 2783 3469 enim
2813 3413 2959 3467 illam
2990 3428 3112 3468 esse
3148 3413 3370 3475 caelum,
3410 3411 3562 3466 thro-

1981 3520 2112 3559 num
2139 3505 2304 3562 simul
2341 3512 2396 3560 et
2427 3519 2646 3560 crucem
2673 3505 3006 3561 :extendens
3039 3504 3183 3560 enim
3217 3512 3437 3558 sanctas
3480 3503 3563 3556 ul-

1981 3609 2082 3648 nas
2112 3593 2398 3648 Dominum
2435 3593 2671 3663 portavit
2720 3593 2954 3646 thronus
2999 3591 3353 3651 cherubieus,
3383 3589 3562 3643 cruei-

1983 3682 2173 3740 formis
2219 3692 2276 3739 et
2314 3683 2578 3748 etelestis,
2611 3681 2680 3736 de
2709 3697 2814 3752 qua
2843 3697 2938 3751 per
2962 3679 3275 3750 Scripturas
3305 3678 3359 3729 in
3390 3678 3560 3732 caelos

1984 3773 2260 3838 incumbe,
2311 3781 2366 3828 et
2409 3771 2689 3842 conspicio
2741 3773 2888 3825 illam
2946 3769 3016 3822 ab
3062 3768 3269 3838 angelis
3317 3765 3557 3819 adorari.

1984 3865 2122 3919 llinc
2147 3864 2363 3920 Gabriel
2399 3865 2453 3917 in
2483 3864 2677 3933 primis
2707 3863 2908 3918 salutat
2932 3859 3208 3928 Virginem
3243 3858 3405 3920 :Ave,
3435 3874 3559 3926 gra-

1985 3959 2058 4012 tia
2103 3957 2277 4023 plena,
2311 3970 2431 4025 qua:
2477 3969 2538 4010 es
2589 3953 2930 4023 splendidum
2965 3952 3186 4006 cmlum.
3217 3951 3339 4014 Are,
3384 3950 3562 4019 gratia

1983 4047 2158 4117 plena,
2190 4060 2312 4114 qua:
2342 4045 2510 4100 habes
2543 4043 2757 4098 radium
2803 4042 2871 4097 de
2918 4041 3058 4096 coelo
3106 4041 3300 4095 lucidis
3347 4039 3564 4093 facibus

1985 4147 2388 4201 coruscantem,
2411 4141 2598 4204 utpote
2625 4133 2798 4188 solem
2828 4131 3302 4203 Christum.Virgo
3323 4133 3560 4203 plurium

1986 4210 2267 4282 nominum
2299 4237 2352 4282 et
2381 4226 2674 4300 multoeula
2701 4224 2894 4280 eﬂ‘ecta
2939 4233 3024 4280 est
3055 4226 3326 4296 seraphint
3354 4225 3563 4278 incom-

1987 4317 2586 4392 prelicnszevisionis;
2643 4332 2763 4386 qua:
2806 4317 3021 4371 inventa
3071 4323 3150 4372 est
3204 4316 3567 4370 vclamentum

299 4429 396 4464 σαι
423 4415 557 4484 πρὸς
580 4413 768 4484 νοητὸν
806 4413 916 4485 πῦρ
940 4407 1040 4484 τῆς
1070 4414 1340 4483 θεότητος.
1372 4413 1520 4485 Αῦτη
1569 4414 1626 4468 δὲ
1667 4416 1878 4485 τρανοῖς

1989 4409 2259 4480 quoddam
2298 4409 2659 4464 intellectuale
2689 4407 2938 4478 corporis
2982 4407 3326 4472 universalis,
3374 4406 3565 4462 cheru-

300 4506 544 4575 ὄμμασιν
571 4507 951 4572 ἐνατενίζουσα
994 4507 1055 4560 τὺ
1101 4507 1480 4578 ἀκατάληπτον
1523 4507 1618 4560 καὶ
1648 4507 1876 4580 ἀκοίμη-

298 4616 397 4650 τον
428 4598 582 4668 δμμα
612 4599 869 4670 Χριστοῦ,
910 4597 1147 4652 ποθοῦσα
1191 4599 1284 4652 καὶ
1327 4597 1554 4667 φιλοῦσα
1585 4597 1878 4666 ἠσπάζετο.

301 4691 564 4762 Στρατιαὶ
588 4691 837 4761 ἀγγέλων
863 4691 1149 4744 ὑποπόδιον
1176 4690 1284 4743 τῶν
1314 4689 1486 4742 ποδῶν
1513 4689 1606 4742 τοῦ
1631 4689 1881 4760 Σωτῆρος

303 4785 760 4853 προσπίπτοντες,
783 4784 905 4838 οὔτε
937 4785 1085 4850 ίδεῖν,
1114 4781 1236 4837 οὔτε
1280 4782 1624 4856 προσψαῦσαι
1672 4781 1883 4852 ἰσχύου-

307 4889 424 4925 σιν·
462 4876 599 4946 αῦτη
631 4876 688 4928 δὲ
723 4877 872 4946 χείλη
918 4876 1122 4946 χείλεσι
1157 4876 1498 4928 συνάπτουσα
1539 4873 1628 4926 τὸν
1673 4873 1882 4926 ἀκατά-

307 4963 510 5033 ληπτον
539 4966 833 5036 ἠσπάζετο.
870 4963 938 5019 Ὦ
978 4965 1648 5038 Παρθένε,ἀκαταλήπτου
1684 4981 1886 5034 μυστη-

307 5049 433 5121 ρὲου
480 5053 718 5124 ῳέρουσα
761 5053 967 5125 θαῦμα,
1007 5037 1563 5126 τριπόθητονπίστιν
1595 5056 1661 5125 τῇ
1713 5055 1884 5107 οἰκου-

307 5139 454 5213 μένῃ
482 5141 780 5214 κηρύξισα.

403 5399 662 5472 ’Δγγέλων
687 5406 934 5478 ἀνωτέρα
957 5408 1180 5476 γέγονεν
1214 5411 1248 5479 ή
1279 5409 1569 5481 Παρθένος,
1602 5412 1888 5484 μειζοτέρα

313 5490 430 5543 τῶν
449 5497 735 5568 χεροοσεὶμ
756 5500 849 5552 καὶ
875 5499 980 5552 τῶν
1003 5501 1292 5571 σεραφεὶμ,
1310 5501 1616 5572 ἀρέσκουσα
1645 5503 1720 5572 τῷ
1746 5503 1892 5573 βασι·

319 5579 413 5635 λεί
444 5586 675 5659 Χριστῷ,
721 5589 795 5653 ὡς
841 5589 964 5655 ἀξία
999 5592 1157 5663 δσᾶλη
1226 5591 1318 5645 καὶ
1367 5595 1547 5665 μήτηρ
1600 5595 1888 5666 τιμηθεῖσα

319 5679 474 5748 παρὰ
499 5681 637 5754 Θεῷ.
679 5681 836 5752 Ἀγία
879 5686 1062 5757 μήτηρ
1103 5685 1387 5758 ἀμόλυντε,
1438 5689 1469 5758 ἡ
1516 5688 1602 5743 τὸν
1647 5690 1751 5763 πρὸ
1796 5690 1888 5745 σοῦ

1985 4505 2097 4567 bim
2147 4500 2561 4558 transcenderis.
2589 4499 2682 4553 illa
2728 4500 2872 4555 enim
2926 4508 3266 4564 avertuntur,
3295 4514 3419 4552 cum
3469 4511 3566 4551 nco

1989 4605 2192 4666 queant
2238 4593 2537 4664 spiritalem
2581 4592 2758 4662 ignem
2791 4591 3093 4646 divinitatis
3125 4591 3243 4646 ﬁxis
3272 4591 3445 4644 oculis
3477 4591 3562 4644 iu-

1990 4687 2128 4741 tueri
2161 4705 2173 4740 :
2205 4686 2317 4739 haec
2340 4695 2518 4738 autem
2549 4683 2754 4752 apertis
2777 4681 2952 4736 oculis
2984 4682 3084 4735 fixe
3113 4681 3331 4735 intuens
3365 4682 3566 4734 incon-

1990 4776 2406 4848 prebensibilem
2453 4781 2506 4828 et
2549 4773 2726 4828 somni
2775 4782 3048 4840 expertem
3083 4771 3300 4825 oculum
3333 4771 3560 4833 Christi,

1991 4884 2114 4923 cum
2145 4867 2418 4922 desiderio
2443 4873 2497 4920 et
2525 4864 2718 4918 osculo
2751 4862 3043 4918 salutabat.
3075 4861 3360 4915 Exercitus
3401 4874 3560 4929 ange-

1991 4961 2168 5020 lorum
2214 4957 2344 5029 (qui
2379 4964 2508 5012 sunt
2539 4955 2838 5011 scabellum
2869 4952 3066 5024 pedum
3097 4950 3340 5022 Christi)
3386 4953 3562 5021 proci-

1992 5053 2182 5106 dentes
2232 5065 2331 5104 nec
2377 5050 2560 5104 videre
2605 5057 2854 5118 possunt,
2912 5060 3012 5100 nec
3062 5044 3418 5114 contingere:
3451 5043 3564 5098 haec

1995 5159 2123 5197 vero
2151 5143 2300 5198 labra
2339 5141 2507 5196 labris
2537 5141 2898 5210 conjungcns,
2936 5137 3446 5207 incomprehensum
3477 5152 3566 5190 sa-

1995 5237 2219 5290 lutabat.
2243 5234 2287 5290 0
2319 5233 2483 5305 Virgo
2514 5233 2948 5304 incomprehensi
2983 5231 3225 5303 mysterii
3257 5228 3436 5284 ferens
3467 5232 3566 5284 mi~

1996 5329 2262 5389 racululn,
2289 5343 2409 5395 quae
2443 5326 2597 5380 fidunt
2623 5332 2704 5379 ter
2734 5321 2972 5393 optatam
2999 5322 3116 5376 orbi
3146 5320 3474 5391 praedicasti.

2066 5418 2230 5486 Virgo
2262 5418 2550 5473 sublimior
2577 5417 2780 5486 angelis
2817 5415 2956 5470 facta
2985 5421 3088 5478 est,
3124 5414 3376 5483 superior
3432 5412 3563 5482 ipsis

1996 5505 2279 5560 cherubim
2319 5512 2372 5560 et
2401 5503 2696 5572 serapbim,
2728 5508 2949 5572 placens
2983 5500 3204 5557 Christo
3236 5501 3367 5573 regi,
3396 5518 3425 5554 a
3461 5501 3568 5554 lico

1998 5599 2050 5652 in
2092 5597 2298 5650 honore
2329 5595 2531 5657 habita,
2565 5601 2822 5662 tanquam
2881 5594 3075 5647 ancilla
3103 5593 3262 5662 digna
3293 5601 3345 5646 ct
3373 5603 3564 5647 mater.

1998 5691 2199 5746 Sancta
2242 5696 2414 5758 mater
2453 5686 2822 5754 immaculata,
2850 5701 2969 5757 qua:
2996 5685 3230 5756 genuisti
3262 5685 3564 5748 Christum,
