3948 6196
268 429 440 500 γνῶναι
480 427 696 493 πάντας,
733 425 1059 497 φανεροῦται
1101 427 1263 481 πάλιν
1312 432 1503 497 μάγοις
1535 425 1563 478 6
1598 422 1794 492 ἀστὴρ.
1827 426 1871 479 Δ

266 519 355 581 ἓως
384 509 436 570 οὗ
468 517 627 569 ἐλθὼν
668 516 798 587 ἔστη
831 518 1014 570 ἐπάνω
1041 518 1134 570 τοῦ
1178 518 1406 588 βρέφους
1446 520 1502 571 ἐν
1546 515 1622 585 τῷ
1653 533 1793 584 σπη-

264 606 448 676 lath
480 605 672 674 μᾶλλον
714 607 773 659 ἐν
814 607 892 677 τῷ
920 606 1151 677 οὐρανῷ.
1182 609 1354 662 Ὅπου
1387 607 1495 679 γὰρ
1536 606 1790 678 Χριστὸς,

265 698 365 750 ἐκεῖ
387 700 412 749 6
446 697 684 767 οὐρανόςο
724 697 785 749 τὸ
814 698 923 767 γὰρ
963 698 1227 768 σπήλαιον
1253 699 1478 768 οὐρανὸς
1510 697 1667 768 ὤφθη
1702 698 1794 749 ἐπὶ

265 787 368 855 γῆς.
400 788 455 839 οι
477 787 531 838 δὲ
558 787 755 849 ἰδόντες
787 787 879 839 τὸν
912 788 1135 856 ἀστέρα,
1173 789 1371 859 μᾶλλον
1401 789 1458 841 δέ
1491 788 1581 841 τὸν
1610 789 1793 859 Σωτῆ-

267 894 337 947 pa,
363 878 622 947 ἐχάρησαν
653 877 827 946 χαρὰν
856 879 1116 949 μεγάλην,
1150 880 1198 932 οἳ
1223 880 1315 933 καὶ
1335 879 1605 948 κύψαντες
1629 896 1795 949 προσ-

266 965 521 1035 εκύνησαν,
562 968 656 1019 καὶ
692 966 1013 1031 ἐκϐαλόντες
1053 968 1123 1021 τὰ
1158 969 1324 1039 δῶρα,
1362 968 1560 1039 χρυσὸν
1590 969 1683 1020 καὶ
1714 967 1795 1019 λί-

264 1054 399 1107 σανον
425 1058 514 1108 καὶ
543 1056 808 1126 σμύρναν.
846 1044 1059 1127 Χρυσὸν
1093 1059 1188 1128 μὲν
1220 1058 1296 1121 ὡς
1323 1058 1547 1128 βασιλεῖ·
1582 1057 1795 1109 λίϐανον

260 1144 306 1195 δὲ
324 1144 388 1206 ὡς
410 1144 536 1214 Θεῷ·
573 1147 668 1197 καὶ
693 1146 937 1217 σμύρναν
958 1146 1033 1209 ὡς
1055 1146 1252 1217 θνητῷ·
1287 1147 1483 1217 μᾶλλον
1511 1147 1567 1199 δὲ
1596 1147 1682 1199 ἴνα
1704 1146 1796 1198 καὶ

259 1234 334 1285 τὸν
358 1236 712 1305 ἐνταφιασμὺν
746 1237 1027 1307 μηνύσωσι
1064 1237 1157 1290 τοῦ
1190 1238 1407 1291 πάντων
1447 1238 1663 1291 κτίστου
1702 1238 1797 1291 καὶ

255 1323 556 1395 δημιουργοῦ
604 1327 860 1397 Χριστοῦ,
906 1327 964 1378 ὃν
1014 1327 1195 1380 ἔτεκεν
1242 1330 1276 1397 ἡ
1318 1328 1568 1398 οὐράνιος
1611 1327 1801 1397 νύμφη

254 1411 440 1481 Μαρία,
472 1416 498 1466 6
533 1413 761 1483 οὐρανὸς
791 1414 883 1467 καὶ
914 1415 1039 1476 ναὸς
1067 1415 1158 1467 καὶ
1190 1414 1377 1485 θρόνος
1400 1417 1501 1484 τῆς
1526 1416 1795 1486 θεότητος,

254 1502 306 1554 τὸ
334 1504 679 1576 ἁνεκλάλητον
708 1506 801 1559 τοῦ
839 1507 1166 1577 παραδείσου
1204 1508 1504 1578 κειμήλιον.
1544 1507 1797 1576 Ἄγγελοι
1840 1498 1841 1501 “

252 1593 337 1661 τὴν
367 1594 496 1647 Εὔαν
520 1597 847 1665 ἐμέμφοντο,
879 1600 994 1651 νυνὶ
1021 1600 1076 1651 δὲ
1104 1603 1200 1670 τὴν
1224 1600 1442 1671 Μαρίαν
1464 1601 1797 1665 δοξάζουσιν’

254 1684 281 1751 ἠ
313 1684 361 1734 τὸ
388 1685 605 1748 ἀσθενὲς
635 1687 743 1739 τῶν
778 1688 1049 1755 γυναικῶν
1088 1690 1289 1759 κυρίως
1317 1690 1606 1756 δοξάσασα,
1634 1695 1666 1763 ἡ
1697 1693 1794 1763 τὴν

254 1774 493 1830 πεσοῦσαν
526 1777 672 1831 Εὕαν
701 1781 1071 1851 ἀναστήσασα,
1106 1783 1197 1834 καὶ
1226 1783 1315 1835 τὸν
1342 1783 1676 1855 ἐκϐληθέντα
1702 1786 1795 1838 τοῦ
1832 1773 1873 1828 Β

252 1869 553 1938 παραδείσου
602 1872 769 1942 Ἀδὰμ
797 1874 874 1935 εἰς
918 1874 1181 1944 οὐρανοὺς
1222 1872 1607 1942 ἀποστείλασα,
1643 1880 1676 1949 ἡ
1710 1879 1799 1931 τὸν

250 1956 539 2013 κλεισθέντα
576 1963 899 2033 παράδεισον
928 1964 1205 2029 ἁνοίξασα,
1234 1967 1325 2018 καὶ
1354 1966 1442 2019 διὰ
1469 1968 1662 2038 λῃστοῦ
1692 1970 1800 2023 πά-

249 2045 316 2097 λιν
343 2048 425 2100 τὸν
460 2049 632 2119 Ἀδὰμ
664 2053 1140 2119 καταφυτεύσασα.
1178 2054 1276 2107 Διὰ
1302 2054 1393 2108 σοῦ
1421 2056 1529 2126 γὰρ
1556 2058 1616 2110 τὸ
1641 2061 1800 2128 μεσό-

247 2152 402 2205 τοιχον
438 2139 529 2191 τοῦ
575 2142 830 2210 φραγμοῦ
865 2143 961 2213 τὴν
994 2144 1193 2215 ἔχθραν
1229 2148 1543 2211 κατέλυσεν,
1589 2144 1635 2203 ὦ
1671 2151 1801 2218 ἁγία

248 2225 486 2296 Παρθένε·
527 2228 621 2281 διὰ
652 2229 745 2282 σοῦ
782 2233 813 2300 ἡ
848 2233 1096 2302 οὐράνιος
1123 2237 1311 2307 εἰρήνη
1343 2237 1421 2307 τῷ
1455 2238 1642 2309 κόσμῳ
1672 2240 1802 2292 ἐδω-

247 2317 388 2389 ρήθη,
421 2319 506 2372 διὰ
552 2319 644 2371 σοῦ
683 2321 752 2373 τὰ
786 2323 994 2393 πέρατα
1024 2325 1124 2395 τῆς
1154 2328 1478 2399 οἰκουμένης
1506 2330 1799 2399 ἐφωτίσθη,

246 2409 318 2463 διὰ
343 2410 427 2464 σοῦ
450 2412 731 2483 ἄνθρωποι
750 2414 969 2484 ἄγγελοι
993 2418 1270 2485 γεγόνασι,
1294 2419 1381 2474 διὰ
1405 2422 1497 2474 σοῦ
1525 2422 1687 2491 φίλοι,
1708 2424 1803 2475 καὶ

246 2502 417 2568 δοῦλοι,
446 2506 544 2557 καὶ
570 2507 737 2558 τέκνα
767 2506 900 2560 Θεοῦ
931 2508 1207 2580 ἄνθρωποι
1236 2512 1563 2584 ἐκλήθησαν,
1591 2515 1685 2568 καὶ
1713 2515 1801 2569 διὰ

246 2592 327 2646 σοῦ
352 2594 622 2648 σύνδουλοι
652 2597 897 2666 ἀγγέλων
920 2599 1013 2652 καὶ
1036 2601 1311 2672 συνόμιλοι
1337 2603 1612 2675 ἄνθρωποι
1640 2605 1803 2675 ὴξιώυ

244 2682 396 2755 θησαν
428 2687 716 2755 γενέσθαιο
740 2690 827 2743 διὰ
877 2691 969 2744 σοῦ
1000 2693 1201 2761 γνῶσις
1230 2695 1498 2765 οὐράνιος,
1537 2698 1629 2750 καὶ
1659 2698 1806 2762 δοξο-

243 2774 379 2843 λογία
419 2779 529 2832 ἀπὸ
577 2779 680 2848 γῆς
728 2783 807 2844 εἰς
853 2782 1114 2853 οὐρανοὺς
1160 2785 1558 2856 ἀναπέμπεταιδ
1590 2788 1677 2841 διὰ
1709 2790 1804 2843 σοῦ

243 2867 535 2935 παρρησίαν
584 2867 857 2939 ἄνθρωποι
890 2874 947 2923 ἐν
986 2874 1197 2944 οὐρανῷ
1250 2876 1385 2946 πρὸς
1423 2876 1513 2930 τὸν
1542 2877 1804 2947 ’Ὑψιστον

244 2952 425 3024 ἔχουσι⁹
455 2958 550 3011 διὰ
589 2959 681 3011 σοῦ
710 2962 936 3032 σταυρὸς
966 2963 1207 3035 ἕλλαμψε
1236 2967 1374 3020 κατὰ
1399 2969 1578 3040 πάσης
1608 2972 1707 3041 τῆς
1727 2973 1805 3026 oi-

241 3048 510 3118 κουμένης,
546 3051 605 3101 ἐν
633 3043 677 3117 ᾧ
709 3050 770 3103 τὸ
800 3050 996 3121 βρέφος
1049 3071 1141 3108 σου
1197 3057 1468 3128 ἐκρέματο
1514 3060 1746 3130 Χριστὸς
1775 3064 1803 3115 6

242 3132 358 3197 Θεὸς
384 3138 565 3207 ἡμῶν⁹
602 3139 689 3193 διὰ
720 3140 812 3193 σοῦ
841 3142 1065 3208 θάνατος
1091 3148 1361 3208 πατεῖται,
1391 3149 1485 3201 καὶ
1515 3148 1649 3220 ᾅδης
1673 3168 1805 3205 σκυ-

241 3220 454 3279 λεύεται·
485 3226 583 3281 διὰ
616 3228 709 3281 σοῦ
740 3232 807 3282 τὰ
856 3232 1047 3285 εἴδωλα
1093 3234 1436 3301 πεπτώκασι,
1479 3241 1573 3292 καὶ
1606 3241 1807 3308 γνῶσις

242 3312 468 3383 οὐράνιος
505 3319 825 3390 ἐγήγερται’
858 3321 947 3376 διὰ
979 3324 1072 3376 σοῦ
1102 3324 1192 3378 τὸν
1242 3328 1507 3397 μονογενῆ
1552 3330 1684 3385 Υἰὸν
1712 3332 1807 3386 τοῦ

240 3404 358 3456 Θεοῦ
390 3409 736 3479 ἐγνώκαμεν,
778 3412 835 3464 ὃν
868 3413 1071 3478 ἔτεκες,
1126 3420 1368 3484 παναγία
1405 3422 1669 3491 Παρθένε,
1718 3424 1809 3478 τὸν

242 3492 425 3563 Κύριον
451 3498 617 3568 ἡμῶν
652 3501 856 3571 Ἰησοῦν
890 3504 1143 3574 Χριστὸν,
1175 3500 1217 3573 ᾧ
1245 3509 1443 3572 πάντες
1464 3510 1685 3579 ἄγγελοι
1715 3514 1809 3568 καὶ

239 3580 499 3653 ἄνθρωποι
546 3591 979 3658 προσκυνοῦντες
1010 3594 1265 3665 λέγομεν,
1302 3597 1537 3670 ἄναρχον
1566 3602 1654 3655 τὸν
1690 3605 1805 3657 Πα-

240 3670 379 3763 τέρα,
414 3676 653 3748 ἄναρχον
677 3681 766 3733 τὸν
802 3682 948 3749 Υίδν,
980 3683 1213 3756 ἄναρχον
1254 3687 1314 3740 τὸ
1361 3689 1513 3757 ἆγιον
1562 3692 1805 3763 Πνεῦμα,

241 3761 431 3833 Τριάδα
464 3768 777 3841 ἀχώριστον
802 3776 895 3827 καὶ
918 3778 1200 3846 όμοούσιον
1229 3778 1543 3847 δοξάζοντες
1581 3786 1661 3846 εἰς
1685 3761 1810 3850 τοὺς

242 3853 426 3921 αἰῶνας
450 3852 569 3913 τῶν
595 3862 824 3919 αἰώνων.
874 3867 1064 3939 Ἀμήν.

976 4083 1064 4150 ς’.

318 4192 406 4247 Ἐκ
433 4196 626 4273 ,ξένου
659 4194 835 4273 ποιοῦ
853 4197 976 4273 τοῦ
1003 4198 1073 4273 ἐν
1103 4200 1291 4267 ἁγίοις
1312 4202 1539 4269 Πατρός
1573 4204 1740 4273 ἡμῶν

456 4268 810 4333 Ἐπιερανίου
838 4268 1197 4333 ἐπισκόπου,
1226 4272 1360 4339 περί
1391 4268 1603 4328 Βαῖωνέ

316 4354 371 4407 Ὀ
396 4357 487 4409 ὑπ’
522 4357 772 4424 ἀγγέλων
802 4358 1075 4429 ἀσιγήτως
1102 4361 1522 4433 ἀνυμνούμενος,
1548 4367 1640 4417 καὶ
1664 4364 1809 4429 δοξο·

1224 307 1503 365 IIOMILIA
1529 306 1615 361 Vl.
1643 304 1707 361 IN
1739 303 1959 362 FESTO
1987 302 2388 361 PALMARUM.

3356 307 3461 359 tith

1900 422 2236 486 SﬂCL‘l‘dOlCS,
2263 418 2609 476 manifestum
2636 419 2955 475 redderetur
2981 420 3237 475 omnibus
3265 422 3389 473 creti
3413 432 3463 474 et

1900 524 2057 568 terra:
2112 515 2445 583 mysterium.
2526 512 2869 581 Quapropter
2927 513 3015 567 ubi
3092 519 3467 582 cognoverunt

1898 619 2108 664 omnes,
2134 618 2352 657 rursum
2376 610 2599 672 apparet
2638 602 2793 656 stella
2817 603 3008 671 magis,
3031 603 3206 657 donec
3226 603 3468 657 venisset

1898 708 2062 761 supra
2093 691 2355 746 infantem
2389 692 2443 745 in
2478 692 2715 756 stabulo,
2758 691 2843 745 vel
2874 692 3063 760 potius
3087 693 3140 745 in
3183 693 3323 746 caelo
3354 691 3468 757 (ubi

1897 784 2043 837 enim
2079 782 2353 845 Christus,
2387 782 2460 835 ibi
2500 790 2555 836 et
2603 783 2862 849 cretum);
2911 797 3035 835 nam
3087 782 3365 836 stabulum
3396 783 3470 836 vi-

1899 890 2019 929 sunt
2056 883 2141 929 est
2170 890 2291 930 esse
2315 876 2515 928 coelum
2552 874 2607 927 in
2648 884 2809 928 terra.
2846 875 2923 927 illi
2967 889 3096 929 vero
3135 890 3259 927 cum
3302 873 3470 928 vidis-

1900 975 2017 1021 sent
2059 967 2297 1023 stellam.
2347 967 2456 1019 imo
2495 967 2675 1035 potius
2722 965 3082 1029 Salvatorem,
3122 967 3295 1036 gavisi
3343 974 3471 1020 sunt

1898 1059 2097 1128 gaudio
2129 1073 2324 1125 magno
2360 1076 2372 1111 :
2404 1067 2457 1113 et
2488 1060 2843 1113 iucurvantes
2874 1074 2932 1112 se
2962 1060 3348 1122 adoraverunt,
3375 1058 3470 1110 ob-

1900 1152 2250 1219 tuleruntque
2285 1150 2448 1215 dona,
2495 1166 2712 1215 aurum,
2743 1151 2891 1214 thus,
2936 1159 2989 1205 ct
3019 1150 3292 1221 myrrham
3327 1169 3339 1203 :
3375 1165 3472 1203 au-

1903 1259 2022 1297 rum
2053 1243 2272 1312 quidem
2314 1243 2462 1297 velut
2510 1244 2642 1313 regi,
2675 1244 2800 1298 thus
2832 1252 3009 1297 autem
3047 1252 3303 1313 tanquam
3334 1243 3467 1303 Deo,

1900 1343 1954 1388 et
1993 1334 2268 1404 myrrham
2316 1342 2574 1403 tauquam
2623 1336 2871 1401 mortall;
2904 1336 2989 1389 vel
3014 1336 3194 1403 potius
3237 1344 3295 1388 ut
3330 1336 3472 1389 indi-

1902 1432 2092 1478 carent
2151 1426 2488 1495 sepulturam
2537 1427 2803 1482 creatoris
2848 1435 2901 1480 et
2960 1426 3172 1496 opiﬁcis
3228 1428 3472 1481 omnium

1904 1519 2131 1581 Christi,
2165 1534 2324 1587 quem
2356 1520 2566 1587 peperit
2609 1533 2809 1585 Sponsa
2850 1518 3090 1572 caelestis
3132 1517 3320 1580 Maria,
3358 1531 3477 1586 quae

1902 1610 2225 1673 estcoelum,
2252 1610 2534 1679 templum,
2563 1621 2613 1664 et
2643 1610 2874 1663 thronus
2890 1608 3213 1670 divinitatis,
3242 1607 3477 1675 inexpli-

1906 1701 2081 1755 cabile
2126 1700 2366 1770 paradisi
2426 1701 2647 1753 monile.
2693 1699 2885 1769 Angeli
2923 1699 3257 1753 accusabant
3289 1696 3479 1760 Evam,

1905 1808 2051 1846 nunc
2094 1806 2221 1846 vero
2250 1791 2473 1845 Mariam
2519 1790 2690 1861 gloria
2732 1795 3162 1859 prosequuntur,
3200 1804 3323 1858 quae
3361 1804 3481 1841 mu-

1907 1882 2101 1936 lierum
2140 1881 2511 1934 inﬁrmitatem
2558 1894 2683 1933 vere
2735 1879 3030 1949 gloriosam
3061 1879 3317 1941 reddidit,
3362 1893 3483 1946 qum

1906 1972 2111 2041 lapsam
2152 1972 2317 2023 Evam
2353 1972 2546 2035 erexit,
2578 1979 2632 2024 et
2666 1970 2933 2023 Adamum
2968 1986 2998 2024 e
3037 1969 3295 2039 paradiso
3333 1968 3483 2035 deje~

1903 2069 2050 2116 ctum
2076 2060 2131 2114 in
2167 2060 2336 2115 ccelos
2362 2060 2545 2127 misit;
2574 2074 2695 2128 qum
2721 2060 3034 2129 paradisum
3067 2060 3313 2113 clausum
3348 2072 3480 2125 ape-

1904 2154 2036 2218 ruit,
2061 2160 2113 2206 et
2138 2167 2235 2221 per
2260 2152 2529 2205 latronem
2562 2167 2784 2205 rursum
2827 2151 3097 2205 Adamum
3137 2149 3478 2218 complauta-

1903 2246 1999 2297 vit.
2036 2243 2137 2299 Per
2170 2251 2223 2297 te
2269 2244 2436 2306 enim,
2481 2258 2513 2296 ο
2549 2251 2739 2297 sancta
2779 2241 2966 2311 Virgo,
3004 2241 3215 2297 medius
3261 2239 3482 2294 obstru-

1904 2335 2106 2389 ctiouis
2138 2334 2318 2403 paries
2350 2333 2673 2387 inimicitias
2697 2332 2980 2397 dissolvit;
3014 2347 3111 2401 per
3145 2338 3198 2384 te
3224 2346 3325 2399 pax
3365 2343 3483 2383 ece-

1904 2425 2058 2479 lcstis
2092 2424 2294 2479 donata
2324 2432 2408 2479 est
2436 2423 2660 2487 mundo,
2686 2438 2781 2491 per
2818 2432 2869 2477 te
2897 2423 3146 2476 homines
3194 2421 3327 2475 facti
3357 2432 3485 2476 sunt

1905 2517 2104 2585 angeli,
2143 2501 2235 2585 per
2269 2523 2322 2571 te
2356 2514 2608 2571 homines
2644 2513 2896 2583 appellati
2930 2520 3060 2567 sunt
3092 2513 3278 2578 amici,
3314 2512 3482 2575 servi,

1904 2612 1958 2661 et
1992 2604 2086 2658 lilii
2116 2603 2234 2667 Dei,
2269 2618 2364 2672 per
2414 2610 2467 2658 te
2508 2602 2762 2657 homines
2814 2608 3136 2656 meruerunt
3182 2616 3306 2656 esse
3354 2614 3489 2655 con-

1906 2698 2049 2752 servi
2100 2696 2442 2764 angelorum,
2479 2704 2535 2749 et
2585 2708 2709 2749 cum
2741 2694 2823 2749 eis
2867 2693 3212 2748 familiariter
3255 2707 3486 2748 conver»

1908 2789 2043 2852 sari,
2076 2804 2171 2858 per
2200 2796 2251 2842 te
2278 2788 2471 2842 notitia
2497 2788 2740 2843 cmlestis
2775 2802 2806 2840 a
2834 2793 2980 2841 terra
3012 2787 3406 2841 transmittitur
3431 2787 3484 2840 in

1906 2880 2110 2946 caelos;
2160 2894 2256 2949 per
2299 2889 2350 2933 te
2396 2879 2646 2934 homines
2693 2877 2946 2931 ﬁduciam
2987 2877 3190 2931 habent
3238 2878 3292 2930 in
3344 2877 3488 2932 creto

1906 2986 2032 3041 erga
2068 2971 2437 3037 Altissimum;
2482 2984 2583 3040 per
2612 2978 2664 3025 te
2701 2985 2837 3024 crux
2868 2967 3206 3038 resplenduit
3238 2984 3334 3038 per
3366 2968 3489 3021 uni~

1908 3077 2123 3117 versam
2152 3069 2379 3126 terram,
2409 3062 2463 3115 iu
2490 3076 2597 3131 qua
2627 3060 2845 3130 quidem
2868 3075 3031 3115 cruce
3064 3061 3319 3130 pependit
3343 3059 3486 3113 ﬁlius

1914 3162 2042 3207 tuus
2084 3152 2336 3208 Christus
2382 3153 2522 3208 Deus
2566 3161 2789 3219 noster;
2824 3168 2919 3222 per
2944 3164 2993 3207 te
3024 3168 3174 3207 mors
3201 3153 3488 3207 conculca-

1910 3253 2018 3308 tur,
2054 3253 2108 3299 et
2140 3245 2406 3315 spoliatur
2429 3244 2713 3311 infernus;
2758 3260 2852 3312 per
2888 3252 2941 3298 te
2971 3244 3289 3299 ceciderunt
3318 3244 3484 3307 idola,

1909 3347 1961 3393 et
1993 3340 2226 3394 excitata
2256 3345 2341 3393 est
2376 3337 2566 3392 notitia
2604 3336 2877 3403 caelestis;
2906 3350 3002 3406 per
3035 3344 3086 3390 te
3129 3334 3488 3405 cognovimus

1910 3431 2252 3499 unigenitum
2300 3428 2497 3483 Filium
2541 3428 2657 3491 Dei,
2706 3442 2892 3497 quem,
2922 3429 3273 3482 sanctissima
3302 3427 3484 3498 Virgo,

1911 3518 2187 3588 peperisti,
2207 3516 2497 3571 Dominum
2528 3524 2774 3572 nostrum
2797 3514 2983 3570 Jesum
3001 3516 3301 3580 Christum,
3328 3530 3487 3583 quem

1910 3624 2101 3663 etnnes
2142 3608 2318 3679 angeli
2365 3618 2528 3677 atque
2573 3607 2823 3662 homines
2885 3606 3202 3668 adorantes,
3254 3604 3487 3658 dicimus

1913 3699 2184 3769 principio
2205 3705 2479 3752 carentem
2508 3696 2747 3762 Patrem,
2775 3704 3050 3750 carentem
3093 3694 3365 3764 principio
3398 3692 3488 3746 Fi-

1912 3792 2065 3854 lium,
2120 3801 2173 3843 et
2234 3789 2502 3858 principio
2552 3798 2825 3844 carentem
2884 3785 3148 3855 Spiritum
3213 3792 3487 3849 sanctum,

1912 3883 2235 3937 Trinitatem
2276 3881 2611 3936 individuam
2654 3892 2709 3938 et
2752 3880 3281 3937 consubstantialem
3322 3880 3490 3950 glori-

1913 3973 2137 4024 licantes
2164 3970 2217 4024 in
2248 3970 2447 4024 saecula
2473 3971 2823 4025 saeculorum.
2853 3969 3045 4024 Amen.

2646 4084 2733 4139 Vl.

1910 4198 2091 4253 Sancti
2135 4195 2414 4264 Epipltant'i
2452 4197 2507 4250 in
2542 4195 2675 4264 festo
2714 4194 3027 4340 Ριξέιεὶινιιηι
3055 4195 3312 4250 orationis
3345 4195 3490 4266 frag—

2500 4280 2730 4321 mentum
2891 4310 2902 4321 .

2500 4280 2730 4321 utentum
2770 4280 2902 4321 Ηυ).

1987 4357 2090 4424 Qui
2114 4360 2183 4414 al)
2211 4360 2418 4428 angelis
2446 4358 2665 4415 assidue
2691 4358 3026 4429 praedicatur
3061 4366 3115 4413 et
3145 4358 3383 4423 canitur,
3414 4358 3493 4411 itt-

241 4442 581 4513 λογοῦμενος,
607 4446 757 4498 κάτω
786 4446 860 4510 ὡς
889 4448 1173 4517 ἄνθρωπος
1198 4454 1486 4518 γονυπετεί
1521 4451 1598 4523 τῷ
1636 4454 1807 4523 Πατρί

1920 4449 2019 4512 ira,
2052 4460 2311 4521 tanquam
2354 4451 2536 4513 homo,
2578 4449 2726 4504 Patri
2773 4466 2947 4521 genua
2992 4450 3178 4515 ﬂectit,
3211 4460 3264 4505 et
3304 4465 3495 4520 preca-

242 4535 327 4586 καὶ
355 4536 595 4607 εὔχεται·
630 4538 726 4590 καὶ
754 4538 864 4591 ἄνω
903 4539 1065 4603 αὐτὸς
1106 4540 1210 4593 ὑπὸ
1254 4542 1434 4613 πάσης
1480 4543 1683 4613 ὁρατῆς
1720 4545 1814 4597 καὶ

242 4626 469 4697 ἀοράτου
501 4628 733 4691 κτίσεως
758 4629 919 4699 εὐχὰς
944 4629 1039 4683 καὶ
1065 4629 1409 4699 γονυκλισίας
1438 4632 1811 4702 προσδέχεται.

241 4715 399 4771 Κάτω
434 4721 601 4789 πεινᾷ
628 4719 703 4781 ὡς
730 4720 1033 4791 ἄνθρωπος,
1065 4721 1271 4775 ἄνωθεν
1302 4722 1358 4775 δὲ
1388 4724 1416 4775 ό
1450 4724 1608 4787 αὐτὸς
1646 4724 1815 4778 ἐλθὼν

242 4805 395 4875 ἄρτος
416 4810 672 4878 οὐράνιος
697 4810 823 4881 διψᾷ
853 4813 1229 4883 οἰκονομικῶς·
1272 4812 1388 4867 ἀλλ’
1426 4814 1587 4877 αὐτός
1615 4817 1760 4869 ἐστιν
1781 4817 1815 4886 ή

244 4900 387 4970 πηγὴ
428 4902 528 4966 τῆς
570 4901 715 4973 ζωῆς
754 4903 1090 4975 θεοπρεπῶς.
1138 4904 1303 4959 Κάτω
1341 4908 1510 4978 κοπιᾷ
1546 4906 1687 4960 κατὰ
1718 4907 1817 4979 τὴν

242 4990 562 5062 πρόσληψιν·
610 4994 723 5046 ἀλλ’
757 4994 919 5058 αὑτός
964 4998 1111 5049 ἐστιν
1151 4999 1184 5066 ἡ
1229 4998 1338 5050 τῶν
1372 4996 1685 5051 κοπιώντων
1726 5000 1817 5051 καὶ

242 5084 686 5153 πεφορτισμένων
718 5087 1043 5150 ἀνάπαυσις.
1090 5086 1262 5150 Αὐτὸς
1293 5082 1447 5153 οὗτός
1486 5090 1633 5141 ἐστιν
1661 5088 1690 5140 6
1721 5091 1815 5161 σή-

242 5185 406 5241 μερον
441 5174 536 5225 ἐπὶ
568 5174 657 5227 τὸν
696 5174 923 5229 θάνατον
953 5176 1211 5241 ἑκουσίως
1240 5179 1554 5250 ἐρχόμενος,
1590 5180 1676 5234 ἵνα
1702 5180 1815 5250 (75)

240 5259 331 5313 τοῦ
367 5262 506 5315 ἰδίου
535 5263 765 5319 θανάτου
799 5269 1137 5337 καταργήσει
1177 5268 1270 5323 τὸν
1305 5271 1367 5324 τὸ
1396 5272 1596 5343 κράτος
1627 5272 1817 5343 ἔχοντα

230 5350 320 5403 τοῦ
362 5349 619 5418 θανάτου,
650 5356 744 5409 καὶ
767 5356 1065 5410 ἀθανασίαν
1089 5358 1446 5431 χαριζόμενος
1470 5364 1582 5426 τοῖς
1608 5362 1699 5416 ὑπ’
1724 5364 1818 5417 αὺ-

236 5438 333 5491 τοῦ
359 5440 607 5511 θνήξασι,
644 5444 714 5499 δι’
744 5446 1044 5512 ἀθανασίας
1078 5448 1271 5503 ἐλπίδα
1297 5451 1683 5508 δελεασθεῖσιν.
1719 5456 1818 5510 Διὰ

235 5527 398 5582 τοῦτο
437 5536 788 5603 παρεγένετο,
838 5538 900 5593 οὒ
948 5540 1209 5611 σκῆπτρα
1244 5542 1340 5597 καὶ
1381 5543 1685 5615 σάλπιγγας
1724 5546 1819 5600 ἐπ-

310 5681 428 5754 (75)
462 5682 615 5745 Deest
642 5690 746 5746 διά.

1919 4552 2044 4607 tur;
2102 4558 2266 4612 supra
2310 4544 2379 4595 ab
2421 4542 2569 4596 omni
2618 4543 2960 4611 aspectabili,
3009 4552 3060 4597 et
3113 4542 3493 4612 iuaspectabili

1917 4643 2169 4687 creatura
2206 4646 2414 4701 preces,
2442 4641 2497 4686 et
2522 4631 2930 4702 genuﬂexiones
2958 4634 3159 4700 accipit
3188 4652 3201 4687 :
3231 4633 3370 4686 infra
3396 4649 3491 4687 au-

1918 4730 2024 4773 tent
2067 4720 2304 4774 hominis
2343 4720 2518 4772 instar
2549 4720 2745 4773 esurit.
2792 4718 2932 4771 idem
2982 4719 3224 4771 cmlcstis
3274 4735 3339 4771 ex
3382 4721 3492 4772 alto

1917 4810 2077 4878 panis
2112 4798 2333 4863 veniens
2380 4825 2446 4864 ex
2485 4808 2893 4878 dispensatione
2928 4806 3075 4862 sitim
3122 4808 3337 4873 tolerat,
3368 4822 3492 4861 cum

1919 4901 2035 4969 ipse
2066 4904 2137 4954 sit
2168 4901 2291 4953 vita:
2324 4900 2447 4954 fons
2480 4899 2587 4954 Deo
2620 4900 2856 4969 dignus;
2901 4897 3043 4952 iul'ra
3078 4898 3378 4953 secundum
3406 4914 3492 4953 as-

1919 4998 2191 5060 sumptam
2226 5000 2473 5044 naturam
2518 4989 2884 5060 laborat,cum
2915 4990 2986 5043 sit
3019 4989 3384 5043 laborantium
3440 4999 3493 5041 et

1919 5091 2271 5137 oneratorum
2303 5083 2539 5151 requies.
2586 5080 2684 5137 Hic
2721 5082 2839 5150 ipse
2870 5090 2976 5144 est,
3004 5083 3098 5151 qui
3144 5081 3212 5134 ad
3261 5089 3491 5135 mortem

1918 5175 2078 5230 hodie
2100 5187 2292 5245 sponte
2317 5190 2415 5229 sua
2447 5184 2720 5245 properat,
2751 5176 2829 5229 uti
2860 5185 3031 5229 morte
3054 5190 3150 5230 sua
3180 5176 3370 5232 mortis
3394 5175 3497 5228 im«

1920 5269 2130 5339 perium
2174 5269 2464 5323 habentem
2505 5276 2811 5337 expungat;
2845 5275 2900 5321 et
2932 5268 2999 5322 iis
3021 5268 3113 5336 qui
3150 5267 3295 5321 illius
3327 5282 3491 5335 opera

1919 5360 2120 5414 mortui
2156 5366 2334 5421 erant,
2374 5368 2425 5413 et
2462 5358 2890 5413 immortalitatis
2922 5373 3019 5427 spe
3057 5358 3204 5412 velut
3235 5358 3491 5413 illccehra

1919 5450 2083 5521 capti,
2126 5449 2587 5504 immortalitatem
2614 5450 2837 5504 tribuat.
2882 5450 3177 5522 Propterea
3203 5451 3352 5506 venit
3380 5452 3493 5515 ille,

1919 5558 2026 5599 non
2059 5549 2296 5611 sceptra,
2346 5556 2454 5596 non
2484 5541 2648 5597 tubas
2688 5541 3003 5611 praeferens,
3052 5544 3146 5601 sed
3194 5552 3489 5602 extremam

1994 5699 2105 5770 (76)
2142 5697 2398 5771 Dionysio
2427 5696 2649 5755 Pctavio
2680 5699 3004 5771 interprete.
