3948 6196
408 309 513 364 503

1706 301 1911 358 DUBlA
1948 304 2089 362 AU'I'
2131 304 2404 362 SPURIA.

3544 310 3650 367 ωδ

411 426 649 496 inopiam
672 436 989 493 ostentans;
1024 442 1131 481 non
1160 426 1392 497 gladios,
1418 443 1525 483 non
1548 441 1723 496 arma,
1752 446 1862 487 non
1892 432 1989 487 ha-

2096 435 2375 505 αγόμενος,
2410 433 2546 487 ἀλλά
2587 432 2855 504 πτωχείαν
2893 430 3127 501 ἐσχάτην
3155 426 3649 497 ἐνδεικνύμενοςθώ

410 527 545 583 stas,
578 520 671 576 sed
694 535 962 575 summam
994 534 1101 589 pra:
1126 534 1186 579 se
1209 519 1575 576 humilitatem
1601 522 1841 590 habens;
1873 538 1983 579 non

411 620 675 676 amatos,
705 627 814 664 non
844 612 1063 680 clypeos
1094 610 1361 666 obductos
1395 627 1549 677 auro,
1584 629 1759 685 neque
1804 623 1982 683 scuta,

411 701 759 769 galeam,aut
800 700 1048 765 loricam,
1106 700 1200 757 sed
1235 704 1705 759 mansuetudinem
1744 706 1985 775 singula-

411 806 550 854 rem,
587 792 956 845 innocentiam
1006 808 1296 857 summam,
1336 795 1761 851 moderationem
1801 796 1985 850 inﬁni-

412 890 544 945 tam,
571 881 833 938 Dominus
860 884 1113 939 Christus
1160 883 1305 939 Deus
1342 886 1395 939 in
1438 887 1591 942 Sion.
1627 888 1697 941 Et
1725 897 1986 940 commota

409 984 520 1036 est,
555 973 749 1043 inquit,
798 976 1043 1028 universa
1077 978 1286 1039 civitas.
1336 976 1554 1032 dicens:
1585 978 1719 1045 Quis
1754 988 1831 1033 est
1860 980 1988 1034 hic!

414 1064 604 1119 Turbae
645 1074 821 1120 autem
850 1067 1093 1121 dicebant
1122 1085 1141 1123 :
1176 1068 1280 1123 Hic
1310 1080 1387 1125 est
1428 1070 1671 1125 Christus
1703 1072 1847 1140 ﬁlius
1876 1070 1989 1125 Da-

407 1156 495 1209 uid
528 1158 567 1210 '.
602 1158 667 1212 Et
700 1159 985 1229 ingressus
1011 1160 1065 1214 in
1106 1162 1389 1232 templum,
1421 1163 1512 1232 qui
1542 1178 1667 1217 vere
1694 1164 1809 1233 ipse
1842 1173 1980 1219 tem-

412 1246 560 1315 plum
590 1255 726 1312 erat,
752 1263 925 1318 eoque
958 1251 1247 1315 sacratior,
1270 1252 1418 1321 ipsos
1446 1268 1666 1321 quoque
1695 1253 1986 1324 detemplo

411 1338 674 1403 nefarios,
708 1356 773 1394 ac
817 1340 1102 1403 scelestos,
1135 1350 1189 1396 et
1233 1342 1476 1412 perditos
1509 1345 1822 1399 sacerdotes
1855 1346 1988 1400 edu-

412 1432 509 1483 xit.
554 1431 623 1483 At
656 1431 810 1499 pueri
857 1432 1251 1496 sacratissime,
1288 1447 1351 1487 ac
1379 1433 1742 1501 divinissime,
1778 1444 1988 1491 stantes

410 1524 467 1574 in
512 1523 735 1591 templo,
792 1522 1273 1580 vociferabantur:
1313 1523 1568 1580 Hosanna
1620 1524 1732 1581 Deo
1777 1526 1986 1596 templi,

409 1610 629 1665 Christo
679 1611 847 1666 Jesu:
895 1611 1153 1667 "osanna
1200 1614 1312 1683 ﬁlio
1347 1616 1540 1680 David,
1575 1618 1667 1688 qui
1714 1632 1903 1687 pacem
1936 1619 1989 1671 in

410 1704 553 1756 caelo
605 1703 855 1774 largitur,
896 1711 950 1757 et
1000 1704 1056 1758 in
1102 1706 1335 1762 excelsis
1374 1708 1622 1777 gloriam.
1673 1706 1719 1761 Ο
1776 1707 1989 1762 beatam

2092 526 2218 597 ξίφη
2262 527 2356 580 καὶ
2396 526 2534 579 ὅπλα
2565 528 2659 580 καὶ
2686 526 2909 596 δόρατα,
2949 523 3084 578 ἀλλά
3119 520 3449 574 ταπείνωσιν
3481 520 3653 590 ἄκραν

2092 619 2408 688 φερόμενος·
2456 618 2553 687 οὐχ
2593 617 2944 687 ὁπλοφόρους,
2974 615 3074 667 οὐκ
3104 611 3338 672 ἀσπίδας
3363 608 3658 680 χρυσοκολ-

2090 707 2285 778 λήτους
2332 704 2422 760 καὶ
2472 707 2697 779 θυρεοὺς
2737 706 2830 759 καὶ
2879 704 3079 773 κράνος
3115 703 3209 754 καὶ
3250 700 3493 771 θώρακα,
3525 696 3660 751 ἀλλά

2094 798 2374 870 πραότητα
2404 797 2598 867 ἄκραν,
2635 798 2731 852 καὶ
2758 796 2993 850 ἀκακίαν
3023 794 3278 864 ἀμετρσν,
3321 793 3414 843 καὶ
3449 787 3659 859 μετριό-

2092 906 2231 961 τητα
2260 890 2358 959 τὴν
2390 888 2531 958 ὑπὲρ
2572 888 2822 958 μέτρον,ό
2857 886 3060 957 Κύριος
3096 882 3348 953 Χριστὸς,
3374 881 3405 932 6
3435 879 3569 941 Θεὸς
3605 880 3662 931 ἐν

2095 979 2247 1032 Σιών.
2281 978 2388 1032 Kal
2414 979 2685 1047 ἐσείσθη,
2721 978 2874 1048 φησὶ,
2897 976 3072 1029 ’πᾶσα
3105 974 3144 1040 ἡ
3177 974 3355 1037 πόλις
3374 970 3661 1039 λέγουσαν

2098 1072 2196 1136 Τίς
2222 1071 2394 1124 ἐστινρ
2426 1066 2637 1135 οὗτος;
2674 1072 2736 1122 Ol
2766 1067 2833 1121 δὲ
2865 1067 3034 1135 ὄχλοι
3057 1066 3288 1134 ἔλεγον,
3316 1058 3506 1128 Οὗτός
3534 1061 3665 1113 ἐστι

2092 1163 2349 1231 Χριστός
2376 1165 2409 1216 d
2438 1161 2569 1227 υἱὸς
2597 1158 2789 1213 Δαϐίΰ.
2831 1160 2941 1213 Καὶ
2970 1155 3223 1211 εἰσελθὼν
3254 1154 3333 1218 εἰς
3358 1152 3417 1207 τὺ
3441 1152 3585 1226 ἱερὸν
3635 1153 3663 1204 6

2094 1254 2263 1316 ὅντως
2291 1254 2419 1317 ναὸς
2463 1254 2557 1305 καὶ
2589 1252 2723 1315 Θεὸς
2749 1253 2777 1305 6
2820 1249 3108 1321 ἱερώτερος
3137 1248 3231 1301 καὶ
3263 1244 3355 1300 τοῦ
3391 1243 3559 1315 ἱεροῦ,
3582 1242 3669 1311 ἐξ-

2094 1347 2290 1414 ήνεγκε
2317 1344 2412 1397 καὶ¹
2440 1343 2567 1406 τοὺς
2603 1343 2830 1413 μιαροὺς
2865 1342 3027 1411 ἱερεῖς
3049 1338 3174 1402 τοὺς
3203 1334 3551 1408 παρανόμους
3574 1333 3668 1385 καὶ

2097 1436 2483 1507 κακοτρόπους.
2515 1435 2579 1488 Ol
2615 1434 2671 1486 δὲ
2705 1432 2894 1494 παῖδες
2919 1427 3260 1505 ἱεροπρεπῶς
3290 1427 3324 1497 ἢ
3352 1422 3668 1497 θεοπρεπῶς

2096 1532 2154 1582 ἐν
2183 1527 2261 1597 τῷ
2290 1526 2421 1600 ἱερῷ
2445 1525 2539 1580 τοῦ
2570 1524 2704 1578 Θεοῦ
2744 1522 2996 1584 ἑστῶτες,
3058 1518 3283 1573 Ὡσαννὰ
3312 1516 3390 1586 τῷ
3428 1515 3546 1585 Θεῷ
3571 1513 3665 1570 τοῦ

2099 1619 2244 1689 ἰεροῦ
2291 1617 2511 1689 Χριστῷ
2550 1616 2630 1686 τῷ
2684 1614 2858 1684 Ἰησοῦ
2906 1608 3227 1683 ἀνέκραζονο
3280 1608 3543 1663 Ὡσαννὰ
3587 1606 3667 1672 τῷ

2098 1710 2205 1775 υἱῷ
2240 1710 2435 1777 Δαϐἰδ,
2459 1708 2785 1778 δωρουμένῳ
2807 1706 3028 1777 εἰρήνην
3057 1706 3112 1756 ἐν
3134 1700 3363 1772 οὐρανῷ,
3392 1701 3485 1754 καὶ
3512 1699 3667 1765 δόξαν

409 1793 780 1848 Ecelesiarum
806 1796 1301 1864 exspectationem!
1346 1812 1378 1849 ο
1403 1799 1619 1852 beatam
1646 1780 1989 1852 Christiano-

2096 1806 2152 1855 ἐν
2175 1802 2437 1872 ὑψίστοις..
2458 1801 2739 1873 Μακάριαι
2764 1798 2872 1852 τῶν
2898 1794 3233 1865 Ἐκκλησιῶν
3252 1796 3307 1847 αἱ
3325 1791 3664 1863 προσδοκίαιί

409 1899 532 1938 rum
573 1900 743 1954 spem,
793 1885 885 1954 qui
922 1886 1158 1956 principi
1203 1888 1354 1957 pacis
1390 1903 1450 1942 ac
1492 1887 1821 1943 moderatori
1870 1902 1989 1942 cre-

408 1975 567 2037 dunt,
605 1984 659 2030 et
689 1977 840 2045 pacis
876 1991 1007 2047 opes
1041 1980 1355 2048 possident!
1391 1980 1641 2035 homines
1671 1980 1987 2050 angelorum

407 2062 714 2133 municipes
736 2064 862 2120 lacti
895 2074 1059 2120 sunt:
1084 2081 1339 2138 suprema
1361 2083 1484 2123 cum
1518 2068 1717 2122 inlimis
1738 2067 1990 2123 Christus

410 2154 639 2209 invicem
672 2157 1026 2225 permiscuit;
1069 2172 1195 2211 cum
1242 2157 1582 2227 incorporeis
1620 2158 1794 2215 luteos
1816 2172 1986 2227 copu-

409 2246 560 2300 lavit.
595 2245 842 2303 Gaudete
868 2248 923 2303 in
952 2249 1174 2305 Christo
1195 2290 1209 2313 ,
1240 2250 1505 2319 gaudete;
1539 2251 1717 2306 dicam
1749 2251 1943 2305 iterum
1973 2269 1987 2305 :

407 2333 673 2390 Gaudete.
703 2334 893 2392 Gaude
932 2338 1247 2403 admodum,
1280 2337 1390 2391 lilia
1420 2337 1573 2405 Sion,
1610 2353 1750 2395 nova
1797 2337 1989 2394 Hieru-

408 2426 602 2488 salem,
629 2425 721 2480 Dei
752 2426 997 2481 Ecclesia
1023 2444 1037 2491 ;
1070 2428 1283 2485 intuere
1309 2443 1510 2482 arcana
1550 2429 1809 2484 solemnis
1828 2430 1989 2485 istius

409 2516 667 2587 mysteria
696 2534 711 2581 ;
763 2532 931 2587 supra
961 2519 1142 2572 omnia
1190 2533 1314 2589 qua:
1356 2520 1611 2574 videntur
1644 2535 1896 2587 excurre,
1932 2532 1989 2577 ut

408 2622 529 2677 qua
559 2610 801 2663 externis
830 2625 894 2663 ac
920 2610 1272 2665 sensibilibus
1298 2612 1469 2683 signis
1509 2613 1985 2675 administrantur.

409 2701 716 2756 subliuiiori
763 2701 1005 2771 quodam
1058 2717 1223 2757 sensu
1275 2703 1744 2775 intelligentiaque
1792 2720 1989 2775 cogno-

408 2806 554 2848 8038.
650 2866 655 2871 ﬁ

480 2884 651 2955 Cujus
678 2886 757 2941 rei
781 2900 950 2943 causa
975 2886 1230 2942 videlicet
1252 2884 1433 2952 Jeses,
1461 2887 1553 2957 qui
1576 2900 1855 2957 nunquam
1878 2887 1987 2944 nisi

407 2977 642 3048 pedibus
672 2977 775 3032 iter
803 2976 984 3034 facere
1012 2970 1399 3041 consueverat,
1430 2977 1534 3031 hoc
1561 2977 1831 3032 duntaxat
1854 2984 1989 3033 tem-

2095 1895 2377 1964 Μακάριαι
2398 1892 2504 1946 τῶν
2524 1889 2865 1963 Χριστιανῶν
2894 1890 2948 1943 αἱ
2971 1886 3183 1949 ἐλπίδες
3204 1888 3215 1938 !
3252 1883 3341 1955 Τῷ
3361 1883 3669 1955 εἰρηνάρχῳ

2096 1984 2465 2046 πιστεύοντες,
2512 1984 2546 2054 ἢ
2580 1981 2679 2053 τὴν
2708 1981 2929 2052 εἰρήνην
2963 1977 3361 2047 πλουτήσαντες
3393 1972 3669 2043 ἄνθρωποι

2096 2077 2342 2146 ἀγγέλων
2371 2073 2695 2147 συμπολίται
2722 2070 2998 2140 γεγόνασι’
3022 2067 3091 2121 τὰ
3110 2067 3219 2119 ἄνω
3240 2066 3333 2119 καὶ
3358 2065 3507 2117 κάτω
3531 2065 3668 2116 ἀνα-

2100 2169 2194 2239 μὶξ
2229 2168 2462 2241 Χριστος
2503 2164 2786 2234 πεποίηκε’
2814 2164 2927 2225 τοῖς
2958 2158 3269 2229 ἀσωμάτοις
3295 2156 3421 2218 τοὺς
3450 2153 3671 2223 χοῖκοὺς

2095 2262 2293 2331 ἦνωσε.
2339 2257 2572 2329 Χαίρετε
2631 2258 2690 2309 ἐν
2736 2250 2974 2326 Χριστῷ⁸
3020 2250 3180 2304 πάλιν
3235 2246 3364 2319 ἐρῶ,
3414 2244 3666 2316 Χαίρετε.

2096 2355 2266 2422 Χαῖρε
2307 2349 2531 2420 σφόδρα,
2562 2347 2800 2417 θύγατερ
2829 2343 2988 2411 Σιὼν,
3021 2344 3056 2414 ὴ
3089 2341 3185 2395 νέα
3231 2336 3602 2411 Ἰερουσαλὴμ,
3632 2335 3673 2405 ἡ

2094 2445 2189 2498 τοῦ
2233 2442 2367 2496 Θεοῦ
2419 2438 2733 2509 Ἐκκλησία⁴
2780 2437 3053 2507 σκόπησον
3095 2434 3164 2487 τά
3206 2432 3303 2502 τῆς
3342 2429 3530 2500 ἑορτῆς
3570 2443 3669 2479 σου

2099 2532 2501 2605 μυστικώτεραο
2536 2530 2713 2603 δράμε
2748 2524 2857 2581 τῶν
2882 2525 3173 2598 ὁρωμένων
3198 2520 3542 2592 ὑψηλότερον,
3580 2517 3675 2573 (vc

2096 2625 2237 2697 γνῷς
2270 2620 2627 2693 ἀναγωγικῶς
2652 2620 2745 2675 καὶ
2772 2619 2839 2673 τά
2872 2615 3142 2689 αἰσθητῶς
3163 2612 3480 2685 τελούμενα.

2166 2909 2322 2971 Τίνος
2367 2908 2527 2978 χάριν
2570 2907 2599 2959 6
2644 2905 2818 2973 πάντη
2868 2902 3168 2971 πεξοπόρος
3217 2900 3421 2971 Ἰησοῦς
3452 2899 3547 2953 νῦν
3573 2901 3675 2954 καὶ

2098 3002 2257 3071 μόνον
2288 3000 2380 3051 sui.
2408 2996 2547 3061 ζὼου
2578 2996 2850 3061 ἐκάθισεν,
2893 2994 3053 3057 αὐτὸς
3084 2992 3407 3064 ὑψούμενος,
3444 2993 3537 3045 καὶ
3566 2991 3676 3063 τὴν

407 3084 544 3140 pore
582 3076 735 3138 tergo
776 3068 1003 3138 pecudis
1032 3068 1254 3133 insedit,
1286 3067 1538 3123 sublatus
1570 3068 1705 3138 ipse,
1741 3076 1796 3123 et
1830 3084 1985 3124 suam

2096 3067 2151 3144 ἐν
2190 3089 2404 3161 σταυρῷ
2448 3088 2655 3157 ὓψωσιν
2698 3085 2876 3157 ἐαυτῷ
2906 3083 3303 3155 αἰνιττόμενος;
3342 3082 3493 3154 Τίςὴ
3532 3100 3675 3136 κατ-

408 3160 517 3215 sibi
548 3160 602 3213 in
634 3173 854 3213 crucem
882 3159 1244 3214 sublationem
1269 3159 1620 3229 signiﬁcans?
1639 3159 1771 3226 Quae
1795 3162 1867 3216 sit
1894 3161 1989 3215 ad-

2096 3183 2275 3237 ἑναντι
2316 3152 2513 3253 κιθμηξ
2552 3180 2775 3243 Πάντως
2895 3152 3170 3238 ἀντίθετος
3212 3174 3305 3227 καὶ
3338 3152 3552 3228 ἐναντία
3587 3173 3678 3243 τῷ

411 3265 568 3305 versa
621 3250 791 3303 villa?
832 3248 1101 3305 Nimirum
1154 3251 1371 3305 animus
1433 3251 1639 3307 mundo
1680 3255 1995 3310 contrarius

410 3350 578 3411 atque
604 3342 913 3412 oppositus,
940 3358 1104 3413 quem
1137 3342 1347 3400 homoe
1371 3344 1593 3413 regione
1616 3344 1856 3413 paradisi
1880 3344 1992 3399 col-

410 3434 628 3489 locatus
656 3434 911 3489 obtinuit.
947 3434 1029 3489 Ad
1056 3449 1219 3505 quem
1246 3433 1472 3505 insuper
1496 3434 1637 3491 duos
1658 3451 1727 3491 ex
1747 3436 1991 3507 discipu-

409 3526 479 3581 lis
508 3526 626 3581 suis
668 3524 931 3581 Dominus
963 3528 1178 3597 allegat,
1214 3526 1317 3580 hoc
1342 3535 1431 3584 est
1480 3535 1773 3597 utrumque
1801 3526 1993 3583 Testa-

410 3625 682 3681 mentum,
696 3615 867 3673 Vetus
888 3632 952 3673 ac
964 3616 1192 3672 Novum.
1212 3618 1343 3683 Quae
1356 3619 1429 3673 sit
1443 3619 1571 3674 item
1584 3620 1736 3673 asina
1755 3618 1992 3688 ?Nempe

408 3719 569 3764 vetus
603 3716 658 3764 et
696 3708 942 3764 adultera
974 3707 1293 3781 Synsgoga;
1328 3724 1449 3779 quae
1478 3710 1820 3781 gravissimis
1858 3724 1989 3765 oue-

411 3800 569 3857 ribus
594 3816 858 3872 oppressa
891 3804 1063 3859 vitam
1088 3802 1360 3869 trahebat,
1387 3803 1547 3873 cujus
1576 3810 1729 3875 tergo
1751 3804 1992 3873 aliquan-

411 3890 505 3945 diu
545 3891 803 3948 Christus
853 3892 1075 3948 insedit.
1110 3892 1245 3958 Quis
1280 3892 1352 3947 sit
1397 3900 1657 3962 praeterea
1687 3894 1907 3965 pullus?
1944 3892 1991 3948 Is

409 3985 559 4039 enim
600 3999 701 4055 ego
738 3999 883 4051 sum,
914 3985 1102 4055 iunior
1133 3992 1187 4040 et
1237 3984 1393 4040 rudis
1433 3986 1676 4055 gentium
1734 3986 1989 4055 populus,

411 4080 499 4134 cui
537 4076 722 4132 nullus
750 4076 1031 4131 hominum
1074 4075 1297 4141 insedit,
1328 4077 1433 4132 hoc
1462 4086 1705 4143 est,,non
1743 4077 1852 4140 lex,
1880 4092 1990 4131 non

411 4170 599 4232 timor,
627 4184 736 4223 non
760 4167 1007 4238 angelus.
1036 4179 1143 4220 non
1173 4167 1459 4236 propheta,
1492 4183 1601 4222 non
1626 4166 1860 4239 Moyses,
1882 4182 1992 4222 non

414 4260 721 4332 Scriptura,
740 4261 832 4315 sed
854 4258 1127 4328 Deusipse
1151 4256 1413 4319 Verbum,
1434 4258 1580 4325 quod
1608 4274 1734 4313 cum
1754 4259 1991 4313 homini-

412 4353 519 4408 bus
546 4352 707 4409 nobis
739 4352 796 4404 in
825 4349 1014 4404 eodem
1047 4348 1275 4418 ιιι-εει)ρί
1318 4346 1653 4403 Bethlebemi
1677 4348 1875 4415 jacuit,
1913 4348 1990 4401 uti

414 4458 517 4498 nos
547 4442 617 4495 ab
648 4441 887 4495 rationis
908 4447 1133 4509 experte
1156 4446 1344 4495 nostra
1369 4435 1687 4506 stupidilate
1713 4437 1987 4502 liberaret,

416 4545 481 4588 ac
504 4530 762 4599 deinceps
787 4528 1097 4587 divinarum
1127 4541 1307 4581 rerum
1336 4525 1541 4597 peritos
1562 4523 1818 4581 ediceret.
1851 4522 1990 4580 Tum

417 4638 539 4693 qua:
566 4622 637 4679 sit
666 4622 799 4691 pulli
844 4620 1082 4677 solutio?
1107 4618 1284 4686 Quam
1319 4634 1429 4675 non
1459 4617 1685 4675 dubium
1719 4625 1803 4672 est
1843 4617 1990 4672 illam

416 4728 540 4771 esse
571 4712 639 4766 ab
664 4711 936 4767 idolorum
972 4710 1123 4768 cultu
1159 4708 1559 4773 liberationem,
1586 4714 1641 4765 et
1666 4706 1993 4763 immolatitii

417 4805 631 4861 cruoris
665 4805 886 4859 modum
931 4816 996 4858 ac
1035 4802 1235 4865 linem;
1268 4816 1429 4874 quem
1469 4799 1735 4870 proﬂuvio
1767 4798 1991 4868 sangui—

417 4898 505 4953 nis
538 4896 840 4952 laborantis
882 4893 1097 4949 l‘eminae
1141 4894 1312 4948 tactio
1346 4898 1723 4962 repraesentat.
1750 4890 1829 4945 Ad
1878 4890 1993 4945 haec

417 4986 641 5056 quinam
684 4985 762 5039 illi
792 4984 925 5045 sint,
955 4983 1048 5051 qui
1094 4982 1166 5039 ob
1193 4982 1325 5051 pulli
1377 4980 1706 5036 solutionem
1741 4980 1813 5033 ita
1863 4982 1994 5035 sub—

418 5084 827 5135 murmurantes
858 5077 1184 5144 obstrepunt
1210 5092 1223 5128 :
1262 5074 1372 5129 Cur
1400 5073 1604 5128 solvitis
1628 5073 1831 5140 pullum
1869 5073 1995 5125 alli-

419 5178 599 5239 gatum
622 5168 682 5222 "l
716 5166 855 5225 Sunt
886 5172 1067 5221 autem
1110 5160 1279 5221 Judai
1332 5177 1397 5216 ac
1439 5162 1735 5217 daemones.
1764 5160 1895 5226 Qua:
1923 5162 1995 5216 sit

422 5264 648 5330 insuper
687 5259 1134 5316 vestimentorum
1183 5270 1213 5311 a
1250 5254 1435 5325 pueris
1488 5252 1631 5312 facta
1661 5253 1997 5311 constratio?

430 5353 563 5420 Qua:
581 5349 837 5410 nimirum
869 5350 1068 5406 veteris
1101 5347 1341 5404 hominis
1374 5346 1755 5414 spoliatiouem
1787 5352 1840 5399 et
1878 5342 1983 5400 fle-

419 5444 545 5498 dam
569 5442 868 5513 Synagogae
902 5439 1253 5499 nudationem
1298 5452 1361 5493 ac
1392 5436 1780 5495 desolationem
1821 5434 1990 5502 signi-

420 5532 574 5595 licet.
607 5534 709 5600 Qui
735 5535 845 5589 sint
876 5542 983 5593 tam
1007 5532 1116 5591 alte
1138 5531 1205 5587 de
1232 5528 1339 5587 Deo
1365 5527 1647 5595 loquentes
1673 5524 1826 5593 pueri
1848 5524 1871 5576 ?
1892 5523 1990 5590 Qui

424 5623 642 5689 quidem
676 5623 887 5678 ﬁdelem
922 5622 1181 5676 Ecclesiae
1230 5619 1509 5689 populum,
1542 5617 1643 5670 hoc
1679 5626 1762 5673 est
1790 5615 1991 5671 Christi

495 5739 511 5772 ⁸
535 5734 724 5792 Matth.
757 5752 871 5800 ut,
906 5738 969 5789 10
1002 5754 1121 5806 sqq.
1197 5738 1216 5766 ¹
1240 5734 1367 5786 Luc.
1401 5749 1512 5795 nx,
1544 5733 1631 5786 3|-

2094 3272 2283 3340 κόσμῳ
2309 3269 2522 3342 γνώμη,
2556 3268 2624 3341 ἢν
2660 3269 2925 3337 ἐκτήσατο
2961 3266 2989 3318 ό
3037 3264 3321 3317 κατέναντι
3361 3263 3453 3315 τοῦ
3493 3281 3677 3333 παρα-

2092 3363 2269 3417 δείσου
2313 3359 2635 3425 ἐξοικισθεὶς
2677 3357 2979 3428 ἄνθρωπος,
3024 3355 3161 3425 πρὸς
3198 3354 3256 3407 ὃν
3289 3354 3600 3408 ἀπέστειλεν
3641 3357 3677 3408 6

2093 3453 2326 3523 Χριστὸς
2353 3451 2445 3505 δύο
2467 3451 2575 3503 τῶν
2605 3448 2881 3522 μαθητῶν,
2917 3442 3027 3501 οἷον
3057 3444 3331 3518 Διαθήκην
3358 3445 3522 3499 αὐτοῦ
3553 3447 3678 3501 Παι-

2094 3542 2250 3596 λαιὰν
2274 3542 2368 3596 καὶ
2390 3540 2663 3603 Νέαν,τάς
2683 3539 2775 3591 δύο
2791 3537 3085 3609 Διαθήκας.
3112 3536 3208 3600 Τίς
3235 3538 3269 3605 ἡ
3291 3535 3439 3598 ὅνος;
3474 3533 3537 3587 Ἠ
3562 3553 3678 3588 πα.-

2094 3634 2223 3688 λαιά
2259 3634 2476 3695 πάντως
2529 3632 2625 3689 καὶ
2661 3628 2910 3705 μοιχαλὶς
2933 3625 3251 3697 Συναγωγή,
3276 3628 3309 3697 ἡ
3332 3628 3410 3690 εἰς
3435 3626 3500 3678 τὰ
3522 3625 3676 3696 βάρη

2091 3726 2182 3778 τὸν
2213 3724 2322 3797 βίον
2351 3722 2719 3797 βεϐαρημένη,
2753 3714 2895 3795 ἐφ⁹ᾖ
2928 3719 3160 3791 Χριστὸς
3186 3716 3347 3788 μέχρι
3377 3733 3477 3770 που
3500 3717 3678 3772 κεκὰο

2093 3814 2232 3867 θικε.
2257 3812 2353 3876 Τίς
2383 3814 2412 3865 6
2443 3811 2652 3875 πῶλος;
2700 3808 2840 3878 Ἐγὼ
2868 3810 2896 3865 6
2920 3809 3038 3871 νέος
3065 3806 3159 3860 καὶ
3186 3806 3528 3876 ἀγύμναστος
3557 3806 3683 3860 τῶν

2094 3905 2263 3959 ἐθνῶν
2306 3904 2453 3968 λαὸς,
2476 3900 2561 3970 ἐφ’
2580 3901 2639 3955 6v
2665 3900 2839 3963 οὐδεὶς
2863 3898 3163 3970 ἀνθρώπων
3194 3897 3461 3953 ἐκάθισεν·
3486 3897 3546 3949 ού
3579 3897 3669 3950 νός

2092 4010 2218 4063 μσς,
2244 3992 2305 4045 οὐ
2332 3990 2516 4060 φόϐος,
2538 3992 2639 4043 οὐκ
2657 3988 2904 4057 ἄγγελος,
2928 3988 2990 4040 ού
3014 3988 3321 4058 προφήτης,
3348 3986 3407 4039 οὗ
3437 3985 3679 4055 Μωσῆς.

2093 4083 2155 4134 οὐ
2187 4082 2398 4153 Γραφή*
2433 4080 2546 4134 ἀλλ’
2576 4078 2738 4142 αὐτὸς
2769 4079 2798 4131 6
2830 4078 2963 4141 Θεὸς
2994 4077 3164 4145 Λόγος
3194 4079 3223 4129 6
3249 4079 3381 4148 ἡμῖν
3404 4079 3517 4139 τοῖς
3542 4076 3679 4130 ἀλό-

2093 4189 2209 4240 γοις
2253 4170 2663 4241 συμφατνιάσας
2702 4171 2759 4221 ἐν
2785 4168 3053 4240 Βηθλεέμ,
3086 4169 3235 4233 ὅπως
3266 4169 3367 4238 τῆς
3391 4169 3674 4239 ἡμετέρας

2093 4264 2316 4333 ἀλογίας
2343 4263 2705 4336 ἐλευθερώσῃ,
2732 4261 3011 4330 θεολόγους
3043 4260 3267 4331 ὕστερον
3295 4262 3678 4330 καταστήσας,

2093 4356 2188 4417 Τίς
2208 4355 2265 4408 δὲ
2294 4356 2329 4424 ἡ
2359 4353 2512 4417 λύσις
2546 4354 2641 4407 τοῦ
2673 4353 2889 4417 πώλους
2919 4353 3142 4415 Πάντως
3170 4354 3203 4421 ἡ
3248 4350 3359 4409 ἀπὸ
3388 4349 3490 4420 τῆς
3512 4350 3670 4403 εἰδω-

2025 4485 2069 4539 D
2093 4445 2409 4516 λολατρείας
2438 4444 2738 4517 ἐλευθερία,
2771 4446 2865 4498 καὶ
2895 4447 2927 4517 ἡ
2959 4444 3068 4496 τῶν
3092 4441 3384 4496 εἰδωλικῶν
3422 4442 3671 4510 αἱμάτων

2097 4536 2412 4600 κατάλυσις,
2444 4538 2510 4607 ἣν
2536 4536 2777 4607 ἐσήμανε
2819 4537 2912 4591 καὶ
2952 4537 2985 4605 ἡ
3021 4534 3118 4604 τῆς
3141 4532 3545 4605 αἰμορροούσης
3572 4548 3675 4599 γυ-

2096 4626 2283 4687 ναικὸς
2309 4622 2530 4692 ψαῦσις.
2559 4623 2717 4686 Τίνες
2749 4624 2798 4677 οἰ
2822 4624 2914 4677 ἐπὶ
2933 4626 2998 4693 τῇ
3020 4622 3171 4678 λύσει
3201 4622 3297 4674 τού
3326 4620 3506 4673 πώλου
3537 4637 3673 4686 γογ-

2094 4714 2380 4781 γύσαντες,
2424 4714 2691 4781 λέγοντες
2748 4719 2809 4769 Τί
2850 4716 3024 4770 λύετε
3058 4714 3165 4767 τὸν·
3187 4713 3395 4768 πῶλον
3430 4710 3665 4780 δεδεμέε

2094 4821 2240 4869 rer;
2268 4806 2332 4858 Oi
2371 4805 2609 4859 Ἰουδαῖοι
2639 4805 2736 4877 [οἱ]
2772 4807 2865 4867 καὶ
2892 4806 3163 4877 δαίμονες.
3196 4807 3292 4870 Τις
3329 4808 3361 4876 ὴ
3395 4806 3505 4859 τῶν
3538 4806 3664 4875 ἰμα-

2096 4896 2228 4950 τίων
2254 4895 2360 4949 τῶν
2382 4894 2588 4949 παίδων
2607 4896 2987 4967 ύπόστρωσις;
3012 4896 3064 4948 τί
3089 4895 3183 4948 τοῦ
3209 4893 3441 4951 παλαιοῦ
3461 4894 3665 4966 ἀνθρώ.

2098 5005 2202 5041 που
2232 4987 2477 5053 ἐκδυσιςς
2520 4988 2586 5041 Ἦ
2620 4987 2722 5057 τῆς
2752 4988 3079 5058 Συναγωγῆς
3107 4988 3351 5057 ἄσχημος
3391 4986 3673 5056 γύμνωοις

2097 5077 2232 5148 ὁμοῦ
2277 5079 2373 5131 καὶ
2418 5078 2713 5148 ἐρήμωσις.
2756 5077 2890 5131 Τίνα
2944 5076 3012 5129 τά
3062 5075 3412 5143 θεολογοῖωτα
3463 5076 3671 5144 νήπια;

2097 5164 2348 5237 Σύμϐολα
2385 5166 2603 5229 πάντως
2641 5164 2736 5219 τοῦ
2776 5165 2969 5218 πιστοῦ
3014 5164 3145 5218 λαοῦ
3197 5166 3296 5236 τῆς
3345 5162 3676 5233 Ἐκκληείας

2098 5257 2333 5326 Χριστοῦ
2381 5256 2596 5325 ῐγγονα.
2643 5257 2797 5321 Τίνες
2842 5258 2897 5309 αἱ
2931 5256 3135 5309 τούτων
3178 5256 3444 5326 μητέρες;
3478 5256 3543 5307 Αἱ
3574 5251 3673 5305 τοῦ

2104 5347 2479 5418 βαπτίσματος
2509 5347 2883 5420 κολυμϐἧθραι
2921 5350 2975 5401 αι
3020 5348 3146 5409 τοὺς
3191 5346 3415 5406 πιστοὺς
3446 5345 3678 5409 ἀναγεν-

2101 5437 2292 5495 νῶσαι.
2323 5438 2479 5502 Τίνες
2505 5438 2695 5493 αἰτῶν
2727 5440 2979 5509 μητέρων
3014 5436 3208 5507 μζοίς
3246 5436 3312 5488 Αἰ
3348 5434 3441 5491 δύο
3469 5431 3675 5499 Διαθῆ-

2103 5545 2195 5587 και
2220 5530 2277 5581 αἰ
2304 5530 2462 5601 ἡμῶν
2484 5529 2789 5586 διδάσκαλοι
2819 5529 3146 5600 ἀμφότεραι,
3182 5526 3497 5592 ποτίζουσαι
3521 5522 3677 5595 ἡμᾶς

2103 5619 2161 5671 τὸ
2190 5620 2326 5687 γάλα
2352 5621 2412 5673 τὸ
2441 5621 2812 5692 πνευματικὸν
2842 5621 2935 5674 καὶ
2961 5620 3229 5690 οὐράνιον.
