3948 6196
291 261 372 321 ωδ
846 239 1127 299 HOMlLlA
1152 244 1262 301 Vll.
1311 254 1379 309 IN
1422 254 1753 311 SANCTAM
1789 254 2071 313 CHRISTI
2112 253 2769 314 RESURRECTIONEM.

3414 256 3518 310 506

281 375 971 442 simulemndumbrarunt.
1014 375 1146 442 Qua;-
1176 377 1287 431 sint
1337 376 1557 431 illorum
1607 378 1848 434 matres?
1875 375 1994 431 Non
2031 374 2151 432 aliae
2202 376 2481 442 videlicet,
2553 388 2716 443 quam
2766 371 3025 442 baptismi
3065 370 3264 439 fontes,
3315 371 3519 447 quibus

277 477 447 531 ﬁdeles
477 474 670 527 iterato
718 471 1041 541 gignuntur.
1068 470 1331 536 Quaenam
1385 487 1549 541 porro
1584 472 1694 527 sint
1723 479 1959 527 matrum
1987 472 2199 531 ubera?
2252 470 2483 540 Nempe,
2522 468 2873 525 Testamenta
2901 467 3032 533 duo,
3094 481 3237 538 quos
3292 465 3520 523 totidem

276 572 547 642 magistros
568 568 865 622 habemus:
897 582 1023 637 quae
1051 567 1133 623 lac
1163 568 1323 621 nobis
1352 568 1600 637 Spiritale
1621 582 1688 621 ac
1707 568 1928 623 cteleste
1958 567 2272 639 prOpinant.

335 663 429 725 τίς
456 664 489 731 ἠ
523 663 587 713 ὲκ
618 658 713 711 τοῦ
742 660 904 729 ὅρους
922 658 1032 710 τῶν
1066 659 1292 712 Ἐλαιῶν
1322 659 1559 730 Χριστοῦ
1595 658 1836 711 κατάϐα-

2009 658 2147 725 Quid
2183 659 2289 715 sibi
2338 657 2481 713 velit.
2512 655 2716 712 Christi
2759 670 2825 711 ex
2876 653 3072 723 oliveti
3123 654 3262 711 colle
3294 653 3525 710 deswn-

267 770 369 817 τις,
402 750 515 805 ἀλλ’
555 750 591 820 ἢ
642 750 860 810 πάντως
904 751 936 817 ἡ
970 751 1035 801 ὲκ
1074 747 1168 801 τοῦ
1214 748 1445 819 οὐρανοῦ
1481 749 1615 802 Θεοῦ
1666 750 1839 817 Λόγου

269 858 294 889 ,τ
314 844 397 912 ph;
434 842 580 911 ἡμᾶς
608 841 1049 910 συγκατάϐασιςς
1084 840 1241 904 Τίνες
1274 841 1382 893 τῶν
1415 841 1612 895 ἐλαιῶν
1636 844 1683 894 οἱ
1714 843 1843 895 κλά-

263 942 282 986 ,-
299 949 345 986 οι
368 949 383 998 ;
403 935 458 986 αἱ
479 932 588 985 τῶν
608 932 918 1002 ὲλεημόνων
937 930 1127 1000 ψυχαί.
1164 932 1259 994 Τίς
1291 934 1324 1001 ἡ
1350 932 1495 995 ὁδὸς,
1527 934 1585 985 ὲν
1662 933 1843 996 καλῶς

275 1024 733 1095 ὑποστρωννύουσι
764 1022 866 1085 τὰς
899 1020 1010 1077 τῶν
1042 1022 1253 1093 ἀρετῶν
1293 1021 1541 1093 πράξεις,
1573 1024 1845 1078 ὰπεκδυό-

276 1133 417 1188 μενοι
454 1116 550 1168 τὸν
595 1113 822 1168 παλαιὸν
864 1114 1188 1185 ἆνθρωπον;
1232 1114 1297 1166 Τί
1329 1115 1438 1168 τῶν
1489 1116 1747 1184 φοινίκων
1775 1116 1847 1169 τὰ

274 1210 428 1280 ﬁcia;
471 1211 529 1261 ai
560 1207 799 1281 καθαραὶ
828 1209 939 1261 τῶν
960 1209 1185 1262 δικαίων
1210 1209 1447 1280 καρδίαι,
1480 1213 1535 1264 αἱ
1575 1210 1650 1272 ὼς
1679 1212 1848 1278 φοίνι-

272 1318 358 1363 κες
395 1299 671 1362 ἀνθοῦσαι,
717 1300 810 1351 καὶ
849 1299 925 1360 ὡς
970 1299 1029 1351 αί
1066 1298 1248 1369 κέδροι
1288 1299 1383 1353 τοῦ
1429 1300 1662 1354 Λιϐάνου
1707 1299 1848 1368 πλη-

271 1390 572 1459 θυνόμεναι,
604 1392 661 1445 αἱ
688 1389 1096 1460 πεφυτευμέναι
1126 1392 1182 1443 ὲν
1208 1391 1289 1461 τῷ
1327 1388 1460 1461 οἴκῳ
1490 1391 1715 1460 Κυρίου,
1752 1391 1846 1443 καὶ

269 1481 601 1545 ὲξανθοῦσαι,
638 1484 696 1534 αι
744 1482 856 1535 ἄνω
895 1481 1071 1552 ὀρθῶς
1101 1482 1237 1551 πρὸς
1274 1482 1366 1536 τὸν
1411 1482 1584 1553 ἀληθῆ
1626 1482 1846 1551 φοίνικα.

271 1572 579 1643 βλέπουσαι,
608 1573 828 1635 πάντως
871 1572 1130 1644 δηλοῦσαι
1159 1574 1253 1626 καὶ
1297 1572 1396 1644 τὴν
1426 1574 1583 1645 νίκην
1624 1574 1719 1627 τοῦ
1747 1591 1840 1627 τυ-

262 1664 453 1729 ράννου
489 1663 586 1715 καὶ
616 1662 711 1715 τοῦ
751 1663 900 1733 ᾅδου,
927 1664 1080 1716 αὐτοὶ
1109 1663 1560 1735 ἐλευθερωθέντες
1584 1665 1684 1735 τῆς
1714 1666 1849 1718 ὲκεί-

268 1772 370 1806 νων
384 1754 703 1823 τυραννίδος
720 1757 786 1823 τῇ
809 1754 905 1809 τοῦ
925 1753 1161 1825 Χριστοῦ
1178 1754 1398 1825 νικητοῦ
1424 1756 1674 1828 δυνάμει.
1691 1757 1848 1820 Τίνες

270 1846 314 1897 oi
340 1845 675 1914 προάγοντες
699 1862 714 1911 ;
744 1845 1020 1915 Προφῆται
1052 1846 1102 1897 οἱ
1127 1845 1343 1899 δίκαιοι.
1364 1847 1522 1910 Τίνες
1547 1850 1597 1900 oi
1621 1848 1844 1902 ἀκολου-

270 1934 481 1996 θοῦντες
504 1950 522 1998 ;
558 1934 863 1998 ἀπόστολοι,
895 1934 991 1988 καὶ
1012 1936 1171 2005 ἡμεῖς
1192 1937 1242 1988 οἱ
1267 1936 1325 2002 ἐξ
1350 1936 1520 1990 ἐθνῶν
1556 1938 1692 2007 μετά
1720 1938 1847 1992 τού-

1943 765 2081 814 sus,
2126 749 2219 819 qui
2275 747 2411 803 nihil
2469 746 2617 801 aliud
2674 753 2797 811 est,
2855 760 3017 814 quam
3058 744 3224 798 divini
3279 744 3346 799 de
3384 744 3526 799 calo

1946 840 2106 896 Verbi
2157 856 2278 899 sese
2331 840 2398 893 ad
2439 854 2540 895 nos
2570 836 3036 892 aeeommodantis
3068 836 3330 904 illapsus?
3381 835 3526 900 Quid

1944 932 2049 988 sibi
2079 931 2248 987 velint
2304 929 2537 999 oleagini
2574 929 2756 991 rami?
2810 927 2865 980 lii
2918 934 3045 984 sunt
3085 926 3525 981 misericordium

1944 1022 2163 1079 animae.
2214 1020 2345 1086 Quae
2373 1022 2459 1077 via
2505 1022 2579 1078 sit
2606 1020 2662 1077 in
2705 1034 2813 1089 qua
2848 1017 3120 1087 proiectas
3155 1032 3186 1071 a
3224 1016 3525 1073 virtutibus

1944 1111 2193 1167 actiones
2245 1110 2513 1183 praeclare
2547 1113 2947 1174 consternunt,
2975 1115 3031 1161 et
3059 1115 3299 1161 veterem
3345 1106 3525 1160 homi-

1946 1220 2067 1259 nem
2092 1203 2334 1258 exuunt?
2360 1201 2501 1267 Quid
2542 1201 2617 1254 illi
2661 1199 2967 1269 palmarum
3000 1200 3139 1254 rami
3174 1200 3321 1256 sint?
3350 1198 3525 1253 Nimi-

1945 1311 2066 1349 rum
2097 1295 2312 1349 sincera
2343 1293 2622 1362 justorum
2650 1290 2817 1346 corda
2840 1331 2854 1355 ,
2887 1306 3009 1360 qua:
3039 1290 3341 1360 palmarum
3374 1306 3528 1346 more

1946 1386 2261 1449 florescunt,
2296 1394 2353 1441 et
2385 1392 2443 1439 ut
2471 1383 2619 1445 cedri
2653 1382 2848 1441 Libani
2884 1382 3336 1451 multiplicantur,
3370 1383 3527 1452 plan-

1948 1486 2074 1534 tataa
2121 1478 2176 1532 in
2228 1476 2394 1532 domo
2440 1475 2694 1541 Domini,
2746 1489 2809 1529 ac
2861 1473 3270 1544 germinantes;
3300 1489 3530 1543 qumque

1947 1582 2169 1627 sursum
2203 1575 2400 1623 erecta:
2432 1582 2612 1627 veram
2654 1566 2722 1623 ad
2774 1566 3012 1636 palmam
3049 1564 3370 1634 respiciunt.
3415 1564 3531 1617 Ea:-

1948 1661 2069 1717 dem
2098 1676 2264 1730 porro
2298 1666 2631 1730 reportatam
2661 1658 2728 1715 de
2765 1666 3000 1729 tyranno
3031 1666 3085 1712 et
3122 1656 3316 1712 inferis
3358 1658 3532 1710 victo-

1948 1752 2085 1807 riam
2139 1752 2635 1822 signiﬁcantrqua
2688 1750 2743 1804 in
2799 1750 3102 1805 libertatem
3153 1752 3349 1804 asserti
3382 1758 3531 1813 sunt,

1947 1854 2003 1900 et
2032 1844 2257 1899 victoris
2287 1843 2492 1901 Christi
2526 1843 2768 1912 polentia
2800 1843 3017 1900 illorum
3074 1841 3363 1911 tyrannide
3407 1856 3533 1910 per-

1950 1933 2146 1991 functi.
2199 1932 2434 1999 Quinam
2470 1931 2690 1991 demum
2743 1932 2853 1985 sint
2887 1932 3002 1994 illi,
3062 1931 3152 2000 qui
3186 1931 3537 2000 prmcedunti

266 2041 366 2077 των
394 2026 813 2088 πιστεύσαντες.
851 2026 912 2079 Ἦ
941 2025 998 2078 δὲ
1030 2026 1204 2089 πόλις,
1235 2028 1275 2097 ὴ
1303 2027 1415 2080 ἄνω
1454 2006 1847 2100 Ἰερουσαλήμ·

1956 2023 2101 2079 Sunt
2147 2024 2186 2081 ii
2236 2039 2367 2079 vero
2407 2022 2682 2091 prepheta:
2726 2037 2939 2086 omnes,
2988 2036 3054 2077 ac
3098 2022 3255 2090 justi.
3298 2021 3534 2087 Quinam

267 2116 323 2169 τὸ
354 2118 612 2187 δὲ’ἱερὸν,
641 2119 673 2187 ἠ
711 2117 954 2186 βασιλεία
981 2116 1091 2170 τῶν
1132 2117 1399 2189 οὐρανῶν,
1430 2118 1488 2184 ἐξ
1514 2113 1583 2189 ἦς
1609 2118 1845 2188 Χριστὸς

279 2207 564 2270 Ἰουδαίους
584 2207 660 2270 ὡς
687 2208 937 2273 ἀναξίους
959 2206 1247 2278 ἐξήγαγεν.
1272 2207 1428 2262 Οὕτω
1446 2210 1514 2264 τὰ
1535 2210 1632 2278 τῆς
1658 2209 1851 2279 ἑορτῆς

270 2314 358 2351 σου
382 2299 578 2370 νόησον
597 2314 613 2331 δ
637 2297 779 2354 οὕτω
805 2298 869 2352 τὸ
905 2299 999 2353 τοῦ
1033 2300 1307 2353 Δεσπότου
1348 2301 1649 2371 μυστήριον
1679 2299 1849 2368 φύλα-

271 2390 370 2455 εον.
400 2390 634 2453 Πάντως
664 2389 721 2443 δὲ
758 2390 854 2443 καὶ
892 2389 962 2443 τὰ
989 2390 1090 2460 τῆς
1136 2391 1329 2461 ἑορτῆς
1364 2408 1459 2444 σου
1490 2394 1507 2413 ⁶
1528 2392 1580 2410 ’⁸
1612 2390 1851 2460 Συνδράη

274 2496 455 2550 μωμεν
518 2479 655 2549 μετὰ
706 2479 959 2547 ἀγγέλων
998 2479 1334 2552 χορεύοντες,
1377 2479 1516 2549 μετὰ
1559 2478 1655 2535 τοῦ
1692 2479 1849 2549 ὄχλου

272 2571 609 2641 κροτούντων
634 2569 771 2640 (⁸17),
805 2571 945 2641 μετὰ
970 2568 1064 2623 τοῦ
1094 2568 1274 2625 πώλου
1322 2568 1670 2641 σκιρτῶντες,
1714 2568 1851 2639 μετὰ

276 2661 529 2732 μητέρων
560 2661 946 2731 θαυμάζοντες,
978 2663 1096 2732 μετ’
1127 2661 1437 2718 ἀποστόλων
1470 2661 1849 2733 κηρύττοντες,

272 2753 360 2808 καὶ
402 2753 633 2826 Χριστῷ
678 2753 1037 2817 ὑπαντοῦντες
1079 2753 1178 2824 τὴν
1239 2750 1593 2825 Ἰερουσαλὴμ
1641 2752 1853 2805 ἐπιϐαί-

271 2861 426 2907 νοντι,
457 2843 757 2907 αἰνοῦντες,
780 2843 1148 2911 εὐλογοῦντες,
1189 2843 1417 2897 Ὡσαννὰ
1437 2843 1706 2910 λέγοντες.
1738 2845 1853 2897 Eb-

271 2934 607 3004 ,ιογημένος
634 2937 665 2988 ό
696 2934 910 3001 ἐλθὼν,
947 2936 1041 2988 καὶ
1085 2935 1245 2988 πάλιν
1291 2934 1582 3005 ἐρχόμενος
1620 2935 1689 2987 ἐν
1719 2934 1852 2986 ὀνό-

269 3044 401 3094 ματι
430 3027 663 3095 Κπιρίου
699 3028 879 3096 κρῖναι
908 3026 998 3079 τὸν
1025 3028 1225 3097 κόσμον
1253 3026 1440 3080 αὑτοῦ.
1473 3025 1631 3095 Αὐτῷ
1664 3027 1697 3096 ἡ
1725 3024 1851 3090 δόξα

272 3117 345 3187 τῷ
368 3116 485 3185 (78)
537 3117 734 3188 Πατρὶ,
782 3118 874 3170 καὶ
918 3116 994 3177 τῶ
1024 3117 1301 3189 Πνεῦματι
1330 3119 1409 3182 είς
1455 3118 1582 3181 τοὺς
1627 3118 1847 3179 αἰῶνας.

284 3208 337 3259 Ἀ
345 3210 479 3279 μήν.

1950 2113 2387 2182 subsequentes?
2408 2112 2652 2182 Apostoli
2685 2112 2979 2177 nimirum;
3006 2112 3251 2180 adeoque
3280 2126 3379 2166 nos
3406 2111 3536 2181 ipsi,

1951 2204 2044 2273 qui
2077 2218 2203 2261 cum
2234 2203 2349 2265 illis
2389 2217 2421 2259 e
2462 2202 2746 2271 gentilium
2774 2216 3004 2255 numero
3032 2200 3387 2256 credidimus.
3415 2200 3535 2257 Jam

1952 2296 2147 2353 civitas
2203 2296 2321 2364 ipsa
2376 2293 2621 2353 celestis
2677 2302 2763 2348 est
2824 2292 3207 2358 Hierusalem;
3247 2293 3535 2361 templum,

1952 2386 2176 2445 cmlesto
2223 2400 2498 2455 regnum,
2546 2399 2578 2445 a
2632 2399 2742 2454 quo
2780 2382 3039 2448 Christus
3090 2381 3350 2447 Judaeos,
3390 2383 3537 2439 velut

1954 2479 2247 2549 indignos.
2289 2476 2701 2536 exterminavit.
2750 2476 2833 2534 Ad
2875 2477 3026 2534 hunc
3057 2478 3279 2531 modum
3337 2474 3536 2533 festum

1957 2570 2093 2627 illud
2120 2576 2277 2627 tuum
2310 2569 2731 2638 contemplator.
2774 2567 2851 2623 lta
2876 2566 3221 2625 Domiuieum
3252 2566 3387 2627 illud
3423 2582 3537 2643 my.

1954 2662 2185 2722 sterium
2220 2670 2460 2721 servato.
2499 2661 2734 2719 Prorsus
2766 2660 2911 2720 enim
2969 2668 3029 2717 et
3071 2675 3194 2729 quae
3238 2659 3307 2717 ad
3342 2657 3541 2713 festum

1962 2754 2094 2808 illud
2132 2761 2286 2807 tuum
2323 2793 2373 2808 ..
2401 2792 2415 2806 .
2442 2792 2456 2805 .
2492 2753 2865 2806 Accurramus
2903 2765 3029 2804 cum
3083 2750 3291 2821 angelis
3343 2750 3542 2804 choros

1954 2844 2220 2899 ducentes
2243 2882 2259 2908 ,
2297 2858 2419 2898 eum
2449 2842 2609 2896 turba
2650 2841 2971 2910 plaudentes
2997 2879 3011 2901 ,
3048 2855 3173 2893 cum
3225 2840 3375 2908 pullo
3406 2841 3541 2899 sub-

1953 2934 2234 2996 silientes,
2266 2949 2391 2988 eum
2424 2932 2691 2987 matribus
2734 2931 3071 2985 admirantes
3092 2968 3106 2993 ,
3155 2943 3281 2983 eum
3318 2939 3538 2997 aposto-

1956 3026 2022 3081 lis
2059 3026 2416 3096 praedieautes
2436 3063 2452 3091 ,
2480 3023 2694 3077 obviam
2728 3021 2953 3076 Christo
2981 3020 3375 3090 procedentes,
3412 3017 3542 3072 dum

1955 3116 2002 3171 is
2028 3115 2458 3186 Hierosolymam
2487 3112 2824 3183 ingreditur;
2861 3109 3182 3173 laudantes,
3218 3108 3539 3162 benedicen-

1957 3217 2082 3274 tes,
2119 3207 2375 3263 ilosanua
2430 3206 2709 3261 dicentes:
2764 3202 3079 3257 Benedictus
3128 3201 3217 3271 qui
3266 3200 3440 3262 venit,
3492 3201 3541 3249 et

274 3292 470 3353 iterum
507 3299 686 3354 veniet
716 3300 769 3353 in
799 3302 1007 3356 nomine
1036 3299 1270 3367 Domini,
1299 3302 1550 3373 judicare
1589 3299 1855 3358 mundum
1893 3314 2078 3359 suum.
2114 3297 2220 3368 Ipsi
2250 3298 2423 3369 gloria
2472 3312 2599 3355 cum
2627 3294 2826 3359 Patre,
2892 3302 2945 3350 et
3012 3292 3218 3364 Spiritu
3256 3299 3445 3345 sancto
3492 3286 3545 3339 in

277 3391 501 3444 saecula.
529 3393 725 3446 Amen.

1857 3572 1964 3626 Vll.

531 3701 714 3755 Sancti
749 3699 1027 3768 Epiphanii
1068 3698 1293 3767 episcopi
1333 3696 1661 3752 Constantia:
1696 3694 1858 3765 Cypri
1890 3692 2060 3746 oratio
2092 3691 2147 3743 in
2181 3697 2421 3742 sanctam
2455 3683 2655 3737 Christi
2690 3681 3121 3735 resurrectionem
3153 3676 3287 3748 (79).

343 3824 510 3880 Nune
532 3830 867 3876 mortuorum
893 3821 1074 3875 luctus
1099 3818 1388 3883 exsulavit,
1418 3825 1471 3872 et
1496 3815 1852 3873 resurrectio-
1878 3820 1921 3881 c
1956 3809 2284 3883 perfidorum
2339 3820 2538 3869 ausus;
2600 3799 3007 3881 suspenderunt
3036 3812 3159 3851 eum
3181 3833 3196 3856 ,
3232 3795 3324 3863 qui
3371 3801 3541 3848 totam

279 3918 361 3972 nis
409 3918 603 3970 lumen
646 3912 885 3976 affulsit,
922 3914 979 3965 in
1006 3926 1115 3980 quo
1148 3925 1361 3964 summa
1408 3907 1499 3963 Dei
1538 3910 1592 3961 ln
1628 3923 1728 3962 nos
1760 3907 1857 3961 de-

281 4013 627 4062 monstratur
657 4003 917 4059 Charitas.
955 4000 1090 4057 Nam
1135 4010 1367 4055 mortem
1414 4014 1575 4069 quam
1629 3998 1862 4052 debebat

282 4099 445 4155 homo
466 4137 483 4161 ,
514 4111 635 4151 eam
662 4094 899 4148 moriens
920 4092 1198 4148 destruxit
1217 4091 1494 4153 Christus,
1526 4088 1861 4158 redemptio-

282 4190 365 4245 nis
416 4187 659 4257 pretium
692 4185 829 4239 dans
862 4198 959 4254 pro
997 4182 1209 4246 anima,
1260 4197 1324 4235 ac
1365 4195 1569 4250 corpus
1603 4195 1700 4250 pro
1736 4194 1859 4233 eor-

282 4295 449 4350 pore,
511 4285 799 4345 totumque
858 4274 1129 4327 hominem
1182 4287 1283 4342 pro
1334 4271 1587 4331 homine,
1649 4285 1713 4323 ac
1764 4284 1863 4339 pro

282 4378 459 4424 morte
490 4374 745 4421 mortem.
784 4363 847 4417 Et
865 4364 989 4432 quis
1024 4377 1265 4439 unquam
1290 4361 1474 4429 justus
1497 4370 1747 4414 mortuus
1780 4368 1864 4413 est

282 4475 377 4528 pro
399 4456 649 4526 injuste?
677 4454 813 4520 Quis
843 4460 991 4523 pater
1041 4468 1139 4522 pro
1167 4454 1316 4513 lilio?
1350 4463 1402 4507 et
1430 4454 1556 4521 quis
1585 4467 1682 4519 pro
1714 4460 1863 4519 patre

281 4551 423 4605 ﬁlius
454 4546 617 4600 morti
644 4561 704 4600 se
734 4544 928 4598 obtulit
950 4541 1135 4612 ?quod
1164 4542 1384 4612 quidem
1417 4558 1516 4611 pro
1545 4540 1705 4593 nobis
1734 4540 1863 4592 fecit

285 4636 729 4690 Dominusznon
778 4631 937 4685 modo
975 4646 1072 4685 sua
1128 4647 1229 4686 nos
1288 4647 1454 4684 manu
1509 4630 1755 4683 formans
1808 4628 1863 4683 in

282 4724 476 4789 Adam,
527 4720 625 4775 sed
658 4720 818 4775 etiam
848 4720 903 4774 in
935 4735 1033 4775 sua
1084 4736 1184 4777 nos
1226 4720 1485 4788 passione
1534 4734 1863 4788 regeneraus

285 4829 376 4882 per
416 4812 693 4884 spiritum.
730 4809 1042 4879 lmpiusque
1071 4809 1383 4867 Iudaeorum
1430 4809 1663 4879 populus
1700 4824 1862 4862 suum

284 4903 459 4973 ipsius
504 4900 777 4955 interfecit
826 4900 1225 4957 benefactorem
1253 4939 1267 4963 ,
1314 4915 1414 4970 pro
1448 4900 1605 4953 bonis
1641 4900 1689 4952 ei
1721 4900 1864 4951 mala

284 4994 613 5064 rependens,
647 5008 712 5045 ac
742 5007 840 5061 pro
867 4991 1064 5061 gaudio
1099 4990 1528 5051 tribulationem,
1558 4999 1608 5043 et
1633 5004 1730 5059 pro
1752 4991 1862 5043 vita

284 5094 537 5137 mortem.
569 5080 671 5147 Qui
699 5082 844 5137 enim
877 5081 1096 5136 illorum
1130 5080 1479 5135 resuscitavit
1514 5089 1781 5142 mortuos,
1810 5086 1863 5133 et

1963 3898 2247 3970 suspendit
2297 3905 2532 3959 terram;
2564 3894 2708 3962 ligno
2741 3891 3027 3944 alﬁxerunt
3078 3889 3252 3948 illum,
3287 3889 3379 3958 qui
3409 3889 3542 3943 soli-

1959 3992 2109 4046 davit
2139 3988 2437 4052 mundum;
2463 3993 2517 4039 et
2539 3984 2713 4037 mensi
2745 3990 2873 4037 sunt
2900 3997 3025 4035 eum
3054 3980 3147 4050 qui
3177 3982 3398 4034 metitur
3429 3994 3543 4035 cu:-

1963 4082 2044 4136 los
2066 4120 2082 4145 ,
2117 4080 2466 4149 ligaruntque
2497 4075 2649 4131 illum
2675 4073 2770 4143 qui
2805 4072 2968 4127 sdlvit
3012 4079 3324 4142 peceatores
3345 4113 3361 4138 ,
3399 4081 3453 4126 et
3485 4073 3544 4125 in

1963 4172 2054 4228 siti
2089 4176 2350 4243 potarunt
2378 4174 2534 4222 aceto
2557 4165 2733 4229 illum,
2754 4163 2849 4233 qui
2880 4178 2978 4233 pro
2998 4170 3126 4233 potu
3150 4162 3353 4231 pra-bet
3371 4162 3540 4229 justi~

1962 4262 2114 4325 tiam,
2151 4266 2204 4314 et
2235 4258 2289 4311 in
2321 4270 2507 4312 eseam
2546 4250 2813 4308 dederunt
2845 4249 2917 4306 fel
2947 4251 3033 4314 ei,
3076 4249 3169 4319 qui
3206 4248 3351 4303 fovet
3378 4248 3545 4319 justi-

1963 4353 2116 4413 tiam,
2148 4348 2705 4413 contaminaruntque
2737 4357 2934 4397 manus
2980 4355 3044 4394 ac
3078 4341 3243 4411 pedes
3268 4340 3411 4410 ejus,
3446 4340 3545 4410 qui

1966 4459 2159 4499 manus
2189 4442 2433 4512 ipsorum
2461 4436 2709 4499 sanavit,
2738 4440 3039 4505 coegerunt
3066 4432 3258 4487 oculos
3286 4431 3546 4486 claudere

1965 4537 2115 4589 illum
2138 4574 2153 4599 ,
2180 4533 2274 4602 qui
2316 4533 2490 4584 visum
2527 4528 2663 4597 ipsis
2692 4526 2942 4596 aperuit,
2994 4525 3436 4594 sepi-lieruutque
3477 4523 3543 4576 il-

1966 4628 2098 4689 lum,
2131 4625 2225 4695 qui
2253 4630 2496 4676 mortuos
2526 4621 2591 4673 ad
2622 4620 2786 4673 vitam
2816 4618 3111 4672 revocavit.
3144 4618 3188 4669 0
3224 4620 3542 4688 mysterium

1966 4732 2166 4773 novqu
2196 4723 2250 4769 et
2280 4711 2603 4766 miraculum
2635 4708 2999 4778 stupendum!
3033 4708 3313 4776 judicatus
3336 4720 3417 4764 est
3445 4710 3539 4777 ju-

1964 4808 2067 4863 dex
2107 4814 2161 4860 et
2220 4804 2449 4874 ligatus,
2500 4802 2591 4872 qui
2643 4801 2807 4856 solvit
2838 4801 3084 4862 vinctos,
3124 4799 3461 4868 adactusque
3485 4801 3541 4855 in

1964 4911 2181 4951 erucem
2207 4903 2322 4957 est,
2357 4893 2448 4963 qui
2479 4892 2711 4946 firmavit
2744 4899 2978 4953 terram,
3009 4898 3063 4946 et
3095 4906 3396 4960 suspensus
3435 4902 3539 4955 est,

1964 4987 2056 5057 qui
2092 4987 2404 5040 universum
2431 4982 2717 5054 suspendit
2755 4982 3039 5037 mundum.
3068 4982 3413 5039 Hensuratus
3434 4990 3539 5045 est,

1964 5078 2055 5147 qui
2088 5078 2311 5132 metitur
2360 5076 2562 5140 eteius,
2616 5084 2917 5145 pastusque
2951 5082 3035 5129 est
3072 5075 3225 5137 felle,
3255 5075 3346 5143 qui
3393 5075 3535 5143 pavit

284 5173 501 5226 curavit
525 5172 738 5234 turbas,
764 5170 1199 5242 illuminavitque
1226 5188 1423 5237 caecos,
1470 5172 1613 5226 hunc
1640 5150 1854 5227 oeciiic-
1888 5181 1929 5237 ι)
1958 5172 2151 5236 vitam;
2182 5177 2431 5223 mortuus
2476 5176 2563 5222 est
2609 5168 2702 5237 qui
2736 5177 2932 5221 cuncta
2988 5166 3245 5236 produxit
3279 5166 3421 5224 viva.
3454 5180 3534 5219 se-

286 5272 416 5316 runt
449 5263 847 5333 suspendentes
890 5262 942 5316 in
973 5263 1137 5333 ligno.
1170 5262 1361 5319 Videte
1392 5280 1557 5330 nunc,
1584 5264 1852 5327 homines,

289 5356 487 5417 videte,
512 5354 756 5424 inquam,
787 5362 997 5410 cunctae
1035 5364 1242 5425 gentes,
1277 5370 1449 5412 novos
1472 5354 1855 5424 inauditosque

357 5528 470 5599 εἴη
578 5527 914 5599 κροτοῦντες.

356 5596 471 5667 (78)
502 5596 656 5652 DecSt
685 5596 803 5650 σύν.

1960 5264 2253 5332 pultusque
2286 5268 2371 5316 est
2408 5262 2502 5328 qui
2543 5259 2773 5313 mortuis
2819 5258 2985 5311 vitam
3017 5255 3272 5311 reddidit.
3310 5253 3541 5307 Domino

1961 5369 2191 5420 namque
2247 5366 2513 5421 suspenso
2569 5351 2622 5404 in
2674 5350 2839 5419 ligno,
2891 5354 3240 5402 monumenta
3287 5345 3540 5415 disrupta

1966 5594 1983 5647 ι
2035 5524 2144 5645 (ἶθ)
2178 5522 2419 5578 Cerardo
2448 5523 2639 5579 Vossro
2664 5524 2986 5594 interprete;
3011 5522 3196 5578 Graeca
3233 5540 3339 5578 non
3363 5529 3539 5580 exsta-

1987 5610 2069 5646 κω
2103 5634 2115 5647 .

1987 5610 2115 5647 till“.
