3948 6196
337 293 441 351 507
1524 320 1553 321 η
1591 282 1799 340 DUBlA
1835 281 1977 341 AU'l‘
2012 279 2290 339 SPURIA.
3480 290 3581 349 503

339 418 503 475 sunt,
534 408 784 465 infernus
822 416 1040 479 apertus
1071 417 1183 473 est,
1229 414 1283 461 et
1315 419 1737 463 resurre-xerunt
1768 423 1914 461 mor-
1944 416 1993 470 Α
2022 424 2143 462 sum
2187 408 2441 463 Christus
2462 406 2581 487 vita
2612 415 2814 462 vestra.
2848 404 2967 472 Quo
2991 407 3179 462 audito
3211 406 3458 464 infernus
3493 424 3577 465 so-

342 502 465 566 tui,
514 501 931 573 eﬂuge‘runtque
980 486 1209 563 animae,
1266 507 1320 553 et
1377 507 1748 568 apparuerunt
1831 498 1906 558 ibi
2016 500 2161 554 lutus
2206 507 2307 563 est,
2344 486 2622 567 portaeque
2649 497 2768 566 ejus
2813 513 2968 552 aerea:
2998 499 3268 559 contrita}.
3317 507 3370 554 et
3409 509 3586 556 vectes

344 592 504 648 multi
533 609 599 647 ex
637 594 705 647 iis
750 594 843 661 qui
872 597 1229 647 surrexerunt
1275 592 1327 644 in
1378 589 1716 645 Hierusalem
1737 630 1751 653 ,
1784 589 1913 645 dum
2018 589 2181 645 ferrei
2214 589 2481 643 confracti
2513 596 2664 648 sunt.
2694 588 3110 656 ellugeruntque
3136 597 3450 642 sanctorum
3476 591 3589 643 ani-

345 684 451 738 boc
481 683 687 737 Christi
720 682 1048 751 adimpletur
1097 681 1437 751 mysterium.
1469 683 1530 735 ln
1566 684 1729 735 cruce
1769 682 1915 743 enim
2010 700 2142 746 mae,
2169 690 2460 752 sequentes
2510 682 2739 750 vestigia
2786 681 3014 736 Christi.
3068 680 3332 748 Tuncque
3374 683 3593 753 impleta

346 773 604 829 exaltavit
633 788 874 839 carnem,
907 780 963 825 ut
996 772 1167 827 clavis
1196 772 1410 827 conﬁxa
1445 782 1731 843 appareret
1766 786 1917 837 caro,
2021 786 2107 829 est
2149 774 2471 844 Scriptura:
2501 773 2585 827 lbi
2614 775 2966 826 contriverunt
3004 784 3186 841 portas
3226 791 3395 828 cereas
3431 785 3482 828 et
3520 792 3599 829 ce-

346 876 402 923 et
430 868 532 923 sub
572 867 799 935 pedibus
828 866 1012 922 carnis
1058 882 1206 921 mors
1245 866 1491 935 subjecta
1541 875 1644 921 est.
1676 867 1831 921 Tunc
1866 867 1921 919 in
2025 880 2128 921 cies
2168 868 2365 935 ferreos
2401 867 2765 936 confregerunt
2789 869 2830 918 '.
2862 867 3130 920 Clamavit
3157 874 3341 921 autem
3379 876 3433 921 et
3454 877 3600 923 terra

348 958 764 1013 admirationem
795 958 945 1035 rapti
965 967 1092 1012 sunt
1125 959 1300 1025 angeli
1326 998 1340 1022 ,
1371 954 1713 1028 virtutesque
1736 960 1924 1014 obstu-
2025 962 2217 1016 dicens
2244 979 2257 1013 :
2292 960 2536 1023 Domine,
2564 960 2735 1014 libera
2762 975 2892 1013 mea
2912 960 3086 1018 malis.
3112 961 3261 1029 eripe
3285 976 3371 1015 me
3399 961 3467 1014 ab
3495 961 3597 1024 ira,

348 1058 584 1118 puerunt
614 1050 867 1104 cmlestes
897 1065 1062 1118 super
1096 1050 1351 1118 passione
1380 1050 1603 1103 Christi.
1632 1049 1925 1105 Perterrita
1955 1083 1959 1089 ν
2029 1052 2182 1107 solve
2212 1068 2298 1106 me
2320 1066 2349 1105 a
2386 1051 2787 1112 maledictioue,
2827 1066 2926 1119 pro
2958 1050 3156 1119 quibus
3192 1052 3517 1121 sanguinem
3548 1060 3603 1107 et

349 1148 511 1208 atque
542 1143 769 1195 attonita
803 1140 902 1194 fuit
935 1150 1187 1195 creatura
1209 1184 1223 1208 ,
1252 1143 1444 1197 dicens
1472 1162 1484 1197 :
1516 1143 1655 1208 Quid
1676 1143 1790 1213 jam
1822 1144 1927 1199 sibi
2030 1143 2269 1197 humana
2330 1156 2560 1209 corpora
2610 1140 2849 1209 suscepi,
2906 1143 3015 1193 imo
3064 1150 3118 1193 et
3170 1148 3321 1193 tuum
3376 1154 3600 1209 corpus,

349 1244 548 1283 novum
582 1230 727 1283 istud
763 1231 879 1283 vult
914 1232 1267 1301 mysterium?
2033 1250 2066 1289 ο
2101 1233 2347 1295 Domine,
2388 1232 2595 1300 recepit
2623 1240 2803 1286 autem
2839 1240 2990 1284 tuum
3019 1230 3309 1283 Adamum.
3352 1228 3604 1284 Surrexit

422 1319 598 1374 Judex
624 1322 905 1389 judicatur
935 1332 989 1376 et
1035 1331 1197 1386 tacet,
1232 1323 1325 1391 qui
1362 1323 1649 1379 invisibilis
1682 1333 1764 1379 est
1797 1340 1933 1379 con-
2034 1342 2163 1396 ergo
2197 1324 2461 1379 Dominus
2497 1325 2640 1376 intra
2679 1320 2941 1384 triduum,
2990 1321 3195 1375 docens
3240 1336 3341 1375 nos
3389 1322 3443 1375 in
3486 1322 3607 1375 uni-

352 1411 602 1479 spicitur,
653 1418 706 1464 et
755 1426 864 1464 non
919 1412 1296 1476 confunditur,
1367 1414 1935 1482 incomprehensibilis
2034 1424 2147 1469 tate
2194 1415 2421 1469 adorare
2470 1411 2813 1466 Trinitatem.
2871 1413 3095 1465 Cunctae
3149 1418 3328 1465 autem
3391 1411 3608 1465 Christo

354 1504 783 1571 apprehenditur
807 1511 861 1557 et
894 1518 1000 1556 non
1057 1504 1393 1574 indignatur,
1432 1506 1521 1573 qui
1565 1508 1680 1575 ipse
1711 1508 1939 1560 immen-
2038 1507 2260 1562 salvata:
2310 1511 2439 1559 sunt
2476 1510 2686 1573 gentes.
2735 1502 2889 1555 Unus
2939 1500 3373 1569 enimjudieatus
3405 1510 3509 1563 est,
3556 1510 3610 1554 et

354 1610 449 1647 sus
472 1603 554 1647 est
591 1610 861 1648 mensura:
892 1595 1205 1665 subjicitur,
1232 1604 1285 1649 et
1322 1612 1429 1650 non
1475 1598 1705 1659 resistit,
1742 1597 1941 1667 impas—
2040 1598 2236 1654 inliuiti
2273 1596 2463 1651 salvati
2483 1610 2695 1657 sumus,
2733 1594 2993 1664 quoniam
3030 1608 3127 1663 pro
3144 1593 3397 1646 omnibus
3426 1593 3609 1646 Domi-

355 1683 531 1737 sihilis
575 1685 801 1751 patitur,
838 1692 892 1737 et
927 1700 1032 1737 non
1070 1685 1319 1739 retribuit
1346 1726 1361 1751 ,
1414 1686 1738 1740 immortalis
1770 1687 1938 1739 mori-
2043 1707 2147 1744 nus
2178 1699 2428 1743 mortuus
2451 1694 2551 1740 est.
2590 1686 2670 1739 Ad
2696 1684 2949 1740 eumdem
2981 1685 3138 1753 plane
3168 1684 3408 1746 modum,
3439 1692 3611 1737 totum

356 1782 463 1833 tur,
500 1782 555 1827 et
595 1775 813 1839 tolerat,
839 1776 931 1844 qui
979 1776 1033 1828 in
1074 1777 1229 1831 cmlis
1265 1777 1476 1832 habitat
1506 1779 1801 1846 sepultura:
1829 1787 1939 1830 tra-
1971 1764 2014 1817 Β
2045 1783 2268 1836 indutus
2309 1780 2605 1842 hominem,
2658 1776 3001 1830 altitudinem
3037 1775 3276 1844 pervasit
3323 1774 3613 1837 cmlorum,

355 1864 526 1930 ditur,
553 1874 605 1918 et
644 1868 899 1921 sustinet.
938 1866 1004 1919 Et
1038 1883 1299 1937 quorsum
1330 1864 1528 1925 novum
1589 1871 1732 1926 istud
1768 1887 1938 1939 genus

358 1958 641 2024 mysterii,
703 1959 808 2010 nisi
871 1966 1096 2015 omnino
1152 1972 1369 2031 propter
1424 1963 1740 2017 hominem?
1794 1962 1940 2019 Mors

360 2060 492 2098 vero
521 2048 755 2101 alienata
779 2090 792 2111 ,
829 2050 931 2103 sub
963 2052 1193 2119 pedibus
1221 2054 1419 2107 Christi
1457 2063 1725 2121 prostrata
1772 2054 1940 2122 jacet,

359 2140 730 2209 subaetusque
763 2150 846 2196 est
884 2144 1132 2212 captivus
1155 2144 1205 2196 in
1235 2144 1566 2213 triumphum
1590 2145 1858 2210 infernus,
1890 2153 1944 2199 ct

361 2230 631 2283 universa:
663 2232 807 2287 illius
836 2236 1090 2302 potentiae.
1119 2232 1528 2300 abscesserunt,
1546 2238 1728 2291 statim
1760 2237 1944 2291 audita

362 2332 495 2373 voce
524 2318 751 2385 Christi,
784 2324 1244 2390 quemadmodum
1282 2322 1563 2393 Scriptura
1602 2326 1679 2378 ait
1709 2347 1719 2378 ;
1756 2325 1943 2379 Vocem

363 2411 635 2463 verborum
667 2412 782 2477 ejus
818 2414 1045 2466 audistis
1066 2417 1104 2467 ¹.
1140 2415 1254 2467 Non
1283 2417 1425 2467 enim
1456 2418 1665 2486 aSpexit
1695 2418 1943 2477 infernus

366 2501 562 2554 faciem
590 2499 824 2563 Domini,
861 2503 955 2555 sed
1000 2518 1184 2556 vocem
1223 2504 1395 2572 ipsius
1416 2505 1680 2559 duntaxat
1708 2510 1941 2575 audivit,

365 2591 600 2647 dicentis
636 2611 649 2647 :
684 2592 1041 2662 Egredimini,
1090 2585 1123 2648 ο
1163 2597 1380 2661 animae,
1422 2597 1477 2650 in
1518 2599 1709 2653 umbra
1750 2607 1941 2658 mortis

364 2683 601 2738 vinculis
648 2685 999 2749 constrictae,
1062 2687 1228 2741 vitam
1271 2690 1426 2744 vobis
1492 2695 1797 2759 annuntio,
1843 2709 1945 2765 ego

446 2841 462 2869 ¹
489 2842 642 2894 Deut.
678 2856 749 2905 Iv,
782 2842 868 2896 12.
944 2846 963 2874 ¹
989 2842 1134 2899 Psal.
1168 2860 1277 2910 ενι,
1312 2846 1397 2901 16.

2046 1871 2406 1940 ascenditque
2434 1871 2486 1923 in
2517 1868 2859 1922 altitudinem
2895 1865 3083 1936 gloriae
3108 1866 3260 1934 regni
3286 1865 3479 1934 ipsius,
3512 1864 3614 1919 do-

2043 1979 2172 2018 num
2208 1962 2355 2015 Patri
2416 1960 2681 2023 referens,
2732 1974 2841 2012 non
2881 1972 3098 2021 aurum,
3150 1971 3261 2010 non
3307 1963 3616 2025 argentum,

2046 2072 2223 2125 neque
2265 2054 2497 2123 lapidem
2525 2053 2850 2121 pretiosum,
2882 2049 2975 2105 sed
3008 2048 3305 2109 hominem,
3361 2063 3520 2117 quem
3551 2046 3618 2099 ad

2048 2149 2337 2218 imaginem
2367 2146 2452 2201 sui
2496 2144 2672 2197 ﬁnxit.
2706 2142 2863 2195 Hunc
2907 2155 3037 2195 vero
3074 2139 3232 2193 Pater
3273 2140 3519 2195 eXaltans
3553 2140 3617 2195 ad

2048 2242 2324 2296 dexteram
2355 2254 2508 2294 suam
2540 2239 2596 2291 in
2630 2235 2850 2291 sublimi
2881 2234 3079 2287 throno
3105 2231 3411 2293 collocavit,
3449 2232 3619 2287 denec

2046 2339 2323 2401 ponantur
2351 2328 2558 2382 inimici
2584 2326 2759 2396 ipsius
2784 2324 2887 2379 sub
2913 2322 3137 2393 pedibus
3175 2322 3317 2391 ejus.
3346 2320 3620 2375 Venturus

2046 2429 2130 2474 est
2160 2421 2305 2473 enim
2332 2417 2502 2472 Iudex
2537 2419 2782 2470 vivorum
2828 2422 2883 2468 et
2928 2420 3293 2477 mortuorum,
3340 2412 3501 2481 cujus
3536 2429 3619 2467 re—

2044 2510 2134 2580 gni
2179 2525 2286 2562 non
2328 2508 2433 2562 erit
2478 2506 2623 2562 ﬁnis.
2671 2504 2942 2570 Quoniam
2986 2502 3158 2572 gloria
3207 2510 3290 2557 est
3353 2501 3524 2567 Patri,
3565 2512 3621 2558 et

2046 2600 2207 2664 Filio,
2236 2609 2290 2655 et
2321 2598 2551 2670 Spiritui
2576 2605 2789 2661 sancto,
2816 2611 2963 2650 nunc
2991 2604 3045 2650 et
3083 2610 3322 2665 semper,
3363 2603 3418 2650 et
3447 2596 3503 2651 in
3528 2612 3621 2652 se-

2046 2695 2170 2750 cula
2203 2696 2549 2751 smculorum.
2586 2695 2775 2748 Amen.

377 2936 3601 2982 mm

428 2969 630 2979 ...υ-...-

635 2969 882 2980 ...ι’-ε

1447 3103 1584 3156 ΤΟΥ
1625 3103 1717 3157 ΕΝ
1791 3103 2015 3156 ᾹΓῙΟῙΣ
2048 3102 2319 3155 ΠΑΤΡοΣ
2357 3103 2555 3156 ΗΜΩΝ

1102 3244 1952 3384 ΕΠΙΦΑΝΙΟΥ
2006 3269 2930 3386 ΕΠΙΣΚΟΠΟΥ

956 3490 1408 3575 ΠΟΛΕΩΣ
1482 3490 2244 3575 ΚΩΝΣΤΑΝΤΙΑΣ
2319 3491 2535 3575 ΤΗΣ
2611 3493 3071 3578 ΚΥΠΡΟΥ

1426 3678 1613 3731 ΠΕΡΙ
1646 3676 1784 3729 ΤΩΝ
1810 3676 2139 3729 ΑΡΙΘΜΩΝ
2170 3678 2227 3729 Μ
2242 3677 2328 3729 ΥΣ
2336 3682 2366 3731 1
2374 3680 2618 3733 ΙΙΡῙΩΝ.

1976 3805 2034 3824 α

1600 3894 1850 3951 SANCTI
1888 3896 2138 3953 PATRIS
2179 3896 2430 3953 NOSTRI

698 4072 1329 4165 EPlPlIANll
1414 4069 1959 4159 E’PlSCOPI
2039 4070 2831 4162 CONSTANTUE
2919 4072 3269 4162 cvrm

1179 4258 1651 4320 TRACTATUS
1694 4259 1798 4333 DE
1841 4258 2345 4321 NUMERORUM
2390 4261 2842 4325 MYSTERIIS.

1050 4517 1122 4571 De
1174 4516 1297 4585 ﬁde.

461 4622 511 4676 l.
529 4618 688 4673 Fides
709 4624 792 4671 est
811 4611 1070 4684 quiddam
1092 4614 1234 4679 quod
1251 4607 1417 4661 Dcmn
1432 4612 1659 4677 spectat;
1680 4605 1771 4675 qui
1791 4622 1966 4677 neque

387 4708 739 4772 contrectari,
766 4721 941 4776 neque
970 4697 1382 4771 comprehendi,
1417 4714 1596 4768 neque
1625 4700 1966 4773 Contempla-

388 4808 538 4860 tione
586 4801 822 4872 percipi,
859 4814 1035 4869 neque
1066 4797 1284 4852 curiosa
1317 4791 1773 4861 pervestigatione
1803 4790 1920 4859 capi
1945 4829 1961 4853 ,

392 4913 569 4967 neque
610 4895 886 4963 explorari
949 4900 1158 4959 potest;
1212 4886 1308 4943 sed
1363 4885 1580 4940 silentio
1624 4884 1825 4935 colitur
1854 4924 1867 4947 ,
1915 4890 1970 4935 et

393 4996 576 5042 mente
606 4986 882 5038 aduratur.
920 4982 1051 5034 Fixa
1081 4982 1237 5034 sedes
1281 4978 1514 5040 animm;
1552 4975 1965 5028 fundamentum

395 5080 553 5142 vitae,
583 5078 703 5132 viva
736 5076 907 5138 radix,
934 5088 1116 5126 ramus
1158 5072 1533 5140 incorruptus,
1587 5066 1967 5119 immortalita-

397 5174 466 5227 tis
507 5173 716 5225 fructus
743 5210 755 5233 ,
797 5166 1179 5236 sperandarum
1211 5179 1385 5216 rerum
1421 5157 1720 5214 substantia
1748 5198 1762 5222 ,
1813 5172 1972 5225 argu-

398 5274 628 5318 mentum
654 5280 756 5317 non
786 5258 1148 5331 apparenlium
1184 5258 1237 5323 ¹;
1271 5263 1585 5311 sanctorum
1620 5249 1865 5306 omnium
1890 5247 1973 5317 ju-

399 5356 679 5411 stiﬁcatio.

475 5509 679 5563 'llcbr.
710 5526 785 5575 χι,
823 5509 870 5561 ι,

1046 5580 1073 5595 Χ,

2626 4521 2767 4589 Περὶ
2800 4521 3078 4584 πίστεως.

2139 4621 2215 4671 Α’.
2259 4616 2444 4675 "Esca;
2471 4612 2605 4667 ἐστί.
2640 4615 2828 4675 Πίστις
2852 4612 2908 4664 δὲ
2936 4613 2968 4681 ἠ
2999 4612 3074 4672 εἰς
3097 4608 3227 4661 Θεὸν
3253 4610 3484 4679 πρᾶγμα
3503 4609 3617 4680 ἀψη
3641 4642 3659 4654 .

2069 4709 2337 4777 λάφητον,
2377 4703 2779 4771 ἀκατάληπτον,
2829 4703 3167 4773 ἀθεώρητον,
3218 4700 3652 4769 ἁπολυπραγμὸ-

2070 4814 2246 4868 νητον,
2286 4795 2664 4865 ἀκαστορητὴς
2700 4796 2834 4864 (ὅθ),
2882 4796 3058 4863 σιωπῇ
3090 4792 3416 4861 τιμώμενον,
3455 4792 3548 4843 καὶ
3580 4789 3658 4855 νῷ

2071 4887 2561 4959 προςκυνούμενον,
2608 4887 2738 4958 ἕδρα
2776 4886 2974 4956 ψυχῆς,
3022 4883 3269 4954 θεμέλιον
3321 4881 3489 4951 ζωῆς,
3531 4883 3655 4952 ῥίζα

2077 4978 2246 5045 ζῶσα,
2278 4979 2469 5041 κλάδος
2496 4979 2829 5049 ἀμάραντος,
2867 4977 3079 5047 καρπὸς
3127 4973 3451 5033 ἀθανασίας,
3484 4972 3663 5024 ἐλει-

2078 5064 2330 5134 ζομένων
2341 5066 2694 5135 πραγμάτων
2708 5066 3038 5131 ὑπόστασις
3049 5107 3062 5130 ,
3079 5064 3329 5132 ἔλεγχος
3339 5062 3411 5115 οὺ
3422 5059 3657 5124 βλεπο-

2071 5160 2289 5228 μένων,
2320 5159 2536 5213 πάντων
2562 5157 2669 5211 τῶν
2702 5157 2874 5226 ἁγίων
2903 5155 3203 5219 δικαίωσις.

491 5662 604 5733 (80)
644 5661 770 5719 For.
839 5662 1220 5733 ἀνιστόρητον,
1280 5658 1359 5713 vel
1420 5656 1769 5718 ἀνείκαςτον,
1822 5649 2076 5719 ἄρρητον.
