3948 6196
459 263 520 319 51
537 260 564 321 1.

1722 264 1931 323 DUBIA
1971 261 2112 320 AUT
2157 257 2432 317 SPURIA.

3599 273 3698 330 512

459 383 671 454 leonis,
719 384 914 441 fortior
960 385 1155 442 bestiis
1203 385 1500 452 Omnibus,
1555 387 1729 456 gallus
1771 388 2021 443 ouambu-

2130 388 2312 451 hiat;
2348 388 2608 459 ἔμψυχος,
2651 389 2852 460 τράγος
2886 389 3185 462 ἡγούμενος
3236 391 3504 448 αἰπολίου.
3547 392 3692 467 Τρεῖς

457 477 580 533 lans
635 478 777 534 inter
827 479 1058 534 feminas
1128 477 1455 534 animosus:
1503 478 1692 534 hircus
1745 495 2035 548 caprarum

457 569 608 640 gregi
639 570 868 639 prxiens
891 571 931 621 '.
959 567 1095 623 Tres
1139 568 1415 637 sapientes
1461 569 1696 632 feminae,
1732 569 2034 636 Thecuitis,

461 659 791 724 Sunamitis,
828 659 1037 728 Abigail
1069 677 1082 712 :
1116 675 1244 713 nam
1277 660 1390 715 haec
1414 662 1534 715 viro
1563 678 1664 716 suo
1691 662 1859 718 Nabal
1885 705 1898 728 ,
1929 666 2034 718 alia

458 750 714 805 Absalom
760 749 992 805 artiﬁcio
1039 765 1160 814 suo,
1207 752 1383 821 prima
1404 753 1638 824 denique
1677 755 1784 809 lilio
1831 770 1933 810 suo
1967 755 2034 810 ad

457 838 778 908 prophetam
809 839 1106 899 accedens.
1145 855 1246 896 nec
1273 839 1591 910 desperans,
1622 843 1849 896 salutem
1877 849 2024 895 attu-

457 930 540 983 lit.
589 927 725 988 Tres
770 929 1028 985 mulieres
1087 931 1442 1000 prophetissa:
1505 947 1568 986 ac
1617 932 2050 1003 tympanistria,

456 1021 664 1088 Maria,
721 1021 972 1087 Debora,
1025 1023 1234 1086 Judith.
1289 1024 1425 1081 Tres
1491 1025 1746 1080 mulieres
1795 1033 2030 1088 sanctae;

459 1116 620 1180 Sara,
664 1116 945 1181 Rebecca,
995 1115 1114 1171 Lia.
1171 1117 1305 1174 Tres
1354 1117 1556 1174 laudati
1605 1133 1792 1186 reges.
1839 1099 2050 1184 David,

459 1207 746 1276 Ezechias,
784 1206 989 1263 Josias.
1022 1207 1158 1263 Tres
1199 1224 1376 1262 rerum
1419 1209 1662 1273 ordines,
1708 1207 2030 1274 cmlcstium,

455 1297 824 1362 terrestrium,
856 1296 1217 1352 infernarum.
1247 1297 1381 1356 Tres
1407 1298 1672 1362 virtutes,
1694 1297 1847 1366 tides,
1883 1311 2030 1367 spes,

457 1389 722 1446 charitas.
778 1388 910 1441 Tria
956 1389 1100 1442 dona
1140 1388 1402 1442 divinitus
1449 1387 1691 1457 profecta
1740 1397 1890 1454 sunt,
1940 1403 2032 1443 re-

455 1494 644 1548 gnum,
673 1477 1070 1540 sacerdotium,
1103 1479 1406 1551 pr0phetia.
1434 1479 1564 1533 Tria
1599 1485 1863 1549 tempora,
1895 1493 2031 1548 prte-

343 1581 358 1597 '
454 1569 714 1632 sontium,
759 1570 1156 1638 perfectorum,
1202 1569 1536 1626 futurorum.
1580 1569 1716 1624 Tres
1754 1569 2028 1642 justorum

452 1660 857 1728 possessiones,
895 1659 1209 1730 paradisus,
1257 1660 1550 1714 Abrahami
1589 1659 1765 1721 sinus.
1799 1674 2026 1728 regnum

451 1750 740 1803 caelorum.
802 1749 933 1804 Tria
1001 1762 1351 1824 peccatorum
1404 1751 1717 1822 supplicia:
1767 1752 2025 1815 tenebrae,
2061 1721 2104 1781 Β

449 1841 673 1904 vermis,
707 1840 989 1896 Cebenna.
1020 1841 1157 1897 Tres
1187 1842 1372 1897 mundi
1406 1843 1808 1906 renovationes,
1832 1843 2025 1909 prima,

450 1949 572 2000 qua:
605 1932 797 1990 Νοοιηί
837 1934 1182 2003 temporibus
1204 1934 1422 1994 accidit.
1451 1935 1621 1987 altera
1649 1932 1890 1999 Christi,
1914 1941 2030 1987 ter-

448 2026 523 2078 tia
554 2026 607 2078 in
640 2026 744 2079 fine
775 2027 987 2080 nmndi.
1030 2026 1136 2081 Ter
1163 2026 1385 2080 concisa
1427 2025 1583 2080 bovis
1611 2025 1876 2086 membra,
1903 2039 2027 2078 cum

448 2117 613 2186 lignis
647 2116 793 2174 Elias
821 2132 1120 2185 aspergens
1157 2132 1378 2187 aquam.
1411 2116 1589 2186 ignem
1620 2133 1650 2172 e
1687 2117 1828 2172 coelo
1859 2115 2028 2170 devo-

447 2211 612 2266 cavit.
634 2211 742 2264 Ter
777 2208 848 2268 tle
879 2209 968 2264 die
1005 2208 1190 2262 Daniel
1225 2222 1384 2261 orare
1410 2214 1788 2262 consueverat.
1827 2205 2028 2260 Tribus

447 2301 734 2356 mensibus
759 2303 813 2356 in
847 2301 1013 2355 domo
1045 2301 1325 2355 Zachariae
1350 2298 1519 2370 Virgo
1552 2301 1870 2370 permansit.
1901 2299 2028 2353 Tria

447 2403 576 2448 sunt
604 2406 634 2444 a
669 2391 838 2458 Magis
871 2392 1052 2445 oblata
1081 2391 1302 2446 Christo
1338 2406 1597 2445 munera:
1629 2407 1846 2450 aurum,
1877 2376 2025 2456 thus,

446 2479 689 2548 myrrha.
727 2477 856 2538 Tria
897 2479 1152 2544 baptismi
1199 2493 1419 2547 genera.
1455 2478 1647 2545 legale,
1693 2477 1920 2533 Joannis
1977 2488 2030 2533 et

445 2568 684 2623 Domini.
728 2567 865 2624 Tres
901 2567 1158 2637 baptismi
1204 2567 1622 2623 invocationes:
1657 2566 1856 2628 Patris,
1907 2566 2026 2623 Filii

444 2666 502 2712 et
541 2656 782 2727 Spiritus
816 2657 1018 2712 sancti.
1074 2655 1212 2713 Tres
1250 2655 1647 2718 immersiones,
1697 2671 1760 2710 ac
1803 2657 2025 2712 totidem

445 2749 788 2806 emersiones
839 2750 1122 2821 baptismi.
1162 2749 1300 2804 Tres
1337 2749 1548 2803 Domini
1584 2750 1650 2804 de
1685 2749 1904 2804 diabolo
1947 2750 2030 2804 vi-

447 2843 636 2895 ctoria:
668 2859 683 2894 :
711 2857 835 2895 cum
865 2841 1035 2895 edere
1073 2841 1269 2905 noluit,
1303 2841 1422 2896 licet
1463 2843 1717 2908 esuriret,
1747 2857 1873 2896 cum
1910 2857 2029 2897 sce-

448 2935 644 2990 lestum
677 2934 830 2987 illum
873 2949 982 2988 non
1019 2933 1287 2996 adoravit,
1316 2949 1440 2988 cum
1486 2936 1724 3004 seipsum
1771 2950 1880 2988 non
1919 2934 2028 2988 de-

2141 479 2302 546 σοφαὶ
2340 482 2618 548 γυναῖκες,
2655 482 2688 550 ἡ
2719 479 3031 551 Θεκουῆτις,
3073 484 3106 554 ἡ
3148 484 3487 554 Σουναμῖτις,
3511 485 3693 554 ήἋει-

2137 570 2269 637 γαία
2287 587 2300 599 ·
2331 571 2365 641 ἡ
2400 571 2498 638 μὲν
2529 570 2636 641 γὰρ
2661 571 2750 624 τὸν
2779 570 2952 641 ἄνδρα
2975 571 3067 624 τὸν
3095 572 3306 639 Νάϐαλ,
3337 576 3370 646 ἡ
3398 573 3455 626 δὲ
3484 573 3698 628 Ἀσεσα-‹

2136 660 2242 714 λῶν
2265 662 2351 715 διά
2372 662 2588 732 τέχνης,
2613 665 2646 733 ἡ
2669 662 2725 715 δὲ
2749 663 2839 716 τὸν
2855 664 2969 717 υίὸν
2988 664 3082 717 τοῦ
3109 666 3386 736 προψήτου
3411 663 3523 735 (86)
3542 683 3698 736 προσ-

2135 746 2443 828 δραμοῦσα,
2504 757 2598 809 καὶ
2669 756 2744 826 μὴ
2800 756 3140 824 ἀπογνοῦσα,
3203 755 3480 810 διέσωσεν.
3553 758 3697 826 Τρεῖς

2136 848 2391 912 γυναῖκες
2424 847 2754 918 προφήτιδες
2786 849 3226 919 τυμπανήστριαι
3249 865 3261 877 ο
3297 847 3548 918 Μαριὰμ,
3582 849 3701 900 A56-

2135 937 2293 1008 ϐόρα,
2347 936 2554 990 Ἰουδίο.
2593 938 2755 1007 Τρεῖς
2803 938 2955 1005 ἆγιαι
3001 938 3294 1005 γυναῖκες·
3347 937 3554 1008 Σάρρα,
3598 937 3702 989 Ῥε-

2135 1027 2331 1092 ϐέκκα,
2383 1028 2535 1083 Λεία.
2592 1029 2752 1099 Τρεῖς
2810 1029 2860 1080 oi
2919 1028 3378 1099 μνημονευόμενοι
3439 1026 3701 1096 βασιλεῖς·

2134 1120 2315 1185 Δαυῒδ,
2348 1119 2616 1185 Ἐζεκίας,
2659 1120 2892 1183 Ἰωσίας.
2923 1121 3083 1190 Τρεῖς
3133 1119 3314 1185 τάξεις
3358 1117 3466 1171 τῶν
3504 1117 3696 1170 ὅντων·

2133 1211 2489 1281 ἐπουρανίων,
2538 1209 2816 1278 ἐπιγείων,
2868 1208 3253 1278 καταχθονίων.
3304 1208 3464 1277 Τρεῖς
3497 1206 3696 1276 ἀρεταὶ,

2134 1303 2335 1367 πίστις,
2363 1301 2538 1366 ἐλπὶς,
2569 1301 2778 1369 ἀγάπη.
2816 1299 2954 1369 Τρία
2982 1297 3130 1368 δῶρα
3175 1297 3326 1368 παρά
3361 1295 3519 1360 Θεοῦ,
3557 1295 3698 1366 βασι-

2132 1395 2270 1456 λεία,
2297 1393 2584 1465 ίερωσύνη,
2609 1389 2935 1463 προφητεία.
2961 1391 3120 1460 Τρεῖς
3145 1388 3346 1459 χρόνοι,
3377 1386 3694 1449 ἐνεστώτων,

2133 1482 2600 1556 παρεληλυθότων,
2667 1482 2984 1554 μελλόντων.
3035 1481 3173 1551 Τρία
3219 1478 3327 1531 τῶν
3374 1478 3595 1531 δικαίων
3634 1477 3696 1530 τὰ

2132 1578 2407 1646 κτήματα,
2466 1573 2815 1645 παράδεισος,
2878 1571 3130 1642 Ἀϐραὰμ
3182 1571 3402 1632 κόλπος,
3461 1569 3698 1640 οὐρανῶν

2133 1667 2399 1737 βασιλεία.
2431 1667 2592 1736 Τρεῖς
2615 1665 2720 1717 τῶν
2741 1662 3081 1735 ἁμαρτωλῶν
3103 1664 3156 1716 αἱ
3187 1660 3462 1732 τιμωρίαι,
3496 1660 3694 1722 σκότος,

2134 1758 2369 1827 σκώληξ,
2414 1759 2630 1811 Γέεννα.
2667 1759 2826 1827 Τρεῖς
2879 1754 3204 1817 ἀνανεώσεις
3255 1752 3349 1806 τοῦ
3396 1752 3696 1822 κόσμουοή

2131 1851 2224 1903 ἐπὶ
2256 1849 2350 1902 τοῦ
2381 1849 2527 1914 Νῶε,
2571 1849 2602 1919 ἡ
2640 1849 2732 1900 ἐπὶ
2772 1846 2869 1900 τοῦ
2919 1846 3209 1916 Κυρίου,ή
3256 1844 3347 1896 ἐπὶ
3385 1844 3484 1914 τῆς
3519 1859 3698 1894 συντε-

2131 1939 2299 2002 λείας.
2337 1937 2531 2007 Τρίτον
2562 1937 2747 2000 Ἦλίας
2783 1939 2850 1990 τὰ
2895 1935 3030 2006 μέλη
3071 1933 3163 1986 τοῦ
3199 1933 3320 2004 βοὸς
3351 1933 3446 1986 καὶ
3469 1931 3540 1984 τὰ
3573 1930 3699 1997 ξύλα

2132 2013 2482 2099 καταρῤἀνας
2527 2026 2589 2079 τδ
2629 2025 2688 2092 ἐξ
2719 2026 2963 2097 ούρανῶν
3002 2023 3143 2077 κατὰ
3187 2023 3386 2091 στύγας
3419 2022 3532 2092 (87)
3573 2019 3698 2090 πῦρ.

2132 2121 2325 2192 Τρίτον
2363 2121 2458 2191 τῆς
2489 2119 2700 2191 ἡμέρας
2745 2117 2942 2189 ηῠχετο
2973 2114 3194 2185 Δανιὴλ.
3225 2115 3386 2184 Τρεῖς
3423 2116 3594 2184 μῆνας
3625 2113 3700 2174 είς

2130 2211 2221 2263 τὸν
2257 2205 2405 2263 οἷκον
2436 2209 2706 2280 Ζαχαρίου
2746 2206 3043 2276 πεποίηκεν
3077 2206 3110 2276 ή
3139 2203 3434 2274 Παρθένος.
3467 2202 3606 2272 Τρία
3632 2202 3702 2255 τὰ

2132 2299 2562 2374 προσενεχθέντα
2598 2297 2747 2370 δῶρα
2772 2297 2848 2368 τῷ
2891 2296 3081 2367 Κυρίῳ
3131 2294 3281 2364 παρὰ
3322 2292 3428 2346 τῶν
3473 2291 3700 2363 μάγων⁸

2131 2392 2350 2463 χρυσὸς,
2385 2390 2622 2453 λίδανος,
2664 2388 2897 2460 σμύρνα.
2929 2387 3067 2459 Τρία
3115 2386 3486 2457 βαπτίσματα,
3514 2382 3574 2435 τὸ
3615 2398 3703 2434 νο·-

2134 2480 2314 2550 μικὸν,
2372 2480 2432 2533 τὸ
2482 2479 2750 2542 Ἰωάννου,
2801 2478 2861 2531 τὸ
2903 2477 2994 2536 τοῦ
3041 2477 3266 2549 Κυρίου.
3304 2475 3466 2544 Τρεῖς
3514 2472 3570 2525 at
3603 2469 3706 2525 τοῦ

2132 2571 2508 2645 βαπτίσματος
2555 2569 2890 2640 ἐπικλήσεις,
2925 2569 3004 2631 είς
3037 2566 3257 2638 Πατέρα
3307 2565 3402 2618 καὶ
3449 2563 3575 2617 Υἰδν
3607 2563 3705 2616 καὶ

2129 2661 2284 2731 ἆγιον
2330 2660 2573 2732 Πνεῦμα.
2621 2661 2782 2730 Τρεῖς
2827 2661 2884 2713 αἱ
2926 2658 3265 2720 καταδύσεις,
3302 2657 3398 2710 καὶ
3444 2656 3593 2727 τρεῖς
3643 2655 3707 2706 αἱ

2129 2753 2415 2816 ἁναδύσεις
2452 2751 2545 2806 τοῦ
2590 2751 2981 2822 βαπτίσματος.
3013 2751 3174 2823 Τρεῖς
3204 2749 3258 2802 αί
3292 2747 3432 2801 κατά
3461 2745 3552 2800 τοῦ
3582 2747 3709 2799 δια-

2129 2846 2284 2899 δόλου
2307 2847 2452 2899 νῖκαι
2485 2844 2578 2898 τοῦ
2605 2843 2812 2916 Κυρίου
2833 2861 2846 2874 ο
2879 2842 2940 2894 τὸ
2979 2841 3052 2914 μὴ
3091 2842 3286 2910 φαγεῖν
3321 2837 3459 2910 μετά
3489 2837 3548 2890 τὸ
3581 2852 3714 2888 πει-

2128 2936 2312 2998 νάσαι,
2343 2936 2405 2988 τὸ
2437 2935 2511 3006 μὴ
2551 2934 2922 3006 προσκυνῆσαι
2951 2933 3042 2984 τὸν
3076 2931 3292 3004 μιαρὸν,
3319 2929 3380 2982 τὸ
3422 2929 3494 3000 μὴ
3533 2943 3716 2980 κατα-

447 3027 619 3082 misit.
658 3026 794 3080 Tres
825 3034 953 3096 post
979 3027 1308 3094 baptismum
1345 3026 1548 3081 Christi
1581 3028 1860 3081 consecuti
1898 3033 2021 3080 sunt

2129 3026 2345 3081 ὁάλλειν
2367 3025 2576 3095 ἑαυτόν.
2609 3026 2768 3096 Τρεῖς
2791 3023 2992 3095 ἡμέραι
3019 3021 3158 3094 μετὰ
3185 3022 3246 3074 τὸ
3272 3021 3569 3092 βάπτισμα,
3604 3018 3716 3070 καὶ

445 3117 587 3180 dies,
621 3124 917 3186 antequam
943 3116 1213 3185 optinmm
1241 3115 1296 3170 in
1325 3115 1510 3168 vinum
1533 3129 1671 3183 aqua
1699 3121 2019 3169 verteretur.

515 3226 655 3283 Tres
700 3227 770 3281 ab
811 3227 1096 3297 unigenito
1144 3225 1238 3280 Dei
1302 3224 1442 3279 Filio
1483 3223 1724 3294 Virginis
1773 3223 2022 3294 increpa--

441 3319 622 3372 tiones
671 3317 928 3387 profectae
964 3336 976 3372 :
1027 3317 1169 3382 Quid
1216 3327 1354 3378 erat,
1389 3316 1525 3386 quod
1566 3333 1646 3371 me
1687 3314 2023 3386 querebaris?

447 3407 637 3462 Nonne
685 3407 886 3462 sciebas
935 3409 988 3462 in
1032 3409 1124 3470 iis,
1171 3425 1287 3477 quae
1322 3406 1390 3462 ad
1419 3407 1634 3461 Patrem
1673 3424 1842 3461 meum
1893 3408 2017 3460 atti-

445 3507 589 3556 nent.
627 3516 740 3552 esse
784 3515 866 3553 me
910 3500 1222 3567 oportere’?
1259 3497 1436 3554 Tum:
1473 3498 1612 3564 Quid
1649 3498 1776 3552 mihi
1813 3507 1860 3552 et
1901 3497 2016 3560 tibi,

443 3591 635 3644 mulier
657 3590 715 3643 ’Ἰ
751 3589 992 3659 Denique
1028 3609 1045 3644 ει
1069 3589 1174 3655 Qui
1203 3598 1324 3643 sunt
1344 3589 1536 3658 fratres
1565 3590 1664 3644 mei
1688 3589 1746 3642 "?
1769 3589 1906 3642 Tres
1934 3587 2018 3642 di-

442 3681 662 3750 scipuli,
691 3680 888 3745 quibus
917 3682 1038 3750 plus
1072 3682 1283 3734 caeteris
1310 3683 1550 3735 conlisus
1587 3687 1671 3734 est
1709 3679 1961 3734 Christus
1997 3696 2011 3732 :

442 3771 660 3837 Petrus,
697 3771 959 3836 Jacobus,
1007 3772 1268 3827 Joannes.
1309 3771 1511 3828 Tribus
1549 3770 1711 3826 annis
1755 3771 2016 3826 Dominus

441 3865 689 3935 prodigia
736 3865 925 3920 edidt.
957 3865 1164 3920 Tribus
1193 3865 1354 3918 armis
1392 3863 1626 3918 fructum
1667 3879 1918 3933 qtlzcrens
1948 3863 2013 3916 ad

443 3957 604 4010 ficum
635 3955 901 4013 Dominus
935 3958 1104 4021 venit,
1131 3973 1307 4027 neque
1333 3957 1556 4026 reperit.
1591 3955 1794 4010 Tribus
1819 3957 2017 4026 impre-

439 4057 600 4103 catus
644 4057 729 4120 est
755 4049 1058 4105 Dominus:
1102 4050 1224 4104 ﬁcui
1260 4069 1276 4104 :
1308 4050 1428 4104 Non
1457 4051 1680 4117 amplius
1724 4065 1787 4103 ea:
1823 4059 1872 4104 te
1901 4049 2014 4118 [ru-

439 4151 554 4194 ctus
579 4127 796 4207 prodeat
830 4142 884 4194 in
912 4143 1236 4207 (etcrnum';
1281 4141 1579 4211 Synagogze
1615 4159 1628 4196 τ
1665 4140 1824 4208 Lapis
1858 4156 2015 4207 super

443 4233 669 4301 lapidem
699 4251 802 4286 non
848 4234 1152 4297 manebit“;
1186 4231 1372 4287 Julian:
1421 4234 1510 4286 Va?
1537 4234 1739 4287 homini
1781 4233 1882 4296 illi,
1921 4249 2014 4301 per

413 4335 591 4390 quem
628 4321 805 4375 Filius
853 4321 1079 4375 [taurinis
1126 4323 1365 4376 tradetur
1415 4323 1485 4376 ad
1536 4321 1945 4391 cruciﬁgendum
1965 4323 2008 4376 ".

2129 3120 2250 3173 τότε
2277 3119 2339 3172 τὸ
2372 3117 2516 3188 ὕδωρ
2543 3112 2682 3181 οἶνος
2710 3116 3008 3187 ἐξαίρετος.

2197 3231 2359 3302 Τρεῖς
2376 3231 2432 3286 αἱ
2457 3230 2599 3283 κατά
2622 3229 2722 3298 τῆς
2738 3227 3014 3299 Παρθένου
3035 3226 3127 3280 τοῦ
3159 3222 3493 3292 Μονογενοῦς
3519 3222 3717 3275 ἐπιτι-

2130 3323 2320 3394 μήσεις
2341 3339 2354 3354 ·
2386 3321 2453 3377 Τί
2480 3321 2570 3375 ὅτι
2599 3318 2848 3388 ἐζητεῖτέ
2872 3334 2985 3388 με;
3022 3317 3134 3370 οὐκ
3166 3315 3329 3384 ᾕδεις
3366 3313 3453 3367 ὅτι
3472 3313 3541 3366 ἐν
3573 3312 3718 3380 τοῖς

2125 3415 2233 3469 τοῦ
2272 3415 2500 3480 Πατρός
2540 3431 2658 3482 μου
2707 3412 2895 3482 δεῖμε
2937 3408 3123 3474 simu;
3155 3408 3221 3463 Τί
3271 3408 3393 3475 ἐμοὶ
3425 3407 3521 3461 καὶ
3573 3406 3715 3473 σοι,

2125 3508 2299 3576 γύναι
2313 3521 2330 3568 ;
2359 3503 2522 3565 οίίπω¹
2558 3505 2682 3574 ἥκει
2714 3506 2746 3573 ἡ
2785 3502 2901 3574 ὥρα
2955 3518 3088 3572 μου·
3125 3501 3210 3564 τίς
3254 3502 3401 3552 ἐστιν
3429 3501 3462 3569 ἡ
3513 3499 3718 3571 μήτηρ

2126 3615 2247 3667 μου,
2282 3597 2376 3650 καὶ
2407 3596 2566 3661 τινες
2586 3598 2640 3648 oi
2676 3594 2928 3662 ἀδελφοί
2949 3612 3067 3664 μου
3085 3609 3104 3657 ;
3141 3589 3302 3664 Τρεῖς
3328 3593 3378 3646 οἱ
3410 3592 3568 3645 πλέον
3585 3591 3716 3644 τῶν

2122 3687 2295 3744 ἄλλων
2312 3686 2671 3757 θαρρούμενοι
2688 3683 2927 3755 μαθηταί
2944 3701 2956 3714 ·
2973 3671 3196 3755 Πέτρος,
3227 3682 3496 3746 Ἰάκωϐος,
3521 3683 3711 3736 Ἰωάν·

2113 3796 2240 3851 νης.
2275 3776 2415 3846 Τρία
2459 3775 2555 3846 ἔτη
2589 3775 2698 3829 τῶν
2742 3773 3077 3830 δεσποτικῶν
3124 3773 3366 3844 σημείων
3412 3775 3441 3825 ὁ
3483 3771 3708 3843 χρόνος.

2121 3870 2260 3940 Τρία
2283 3869 2377 3940 ἐτη
2409 3865 2585 3937 ζητῶν
2602 3865 2816 3936 καρπὸν
2840 3869 2918 3929 είς
2941 3867 3040 3937 τὴν
3066 3866 3237 3936 συκῆν
3257 3865 3284 3917 ὁ
3312 3863 3513 3934 Κύριος
3535 3859 3708 3935 ἦλθε,

2121 3961 2215 4014 καὶ
2267 3959 2364 4027 οὐχ
2409 3950 2596 4028 ηὗρεν.
2645 3955 2836 4028 Τρισὶν
2879 3958 2908 4010 ὁ
2951 3956 3151 4025 Κύριος
3192 3954 3572 4025 κατηράσατοο
3628 3957 3707 4025 τῇ

2121 4052 2281 4120 συκῇ·
2302 4046 2521 4115 Μηκέτι
2538 4046 2606 4099 ἐκ
2627 4045 2743 4100 σοῦ
2764 4046 2990 4115 καρπὸς
3001 4045 3240 4114 γένηται
3252 4047 3338 4111 εἰς
3359 4045 3467 4116 τὸν
3484 4043 3723 4114 alin-cr.

2117 4141 2184 4208 τῇ
2225 4138 2554 4208 Συναγωγῇ·
2584 4137 2762 4200 Λίθος
2814 4134 3110 4189 ὲπὶλίθον
3135 4135 3207 4188 οὐ
3248 4132 3334 4203 μὴ
3368 4133 3574 4202 μένει·
3615 4133 3706 4202 τῷ

2118 4229 2283 4299 Ἰούδᾳ
2316 4247 2328 4259 ·
2363 4229 2507 4281 Οὐαὶ
2540 4227 2618 4291 τῷ
2666 4224 2951 4294 ἀνθρώπῳ
2995 4225 3223 4292 ἐκείνῳ,
3267 4224 3342 4277 δι’
3371 4219 3443 4279 οὗ
3475 4227 3507 4274 ὁ
3559 4225 3705 4288 Υἱὸς

2117 4319 2222 4371 τοῦ
2260 4317 2574 4384 ἀνθρώπου
2607 4314 2994 4382 παραδίδοται
3035 4316 3122 4380 εὶς
3153 4313 3220 4367 τὸ
3254 4311 3696 4380 σταυρωθῆναι.

439 4410 642 4466 Tribus
687 4411 879 4465 diebus
935 4426 1000 4465 ac
1050 4412 1229 4466 tribus
1302 4413 1552 4466 noctilms
1597 4410 1764 4470 Jonas
1811 4412 1865 4466 in
1905 4413 2010 4467 ceti

2127 4411 2276 4480 Γρεῖς
2310 4407 2542 4478 ἡμέρας,
2580 4408 2673 4460 καὶ
2704 4408 2854 4475 τρεῖς
2884 4404 3086 4468 νύκτας
3119 4405 3303 4468 Ἰωνᾶς
3333 4406 3414 4467 είς
3445 4403 3547 4473 τὴν
3576 4420 3703 4470 aco;-

437 4511 632 4558 ventre
689 4504 1014 4573 permansit.
1053 4502 1241 4557 Trium
1297 4503 1513 4560 dierum
1560 4503 1740 4575 spatio
1786 4504 2011 4560 deﬁnita

437 4604 525 4651 est
555 4595 819 4651 adversus
844 4593 1116 4652 Ninivitas
1147 4597 1368 4651 decreta
1403 4598 1700 4653 sententia.
1731 4596 2010 4654 Triduana

439 4685 743 4743 Salvatoris
773 4703 926 4743 mors
971 4688 1091 4744 fuit.
1140 4688 1392 4756 Ejusdem
1425 4697 1480 4742 et
1517 4689 1764 4744 triduana
1794 4705 1823 4742 a
1859 4706 2009 4744 mor-

437 4778 551 4832 tuis
583 4786 890 4856 praepotens
929 4779 1284 4834 resurrectio.
1322 4777 1451 4833 Post
1494 4788 1606 4835 tres
1649 4779 1765 4833 dies
1804 4778 2006 4832 Paulus

435 4868 614 4923 oculis
644 4877 842 4937 captus
870 4869 1046 4924 visum
1079 4871 1442 4939 recuperavit.
1473 4869 1580 4925 Ter
1623 4871 1692 4924 ob
1719 4869 2001 4924 stimulum

437 4960 623 5012 carnis
663 4958 952 5012 Dominum
994 4959 1228 5028 rogavit,
1274 4967 1332 5013 ut
1374 4960 1680 5015 discederet
1723 4973 1753 5010 a
1789 4972 1866 5011 se.
1897 4957 2003 5012 Ter

437 5047 782 5119 naufragium
828 5046 979 5101 fecit.
1021 5047 1260 5101 Tertium
1293 5049 1347 5102 in
1389 5049 1588 5104 malum
1631 5053 1717 5100 est
1759 5052 2000 5100 evectus.

437 5139 568 5194 Tria
599 5139 789 5193 farinae
818 5146 934 5194 sata
967 5137 1160 5196 mulier
1205 5139 1316 5204 illa,
1357 5155 1478 5210 qua:
1516 5152 1686 5208 regno
1740 5135 2001 5190 cwlorum

437 5231 796 5297 assimilatur,
830 5230 1130 5301 accipiens,
1177 5240 1232 5285 ct
1277 5232 1330 5286 in
1374 5233 1627 5302 exiguum
1679 5227 2001 5283 fermentum

508 5383 524 5415 '
561 5381 720 5437 Prov.
753 5400 933 5443 xvxvt.
980 5384 1068 5438 29.
1154 5386 1173 5417 '
1199 5383 1328 5438 Luc.
1355 5399 1414 5450 ιι,
1458 5382 1542 5439 49.
1646 5379 1836 5437 ’Joan.
1874 5396 1933 5446 ιι,
1962 5381 2012 5435 4.

448 5452 468 5482 ’
495 5451 682 5509 Matth.
725 5469 880 5516 xxvu,
927 5453 1018 5508 2i.

507 5601 619 5672 (86)
642 5604 764 5658 Cor.
793 5603 870 5675 τῷ
905 5606 1171 5676 προφήτῃ.

2113 4501 2233 4555 λίαν
2263 4499 2358 4553 τοῦ
2392 4501 2589 4571 κήτους
2641 4496 2927 4567 πεποίηκε.
2968 4496 3277 4568 Τριήμερον
3323 4495 3359 4564 ἡ
3399 4493 3543 4547 κατά
3587 4493 3700 4544 Νι-

2110 4591 2338 4647 νευῖτῶν
2361 4587 2631 4657 ἀποφορὰ.
2659 4588 2869 4656 Τριήμε
2880 4603 2968 4658 ρος
2993 4585 3086 4638 τοῦ
3111 4585 3361 4655 Σωτῆρος
3384 4586 3412 4637 ὁ
3436 4583 3701 4645 θάνατος,

2109 4685 2406 4754 τριήμερος
2436 4679 2528 4731 καὶ
2551 4681 2582 4748 ἡ
2618 4678 2726 4732 ἀπὸ
2753 4679 2862 4732 τῶν
2895 4678 3103 4749 νεκρῶν
3131 4679 3250 4730 κατ’
3281 4675 3531 4741 ἐξουσίαν
3556 4675 3701 4726 ἀνεὶς

2111 4789 2298 4832 στασις
2319 4769 2411 4821 τοῦ
2441 4770 2664 4842 Κυρίου.
2702 4772 2802 4827 Διά
2836 4773 3001 4843 τριῶν
3037 4773 3065 4824 ὁ
3091 4769 3300 4832 Παῦλος
3328 4768 3550 4840 ἡμερῶν
3599 4769 3709 4820 ἀν-

2109 4859 2303 4930 έϐλεψε
2326 4859 2602 4930 πηρωθείς
2625 4877 2637 4889 ·
2666 4861 2785 4931 τρὶς
2805 4861 2894 4913 τὸν
2918 4859 3120 4931 Κύριον
3151 4877 3218 4910 πε
3229 4860 3280 4927 pl.
3305 4856 3400 4910 τοῦ
3425 4856 3706 4916 σκόλοπος

2109 4950 2532 5021 παρεκέλευσεν,
2579 4952 2666 5010 ἵνα
2724 4953 2934 5023 ἀποστῇ
2985 4952 3078 5004 ἀπ’
3109 4949 3311 5003 αὐτοῦ·
3360 4948 3482 5018 τρὶς
3525 4948 3706 4998 ἐναυ-

2109 5041 2344 5113 άγησεν
2387 5044 2466 5106 εἰς
2508 5043 2689 5115 τρίτον
2727 5042 2955 5113 οὐρανὸν
2975 5041 3301 5111 ἀναϐέϐηκε.
3353 5039 3494 5108 Τρία
3541 5036 3706 5089 σάτα

2109 5132 2339 5202 ἀλεύρου
2377 5134 2528 5205 καὶὴ
2560 5137 2624 5204 τῇ
2659 5134 2904 5204 βασιλείᾳ
2935 5133 3044 5185 τῶν
3081 5131 3329 5201 οὐρανῶν
3351 5127 3708 5200 ὁμοιωθεῖσα

2109 5225 2245 5302 γυνὴ
2293 5224 2554 5288 λαϐοῦσα,
2602 5226 2694 5278 καὶ
2741 5226 2821 5287 είς
2862 5225 3061 5296 μικράν
3101 5222 3280 5292 ζύμην
3333 5218 3707 5291 ἐγκρύψαδειι

2122 5375 2348 5432 ‘Matth.
2375 5395 2468 5444 xu,
2503 5379 2591 5432 48.
2668 5378 2690 5410 ⁸
2714 5377 2878 5433 Marc.
2905 5393 2979 5442 xI,
3015 5377 3098 5431 14.
3175 5374 3402 5430 ‘Matth.
3430 5383 3582 5436 xxiv,
3628 5366 3702 5424 9..

2177 5597 2288 5669 (S7)
2323 5595 2586 5667 Corrupla
2615 5611 2736 5653 vox.
