3948 6196
278 358 365 414 515

1141 353 1562 411 τιιΑατΑτυε
1600 355 1689 410 es
1729 317 2177 414 Nuttsnonuu
2232 358 2627 416 MYSTERIIS.

3411 375 3518 432 ειι

269 473 376 528 ὅλον
401 471 461 524 τὸ
526 468 776 543 φύραμα,
818 467 962 522 κατὰ
994 468 1054 523 τὸ
1105 472 1510 543 γεγραμμένον,
1540 473 1844 544 ὲζύμωσεν.

1950 474 2316 562 abscondens,
2349 484 2539 543 totam,
2569 485 2629 534 ut
2660 479 2927 550 scriptum
2960 491 3046 539 est
3072 485 3111 551 ³,
3141 498 3377 542 massam
3412 485 3522 548 fer-

1779 573 1798 605 Ι

267 670 378 722 Ὅτι
418 666 520 721 καὶ
566 667 600 719 ὁ
645 661 894 733 ἀριθμὸς
941 664 1023 729 ὡς
1069 662 1261 733 διπλῆ
1304 667 1467 732 τριὰς
1518 663 1617 718 ἐπὶ
1656 663 1837 733 μεγά-

329 741 450 792 λων
487 731 868 804 πραγμάτων,
909 732 980 785 ἑν
1016 731 1091 801 τῇ
1149 737 1276 802 θείᾳ
1334 731 1547 802 Γραφῇ
1589 731 1838 802 παρατε-

329 819 511 860 τηοητ
513 822 571 858 αι
580 843 594 857 .

329 808 594 872 τάρηται.

327 895 400 953 Δ’.
454 897 542 949 Ἐν
576 895 637 959 ἒξ
668 893 903 964 ήμέραις
934 895 962 946 ό
985 891 1117 956 Θεὸς
1141 892 1235 946 τὸν
1263 893 1469 962 κόσμον
1504 896 1838 949 κατεσκεύα-

267 1007 368 1044 σεν.
405 991 616 1058 Ἕκτην
639 989 851 1059 ἡμέραν
879 986 1078 1040 ἔπλασε
1108 987 1202 1039 τὸν
1241 985 1431 1056 Ἀδάμ.
1461 987 1666 1058 Ἔκτην
1689 987 1838 1058 ὥραν

267 1080 618 1152 γυμνωθέντα
649 1078 800 1148 παρὰ
829 1077 926 1148 τῆς
961 1077 1241 1148 ἁμαρτίας
1285 1076 1453 1146 δήλης
1489 1076 1600 1145 (88)
1637 1077 1838 1147 ἐζήτη-

263 1189 367 1226 σεν.
429 1171 630 1224 Ἕκτον
683 1168 840 1238 ὤφθη
885 1169 966 1239 τῷ
1019 1168 1299 1239 Ἀϐραάμο
1355 1168 1499 1234 ἅπαξ
1550 1170 1629 1231 εἰς
1683 1168 1839 1238 Χαρ-

261 1263 356 1334 ρὰν
401 1266 422 1288 ί
455 1265 473 1283 ⁶
503 1265 523 1282 ⁶
569 1259 755 1331 τρίτον
815 1259 938 1312 καθ’
991 1258 1226 1322 ὕπνους·
1276 1259 1537 1331 τέταρτον
1594 1259 1687 1312 ἐπὶ
1741 1259 1840 1329 τῆς

260 1351 582 1424 προσθήκης
609 1348 704 1403 τοῦ
748 1351 1081 1420 γράμματος
1129 1349 1223 1402 τοῦ
1255 1350 1554 1421 ὀνόματος⁶
1589 1350 1840 1421 πέμπτον

259 1445 346 1498 ἐπὶ
399 1444 505 1513 τῆς
549 1441 797 1512 Μαμόρῆ
837 1441 1208 1511 μεσημϐρίας,
1240 1440 1406 1511 ἕκτην
1443 1439 1625 1513 ὥραν·
1682 1437 1841 1494 ἕκτον

257 1535 347 1589 ἐπὶ
369 1536 477 1604 τῆς
511 1533 704 1594 θυσίας
743 1533 838 1586 τοῦ
875 1531 1200 1603 μονογενοῦς
1231 1533 1291 1586 ὲν
1319 1530 1395 1602 τῷ
1423 1532 1560 1604 δρει.
1611 1531 1708 1595 Ἓξ
1744 1531 1838 1603 ἔτη

253 1622 533 1677 ὼυλεῦειν
593 1624 862 1695 Ἑϐραίοις
920 1623 1312 1695 παρήγγειλεν.
1353 1624 1536 1694 Ἒκτῳ
1581 1623 1714 1694 μηνὶ
1751 1622 1840 1674 τὸν

255 1713 499 1784 Γαϐριὴλ
562 1713 702 1784 πρὸς
751 1715 850 1783 τὴν
909 1713 1192 1784 Παρθένον
1241 1714 1580 1768 ἀπέστειλεν.
1637 1715 1734 1776 Εἰς
1783 1711 1842 1776 ἕξ

258 1803 481 1873 ὑδρείας
530 1803 591 1856 τὸ
629 1801 774 1874 ὕδωρ
805 1797 949 1856 οἶνον
1004 1802 1294 1873 πεποίηκε.
1349 1803 1558 1873 ’Έκτην
1586 1802 1734 1872 ὤραν
1771 1803 1836 1873 τῇ
1871 1833 1913 1890 Β

257 1892 612 1964 Σαμαρείτιδι
639 1892 793 1963 παρὰ
837 1891 900 1945 τὸ
928 1891 1109 1964 φρέαρ
1139 1892 1404 1963 ὡμίλησε.
1456 1893 1572 1964 Πρὸ
1607 1891 1665 1958 ἐξ
1699 1893 1838 1962 ήμε-

255 1984 359 2056 ρῶν
393 1983 495 2037 τοῦ
534 1984 727 2053 Πάσχα
758 1982 850 2035 τὸν
884 1982 1134 2052 Λάζαρον
1165 1983 1407 2054 ήγειρεν.
1443 1981 1651 2054 Ἕκτην
1689 1983 1838 2054 ὥραν

250 2071 325 2144 τῷ
382 2073 562 2145 λῃστῇ
633 2072 1036 2144 σταυρούμενος
1089 2071 1374 2142 ὲφιλιώθη.
1425 2071 1624 2125 Ἕκτον
1672 2071 1837 2142 ὤφθη

255 2162 398 2233 μετᾶ
426 2163 489 2215 τὸ
521 2161 632 2216 ἀπὸ
661 2161 872 2232 νεκρῶν
914 2161 1208 2232 ἐγερθῆναι
1227 2179 1242 2192 ο
1295 2163 1420 2226 ταῖς
1461 2162 1730 2232 γυναιξὶν,
1762 2158 1839 2232 τῷ

251 2254 521 2327 Κλεὼπᾳ,
553 2257 669 2318 τοῖς
717 2255 988 2325 μαθηταῖς
1029 2255 1200 2325 χωρὶς
1236 2254 1329 2308 τοῦ
1363 2255 1556 2326 Θωμᾶ,
1586 2259 1700 2320 τοῖς
1738 2273 1841 2327 μα-

251 2343 451 2415 θηταῖς
483 2343 622 2414 μετὰ
653 2343 750 2398 τοῦ
787 2342 980 2413 Θωμᾶ,
1019 2343 1214 2414 Πέτρῳ
1260 2345 1356 2398 κα).
1411 2345 1630 2416 Ἰωάννῃ
1673 2345 1735 2398 τὸ
1762 2345 1842 2398 δί-

253 2453 425 2490 κτυον
468 2434 682 2488 ἑλοῦσιν
736 2434 870 2506 (89),
924 2437 990 2505 τῇ
1027 2434 1318 2506 τελευταίᾳ
1360 2437 1460 2506 τῆς
1497 2435 1838 2506 ἀναλήψεως.

255 2526 483 2592 Ἕκτον,
520 2525 594 2589 ὡς
621 2525 787 2594 λέγει
807 2525 1040 2589 Παῦλος,
1067 2525 1242 2596 ἐφάνη
1283 2529 1396 2590 τοῖς
1429 2526 1677 2597 ἀδελφοῖς
1697 2544 1712 2558 ’
1763 2527 1843 2597 τῷ

253 2617 450 2686 Κηφᾷ,
483 2617 600 2678 τοῖς
624 2615 778 2679 δέκα,
823 2616 936 2678 τοῖς
981 2616 1376 2680 πεντακοσίοις,
1424 2617 1511 2686 ἐφ’
1547 2617 1692 2684 ἅπαξ
1737 2619 1843 2670 Ἰα-

254 2707 446 2777 κώϐῳ,
479 2708 595 2769 τοῖς
631 2704 952 2768 ἀποστόλοις
990 2707 1180 2767 πᾶσιν,
1211 2705 1362 2776 αὐτῷ
1389 2705 1502 2777 (90)
1537 2706 1616 2776 τῷ
1645 2705 1844 2776 Παύλῳ

250 2798 590 2852 τελευταῖον.
623 2795 722 2859 Ἐξ
754 2794 860 2865 (ἐνὶ
881 2795 1079 2866 αὐτῶν)
1097 2796 1310 2867 μεγάλα
1346 2789 1620 2866 μυστήρια
1651 2795 1843 2864 ἐποίη-

247 2905 342 2941 σεν
395 2890 430 2942 ὁ
483 2886 690 2958 Κύριος
763 2887 919 2957 ήμῶν
976 2887 1181 2957 Ἰησοῦς
1235 2887 1504 2956 Χριστὸς,
1562 2886 1639 2949 ὠς
1695 2885 1843 2952 λέγει

249 2979 504 3041 Παῦλοςο
547 2977 872 3049 Ἐπληρὼθη
917 2977 976 3030 ὲν
1019 2977 1204 3048 σαρκὶ,
1253 2976 1543 3047 ἐδικαιώθη
1579 2978 1636 3029 ὲν
1681 2976 1842 3028 πνεύ-

253 3088 414 3141 ματι.
429 3068 591 3140 ὤφθη
609 3067 882 3138 ἀγγέλοις,
899 3068 1174 3140 ἐκηρύχθη
1205 3071 1260 3122 ἐν
1289 3069 1521 3130 ἔθνεσιν,
1545 3066 1842 3137 ἐπιστεύθη

1937 566 2220 620 mentavit.

1941 672 2092 738 Quod
2143 672 2446 756 duplicatus
2502 677 2643 758 idem
2702 683 2967 758 tertiarius
3001 683 3055 736 in
3105 686 3272 741 sacris
3306 684 3520 743 Litteris

2294 750 2540 798 maximis
2579 750 2632 800 in
2662 750 2813 803 rebus
2849 750 3167 809 observetur.

2013 890 2100 944 iV.
2136 890 2241 946 Sex
2279 892 2475 947 diebus
2512 895 2776 950 mundum
2820 897 2963 954 Deus
2997 900 3308 955 fabricavit.
3357 899 3520 958 Sexta

1939 979 2028 1033 die
2052 979 2307 1035 formavit
2337 982 2528 1034 Adam.
2563 981 2726 1039 Sexta
2764 987 2896 1041 liora
2934 989 3198 1043 nudatum
3232 1004 3261 1042 a
3299 1002 3522 1059 peccato

1941 1071 2048 1124 sub
2097 1086 2384 1140 vesperam
2446 1075 2718 1142 quaesivit.
2776 1075 2964 1133 Sexies
3018 1080 3325 1135 Abraltamo
3369 1083 3522 1138 visus

1937 1169 2023 1214 est
2057 1179 2070 1214 :
2107 1161 2340 1230 primum
2399 1163 2452 1215 in
2507 1163 2791 1217 Charran.
2959 1171 3121 1224 tertio
3172 1169 3227 1224 in
3277 1171 3518 1236 somnis;

1941 1260 2140 1322 quarto
2170 1267 2294 1308 cum
2327 1252 2564 1306 litteram
2595 1253 2661 1308 ad
2693 1254 2816 1324 ejus
2845 1271 3046 1311 nomen
3067 1259 3304 1328 adjecit:
3330 1261 3524 1329 quinto

1939 1341 2007 1394 ad
2038 1355 2302 1410 quercum
2345 1339 2587 1396 Mambre
2637 1343 2743 1397 sub
2787 1345 3095 1413 meridiem,
3151 1347 3286 1402 hora
3334 1361 3520 1414 sexta;

1937 1431 2218 1500 postremo
2265 1430 2320 1482 in
2370 1431 2521 1484 unici
2572 1429 2665 1484 filii
2711 1432 3030 1497 sacrificio,
3072 1437 3128 1489 in
3164 1444 3370 1492 monte.
3417 1437 3525 1492 Sex

1942 1521 2105 1576 annis
2136 1520 2397 1576 Heburos
2434 1524 2646 1578 servire
2671 1524 2865 1579 voluit.
2891 1523 3059 1580 Sexto
3082 1543 3268 1584 mense
3297 1529 3528 1583 Gabrie-

1942 1613 2047 1668 lem
2081 1612 2232 1667 misit
2265 1612 2332 1667 ad
2367 1611 2670 1683 Virginem.
2707 1614 2816 1669 Sex
2849 1615 2904 1670 in
2937 1617 3148 1687 hydriis
3170 1633 3366 1687 aquam
3403 1633 3528 1672 ver-

1941 1703 2008 1758 tit
2049 1703 2105 1759 in
2141 1704 2350 1757 vinum.
2388 1702 2553 1759 Sexta
2589 1705 2724 1758 hora
2759 1721 2883 1760 cum
2920 1707 3263 1762 Samaritana
3307 1707 3374 1761 ad
3423 1723 3526 1777 pu-

1943 1797 2090 1846 teum
2137 1793 2444 1846 collocutus
2474 1802 2580 1848 est.
2623 1793 2764 1848 Ante
2797 1809 2896 1848 sex
2930 1794 3052 1850 dies
3093 1794 3320 1850 Pascha:
3357 1795 3530 1850 Laza-

1941 1900 2062 1938 rum
2096 1886 2375 1938 excitavit.
2416 1884 2560 1939 Hora
2590 1894 2744 1941 sexta
2782 1887 2837 1940 in
2865 1902 3030 1942 cruce
3062 1888 3288 1942 sullixus
3327 1888 3528 1943 latroni

1939 1972 2271 2027 conciliatus
2297 1980 2404 2028 est.
2449 1971 2661 2036 Sexies,
2697 1984 2986 2044 postquam
3019 1991 3048 2028 a
3080 1977 3313 2029 mortuis
3338 1991 3528 2030 resur-

1939 2062 2099 2127 rexit,
2134 2050 2434 2116 videndum
2464 2079 2523 2116 se
2551 2065 2815 2132 prtrbuit;
2849 2065 3174 2119 mulieribus
3197 2105 3210 2128 ,
3249 2065 3533 2135 Cleophazs

1939 2153 2234 2222 discipulis
2256 2154 2484 2208 absente
2500 2153 2708 2208 Thema
2731 2171 2745 2219 ;
2781 2155 2974 2210 iisdem
2994 2155 3204 2209 Thema
3225 2168 3491 2226 praesente
3513 2175 3528 2224 ;

1939 2247 2100 2303 Petro
2134 2255 2190 2301 et
2213 2245 2565 2301 Joannicum
2609 2257 2725 2302 rete
2755 2248 3031 2318 cepissent
3067 2267 3080 2302 :
3118 2257 3395 2317 postremo
3431 2248 3529 2302 de—

1940 2340 2108 2410 nique
2128 2339 2237 2401 die,
2267 2354 2378 2409 quo
2410 2341 2465 2392 in
2504 2340 2701 2393 coelum
2739 2349 3058 2410 assumptus
3081 2349 3184 2394 est.
3223 2339 3438 2404 Sexies,
3469 2345 3535 2392 ut

1943 2431 2018 2483 ait
2059 2429 2299 2493 Paulus,
2341 2429 2611 2483 fratribus
2649 2429 2941 2498 apparuit;
2983 2429 3214 2499 Cephze.
3251 2429 3436 2484 decem
3461 2445 3531 2484 ex

1941 2515 2077 2586 illis,
2117 2521 2453 2592 quingentis,
2489 2520 2658 2576 semel
2693 2519 2932 2580 Jacobo;
2967 2520 3230 2590 apostolis
3251 2520 3527 2583 omnibus,

1935 2612 2054 2684 ipsi
2115 2613 2351 2683 denique
2401 2610 2591 2666 Paulo.
2657 2609 2764 2666 Sex
2812 2625 2842 2663 a
2887 2610 3121 2665 Domino
3171 2617 3362 2666 nostro
3400 2611 3530 2667 Jesu

1939 2705 2162 2760 Christo
2196 2705 2440 2774 ingentia
2482 2710 2610 2757 sunt
2635 2702 2876 2772 perfecta
2909 2703 3191 2772 mysteria,
3227 2712 3285 2757 ut
3323 2702 3528 2758 Paulus

1935 2796 2223 2850 testatu'r'
2257 2812 2271 2847 :
2300 2793 2557 2863 ltnpletus
2591 2801 2673 2847 est
2720 2793 2774 2846 in
2821 2807 3020 2857 carne;
3069 2794 3406 2862 justilicatus
3445 2805 3531 2848 est

1936 2885 1998 2940 in
2045 2885 2280 2955 spiritu;
2332 2885 2481 2939 visus
2530 2895 2614 2939 est
2660 2885 2906 2954 angelis;
2959 2884 3292 2954 praedicatus
3338 2894 3423 2938 est
3473 2885 3528 2938 in

1941 2976 2230 3046 gentibus;
2283 2973 2528 3030 creditus
2569 2984 2654 3030 est
2700 2975 2754 3028 in
2795 2974 3042 3042 mundo;
3091 2983 3408 3044 assumptus
3446 2985 3530 3030 est

1941 3081 2068 3121 cum
2101 3067 2296 3137 gloria.
2337 3067 2446 3122 Sex
2486 3067 2685 3123 litteris
2718 3082 2911 3136 magna
2939 3066 3154 3121 nomina
3176 3066 3526 3134 scribuntur;

249 3162 309 3214 ὲν
339 3160 566 3230 κόσμῳ,
599 3157 876 3229 ἀνελήφθη
919 3159 977 3211 ἐν
1008 3157 1156 3229 δόξῃ.
1196 3160 1273 3211 Δι’
1304 3158 1364 3222 ἓξ
1401 3159 1746 3229 γραμμάτων
1770 3156 1840 3210 τὰ

1947 3157 2174 3222 Αάοηεί,
2209 3155 2472 3221 Sabaoth,
2506 3157 2975 3228 Ἰησοῦς,Κύριος,
3003 3157 3257 3210 Dominus
3282 3173 3300 3210 :
3326 3156 3525 3227 ἱατρός,

253 3252 480 3323 μεγάλα
523 3250 768 3321 ὀνόματα
815 3249 1117 3320 γράφεται·
1165 3249 1388 3313 ἁδωναϊ,
1439 3247 1679 3313 σαδαὼθ,
1736 3250 1841 3320 Ἰη-

247 3343 411 3408 σοῡς,
442 3341 673 3414 Κύριος,
711 3342 914 3412 ἰατρὸς,
949 3341 1173 3410 ἀγαθὸς,
1213 3341 1432 3411 νεφέλη,
1469 3340 1718 3414 Μαριάμ.

517 3451 651 3506 Ὅτι
679 3451 776 3505 καί
812 3454 844 3504 ό
871 3449 1022 3504 ἑπτὰ
1049 3437 1278 3516 τέλειος
1314 3450 1578 3519 ἀριθμός.

320 3561 411 3615 ε’.
460 3557 699 3632 Ἐόδόμῃ
743 3559 927 3631 ήμέρᾳ
970 3559 1313 3613 κατέπαυσεν
1352 3558 1460 3612 ἀπὸ
1491 3557 1706 3612 πάντων
1735 3559 1842 3612 τῶν

247 3650 440 3723 ἔργων
468 3649 632 3703 αὑτοῦ
669 3651 698 3704 ὁ
733 3650 883 3715 Θεός.
948 3650 1120 3704 Ἑπτὰ
1164 3649 1521 3718 ἐκδικούμενα
1565 3650 1841 3722 παρέλυσε

246 3743 343 3796 τὸν
408 3742 554 3796 Κάῖν
599 3741 826 3796 ἀνελών.
889 3741 1062 3796 Ἑπτὰ
1115 3741 1224 3813 γὰρ
1257 3741 1530 3812 ἁμαρτίας
1571 3742 1599 3794 ό
1647 3742 1842 3813 μιαρὸς

248 3832 663 3904 δργασάμενος,
719 3832 934 3902 φθόνον,
969 3833 1139 3896 δόλον,
1178 3833 1336 3900 φόνον
1379 3833 1630 3902 ἀδελφοῦ,
1667 3834 1843 3903 φόνων

245 3925 584 3990 διδάσκαλος
634 3925 871 3996 πρῶτος,
912 3924 1084 3995 μῦσος
1117 3923 1229 3995 (91)
1267 3925 1404 3996 (τοῦ)
1439 3925 1581 3978 οὕτω
1621 3925 1720 3996 βίῳ
1753 3941 1846 3993 γε·

247 4019 512 4090 νόμενος,
556 4019 734 4086 γονεῖς
793 4016 1078 4088 λυπήσας,
1131 4014 1396 4086 ἐψεύσατο
1446 4015 1596 4069 Θεόν.
1670 4013 1843 4069 Ἑπτὰ

250 4110 355 4164 καὶ
417 4108 713 4181 τιμωρίαις
771 4109 1048 4162 ὑπέπεσεο
1110 4106 1242 4180 ᾤκει
1299 4107 1689 4179 κατηραμένην
1745 4105 1844 4177 τὴν

247 4198 406 4269 γῆν,
459 4197 780 4270 εἰργάζετο,
836 4197 1054 4270 ἀφορῶν
1115 4197 1365 4263 ἔστενεν,
1423 4197 1687 4268 ἔτρεμεν,
1747 4194 1846 4249 ἀπ’

247 4291 440 4359 bilem;
474 4284 564 4361 ἦν,
597 4288 806 4358 ήγωνία
839 4289 930 4342 τὸν
966 4289 1249 4359 παριόντα,
1287 4291 1509 4359 σημεῖον
1541 4282 1653 4356 εἶχε
1679 4285 1845 4358 δημο-

253 4377 445 4434 σιεῦον
478 4377 660 4432 αὐτόν.
696 4378 963 4448 Ἕϐδομος
1009 4378 1199 4448 Ἑνὼχ,
1251 4377 1389 4448 μετὰ
1429 4377 1519 4431 τδν
1561 4377 1752 4448 Ἀδὰμ,
1786 4377 1843 4441 ὃς

1941 3249 2177 3303 medicus
2209 3263 2228 3302 :
2260 3249 2485 3319 ἀγαθός,
2523 3249 2689 3305 bonus
2716 3265 2735 3304 :
2761 3249 2961 3320 νεφέλη
2981 3289 2996 3314 ,
3035 3253 3194 3303 nubes
3221 3265 3240 3303 :
3272 3249 3527 3320 Μαριάμ,

1943 3337 2150 3393 Μανία.

2087 3449 2242 3516 Quod
2272 3457 2320 3504 et
2351 3451 2680 3519 septenarius
2718 3441 2976 3520 perfectus
3012 3451 3078 3504 sit
3115 3466 3385 3506 numerus.

2013 3559 2080 3615 Υ.
2119 3557 2364 3630 Septimo
2394 3560 2482 3615 die
2511 3561 2780 3631 requievit
2820 3561 2963 3616 Deus
2993 3562 3062 3617 ab
3101 3563 3357 3619 omnibus
3391 3577 3523 3630 ope-

1944 3655 2101 3709 ribus
2131 3651 2268 3709 suis.
2306 3650 2525 3724 Septem
2557 3653 2791 3708 ultiones
2813 3653 3043 3724 exsolvit
3068 3654 3134 3718 is,
3164 3655 3260 3723 qui
3283 3653 3516 3710 Cainum

1946 3743 2242 3800 interfecit.
2267 3743 2492 3812 Septem
2533 3745 2678 3800 enim
2721 3751 2945 3818 peccata
2976 3743 3223 3800 nefarius
3248 3745 3338 3800 ille
3371 3759 3527 3802 com-

1946 3835 2201 3901 miserat;
2257 3832 2510 3898 invidiaa,
2559 3833 2710 3898 doli,
2752 3832 3033 3904 parricidii
3088 3833 3315 3890 fraterni
3358 3852 3372 3889 :
3411 3842 3526 3891 tum

1945 3921 2091 3994 quod
2148 3921 2361 3992 primus
2420 3921 2703 3976 homicidii
2758 3924 3041 3993 magister,
3099 3929 3264 3993 atque
3331 3932 3525 3980 auctor

1944 4014 2270 4069 mortalibus
2315 4013 2559 4069 exstitit:
2607 4014 2924 4083 parentibus
2980 4029 3270 4070 maerorem
3313 4016 3528 4082 attulit;

1946 4102 2056 4160 Deo
2085 4105 2346 4159 mentitus
2390 4111 2495 4160 est.
2537 4103 2660 4160 Ideo
2700 4112 2906 4174 septem
2949 4105 3025 4158 illi
3068 4121 3242 4176 poenae
3280 4115 3410 4160 sunt
3445 4107 3530 4160 in-

1945 4197 2107 4252 ﬂicta:
2144 4215 2158 4251 :
2190 4213 2316 4252 nam
2369 4206 2425 4254 et
2464 4197 2809 4252 maledictam
2853 4207 3052 4254 terram
3095 4198 3356 4265 incoluit;
3413 4206 3526 4252 tum

1945 4287 2191 4342 eamdem
2223 4282 2469 4342 exercuit
2505 4305 2517 4341 :
2555 4287 2774 4341 intuens
2805 4288 3055 4357 lugebat,
3089 4288 3375 4353 tremebat,
3407 4304 3530 4344 sese

1946 4380 2191 4434 onmium
2224 4380 2568 4436 subducebat
2591 4381 2790 4443 oculis.
2816 4395 3148 4451 quocunque
3170 4389 3530 4450 pt'mtet'ettnle

250 4469 600 4540 εὖηρέστησιε
639 4469 722 4539 τῷ
772 4469 912 4540 Θεῷ,
949 4471 1042 4523 καὶ
1091 4469 1166 4533 ὼς
1218 4472 1362 4532 σῖτος
1410 4468 1685 4532 ζιζανίων,
1734 4467 1847 4520 τῶν

1948 4470 2256 4540 trepidabat
2282 4472 2508 4537 anxius;
2545 4480 2697 4527 certo
2741 4472 2977 4542 denique
3006 4472 3162 4541 signo
3192 4473 3410 4542 publice
3448 4481 3530 4527 est

249 4559 481 4612 ἀσεϐῶν
514 4559 810 4632 ἐχωρίσθη.
874 4559 1048 4613 Ἑπτὰ
1085 4559 1145 4611 τὸ
1187 4557 1426 4629 πρῶτον,
1458 4558 1551 4610 καὶ
1593 4556 1732 4609 ἑπτὰ

249 4648 516 4722 δεύτερον
558 4650 652 4721 ἐτη
698 4650 827 4721 περὶ
865 4649 1072 4720 Ῥαχὴλ
1125 4647 1326 4701 Ἰακὼϐ
1357 4646 1434 4717 τῷ
1471 4646 1656 4700 Λάϐαν
1700 4643 1847 4702 ἐδού-

254 4739 472 4794 λευσεν.
519 4740 692 4794 Ἑπτὰ
729 4740 1018 4811 προϐάτων
1062 4740 1267 4808 ἀμνοὺς
1310 4737 1560 4810 Ἀϐραὰμ
1591 4737 1670 4810 τῷ
1708 4738 1850 4790 Ἀδι-

258 4829 436 4902 μὲλεχ
483 4825 785 4901 ἐχαρίσατο
827 4829 928 4900 τῆς
973 4827 1066 4881 τοῦ
1101 4828 1334 4900 φρέατος
1365 4827 1682 4890 δεσποτείας
1715 4842 1849 4897 μαρ-

255 4920 472 4991 τύριον.
543 4921 717 4975 Ἑπτὰ
777 4920 896 4990 βόες
950 4919 1097 4972 στίλε
1154 4918 1316 4989 λιμοῦ
1368 4918 1510 4989 (92),
1569 4918 1663 4970 καὶ
1707 4916 1845 4970 ἑπτὰ

253 5014 496 5083 στάχυες
522 5011 751 5076 πίνακες
781 5011 1037 5083 εὐθηνίαν
1070 5011 1389 5082 διέγραψαν,
1420 5010 1513 5062 τοῦ
1552 5009 1752 5079 Φαραὼ
1786 5008 1847 5062 τὸ

254 5102 535 5158 ινῦπνιον.
583 5101 756 5155 Ἑπτὰ
779 5101 1087 5170 σάλπιγγας
1118 5101 1272 5172 ἱερὰς
1303 5101 1601 5154 ἐϐάστασεν
1643 5100 1848 5170 Ἰησοῦς

249 5194 292 5248 ὁ
323 5193 416 5247 τοῦ
463 5193 648 5265 Ναυῆ,
697 5193 937 5264 ὁπηνίκα
977 5193 1078 5266 τῆς
1135 5193 1346 5265 Ίεριχῶ
1396 5192 1464 5246 τὰ
1512 5192 1664 5262 τείχη
1709 5209 1846 5245 κατε

251 5283 515 5354 ἦνεγκεν.
565 5283 810 5354 Ἐὅδόμῳ
843 5283 956 5337 ἔτει
985 5285 1086 5354 τῆς
1123 5284 1367 5348 δουλείας
1407 5285 1690 5355 Ἐϐραίους
1720 5285 1850 5339 ἀπο-

341 5441 541 5497 ‘lCor.
569 5457 626 5508 ν,
659 5441 715 5496 6.
791 5441 860 5495 ἰ
893 5441 1035 5496 Tim.
1080 5458 1162 5505 ιιι.
1197 5441 1284 5496 l6.

365 5667 451 5725 89)
486 5667 547 5722 F.
573 5667 839 5725 ἕλκουσιν.

362 5740 448 5809 90)
478 5737 598 5794 iluc
627 5753 824 5794 revoca
849 5740 1133 5811 sequentia
1157 5741 1236 5795 ἐν).
1258 5740 1455 5795 αὐτῶν.

342 5599 451 5733 (88ζ
480 5597 543 5655 F.
575 5598 775 5670 δείλης.

342 5667 430 5733 (89
486 5667 547 5722 Ρ.
573 5668 775 5722 ἕλκουσι

1784 4531 1920 4608 τδθ

1949 4560 2192 4631 agnitus.
2229 4560 2508 4630 Septimus
2552 4557 2739 4614 Enoclt
2783 4561 2851 4613 ab
2892 4559 3104 4614 Adamo
3137 4559 3342 4629 placuit
3390 4557 3526 4622 Deo,

1950 4666 2016 4705 ac
2057 4651 2202 4706 velut
2241 4651 2490 4704 triticum
2519 4664 2549 4702 a
2584 4650 2813 4704 zizaniis
2839 4659 3125 4719 separatus
3149 4658 3252 4704 est.
3285 4649 3528 4702 Primum

1949 4757 2125 4796 annos
2147 4749 2386 4811 septem;
2422 4739 2551 4795 inde
2586 4750 2792 4812 septem
2825 4742 2966 4794 alios
3007 4741 3079 4795 ob
3119 4739 3410 4795 Rachelcm
3439 4738 3529 4793 Ja-

1948 4833 2051 4888 cob
2083 4832 2272 4888 serviit
2301 4831 2511 4886 Laban.
2563 4831 2781 4901 Septem
2825 4833 3006 4886 ovium
3061 4846 3232 4902 agnos
3277 4831 3525 4885 Abraha-

1950 4941 2071 4980 mus
2105 4923 2462 4979 Abimelecbo
2491 4924 2721 4995 largitus
2745 4933 2850 4990 est,
2875 4925 2930 4978 in
2961 4924 3330 4979 testimonium
3359 4922 3524 4991 juris,

1953 5017 2100 5086 quod
2133 5017 2186 5070 in
2216 5023 2438 5086 puteum
2482 5015 2738 5072 habebat.
2794 5018 3012 5086 Septem
3055 5015 3219 5072 boves
3258 5014 3526 5084 strigoszn,

1953 5106 2152 5163 famem
2176 5125 2191 5174 ;
2222 5117 2428 5177 septem
2455 5109 2619 5177 spicae
2653 5109 2846 5178 plenae,
2872 5107 3207 5163 fertilitatem
3233 5107 3287 5159 in
3315 5105 3530 5160 somnio

1956 5197 2052 5252 illo
2093 5196 2398 5255 Pharaonis
2439 5201 2859 5256 adumbrabant.
2902 5198 3117 5271 Septem
3148 5198 3306 5253 tubas
3341 5211 3530 5254 sacras

1953 5286 2115 5344 Jesus
2143 5288 2291 5346 Nave
2323 5291 2469 5348 filius
2493 5291 2635 5357 tulit,
2669 5291 2888 5366 quando
2910 5289 3319 5348 Jerichuntinos
3341 5303 3530 5345 muros

2019 5596 2129 5664 (9i)
2161 5595 2285 5665 Haec
2320 5603 2576 5665 corrupta
2605 5604 2754 5650 sunt.

1987 5667 2130 5791 te"?
2164 5664 2221 5720 F.
2271 5664 2698 5736 λεπταὶίλιμοῦ.
2751 5664 3000 5738 Sequens
3050 5669 3280 5734 πίνακες
3335 5687 3527 5728 corru-

2010 5753 2041 5791 u
2105 5772 2123 5790 .

1946 5753 2123 5807 ptum.
