3948 6196
371 259 473 316 5‘23

1654 266 1856 320 DUBlA
1883 262 2022 318 AUT
2066 256 2335 319 SPURIA.

3495 248 3606 306 5‘26

370 378 772 448 Scripturarum
808 371 1170 442 scaturigines
1191 370 1372 425 statim
1406 368 1655 440 confuge,
1691 377 1937 422 sanctam

2062 385 2166 432 ξων,
2197 367 2364 437 ἧγουν
2392 368 2476 420 ἐπὶ
2507 368 2629 430 τοὺς
2653 366 2908 438 κρουνοὺς
2942 363 3044 417 τῶν
3074 361 3302 433 Γρηῶν
3331 363 3487 428 (κατὰ
3508 370 3602 428 τάς

366 470 618 523 videlicet
666 465 892 536 gratiam
931 459 1408 532 (quemadmodum
1444 461 1722 529 prephetze
1772 458 1942 510 inter-

2062 457 2444 528 ;ρμηνευοὺσας
2478 458 2852 530 προφητείας),
2887 458 2981 510 καὶ
3023 456 3110 508 πίε
3145 456 3279 526 ὕδωρ
3311 455 3613 520 ζῶν,τουτ-

371 559 674 629 pretantur)
704 555 876 610 hauri.
911 552 1044 606 Nam
1075 552 1120 606 si
1155 551 1528 622 paenitentiam
1545 550 1743 619 egeris,
1769 550 1836 604 ab
1857 565 1939 614 ea,

373 651 566 704 lterum
601 648 772 701 deleto
798 644 1014 714 penitus
1049 652 1292 711 peccato,
1332 639 1698 711 reparaberis.

1019 837 1168 891 CAP.
1211 835 1298 891 Vl.

1006 928 1081 981 De
1121 928 1323 997 aquila.

442 1045 636 1115 Aquila
669 1045 952 1099 volucrum
985 1041 1196 1112 regina,
1227 1056 1257 1094 a
1289 1038 1608 1110 longissima
1636 1036 1748 1092 vita
1781 1034 1948 1090 deno-

373 1134 724 1189 minationem
751 1131 947 1201 accipit
969 1147 982 1194 ;
1008 1130 1141 1184 vivit
1169 1129 1312 1183 enim
1340 1143 1512 1183 annos
1540 1134 1777 1181 centum.
1807 1123 1942 1179 Cum

374 1240 501 1280 vero
540 1223 810 1285 senescit,
849 1230 1086 1276 rostrum
1121 1221 1170 1274 ei
1217 1221 1556 1282 ineurvatur,
1602 1216 1946 1286 caligantque

373 1316 538 1378 oculi,
574 1314 646 1368 ita
678 1320 736 1366 ut
775 1325 874 1365 nec
910 1309 1092 1364 videre
1140 1308 1335 1379 possit,
1366 1322 1465 1362 nec
1507 1305 1687 1360 cibum
1729 1317 1942 1372 capere.

373 1409 540 1478 igitur
575 1407 632 1461 in
676 1406 845 1459 altum
879 1417 1000 1459 sese
1033 1403 1252 1466 attollit,
1301 1408 1356 1456 et
1404 1401 1458 1455 in
1506 1407 1833 1469 prairuptam
1888 1409 1946 1450 se

376 1495 591 1563 projieit
634 1507 842 1562 rupem,
879 1491 944 1546 ad
979 1505 1144 1560 quam
1177 1498 1416 1546 rostrum
1451 1489 1643 1554 allidit,
1676 1495 1731 1542 et
1763 1501 1823 1541 se
1851 1485 1946 1539 fri-

374 1583 514 1651 gidis
539 1579 1004 1651 immergitaquis,
1035 1577 1404 1647 adversusque
1436 1576 1642 1632 solares
1676 1573 1860 1628 radios
1889 1587 1948 1626 se

2045 551 2158 603 ἐστι
2203 550 2264 603 τὸ
2321 551 2471 619 ἅγιον
2521 551 2710 620 δῶρον.
2759 549 3040 602 Κοινωνῶν
3079 548 3186 619 γὰρ
3221 549 3277 600 ἐν
3325 548 3607 618 μετανοίᾳ,

2046 639 2324 712 ἀνανεώσῃ
2350 641 2544 693 σαυτὸν
2571 639 2756 693 λοιπὸν
2787 639 2878 692 διὰ
2907 639 3004 709 τῆς
3031 639 3224 708 αὐτῆς,
3253 638 3346 691 καὶ
3385 637 3623 690 τεθανα-

2044 733 2344 802 τωθήσεται
2368 733 2400 801 ἡ
2430 733 2694 804 ἁμαρτία.

2687 846 2844 898 xm.
2887 847 2982 910 εῖν.

2578 933 2716 1002 Περὶ
2750 933 2855 986 τοῦ
2884 931 3078 986 ἀετοῦ.

2119 1025 2272 1078 Ἐστι
2307 1025 2414 1097 γὰρ
2443 1025 2470 1077 ὀ
2501 1024 2657 1086 ἀετὸς
2690 1023 2934 1092 βασιλεὺς
2959 1023 3064 1074 τῶν
3084 1020 3305 1092 ὀρνέων.
3339 1021 3520 1086 ’Δετδς
3556 1023 3617 1076 δὲ

2048 1118 2288 1171 καλεῖται
2315 1117 2400 1170 διά
2431 1115 2528 1187 τὴν
2563 1115 2849 1168 πολυετίαν
2890 1113 3083 1167 αὑτοῦ·
3117 1109 3268 1176 οὗτος
3303 1114 3397 1182 μὲν
3427 1113 3491 1184 ζῇ
3516 1113 3615 1183 ἔτη

2047 1211 2258 1263 ἑκατόν.
2311 1209 2419 1261 Kal.
2467 1208 2807 1278 γηράσαντος
2846 1204 3148 1274 γρυποῦται
3196 1205 3224 1256 ὀ
3268 1203 3617 1274 προμυκτὴρ,

2047 1303 2140 1354 καὶ
2168 1299 2610 1371 ἀμϐλυώττουσιν
2645 1299 2694 1350 οἱ
2731 1293 2996 1365 ὀφθαλμοὶ
3029 1293 3210 1354 αὑτοῦ,
3242 1294 3332 1345 τοῦ
3360 1294 3433 1362 μὴ
3459 1293 3617 1363 ὀρᾷν,

2048 1393 2141 1445 καὶ
2172 1391 2270 1443 οὐκ
2305 1388 2475 1460 ίσχύει
2516 1391 2729 1456 φαγεῖν.
2769 1385 3078 1455 ’Λνέρχεται
3112 1383 3168 1436 δὲ
3207 1385 3284 1446 εἰς
3312 1382 3615 1451 secuta-1,

2047 1483 2140 1534 καὶ
2173 1480 2349 1552 ῥίπτει
2378 1479 2566 1533 ἑαυτὸν
2594 1477 2685 1530 ἐπὶ
2712 1475 3018 1547 ἀκροτόμω
3050 1474 3274 1544 πέτρας,
3307 1473 3582 1542 προσκροὺ
3605 1504 3616 1510 -

2050 1590 2144 1637 σας
2175 1573 2311 1643 αὑτῇ
2358 1572 2418 1623 τὸ
2467 1569 2702 1641 ῥάμφος,
2751 1568 2845 1621 καὶ
2891 1565 3103 1619 λούεται
3147 1567 3226 1628 εἰς
3272 1564 3370 1635 τὴν
3403 1563 3618 1633 ψυχράν

376 1671 620 1742 opponit,
667 1679 908 1740 tuncque
941 1685 1005 1723 ex
1059 1669 1232 1724 oculis
1277 1667 1481 1722 cadunt
1527 1666 1839 1737 lippidincs,
1881 1678 1944 1717 ac

2062 1667 2263 1735 ιίμνην,
2295 1665 2389 1717 καὶ
2433 1662 2664 1732 κάθηται
2714 1658 2854 1712 κατά
2898 1658 2960 1711 τὸ
3005 1657 3227 1728 ἡλιακὸν
3265 1655 3480 1727 θερμόν.
3519 1651 3617 1705 Πί-

377 1766 574 1819 iterum
603 1764 926 1834 iuvenescit.

977 1940 1364 2008 Inlarpretutio.

451 2037 528 2092 Tu
563 2038 744 2108 igitur,
788 2053 820 2090 ο
864 2034 1164 2105 spiritualis
1212 2034 1392 2091 homo,
1437 2043 1559 2083 cum
1601 2025 1947 2081 multitudine

379 2134 724 2196 peccatorum
771 2124 938 2178 lueris
991 2135 1309 2190 oppressus,
1363 2118 1413 2171 in
1477 2117 1644 2170 altum
1692 2114 1946 2179 ascende,

379 2219 480 2271 hoc
531 2223 614 2270 est
655 2214 709 2268 iu
749 2221 895 2265 luant
946 2210 1118 2279 ipsius
1156 2206 1566 2268 conscientiam,
1607 2214 1768 2274 atque
1805 2211 1855 2257 te
1881 2203 1947 2256 ad

380 2319 632 2375 petram,
681 2304 888 2360 scilicet
939 2301 1007 2354 ad
1076 2298 1232 2352 fidem
1302 2296 1659 2350 orthodoxam
1723 2294 1946 2363 projice,

380 2400 515 2451 delle
565 2402 908 2464 peccatorum
957 2399 1172 2443 tuorum
1207 2386 1632 2448 multitudinem,
1671 2396 1722 2439 et
1754 2399 1946 2454 perpe-

377 2489 484 2542 tuis
513 2495 565 2540 te
597 2484 772 2553 aquis,
809 2478 862 2534 id
898 2489 979 2535 est
1011 2477 1288 2547 lacrymis,
1329 2477 1665 2544 abstergens,
1695 2476 1826 2530 solis
1862 2489 1949 2528 ra-

377 2577 482 2631 diis
509 2573 798 2637 incalesce,
835 2574 934 2624 hoc
964 2575 1046 2624 est
1087 2569 1142 2622 in
1181 2577 1324 2622 cmtu
1357 2566 1612 2630 ﬁdelium,
1639 2574 1691 2620 et
1712 2566 1784 2619 .iu
1818 2580 1947 2620 san-

379 2673 470 2718 (to
518 2662 723 2732 Spiritu
766 2660 832 2716 ad
864 2660 1098 2714 calorem
1148 2655 1478 2726 pmniteutia:
1510 2667 1758 2724 propera,
1793 2653 1950 2724 lippi-

377 2752 556 2817 dines,
585 2753 638 2806 id
667 2761 750 2808 est
803 2757 1023 2821 peccata
1067 2748 1265 2818 abjice,
1308 2746 1492 2803 statim
1529 2746 1672 2800 enim
1718 2759 1948 2800 renova-

378 2846 525 2902 bitur
575 2855 632 2899 ut
689 2844 882 2914 aquibe
920 2841 1179 2912 juventus
1212 2848 1324 2904 tua,
1363 2847 1416 2893 et
1447 2837 1632 2907 justus
1668 2834 1950 2892 vocaberis

382 2940 522 3010 apud
552 2938 742 2993 Deum.

1013 3021 1162 3076 CAP.
1204 3019 1312 3074 Vll.

982 3110 1057 3164 De
1098 3111 1317 3163 vulture.

459 3228 652 3280 Vultur
684 3225 893 3279 cunctis
929 3222 1121 3276 avibus
1156 3221 1402 3274 voracior
1439 3229 1523 3275 est
1550 3238 1564 3285 ;
1595 3220 1953 3291 quadraginta

383 3319 524 3372 enim
559 3316 749 3370 diebus
789 3313 910 3366 cibo
954 3311 1207 3374 abstinet,
1238 3325 1396 3380 quem
1443 3325 1566 3364 cum
1599 3309 1824 3372 invenit,
1857 3316 1956 3362 tut-

385 3407 524 3459 idem
577 3417 635 3458 se
684 3418 750 3457 ex
797 3401 889 3455 illo
933 3399 1088 3455 libris
1135 3397 1448 3467 ingurgitat,
1488 3397 1670 3466 itaque
1719 3396 1953 3466 quadra-

383 3494 655 3566 genariam
688 3491 1070 3547 abstinentiam
1095 3487 1523 3558 quadragenaria
1555 3488 1791 3557 ingluvie
1815 3503 1953 3542 com-

384 3594 592 3654 pensat.

969 3691 1364 3759 luterprclatio.

454 3783 534 3839 Tu
580 3783 764 3855 igitur,
811 3783 1114 3853 spiritualis
1150 3782 1328 3848 homo,
1361 3781 1452 3851 qui
1501 3781 1552 3835 in
1604 3781 1958 3852 quadragesi-

383 3875 508 3928 mali
537 3873 744 3943 jejunio
793 3871 1126 3927 Dominicam
1152 3873 1600 3927 resurrectionem
1647 3880 1953 3942 exspectas,

384 3965 493 4018 noli
552 3961 726 4018 ventri
777 3960 919 4017 finde
980 3962 1292 4032 indulgere,
1350 3979 1414 4015 ne
1467 3960 1954 4035 quadragesimalis

383 4057 723 4113 abstinentiae
756 4057 1006 4112 meritum
1037 4056 1250 4124 perdas.

1009 4168 1160 4218 (ΣΗ).
1201 4166 1331 4219 \'l.l.

1011 4257 1080 4306 Ile
1109 4258 1366 4322 pelicuun.

453 4351 568 4404 Prae
628 4348 882 4404 omnibus
937 4347 1248 4399 volucribus
1311 4346 1585 4414 pelicanns
1645 4347 1815 4414 prolis
1871 4356 1952 4400 est
1987 4369 2025 4421 ι)

385 4454 593 4501 amans,
631 4437 837 4491 letnina
896 4435 1022 4490 nido
1063 4435 1304 4499 incubat,
1363 4435 1536 4504 pullos
1589 4449 1718 4490 suos
1769 4445 1951 4489 custo-

383 4530 559 4593 diens,
603 4529 859 4597 ipsosque
910 4525 1056 4581 fovet
1103 4525 1608 4595 complectiturque.
1663 4536 1716 4578 ct
1770 4526 1951 4578 nimiis

384 4619 586 4675 osculis
623 4618 848 4680 sauciat,
898 4615 1136 4686 perforat
1185 4615 1364 4685 itaque
1416 4617 1627 4671 illorum
1669 4617 1857 4678 latera,
1897 4625 1950 4669 et

383 4715 460 4768 illi
496 4712 820 4768 moriuntur.
855 4709 983 4765 Post
1011 4717 1123 4766 tres
1157 4724 1285 4765 vero
1312 4709 1428 4764 dles
1475 4709 1683 4764 accedit
1707 4721 1825 4762 mas
1861 4723 1950 4776 pe-

385 4807 617 4866 lieanus,
651 4811 705 4856 et
738 4811 980 4858 mortuos
1005 4802 1214 4856 invenit
1246 4802 1439 4871 pullos,
1468 4810 1521 4854 et
1548 4800 1699 4853 valde
1737 4800 1953 4867 angitur

384 4894 678 4962 doloreque
735 4893 999 4961 impulsus
1051 4891 1328 4960 proprium
1401 4892 1538 4944 latus
1605 4889 1834 4957 percutit
1890 4904 1952 4942 ac

384 4986 638 5048 terebrat,
665 4991 988 5050 emanatun
1028 4982 1270 5051 sanguis,
1315 4996 1470 5050 quem
1511 4995 1674 5048 super
1711 4991 1950 5034 mortuo-

385 5089 501 5126 rum
533 5072 799 5143 pullorum
832 5070 1054 5124 vulnera
1088 5069 1335 5132 instillat,
1377 5069 1466 5137 qui
1513 5068 1589 5121 sic
1637 5068 1757 5120 vita:
1790 5069 1949 5121 resti-

384 5175 626 5218 Hlllllllll'.

978 5447 1003 5500 Ι
1013 5450 1366 5515 ulerpretatio.

458 5535 546 5589 Sic
583 5537 840 5594 Dominus
881 5548 1065 5595 uoster
1099 5539 1258 5593 .lesus
1293 5537 1565 5600 Christus,
1615 5537 1770 5602 cujus
1812 5535 1949 5586 latus

389 5621 568 5676 laurea
597 5628 832 5691 aperuit,
854 5629 1219 5695 continuoque
1259 5625 1480 5694 sanguis
1512 5632 1562 5677 et
1594 5638 1731 5690 aqua
1762 5623 1946 5686 exivit,

2050 1771 2240 1809 πτουσι
2288 1753 2342 1806 δὲ
2371 1753 2586 1814 λεπίδες
2619 1749 2725 1804 ἀπὸ
2759 1749 2866 1802 τῶν
2895 1747 3208 1819 ὀφθαλμῶν,
3249 1747 3340 1799 καὶ
3375 1746 3532 1800 πάλιν
3563 1747 3618 1807 ἐς

2051 1845 2198 1909 νέους
2235 1843 2405 1897 τελεῖν
2433 1843 2676 1912 ἄρχεται.

2672 1931 3008 2001 Ἐρμηνείίι.

2119 2026 2229 2078 Kal.
2273 2027 2335 2078 σὺ
2381 2020 2494 2090 οὖν,
2519 2024 2674 2096 νοητὲ
2706 2024 2981 2096 ἄνθρωπε,
3017 2023 3142 2076 ὅταν
3175 2020 3342 2074 πολλὰ
3381 2021 3618 2091 ἁμαρτή-

2053 2132 2171 2187 σῃς,
2202 2115 2390 2171 ἄνελθε
2422 2118 2501 2178 εἰς
2543 2115 2696 2184 ὕψος,
2724 2114 3002 2167 τουτέστιν
3026 2114 3104 2176 είς
3133 2112 3193 2165 τὸ
3231 2112 3463 2175 συνειδὸς
3501 2129 3618 2174 σου,

2052 2210 2145 2262 καὶ
2180 2209 2334 2279 ῥίψον
2370 2210 2428 2262 σὲ
2468 2207 2609 2261 κατά
2659 2207 2882 2277 πέτραν,
2914 2207 3082 2276 ἤγουν
3105 2207 3184 2268 εἰς
3221 2206 3321 2276 τὴν
3344 2204 3622 2273 ὀρθόδοξολ

2052 2302 2251 2366 πίστιν,
2290 2299 2517 2354 κλαῦσον
2564 2299 2624 2350 τὸ
2670 2298 2872 2367 πλῆθος
2901 2297 3006 2352 τῶν
3036 2297 3316 2367 ἁμαρτιῶν
3361 2313 3474 2348 σου.
3529 2293 3620 2346 Ἶ-ἶν

2050 2393 2114 2460 τῇ
2139 2390 2301 2460 λίμνῃ
2333 2389 2692 2459 καθαρίσθητι
2719 2391 2838 2452 ταῖς
2865 2389 3187 2460 δακρμροαῖς
3237 2404 3349 2439 σου.
3381 2386 3623 2456 Θερμάν-

2051 2475 2173 2546 θητι
2203 2477 2344 2528 κατά
2395 2473 2485 2528 τὸν
2527 2475 2698 2545 ἣλιον,
2743 2477 2910 2545 ῆγουν
2949 2475 3094 2528 κατά
3133 2476 3233 2545 τὴν
3276 2475 3620 2544 Ἐκκλησίαν,

2051 2568 2144 2618 καὶ
2177 2565 2316 2619 κατά
2361 2564 2420 2619 τὸ
2462 2565 2616 2633 ἅγιον
2662 2565 2911 2635 Πνεῦμα,
2953 2565 3185 2618 σπεῦσον
3231 2565 3328 2635 τὴν
3358 2566 3624 2634 ταχίστην

2051 2658 2141 2709 ἐπὶ
2173 2657 2270 2727 τὴν
2303 2655 2510 2727 θέρμην
2546 2658 2642 2725 τῆς
2671 2656 2978 2726 μετανοίας.
3034 2655 3215 2724 Ῥίψον
3247 2657 3356 2708 ἀπὸ
3387 2655 3476 2708 σοῦ
3520 2655 3625 2716 τάς

2051 2748 2291 2812 λεπίδας,
2317 2750 2412 2812 τὰς
2451 2749 2744 2820 ἁμαρτίας,
2784 2750 2878 2803 καὶ
2906 2749 3065 2804 πάλιν
3091 2746 3624 2818 ἀνακαινισθήσεται,

2050 2840 2124 2903 ὡς
2161 2839 2403 2909 ἀετοῦ,ὴ
2445 2840 2630 2909 νεότης
2674 2857 2786 2904 σου,
2821 2842 2913 2894 καὶ
2954 2841 3157 2903 δίκαιος
3205 2840 3444 2912 ὀνομάσῃ
3469 2839 3630 2909 παρὰ

2051 2931 2126 3003 τῷ
2157 2931 2294 3001 Θεῷ.

2707 3026 2862 3079 ΚΕΦ.
2904 3029 2978 3080 Ζ’.

2568 3115 2706 3183 Περὶ
2747 3114 2852 3168 τοῦ
2881 3116 3090 3183 γυπός.

2138 3223 2193 3277 Ὀ
2231 3223 2341 3292 γὺψ
2372 3223 2555 3294 ὅρνεόν
2588 3225 2703 3277 ἐστι
2723 3226 2787 3294 τῇ
2815 3225 2952 3294 ἥττῃ
2973 3224 3074 3293 τῆς
3098 3225 3331 3295 γαστρὸς
3354 3224 3420 3277 τά
3443 3223 3627 3278 πάντα

2056 3313 2495 3385 ὑπερακοντίζον.
2546 3309 2710 3378 Οὗτος
2753 3314 3025 3368 ἀπαστίαν
3064 3316 3186 3383 ἄγει
3216 3316 3631 3386 τεσσαράκοντα

2053 3403 2162 3457 τῶν
2205 3402 2448 3473 ἡμερῶν,
2494 3404 2560 3474 ἢν
2603 3403 2659 3456 δὲ
2707 3402 2886 3473 λαχὼν
2954 3401 3081 3470 τύψι
3148 3405 3264 3473 (sic)
3309 3404 3629 3474 ἐδέσμασιν,

2054 3493 2222 3548 ὲσθίει
2269 3493 2458 3564 λίτρας
2483 3493 2902 3565 τεσσαράκοντα,
2935 3494 3028 3547 καὶ
3063 3494 3364 3563 ἀναπληροῖ
3383 3494 3475 3563 τὴν
3503 3494 3628 3548 τῶν

2053 3586 2456 3658 τεσσαράκοντα
2487 3585 2706 3657 ἡμερῶν
2732 3586 2965 3639 ἀσιτίαν.

2689 3701 3018 3768 Ἑρμηνεία.

2128 3791 2234 3846 Καὶ
2260 3791 2346 3855 σὺ,
2373 3791 2530 3861 νοητὲ
2560 3791 2834 3862 ἄνθρωπε,
2862 3790 2920 3854 ὃς
2945 3791 3216 3844 ἀπαστίαν
3246 3787 3376 3862 ἦγες
3409 3790 3640 3860 ἡμέρας

2055 3883 2479 3954 τεσσαράκοντα,
2514 3881 2820 3953 προκρίνων
2843 3883 2942 3954 τὴν
2962 3882 3052 3936 τοῦ
3081 3883 3285 3952 Κυρίου
3307 3881 3628 3944 ἀνάστασιν,

2059 3973 2134 4044 μὴ
2180 3971 2341 4046 θέλῃς
2376 3971 2786 4043 γαστριμαργίᾳ
2841 3971 3140 4042 σχολάζειν,
3179 3972 3267 4026 ἵνα
3301 3971 3374 4042 μὴ
3413 3970 3640 4025 ἀποϐά-

2056 4066 2153 4138 λῃς
2182 4063 2278 4135 τὴν
2306 4064 2411 4116 τῶν
2450 4063 2857 4134 τεσσαράκοντα
2887 4063 3108 4134 ἡμερῶν
3138 4061 3400 4134 νηστείαν.

2699 4175 2856 4229 ΚΕΦ.
2901 4177 2981 4228 ﬂ’.

2505 4264 2642 4332 Περὶ
2675 4263 2785 4331 τῆς
2815 4263 3163 4329 πελεκᾶνος.

2129 4354 2282 4407 Ἐστι
2338 4354 2444 4423 γάρ
2489 4355 2522 4422 ἡ
2587 4353 2823 4408 πελεκάν
2872 4353 3184 4422 φιλότεκνον
3236 4353 3418 4424 ὄρνεον
3467 4357 3636 4424 παρά

2057 4443 2232 4496 πάντα
2256 4443 2324 4495 τά
2355 4442 2535 4512 ὅρνεα.
2576 4443 2638 4496 Ἡ
2663 4443 2721 4496 δὲ
2758 4443 2947 4514 θήλεια
2979 4443 3265 4506 καθέζεται
3293 4445 3351 4496 ὲν
3375 4446 3438 4514 τῇ
3472 4461 3636 4498 νεοτ-

2054 4535 2150 4602 τιᾷ
2201 4532 2546 4602 φυλάσσουσα
2602 4533 2673 4585 τά
2723 4534 2910 4598 τέκνα,
2969 4535 3064 4588 καὶ
3110 4534 3431 4603 περιθάλπει
3477 4535 3634 4589 αὑτά

2056 4623 2406 4691 ἀσπαζομένη
2458 4623 2550 4674 καὶ
2603 4622 2969 4691 κολαφίζουσα
3023 4626 3081 4677 ὲν
3139 4624 3421 4694 φιλήματι,
3478 4623 3636 4687 ὀπὰς

2052 4716 2171 4775 ταῖς
2220 4711 2481 4780 πλευραῖς
2534 4715 2951 4783 κατεργάζεται,
3008 4715 3102 4768 καὶ
3148 4714 3454 4766 τελευτῶσι.
3509 4715 3636 4767 Καὶ

2056 4802 2174 4871 μεθ’
2202 4801 2413 4872 ἡμέρας
2456 4804 2622 4872 τρεῖς,
2657 4804 3101 4874 παραγενομένου
3136 4803 3229 4856 τοῦ
3263 4803 3486 4873 ἄρρενος
3520 4819 3634 4855 πε-

2053 4891 2290 4952 λεκᾶνος,
2327 4889 2420 4942 καὶ
2457 4889 2796 4958 εὑρίσκοντος
2829 4891 2968 4944 αὐτά
3007 4891 3323 4961 τεθνηκότα,
3357 4889 3633 4958 ὀλοφύρε-

2052 4996 2137 5031 ται
2168 4979 2266 5049 τὴν
2301 4979 2526 5050 καρδίαν
2571 4977 2710 5031 λίαν.
2748 4979 3136 5050 Πεπληγμένος
3181 4980 3238 5032 δὲ
3286 4979 3381 5032 τοῦ
3427 4979 3630 5042 πόνου,

2052 5068 2327 5136 κολαφίζει
2380 5070 2480 5138 τὴν
2516 5068 2648 5122 ἰδίαν
2699 5069 2957 5137 πλευράν,
3013 5070 3108 5122 καὶ
3153 5068 3290 5133 ὀπάς
3335 5069 3469 5138 αὐτῇ
3511 5069 3631 5138 ἑμ-

2052 5161 2212 5222 ποιεῖ,
2247 5159 2340 5211 καὶ
2377 5160 2644 5229 καταρρεῖ
2685 5155 2845 5230 αἷμα,
2881 5161 3186 5224 ἐπιστάζων
3220 5161 3310 5213 ἐπὶ
3341 5159 3438 5222 τάς
3475 5158 3629 5229 πλη-

2049 5249 2150 5317 γάς
2216 5247 2326 5300 τῶν
2374 5249 2712 5317 τεθνηκότων
2773 5251 3038 5312 νεοσσῶν,
3092 5251 3184 5302 καὶ
3256 5249 3425 5310 οὕτως
3482 5248 3632 5312 Cum.

2055 5356 2358 5392 ποιουνται.

2679 5442 3014 5518 Ἐρμηνεία.

2122 5537 2274 5589 Οὕτω
2309 5539 2398 5590 καὶ
2432 5540 2459 5589 ὀ
2492 5539 2695 5608 Κύριος
2722 5541 2875 5609 ἡμῶν
2920 5540 3128 5611 Ἰησοῦς
3159 5541 3407 5612 Χριστὸς,
3443 5539 3625 5611 λόγχη

2050 5627 2145 5693 τὴν
2177 5626 2411 5695 πλευράν
2451 5628 2614 5681 αὑτοῦ
2655 5628 2849 5694 ἤνοιξε,
2886 5632 2976 5684 καὶ
3001 5631 3199 5694 εὐθέως
3231 5630 3448 5694 ἐξῆλθεν
3481 5625 3625 5690 αἷμα
