  <div class='ocr_page' id='page_1' title='image "/cluster/home/n/w/nwhite01/storage/ocr_20150623/43/hvd.32044054272794/278.png"; bbox 0 0 3948 6196; ppageno 0'>
   <div class='ocr_carea' id='block_1_1' title="bbox 384 270 498 325">
    <p class='ocr_par' dir='ltr' id='par_1_1' title="bbox 384 270 498 325">
     <span class='ocr_line' id='line_1_1' title="bbox 384 270 498 325; baseline 0.009 -1"><span class='ocrx_word' id='word_1_1' title='bbox 384 270 498 325; x_wconf 67' lang='grc' dir='ltr'><strong>δ’ἓὸ</strong></span> 
     </span>
    </p>
   </div>
   <div class='ocr_carea' id='block_1_2' title="bbox 1755 274 2259 331">
    <p class='ocr_par' dir='ltr' id='par_1_2' title="bbox 1755 274 2259 331">
     <span class='ocr_line' id='line_1_2' title="bbox 1755 274 2259 331; baseline 0.004 -2"><span class='ocrx_word' id='word_1_2' title='bbox 1755 274 2259 331; x_wconf 54' lang='grc' dir='ltr'>ιλιιγδιοιυαυδ.</span> 
     </span>
    </p>
   </div>
   <div class='ocr_carea' id='block_1_3' title="bbox 3529 270 3633 322">
    <p class='ocr_par' dir='ltr' id='par_1_3' title="bbox 3529 270 3633 322">
     <span class='ocr_line' id='line_1_3' title="bbox 3529 270 3633 322; baseline -0.019 0"><span class='ocrx_word' id='word_1_3' title='bbox 3529 270 3633 322; x_wconf 68' lang='grc' dir='ltr'><strong>Ξὶἒὺ</strong></span> 
     </span>
    </p>
   </div>
   <div class='ocr_carea' id='block_1_4' title="bbox 382 377 1962 460">
    <p class='ocr_par' dir='ltr' id='par_1_4' title="bbox 382 377 1962 456">
     <span class='ocr_line' id='line_1_4' title="bbox 382 377 1962 456; baseline 0.001 -17"><span class='ocrx_word' id='word_1_4' title='bbox 382 386 478 439; x_wconf 76' lang='grc' dir='ltr'>καὶ</span> <span class='ocrx_word' id='word_1_5' title='bbox 508 384 674 454; x_wconf 80' lang='grc' dir='ltr'>ὕδωρ.</span> <span class='ocrx_word' id='word_1_6' title='bbox 727 383 1053 449; x_wconf 81' lang='grc' dir='ltr'>Ἐπέσταξεν</span> <span class='ocrx_word' id='word_1_7' title='bbox 1093 384 1155 436; x_wconf 84' lang='grc' dir='ltr'><strong>τὸ</strong></span> <span class='ocrx_word' id='word_1_8' title='bbox 1189 377 1325 454; x_wconf 72' lang='grc' dir='ltr'>αἷμα</span> <span class='ocrx_word' id='word_1_9' title='bbox 1355 383 1446 435; x_wconf 69' lang='grc' dir='ltr'>ἐπὶ</span> <span class='ocrx_word' id='word_1_10' title='bbox 1481 385 1608 448; x_wconf 82' lang='grc' dir='ltr'>τοὺς</span> <span class='ocrx_word' id='word_1_11' title='bbox 1640 385 1962 456; x_wconf 76' lang='grc' dir='ltr'>τεθνηκότας</span> 
     </span>
    </p>
   </div>
   <div class='ocr_carea' id='block_1_5' title="bbox 2077 377 3632 460">
    <p class='ocr_par' dir='ltr' id='par_1_5' title="bbox 2077 385 3632 460">
     <span class='ocr_line' id='line_1_5' title="bbox 2077 385 3632 460; baseline -0.001 -15"><span class='ocrx_word' id='word_1_12' title='bbox 2077 407 2229 460; x_wconf 75' lang='lat' dir='ltr'><strong>super</strong></span> <span class='ocrx_word' id='word_1_13' title='bbox 2259 398 2503 445; x_wconf 90' lang='lat' dir='ltr'><strong>mortuos</strong></span> <span class='ocrx_word' id='word_1_14' title='bbox 2525 390 2684 456; x_wconf 81' lang='lat' dir='ltr'><strong>ﬁlios,</strong></span> <span class='ocrx_word' id='word_1_15' title='bbox 2726 389 2827 442; x_wconf 86' lang='lat' dir='ltr'><strong>hoc</strong></span> <span class='ocrx_word' id='word_1_16' title='bbox 2854 398 2933 442; x_wconf 91' lang='lat' dir='ltr'><strong>est</strong></span> <span class='ocrx_word' id='word_1_17' title='bbox 2966 387 3227 441; x_wconf 85' lang='lat' dir='ltr'><strong>Adamum</strong></span> <span class='ocrx_word' id='word_1_18' title='bbox 3255 394 3308 442; x_wconf 88' lang='lat' dir='ltr'><strong>ct</strong></span> <span class='ocrx_word' id='word_1_19' title='bbox 3350 385 3511 440; x_wconf 81' lang='lat' dir='ltr'><strong>Evam</strong></span> <span class='ocrx_word' id='word_1_20' title='bbox 3534 403 3632 443; x_wconf 69' lang='lat' dir='ltr'><strong>cte-</strong></span> 
     </span>
    </p>
   </div>
   <div class='ocr_carea' id='block_1_6' title="bbox 383 475 1966 547">
    <p class='ocr_par' dir='ltr' id='par_1_6' title="bbox 383 475 1966 547">
     <span class='ocr_line' id='line_1_6' title="bbox 383 475 1966 547; baseline 0.002 -18"><span class='ocrx_word' id='word_1_21' title='bbox 383 478 910 544; x_wconf 51' lang='lat' dir='ltr'><strong>VEOGGOD;,TOU&quot;C€&#39;GII</strong></span> <span class='ocrx_word' id='word_1_22' title='bbox 930 476 1021 528; x_wconf 85' lang='grc' dir='ltr'><strong>τὸν</strong></span> <span class='ocrx_word' id='word_1_23' title='bbox 1068 475 1256 545; x_wconf 73' lang='grc' dir='ltr'>Ἀδάμ,</span> <span class='ocrx_word' id='word_1_24' title='bbox 1288 476 1383 528; x_wconf 75' lang='grc' dir='ltr'>καὶ</span> <span class='ocrx_word' id='word_1_25' title='bbox 1408 477 1503 547; x_wconf 84' lang='grc' dir='ltr'><strong>τὴν</strong></span> <span class='ocrx_word' id='word_1_26' title='bbox 1529 476 1692 540; x_wconf 77' lang='grc' dir='ltr'>Εὕαν,</span> <span class='ocrx_word' id='word_1_27' title='bbox 1720 481 1814 532; x_wconf 74' lang='grc' dir='ltr'><strong>καὶ</strong></span> <span class='ocrx_word' id='word_1_28' title='bbox 1840 482 1966 544; x_wconf 76' lang='grc' dir='ltr'>τοὺς</span> 
     </span>
    </p>
   </div>
   <div class='ocr_carea' id='block_1_7' title="bbox 385 566 1965 638">
    <p class='ocr_par' dir='ltr' id='par_1_7' title="bbox 385 566 1965 638">
     <span class='ocr_line' id='line_1_7' title="bbox 385 566 1965 638; baseline 0.003 -18"><span class='ocrx_word' id='word_1_29' title='bbox 385 567 611 630; x_wconf 78' lang='grc' dir='ltr'>λοιποὺς</span> <span class='ocrx_word' id='word_1_30' title='bbox 630 568 939 638; x_wconf 78' lang='grc' dir='ltr'>προφήτας,</span> <span class='ocrx_word' id='word_1_31' title='bbox 976 567 1070 620; x_wconf 73' lang='grc' dir='ltr'><strong>καὶ</strong></span> <span class='ocrx_word' id='word_1_32' title='bbox 1088 566 1180 619; x_wconf 76' lang='grc' dir='ltr'>ἐπὶ</span> <span class='ocrx_word' id='word_1_33' title='bbox 1197 567 1406 632; x_wconf 83' lang='grc' dir='ltr'><strong>πάντας</strong></span> <span class='ocrx_word' id='word_1_34' title='bbox 1433 569 1557 632; x_wconf 77' lang='grc' dir='ltr'>τοὺς</span> <span class='ocrx_word' id='word_1_35' title='bbox 1575 569 1851 635; x_wconf 78' lang='grc' dir='ltr'><strong>θανόντας,</strong></span> <span class='ocrx_word' id='word_1_36' title='bbox 1874 574 1965 625; x_wconf 71' lang='grc' dir='ltr'><strong>καὶ</strong></span> 
     </span>
    </p>
   </div>
   <div class='ocr_carea' id='block_1_8' title="bbox 387 656 1964 728">
    <p class='ocr_par' dir='ltr' id='par_1_8' title="bbox 387 656 1964 728">
     <span class='ocr_line' id='line_1_8' title="bbox 387 656 1964 728; baseline 0.003 -18"><span class='ocrx_word' id='word_1_37' title='bbox 387 659 622 725; x_wconf 67' lang='grc' dir='ltr'>ἐφώτισε</span> <span class='ocrx_word' id='word_1_38' title='bbox 650 657 750 726; x_wconf 84' lang='grc' dir='ltr'>τὴν</span> <span class='ocrx_word' id='word_1_39' title='bbox 774 656 1118 727; x_wconf 79' lang='grc' dir='ltr'><strong>οἰκουμένην,</strong></span> <span class='ocrx_word' id='word_1_40' title='bbox 1148 656 1242 710; x_wconf 78' lang='grc' dir='ltr'><strong>καὶ</strong></span> <span class='ocrx_word' id='word_1_41' title='bbox 1261 656 1624 728; x_wconf 83' lang='grc' dir='ltr'>ἐζωοποίησεν</span> <span class='ocrx_word' id='word_1_42' title='bbox 1653 661 1848 724; x_wconf 80' lang='grc' dir='ltr'>αὐτοὺς</span> <span class='ocrx_word' id='word_1_43' title='bbox 1877 663 1964 715; x_wconf 84' lang='grc' dir='ltr'>διὰ</span> 
     </span>
    </p>
   </div>
   <div class='ocr_carea' id='block_1_9' title="bbox 385 748 1964 820">
    <p class='ocr_par' dir='ltr' id='par_1_9' title="bbox 385 748 1964 820">
     <span class='ocr_line' id='line_1_9' title="bbox 385 748 1964 820; baseline 0.003 -18"><span class='ocrx_word' id='word_1_44' title='bbox 385 749 489 820; x_wconf 80' lang='grc' dir='ltr'>τῆς</span> <span class='ocrx_word' id='word_1_45' title='bbox 533 749 836 820; x_wconf 85' lang='grc' dir='ltr'>τριημέρου</span> <span class='ocrx_word' id='word_1_46' title='bbox 895 748 1108 818; x_wconf 75' lang='grc' dir='ltr'>ταφῆς,</span> <span class='ocrx_word' id='word_1_47' title='bbox 1161 750 1256 802; x_wconf 71' lang='grc' dir='ltr'><strong>καὶ</strong></span> <span class='ocrx_word' id='word_1_48' title='bbox 1303 749 1572 820; x_wconf 81' lang='grc' dir='ltr'>ὲγέρσεως</span> <span class='ocrx_word' id='word_1_49' title='bbox 1621 751 1806 806; x_wconf 79' lang='grc' dir='ltr'>αὑτοῦ.</span> <span class='ocrx_word' id='word_1_50' title='bbox 1865 755 1964 806; x_wconf 81' lang='grc' dir='ltr'><strong>Διὰ</strong></span> 
     </span>
    </p>
   </div>
   <div class='ocr_carea' id='block_1_10' title="bbox 384 837 1963 913">
    <p class='ocr_par' dir='ltr' id='par_1_10' title="bbox 384 837 1963 913">
     <span class='ocr_line' id='line_1_10' title="bbox 384 837 1963 913; baseline 0.004 -21"><span class='ocrx_word' id='word_1_51' title='bbox 384 839 543 892; x_wconf 75' lang='grc' dir='ltr'>τοῦτο</span> <span class='ocrx_word' id='word_1_52' title='bbox 576 840 804 912; x_wconf 75' lang='grc' dir='ltr'>ἐλάλησε</span> <span class='ocrx_word' id='word_1_53' title='bbox 838 839 924 893; x_wconf 85' lang='grc' dir='ltr'><strong>διά</strong></span> <span class='ocrx_word' id='word_1_54' title='bbox 951 839 1043 892; x_wconf 78' lang='grc' dir='ltr'>τοῦ</span> <span class='ocrx_word' id='word_1_55' title='bbox 1083 837 1365 912; x_wconf 83' lang='grc' dir='ltr'>Προφήτου</span> <span class='ocrx_word' id='word_1_56' title='bbox 1387 859 1399 871; x_wconf 92' lang='grc'>·</span> <span class='ocrx_word' id='word_1_57' title='bbox 1438 843 1763 913; x_wconf 80' lang='grc' dir='ltr'>Ὡμοιώθην</span> <span class='ocrx_word' id='word_1_58' title='bbox 1789 847 1963 898; x_wconf 81' lang='grc' dir='ltr'>πελε-</span> 
     </span>
    </p>
   </div>
   <div class='ocr_carea' id='block_1_11' title="bbox 388 930 836 1002">
    <p class='ocr_par' dir='ltr' id='par_1_11' title="bbox 388 930 836 1002">
     <span class='ocr_line' id='line_1_11' title="bbox 388 930 836 1002; baseline -0.004 -16"><span class='ocrx_word' id='word_1_59' title='bbox 388 931 522 989; x_wconf 78' lang='grc' dir='ltr'>κᾶνι</span> <span class='ocrx_word' id='word_1_60' title='bbox 560 930 836 1002; x_wconf 75' lang='grc' dir='ltr'>ἐρημικῷ.</span> 
     </span>
    </p>
   </div>
   <div class='ocr_carea' id='block_1_12' title="bbox 1034 1045 1310 1100">
    <p class='ocr_par' dir='ltr' id='par_1_12' title="bbox 1034 1045 1310 1100">
     <span class='ocr_line' id='line_1_12' title="bbox 1034 1045 1310 1100; baseline 0 0"><span class='ocrx_word' id='word_1_61' title='bbox 1034 1047 1191 1100; x_wconf 84' lang='grc' dir='ltr'><strong>ΚΕΦ.</strong></span> <span class='ocrx_word' id='word_1_62' title='bbox 1233 1045 1310 1100; x_wconf 80' lang='lat'><strong>9&#39;.</strong></span> 
     </span>
    </p>
   </div>
   <div class='ocr_carea' id='block_1_13' title="bbox 872 1137 1481 1207">
    <p class='ocr_par' dir='ltr' id='par_1_13' title="bbox 872 1137 1481 1207">
     <span class='ocr_line' id='line_1_13' title="bbox 872 1137 1481 1207; baseline 0.002 -17"><span class='ocrx_word' id='word_1_63' title='bbox 872 1137 1010 1204; x_wconf 83' lang='grc' dir='ltr'>Περὶ</span> <span class='ocrx_word' id='word_1_64' title='bbox 1046 1137 1157 1204; x_wconf 76' lang='grc' dir='ltr'><strong>τῆς</strong></span> <span class='ocrx_word' id='word_1_65' title='bbox 1186 1137 1481 1207; x_wconf 78' lang='grc' dir='ltr'><strong>πέρδικος.</strong></span> 
     </span>
    </p>
   </div>
   <div class='ocr_carea' id='block_1_14' title="bbox 461 1226 1960 1300">
    <p class='ocr_par' dir='ltr' id='par_1_14' title="bbox 461 1226 1960 1300">
     <span class='ocr_line' id='line_1_14' title="bbox 461 1226 1960 1300; baseline 0 -20"><span class='ocrx_word' id='word_1_66' title='bbox 461 1226 648 1280; x_wconf 82' lang='grc' dir='ltr'>Ἔστιν</span> <span class='ocrx_word' id='word_1_67' title='bbox 698 1229 731 1298; x_wconf 80' lang='grc' dir='ltr'><strong>ἡ</strong></span> <span class='ocrx_word' id='word_1_68' title='bbox 780 1227 974 1300; x_wconf 71' lang='grc' dir='ltr'>πέρδιξ,</span> <span class='ocrx_word' id='word_1_69' title='bbox 1017 1228 1364 1292; x_wconf 89' lang='grc' dir='ltr'>πολύτεκνος.</span> <span class='ocrx_word' id='word_1_70' title='bbox 1418 1228 1960 1299; x_wconf 81' lang='grc' dir='ltr'>Νεοττοποιησαμένη</span> 
     </span>
    </p>
   </div>
   <div class='ocr_carea' id='block_1_15' title="bbox 383 1319 1964 1391">
    <p class='ocr_par' dir='ltr' id='par_1_15' title="bbox 383 1319 1964 1391">
     <span class='ocr_line' id='line_1_15' title="bbox 383 1319 1964 1391; baseline 0.001 -19"><span class='ocrx_word' id='word_1_71' title='bbox 383 1320 439 1372; x_wconf 77' lang='grc' dir='ltr'>δὲ</span> <span class='ocrx_word' id='word_1_72' title='bbox 486 1319 780 1390; x_wconf 77' lang='grc' dir='ltr'>πορεύεται</span> <span class='ocrx_word' id='word_1_73' title='bbox 825 1322 858 1391; x_wconf 77' lang='grc' dir='ltr'>ἡ</span> <span class='ocrx_word' id='word_1_74' title='bbox 909 1320 1096 1390; x_wconf 81' lang='grc' dir='ltr'><strong>θῆλυς,</strong></span> <span class='ocrx_word' id='word_1_75' title='bbox 1127 1321 1220 1372; x_wconf 70' lang='grc' dir='ltr'><strong>καὶ</strong></span> <span class='ocrx_word' id='word_1_76' title='bbox 1248 1321 1416 1390; x_wconf 82' lang='grc' dir='ltr'>γεννᾷ</span> <span class='ocrx_word' id='word_1_77' title='bbox 1459 1319 1527 1373; x_wconf 76' lang='grc' dir='ltr'>τὰ</span> <span class='ocrx_word' id='word_1_78' title='bbox 1571 1320 1652 1374; x_wconf 75' lang='grc' dir='ltr'>ὠά</span> <span class='ocrx_word' id='word_1_79' title='bbox 1685 1320 1804 1374; x_wconf 83' lang='grc' dir='ltr'>καθ’</span> <span class='ocrx_word' id='word_1_80' title='bbox 1837 1321 1964 1374; x_wconf 80' lang='grc' dir='ltr'>ἑκά·</span> 
     </span>
    </p>
   </div>
   <div class='ocr_carea' id='block_1_16' title="bbox 384 1412 1963 1483">
    <p class='ocr_par' dir='ltr' id='par_1_16' title="bbox 384 1412 1963 1483">
     <span class='ocr_line' id='line_1_16' title="bbox 384 1412 1963 1483; baseline 0.003 -22"><span class='ocrx_word' id='word_1_81' title='bbox 384 1428 519 1480; x_wconf 78' lang='grc' dir='ltr'>στῃν</span> <span class='ocrx_word' id='word_1_82' title='bbox 541 1428 554 1440; x_wconf 72' lang='grc' dir='ltr'><strong><em>υ</em></strong></span> <span class='ocrx_word' id='word_1_83' title='bbox 606 1412 700 1464; x_wconf 76' lang='grc' dir='ltr'><strong>καὶ</strong></span> <span class='ocrx_word' id='word_1_84' title='bbox 731 1412 829 1464; x_wconf 86' lang='grc' dir='ltr'><strong>ούκ</strong></span> <span class='ocrx_word' id='word_1_85' title='bbox 863 1412 1028 1481; x_wconf 85' lang='grc' dir='ltr'>ἀρκεῖ</span> <span class='ocrx_word' id='word_1_86' title='bbox 1058 1412 1194 1482; x_wconf 81' lang='grc' dir='ltr'>αὐτῇ</span> <span class='ocrx_word' id='word_1_87' title='bbox 1227 1412 1328 1480; x_wconf 81' lang='grc' dir='ltr'>τῆς</span> <span class='ocrx_word' id='word_1_88' title='bbox 1375 1412 1511 1476; x_wconf 75' lang='grc' dir='ltr'>ἰδίας</span> <span class='ocrx_word' id='word_1_89' title='bbox 1552 1413 1786 1483; x_wconf 82' lang='grc' dir='ltr'>γαστρὸς</span> <span class='ocrx_word' id='word_1_90' title='bbox 1820 1415 1847 1464; x_wconf 83' lang='grc' dir='ltr'>ὁ</span> <span class='ocrx_word' id='word_1_91' title='bbox 1876 1413 1963 1465; x_wconf 78' lang='grc' dir='ltr'><strong>τό-</strong></span> 
     </span>
    </p>
   </div>
   <div class='ocr_carea' id='block_1_17' title="bbox 383 1501 1962 1573">
    <p class='ocr_par' dir='ltr' id='par_1_17' title="bbox 383 1501 1962 1573">
     <span class='ocr_line' id='line_1_17' title="bbox 383 1501 1962 1573; baseline 0.001 -20"><span class='ocrx_word' id='word_1_92' title='bbox 383 1519 499 1565; x_wconf 88' lang='grc' dir='ltr'>κος,</span> <span class='ocrx_word' id='word_1_93' title='bbox 529 1502 667 1555; x_wconf 71' lang='grc' dir='ltr'>ἀλλὰ</span> <span class='ocrx_word' id='word_1_94' title='bbox 719 1502 1025 1555; x_wconf 79' lang='grc' dir='ltr'><strong>κλέπτουσα</strong></span> <span class='ocrx_word' id='word_1_95' title='bbox 1075 1503 1144 1554; x_wconf 85' lang='grc' dir='ltr'>τὰ</span> <span class='ocrx_word' id='word_1_96' title='bbox 1191 1503 1273 1554; x_wconf 77' lang='grc' dir='ltr'>ὠά</span> <span class='ocrx_word' id='word_1_97' title='bbox 1310 1501 1418 1555; x_wconf 84' lang='grc' dir='ltr'><strong>τῶν</strong></span> <span class='ocrx_word' id='word_1_98' title='bbox 1457 1502 1774 1573; x_wconf 81' lang='grc' dir='ltr'>ἀλλοτρίων,</span> <span class='ocrx_word' id='word_1_99' title='bbox 1811 1503 1962 1573; x_wconf 74' lang='grc' dir='ltr'>φέρει</span> 
     </span>
    </p>
   </div>
   <div class='ocr_carea' id='block_1_18' title="bbox 382 1595 1273 1666">
    <p class='ocr_par' dir='ltr' id='par_1_18' title="bbox 382 1595 1273 1666">
     <span class='ocr_line' id='line_1_18' title="bbox 382 1595 1273 1666; baseline 0 -19"><span class='ocrx_word' id='word_1_100' title='bbox 382 1595 524 1647; x_wconf 77' lang='grc' dir='ltr'>αὐτὰ</span> <span class='ocrx_word' id='word_1_101' title='bbox 553 1595 646 1647; x_wconf 73' lang='grc' dir='ltr'>ἐπὶ</span> <span class='ocrx_word' id='word_1_102' title='bbox 678 1595 777 1665; x_wconf 78' lang='grc' dir='ltr'>τὴν</span> <span class='ocrx_word' id='word_1_103' title='bbox 804 1595 1048 1648; x_wconf 79' lang='grc' dir='ltr'>νεοττιάν</span> <span class='ocrx_word' id='word_1_104' title='bbox 1081 1595 1273 1666; x_wconf 77' lang='grc' dir='ltr'>αὐτῆς.</span> 
     </span>
    </p>
   </div>
   <div class='ocr_carea' id='block_1_19' title="bbox 1018 1706 1346 1775">
    <p class='ocr_par' dir='ltr' id='par_1_19' title="bbox 1018 1706 1346 1775">
     <span class='ocr_line' id='line_1_19' title="bbox 1018 1706 1346 1775; baseline 0.012 -19"><span class='ocrx_word' id='word_1_105' title='bbox 1018 1706 1346 1775; x_wconf 78' lang='grc' dir='ltr'>Ἐρμηνεία.</span> 
     </span>
    </p>
   </div>
   <div class='ocr_carea' id='block_1_20' title="bbox 456 1791 1960 1868">
    <p class='ocr_par' dir='ltr' id='par_1_20' title="bbox 456 1791 1960 1868">
     <span class='ocr_line' id='line_1_20' title="bbox 456 1791 1960 1868; baseline 0.001 -20"><span class='ocrx_word' id='word_1_106' title='bbox 456 1797 569 1848; x_wconf 71' lang='grc' dir='ltr'>Καὶ</span> <span class='ocrx_word' id='word_1_107' title='bbox 603 1796 667 1848; x_wconf 79' lang='grc' dir='ltr'><strong>σὺ</strong></span> <span class='ocrx_word' id='word_1_108' title='bbox 701 1791 816 1858; x_wconf 76' lang='grc' dir='ltr'>οὖν,</span> <span class='ocrx_word' id='word_1_109' title='bbox 870 1797 1026 1865; x_wconf 79' lang='grc' dir='ltr'>νοητὲ</span> <span class='ocrx_word' id='word_1_110' title='bbox 1078 1796 1351 1866; x_wconf 82' lang='grc' dir='ltr'><strong>ἄνθρωπε,</strong></span> <span class='ocrx_word' id='word_1_111' title='bbox 1391 1800 1517 1850; x_wconf 80' lang='grc' dir='ltr'>ὅταν</span> <span class='ocrx_word' id='word_1_112' title='bbox 1567 1797 1766 1860; x_wconf 80' lang='grc' dir='ltr'>πολλὰς</span> <span class='ocrx_word' id='word_1_113' title='bbox 1807 1798 1960 1868; x_wconf 76' lang='grc' dir='ltr'>ἐλεη-</span> 
     </span>
    </p>
   </div>
   <div class='ocr_carea' id='block_1_21' title="bbox 387 1885 1962 1959">
    <p class='ocr_par' dir='ltr' id='par_1_21' title="bbox 387 1885 1962 1959">
     <span class='ocr_line' id='line_1_21' title="bbox 387 1885 1962 1959; baseline 0.001 -19"><span class='ocrx_word' id='word_1_114' title='bbox 387 1885 627 1957; x_wconf 87' lang='grc' dir='ltr'>μοσύνας</span> <span class='ocrx_word' id='word_1_115' title='bbox 655 1886 908 1957; x_wconf 78' lang='grc' dir='ltr'><strong>ποιήσῃς,</strong></span> <span class='ocrx_word' id='word_1_116' title='bbox 947 1885 1021 1956; x_wconf 81' lang='grc' dir='ltr'>μὴ</span> <span class='ocrx_word' id='word_1_117' title='bbox 1050 1887 1325 1956; x_wconf 83' lang='grc' dir='ltr'>ἀρκέσωσί</span> <span class='ocrx_word' id='word_1_118' title='bbox 1369 1904 1472 1952; x_wconf 91' lang='grc' dir='ltr'>σοι,</span> <span class='ocrx_word' id='word_1_119' title='bbox 1502 1887 1636 1942; x_wconf 83' lang='grc' dir='ltr'>ἀλλὰ</span> <span class='ocrx_word' id='word_1_120' title='bbox 1660 1888 1833 1959; x_wconf 84' lang='grc' dir='ltr'>δράμε</span> <span class='ocrx_word' id='word_1_121' title='bbox 1883 1892 1962 1954; x_wconf 80' lang='grc' dir='ltr'>εἰς</span> 
     </span>
    </p>
   </div>
   <div class='ocr_carea' id='block_1_22' title="bbox 383 1974 1961 2049">
    <p class='ocr_par' dir='ltr' id='par_1_22' title="bbox 383 1974 1961 2049">
     <span class='ocr_line' id='line_1_22' title="bbox 383 1974 1961 2049; baseline 0.001 -19"><span class='ocrx_word' id='word_1_122' title='bbox 383 1977 578 2046; x_wconf 77' lang='grc' dir='ltr'>ἑτέρας</span> <span class='ocrx_word' id='word_1_123' title='bbox 610 1977 851 2044; x_wconf 52' lang='grc' dir='ltr'>ἐντολάς,</span> <span class='ocrx_word' id='word_1_124' title='bbox 881 1976 977 2028; x_wconf 62' lang='grc' dir='ltr'><strong>καλ⁵</strong></span> <span class='ocrx_word' id='word_1_125' title='bbox 1009 1974 1146 2045; x_wconf 77' lang='grc' dir='ltr'>πλήο</span> <span class='ocrx_word' id='word_1_126' title='bbox 1161 1992 1276 2029; x_wconf 56' lang='grc' dir='ltr'>ανον</span> <span class='ocrx_word' id='word_1_127' title='bbox 1323 1977 1526 2048; x_wconf 73' lang='grc' dir='ltr'>σφόδρα</span> <span class='ocrx_word' id='word_1_128' title='bbox 1571 1979 1669 2049; x_wconf 82' lang='grc' dir='ltr'>τὴν</span> <span class='ocrx_word' id='word_1_129' title='bbox 1720 1979 1961 2032; x_wconf 83' lang='grc' dir='ltr'>νεοττιάν</span> 
     </span>
    </p>
   </div>
   <div class='ocr_carea' id='block_1_23' title="bbox 383 2068 1962 2142">
    <p class='ocr_par' dir='ltr' id='par_1_23' title="bbox 383 2068 1962 2142">
     <span class='ocr_line' id='line_1_23' title="bbox 383 2068 1962 2142; baseline 0.002 -21"><span class='ocrx_word' id='word_1_130' title='bbox 383 2085 514 2122; x_wconf 75' lang='grc' dir='ltr'>σου·</span> <span class='ocrx_word' id='word_1_131' title='bbox 551 2069 820 2131; x_wconf 79' lang='grc' dir='ltr'>τουτέστι,</span> <span class='ocrx_word' id='word_1_132' title='bbox 871 2069 1091 2136; x_wconf 74' lang='grc' dir='ltr'>ἅγνισον</span> <span class='ocrx_word' id='word_1_133' title='bbox 1135 2068 1232 2140; x_wconf 80' lang='grc' dir='ltr'><strong>τὴν</strong></span> <span class='ocrx_word' id='word_1_134' title='bbox 1261 2071 1484 2141; x_wconf 86' lang='grc' dir='ltr'>καρδίαν</span> <span class='ocrx_word' id='word_1_135' title='bbox 1517 2087 1631 2134; x_wconf 91' lang='grc' dir='ltr'>σου,</span> <span class='ocrx_word' id='word_1_136' title='bbox 1671 2073 1764 2125; x_wconf 71' lang='grc' dir='ltr'><strong>καὶ</strong></span> <span class='ocrx_word' id='word_1_137' title='bbox 1800 2071 1962 2142; x_wconf 81' lang='grc' dir='ltr'>σκλή-</span> 
     </span>
    </p>
   </div>
   <div class='ocr_carea' id='block_1_24' title="bbox 381 2159 1724 2232">
    <p class='ocr_par' dir='ltr' id='par_1_24' title="bbox 381 2159 1724 2232">
     <span class='ocr_line' id='line_1_24' title="bbox 381 2159 1724 2232; baseline 0.003 -20"><span class='ocrx_word' id='word_1_138' title='bbox 381 2177 546 2232; x_wconf 86' lang='grc' dir='ltr'>ρυνον</span> <span class='ocrx_word' id='word_1_139' title='bbox 573 2159 694 2213; x_wconf 83' lang='grc' dir='ltr'>λίαν</span> <span class='ocrx_word' id='word_1_140' title='bbox 741 2160 802 2213; x_wconf 87' lang='grc' dir='ltr'><strong>σὲ</strong></span> <span class='ocrx_word' id='word_1_141' title='bbox 831 2159 972 2214; x_wconf 82' lang='grc' dir='ltr'>κατὰ</span> <span class='ocrx_word' id='word_1_142' title='bbox 1004 2161 1112 2214; x_wconf 83' lang='grc' dir='ltr'>τῶν</span> <span class='ocrx_word' id='word_1_143' title='bbox 1144 2161 1400 2216; x_wconf 81' lang='grc' dir='ltr'>ἐναντίων</span> <span class='ocrx_word' id='word_1_144' title='bbox 1426 2162 1724 2232; x_wconf 84' lang='grc' dir='ltr'>δυνάμεων.</span> 
     </span>
    </p>
   </div>
   <div class='ocr_carea' id='block_1_25' title="bbox 1021 2275 1305 2343">
    <p class='ocr_par' dir='ltr' id='par_1_25' title="bbox 1021 2275 1305 2343">
     <span class='ocr_line' id='line_1_25' title="bbox 1021 2275 1305 2343; baseline 0.007 -16"><span class='ocrx_word' id='word_1_145' title='bbox 1021 2275 1201 2343; x_wconf 60' lang='grc' dir='ltr'>,ΚΕΦ.</span> <span class='ocrx_word' id='word_1_146' title='bbox 1247 2275 1305 2330; x_wconf 89' lang='lat' dir='ltr'><strong>r.</strong></span> 
     </span>
    </p>
   </div>
   <div class='ocr_carea' id='block_1_26' title="bbox 857 2360 1486 2433">
    <p class='ocr_par' dir='ltr' id='par_1_26' title="bbox 857 2360 1486 2433">
     <span class='ocr_line' id='line_1_26' title="bbox 857 2360 1486 2433; baseline 0.002 -17"><span class='ocrx_word' id='word_1_147' title='bbox 857 2363 997 2430; x_wconf 76' lang='grc' dir='ltr'>Περὶ</span> <span class='ocrx_word' id='word_1_148' title='bbox 1027 2360 1136 2430; x_wconf 79' lang='grc' dir='ltr'><strong>τῆς</strong></span> <span class='ocrx_word' id='word_1_149' title='bbox 1175 2363 1486 2433; x_wconf 68' lang='grc' dir='ltr'>τρυγόνος.</span> 
     </span>
    </p>
   </div>
   <div class='ocr_carea' id='block_1_27' title="bbox 463 2453 1964 2526">
    <p class='ocr_par' dir='ltr' id='par_1_27' title="bbox 463 2453 1964 2526">
     <span class='ocr_line' id='line_1_27' title="bbox 463 2453 1964 2526; baseline 0.001 -18"><span class='ocrx_word' id='word_1_150' title='bbox 463 2455 619 2508; x_wconf 84' lang='grc' dir='ltr'>Ἔστι</span> <span class='ocrx_word' id='word_1_151' title='bbox 647 2455 680 2525; x_wconf 79' lang='grc' dir='ltr'>ἡ</span> <span class='ocrx_word' id='word_1_152' title='bbox 712 2453 928 2525; x_wconf 84' lang='grc' dir='ltr'>τρυγὼν</span> <span class='ocrx_word' id='word_1_153' title='bbox 967 2454 1251 2526; x_wconf 80' lang='grc' dir='ltr'>φίλανδρον</span> <span class='ocrx_word' id='word_1_154' title='bbox 1280 2454 1465 2526; x_wconf 78' lang='grc' dir='ltr'>ὄρνεον</span> <span class='ocrx_word' id='word_1_155' title='bbox 1501 2455 1653 2526; x_wconf 86' lang='grc' dir='ltr'>παρὰ</span> <span class='ocrx_word' id='word_1_156' title='bbox 1685 2455 1861 2510; x_wconf 86' lang='grc' dir='ltr'>πάντα</span> <span class='ocrx_word' id='word_1_157' title='bbox 1894 2455 1964 2509; x_wconf 83' lang='grc' dir='ltr'><strong>τά</strong></span> 
     </span>
    </p>
   </div>
   <div class='ocr_carea' id='block_1_28' title="bbox 385 2546 1960 2619">
    <p class='ocr_par' dir='ltr' id='par_1_28' title="bbox 385 2546 1960 2619">
     <span class='ocr_line' id='line_1_28' title="bbox 385 2546 1960 2619; baseline -0.001 -18"><span class='ocrx_word' id='word_1_158' title='bbox 385 2548 630 2613; x_wconf 79' lang='grc' dir='ltr'>πετεινὰ,</span> <span class='ocrx_word' id='word_1_159' title='bbox 666 2549 761 2602; x_wconf 75' lang='grc' dir='ltr'>καὶ</span> <span class='ocrx_word' id='word_1_160' title='bbox 791 2547 1112 2616; x_wconf 85' lang='grc' dir='ltr'>πορεύονται</span> <span class='ocrx_word' id='word_1_161' title='bbox 1135 2546 1454 2619; x_wconf 81' lang='grc' dir='ltr'>ἀμφότεροι,</span> <span class='ocrx_word' id='word_1_162' title='bbox 1486 2548 1654 2618; x_wconf 78' lang='grc' dir='ltr'><strong>άρρεν</strong></span> <span class='ocrx_word' id='word_1_163' title='bbox 1684 2546 1777 2600; x_wconf 71' lang='grc' dir='ltr'>καὶ</span> <span class='ocrx_word' id='word_1_164' title='bbox 1806 2546 1960 2618; x_wconf 78' lang='grc' dir='ltr'>θῆλυ,</span> 
     </span>
    </p>
   </div>
   <div class='ocr_carea' id='block_1_29' title="bbox 387 2637 1960 2710">
    <p class='ocr_par' dir='ltr' id='par_1_29' title="bbox 387 2637 1960 2710">
     <span class='ocr_line' id='line_1_29' title="bbox 387 2637 1960 2710; baseline -0.003 -15"><span class='ocrx_word' id='word_1_165' title='bbox 387 2644 485 2695; x_wconf 75' lang='grc' dir='ltr'><strong>καὶ</strong></span> <span class='ocrx_word' id='word_1_166' title='bbox 528 2638 961 2694; x_wconf 83' lang='grc' dir='ltr'>νεοσσοποιοῦσιν</span> <span class='ocrx_word' id='word_1_167' title='bbox 982 2654 996 2668; x_wconf 90' lang='grc'><strong>·</strong></span> <span class='ocrx_word' id='word_1_168' title='bbox 1048 2637 1491 2709; x_wconf 75' lang='grc' dir='ltr'>ἀποζευχθέντων</span> <span class='ocrx_word' id='word_1_169' title='bbox 1527 2637 1585 2692; x_wconf 80' lang='grc' dir='ltr'>δὲ</span> <span class='ocrx_word' id='word_1_170' title='bbox 1631 2638 1832 2710; x_wconf 83' lang='grc' dir='ltr'>αὐτῶν,</span> <span class='ocrx_word' id='word_1_171' title='bbox 1863 2656 1960 2708; x_wconf 74' lang='lat' dir='ltr'><strong>(pu-</strong></span> 
     </span>
    </p>
   </div>
   <div class='ocr_carea' id='block_1_30' title="bbox 388 2725 1963 2800">
    <p class='ocr_par' dir='ltr' id='par_1_30' title="bbox 388 2725 1963 2800">
     <span class='ocr_line' id='line_1_30' title="bbox 388 2725 1963 2800; baseline -0.001 -19"><span class='ocrx_word' id='word_1_172' title='bbox 388 2731 646 2785; x_wconf 79' lang='grc' dir='ltr'>λάσσουσι</span> <span class='ocrx_word' id='word_1_173' title='bbox 697 2729 796 2798; x_wconf 80' lang='grc' dir='ltr'><strong>τὴν</strong></span> <span class='ocrx_word' id='word_1_174' title='bbox 857 2727 1193 2800; x_wconf 85' lang='grc' dir='ltr'>μονογαμίαν</span> <span class='ocrx_word' id='word_1_175' title='bbox 1274 2727 1382 2790; x_wconf 77' lang='grc' dir='ltr'>ἕως</span> <span class='ocrx_word' id='word_1_176' title='bbox 1421 2726 1633 2789; x_wconf 81' lang='grc' dir='ltr'>τέλους·</span> <span class='ocrx_word' id='word_1_177' title='bbox 1667 2726 1765 2796; x_wconf 75' lang='grc' dir='ltr'>τῆς</span> <span class='ocrx_word' id='word_1_178' title='bbox 1816 2725 1963 2796; x_wconf 77' lang='grc' dir='ltr'>ζωῆς</span> 
     </span>
    </p>
   </div>
   <div class='ocr_carea' id='block_1_31' title="bbox 387 2821 584 2878">
    <p class='ocr_par' dir='ltr' id='par_1_31' title="bbox 387 2821 584 2878">
     <span class='ocr_line' id='line_1_31' title="bbox 387 2821 584 2878; baseline 0.005 -1"><span class='ocrx_word' id='word_1_179' title='bbox 387 2824 456 2877; x_wconf 82' lang='grc' dir='ltr'><strong>αὑ</strong></span> <span class='ocrx_word' id='word_1_180' title='bbox 464 2821 584 2878; x_wconf 85' lang='grc' dir='ltr'>τῶν.</span> 
     </span>
    </p>
   </div>
   <div class='ocr_carea' id='block_1_32' title="bbox 1020 2911 1348 2980">
    <p class='ocr_par' dir='ltr' id='par_1_32' title="bbox 1020 2911 1348 2980">
     <span class='ocr_line' id='line_1_32' title="bbox 1020 2911 1348 2980; baseline 0.006 -16"><span class='ocrx_word' id='word_1_181' title='bbox 1020 2911 1348 2980; x_wconf 57' lang='lat' dir='ltr'><strong>Epp-13mm.</strong></span> 
     </span>
    </p>
   </div>
   <div class='ocr_carea' id='block_1_33' title="bbox 459 3000 1957 3074">
    <p class='ocr_par' dir='ltr' id='par_1_33' title="bbox 459 3000 1957 3074">
     <span class='ocr_line' id='line_1_33' title="bbox 459 3000 1957 3074; baseline -0.007 -12"><span class='ocrx_word' id='word_1_182' title='bbox 459 3007 571 3062; x_wconf 75' lang='grc' dir='ltr'><strong>Καὶ</strong></span> <span class='ocrx_word' id='word_1_183' title='bbox 616 3008 681 3060; x_wconf 71' lang='grc' dir='ltr'><strong>σὺ</strong></span> <span class='ocrx_word' id='word_1_184' title='bbox 723 3000 835 3067; x_wconf 78' lang='grc' dir='ltr'>οὖν,</span> <span class='ocrx_word' id='word_1_185' title='bbox 871 3003 1026 3073; x_wconf 80' lang='grc' dir='ltr'>νοητὲ</span> <span class='ocrx_word' id='word_1_186' title='bbox 1063 3003 1336 3074; x_wconf 83' lang='grc' dir='ltr'>ἄνθρωπε,</span> <span class='ocrx_word' id='word_1_187' title='bbox 1382 3001 1508 3055; x_wconf 80' lang='grc' dir='ltr'>ὅταν</span> <span class='ocrx_word' id='word_1_188' title='bbox 1555 3000 1800 3072; x_wconf 81' lang='grc' dir='ltr'>πλησθῇς</span> <span class='ocrx_word' id='word_1_189' title='bbox 1834 3000 1957 3053; x_wconf 86' lang='grc' dir='ltr'>ἀνο-</span> 
     </span>
    </p>
   </div>
   <div class='ocr_carea' id='block_1_34' title="bbox 2065 483 3636 552">
    <p class='ocr_par' dir='ltr' id='par_1_34' title="bbox 2065 483 3636 552">
     <span class='ocr_line' id='line_1_34' title="bbox 2065 483 3636 552; baseline 0 -19"><span class='ocrx_word' id='word_1_190' title='bbox 2065 489 2322 552; x_wconf 85' lang='lat' dir='ltr'><strong>tcrosquc</strong></span> <span class='ocrx_word' id='word_1_191' title='bbox 2337 483 2647 552; x_wconf 87' lang='lat' dir='ltr'><strong>prophetas,</strong></span> <span class='ocrx_word' id='word_1_192' title='bbox 2667 488 2720 535; x_wconf 91' lang='lat' dir='ltr'><strong>ct</strong></span> <span class='ocrx_word' id='word_1_193' title='bbox 2742 494 2904 548; x_wconf 98' lang='lat' dir='ltr'><strong>super</strong></span> <span class='ocrx_word' id='word_1_194' title='bbox 2919 494 3112 534; x_wconf 93' lang='lat' dir='ltr'><strong>omnes</strong></span> <span class='ocrx_word' id='word_1_195' title='bbox 3129 489 3397 544; x_wconf 91' lang='lat' dir='ltr'><strong>mortuos,</strong></span> <span class='ocrx_word' id='word_1_196' title='bbox 3416 496 3473 535; x_wconf 90' lang='lat' dir='ltr'><strong>sa</strong></span> <span class='ocrx_word' id='word_1_197' title='bbox 3483 484 3606 551; x_wconf 77' lang='lat' dir='ltr'><strong>ngu&#39;t</strong></span> <span class='ocrx_word' id='word_1_198' title='bbox 3619 513 3636 523; x_wconf 69' lang='grc' dir='ltr'><em>ς</em></span> 
     </span>
    </p>
   </div>
   <div class='ocr_carea' id='block_1_35' title="bbox 2067 572 3634 641">
    <p class='ocr_par' dir='ltr' id='par_1_35' title="bbox 2067 572 3634 641">
     <span class='ocr_line' id='line_1_35' title="bbox 2067 572 3634 641; baseline 0.001 -15"><span class='ocrx_word' id='word_1_199' title='bbox 2067 589 2190 628; x_wconf 91' lang='lat' dir='ltr'><strong>nem</strong></span> <span class='ocrx_word' id='word_1_200' title='bbox 2221 590 2378 630; x_wconf 89' lang='lat' dir='ltr'><strong>suum</strong></span> <span class='ocrx_word' id='word_1_201' title='bbox 2415 574 2571 636; x_wconf 80' lang='lat' dir='ltr'><strong>fudit,</strong></span> <span class='ocrx_word' id='word_1_202' title='bbox 2601 575 3024 641; x_wconf 81' lang='lat' dir='ltr'><strong>universumque</strong></span> <span class='ocrx_word' id='word_1_203' title='bbox 3069 572 3330 627; x_wconf 87' lang='lat' dir='ltr'><strong>mundum</strong></span> <span class='ocrx_word' id='word_1_204' title='bbox 3361 573 3634 628; x_wconf 82' lang='lat' dir='ltr'><strong>illumina-</strong></span> 
     </span>
    </p>
   </div>
   <div class='ocr_carea' id='block_1_36' title="bbox 2066 664 3638 736">
    <p class='ocr_par' dir='ltr' id='par_1_36' title="bbox 2066 664 3638 736">
     <span class='ocr_line' id='line_1_36' title="bbox 2066 664 3638 736; baseline -0.001 -17"><span class='ocrx_word' id='word_1_205' title='bbox 2066 667 2162 731; x_wconf 91' lang='lat' dir='ltr'><strong>vit,</strong></span> <span class='ocrx_word' id='word_1_206' title='bbox 2209 675 2262 722; x_wconf 86' lang='lat' dir='ltr'><strong>et</strong></span> <span class='ocrx_word' id='word_1_207' title='bbox 2307 682 2402 736; x_wconf 88' lang='lat' dir='ltr'><strong>per</strong></span> <span class='ocrx_word' id='word_1_208' title='bbox 2437 667 2740 720; x_wconf 89' lang='lat' dir='ltr'><strong>triduanam</strong></span> <span class='ocrx_word' id='word_1_209' title='bbox 2792 667 3124 735; x_wconf 77' lang='lat' dir='ltr'><strong>sepulturam</strong></span> <span class='ocrx_word' id='word_1_210' title='bbox 3180 679 3244 720; x_wconf 91' lang='lat' dir='ltr'><strong>ac</strong></span> <span class='ocrx_word' id='word_1_211' title='bbox 3285 664 3638 720; x_wconf 77' lang='lat' dir='ltr'><strong>resurrectio-</strong></span> 
     </span>
    </p>
   </div>
   <div class='ocr_carea' id='block_1_37' title="bbox 2067 753 3638 823">
    <p class='ocr_par' dir='ltr' id='par_1_37' title="bbox 2067 753 3638 823">
     <span class='ocr_line' id='line_1_37' title="bbox 2067 753 3638 823; baseline -0.001 -15"><span class='ocrx_word' id='word_1_212' title='bbox 2067 771 2188 808; x_wconf 89' lang='lat' dir='ltr'><strong>nem</strong></span> <span class='ocrx_word' id='word_1_213' title='bbox 2237 771 2391 811; x_wconf 87' lang='lat' dir='ltr'><strong>suam</strong></span> <span class='ocrx_word' id='word_1_214' title='bbox 2441 755 2507 808; x_wconf 88' lang='lat' dir='ltr'><strong>ad</strong></span> <span class='ocrx_word' id='word_1_215' title='bbox 2547 755 2712 808; x_wconf 88' lang='lat' dir='ltr'><strong>vitam</strong></span> <span class='ocrx_word' id='word_1_216' title='bbox 2754 755 2873 809; x_wconf 90' lang='lat' dir='ltr'><strong>illos</strong></span> <span class='ocrx_word' id='word_1_217' title='bbox 2911 754 3142 809; x_wconf 83' lang='lat' dir='ltr'><strong>reduxit.</strong></span> <span class='ocrx_word' id='word_1_218' title='bbox 3176 753 3513 823; x_wconf 81' lang='lat' dir='ltr'><strong>Quapropter</strong></span> <span class='ocrx_word' id='word_1_219' title='bbox 3540 767 3638 823; x_wconf 86' lang='lat' dir='ltr'><strong>per</strong></span> 
     </span>
    </p>
   </div>
   <div class='ocr_carea' id='block_1_38' title="bbox 2063 841 3635 912">
    <p class='ocr_par' dir='ltr' id='par_1_38' title="bbox 2063 841 3635 912">
     <span class='ocr_line' id='line_1_38' title="bbox 2063 841 3635 912; baseline 0.003 -19"><span class='ocrx_word' id='word_1_220' title='bbox 2063 841 2385 908; x_wconf 82' lang='lat' dir='ltr'><strong>Prophetam</strong></span> <span class='ocrx_word' id='word_1_221' title='bbox 2411 844 2546 911; x_wconf 67' lang='lat' dir='ltr'><strong>dixit</strong></span> <span class='ocrx_word' id='word_1_222' title='bbox 2578 863 2590 898; x_wconf 92' lang='lat'>:</span> <span class='ocrx_word' id='word_1_223' title='bbox 2627 843 2833 898; x_wconf 78' lang='lat' dir='ltr'><strong>Similis</strong></span> <span class='ocrx_word' id='word_1_224' title='bbox 2867 844 3040 912; x_wconf 74' lang='lat' dir='ltr'><strong>factus</strong></span> <span class='ocrx_word' id='word_1_225' title='bbox 3084 861 3200 898; x_wconf 84' lang='lat' dir='ltr'><strong>sum</strong></span> <span class='ocrx_word' id='word_1_226' title='bbox 3234 842 3475 911; x_wconf 75' lang='lat' dir='ltr'><strong>pelicum</strong></span> <span class='ocrx_word' id='word_1_227' title='bbox 3505 843 3635 898; x_wconf 72' lang='lat' dir='ltr'><strong>soli-</strong></span> 
     </span>
    </p>
   </div>
   <div class='ocr_carea' id='block_1_39' title="bbox 2067 935 2324 989">
    <p class='ocr_par' dir='ltr' id='par_1_39' title="bbox 2067 935 2324 989">
     <span class='ocr_line' id='line_1_39' title="bbox 2067 935 2324 989; baseline 0.004 -1"><span class='ocrx_word' id='word_1_228' title='bbox 2067 936 2263 989; x_wconf 75' lang='lat' dir='ltr'><strong>tudinis</strong></span> <span class='ocrx_word' id='word_1_229' title='bbox 2287 935 2324 988; x_wconf 75' lang='grc'><strong>⁸.</strong></span> 
     </span>
    </p>
   </div>
   <div class='ocr_carea' id='block_1_40' title="bbox 2707 1045 2987 1101">
    <p class='ocr_par' dir='ltr' id='par_1_40' title="bbox 2707 1045 2987 1101">
     <span class='ocr_line' id='line_1_40' title="bbox 2707 1045 2987 1101; baseline -0.007 0"><span class='ocrx_word' id='word_1_230' title='bbox 2707 1045 2859 1101; x_wconf 80' lang='lat' dir='ltr'><strong>CAP.</strong></span> <span class='ocrx_word' id='word_1_231' title='bbox 2896 1045 2987 1099; x_wconf 83' lang='lat' dir='ltr'><strong>IX.</strong></span> 
     </span>
    </p>
   </div>
   <div class='ocr_carea' id='block_1_41' title="bbox 2691 1136 3026 1205">
    <p class='ocr_par' dir='ltr' id='par_1_41' title="bbox 2691 1136 3026 1205">
     <span class='ocr_line' id='line_1_41' title="bbox 2691 1136 3026 1205; baseline 0 -17"><span class='ocrx_word' id='word_1_232' title='bbox 2691 1136 2767 1192; x_wconf 87' lang='lat' dir='ltr'><strong>De</strong></span> <span class='ocrx_word' id='word_1_233' title='bbox 2799 1137 3026 1205; x_wconf 77' lang='lat' dir='ltr'><strong>perdice.</strong></span> 
     </span>
    </p>
   </div>
   <div class='ocr_carea' id='block_1_42' title="bbox 2132 1224 3650 1301">
    <p class='ocr_par' dir='ltr' id='par_1_42' title="bbox 2132 1224 3650 1301">
     <span class='ocr_line' id='line_1_42' title="bbox 2132 1224 3650 1301; baseline 0.005 -20"><span class='ocrx_word' id='word_1_234' title='bbox 2132 1225 2327 1282; x_wconf 83' lang='lat' dir='ltr'><strong>Perdix</strong></span> <span class='ocrx_word' id='word_1_235' title='bbox 2359 1227 2526 1298; x_wconf 90' lang='lat' dir='ltr'><strong>prolis</strong></span> <span class='ocrx_word' id='word_1_236' title='bbox 2562 1226 2791 1283; x_wconf 83' lang='lat' dir='ltr'><strong>fecunda</strong></span> <span class='ocrx_word' id='word_1_237' title='bbox 2821 1235 2927 1282; x_wconf 90' lang='lat' dir='ltr'><strong>est.</strong></span> <span class='ocrx_word' id='word_1_238' title='bbox 2953 1226 3283 1283; x_wconf 89' lang='lat' dir='ltr'><strong>Constructo</strong></span> <span class='ocrx_word' id='word_1_239' title='bbox 3315 1227 3456 1283; x_wconf 89' lang='lat' dir='ltr'><strong>enim</strong></span> <span class='ocrx_word' id='word_1_240' title='bbox 3481 1224 3650 1301; x_wconf 76' lang='lat' dir='ltr'><strong>ulda,‘</strong></span> 
     </span>
    </p>
   </div>
   <div class='ocr_carea' id='block_1_43' title="bbox 2065 1319 3637 1391">
    <p class='ocr_par' dir='ltr' id='par_1_43' title="bbox 2065 1319 3637 1391">
     <span class='ocr_line' id='line_1_43' title="bbox 2065 1319 3637 1391; baseline 0.001 -17"><span class='ocrx_word' id='word_1_241' title='bbox 2065 1320 2293 1391; x_wconf 81' lang='lat' dir='ltr'><strong>singulis</strong></span> <span class='ocrx_word' id='word_1_242' title='bbox 2322 1320 2514 1376; x_wconf 91' lang='lat' dir='ltr'><strong>diebus</strong></span> <span class='ocrx_word' id='word_1_243' title='bbox 2543 1335 2644 1374; x_wconf 88' lang='lat' dir='ltr'><strong>ova</strong></span> <span class='ocrx_word' id='word_1_244' title='bbox 2683 1319 2844 1390; x_wconf 85' lang='lat' dir='ltr'><strong>parit.</strong></span> <span class='ocrx_word' id='word_1_245' title='bbox 2894 1319 3004 1373; x_wconf 85' lang='lat' dir='ltr'><strong>Nec</strong></span> <span class='ocrx_word' id='word_1_246' title='bbox 3036 1336 3163 1373; x_wconf 77' lang='lat' dir='ltr'><strong>vero</strong></span> <span class='ocrx_word' id='word_1_247' title='bbox 3198 1321 3399 1389; x_wconf 87' lang='lat' dir='ltr'><strong>proprii</strong></span> <span class='ocrx_word' id='word_1_248' title='bbox 3431 1324 3637 1375; x_wconf 82' lang='lat' dir='ltr'><strong>ventris</strong></span> 
     </span>
    </p>
   </div>
   <div class='ocr_carea' id='block_1_44' title="bbox 2065 1410 3633 1478">
    <p class='ocr_par' dir='ltr' id='par_1_44' title="bbox 2065 1410 3633 1478">
     <span class='ocr_line' id='line_1_44' title="bbox 2065 1410 3633 1478; baseline -0.003 -12"><span class='ocrx_word' id='word_1_249' title='bbox 2065 1410 2261 1466; x_wconf 79' lang='lat' dir='ltr'><strong>suﬂicit</strong></span> <span class='ocrx_word' id='word_1_250' title='bbox 2319 1411 2496 1478; x_wconf 80' lang='lat' dir='ltr'><strong>fetus;</strong></span> <span class='ocrx_word' id='word_1_251' title='bbox 2557 1427 2744 1466; x_wconf 90' lang='lat' dir='ltr'><strong>verum</strong></span> <span class='ocrx_word' id='word_1_252' title='bbox 2795 1411 3024 1465; x_wconf 87' lang='lat' dir='ltr'><strong>aliarum</strong></span> <span class='ocrx_word' id='word_1_253' title='bbox 3090 1413 3269 1465; x_wconf 88' lang='lat' dir='ltr'><strong>aviqu</strong></span> <span class='ocrx_word' id='word_1_254' title='bbox 3323 1411 3633 1466; x_wconf 79' lang='lat' dir='ltr'><strong>discurrens</strong></span> 
     </span>
    </p>
   </div>
   <div class='ocr_carea' id='block_1_45' title="bbox 2066 1499 3462 1561">
    <p class='ocr_par' dir='ltr' id='par_1_45' title="bbox 2066 1499 3462 1561">
     <span class='ocr_line' id='line_1_45' title="bbox 2066 1499 3462 1561; baseline 0 -8"><span class='ocrx_word' id='word_1_255' title='bbox 2066 1499 2363 1555; x_wconf 75' lang='lat' dir='ltr'><strong>sutiuratur</strong></span> <span class='ocrx_word' id='word_1_256' title='bbox 2397 1516 2518 1561; x_wconf 86' lang='lat' dir='ltr'><strong>ova,</strong></span> <span class='ocrx_word' id='word_1_257' title='bbox 2551 1508 2604 1555; x_wconf 90' lang='lat' dir='ltr'><strong>et</strong></span> <span class='ocrx_word' id='word_1_258' title='bbox 2631 1499 2698 1554; x_wconf 92' lang='lat' dir='ltr'><strong>ad</strong></span> <span class='ocrx_word' id='word_1_259' title='bbox 2728 1501 2914 1555; x_wconf 89' lang='lat' dir='ltr'><strong>nidum</strong></span> <span class='ocrx_word' id='word_1_260' title='bbox 2952 1517 3110 1556; x_wconf 87' lang='lat' dir='ltr'><strong>suum</strong></span> <span class='ocrx_word' id='word_1_261' title='bbox 3143 1502 3233 1555; x_wconf 88' lang='lat' dir='ltr'><strong>illa</strong></span> <span class='ocrx_word' id='word_1_262' title='bbox 3266 1499 3462 1555; x_wconf 79' lang='lat' dir='ltr'><strong>defert.</strong></span> 
     </span>
    </p>
   </div>
   <div class='ocr_carea' id='block_1_46' title="bbox 2658 1700 3051 1770">
    <p class='ocr_par' dir='ltr' id='par_1_46' title="bbox 2658 1700 3051 1770">
     <span class='ocr_line' id='line_1_46' title="bbox 2658 1700 3051 1770; baseline 0.01 -18"><span class='ocrx_word' id='word_1_263' title='bbox 2658 1700 3051 1770; x_wconf 80' lang='lat' dir='ltr'><strong>lnterprctatio.</strong></span> 
     </span>
    </p>
   </div>
   <div class='ocr_carea' id='block_1_47' title="bbox 2135 1791 3635 1862">
    <p class='ocr_par' dir='ltr' id='par_1_47' title="bbox 2135 1791 3635 1862">
     <span class='ocr_line' id='line_1_47' title="bbox 2135 1791 3635 1862; baseline 0.002 -17"><span class='ocrx_word' id='word_1_264' title='bbox 2135 1791 2226 1846; x_wconf 88' lang='lat' dir='ltr'><strong>Sic</strong></span> <span class='ocrx_word' id='word_1_265' title='bbox 2257 1801 2336 1856; x_wconf 92' lang='lat' dir='ltr'><strong>tu,</strong></span> <span class='ocrx_word' id='word_1_266' title='bbox 2372 1793 2673 1862; x_wconf 85' lang='lat' dir='ltr'><strong>spiritualis</strong></span> <span class='ocrx_word' id='word_1_267' title='bbox 2719 1795 2898 1854; x_wconf 86' lang='lat' dir='ltr'><strong>homo.</strong></span> <span class='ocrx_word' id='word_1_268' title='bbox 2930 1795 2975 1851; x_wconf 86' lang='lat' dir='ltr'><strong>si</strong></span> <span class='ocrx_word' id='word_1_269' title='bbox 3034 1795 3232 1848; x_wconf 89' lang='lat' dir='ltr'><strong>multas</strong></span> <span class='ocrx_word' id='word_1_270' title='bbox 3268 1792 3461 1848; x_wconf 80' lang='lat' dir='ltr'><strong>feceris</strong></span> <span class='ocrx_word' id='word_1_271' title='bbox 3496 1791 3635 1848; x_wconf 76' lang='lat' dir='ltr'><strong>elec-</strong></span> 
     </span>
    </p>
   </div>
   <div class='ocr_carea' id='block_1_48' title="bbox 2064 1883 3638 1956">
    <p class='ocr_par' dir='ltr' id='par_1_48' title="bbox 2064 1883 3638 1956">
     <span class='ocr_line' id='line_1_48' title="bbox 2064 1883 3638 1956; baseline 0.001 -21"><span class='ocrx_word' id='word_1_272' title='bbox 2064 1897 2340 1953; x_wconf 81' lang='lat' dir='ltr'><strong>mosynas,</strong></span> <span class='ocrx_word' id='word_1_273' title='bbox 2397 1897 2496 1936; x_wconf 89' lang='lat' dir='ltr'><strong>nec</strong></span> <span class='ocrx_word' id='word_1_274' title='bbox 2549 1883 2645 1938; x_wconf 88' lang='lat' dir='ltr'><strong>tibi</strong></span> <span class='ocrx_word' id='word_1_275' title='bbox 2694 1889 2826 1940; x_wconf 84' lang='lat' dir='ltr'><strong>satis</strong></span> <span class='ocrx_word' id='word_1_276' title='bbox 2873 1901 2995 1940; x_wconf 87' lang='lat' dir='ltr'><strong>esse</strong></span> <span class='ocrx_word' id='word_1_277' title='bbox 3046 1894 3222 1956; x_wconf 88' lang='lat' dir='ltr'><strong>putes,</strong></span> <span class='ocrx_word' id='word_1_278' title='bbox 3273 1885 3366 1940; x_wconf 86' lang='lat' dir='ltr'><strong>sed</strong></span> <span class='ocrx_word' id='word_1_279' title='bbox 3417 1884 3484 1936; x_wconf 91' lang='lat' dir='ltr'><strong>ad</strong></span> <span class='ocrx_word' id='word_1_280' title='bbox 3530 1883 3638 1937; x_wconf 74' lang='lat' dir='ltr'><strong>alia</strong></span> 
     </span>
    </p>
   </div>
   <div class='ocr_carea' id='block_1_49' title="bbox 2062 1973 3633 2045">
    <p class='ocr_par' dir='ltr' id='par_1_49' title="bbox 2062 1973 3633 2045">
     <span class='ocr_line' id='line_1_49' title="bbox 2062 1973 3633 2045; baseline 0.002 -18"><span class='ocrx_word' id='word_1_281' title='bbox 2062 1983 2330 2045; x_wconf 71' lang='lat' dir='ltr'><strong>prrceepta</strong></span> <span class='ocrx_word' id='word_1_282' title='bbox 2375 1973 2591 2037; x_wconf 84' lang='lat' dir='ltr'><strong>festina,</strong></span> <span class='ocrx_word' id='word_1_283' title='bbox 2645 1984 2698 2029; x_wconf 91' lang='lat' dir='ltr'><strong>et</strong></span> <span class='ocrx_word' id='word_1_284' title='bbox 2760 1977 2946 2030; x_wconf 90' lang='lat' dir='ltr'><strong>nidum</strong></span> <span class='ocrx_word' id='word_1_285' title='bbox 2991 1984 3143 2031; x_wconf 90' lang='lat' dir='ltr'><strong>tuum</strong></span> <span class='ocrx_word' id='word_1_286' title='bbox 3188 1977 3402 2031; x_wconf 85' lang='lat' dir='ltr'><strong>abunde</strong></span> <span class='ocrx_word' id='word_1_287' title='bbox 3451 1976 3633 2044; x_wconf 84' lang='lat' dir='ltr'><strong>imple,</strong></span> 
     </span>
    </p>
   </div>
   <div class='ocr_carea' id='block_1_50' title="bbox 2064 2067 3636 2136">
    <p class='ocr_par' dir='ltr' id='par_1_50' title="bbox 2064 2067 3636 2136">
     <span class='ocr_line' id='line_1_50' title="bbox 2064 2067 3636 2136; baseline 0.001 -18"><span class='ocrx_word' id='word_1_288' title='bbox 2064 2067 2167 2119; x_wconf 92' lang='lat' dir='ltr'><strong>hoc</strong></span> <span class='ocrx_word' id='word_1_289' title='bbox 2215 2071 2319 2130; x_wconf 90' lang='lat' dir='ltr'><strong>est,</strong></span> <span class='ocrx_word' id='word_1_290' title='bbox 2366 2079 2462 2120; x_wconf 90' lang='lat' dir='ltr'><strong>cor</strong></span> <span class='ocrx_word' id='word_1_291' title='bbox 2504 2072 2658 2119; x_wconf 90' lang='lat' dir='ltr'><strong>tuum</strong></span> <span class='ocrx_word' id='word_1_292' title='bbox 2701 2069 2879 2136; x_wconf 84' lang='lat' dir='ltr'><strong>expia,</strong></span> <span class='ocrx_word' id='word_1_293' title='bbox 2929 2075 2984 2122; x_wconf 86' lang='lat' dir='ltr'><strong>et</strong></span> <span class='ocrx_word' id='word_1_294' title='bbox 3016 2076 3069 2124; x_wconf 90' lang='lat' dir='ltr'><strong>te</strong></span> <span class='ocrx_word' id='word_1_295' title='bbox 3109 2068 3373 2123; x_wconf 85' lang='lat' dir='ltr'><strong>adversus</strong></span> <span class='ocrx_word' id='word_1_296' title='bbox 3420 2072 3636 2122; x_wconf 84' lang='lat' dir='ltr'><strong>contra-</strong></span> 
     </span>
    </p>
   </div>
   <div class='ocr_carea' id='block_1_51' title="bbox 2063 2156 2903 2235">
    <p class='ocr_par' dir='ltr' id='par_1_51' title="bbox 2063 2156 2903 2235">
     <span class='ocr_line' id='line_1_51' title="bbox 2063 2156 2903 2235; baseline 0.002 -26"><span class='ocrx_word' id='word_1_297' title='bbox 2063 2156 2176 2209; x_wconf 90' lang='lat' dir='ltr'><strong>rias</strong></span> <span class='ocrx_word' id='word_1_298' title='bbox 2205 2156 2692 2235; x_wconf 81' lang='lat' dir='ltr'><strong>potestatesvalde</strong></span> <span class='ocrx_word' id='word_1_299' title='bbox 2731 2160 2903 2212; x_wconf 89' lang='lat' dir='ltr'><strong>muni.</strong></span> 
     </span>
    </p>
   </div>
   <div class='ocr_carea' id='block_1_52' title="bbox 2725 2269 2977 2324">
    <p class='ocr_par' dir='ltr' id='par_1_52' title="bbox 2725 2269 2977 2324">
     <span class='ocr_line' id='line_1_52' title="bbox 2725 2269 2977 2324; baseline 0 0"><span class='ocrx_word' id='word_1_300' title='bbox 2725 2269 2875 2324; x_wconf 75' lang='lat' dir='ltr'><strong>CAP.</strong></span> <span class='ocrx_word' id='word_1_301' title='bbox 2910 2271 2977 2324; x_wconf 80' lang='grc' dir='ltr'><strong>Χ.</strong></span> 
     </span>
    </p>
   </div>
   <div class='ocr_carea' id='block_1_53' title="bbox 2693 2362 3021 2417">
    <p class='ocr_par' dir='ltr' id='par_1_53' title="bbox 2693 2362 3021 2417">
     <span class='ocr_line' id='line_1_53' title="bbox 2693 2362 3021 2417; baseline -0.006 -3"><span class='ocrx_word' id='word_1_302' title='bbox 2693 2362 2769 2417; x_wconf 86' lang='lat' dir='ltr'><strong>De</strong></span> <span class='ocrx_word' id='word_1_303' title='bbox 2800 2370 3021 2415; x_wconf 82' lang='lat' dir='ltr'><strong>turture.</strong></span> 
     </span>
    </p>
   </div>
   <div class='ocr_carea' id='block_1_54' title="bbox 2133 2451 3635 2525">
    <p class='ocr_par' dir='ltr' id='par_1_54' title="bbox 2133 2451 3635 2525">
     <span class='ocr_line' id='line_1_54' title="bbox 2133 2451 3635 2525; baseline 0.003 -20"><span class='ocrx_word' id='word_1_304' title='bbox 2133 2451 2279 2508; x_wconf 89' lang='lat' dir='ltr'><strong>Inter</strong></span> <span class='ocrx_word' id='word_1_305' title='bbox 2329 2467 2522 2510; x_wconf 85' lang='lat' dir='ltr'><strong>omnes</strong></span> <span class='ocrx_word' id='word_1_306' title='bbox 2571 2469 2717 2519; x_wconf 84' lang='lat' dir='ltr'><strong>aves,</strong></span> <span class='ocrx_word' id='word_1_307' title='bbox 2769 2454 3018 2525; x_wconf 78' lang='lat' dir='ltr'><strong>conjugis</strong></span> <span class='ocrx_word' id='word_1_308' title='bbox 3067 2467 3259 2508; x_wconf 88' lang='lat' dir='ltr'><strong>amans</strong></span> <span class='ocrx_word' id='word_1_309' title='bbox 3307 2461 3390 2508; x_wconf 90' lang='lat' dir='ltr'><strong>est</strong></span> <span class='ocrx_word' id='word_1_310' title='bbox 3437 2463 3635 2510; x_wconf 87' lang='lat' dir='ltr'><strong>turtur.</strong></span> 
     </span>
    </p>
   </div>
   <div class='ocr_carea' id='block_1_55' title="bbox 2065 2542 3638 2616">
    <p class='ocr_par' dir='ltr' id='par_1_55' title="bbox 2065 2542 3638 2616">
     <span class='ocr_line' id='line_1_55' title="bbox 2065 2542 3638 2616; baseline 0.001 -19"><span class='ocrx_word' id='word_1_311' title='bbox 2065 2542 2180 2600; x_wconf 80' lang='lat' dir='ltr'><strong>Mas</strong></span> <span class='ocrx_word' id='word_1_312' title='bbox 2233 2552 2288 2601; x_wconf 89' lang='lat' dir='ltr'><strong>et</strong></span> <span class='ocrx_word' id='word_1_313' title='bbox 2343 2544 2546 2602; x_wconf 78' lang='lat' dir='ltr'><strong>femina</strong></span> <span class='ocrx_word' id='word_1_314' title='bbox 2593 2563 2699 2600; x_wconf 89' lang='lat' dir='ltr'><strong>una</strong></span> <span class='ocrx_word' id='word_1_315' title='bbox 2746 2547 2932 2601; x_wconf 80' lang='lat' dir='ltr'><strong>volant</strong></span> <span class='ocrx_word' id='word_1_316' title='bbox 2969 2545 3258 2616; x_wconf 89' lang='lat' dir='ltr'><strong>pullosque</strong></span> <span class='ocrx_word' id='word_1_317' title='bbox 3311 2557 3638 2615; x_wconf 82' lang='lat' dir='ltr'><strong>procreant;</strong></span> 
     </span>
    </p>
   </div>
   <div class='ocr_carea' id='block_1_56' title="bbox 2065 2632 3640 2706">
    <p class='ocr_par' dir='ltr' id='par_1_56' title="bbox 2065 2632 3640 2706">
     <span class='ocr_line' id='line_1_56' title="bbox 2065 2632 3640 2706; baseline 0.003 -20"><span class='ocrx_word' id='word_1_318' title='bbox 2065 2632 2113 2686; x_wconf 87' lang='lat' dir='ltr'><strong>si</strong></span> <span class='ocrx_word' id='word_1_319' title='bbox 2152 2649 2281 2689; x_wconf 89' lang='lat' dir='ltr'><strong>vero</strong></span> <span class='ocrx_word' id='word_1_320' title='bbox 2333 2642 2509 2690; x_wconf 89' lang='lat' dir='ltr'><strong>morte</strong></span> <span class='ocrx_word' id='word_1_321' title='bbox 2567 2646 2913 2705; x_wconf 86' lang='lat' dir='ltr'><strong>separantur,</strong></span> <span class='ocrx_word' id='word_1_322' title='bbox 2954 2634 3020 2688; x_wconf 89' lang='lat' dir='ltr'><strong>ad</strong></span> <span class='ocrx_word' id='word_1_323' title='bbox 3073 2635 3230 2691; x_wconf 78' lang='lat' dir='ltr'><strong>tinem</strong></span> <span class='ocrx_word' id='word_1_324' title='bbox 3289 2652 3465 2706; x_wconf 86' lang='lat' dir='ltr'><strong>usque</strong></span> <span class='ocrx_word' id='word_1_325' title='bbox 3519 2639 3640 2690; x_wconf 77' lang='lat' dir='ltr'><strong>vita:</strong></span> 
     </span>
    </p>
   </div>
   <div class='ocr_carea' id='block_1_57' title="bbox 2063 2724 2759 2782">
    <p class='ocr_par' dir='ltr' id='par_1_57' title="bbox 2063 2724 2759 2782">
     <span class='ocr_line' id='line_1_57' title="bbox 2063 2724 2759 2782; baseline 0.003 -4"><span class='ocrx_word' id='word_1_326' title='bbox 2063 2724 2387 2782; x_wconf 83' lang='lat' dir='ltr'><strong>viduitatem</strong></span> <span class='ocrx_word' id='word_1_327' title='bbox 2422 2726 2759 2782; x_wconf 86' lang='lat' dir='ltr'><strong>custodiunt.</strong></span> 
     </span>
    </p>
   </div>
   <div class='ocr_carea' id='block_1_58' title="bbox 2660 2901 3051 2971">
    <p class='ocr_par' dir='ltr' id='par_1_58' title="bbox 2660 2901 3051 2971">
     <span class='ocr_line' id='line_1_58' title="bbox 2660 2901 3051 2971; baseline -0.003 -17"><span class='ocrx_word' id='word_1_328' title='bbox 2660 2901 3051 2971; x_wconf 78' lang='lat' dir='ltr'><strong>Interpretatio.</strong></span> 
     </span>
    </p>
   </div>
   <div class='ocr_carea' id='block_1_59' title="bbox 2139 2992 3635 3064">
    <p class='ocr_par' dir='ltr' id='par_1_59' title="bbox 2139 2992 3635 3064">
     <span class='ocr_line' id='line_1_59' title="bbox 2139 2992 3635 3064; baseline 0.003 -16"><span class='ocrx_word' id='word_1_329' title='bbox 2139 2994 2228 3048; x_wconf 89' lang='lat' dir='ltr'><strong>Sic</strong></span> <span class='ocrx_word' id='word_1_330' title='bbox 2260 3004 2337 3055; x_wconf 89' lang='lat' dir='ltr'><strong>tu,</strong></span> <span class='ocrx_word' id='word_1_331' title='bbox 2371 2992 2671 3062; x_wconf 88' lang='lat' dir='ltr'><strong>spiritualis</strong></span> <span class='ocrx_word' id='word_1_332' title='bbox 2720 2993 2901 3055; x_wconf 88' lang='lat' dir='ltr'><strong>homo,</strong></span> <span class='ocrx_word' id='word_1_333' title='bbox 2939 3010 3062 3047; x_wconf 90' lang='lat' dir='ltr'><strong>cum</strong></span> <span class='ocrx_word' id='word_1_334' title='bbox 3113 2995 3350 3064; x_wconf 89' lang='lat' dir='ltr'><strong>peccatis</strong></span> <span class='ocrx_word' id='word_1_335' title='bbox 3382 3004 3635 3056; x_wconf 86' lang='lat' dir='ltr'><strong>onustus.</strong></span> 
     </span>
    </p>
   </div>
   <div class='ocr_carea' id='block_1_60' title="bbox 390 3057 1962 3169">
    <p class='ocr_par' dir='ltr' id='par_1_60' title="bbox 390 3090 1958 3169">
     <span class='ocr_line' id='line_1_60' title="bbox 390 3090 1958 3169; baseline -0.005 -18"><span class='ocrx_word' id='word_1_336' title='bbox 390 3098 553 3168; x_wconf 80' lang='grc' dir='ltr'>μιῶν,</span> <span class='ocrx_word' id='word_1_337' title='bbox 593 3096 687 3150; x_wconf 72' lang='grc' dir='ltr'><strong>καὶ</strong></span> <span class='ocrx_word' id='word_1_338' title='bbox 712 3096 838 3169; x_wconf 77' lang='grc' dir='ltr'>δόξῃ</span> <span class='ocrx_word' id='word_1_339' title='bbox 865 3113 946 3148; x_wconf 89' lang='grc' dir='ltr'><strong>σοι</strong></span> <span class='ocrx_word' id='word_1_340' title='bbox 973 3095 1160 3165; x_wconf 74' lang='grc' dir='ltr'>καιρὸς</span> <span class='ocrx_word' id='word_1_341' title='bbox 1192 3093 1286 3146; x_wconf 81' lang='grc' dir='ltr'>τοῦ</span> <span class='ocrx_word' id='word_1_342' title='bbox 1313 3093 1658 3164; x_wconf 79' lang='grc' dir='ltr'>μετανοῆσαι,</span> <span class='ocrx_word' id='word_1_343' title='bbox 1689 3090 1958 3146; x_wconf 78' lang='grc' dir='ltr'>ἀπόϐαλλε</span> 
     </span>
    </p>
   </div>
   <div class='ocr_carea' id='block_1_61' title="bbox 2077 3057 3638 3169">
    <p class='ocr_par' dir='ltr' id='par_1_61' title="bbox 2077 3083 3638 3156">
     <span class='ocr_line' id='line_1_61' title="bbox 2077 3083 3638 3156; baseline 0.001 -18"><span class='ocrx_word' id='word_1_344' title='bbox 2077 3092 2282 3154; x_wconf 85' lang='lat' dir='ltr'><strong>tempus</strong></span> <span class='ocrx_word' id='word_1_345' title='bbox 2331 3089 2454 3139; x_wconf 76' lang='lat' dir='ltr'><strong>esse</strong></span> <span class='ocrx_word' id='word_1_346' title='bbox 2509 3083 2805 3152; x_wconf 76' lang='lat' dir='ltr'><strong>pmnitendi</strong></span> <span class='ocrx_word' id='word_1_347' title='bbox 2850 3083 3200 3152; x_wconf 82' lang='lat' dir='ltr'><strong>judicavcris,</strong></span> <span class='ocrx_word' id='word_1_348' title='bbox 3254 3086 3429 3154; x_wconf 86' lang='lat' dir='ltr'><strong>abjice</strong></span> <span class='ocrx_word' id='word_1_349' title='bbox 3475 3104 3638 3156; x_wconf 76' lang='lat' dir='ltr'><strong>prava</strong></span> 
     </span>
    </p>
   </div>
   <div class='ocr_carea' id='block_1_62' title="bbox 385 3181 1959 3259">
    <p class='ocr_par' dir='ltr' id='par_1_62' title="bbox 385 3181 1959 3259">
     <span class='ocr_line' id='line_1_62' title="bbox 385 3181 1959 3259; baseline -0.004 -18"><span class='ocrx_word' id='word_1_350' title='bbox 385 3187 448 3241; x_wconf 77' lang='grc' dir='ltr'>τὸ</span> <span class='ocrx_word' id='word_1_351' title='bbox 473 3189 822 3259; x_wconf 81' lang='grc' dir='ltr'>κακουργεῖν,</span> <span class='ocrx_word' id='word_1_352' title='bbox 851 3185 943 3238; x_wconf 69' lang='grc' dir='ltr'><strong>καὶ</strong></span> <span class='ocrx_word' id='word_1_353' title='bbox 993 3185 1067 3256; x_wconf 76' lang='grc' dir='ltr'>μὴ</span> <span class='ocrx_word' id='word_1_354' title='bbox 1103 3184 1405 3255; x_wconf 84' lang='grc' dir='ltr'>περιπέσῃς</span> <span class='ocrx_word' id='word_1_355' title='bbox 1444 3184 1523 3246; x_wconf 85' lang='grc' dir='ltr'>εἰς</span> <span class='ocrx_word' id='word_1_356' title='bbox 1555 3183 1739 3253; x_wconf 73' lang='grc' dir='ltr'>ἕτερον</span> <span class='ocrx_word' id='word_1_357' title='bbox 1768 3181 1959 3251; x_wconf 81' lang='grc' dir='ltr'>ῥύπον,</span> 
     </span>
    </p>
   </div>
   <div class='ocr_carea' id='block_1_63' title="bbox 391 3271 1962 3346">
    <p class='ocr_par' dir='ltr' id='par_1_63' title="bbox 391 3271 1962 3346">
     <span class='ocr_line' id='line_1_63' title="bbox 391 3271 1962 3346; baseline -0.006 -14"><span class='ocrx_word' id='word_1_358' title='bbox 391 3278 670 3332; x_wconf 73' lang='grc' dir='ltr'>τουτέστιν</span> <span class='ocrx_word' id='word_1_359' title='bbox 715 3278 794 3340; x_wconf 85' lang='grc' dir='ltr'>εἰς</span> <span class='ocrx_word' id='word_1_360' title='bbox 831 3276 1022 3346; x_wconf 80' lang='grc' dir='ltr'>ἑτέραν</span> <span class='ocrx_word' id='word_1_361' title='bbox 1074 3274 1366 3346; x_wconf 81' lang='grc' dir='ltr'>ἁμαρτίαν,</span> <span class='ocrx_word' id='word_1_362' title='bbox 1408 3271 1543 3327; x_wconf 84' lang='grc' dir='ltr'>ἀλλὰ</span> <span class='ocrx_word' id='word_1_363' title='bbox 1585 3271 1822 3341; x_wconf 84' lang='grc' dir='ltr'>φύλασσε</span> <span class='ocrx_word' id='word_1_364' title='bbox 1865 3271 1962 3342; x_wconf 81' lang='grc' dir='ltr'>τὴν</span> 
     </span>
    </p>
   </div>
   <div class='ocr_carea' id='block_1_64' title="bbox 394 3361 1960 3439">
    <p class='ocr_par' dir='ltr' id='par_1_64' title="bbox 394 3361 1960 3439">
     <span class='ocr_line' id='line_1_64' title="bbox 394 3361 1960 3439; baseline -0.006 -17"><span class='ocrx_word' id='word_1_365' title='bbox 394 3367 734 3439; x_wconf 83' lang='grc' dir='ltr'>μονογαμίαν</span> <span class='ocrx_word' id='word_1_366' title='bbox 767 3383 882 3429; x_wconf 90' lang='grc' dir='ltr'>σου,</span> <span class='ocrx_word' id='word_1_367' title='bbox 903 3365 1145 3430; x_wconf 85' lang='grc' dir='ltr'>τουτέστι</span> <span class='ocrx_word' id='word_1_368' title='bbox 1171 3364 1261 3418; x_wconf 82' lang='grc' dir='ltr'><strong>τὸν</strong></span> <span class='ocrx_word' id='word_1_369' title='bbox 1287 3365 1410 3434; x_wconf 83' lang='grc' dir='ltr'>ὅρον</span> <span class='ocrx_word' id='word_1_370' title='bbox 1435 3363 1533 3434; x_wconf 82' lang='grc' dir='ltr'>τῆς</span> <span class='ocrx_word' id='word_1_371' title='bbox 1559 3361 1814 3430; x_wconf 73' lang='grc' dir='ltr'><strong>⁴γυναικός</strong></span> <span class='ocrx_word' id='word_1_372' title='bbox 1846 3377 1960 3423; x_wconf 88' lang='grc' dir='ltr'>σου,</span> 
     </span>
    </p>
   </div>
   <div class='ocr_carea' id='block_1_65' title="bbox 385 3455 1644 3532">
    <p class='ocr_par' dir='ltr' id='par_1_65' title="bbox 385 3455 1644 3532">
     <span class='ocr_line' id='line_1_65' title="bbox 385 3455 1644 3532; baseline -0.006 -18"><span class='ocrx_word' id='word_1_373' title='bbox 385 3460 478 3516; x_wconf 78' lang='grc' dir='ltr'>ἵνα</span> <span class='ocrx_word' id='word_1_374' title='bbox 512 3461 676 3532; x_wconf 78' lang='grc' dir='ltr'>εὕρῃς</span> <span class='ocrx_word' id='word_1_375' title='bbox 711 3456 876 3528; x_wconf 80' lang='grc' dir='ltr'>μονὴν</span> <span class='ocrx_word' id='word_1_376' title='bbox 906 3459 962 3509; x_wconf 84' lang='grc' dir='ltr'><strong>ἐν</strong></span> <span class='ocrx_word' id='word_1_377' title='bbox 991 3459 1056 3526; x_wconf 80' lang='grc' dir='ltr'>τῇ</span> <span class='ocrx_word' id='word_1_378' title='bbox 1091 3456 1318 3526; x_wconf 73' lang='grc' dir='ltr'>δευτέρᾳ</span> <span class='ocrx_word' id='word_1_379' title='bbox 1353 3455 1644 3524; x_wconf 69' lang='grc' dir='ltr'>παρουσίᾳ.</span> 
     </span>
    </p>
   </div>
   <div class='ocr_carea' id='block_1_66' title="bbox 1039 3556 1348 3619">
    <p class='ocr_par' dir='ltr' id='par_1_66' title="bbox 1039 3556 1348 3619">
     <span class='ocr_line' id='line_1_66' title="bbox 1039 3556 1348 3619; baseline -0.013 0"><span class='ocrx_word' id='word_1_380' title='bbox 1039 3567 1198 3619; x_wconf 78' lang='grc' dir='ltr'><strong>ΚΕΦ.</strong></span> <span class='ocrx_word' id='word_1_381' title='bbox 1241 3556 1348 3618; x_wconf 84' lang='grc' dir='ltr'><strong>1Α’.</strong></span> 
     </span>
    </p>
   </div>
   <div class='ocr_carea' id='block_1_67' title="bbox 872 3655 1474 3725">
    <p class='ocr_par' dir='ltr' id='par_1_67' title="bbox 872 3655 1474 3725">
     <span class='ocr_line' id='line_1_67' title="bbox 872 3655 1474 3725; baseline -0.01 -14"><span class='ocrx_word' id='word_1_382' title='bbox 872 3655 1012 3725; x_wconf 78' lang='grc' dir='ltr'>Περὶ</span> <span class='ocrx_word' id='word_1_383' title='bbox 1044 3655 1148 3708; x_wconf 82' lang='grc' dir='ltr'>τοῦ</span> <span class='ocrx_word' id='word_1_384' title='bbox 1183 3655 1474 3723; x_wconf 67' lang='grc' dir='ltr'>φοίνικος.</span> 
     </span>
    </p>
   </div>
   <div class='ocr_carea' id='block_1_68' title="bbox 458 3743 1962 3818">
    <p class='ocr_par' dir='ltr' id='par_1_68' title="bbox 458 3743 1962 3818">
     <span class='ocr_line' id='line_1_68' title="bbox 458 3743 1962 3818; baseline -0.006 -15"><span class='ocrx_word' id='word_1_385' title='bbox 458 3750 638 3814; x_wconf 78' lang='grc' dir='ltr'>Φοῖνιξ</span> <span class='ocrx_word' id='word_1_386' title='bbox 667 3749 760 3802; x_wconf 81' lang='grc' dir='ltr'><strong>τοῦ</strong></span> <span class='ocrx_word' id='word_1_387' title='bbox 805 3747 1010 3812; x_wconf 81' lang='grc' dir='ltr'>ταῶνος</span> <span class='ocrx_word' id='word_1_388' title='bbox 1047 3744 1352 3818; x_wconf 84' lang='grc' dir='ltr'>ὡραιοτέρα</span> <span class='ocrx_word' id='word_1_389' title='bbox 1402 3744 1652 3814; x_wconf 80' lang='grc' dir='ltr'>ὑπάρχει.</span> <span class='ocrx_word' id='word_1_390' title='bbox 1720 3744 1775 3796; x_wconf 90' lang='grc' dir='ltr'>Ὀ</span> <span class='ocrx_word' id='word_1_391' title='bbox 1820 3743 1962 3795; x_wconf 86' lang='grc' dir='ltr'>ταὼν</span> 
     </span>
    </p>
   </div>
   <div class='ocr_carea' id='block_1_69' title="bbox 378 3834 1964 3914">
    <p class='ocr_par' dir='ltr' id='par_1_69' title="bbox 378 3834 1964 3914">
     <span class='ocr_line' id='line_1_69' title="bbox 378 3834 1964 3914; baseline -0.009 -16"><span class='ocrx_word' id='word_1_392' title='bbox 378 3844 500 3914; x_wconf 75' lang='grc' dir='ltr'><strong>γὰρ</strong></span> <span class='ocrx_word' id='word_1_393' title='bbox 543 3843 747 3912; x_wconf 83' lang='grc' dir='ltr'>χρυσίῳ</span> <span class='ocrx_word' id='word_1_394' title='bbox 787 3841 882 3895; x_wconf 82' lang='grc' dir='ltr'>καὶ</span> <span class='ocrx_word' id='word_1_395' title='bbox 927 3839 1176 3911; x_wconf 83' lang='grc' dir='ltr'>ἀργυρίῳ</span> <span class='ocrx_word' id='word_1_396' title='bbox 1210 3836 1592 3897; x_wconf 82' lang='grc' dir='ltr'>καταπετάσας</span> <span class='ocrx_word' id='word_1_397' title='bbox 1619 3835 1716 3897; x_wconf 73' lang='grc' dir='ltr'>τὰς</span> <span class='ocrx_word' id='word_1_398' title='bbox 1767 3834 1964 3904; x_wconf 80' lang='grc' dir='ltr'>πτέρυ-</span> 
     </span>
    </p>
   </div>
   <div class='ocr_carea' id='block_1_70' title="bbox 379 3923 1964 4004">
    <p class='ocr_par' dir='ltr' id='par_1_70' title="bbox 379 3923 1964 4004">
     <span class='ocr_line' id='line_1_70' title="bbox 379 3923 1964 4004; baseline -0.007 -19"><span class='ocrx_word' id='word_1_399' title='bbox 379 3949 496 4004; x_wconf 77' lang='grc' dir='ltr'><strong>γας</strong></span> <span class='ocrx_word' id='word_1_400' title='bbox 551 3933 846 4001; x_wconf 80' lang='grc' dir='ltr'>κέκτηται’</span> <span class='ocrx_word' id='word_1_401' title='bbox 1010 3929 1067 3982; x_wconf 83' lang='grc' dir='ltr'>δὲ</span> <span class='ocrx_word' id='word_1_402' title='bbox 1122 3927 1318 3996; x_wconf 77' lang='grc' dir='ltr'>φοῖνιξ,</span> <span class='ocrx_word' id='word_1_403' title='bbox 1370 3924 1623 3979; x_wconf 83' lang='grc' dir='ltr'>ὑακίνθου</span> <span class='ocrx_word' id='word_1_404' title='bbox 1676 3923 1770 3976; x_wconf 65' lang='grc' dir='ltr'><strong>καὶ⁸</strong></span> <span class='ocrx_word' id='word_1_405' title='bbox 1825 3940 1964 3993; x_wconf 81' lang='grc' dir='ltr'>σμα-</span> 
     </span>
    </p>
   </div>
   <div class='ocr_carea' id='block_1_71' title="bbox 382 4014 1963 4095">
    <p class='ocr_par' dir='ltr' id='par_1_71' title="bbox 382 4014 1963 4095">
     <span class='ocr_line' id='line_1_71' title="bbox 382 4014 1963 4095; baseline -0.008 -19"><span class='ocrx_word' id='word_1_406' title='bbox 382 4022 592 4095; x_wconf 78' lang='grc' dir='ltr'>ράγδου</span> <span class='ocrx_word' id='word_1_407' title='bbox 631 4021 722 4074; x_wconf 77' lang='grc' dir='ltr'>καὶ</span> <span class='ocrx_word' id='word_1_408' title='bbox 747 4020 906 4073; x_wconf 91' lang='grc' dir='ltr'>λίθων</span> <span class='ocrx_word' id='word_1_409' title='bbox 938 4019 1260 4072; x_wconf 69' lang='grc' dir='ltr'>πολυτελῶν.</span> <span class='ocrx_word' id='word_1_410' title='bbox 1297 4017 1502 4087; x_wconf 83' lang='grc' dir='ltr'>Τιάραν</span> <span class='ocrx_word' id='word_1_411' title='bbox 1528 4015 1636 4085; x_wconf 77' lang='grc' dir='ltr'><strong>γὰρ</strong></span> <span class='ocrx_word' id='word_1_412' title='bbox 1677 4015 1830 4084; x_wconf 82' lang='grc' dir='ltr'>φέρει</span> <span class='ocrx_word' id='word_1_413' title='bbox 1871 4014 1963 4066; x_wconf 80' lang='grc' dir='ltr'><strong>ἐπὶ</strong></span> 
     </span>
    </p>
   </div>
   <div class='ocr_carea' id='block_1_72' title="bbox 379 4106 1962 4184">
    <p class='ocr_par' dir='ltr' id='par_1_72' title="bbox 379 4106 1962 4184">
     <span class='ocr_line' id='line_1_72' title="bbox 379 4106 1962 4184; baseline -0.006 -19"><span class='ocrx_word' id='word_1_414' title='bbox 379 4114 488 4184; x_wconf 75' lang='grc' dir='ltr'><strong>τὴν</strong></span> <span class='ocrx_word' id='word_1_415' title='bbox 538 4113 797 4182; x_wconf 75' lang='grc' dir='ltr'>κεφαλὴν,</span> <span class='ocrx_word' id='word_1_416' title='bbox 837 4112 930 4164; x_wconf 72' lang='grc' dir='ltr'>καὶ</span> <span class='ocrx_word' id='word_1_417' title='bbox 979 4110 1189 4179; x_wconf 74' lang='grc' dir='ltr'>σφύρας</span> <span class='ocrx_word' id='word_1_418' title='bbox 1239 4108 1460 4177; x_wconf 85' lang='grc' dir='ltr'>κατέχει</span> <span class='ocrx_word' id='word_1_419' title='bbox 1512 4108 1604 4160; x_wconf 77' lang='grc' dir='ltr'><strong>ἐπὶ</strong></span> <span class='ocrx_word' id='word_1_420' title='bbox 1647 4108 1760 4167; x_wconf 84' lang='grc' dir='ltr'>τοῖς</span> <span class='ocrx_word' id='word_1_421' title='bbox 1805 4106 1962 4157; x_wconf 75' lang='grc' dir='ltr'>ποσὶν</span> 
     </span>
    </p>
   </div>
   <div class='ocr_carea' id='block_1_73' title="bbox 378 4198 1960 4273">
    <p class='ocr_par' dir='ltr' id='par_1_73' title="bbox 378 4198 1960 4273">
     <span class='ocr_line' id='line_1_73' title="bbox 378 4198 1960 4273; baseline -0.006 -16"><span class='ocrx_word' id='word_1_422' title='bbox 378 4205 584 4273; x_wconf 74' lang='grc' dir='ltr'>αὐτῆς.</span> <span class='ocrx_word' id='word_1_423' title='bbox 642 4203 705 4254; x_wconf 84' lang='grc' dir='ltr'><em>Ἢ</em></span> <span class='ocrx_word' id='word_1_424' title='bbox 763 4201 934 4270; x_wconf 79' lang='grc' dir='ltr'>φοῖνιξ</span> <span class='ocrx_word' id='word_1_425' title='bbox 985 4201 1084 4270; x_wconf 83' lang='grc' dir='ltr'><strong>τῆς</strong></span> <span class='ocrx_word' id='word_1_426' title='bbox 1149 4200 1338 4262; x_wconf 86' lang='grc' dir='ltr'>Ἰνδίας</span> <span class='ocrx_word' id='word_1_427' title='bbox 1393 4201 1560 4267; x_wconf 75' lang='grc' dir='ltr'>ἐγγὺς</span> <span class='ocrx_word' id='word_1_428' title='bbox 1627 4198 1960 4262; x_wconf 76' lang='grc' dir='ltr'>κοιτάζεται,</span> 
     </span>
    </p>
   </div>
   <div class='ocr_carea' id='block_1_74' title="bbox 385 4288 1961 4363">
    <p class='ocr_par' dir='ltr' id='par_1_74' title="bbox 385 4288 1961 4363">
     <span class='ocr_line' id='line_1_74' title="bbox 385 4288 1961 4363; baseline -0.004 -16"><span class='ocrx_word' id='word_1_429' title='bbox 385 4295 488 4348; x_wconf 80' lang='grc' dir='ltr'><strong>καὶ</strong></span> <span class='ocrx_word' id='word_1_430' title='bbox 517 4296 658 4363; x_wconf 58' lang='grc' dir='ltr'>ἀμςοὶ</span> <span class='ocrx_word' id='word_1_431' title='bbox 684 4293 752 4345; x_wconf 74' lang='grc' dir='ltr'><strong>τά</strong></span> <span class='ocrx_word' id='word_1_432' title='bbox 794 4293 1120 4346; x_wconf 85' lang='grc' dir='ltr'>πεντακόσια</span> <span class='ocrx_word' id='word_1_433' title='bbox 1150 4292 1242 4361; x_wconf 77' lang='grc' dir='ltr'>ἐτη</span> <span class='ocrx_word' id='word_1_434' title='bbox 1270 4291 1360 4344; x_wconf 82' lang='grc' dir='ltr'><strong>τὸν</strong></span> <span class='ocrx_word' id='word_1_435' title='bbox 1385 4290 1510 4359; x_wconf 8' lang='grc' dir='ltr'>,βίον</span> <span class='ocrx_word' id='word_1_436' title='bbox 1539 4289 1714 4356; x_wconf 77' lang='grc' dir='ltr'>διάγει</span> <span class='ocrx_word' id='word_1_437' title='bbox 1752 4291 1832 4353; x_wconf 88' lang='grc' dir='ltr'>εἰς</span> <span class='ocrx_word' id='word_1_438' title='bbox 1862 4288 1961 4352; x_wconf 85' lang='grc' dir='ltr'>τὰς</span> 
     </span>
    </p>
   </div>
   <div class='ocr_carea' id='block_1_75' title="bbox 2062 3173 3641 3246">
    <p class='ocr_par' dir='ltr' id='par_1_75' title="bbox 2062 3173 3641 3246">
     <span class='ocr_line' id='line_1_75' title="bbox 2062 3173 3641 3246; baseline -0.001 -15"><span class='ocrx_word' id='word_1_439' title='bbox 2062 3190 2247 3246; x_wconf 86' lang='lat' dir='ltr'><strong>opera,</strong></span> <span class='ocrx_word' id='word_1_440' title='bbox 2292 3190 2390 3229; x_wconf 92' lang='lat' dir='ltr'><strong>nec</strong></span> <span class='ocrx_word' id='word_1_441' title='bbox 2441 3174 2598 3228; x_wconf 86' lang='lat' dir='ltr'><strong>novis</strong></span> <span class='ocrx_word' id='word_1_442' title='bbox 2641 3183 2691 3228; x_wconf 91' lang='lat' dir='ltr'><strong>te</strong></span> <span class='ocrx_word' id='word_1_443' title='bbox 2731 3173 3006 3237; x_wconf 87' lang='lat' dir='ltr'><strong>sordibus,</strong></span> <span class='ocrx_word' id='word_1_444' title='bbox 3037 3175 3088 3228; x_wconf 88' lang='lat' dir='ltr'><strong>id</strong></span> <span class='ocrx_word' id='word_1_445' title='bbox 3125 3181 3209 3228; x_wconf 85' lang='lat' dir='ltr'><strong>est</strong></span> <span class='ocrx_word' id='word_1_446' title='bbox 3240 3176 3497 3244; x_wconf 88' lang='lat' dir='ltr'><strong>peccatis,</strong></span> <span class='ocrx_word' id='word_1_447' title='bbox 3541 3177 3641 3230; x_wconf 90' lang='lat' dir='ltr'><strong>im-</strong></span> 
     </span>
    </p>
   </div>
   <div class='ocr_carea' id='block_1_76' title="bbox 2063 3265 3640 3337">
    <p class='ocr_par' dir='ltr' id='par_1_76' title="bbox 2063 3265 3640 3337">
     <span class='ocr_line' id='line_1_76' title="bbox 2063 3265 3640 3337; baseline 0.001 -17"><span class='ocrx_word' id='word_1_448' title='bbox 2063 3268 2252 3337; x_wconf 87' lang='lat' dir='ltr'><strong>plices,</strong></span> <span class='ocrx_word' id='word_1_449' title='bbox 2283 3267 2377 3321; x_wconf 88' lang='lat' dir='ltr'><strong>scd</strong></span> <span class='ocrx_word' id='word_1_450' title='bbox 2409 3265 2570 3320; x_wconf 88' lang='lat' dir='ltr'><strong>unico</strong></span> <span class='ocrx_word' id='word_1_451' title='bbox 2599 3265 2856 3337; x_wconf 80' lang='lat' dir='ltr'><strong>conjugio</strong></span> <span class='ocrx_word' id='word_1_452' title='bbox 2901 3279 3189 3324; x_wconf 82' lang='lat' dir='ltr'><strong>contentus</strong></span> <span class='ocrx_word' id='word_1_453' title='bbox 3220 3273 3358 3332; x_wconf 79' lang='lat' dir='ltr'><strong>esto,</strong></span> <span class='ocrx_word' id='word_1_454' title='bbox 3392 3269 3640 3323; x_wconf 70' lang='lat' dir='ltr'><strong>videlicet</strong></span> 
     </span>
    </p>
   </div>
   <div class='ocr_carea' id='block_1_77' title="bbox 2063 3353 3641 3426">
    <p class='ocr_par' dir='ltr' id='par_1_77' title="bbox 2063 3353 3641 3426">
     <span class='ocr_line' id='line_1_77' title="bbox 2063 3353 3641 3426; baseline 0.001 -14"><span class='ocrx_word' id='word_1_455' title='bbox 2063 3360 2205 3412; x_wconf 87' lang='lat' dir='ltr'><strong>intra</strong></span> <span class='ocrx_word' id='word_1_456' title='bbox 2235 3355 2438 3426; x_wconf 88' lang='lat' dir='ltr'><strong>proprii</strong></span> <span class='ocrx_word' id='word_1_457' title='bbox 2470 3353 2572 3408; x_wconf 92' lang='lat' dir='ltr'><strong>tori</strong></span> <span class='ocrx_word' id='word_1_458' title='bbox 2605 3354 2806 3409; x_wconf 87' lang='lat' dir='ltr'><strong>limites</strong></span> <span class='ocrx_word' id='word_1_459' title='bbox 2838 3363 2890 3410; x_wconf 93' lang='lat' dir='ltr'><strong>te</strong></span> <span class='ocrx_word' id='word_1_460' title='bbox 2924 3361 3163 3424; x_wconf 88' lang='lat' dir='ltr'><strong>contine,</strong></span> <span class='ocrx_word' id='word_1_461' title='bbox 3202 3369 3261 3414; x_wconf 93' lang='lat' dir='ltr'><strong>ut</strong></span> <span class='ocrx_word' id='word_1_462' title='bbox 3298 3360 3352 3414; x_wconf 94' lang='lat' dir='ltr'><strong>in</strong></span> <span class='ocrx_word' id='word_1_463' title='bbox 3399 3361 3641 3415; x_wconf 88' lang='lat' dir='ltr'><strong>secundo</strong></span> 
     </span>
    </p>
   </div>
   <div class='ocr_carea' id='block_1_78' title="bbox 2064 3444 2968 3503">
    <p class='ocr_par' dir='ltr' id='par_1_78' title="bbox 2064 3444 2968 3503">
     <span class='ocr_line' id='line_1_78' title="bbox 2064 3444 2968 3503; baseline -0.002 -2"><span class='ocrx_word' id='word_1_464' title='bbox 2064 3449 2295 3503; x_wconf 84' lang='lat' dir='ltr'><strong>adventu</strong></span> <span class='ocrx_word' id='word_1_465' title='bbox 2326 3444 2662 3500; x_wconf 90' lang='lat' dir='ltr'><strong>mansionem</strong></span> <span class='ocrx_word' id='word_1_466' title='bbox 2703 3445 2968 3502; x_wconf 87' lang='lat' dir='ltr'><strong>invenias.</strong></span> 
     </span>
    </p>
   </div>
   <div class='ocr_carea' id='block_1_79' title="bbox 2714 3560 2986 3614">
    <p class='ocr_par' dir='ltr' id='par_1_79' title="bbox 2714 3560 2986 3614">
     <span class='ocr_line' id='line_1_79' title="bbox 2714 3560 2986 3614; baseline -0.007 0"><span class='ocrx_word' id='word_1_467' title='bbox 2714 3560 2862 3614; x_wconf 78' lang='lat' dir='ltr'><strong>CAP.</strong></span> <span class='ocrx_word' id='word_1_468' title='bbox 2899 3560 2986 3614; x_wconf 70' lang='lat' dir='ltr'><strong>XI.</strong></span> 
     </span>
    </p>
   </div>
   <div class='ocr_carea' id='block_1_80' title="bbox 2677 3655 3028 3724">
    <p class='ocr_par' dir='ltr' id='par_1_80' title="bbox 2677 3655 3028 3724">
     <span class='ocr_line' id='line_1_80' title="bbox 2677 3655 3028 3724; baseline -0.014 -14"><span class='ocrx_word' id='word_1_469' title='bbox 2677 3657 2754 3710; x_wconf 81' lang='lat' dir='ltr'><strong>De</strong></span> <span class='ocrx_word' id='word_1_470' title='bbox 2779 3655 3028 3724; x_wconf 77' lang='lat' dir='ltr'><strong>phoenice.</strong></span> 
     </span>
    </p>
   </div>
   <div class='ocr_carea' id='block_1_81' title="bbox 2134 3744 3640 3818">
    <p class='ocr_par' dir='ltr' id='par_1_81' title="bbox 2134 3744 3640 3818">
     <span class='ocr_line' id='line_1_81' title="bbox 2134 3744 3640 3818; baseline 0.001 -21"><span class='ocrx_word' id='word_1_471' title='bbox 2134 3744 2357 3800; x_wconf 72' lang='lat' dir='ltr'><strong>thnix</strong></span> <span class='ocrx_word' id='word_1_472' title='bbox 2384 3750 2500 3802; x_wconf 89' lang='lat' dir='ltr'><strong>avis</strong></span> <span class='ocrx_word' id='word_1_473' title='bbox 2525 3764 2732 3818; x_wconf 87' lang='lat' dir='ltr'><strong>pavone</strong></span> <span class='ocrx_word' id='word_1_474' title='bbox 2762 3749 3042 3818; x_wconf 87' lang='lat' dir='ltr'><strong>pulchrior</strong></span> <span class='ocrx_word' id='word_1_475' title='bbox 3066 3756 3168 3802; x_wconf 91' lang='lat' dir='ltr'><strong>est.</strong></span> <span class='ocrx_word' id='word_1_476' title='bbox 3200 3747 3344 3801; x_wconf 87' lang='lat' dir='ltr'><strong>Pavo</strong></span> <span class='ocrx_word' id='word_1_477' title='bbox 3365 3747 3508 3802; x_wconf 84' lang='lat' dir='ltr'><strong>enim</strong></span> <span class='ocrx_word' id='word_1_478' title='bbox 3543 3760 3640 3800; x_wconf 52' lang='lat' dir='ltr'><strong>ana</strong></span> 
     </span>
    </p>
   </div>
   <div class='ocr_carea' id='block_1_82' title="bbox 2064 3839 3637 3908">
    <p class='ocr_par' dir='ltr' id='par_1_82' title="bbox 2064 3839 3637 3908">
     <span class='ocr_line' id='line_1_82' title="bbox 2064 3839 3637 3908; baseline 0.003 -21"><span class='ocrx_word' id='word_1_479' title='bbox 2064 3849 2182 3889; x_wconf 89' lang='lat' dir='ltr'><strong>reas</strong></span> <span class='ocrx_word' id='word_1_480' title='bbox 2212 3846 2600 3908; x_wconf 70' lang='lat' dir='ltr'><strong>argenteasque</strong></span> <span class='ocrx_word' id='word_1_481' title='bbox 2625 3841 2786 3895; x_wconf 86' lang='lat' dir='ltr'><strong>habet</strong></span> <span class='ocrx_word' id='word_1_482' title='bbox 2805 3841 2959 3904; x_wconf 87' lang='lat' dir='ltr'><strong>alas;</strong></span> <span class='ocrx_word' id='word_1_483' title='bbox 2997 3839 3215 3907; x_wconf 73' lang='lat' dir='ltr'><strong>phwnix</strong></span> <span class='ocrx_word' id='word_1_484' title='bbox 3238 3853 3368 3892; x_wconf 85' lang='lat' dir='ltr'><strong>vero</strong></span> <span class='ocrx_word' id='word_1_485' title='bbox 3407 3839 3637 3908; x_wconf 77' lang='lat' dir='ltr'><strong>hyacin-</strong></span> 
     </span>
    </p>
   </div>
   <div class='ocr_carea' id='block_1_83' title="bbox 2063 3925 3640 3999">
    <p class='ocr_par' dir='ltr' id='par_1_83' title="bbox 2063 3925 3640 3999">
     <span class='ocr_line' id='line_1_83' title="bbox 2063 3925 3640 3999; baseline 0.003 -22"><span class='ocrx_word' id='word_1_486' title='bbox 2063 3925 2238 3981; x_wconf 86' lang='lat' dir='ltr'><strong>thiuas</strong></span> <span class='ocrx_word' id='word_1_487' title='bbox 2259 3935 2312 3980; x_wconf 84' lang='lat' dir='ltr'><strong>et</strong></span> <span class='ocrx_word' id='word_1_488' title='bbox 2333 3931 2724 3998; x_wconf 80' lang='lat' dir='ltr'><strong>smaragdinas.</strong></span> <span class='ocrx_word' id='word_1_489' title='bbox 2750 3931 3219 3999; x_wconf 88' lang='lat' dir='ltr'><strong>pretiosorumque</strong></span> <span class='ocrx_word' id='word_1_490' title='bbox 3239 3930 3474 3999; x_wconf 87' lang='lat' dir='ltr'><strong>lapidum</strong></span> <span class='ocrx_word' id='word_1_491' title='bbox 3494 3930 3613 3984; x_wconf 83' lang='lat' dir='ltr'><strong>colo</strong></span> <span class='ocrx_word' id='word_1_492' title='bbox 3627 3961 3640 3968; x_wconf 94' lang='lat'><strong>-</strong></span> 
     </span>
    </p>
   </div>
   <div class='ocr_carea' id='block_1_84' title="bbox 2064 4017 3637 4092">
    <p class='ocr_par' dir='ltr' id='par_1_84' title="bbox 2064 4017 3637 4092">
     <span class='ocr_line' id='line_1_84' title="bbox 2064 4017 3637 4092; baseline 0.003 -23"><span class='ocrx_word' id='word_1_493' title='bbox 2064 4017 2215 4072; x_wconf 92' lang='lat' dir='ltr'><strong>ribus</strong></span> <span class='ocrx_word' id='word_1_494' title='bbox 2238 4018 2547 4084; x_wconf 88' lang='lat' dir='ltr'><strong>distinctas,</strong></span> <span class='ocrx_word' id='word_1_495' title='bbox 2599 4035 2855 4075; x_wconf 88' lang='lat' dir='ltr'><strong>coronam</strong></span> <span class='ocrx_word' id='word_1_496' title='bbox 2883 4031 3060 4074; x_wconf 89' lang='lat' dir='ltr'><strong>autem</strong></span> <span class='ocrx_word' id='word_1_497' title='bbox 3087 4021 3246 4075; x_wconf 89' lang='lat' dir='ltr'><strong>habet</strong></span> <span class='ocrx_word' id='word_1_498' title='bbox 3278 4022 3329 4074; x_wconf 91' lang='lat' dir='ltr'><strong>in</strong></span> <span class='ocrx_word' id='word_1_499' title='bbox 3352 4023 3549 4092; x_wconf 89' lang='lat' dir='ltr'><strong>capite,</strong></span> <span class='ocrx_word' id='word_1_500' title='bbox 3583 4032 3637 4075; x_wconf 85' lang='lat' dir='ltr'><strong>et</strong></span> 
     </span>
    </p>
   </div>
   <div class='ocr_carea' id='block_1_85' title="bbox 2066 4107 3641 4181">
    <p class='ocr_par' dir='ltr' id='par_1_85' title="bbox 2066 4107 3641 4181">
     <span class='ocr_line' id='line_1_85' title="bbox 2066 4107 3641 4181; baseline 0.004 -22"><span class='ocrx_word' id='word_1_501' title='bbox 2066 4107 2119 4160; x_wconf 93' lang='lat' dir='ltr'><strong>in</strong></span> <span class='ocrx_word' id='word_1_502' title='bbox 2147 4109 2377 4176; x_wconf 89' lang='lat' dir='ltr'><strong>pedibus</strong></span> <span class='ocrx_word' id='word_1_503' title='bbox 2403 4110 2700 4166; x_wconf 91' lang='lat' dir='ltr'><strong>malleolos.</strong></span> <span class='ocrx_word' id='word_1_504' title='bbox 2729 4109 2904 4180; x_wconf 88' lang='lat' dir='ltr'><strong>Prope</strong></span> <span class='ocrx_word' id='word_1_505' title='bbox 2939 4111 3145 4165; x_wconf 91' lang='lat' dir='ltr'><strong>Indiam</strong></span> <span class='ocrx_word' id='word_1_506' title='bbox 3177 4110 3315 4181; x_wconf 78' lang='lat' dir='ltr'><strong>degit</strong></span> <span class='ocrx_word' id='word_1_507' title='bbox 3343 4131 3358 4179; x_wconf 92' lang='lat'><strong>;</strong></span> <span class='ocrx_word' id='word_1_508' title='bbox 3396 4113 3524 4167; x_wconf 84' lang='lat' dir='ltr'><strong>vivit</strong></span> <span class='ocrx_word' id='word_1_509' title='bbox 3545 4128 3641 4166; x_wconf 87' lang='lat' dir='ltr'><strong>au-</strong></span> 
     </span>
    </p>
   </div>
   <div class='ocr_carea' id='block_1_86' title="bbox 2068 4201 3641 4274">
    <p class='ocr_par' dir='ltr' id='par_1_86' title="bbox 2068 4201 3641 4274">
     <span class='ocr_line' id='line_1_86' title="bbox 2068 4201 3641 4274; baseline 0.004 -25"><span class='ocrx_word' id='word_1_510' title='bbox 2068 4204 2172 4250; x_wconf 90' lang='lat' dir='ltr'><strong>tem</strong></span> <span class='ocrx_word' id='word_1_511' title='bbox 2212 4212 2384 4253; x_wconf 85' lang='lat' dir='ltr'><strong>annos</strong></span> <span class='ocrx_word' id='word_1_512' title='bbox 2417 4201 2761 4271; x_wconf 82' lang='lat' dir='ltr'><strong>quingentos,</strong></span> <span class='ocrx_word' id='word_1_513' title='bbox 2793 4211 2848 4257; x_wconf 91' lang='lat' dir='ltr'><strong>et</strong></span> <span class='ocrx_word' id='word_1_514' title='bbox 2891 4202 2947 4257; x_wconf 88' lang='lat' dir='ltr'><strong>in</strong></span> <span class='ocrx_word' id='word_1_515' title='bbox 2988 4202 3165 4259; x_wconf 86' lang='lat' dir='ltr'><strong>cedris</strong></span> <span class='ocrx_word' id='word_1_516' title='bbox 3210 4203 3399 4260; x_wconf 87' lang='lat' dir='ltr'><strong>Libani</strong></span> <span class='ocrx_word' id='word_1_517' title='bbox 3435 4204 3641 4274; x_wconf 85' lang='lat' dir='ltr'><strong>absque</strong></span> 
     </span>
    </p>
   </div>
   <div class='ocr_carea' id='block_1_87' title="bbox 2067 4288 3641 4365">
    <p class='ocr_par' dir='ltr' id='par_1_87' title="bbox 2067 4288 3641 4365">
     <span class='ocr_line' id='line_1_87' title="bbox 2067 4288 3641 4365; baseline 0.004 -23"><span class='ocrx_word' id='word_1_518' title='bbox 2067 4288 2190 4348; x_wconf 76' lang='lat' dir='ltr'><strong>cibo</strong></span> <span class='ocrx_word' id='word_1_519' title='bbox 2211 4298 2266 4344; x_wconf 87' lang='lat' dir='ltr'><strong>et</strong></span> <span class='ocrx_word' id='word_1_520' title='bbox 2285 4299 2445 4364; x_wconf 76' lang='lat' dir='ltr'><strong>potu,</strong></span> <span class='ocrx_word' id='word_1_521' title='bbox 2477 4301 2638 4350; x_wconf 87' lang='lat' dir='ltr'><strong>vento</strong></span> <span class='ocrx_word' id='word_1_522' title='bbox 2660 4293 2922 4362; x_wconf 82' lang='lat' dir='ltr'><strong>pascitur,</strong></span> <span class='ocrx_word' id='word_1_523' title='bbox 2955 4303 3010 4348; x_wconf 85' lang='lat' dir='ltr'><strong>at</strong></span> <span class='ocrx_word' id='word_1_524' title='bbox 3041 4303 3164 4365; x_wconf 88' lang='lat' dir='ltr'><strong>post</strong></span> <span class='ocrx_word' id='word_1_525' title='bbox 3195 4296 3522 4365; x_wconf 66' lang='lat' dir='ltr'><strong>qaingentos</strong></span> <span class='ocrx_word' id='word_1_526' title='bbox 3551 4310 3641 4350; x_wconf 82' lang='lat' dir='ltr'><strong>an-</strong></span> 
     </span>
    </p>
   </div>
   <div class='ocr_carea' id='block_1_88' title="bbox 384 4377 1962 4456">
    <p class='ocr_par' dir='ltr' id='par_1_88' title="bbox 384 4377 1960 4452">
     <span class='ocr_line' id='line_1_88' title="bbox 384 4377 1960 4452; baseline -0.005 -15"><span class='ocrx_word' id='word_1_527' title='bbox 384 4383 618 4452; x_wconf 76' lang='grc' dir='ltr'>κὲδρους</span> <span class='ocrx_word' id='word_1_528' title='bbox 643 4384 737 4436; x_wconf 76' lang='grc' dir='ltr'>τοῦ</span> <span class='ocrx_word' id='word_1_529' title='bbox 767 4384 998 4437; x_wconf 74' lang='grc' dir='ltr'>Λιϐάνου</span> <span class='ocrx_word' id='word_1_530' title='bbox 1028 4381 1272 4450; x_wconf 78' lang='grc' dir='ltr'>ἄϐρωτος</span> <span class='ocrx_word' id='word_1_531' title='bbox 1310 4380 1399 4431; x_wconf 69' lang='grc' dir='ltr'><strong>καὶ</strong></span> <span class='ocrx_word' id='word_1_532' title='bbox 1431 4377 1652 4443; x_wconf 81' lang='grc' dir='ltr'>ἄποτος,</span> <span class='ocrx_word' id='word_1_533' title='bbox 1702 4377 1960 4448; x_wconf 76' lang='grc' dir='ltr'>τρέφεται</span> 
     </span>
    </p>
   </div>
   <div class='ocr_carea' id='block_1_89' title="bbox 2077 4377 3642 4456">
    <p class='ocr_par' dir='ltr' id='par_1_89' title="bbox 2077 4379 3642 4456">
     <span class='ocr_line' id='line_1_89' title="bbox 2077 4379 3642 4456; baseline 0.005 -26"><span class='ocrx_word' id='word_1_534' title='bbox 2077 4392 2164 4434; x_wconf 65' lang='lat' dir='ltr'><strong>nos</strong></span> <span class='ocrx_word' id='word_1_535' title='bbox 2212 4379 2327 4434; x_wconf 85' lang='lat' dir='ltr'><strong>alas</strong></span> <span class='ocrx_word' id='word_1_536' title='bbox 2383 4382 2717 4448; x_wconf 79' lang='lat' dir='ltr'><strong>aromatibus</strong></span> <span class='ocrx_word' id='word_1_537' title='bbox 2760 4382 2970 4452; x_wconf 88' lang='lat' dir='ltr'><strong>implet,</strong></span> <span class='ocrx_word' id='word_1_538' title='bbox 3021 4394 3075 4440; x_wconf 90' lang='lat' dir='ltr'><strong>et</strong></span> <span class='ocrx_word' id='word_1_539' title='bbox 3126 4399 3251 4438; x_wconf 89' lang='lat' dir='ltr'><strong>cum</strong></span> <span class='ocrx_word' id='word_1_540' title='bbox 3302 4384 3642 4456; x_wconf 85' lang='lat' dir='ltr'><strong>Heliopoleos</strong></span> 
     </span>
    </p>
   </div>
   <div class='ocr_carea' id='block_1_90' title="bbox 383 4467 1960 4543">
    <p class='ocr_par' dir='ltr' id='par_1_90' title="bbox 383 4467 1960 4543">
     <span class='ocr_line' id='line_1_90' title="bbox 383 4467 1960 4543; baseline -0.004 -19"><span class='ocrx_word' id='word_1_541' title='bbox 383 4472 449 4524; x_wconf 76' lang='grc' dir='ltr'>δὲ</span> <span class='ocrx_word' id='word_1_542' title='bbox 478 4473 543 4523; x_wconf 82' lang='grc' dir='ltr'>ὲκ</span> <span class='ocrx_word' id='word_1_543' title='bbox 572 4472 896 4543; x_wconf 83' lang='grc' dir='ltr'>πνεύματος.</span> <span class='ocrx_word' id='word_1_544' title='bbox 934 4472 1043 4524; x_wconf 81' lang='grc' dir='ltr'>Καὶ</span> <span class='ocrx_word' id='word_1_545' title='bbox 1076 4469 1215 4539; x_wconf 76' lang='grc' dir='ltr'>μετὰ</span> <span class='ocrx_word' id='word_1_546' title='bbox 1239 4468 1306 4522; x_wconf 82' lang='grc' dir='ltr'>τὰ</span> <span class='ocrx_word' id='word_1_547' title='bbox 1338 4467 1667 4521; x_wconf 78' lang='grc' dir='ltr'>πεντακόσια</span> <span class='ocrx_word' id='word_1_548' title='bbox 1712 4467 1806 4538; x_wconf 79' lang='grc' dir='ltr'><strong>ἔτη</strong></span> <span class='ocrx_word' id='word_1_549' title='bbox 1832 4468 1960 4519; x_wconf 87' lang='grc' dir='ltr'>ἀνα-</span> 
     </span>
    </p>
   </div>
   <div class='ocr_carea' id='block_1_91' title="bbox 388 4556 1961 4632">
    <p class='ocr_par' dir='ltr' id='par_1_91' title="bbox 388 4556 1961 4632">
     <span class='ocr_line' id='line_1_91' title="bbox 388 4556 1961 4632; baseline -0.004 -18"><span class='ocrx_word' id='word_1_550' title='bbox 388 4561 603 4632; x_wconf 81' lang='grc' dir='ltr'>μέστας</span> <span class='ocrx_word' id='word_1_551' title='bbox 664 4563 880 4631; x_wconf 79' lang='grc' dir='ltr'>ἐμποιεί</span> <span class='ocrx_word' id='word_1_552' title='bbox 931 4560 1027 4623; x_wconf 72' lang='grc' dir='ltr'>τὰς</span> <span class='ocrx_word' id='word_1_553' title='bbox 1077 4559 1357 4628; x_wconf 77' lang='grc' dir='ltr'>πτέρυγας</span> <span class='ocrx_word' id='word_1_554' title='bbox 1407 4557 1574 4627; x_wconf 74' lang='grc' dir='ltr'>αὐτῆς</span> <span class='ocrx_word' id='word_1_555' title='bbox 1633 4556 1961 4627; x_wconf 84' lang='grc' dir='ltr'>ἀρωμάτων,</span> 
     </span>
    </p>
   </div>
   <div class='ocr_carea' id='block_1_92' title="bbox 385 4646 1962 4724">
    <p class='ocr_par' dir='ltr' id='par_1_92' title="bbox 385 4646 1962 4724">
     <span class='ocr_line' id='line_1_92' title="bbox 385 4646 1962 4724; baseline -0.004 -18"><span class='ocrx_word' id='word_1_556' title='bbox 385 4653 487 4706; x_wconf 79' lang='grc' dir='ltr'>καὶ</span> <span class='ocrx_word' id='word_1_557' title='bbox 534 4652 661 4704; x_wconf 76' lang='grc' dir='ltr'>ὅταν</span> <span class='ocrx_word' id='word_1_558' title='bbox 696 4652 914 4724; x_wconf 75' lang='grc' dir='ltr'>σημάνῃ</span> <span class='ocrx_word' id='word_1_559' title='bbox 945 4652 974 4704; x_wconf 81' lang='grc' dir='ltr'>ὁ</span> <span class='ocrx_word' id='word_1_560' title='bbox 1013 4649 1189 4720; x_wconf 82' lang='grc' dir='ltr'>ἱερεὺς</span> <span class='ocrx_word' id='word_1_561' title='bbox 1222 4648 1322 4717; x_wconf 78' lang='grc' dir='ltr'><strong>τῆς</strong></span> <span class='ocrx_word' id='word_1_562' title='bbox 1366 4646 1775 4709; x_wconf 79' lang='grc' dir='ltr'>Ἡλιουπόλεως,</span> <span class='ocrx_word' id='word_1_563' title='bbox 1818 4646 1962 4715; x_wconf 77' lang='grc' dir='ltr'>ἐγεί-</span> 
     </span>
    </p>
   </div>
   <div class='ocr_carea' id='block_1_93' title="bbox 385 4736 1965 4810">
    <p class='ocr_par' dir='ltr' id='par_1_93' title="bbox 385 4736 1965 4810">
     <span class='ocr_line' id='line_1_93' title="bbox 385 4736 1965 4810; baseline -0.002 -17"><span class='ocrx_word' id='word_1_564' title='bbox 385 4757 548 4810; x_wconf 82' lang='grc' dir='ltr'>ρεται</span> <span class='ocrx_word' id='word_1_565' title='bbox 581 4743 643 4794; x_wconf 80' lang='grc' dir='ltr'>ὲκ</span> <span class='ocrx_word' id='word_1_566' title='bbox 676 4741 768 4794; x_wconf 80' lang='grc' dir='ltr'><strong>τοῦ</strong></span> <span class='ocrx_word' id='word_1_567' title='bbox 809 4741 934 4793; x_wconf 86' lang='grc' dir='ltr'>ἰδίου</span> <span class='ocrx_word' id='word_1_568' title='bbox 963 4739 1154 4803; x_wconf 84' lang='grc' dir='ltr'>τόπου,</span> <span class='ocrx_word' id='word_1_569' title='bbox 1208 4737 1300 4791; x_wconf 75' lang='grc' dir='ltr'>καὶ</span> <span class='ocrx_word' id='word_1_570' title='bbox 1359 4738 1647 4808; x_wconf 82' lang='grc' dir='ltr'>πορεύεται</span> <span class='ocrx_word' id='word_1_571' title='bbox 1702 4737 1836 4806; x_wconf 85' lang='grc' dir='ltr'>πρὸς</span> <span class='ocrx_word' id='word_1_572' title='bbox 1873 4736 1965 4790; x_wconf 87' lang='grc' dir='ltr'><strong>τὸν</strong></span> 
     </span>
    </p>
   </div>
   <div class='ocr_carea' id='block_1_94' title="bbox 387 4828 1966 4904">
    <p class='ocr_par' dir='ltr' id='par_1_94' title="bbox 387 4828 1966 4904">
     <span class='ocr_line' id='line_1_94' title="bbox 387 4828 1966 4904; baseline -0.002 -21"><span class='ocrx_word' id='word_1_573' title='bbox 387 4832 568 4902; x_wconf 67' lang='grc' dir='ltr'>ἱερέα,</span> <span class='ocrx_word' id='word_1_574' title='bbox 607 4833 698 4886; x_wconf 80' lang='grc' dir='ltr'>καὶ</span> <span class='ocrx_word' id='word_1_575' title='bbox 735 4831 1088 4904; x_wconf 79' lang='grc' dir='ltr'>είσερχομὲνη</span> <span class='ocrx_word' id='word_1_576' title='bbox 1143 4833 1223 4895; x_wconf 84' lang='grc' dir='ltr'><strong>είς</strong></span> <span class='ocrx_word' id='word_1_577' title='bbox 1254 4830 1344 4884; x_wconf 80' lang='grc' dir='ltr'><strong>τὸν</strong></span> <span class='ocrx_word' id='word_1_578' title='bbox 1391 4830 1517 4883; x_wconf 79' lang='grc' dir='ltr'>ναὸν</span> <span class='ocrx_word' id='word_1_579' title='bbox 1571 4828 1708 4899; x_wconf 81' lang='grc' dir='ltr'>μετὰ</span> <span class='ocrx_word' id='word_1_580' title='bbox 1753 4828 1847 4882; x_wconf 81' lang='grc' dir='ltr'>τοῦ</span> <span class='ocrx_word' id='word_1_581' title='bbox 1891 4829 1966 4881; x_wconf 75' lang='grc' dir='ltr'><strong>ἱε-</strong></span> 
     </span>
    </p>
   </div>
   <div class='ocr_carea' id='block_1_95' title="bbox 383 4919 1965 4997">
    <p class='ocr_par' dir='ltr' id='par_1_95' title="bbox 383 4919 1965 4997">
     <span class='ocr_line' id='line_1_95' title="bbox 383 4919 1965 4997; baseline -0.003 -20"><span class='ocrx_word' id='word_1_582' title='bbox 383 4924 556 4997; x_wconf 76' lang='grc' dir='ltr'>ρέως,</span> <span class='ocrx_word' id='word_1_583' title='bbox 613 4925 693 4986; x_wconf 83' lang='grc' dir='ltr'><strong>είς</strong></span> <span class='ocrx_word' id='word_1_584' title='bbox 745 4925 804 4978; x_wconf 75' lang='grc' dir='ltr'><strong>τὸ</strong></span> <span class='ocrx_word' id='word_1_585' title='bbox 854 4925 1007 4992; x_wconf 84' lang='grc' dir='ltr'>ἆγιον</span> <span class='ocrx_word' id='word_1_586' title='bbox 1052 4923 1471 4992; x_wconf 86' lang='grc' dir='ltr'>θυσιαστήριον,</span> <span class='ocrx_word' id='word_1_587' title='bbox 1525 4919 1621 4972; x_wconf 73' lang='grc' dir='ltr'><strong>καὶ</strong></span> <span class='ocrx_word' id='word_1_588' title='bbox 1674 4920 1850 4974; x_wconf 87' lang='grc' dir='ltr'>πάντα</span> <span class='ocrx_word' id='word_1_589' title='bbox 1896 4920 1965 4972; x_wconf 81' lang='grc' dir='ltr'>τὰ</span> 
     </span>
    </p>
   </div>
   <div class='ocr_carea' id='block_1_96' title="bbox 389 5011 3236 5095">
    <p class='ocr_par' dir='ltr' id='par_1_96' title="bbox 389 5011 3236 5095">
     <span class='ocr_line' id='line_1_96' title="bbox 389 5011 3236 5095; baseline 0.003 -25"><span class='ocrx_word' id='word_1_590' title='bbox 389 5017 535 5087; x_wconf 77' lang='grc' dir='ltr'>μέλη</span> <span class='ocrx_word' id='word_1_591' title='bbox 575 5017 743 5086; x_wconf 79' lang='grc' dir='ltr'>αὐτῆς</span> <span class='ocrx_word' id='word_1_592' title='bbox 782 5016 972 5080; x_wconf 79' lang='grc' dir='ltr'>σποδὸς</span> <span class='ocrx_word' id='word_1_593' title='bbox 1020 5016 1246 5083; x_wconf 86' lang='grc' dir='ltr'>γίνεται.</span> <span class='ocrx_word' id='word_1_594' title='bbox 1284 5014 1364 5083; x_wconf 84' lang='grc' dir='ltr'><strong>Τῇ</strong></span> <span class='ocrx_word' id='word_1_595' title='bbox 1433 5012 1490 5065; x_wconf 85' lang='grc' dir='ltr'>δὲ</span> <span class='ocrx_word' id='word_1_596' title='bbox 1531 5011 1760 5082; x_wconf 76' lang='grc' dir='ltr'>ἐπιούσῃ</span> <span class='ocrx_word' id='word_1_597' title='bbox 1804 5012 1984 5083; x_wconf 73' lang='grc' dir='ltr'>ἡμέρᾳ</span> <span class='ocrx_word' id='word_1_598' title='bbox 2017 5012 2260 5087; x_wconf 79' lang='grc' dir='ltr'>εὖρίσκει</span> <span class='ocrx_word' id='word_1_599' title='bbox 2309 5021 2481 5091; x_wconf 82' lang='grc' dir='ltr'>αὐτὴν</span> <span class='ocrx_word' id='word_1_600' title='bbox 2552 5018 3175 5095; x_wconf 80' lang='grc' dir='ltr'>πτερυγουμένηνοῦσαν</span> <span class='ocrx_word' id='word_1_601' title='bbox 3223 5042 3236 5056; x_wconf 88' lang='grc'>·</span> 
     </span>
    </p>
   </div>
   <div class='ocr_carea' id='block_1_97' title="bbox 2067 4470 3640 4545">
    <p class='ocr_par' dir='ltr' id='par_1_97' title="bbox 2067 4470 3640 4545">
     <span class='ocr_line' id='line_1_97' title="bbox 2067 4470 3640 4545; baseline 0.003 -25"><span class='ocrx_word' id='word_1_602' title='bbox 2067 4470 2322 4523; x_wconf 79' lang='lat' dir='ltr'><strong>sacerdos</strong></span> <span class='ocrx_word' id='word_1_603' title='bbox 2378 4471 2643 4525; x_wconf 79' lang='lat' dir='ltr'><strong>sacrificia</strong></span> <span class='ocrx_word' id='word_1_604' title='bbox 2693 4472 2954 4537; x_wconf 81' lang='lat' dir='ltr'><strong>inclmat,</strong></span> <span class='ocrx_word' id='word_1_605' title='bbox 3002 4490 3031 4528; x_wconf 95' lang='lat' dir='ltr'><strong>e</strong></span> <span class='ocrx_word' id='word_1_606' title='bbox 3092 4474 3311 4543; x_wconf 89' lang='lat' dir='ltr'><strong>proprio</strong></span> <span class='ocrx_word' id='word_1_607' title='bbox 3367 4475 3640 4545; x_wconf 80' lang='lat' dir='ltr'><strong>egreditur</strong></span> 
     </span>
    </p>
   </div>
   <div class='ocr_carea' id='block_1_98' title="bbox 2067 4557 3639 4633">
    <p class='ocr_par' dir='ltr' id='par_1_98' title="bbox 2067 4557 3639 4633">
     <span class='ocr_line' id='line_1_98' title="bbox 2067 4557 3639 4633; baseline 0.004 -23"><span class='ocrx_word' id='word_1_608' title='bbox 2067 4557 2216 4622; x_wconf 89' lang='lat' dir='ltr'><strong>nido,</strong></span> <span class='ocrx_word' id='word_1_609' title='bbox 2250 4560 2318 4612; x_wconf 88' lang='lat' dir='ltr'><strong>ad</strong></span> <span class='ocrx_word' id='word_1_610' title='bbox 2367 4563 2705 4616; x_wconf 83' lang='lat' dir='ltr'><strong>sacerdotem</strong></span> <span class='ocrx_word' id='word_1_611' title='bbox 2748 4563 2939 4632; x_wconf 83' lang='lat' dir='ltr'><strong>pergit,</strong></span> <span class='ocrx_word' id='word_1_612' title='bbox 2994 4579 3208 4632; x_wconf 85' lang='lat' dir='ltr'><strong>unaque</strong></span> <span class='ocrx_word' id='word_1_613' title='bbox 3247 4565 3504 4633; x_wconf 90' lang='lat' dir='ltr'><strong>templum</strong></span> <span class='ocrx_word' id='word_1_614' title='bbox 3559 4565 3639 4617; x_wconf 84' lang='lat' dir='ltr'><strong>in-</strong></span> 
     </span>
    </p>
   </div>
   <div class='ocr_carea' id='block_1_99' title="bbox 2066 4651 3636 4722">
    <p class='ocr_par' dir='ltr' id='par_1_99' title="bbox 2066 4651 3636 4722">
     <span class='ocr_line' id='line_1_99' title="bbox 2066 4651 3636 4722; baseline 0.003 -18"><span class='ocrx_word' id='word_1_615' title='bbox 2066 4651 2311 4721; x_wconf 71' lang='lat' dir='ltr'><strong>greditur</strong></span> <span class='ocrx_word' id='word_1_616' title='bbox 2341 4667 2517 4722; x_wconf 87' lang='lat' dir='ltr'><strong>usque</strong></span> <span class='ocrx_word' id='word_1_617' title='bbox 2573 4655 2640 4708; x_wconf 83' lang='lat' dir='ltr'><strong>ad</strong></span> <span class='ocrx_word' id='word_1_618' title='bbox 2689 4655 3015 4718; x_wconf 87' lang='lat' dir='ltr'><strong>sacrarium,</strong></span> <span class='ocrx_word' id='word_1_619' title='bbox 3050 4664 3104 4709; x_wconf 89' lang='lat' dir='ltr'><strong>et</strong></span> <span class='ocrx_word' id='word_1_620' title='bbox 3152 4657 3205 4709; x_wconf 94' lang='lat' dir='ltr'><strong>in</strong></span> <span class='ocrx_word' id='word_1_621' title='bbox 3247 4657 3484 4711; x_wconf 88' lang='lat' dir='ltr'><strong>cinerem</strong></span> <span class='ocrx_word' id='word_1_622' title='bbox 3527 4666 3636 4710; x_wconf 80' lang='lat' dir='ltr'><strong>tota</strong></span> 
     </span>
    </p>
   </div>
   <div class='ocr_carea' id='block_1_100' title="bbox 2066 4743 3639 4818">
    <p class='ocr_par' dir='ltr' id='par_1_100' title="bbox 2066 4743 3639 4818">
     <span class='ocr_line' id='line_1_100' title="bbox 2066 4743 3639 4818; baseline 0.004 -22"><span class='ocrx_word' id='word_1_623' title='bbox 2066 4743 2440 4811; x_wconf 85' lang='lat' dir='ltr'><strong>consumitur;</strong></span> <span class='ocrx_word' id='word_1_624' title='bbox 2469 4745 2714 4815; x_wconf 80' lang='lat' dir='ltr'><strong>sequenti</strong></span> <span class='ocrx_word' id='word_1_625' title='bbox 2759 4754 2938 4800; x_wconf 87' lang='lat' dir='ltr'><strong>autem</strong></span> <span class='ocrx_word' id='word_1_626' title='bbox 2978 4745 3067 4800; x_wconf 89' lang='lat' dir='ltr'><strong>die</strong></span> <span class='ocrx_word' id='word_1_627' title='bbox 3099 4747 3201 4801; x_wconf 90' lang='lat' dir='ltr'><strong>alis</strong></span> <span class='ocrx_word' id='word_1_628' title='bbox 3249 4748 3452 4802; x_wconf 88' lang='lat' dir='ltr'><strong>renatis</strong></span> <span class='ocrx_word' id='word_1_629' title='bbox 3485 4763 3639 4818; x_wconf 71' lang='lat' dir='ltr'><strong>repe-</strong></span> 
     </span>
    </p>
   </div>
   <div class='ocr_carea' id='block_1_101' title="bbox 2065 4833 3636 4908">
    <p class='ocr_par' dir='ltr' id='par_1_101' title="bbox 2065 4833 3636 4908">
     <span class='ocr_line' id='line_1_101' title="bbox 2065 4833 3636 4908; baseline 0.005 -22"><span class='ocrx_word' id='word_1_630' title='bbox 2065 4833 2241 4901; x_wconf 88' lang='lat' dir='ltr'><strong>ritur;</strong></span> <span class='ocrx_word' id='word_1_631' title='bbox 2269 4836 2425 4890; x_wconf 86' lang='lat' dir='ltr'><strong>tertia</strong></span> <span class='ocrx_word' id='word_1_632' title='bbox 2457 4852 2585 4894; x_wconf 86' lang='lat' dir='ltr'><strong>vero</strong></span> <span class='ocrx_word' id='word_1_633' title='bbox 2616 4837 2702 4892; x_wconf 86' lang='lat' dir='ltr'><strong>die</strong></span> <span class='ocrx_word' id='word_1_634' title='bbox 2732 4838 2846 4906; x_wconf 88' lang='lat' dir='ltr'><strong>jam</strong></span> <span class='ocrx_word' id='word_1_635' title='bbox 2887 4839 3096 4908; x_wconf 78' lang='lat' dir='ltr'><strong>integra</strong></span> <span class='ocrx_word' id='word_1_636' title='bbox 3123 4839 3462 4896; x_wconf 87' lang='lat' dir='ltr'><strong>sacerdotem</strong></span> <span class='ocrx_word' id='word_1_637' title='bbox 3495 4844 3636 4897; x_wconf 86' lang='lat' dir='ltr'><strong>salu-</strong></span> 
     </span>
    </p>
   </div>
   <div class='ocr_carea' id='block_1_102' title="bbox 2067 4932 3636 5002">
    <p class='ocr_par' dir='ltr' id='par_1_102' title="bbox 2067 4932 3636 5002">
     <span class='ocr_line' id='line_1_102' title="bbox 2067 4932 3636 5002; baseline 0.004 -23"><span class='ocrx_word' id='word_1_638' title='bbox 2067 4933 2166 4989; x_wconf 88' lang='lat' dir='ltr'><strong>tat,</strong></span> <span class='ocrx_word' id='word_1_639' title='bbox 2199 4936 2613 5000; x_wconf 85' lang='lat' dir='ltr'><strong>restaurataque</strong></span> <span class='ocrx_word' id='word_1_640' title='bbox 2640 4932 2832 4988; x_wconf 86' lang='lat' dir='ltr'><strong>iterum</strong></span> <span class='ocrx_word' id='word_1_641' title='bbox 2858 4933 2925 4988; x_wconf 86' lang='lat' dir='ltr'><strong>ad</strong></span> <span class='ocrx_word' id='word_1_642' title='bbox 2960 4933 3239 5002; x_wconf 86' lang='lat' dir='ltr'><strong>proprium</strong></span> <span class='ocrx_word' id='word_1_643' title='bbox 3266 4933 3444 4988; x_wconf 89' lang='lat' dir='ltr'><strong>locum</strong></span> <span class='ocrx_word' id='word_1_644' title='bbox 3476 4935 3636 4989; x_wconf 84' lang='lat' dir='ltr'><strong>redit.</strong></span> 
     </span>
    </p>
   </div>
   <div class='ocr_carea' id='block_1_103' title="bbox 3283 5027 3641 5096">
    <p class='ocr_par' dir='ltr' id='par_1_103' title="bbox 3283 5027 3641 5096">
     <span class='ocr_line' id='line_1_103' title="bbox 3283 5027 3641 5096; baseline 0.008 -20"><span class='ocrx_word' id='word_1_645' title='bbox 3283 5027 3350 5095; x_wconf 79' lang='grc' dir='ltr'>τῇ</span> <span class='ocrx_word' id='word_1_646' title='bbox 3381 5027 3540 5096; x_wconf 82' lang='grc' dir='ltr'>τρίτῃ</span> <span class='ocrx_word' id='word_1_647' title='bbox 3586 5027 3641 5079; x_wconf 66' lang='grc' dir='ltr'>δὲ</span> 
     </span>
    </p>
   </div>
   <div class='ocr_carea' id='block_1_104' title="bbox 384 5101 3641 5185">
    <p class='ocr_par' dir='ltr' id='par_1_104' title="bbox 384 5101 3641 5185">
     <span class='ocr_line' id='line_1_104' title="bbox 384 5101 3641 5185; baseline 0.002 -24"><span class='ocrx_word' id='word_1_648' title='bbox 384 5109 864 5179; x_wconf 72' lang='grc' dir='ltr'>ἀναπεπλησμένῃ</span> <span class='ocrx_word' id='word_1_649' title='bbox 917 5107 1202 5177; x_wconf 80' lang='grc' dir='ltr'>πτερύγιον</span> <span class='ocrx_word' id='word_1_650' title='bbox 1257 5104 1560 5168; x_wconf 70' lang='grc' dir='ltr'>ἀσπάζεται</span> <span class='ocrx_word' id='word_1_651' title='bbox 1622 5101 1712 5155; x_wconf 76' lang='grc' dir='ltr'>τὸν</span> <span class='ocrx_word' id='word_1_652' title='bbox 1779 5103 1965 5175; x_wconf 79' lang='grc' dir='ltr'>ἱερέα,</span> <span class='ocrx_word' id='word_1_653' title='bbox 2005 5109 2098 5160; x_wconf 73' lang='grc' dir='ltr'>καὶ</span> <span class='ocrx_word' id='word_1_654' title='bbox 2138 5110 2594 5183; x_wconf 78' lang='grc' dir='ltr'>άνακαινιζομένη</span> <span class='ocrx_word' id='word_1_655' title='bbox 2640 5114 2938 5185; x_wconf 78' lang='grc' dir='ltr'>ἀπέρχεται</span> <span class='ocrx_word' id='word_1_656' title='bbox 2975 5115 3137 5170; x_wconf 86' lang='grc' dir='ltr'>πάλιν</span> <span class='ocrx_word' id='word_1_657' title='bbox 3189 5117 3269 5180; x_wconf 84' lang='grc' dir='ltr'><strong>είς</strong></span> <span class='ocrx_word' id='word_1_658' title='bbox 3343 5116 3434 5169; x_wconf 83' lang='grc' dir='ltr'><strong>τὸν</strong></span> <span class='ocrx_word' id='word_1_659' title='bbox 3510 5115 3641 5170; x_wconf 69' lang='grc' dir='ltr'>ἴδιον</span> 
     </span>
    </p>
   </div>
   <div class='ocr_carea' id='block_1_105' title="bbox 380 5200 599 5266">
    <p class='ocr_par' dir='ltr' id='par_1_105' title="bbox 380 5200 599 5266">
     <span class='ocr_line' id='line_1_105' title="bbox 380 5200 599 5266; baseline 0.009 -12"><span class='ocrx_word' id='word_1_660' title='bbox 380 5200 599 5266; x_wconf 56' lang='grc' dir='ltr'>τόπονο,</span> 
     </span>
    </p>
   </div>
   <div class='ocr_carea' id='block_1_106' title="bbox 1025 5313 1346 5381">
    <p class='ocr_par' dir='ltr' id='par_1_106' title="bbox 1025 5313 1346 5381">
     <span class='ocr_line' id='line_1_106' title="bbox 1025 5313 1346 5381; baseline 0 -15"><span class='ocrx_word' id='word_1_661' title='bbox 1025 5313 1346 5381; x_wconf 76' lang='grc' dir='ltr'>Ἐρμηνείιι.</span> 
     </span>
    </p>
   </div>
   <div class='ocr_carea' id='block_1_107' title="bbox 474 5403 1964 5476">
    <p class='ocr_par' dir='ltr' id='par_1_107' title="bbox 474 5403 1964 5476">
     <span class='ocr_line' id='line_1_107' title="bbox 474 5403 1964 5476; baseline -0.004 -17"><span class='ocrx_word' id='word_1_662' title='bbox 474 5406 581 5459; x_wconf 77' lang='grc' dir='ltr'><strong>Καὶ</strong></span> <span class='ocrx_word' id='word_1_663' title='bbox 617 5405 732 5469; x_wconf 81' lang='grc' dir='ltr'>πῶς</span> <span class='ocrx_word' id='word_1_664' title='bbox 781 5403 875 5459; x_wconf 76' lang='grc' dir='ltr'>οὖν</span> <span class='ocrx_word' id='word_1_665' title='bbox 921 5409 970 5458; x_wconf 83' lang='grc' dir='ltr'>οι</span> <span class='ocrx_word' id='word_1_666' title='bbox 1017 5405 1316 5476; x_wconf 79' lang='grc' dir='ltr'>παράνομοι</span> <span class='ocrx_word' id='word_1_667' title='bbox 1370 5406 1606 5461; x_wconf 84' lang='grc' dir='ltr'>Ἰουδαῖοι</span> <span class='ocrx_word' id='word_1_668' title='bbox 1653 5406 1964 5474; x_wconf 73' lang='grc' dir='ltr'>ἠπίστησαν</span> 
     </span>
    </p>
   </div>
   <div class='ocr_carea' id='block_1_108' title="bbox 377 5493 1964 5573">
    <p class='ocr_par' dir='ltr' id='par_1_108' title="bbox 377 5493 1964 5573">
     <span class='ocr_line' id='line_1_108' title="bbox 377 5493 1964 5573; baseline -0.001 -26"><span class='ocrx_word' id='word_1_669' title='bbox 377 5494 503 5562; x_wconf 77' lang='grc' dir='ltr'><strong>τὴν</strong></span> <span class='ocrx_word' id='word_1_670' title='bbox 536 5499 825 5567; x_wconf 78' lang='grc' dir='ltr'>τριήμερον</span> <span class='ocrx_word' id='word_1_671' title='bbox 858 5497 1148 5551; x_wconf 80' lang='grc' dir='ltr'>ἀνάστασιν</span> <span class='ocrx_word' id='word_1_672' title='bbox 1201 5494 1292 5547; x_wconf 78' lang='grc' dir='ltr'><strong>τοῦ</strong></span> <span class='ocrx_word' id='word_1_673' title='bbox 1339 5497 1542 5573; x_wconf 79' lang='grc' dir='ltr'>Κυρίου</span> <span class='ocrx_word' id='word_1_674' title='bbox 1583 5497 1736 5570; x_wconf 81' lang='grc' dir='ltr'>ἡμῶν</span> <span class='ocrx_word' id='word_1_675' title='bbox 1792 5493 1964 5565; x_wconf 82' lang='grc' dir='ltr'>Ἰησοῦ</span> 
     </span>
    </p>
   </div>
   <div class='ocr_carea' id='block_1_109' title="bbox 481 5650 858 5721">
    <p class='ocr_par' dir='ltr' id='par_1_109' title="bbox 481 5650 858 5721">
     <span class='ocr_line' id='line_1_109' title="bbox 481 5650 858 5721; baseline 0 -15"><span class='ocrx_word' id='word_1_676' title='bbox 481 5653 497 5685; x_wconf 77' lang='grc'>⁸</span> <span class='ocrx_word' id='word_1_677' title='bbox 529 5650 669 5708; x_wconf 84' lang='lat' dir='ltr'><strong>Psal.</strong></span> <span class='ocrx_word' id='word_1_678' title='bbox 706 5670 777 5721; x_wconf 77' lang='lat' dir='ltr'><strong>Ct,</strong></span> <span class='ocrx_word' id='word_1_679' title='bbox 809 5655 858 5706; x_wconf 87' lang='lat'><strong>7.</strong></span> 
     </span>
    </p>
   </div>
   <div class='ocr_carea' id='block_1_110' title="bbox 2661 5313 3050 5382">
    <p class='ocr_par' dir='ltr' id='par_1_110' title="bbox 2661 5313 3050 5382">
     <span class='ocr_line' id='line_1_110' title="bbox 2661 5313 3050 5382; baseline 0.013 -16"><span class='ocrx_word' id='word_1_680' title='bbox 2661 5313 2686 5366; x_wconf 92' lang='grc'><em>1</em></span> <span class='ocrx_word' id='word_1_681' title='bbox 2695 5318 3050 5382; x_wconf 78' lang='lat' dir='ltr'><strong>nterpretalio.</strong></span> 
     </span>
    </p>
   </div>
   <div class='ocr_carea' id='block_1_111' title="bbox 2140 5399 3641 5474">
    <p class='ocr_par' dir='ltr' id='par_1_111' title="bbox 2140 5399 3641 5474">
     <span class='ocr_line' id='line_1_111' title="bbox 2140 5399 3641 5474; baseline 0.008 -20"><span class='ocrx_word' id='word_1_682' title='bbox 2140 5399 2250 5454; x_wconf 89' lang='lat' dir='ltr'><strong>Cur</strong></span> <span class='ocrx_word' id='word_1_683' title='bbox 2281 5400 2446 5470; x_wconf 77' lang='lat' dir='ltr'><strong>igitur</strong></span> <span class='ocrx_word' id='word_1_684' title='bbox 2469 5399 2638 5455; x_wconf 69' lang='grc' dir='ltr'><strong>«ἰυάωί</strong></span> <span class='ocrx_word' id='word_1_685' title='bbox 2670 5403 2841 5474; x_wconf 91' lang='lat' dir='ltr'><strong>iniqui</strong></span> <span class='ocrx_word' id='word_1_686' title='bbox 2876 5405 3085 5460; x_wconf 86' lang='lat' dir='ltr'><strong>Domini</strong></span> <span class='ocrx_word' id='word_1_687' title='bbox 3123 5407 3291 5463; x_wconf 92' lang='lat' dir='ltr'><strong>nostri</strong></span> <span class='ocrx_word' id='word_1_688' title='bbox 3319 5406 3446 5463; x_wconf 80' lang='lat' dir='ltr'><strong>Jesu</strong></span> <span class='ocrx_word' id='word_1_689' title='bbox 3477 5409 3641 5465; x_wconf 78' lang='lat' dir='ltr'><strong>Chri~</strong></span> 
     </span>
    </p>
   </div>
   <div class='ocr_carea' id='block_1_112' title="bbox 2071 5490 3642 5568">
    <p class='ocr_par' dir='ltr' id='par_1_112' title="bbox 2071 5490 3642 5568">
     <span class='ocr_line' id='line_1_112' title="bbox 2071 5490 3642 5568; baseline 0.004 -21"><span class='ocrx_word' id='word_1_690' title='bbox 2071 5491 2139 5547; x_wconf 90' lang='lat' dir='ltr'><strong>sti</strong></span> <span class='ocrx_word' id='word_1_691' title='bbox 2169 5490 2474 5546; x_wconf 81' lang='lat' dir='ltr'><strong>triduanaln</strong></span> <span class='ocrx_word' id='word_1_692' title='bbox 2504 5495 2956 5551; x_wconf 89' lang='lat' dir='ltr'><strong>resurrectionem</strong></span> <span class='ocrx_word' id='word_1_693' title='bbox 2982 5513 3090 5552; x_wconf 91' lang='lat' dir='ltr'><strong>non</strong></span> <span class='ocrx_word' id='word_1_694' title='bbox 3123 5497 3491 5568; x_wconf 84' lang='lat' dir='ltr'><strong>crediderunt,</strong></span> <span class='ocrx_word' id='word_1_695' title='bbox 3515 5513 3642 5553; x_wconf 84' lang='lat' dir='ltr'><strong>eum</strong></span> 
     </span>
    </p>
   </div>
  </div>
