3948 6196
431 272 544 332 529

1048 407 1384 479 Ἐρμηνείιισ

502 496 824 570 Ὀφείλομεν
869 491 965 551 οὖν
1010 502 1105 553 καὶ
1143 502 1305 570 ἡμεῖς
1350 502 1409 555 ἐν
1456 502 1633 573 καιρῷ
1696 501 2001 573 πειρασμοῦ

419 589 538 641 ὅλον
570 588 631 641 τὺ
662 588 823 658 σῶμα
860 588 1077 662 θανάτῳ
1106 593 1465 661 παραδοῦναι,
1498 593 1664 664 μόνην
1703 593 1801 665 τὴν
1831 610 2003 662 κεφα-

421 680 519 750 λὴν
555 679 912 749 φυλάττοντες
937 699 951 713 ⁸
986 684 1253 749 τουτέστι,
1295 685 1385 738 τὸν
1423 685 1659 756 Χριστὸν
1692 687 1766 756 μὴ
1804 686 2001 756 ἀρνούσ-

425 787 600 839 μενοι,
634 771 770 843 ὅπερ
798 772 1015 826 ἐποίουν
1054 776 1107 827 οἱ
1137 775 1281 843 ἆγιοι
1320 776 1629 847 μάρτυρεςο
1677 776 1739 830 Ἠ
1769 778 2002 848 κεφαλὴ

424 859 534 928 γὰρ
552 861 777 928 παντὸς
797 861 1019 931 ἀνδρὸς
1040 865 1073 917 ὀ
1093 866 1349 932 Χριστός
1361 865 1551 930 ἐστιν,
1575 866 1650 930 ὼς
1668 864 2001 937 γέγραπται.

1057 976 1215 1030 xeo.
1244 978 1365 1044 ις’.

784 1065 1037 1134 Τετάρτῃ
1072 1068 1258 1135 φύσις
1294 1069 1402 1123 τοῦ
1439 1068 1648 1138 ὄφεως.

500 1152 672 1206 Ὅταν
705 1153 797 1207 ἐπὶ
823 1155 923 1226 τὴν
951 1157 1134 1228 πηγὴν
1165 1159 1261 1212 τοῦ
1294 1158 1439 1231 ὕδωρ
1468 1161 1609 1211 πιεῖν
1642 1157 1770 1229 ἐλοῃ
1797 1158 1825 1211 ὁ
1858 1157 2001 1226 ὄφις,

424 1246 490 1297 οὐ
521 1246 676 1317 φέρει
704 1246 796 1299 τὸν
828 1246 924 1312 ἱὸν,
958 1248 1096 1302 ἀλλά
1116 1266 1179 1317 γε
1197 1250 1357 1318 ἀφεὶς
1387 1250 1549 1303 αὑτὸν
1576 1250 1633 1300 ἐν
1665 1251 1731 1318 τῇ
1767 1249 2002 1319 νεοττιᾷ,

420 1334 570 1388 οὕτω
606 1337 846 1407 καθαρὸς
878 1338 1191 1423 πορεύεται,
1230 1341 1316 1393 ἵνα
1359 1340 1434 1412 μὴ
1460 1342 1588 1403 τοὺς
1620 1339 1679 1406 ἐξ
1712 1339 1881 1410 αὐτῆς
1908 1339 2003 1391 πί-

422 1443 618 1490 νοντας
646 1427 1130 1499 φαρμακεύσηται.

1047 1542 1382 1611 Ἐρμηνεία.

507 1630 821 1703 Ὀφείλομεν
841 1631 939 1703 μὲν
956 1627 1047 1687 οὖν
1062 1633 1159 1685 καὶ
1185 1634 1347 1702 ἡμεῖς
1372 1630 1465 1685 ἐπὶ
1488 1630 1549 1683 τὸ
1572 1628 1800 1683 ἀένναόν
1827 1645 1887 1681 τε
1913 1628 2006 1682 καὶ

416 1724 628 1777 ἄκακον
655 1722 800 1793 ὕδωρ
827 1724 1169 1787 σπεύδοντες,
1208 1723 1271 1775 τὸ
1301 1722 1411 1775 τῶν
1441 1722 1601 1775 θείων
1638 1722 1732 1775 καὶ
1771 1722 2005 1791 ἐπουρα-

1784 288 2284 348 PIIYSIOLOCUS.

3574 282 3679 336 5'50

2699 386 3096 476 Interpretatio.

2180 501 2446 558 Debemus
2479 498 2643 570 igitur
2672 506 2729 554 et
2758 512 2859 553 nos
2886 497 2940 551 in
2971 504 3219 566 tempore
3251 490 3483 563 periculi
3516 497 3690 546 totum

2108 610 2307 666 corpus
2357 595 2520 650 morti
2564 593 2897 657 concedere,
2946 591 3124 647 solum
3171 594 3336 658 caput
3388 585 3690 646 custodire.

2109 687 2213 742 hoc
2263 694 2368 751 est,
2419 685 2698 742 Christum
2752 698 2862 738 non
2916 682 3188 744 deserere,
3228 675 3692 749 quemadmodum

2109 778 2284 834 sancti
2336 784 2604 847 martyres
2654 773 2921 831 fecerunt.
2972 769 3159 827 Omnis
3204 768 3345 824 enim
3382 766 3483 823 viri
3538 776 3698 832 caput

2109 869 2351 925 Christus
2382 875 2481 932 est,
2517 874 2575 921 ut
2600 865 2675 920 ait
2711 862 2995 933 Scriptura
3022 862 3062 914 ³.

2722 973 2878 1031 CAP.
2922 970 3063 1026 XVI.

2460 1069 2666 1136 Quarta
2700 1064 2957 1132 serpentis
2986 1061 3301 1132 proprietas.

2178 1159 2314 1215 Cum
2363 1173 2592 1228 serpens
2638 1156 2706 1211 ad
2753 1154 2957 1209 fontem
3002 1159 3063 1207 ut
3109 1150 3261 1205 bibat
3300 1145 3495 1219 pergit,
3534 1144 3688 1200 virus

2111 1265 2221 1306 non
2254 1249 2453 1313 defert,
2476 1248 2571 1305 sed
2605 1248 2659 1302 in
2690 1253 2851 1301 antro
2875 1243 3006 1298 illud
3028 1241 3275 1308 dimittit,
3302 1240 3493 1310 sicque
3514 1251 3689 1307 purus

2112 1342 2351 1411 accedit,
2381 1357 2451 1398 ne
2477 1357 2543 1398 ex
2584 1340 2694 1398 illis
2736 1336 2896 1410 aquis
2936 1336 3186 1392 bibentes
3218 1346 3431 1390 veneno
3459 1328 3686 1386 inliciat.

2692 1534 3095 1605 Interpretatio.

2183 1633 2453 1689 Debemus
2485 1629 2655 1700 igitur
2689 1638 2746 1686 et
2775 1643 2881 1685 nos
2909 1628 3004 1699 qui
3036 1627 3105 1683 ad
3144 1636 3443 1697 perennem
3471 1626 3693 1692 puram-

2110 1742 2219 1798 que
2245 1734 2300 1781 et
2332 1723 2533 1781 divinis
2568 1737 2633 1778 ac
2673 1721 2997 1778 caelestibus
3028 1717 3263 1789 eloquiis
3290 1713 3691 1772 scaturientem

420 1812 553 1866 νίων
595 1787 792 1881 λογίων
830 1814 889 1866 ἐν
934 1816 997 1883 τῇ
1045 1813 1140 1867 τοῦ
1185 1812 1321 1866 Θεοῦ
1367 1812 1663 1883 Ἐκκλησία
1704 1787 1997 1883 γέμονίμὴ

2123 1787 2306 1888 {quam
2339 1816 2395 1871 in
2440 1815 2533 1871 Dei
2571 1813 2821 1870 Ecclesia
2855 1787 3238 1884 properamus,
3268 1806 3492 1863 malitiae
3529 1818 3696 1859 vene-

416 1904 610 1975 φέρειν
669 1906 767 1958 σὺν
800 1906 934 1975 ἡμῖν
971 1903 1064 1959 τὸν
1094 1905 1193 1975 τῆς
1231 1903 1429 1967 κακίας
1475 1903 1574 1967 ίὺν,
1616 1902 1680 1956 οὐ
1726 1901 1832 1974 μὴν
1872 1902 2007 1956 ἀλλὰ

420 1996 605 2047 πᾶσαν
631 1995 829 2048 κακίαν
855 1995 949 2048 καὶ
973 1994 1259 2066 λοιδορίαν,
1293 1995 1400 2048 πᾶν
1430 2011 1489 2047 τε
1513 1993 1749 2065 πονηρὸν
1771 1991 2006 2064 ἐνθύμη-

417 2104 503 2156 μα
530 2087 768 2155 ἀφεῖναι,
802 2086 898 2140 καὶ¹
926 2086 1099 2150 οὕτως
1137 2085 1356 2157 ἄμωμοί
1396 2102 1457 2137 τε
1501 2086 1596 2138 κα)⁸
1634 2083 1866 2155 καθαροὶ
1903 2100 2004 2136 ’κιο⁹

415 2176 707 2247 ρευθῶμεν
736 2178 795 2230 ἐν
837 2178 904 2247 τῇ
953 2175 1047 2230 τοῦ
1091 2174 1329 2247 Χριστοῦ
1375 2173 1692 2244 Ἐκκλησία,
1735 2174 1885 2236 ὅπως
1928 2171 2003 2243 μὴ

413 2269 518 2339 τὴν
545 2267 823 2340 ἡμετέραν
841 2267 1019 2339 ψυχὴν
1046 2264 1696 2338 καταφαρμακεύσωμεν.

1066 2380 1226 2434 ΚΕΦ.
1258 2380 1360 2433 ῙΖ’.

884 2470 1027 2541 Περὶ
1060 2468 1169 2539 τῆς
1193 2470 1529 2539 μύρμηκος-

499 2564 560 2618 ’0
600 2560 852 2633 Σολομὼν
899 2557 1052 2616 εἶπεν
1095 2564 1153 2615 ἐν
1181 2563 1303 2625 ταῖς
1332 2560 1681 2632 Παροιμίαις’
1718 2560 1823 2613 ἰθι
1851 2557 2003 2627 πρὸς

410 2653 535 2721 τὴν
559 2652 860 2723 μύρμηκα,
898 2645 950 2705 ὦ
979 2648 1218 2717 ὀκνηρέ.
1259 2646 1319 2702 '0
1360 2646 1679 2717 φυσιολόγος
1711 2641 1833 2699 εἷπε
1872 2643 2002 2714 περὶ

410 2744 517 2815 τῆς
550 2742 843 2815 μύρμηκος
869 2741 969 2813 τῆς
989 2740 1190 2805 πολλὰς
1220 2738 1411 2809 φύσεις
1437 2736 1688 2808 ἐχούσης.

438 2850 439 2853 “
729 2853 935 2923 Πρώτη
969 2854 1155 2923 φύσις
1194 2851 1305 2921 τῆς
1347 2851 1680 2920 μύρμηκος.

487 2945 657 2998 Ὅταν
681 2943 957 3013 ἐπιμελῶς
979 2939 1268 3013 βαδίζωσιν
1307 2940 1536 2994 ἕκασται
1558 2934 1883 3008 κομίζουσαι
1908 2933 2002 2988 τὸν

405 3036 637 3100 κόκκον,
664 3036 759 3088 καὶ
785 3035 847 3088 οὐ
874 3032 1099 3102 λέγουσι
1128 3034 1239 3095 τοῖς
1266 3030 1514 3102 φέρουσι,
1550 3028 1681 3083 Δότε
1711 3028 1862 3099 ἡμῖν,
1889 3026 1998 3081 οὐδ’

2108 1922 2240 1963 num
2271 1906 2561 1962 nobiscum
2609 1921 2722 1961 non
2769 1904 3012 1968 deferre,
3057 1901 3156 1959 sed
3194 1914 3411 1956 omnem
3460 1896 3694 1968 pravita-

2108 2007 2216 2054 tem
2244 2012 2309 2053 ac
2335 1997 2578 2069 iurgium
2606 2004 2662 2052 et
2686 2010 2904 2051 omnem
2940 1994 3142 2049 malam
3173 1990 3562 2062 cogitationem
3594 1986 3695 2041 de-

2105 2104 2332 2160 ponere,
2365 2089 2555 2159 sicque
2595 2087 2845 2144 insontes
2883 2094 2939 2142 et
2983 2084 3108 2156 puri
3148 2083 3447 2138 Ecclesiam
3483 2077 3692 2136 Christi

2104 2179 2396 2249 adeamus,
2427 2194 2497 2236 ne
2523 2178 2710 2235 anima
2737 2186 2926 2233 nostra
2953 2189 3165 2233 veneno
3198 2171 3497 2229 inliciatur.

2706 2372 2863 2430 CAP.
2905 2369 3070 2426 XVII.

2716 2465 2793 2521 De
2825 2464 3075 2534 formica.

2174 2559 2267 2615 Ait
2298 2558 2557 2615 Salomon
2596 2559 2656 2614 in
2695 2556 3010 2613 Proverbiis
3041 2574 3055 2611 :
3104 2553 3246 2610 Vade
3280 2554 3348 2607 ad
3380 2550 3688 2621 formicam.

2103 2669 2134 2707 o
2162 2653 2365 2724 piger’.
2401 2650 2766 2724 Pbysiologus
2812 2650 3016 2706 multas
3064 2649 3434 2722 proprietates
3488 2643 3691 2701 habere

2101 2758 2223 2800 eam
2250 2743 2410 2800 dicit.

2492 2850 2679 2906 Prima
2710 2850 3005 2920 proprietas
3035 2848 3298 2918 formicw.

2172 2942 2309 3001 Cum
2338 2944 2577 3000 sollicite
2604 2943 2950 3011 discurrunt,
2972 2950 3029 2999 et
3057 2942 3285 3013 singulae
3305 2952 3536 3012 granum
3563 2952 3692 3009 por-

2101 3042 2242 3101 tant,
2274 3050 2305 3090 a
2350 3034 2661 3091 ferentibus
2704 3049 2896 3090 vacua:
2928 3049 3029 3090 nec
3067 3040 3283 3105 petunt,
3313 3046 3415 3087 nec
3444 3029 3497 3087 vi
3535 3028 3691 3084 aufe—

406 3125 751 3196 ἁρπάζουσιν
788 3126 883 3178 ἀπ’
910 3122 1110 3189 αὐτῶν,
1152 3122 1267 3179 ἀλλ’
1297 3120 1594 3193 αὐτόματοι
1621 3137 1683 3175 τε
1712 3118 1993 3187 ξυλλέξου-

2123 3134 2247 3195 unt,
2273 3126 2370 3183 sed
2404 3140 2748 3198 unaquaque
2776 3125 3039 3197 colligere
3066 3124 3175 3181 sibi
3206 3124 3411 3180 studet.

404 3232 507 3269 σαι
536 3218 774 3287 οἴχονται
803 3215 965 3269 ἀπιοῦ
973 3232 1084 3269 σαι.

1036 3328 1375 3399 Ἐρμηνεία.

481 3423 671 3478 Ταῦτα
703 3423 796 3477 ἐπὶ
828 3422 940 3477 τῶν
981 3421 1275 3493 σωφρόνων
1316 3436 1377 3474 τε
1410 3420 1505 3475 καὶ
1553 3420 1753 3492 μωρῶν
1792 3420 1997 3494 παρθέ-

397 3533 519 3571 νων
548 3515 730 3586 εὑρεῖν
752 3515 890 3569 ἐστι.

1053 3629 1210 3683 ΚΕΦ.
1250 3629 1356 3685 ιη’.

705 3719 961 3788 Δευτέρα
1001 3722 1187 3788 φύσις
1218 3717 1327 3786 τῆς
1360 3718 1694 3787 μύρμηκος.

481 3804 655 3859 Ὅταν
698 3802 1077 3874 ἀποταμιεύσῃ
1120 3803 1248 3865 τοὺς
1294 3802 1528 3866 κόκκους
1575 3803 1720 3872 ἐντῇ
1768 3800 1993 3872 ποίμνῃ,

391 3895 687 3964 διχοτομεῐ
713 3892 933 3956 αὐτοὺς,
968 3891 1042 3962 μὴ
1074 3890 1344 3962 χειμῶνος
1377 3890 1773 3955 καταλαϐόντος
1804 3888 1995 3943 σαπῶ-

395 4002 498 4039 σιν
546 3985 598 4037 οἱ
642 3984 855 4049 κόκκοι,
903 3984 999 4036 καὶ
1032 3982 1495 4054 λιμοκτονηθῶσιν
1547 3982 1728 4036 αὐταί.
1773 3982 1839 4035 Ἦ
1887 3980 1996 4052 γὰρ

398 4076 639 4149 μύρμηξ
668 4075 977 4146 θυμόσοφος
994 4075 1354 4144 τυγχάνουσα,
1381 4076 1601 4145 προνοεῖ
1624 4072 1724 4151 ita}?
1733 4090 1811 4144 μα
1829 4074 1993 4145 μέγα,

394 4171 440 4237 ἢ
474 4169 569 4221 καὶ
596 4166 796 4238 βροχὴν
818 4165 1095 4237 ἔρχεσθαι.
1121 4166 1507 4237 Θεωρουμένου
1529 4165 1587 4218 δέ
1611 4164 1705 4218 σοῦ
1729 4165 1828 4236 τὴν
1857 4164 1996 4235 μύρ-

398 4276 568 4332 μηκα
594 4260 685 4312 τὸν
714 4259 914 4313 κόκκον
942 4256 1035 4311 τοῦ
1066 4257 1214 4311 σίτου
1245 4258 1325 4321 εἰς
1353 4256 1450 4326 τὴν
1478 4258 1619 4327 ὀπὴν
1651 4257 1993 4326 εἰσκομίζου-

395 4368 534 4415 σαν,
573 4350 863 4421 ἐρχόμενον
893 4350 1003 4403 νόει
1042 4349 1135 4403 τὸν
1167 4348 1432 4421 χειμῶνα·
1474 4348 1539 4418 ἢν
1566 4348 1622 4401 δὲ
1654 4349 1995 4420 ἐκφέρουσαν

392 4444 633 4514 Οεάσῃς,
660 4444 904 4514 γαλήνην
934 4442 1201 4513 ἐσομένην
1233 4440 1424 4510 γνῶθι.

1040 4558 1371 4626 Ἑρμηνεία.

477 4671 591 4725 Καὶ
631 4672 695 4725 σὺ
740 4667 853 4735 οὖν,
882 4665 929 4725 ὦ
954 4670 1226 4743 ἄνθρωπε,
1261 4671 1328 4724 τὶ
1364 4671 1464 4741 τῆς
1491 4670 1731 4734 [Ιαλαιᾶς
1773 4670 1993 4741 ῥήματα

391 4764 472 4815 ἐκ
512 4761 623 4814 τῶν
674 4761 1059 4832 πνευματικῶν
1110 4760 1407 4814 stamus.
1467 4760 1537 4815 Τὸ
1593 4762 1705 4831 γὰρ
1755 4760 1993 4830 γράμμα

389 4853 765 4907 ἀποκτείνει.
785 4851 997 4916 Παῦλος
1021 4851 1130 4924 γὰρ
1155 4849 1326 4904 εἶπεν·
1368 4852 1420 4904 '0
1452 4852 1637 4921 νόμος
1667 4868 1991 4921 πνευματι-

392 4948 515 5013 κός
560 4948 708 5001 ἐστι.
753 4947 891 5017 Πρὶν
936 4946 1047 5018 γὰρ
1092 4945 1171 5017 τῷ
1222 4947 1372 5019 νόμῳ
1407 4947 1484 5018 μὴ
1529 4945 1891 5018 προσέχοντες
1942 4947 1991 4999 οἱ

404 5038 662 5092 Ἰουδαῖοι
690 5037 1215 5109 ἐλιμοκτονήϐησαν.

1040 5148 1199 5201 ΚΕΦ.
1242 5148 1343 5204 18'.

865 5239 1005 5309 Περὶ
1050 5240 1161 5308 τῆς
1190 5239 1521 5305 ἀλώπεκος.

484 5331 551 5384 Ἦ
582 5332 807 5404 ἀλώπηξ
841 5333 960 5386 ἐστὶ
997 5332 1337 5405 πολύτροπον
1378 5332 1532 5397 ζῶον.
1582 5332 1894 5387 Πεινάσασα
1926 5333 1985 5388 δὲ

372 5424 496 5475 καὶ
522 5424 805 5495 ἀποροῦσα
836 5426 1062 5497 τροφῆς,
1102 5426 1407 5496 ἀπέρχεται
1447 5425 1539 5477 ἐπὶ
1569 5428 1695 5490 τοὺς
1722 5425 1984 5497 ήλιακοὺς

370 5513 619 5581 τότιως,
653 5517 1102 5589 καταρῤίπτουσα
1128 5517 1298 5589 αὐτὴν
1329 5518 1386 5581 ἐς
1415 5518 1539 5587 γῆν,
1565 5518 1659 5572 καὶ
1677 5517 1981 5590 ἀνεχομένη

2689 3328 3091 3399 lnterprelatio.

2171 3415 2298 3474 Haec
2341 3416 2399 3474 in
2443 3418 2812 3490 prudentibus
2846 3427 2902 3476 et
2945 3418 3113 3476 fatuis
3150 3416 3461 3490 virginibus
3493 3417 3690 3490 depre-

2098 3509 2418 3568 heuduntur
2439 3512 2479 3567 ³.

2702 3621 2857 3679 CAP.
2899 3622 3087 3677 XVIII.

2454 3712 2701 3770 Secunda
2730 3715 3027 3784 proprietas
3060 3713 3318 3783 formicw.

2168 3804 2308 3861 Cum
2346 3803 2404 3859 in
2444 3803 2659 3859 cellulis
2693 3819 2865 3874 grana
2903 3803 3171 3867 condunt,
3217 3802 3273 3855 in
3318 3801 3461 3857 duas
3500 3809 3684 3873 partes

2098 3896 2193 3952 illa
2234 3896 2509 3960 dividunt,
2557 3912 2628 3952 ne
2676 3896 2859 3951 hieme
2911 3896 3204 3965 ingruente
3242 3901 3585 3966 putrescant,
3628 3904 3686 3951 et

2099 3989 2234 4059 ipsae
2264 3987 2410 4043 fame
2446 3996 2692 4060 pereant.
2727 3986 2983 4042 Formica
3023 3986 3169 4041 enim
3198 4001 3324 4042 cum
3363 3986 3438 4043 sit
3478 3986 3683 4040 animal

2099 4082 2298 4149 solers,
2330 4089 2613 4138 etmstum
2646 4082 2780 4137 solis
2805 4080 3036 4135 nimium
3058 4087 3113 4133 et
3139 4080 3435 4135 hibernum
3466 4089 3684 4149 tempus

2100 4175 2403 4244 praesentit.
2450 4172 2640 4243 Itaque
2675 4188 2803 4228 cum
2833 4187 2954 4227 eam
2992 4171 3211 4228 videris.
3231 4171 3474 4227 triticum
3504 4172 3558 4225 in
3589 4186 3683 4224 ca-

2098 4279 2325 4320 vernam
2368 4264 2722 4330 condentem,
2772 4263 3010 4320 hiemem
3060 4264 3358 4321 adventare
3400 4264 3679 4335 intellich,

2100 4353 2148 4408 si
2184 4368 2315 4409 vero
2346 4354 2483 4409 illud
2519 4365 2675 4409 extra
2702 4353 3029 4411 educentem
3058 4354 3233 4426 ipsam
3267 4354 3495 4422 videris,
3528 4363 3684 4409 tran-

2023 4456 2069 4511 ι)
2098 4444 2328 4515 quillum
2360 4445 2569 4502 instare
2606 4454 2824 4517 tempus
2851 4448 3012 4503 scito.

2693 4556 3089 4628 Inlerpretatio.

2169 4668 2250 4724 Tu
2280 4683 2433 4733 vero,
2467 4684 2500 4723 o
2525 4668 2712 4733 homo,
2750 4685 3037 4726 sermones
3061 4680 3273 4727 veteres
3309 4674 3380 4728 ab
3416 4673 3679 4743 spiritua-

2096 4761 2240 4817 libus
2270 4776 2487 4831 separa.
2522 4760 2722 4815 Littera
2745 4762 2883 4815 enim
2908 4763 3215 4832 interﬁcit‘.
3240 4767 3305 4817 Et
3328 4764 3531 4819 Paulus
3556 4766 3633 4819 ait
3657 4783 3673 4821 :

2098 4852 2208 4908 Lex
2228 4853 2526 4924 spiritualis
2565 4863 2641 4908 est
2660 4853 2703 4911 '.
2736 4851 2908 4908 Judaei
2944 4863 3131 4909 autem
3169 4855 3274 4928 legi
3315 4856 3539 4912 minime
3579 4856 3677 4913 ad-

2095 4946 2386 5015 haerentes,
2419 4944 2562 5003 l‘ame
2602 4945 2902 5018 perierunt.

2708 5150 2857 5206 CAP.
2904 5150 3043 5206 XIX.

2742 5242 2817 5295 De
2847 5241 3018 5313 vulpe.

2167 5334 2368 5404 Vulpes
2412 5343 2697 5390 versutum
2728 5343 2814 5389 est
2852 5335 3075 5390 animal.
3115 5336 3253 5389 Cum
3297 5336 3441 5390 enim
3471 5341 3668 5406 esurit,

2093 5435 2148 5482 et
2179 5426 2305 5481 cibo
2330 5433 2505 5490 caret,
2549 5427 2734 5497 aprica
2764 5426 2883 5481 loca
2914 5425 3052 5492 adit,
3090 5435 3144 5483 et
3173 5427 3323 5483 humi
3352 5438 3522 5485 strata
3551 5431 3671 5486 ani-

2091 5532 2347 5588 mamque
2367 5517 2679 5584 continens,
2707 5532 2769 5573 ac
2796 5517 3066 5575 simulans
3084 5534 3143 5576 se
3172 5529 3443 5577 mortuam
3476 5524 3670 5593 supina

478 5664 542 5725 ἰ
577 5670 704 5726 Cor.
742 5688 820 5735 ιι.
849 5674 900 5730 ὃ.
978 5678 1000 5708 ’
1033 5673 1192 5731 Prov.
1230 5692 1303 5744 Vl,
1337 5674 1389 5729 6.
1468 5676 1488 5707 ³
1520 5675 1706 5734 Matth.
1744 5690 1871 5743 xxv,
1911 5674 1935 5730 I
1982 5690 1997 5733 ε

2180 5675 2201 5707 ⁸
2232 5674 2275 5730 ll
2298 5674 2426 5731 Cor.
2461 5690 2545 5742 ιιι,
2571 5674 2624 5731 6.
2701 5677 2721 5710 ⁸
2753 5674 2912 5731 Rom.
2946 5691 3042 5745 vn,
3086 5677 3173 5734 Η.
