3948 6196
283 319 286 326 ,
328 258 432 318 531

1575 263 1781 320 DUBlA
1812 260 1950 316 AUT
2002 261 2270 319 SPURIA.

3462 266 3562 323 533

330 375 495 448 jacet,
532 379 705 434 oculis
734 388 786 434 et
827 380 1058 451 pedibus
1103 395 1324 436 sursum
1363 381 1585 437 erectis.
1627 382 1768 439 Aves
1795 383 1897 438 ita-

2018 384 2101 452 τὴν
2133 386 2301 454 πνοὴν
2325 385 2417 437 καὶ
2443 385 2810 455 ὑποκρίνουσα
2833 383 3156 453 τεθνηκυῖαν
3180 385 3356 436 κεῖται
3384 382 3570 446 ὑπεὶς,

335 485 441 539 que
470 469 806 527 delabuntur
832 483 892 528 ut
922 474 1039 543 ipsa
1069 480 1406 535 vescantur;
1432 472 1522 528 illa
1552 489 1684 531 vero
1707 475 1900 545 arripit

333 576 426 616 eas
450 563 655 626 subito,
690 579 752 617 ac
783 580 881 632 pro
909 564 1061 618 libito
1094 563 1340 620 devorat.

922 762 1320 832 lnterprctatio.

401 848 512 904 Nec
579 851 740 907 aliter
789 853 1043 911 diabolus
1093 871 1222 911 cum»
1274 858 1572 928 illaqueare
1624 860 1897 916 hominem

331 941 469 1005 vult,
507 948 682 996 tentat
713 945 914 1014 ipsum,
944 953 1002 1000 nt
1049 961 1213 1017 quam
1241 950 1578 1020 negligenter
1607 966 1663 1007 se
1690 951 1744 1006 in
1776 964 1900 1006 ora-

333 1034 477 1089 tione
510 1043 693 1104 gerat;
731 1037 920 1107 sicque
958 1037 1214 1094 facillime
1240 1041 1508 1096 irretitur.

963 1150 1114 1205 CAP.
1150 1151 1264 1206 XX.

960 1241 1028 1295 De
1061 1247 1270 1297 noctua.

283 1335 312 1407 ξ
396 1329 486 1383 Ait
523 1329 732 1386 Psaltcs
759 1351 770 1385 :
809 1331 1009 1386 Factus
1041 1350 1158 1388 sum
1190 1336 1326 1388 sicut
1360 1338 1667 1406 nycticorax
1690 1338 1726 1390 ⁸.
1753 1335 1896 1407 Phy-

297 1403 310 1416 Π

297 1428 306 1452 F.

291 1421 572 1521 isiologus
608 1422 775 1492 igitur
808 1438 962 1477 avem
1003 1439 1124 1478 esse
1156 1424 1290 1478 dicit
1320 1433 1590 1480 amantem
1617 1425 1787 1494 magis
1821 1433 1898 1479 tc-

294 1509 301 1532 ’
326 1509 526 1563 nebras
548 1526 712 1578 quam
743 1512 920 1565 lucem

917 1621 1314 1691 Interpretatio.

2001 475 2126 538 τοὺς
2177 475 2486 545 ὀφθαλμούς
2534 493 2594 529 τε
2648 476 2740 530 καὶ
2800 475 2925 538 τοὺς
2963 474 3130 536 πόδας
3183 474 3295 527 ἄνω
3353 472 3550 541 ἔχουσα

2015 563 2427 635 Ἑπερχομὲνων
2447 565 2501 617 δὲ
2520 564 2628 618 τῶν
2652 562 2930 623 πετεινῶν,
2959 565 3052 615 καὶ
3067 562 3238 632 αὐτὴν
3265 560 3565 616 κατεσθίειι

2004 651 2358 722 βουλομένων,
2389 653 2569 722 ἐκείνη
2606 652 2835 721 ἑτοίμως
2866 650 3003 704 αὐτὰ
3036 653 3243 722 κρατεῖ.

2621 764 2956 832 Ἐριιηνεία.

2071 855 2226 907 Οὕτω
2271 854 2366 908 καὶ
2414 856 2443 906 ὁ
2492 853 2735 918 διάϐολος
2783 853 3104 922 παγιδεῦσαι
3150 852 3241 905 τὸν
3287 852 3564 922 ἄνθρωπον

2002 943 2342 1014 βουλόμενος,
2382 945 2723 1017 διαπειρὰξει
2755 945 2938 1010 αὑτὸν,
2963 946 3112 1007 ὅπως
3139 944 3356 1012 ἀμελῶς
3383 943 3554 1013 ἔχητε

1999 1035 2098 1103 τῆς
2127 1036 2458 1105 προσευχῆς,
2488 1036 2582 1088 καὶ
2611 1037 2783 1106 ῥᾷστα
2811 1035 2983 1100 οὑτως
3011 1034 3287 1104 παγιδεύει
3317 1035 3500 1088 αὑτόν.

2649 1144 2807 1196 ΚΕΦ.
2843 1145 2926 1197 Κ’.

2403 1236 2543 1304 Περὶ
2577 1235 2684 1288 τοῦ
2715 1235 3164 1300 νυκτικόρακος.

2069 1323 2234 1396 Φησὶν
2256 1326 2284 1376 δ
2304 1323 2625 1396 Ψαλμῳδός·
2657 1325 2977 1394 Ἐτ-ενόμην
3009 1322 3153 1376 ὡσεὶ
3183 1320 3564 1388 νυκτικόραξ.

2011 1417 2068 1470 '0
2096 1414 2227 1484 γοῦν
2251 1415 2565 1486 φυσιολόγος
2592 1415 2740 1482 λέγει
2763 1415 2915 1467 τουτὶ
2939 1414 2999 1466 τὸ
3025 1412 3267 1466 πετεινὸν
3294 1413 3565 1482 ὑπεραγα-

1999 1509 2106 1576 πᾷν
2133 1505 2229 1576 τὴν
2259 1505 2433 1558 νύκτα
2491 1505 2524 1574 ἢ
2551 1505 2650 1575 τὴν
2674 1503 2904 1575 ἡμέραν.

2622 1619 2959 1689 Ἐρμηνεία.

397 1706 493 1761 Sic
524 1706 789 1765 Dominus
838 1719 1025 1767 noster
1069 1711 1230 1768 Jesus
1265 1713 1520 1771 Christus
1566 1715 1756 1770 dilexit
1797 1728 1896 1769 nos

2071 1710 2256 1774 Οὕτως
2289 1712 2384 1772 καὶ
2419 1713 2448 1764 ό
2477 1711 2680 1782 Κύριος
2708 1707 2865 1782 ἡμῶν
2911 1708 3112 1780 Ἰησοῦς
3157 1706 3387 1778 Χριστὸς
3432 1706 3564 1775 ἡγά-

326 1796 579 1850 sedentes
613 1798 664 1852 in
694 1802 934 1857 tenebris
959 1812 1012 1856 et
1041 1804 1094 1857 in
1123 1805 1313 1859 umbra
1343 1807 1538 1863 mortis
1559 1808 1601 1871 ³,
1661 1808 1762 1863 hoc
1789 1818 1894 1872 est,

321 1889 565 1956 gentium
590 1892 852 1960 p0pulunt
879 1895 1083 1948 amavit
1115 1896 1288 1965 magis
1337 1913 1503 1967 quam
1535 1897 1774 1966 Judteos,
1805 1901 1896 1970 qui

323 1980 454 2033 olim
492 1981 839 2052 adoptionem
890 1988 1494 2060 repromissionemque
1520 1992 1574 2045 in
1610 1991 1772 2048 Patre
1802 1993 1899 2048 ha-

323 2073 581 2128 buerunt.
626 2075 992 2140 Quamobrem
1028 2079 1280 2134 Salvator
1308 2081 1446 2136 dixit
1481 2101 1494 2137 τ
1529 2083 1658 2137 Noli
1698 2084 1896 2149 timere,

324 2167 555 2234 pusillus
609 2185 756 2236 grex,
799 2173 922 2239 quia
967 2173 1287 2242 complacuit
1330 2175 1488 2231 Patri
1537 2185 1726 2242 uestro,
1772 2178 1900 2232 dare

325 2257 467 2311 vobis
496 2275 713 2326 regnum
740 2262 780 2315 ³.
815 2261 994 2326 Dices,
1025 2265 1245 2334 [mpura
1277 2268 1392 2323 avis
1421 2275 1503 2322 cst
1533 2278 1733 2323 noctua
1764 2287 1778 2322 :
1813 2277 1898 2321 at-

324 2349 417 2417 qui
465 2348 715 2402 Salvator
762 2367 860 2420 per
903 2355 1228 2422 Apostolum
1269 2357 1408 2410 dixit
1445 2376 1459 2410 :
1499 2356 1632 2412 ldum
1676 2361 1764 2428 qui
1797 2377 1899 2413 non

325 2448 534 2490 noverat
568 2450 859 2505 peccatum,
891 2459 988 2509 pro
1009 2446 1160 2497 nobis
1189 2458 1457 2512 peccatum
1483 2448 1603 2516 fecit
1623 2449 1644 2480 ’⁵
1677 2465 1692 2502 :
1726 2449 1901 2502 humi-

323 2526 476 2578 liavit
505 2527 769 2596 seipsuni,
808 2539 866 2582 ut
903 2531 1171 2587 exultaret
1196 2548 1296 2588 nos
1325 2553 1338 2588 :
1372 2534 1572 2590 Factus
1595 2544 1673 2590 est
1695 2538 1896 2602 omnia,

324 2624 381 2667 ut
415 2631 593 2670 omnes
623 2617 798 2672 salvos
831 2618 1092 2686 faceret“.

945 2820 1098 2877 CAP.
1144 2821 1282 2876 XXI.

992 2912 1070 2966 De
1099 2928 1216 2981 ape.

395 3004 484 3056 Ait
524 3003 758 3074 Sapiens
793 3026 804 3060 :
844 3007 1020 3060 Parva
1068 3009 1205 3061 inter
1247 3026 1366 3064 aves
1401 3019 1478 3064 est
1511 3011 1647 3078 apis,
1674 3021 1722 3065 et
1752 3011 1898 3078 prin-

325 3097 518 3162 cipium
545 3095 883 3150 dulcedinum
905 3097 1111 3165 [ructus
1132 3099 1280 3153 illius
1307 3101 1348 3153 ⁸.

911 3207 1306 3277 Interpretatio.

401 3295 556 3350 [laud
619 3297 779 3351 aliter
844 3299 1032 3355 divina
1094 3316 1261 3370 opera
1319 3303 1902 3372 incomprehensibilia

328 3394 456 3440 sunt
493 3387 547 3440 in
586 3386 926 3456 hominibus,
958 3404 1015 3446 et
1036 3392 1313 3448 mirabilia
1344 3393 1396 3447 in
1424 3395 1681 3460 excelsis,
1723 3403 1778 3449 et
1810 3410 1904 3450 su-

329 3493 426 3547 per
453 3479 557 3533 mel
590 3487 644 3532 et
673 3479 859 3534 favum
900 3497 964 3536 ac
1007 3499 1174 3553 super
1207 3493 1391 3540 creata
1421 3486 1606 3539 omnia
1629 3486 1898 3542 dulciora.

935 3595 1090 3650 CAP.
1133 3595 1298 3651 XXII.

859 3687 936 3742 De
959 3690 1196 3744 terrestri
1225 3707 1382 3744 rana.

397 3782 701 3839 Terrestris
749 3782 863 3837 haec
916 3797 1051 3836 rana
1106 3783 1346 3837 calorem
1391 3782 1526 3838 solis
1573 3782 1797 3851 excipit,
1847 3791 1902 3838 et

335 3877 482 3944 gelu,
529 3877 755 3940 imbres,
788 3887 996 3947 ventos,
1047 3890 1101 3935 et
1148 3881 1409 3936 hibernas
1449 3887 1804 3951 tempestates
1847 3889 1903 3936 et

334 3969 516 4020 omnia
546 3972 799 4033 sustinet,
835 3980 891 4025 et
925 3971 992 4025 de
1037 3972 1182 4026 nulla
1228 3988 1286 4027 re
1329 3971 1608 4042 desperat.
1639 3971 1901 4042 Aquaticii

333 4074 467 4113 vero
497 4060 632 4114 nihil
661 4063 859 4115 horum
883 4063 1116 4117 tolerare
1138 4072 1352 4132 potest:
1376 4078 1591 4130 verum,
1611 4064 1902 4133 ingruente

337 4150 538 4214 hieme,
570 4151 806 4220 seipsa'm
848 4153 904 4206 in
938 4153 1271 4222 profundum
1303 4153 1566 4221 demittit,
1612 4155 1729 4209 sole
1759 4168 1901 4208 .vero

333 4241 602 4297 emicante
632 4257 922 4311 emergens
961 4243 1173 4312 placide
1203 4243 1520 4308 incalescit;
1552 4258 1677 4298 cum
1715 4253 1898 4298 autem

331 4332 464 4385 solis
504 4333 652 4385 calor
695 4333 1012 4397 increverit,
1058 4343 1204 4386 terre
1238 4333 1396 4386 illum
1441 4347 1550 4387 non
1596 4341 1796 4401 potest,
1837 4347 1900 4389 ac

331 4424 512 4476 denuo
543 4425 596 4475 in
633 4424 969 4491 profundum
1000 4437 1124 4478 sese
1158 4423 1368 4493 dejicit.

913 4613 1309 4683 lnterpretatio.

405 4703 497 4760 Sic
523 4715 578 4760 et
600 4706 693 4776 qui
740 4707 917 4762 otiose
954 4706 1161 4776 degunt
1206 4705 1460 4759 monadii
1502 4705 1724 4760 minimc
1752 4715 1908 4776 pote—

1999 1817 2172 1872 πησεν
2201 1803 2348 1872 ἡμᾶς
2386 1803 2511 1866 τοὺς
2548 1803 2605 1854 ὲν
2635 1802 2814 1855 σκότει
2849 1802 2943 1855 καὶ
2981 1801 3108 1870 σκιᾷ
3141 1798 3370 1852 Θανάτου
3403 1799 3568 1868 καθη·

2003 1891 2216 1962 μένους,
2245 1892 2511 1957 τουτέστι,
2541 1892 2630 1945 τὸν
2655 1892 2780 1945 λαὸν
2808 1894 2914 1946 τῶν
2944 1891 3134 1955 ἐθνῶν,
3163 1892 3302 1961 ὑπὲρ
3328 1890 3421 1943 τὸν
3445 1889 3566 1943 λαὸν

1998 1983 2110 2036 τῶν
2156 1975 2445 2048 Ἰουδαίων,
2479 1983 2590 2038 τῶν
2618 2001 2748 2037 ποτε
2777 1983 2874 2054 τὴν
2903 1982 3175 2037 υἱοθεσίαν
3203 1983 3296 2034 καὶ
3333 1984 3565 2049 ἐπαγγε-

1999 2075 2118 2131 λίαν
2148 2076 2227 2146 τῷ
2253 2076 2431 2147 Πατρὶ
2477 2076 2807 2146 ἐσχηκότων.
2857 2074 2953 2126 Ἐκ
2992 2074 3182 2126 τούτου
3213 2073 3309 2126 καὶ
3330 2075 3358 2125 ὁ
3384 2072 3569 2143 Σωτὴρ

2001 2167 2202 2235 ἔλεγεν·
2235 2167 2330 2235 Μὴ
2369 2167 2576 2236 φοϐοῦ,
2608 2167 2672 2219 τὸ
2701 2165 2917 2234 μικρὸν
2942 2165 3242 2234 ποίμνιον.
3286 2164 3374 2216 ὅτι
3404 2162 3567 2217 εὐδό-

2002 2277 2194 2328 κησεν
2221 2262 2254 2314 ό
2273 2259 2478 2328 Πατὴρ
2505 2257 2671 2328 ὑμῶν
2703 2257 2910 2310 δοῦναι
2931 2257 3074 2325 ὑμῖν
3101 2251 3563 2322 τὴνβασιλείαν.

2001 2351 2178 2420 Ἐρεῖς
2204 2367 2314 2420 μοι,
2337 2351 2418 2403 ὅτι
2443 2351 2471 2404 ὁ
2491 2348 2813 2420 νυκτικόραξ
2839 2348 3142 2418 ἀκάθαρτόν
3176 2349 3310 2399 ἐστι’
3336 2345 3428 2398 καὶ
3453 2343 3563 2405 πῶς

2000 2443 2028 2493 ὁ
2050 2439 2236 2510 Σωτὴρ
2254 2439 2403 2506 ἔλεγε
2420 2439 2507 2492 διὰ
2522 2440 2612 2493 τὸν
2635 2437 2974 2502 ’Λπόστολον,
2995 2437 3076 2490 ὅτι
3114 2436 3223 2490 Τὸν
3238 2434 3324 2503 μὴ
3351 2451 3412 2502 τι
3425 2434 3565 2485 ὄντα

2000 2531 2310 2598 ἁμαρτίαν,
2338 2529 2675 2599 ὑπὲρήμῶν
2697 2529 2988 2598 ἁμαρτίαν
3010 2528 3325 2594 ἐποίησεν;
3353 2522 3562 2577 ἐταπείε

2000 2639 2170 2676 νωσεν
2221 2622 2430 2686 ἑαυτὸν,
2484 2622 2570 2675 ἵνα
2605 2620 2796 2692 ὑψώσῃ
2833 2621 2961 2683 τοὺς
3003 2621 3226 2681 πάντας
3273 2619 3348 2672 Τὰ
3377 2614 3564 2670 πάντα

1999 2710 2267 2781 γέγονεν,
2293 2712 2395 2766 ἵνα
2420 2711 2651 2777 πάντας
2679 2711 2873 2781 σώσῃ.

2625 2826 2784 2879 ΚΕΦ.
2815 2826 2949 2878 KA'.

2459 2917 2599 2984 Περὶ
2643 2915 2754 2984 τῆς
2789 2915 3113 2986 μελίσσης.

2071 3012 2298 3083 Εἴρηται
2327 3010 2418 3064 διὰ
2451 3008 2545 3062 τοῦ
2590 3007 2784 3077 Σοφοῦ⁶
2822 3007 3018 3074 Μικρὰ
3049 3005 3118 3057 ἐν
3155 3003 3445 3069 πετεινοῖς
3469 3005 3571 3073 μέ-

2003 3107 2213 3169 λισσα,
2247 3103 2344 3157 καὶ
2374 3101 2529 3171 ἀρχὴ
2569 3098 3010 3171 γλυκυσμὰτων
3043 3099 3076 3151 ό
3104 3095 3332 3164 καρπὸς
3361 3094 3572 3163 αὐτῆς.

2626 3208 2960 3276 Ἐρμηνεία.

2093 3301 2363 3366 Ὡσαύτως
2391 3301 2458 3355 τὰ
2495 3300 2651 3354 θεῖκά
2685 3299 2822 3371 ἔργα
2863 3300 3242 3371 ἀνεξιχνίαστα
3276 3299 3334 3350 ἐν
3361 3295 3577 3368 ἀνθρὼ-

2002 3409 2145 3456 ποις,
2180 3393 2273 3446 καὶ
2297 3392 2588 3464 θαυμαστὰ
2620 3392 2676 3443 ὲν
2707 3391 2951 3460 ὑψηλοῖς,
2983 3392 3077 3446 καὶ
3099 3391 3412 3461 γλυκύτερα
3434 3389 3582 3459 ὑπὲρ

2005 3485 2126 3555 μέλι
2152 3486 2246 3538 καὶ
2270 3483 2482 3556 κηρίον,
2510 3485 2606 3538 καὶ
2640 3483 2779 3554 ὑπὲρ
2812 3483 2986 3537 πάντα
3014 3484 3083 3536 τὰ
3108 3482 3401 3553 κτίσματα.

2624 3597 2780 3650 ΚΕΦ.
2813 3597 2941 3653 ΚΒ’.

2388 3686 2528 3755 Περὶ
2569 3686 2685 3740 τοῦ.
2723 3686 3190 3755 ξηροϐατρὰχου.

2073 3774 2260 3839 Οὕτως
2279 3777 2306 3828 ὁ
2329 3776 2732 3849 ξηροϐάτραχος
2745 3776 2959 3847 δέχεται
2980 3777 3039 3829 τὸ
3062 3775 3262 3847 θερμὸν
3285 3773 3381 3827 τοῦ
3403 3775 3592 3844 ἡλίου,

2000 3869 2128 3933 τούς
2171 3885 2232 3922 τε
2280 3868 2506 3936 πάγους.
2541 3869 2802 3941 ὖμϐρους,
2847 3869 3103 3939 ἀνέμους,
3143 3867 3238 3921 καὶ
3279 3867 3596 3938 χειμῶνας,

2003 3960 2097 4013 καὶ
2137 3958 2314 4013 πάντα
2355 3959 2636 4029 ὑπομένει,
2671 3959 2920 4029 οὐδαμῶς
2958 3977 3018 4012 τε
3060 3956 3380 4030 ἀπειρηκώς
3409 3959 3600 4015 ἐστιν.

2015 4049 2078 4106 Ὀ
2101 4050 2158 4104 δὲ
2189 4049 2594 4120 ὑγροὸάτραχος
2625 4049 2875 4105 ἀδυνατεῖ
2901 4051 3220 4120 ὑπενεγκεῖν
3252 4069 3306 4103 τι
3328 4050 3442 4103 τῶν
3475 4070 3600 4106 τοι-

2001 4142 2196 4210 ούτων,
2228 4143 2364 4196 ἀλλὰ
2384 4142 2778 4204 καταλαϐόντος
2803 4141 2896 4194 τοῦ
2932 4141 3221 4213 χειμῶνος,
3249 4139 3435 4210 βάλλει
3460 4142 3570 4195 ὲαυ
3587 4176 3604 4186 ς

2002 4235 2094 4290 τὸν
2125 4237 2206 4299 εἰς
2233 4234 2324 4287 τὸν
2365 4233 2542 4304 βυθόν·
2576 4234 2981 4304 ἐπιλάμψαντος
3016 4235 3072 4286 δὲ
3102 4232 3196 4287 τοῦ
3225 4232 3404 4301 ἡλίου,
3432 4233 3600 4304 ἐξερε-

2005 4325 2234 4397 χόμενος
2257 4309 2427 4395 ἡδέως
2443 4325 2814 4397 θερμαίνεταν
2842 4326 2962 4378 ἐπεὶ
2984 4325 3041 4378 δὲ
3064 4326 3096 4394 ἡ
3120 4323 3212 4377 τοῦ
3235 4322 3391 4392 ἡλίου
3407 4322 3598 4394 θέρμη

1933 4403 1978 4458 Ῑ)
2007 4419 2275 4490 παχυνθῇ,
2307 4419 2475 4489 αὐτὴν
2506 4418 2690 4490 φέρειν
2717 4418 2777 4472 ού
2806 4417 3050 4478 δύναται,
3091 4416 3185 4468 καὶ
3213 4414 3379 4466 πάλιν
3405 4415 3598 4483 ῥίπτει

2006 4510 2194 4562 ἑαυτὸν
2219 4507 2455 4579 βυθόνδε.

2631 4620 2961 4690 Ἑρμηνεὰι.

2082 4711 2237 4764 Οὕτω
2266 4710 2359 4761 καὶ
2387 4711 2436 4762 οἱ
2470 4713 2712 4783 μοναχοὶ,
2745 4714 2795 4766 οἱ
2824 4712 2898 4783 μὴ
2926 4713 3250 4784 ἀσκούμενοι
3277 4713 3377 4785 οὑχ
3401 4708 3585 4768 οἷοίτε

335 4804 463 4851 runt
501 4795 719 4858 famem,
775 4797 948 4860 sitim,
999 4797 1320 4861 nuditatem,
1362 4796 1794 4860 continentiam,
1854 4805 1899 4850 et

2018 4799 2222 4851 ἔσονται
2258 4799 2548 4868 ὑπομένειν
2582 4806 2793 4868 πεῖναν,
2834 4802 3010 4872 δίψαν,
3049 4803 3350 4873 γύμνωσιν,
3382 4806 3582 4876 ἐγκρά-

331 4889 480 4943 humi
510 4889 851 4942 cubationem
892 4888 1158 4954 tolerare;
1199 4889 1294 4959 qui
1347 4903 1475 4942 vero
1519 4890 1632 4942 otio
1675 4901 1785 4940 non
1818 4886 1903 4939 in-

331 4979 575 5050 dulgent,
619 4979 846 5033 lihenter
883 4977 1155 5045 jejunant,
1203 4987 1365 5048 atque
1402 4979 1582 5032 omnia
1609 4977 1900 5031 sustinent.

926 5089 1082 5145 CAP.
1118 5091 1310 5145 XXIII.

918 5181 994 5236 De
1020 5181 1324 5237 cltaradrt'o.

401 5272 496 5329 Est
523 5275 639 5329 avis
669 5273 998 5329 charadrius
1032 5272 1201 5339 dicta,
1240 5288 1402 5344 quam
1437 5273 1790 5343 physiologus
1825 5270 1901 5325 ait

244 5379 249 5388 ι
333 5361 509 5418 aibam
541 5381 663 5420 esse
705 5373 878 5422 totam
934 5365 1142 5434 absque
1187 5364 1297 5419 ulla
1332 5378 1560 5434 prorsus
1600 5361 1898 5433 nigredinis

339 5459 481 5506 nuta.
513 5453 690 5531 Porro
721 5458 767 5511 si
803 5457 929 5528 quis
962 5457 1419 5522 morbolaboret,
1447 5453 1628 5527 sitque
1663 5453 1899 5509 hominis

402 5605 413 5632 ¹
451 5607 593 5664 Psal.
628 5628 697 5676 cr,
733 5615 780 5667 7.
862 5619 879 5647 ²
910 5616 1041 5670 Luc.
1072 5633 1108 5683 ι,
1147 5616 1230 5668 79.
1309 5616 1327 5646 ³
1367 5615 1498 5667 Luc.
1535 5613 1746 5681 τωδὶ
1823 5611 1899 5665 ‘Il

2018 5627 2060 5664 r.
2087 5628 2138 5673 γ,
2164 5611 2249 5666 2|.
2323 5614 2342 5644 ⁵
2373 5613 2391 5665 ι
2421 5613 2544 5668 Cor.
2586 5629 2656 5680 Ix,
2689 5614 2776 5671 22.

2007 4905 2156 4942 τειαν
2183 4889 2276 4941 καὶ
2296 4891 2731 4960 χαμαικοιτείανο
2756 4894 2803 4945 οἱ
2831 4894 2887 4946 δὲ
2913 4894 3360 4966 ἐνασχολούμενοι
3392 4897 3580 4968 ἥδιστα

2006 4977 2351 5046 νηστεύουσι,
2381 4980 2474 5032 καὶ
2503 4981 2679 5035 πάντα
2712 4982 2962 5054 φέρουσι.

2623 5093 2780 5145 ΚΕΦ.
2822 5093 2946 5146 ΚΓ.
3113 5135 3122 5137 -

2454 5182 2591 5250 Περὶ
2631 5183 2736 5236 τοῦ
2781 5185 3124 5254 χαραδρίου.

2082 5271 2235 5323 Ἐστι
2256 5271 2362 5341 γὰρ
2387 5274 2629 5326 πετεινὸν
2649 5273 2938 5344 λεγόμενον
2961 5276 3277 5348 χαραδριος.
3314 5274 3371 5328 '0
3390 5290 3577 5342 φυσιο-

2005 5362 2160 5430 λόγος
2196 5363 2388 5432 ἡλεγξε
2431 5365 2559 5435 περὶ
2586 5364 2797 5430 τούτου,
2844 5368 2925 5419 ὅτι
2958 5367 3076 5421 ὅλον
3104 5367 3295 5421 λευκόν
3330 5369 3469 5431 ἐστι,
3506 5365 3580 5436 μὴ

2005 5453 2141 5516 ὅλως
2183 5453 2436 5524 μελανίαν
2473 5455 2614 5525 ἔχον.
2645 5457 2754 5509 Καὶ
2798 5457 2893 5512 ὲάν
2923 5476 3008 5521 τις
3047 5460 3197 5528 νοσῇ,
3235 5459 3268 5526 ἡ
3295 5457 3450 5516 νόσος
3485 5460 3586 5513 τοῦ

2859 5618 2874 5646 ⁶
2913 5617 3080 5670 Eccli.
3114 5633 3190 5676 ιι.
3222 5617 3276 5672 5.
