3948 6196
367 235 457 293 535
1352 223 1438 280 DE
1469 225 1797 284 LlTURGIA
1835 230 2662 290 PR/ESANCTIFICATORUM.
3495 256 3602 314 53i

361 345 633 413 ἀνθρώπου
672 349 722 402 εί
755 349 900 404 ἐστιν
936 351 1013 416 είς
1043 353 1295 421 θάνατον,
1325 357 1660 430 ἀποστρέφει
1689 359 1800 416 ἀπὸ
1831 362 1920 417 τοῦ

2045 365 2296 434 egritudo
2335 369 2544 436 letalis,
2583 379 2931 442 prospectum
2979 389 3138 430 suum
3182 375 3508 432 charadrius
3533 385 3604 436 ab

360 437 624 501 νοσοῦντος
660 439 721 492 τὸ
756 441 1049 510 πρόσωπον
1075 445 1241 498 αὐτοῦ
1275 447 1302 498 6
1327 449 1642 518 χαράδριος·
1676 451 1771 512 ἐὰν
1803 451 1860 505 δὲ
1893 454 1919 521 ἡ

2033 457 2120 519 illo
2148 462 2378 525 avertit;
2405 462 2494 517 sin
2523 477 2649 518 vero
2673 464 2899 520 morbus
2937 466 3060 521 vita:
3089 468 3438 524 securitatem
3473 485 3592 538 pro-

358 523 497 585 νόσος
536 523 668 594 πρὸς
700 524 844 597 ζωήν
877 529 1048 592 ἐστιν,
1083 531 1319 597 ἀτενίςει
1349 536 1440 589 τὸν
1470 537 1732 593 νοσοῦντα
1764 542 1792 592 6
1827 559 1917 609 χα-

2040 549 2227 615 nittat,
2264 559 2396 606 tunc
2440 554 2765 610 charadrius
2801 557 3086 628 integrum
3127 557 3360 615 intendit
3399 560 3599 623 visum,

354 612 579 684 ράδριος,
612 617 718 672 καὶ
736 617 766 670 6
791 617 962 672 νοσῶν
990 620 1080 674 τὸν
1106 623 1288 677 αὐτόν.

2024 648 2080 693 et
2116 641 2359 698 vicissim
2389 658 2532 715 :eger
2565 646 2619 700 in
2651 646 3021 705 eliaradrium.

964 731 1298 802 Ἐρμηνεία.

2617 757 3009 828 Interpretatio.

410 816 590 880 Οὕτως
637 820 668 872 6
701 819 905 889 Κύριος
953 821 1113 892 ἡμῶν
1164 825 1401 896 Χριστὸς
1449 827 1731 893 ὀλόλευκός
1780 834 1915 895 ἐστι,

2095 843 2186 899 Sic
2224 845 2480 904 Christus
2516 846 2780 904 Dominus
2806 861 2993 907 noster
3021 854 3289 909 candidus
3321 861 3404 908 est
3428 861 3597 920 totus,

347 905 896 978 gtnoeptavpekavtav
923 912 1018 965 τοῦ
1046 912 1255 984 κόσμου
1275 915 1436 986 ἔχων,
1462 917 1521 982 ὅς
1555 918 1653 988 μὲν
1681 919 1790 973 ἀπὸ
1811 920 1906 974 τῶι

2039 936 2230 1006 lbsque
2269 939 2377 992 ulla
2439 939 2719 994 mundana
2775 905 3299 1016 nigredinefq—uiﬁa

340 997 718 1067 ἀπολουμένων
748 1001 1016 1072 πρόσοψιν
1053 1004 1246 1059 ἐαυτοῦ
1286 1008 1610 1080 ἀποτρέπει,
1642 1011 1702 1073 ὃς
1730 1011 1785 1064 δὲ
1810 1013 1899 1066 τῶι

2034 1026 2227 1080 vultum
2263 1042 2422 1082 suum
2453 1031 2671 1096 avertit,
2736 1032 2791 1086 in
2836 1044 3152 1090 sanctorum
3187 1046 3366 1092 autem
3406 1039 3593 1093 faciem

337 1086 500 1152 ἁγίων
539 1089 623 1151 είς
665 1089 726 1143 τὸ
772 1092 1064 1160 πρόσωπον
1091 1093 1299 1162 βλέπει.
1335 1098 1490 1164 Ἀγε,
1526 1100 1671 1168 ἐρεῖς
1699 1117 1811 1171 μοι,
1834 1103 1892 1155 ὅτ

2034 1099 2261 1184 1ἐκψίοἰι.
2316 1118 2448 1188 Age,
2495 1121 2791 1188 quomodo,
2839 1123 3075 1192 inquies,
3109 1141 3238 1180 eum
3271 1128 3593 1183 charadrius

332 1176 621 1248 χαράδριος
648 1179 958 1252 ἀκάθαρτός
979 1185 1116 1246 ἐστι,
1143 1187 1236 1240 καὶ
1264 1188 1382 1251 πῶς
1411 1190 1636 1262 φέρεται
1656 1193 1738 1255 είς
1756 1193 1891 1262 πρόσ

2031 1219 2233 1274 unpura
2270 1206 2342 1261 sit
2380 1209 2519 1269 avis,
2554 1223 2846 1277 personam
2872 1213 3076 1268 Christi
3110 1216 3389 1271 sustinet?
3416 1217 3590 1288 Impu-

327 1283 471 1322 ωπον
499 1269 597 1322 τοῦ
631 1271 902 1340 Χριστοῦ;
952 1274 1288 1347 Ἀκάθαρτος
1327 1280 1386 1333 δέ
1425 1283 1541 1334 ἐστι
1576 1283 1671 1336 καὶ
1703 1285 1731 1336 6
1767 1283 1886 1352 ὄφις

2028 1310 2112 1350 rus
2152 1296 2374 1364 quidem
2411 1306 2464 1352 et
2509 1313 2760 1368 serpens,
2811 1318 2972 1372 quem
3011 1313 3191 1360 tamen
3239 1307 3293 1360 in
3342 1310 3587 1365 testimo-

329 1358 416 1410 καὶ
459 1359 845 1430 ἐμαρτύρησεν
895 1364 1058 1418 αὑτὸν
1101 1367 1130 1418 6
1177 1369 1412 1439 Χριστὸς
1457 1372 1651 1440 λέγων·
1703 1374 1888 1441 Καθὼς

2034 1389 2168 1439 tium
2224 1386 2460 1442 adduxit
2512 1389 2791 1459 Christus,
2848 1394 3087 1450 dicens:
3137 1397 3589 1461 Quemadmodum

326 1448 530 1515 ίψιωσε
583 1451 801 1520 Μωσῆς
865 1454 972 1509 τὸν
1012 1456 1153 1525 ὄφιν
1197 1459 1269 1512 ἐν
1314 1461 1389 1529 τῇ
1434 1463 1653 1533 ἐρήμῳ,
1722 1466 1885 1519 οὕτως

2030 1475 2270 1529 multavit
2304 1476 2476 1532 Moses
2526 1491 2813 1548 serpentem
2860 1483 2914 1536 in
2963 1486 3194 1551 deserto,
3243 1487 3320 1540 ita
3361 1489 3589 1542 exaltari

325 1539 634 1610 ὑψωθῆναι
663 1543 760 1596 δεῖ
770 1544 886 1599 ’τὸν
921 1545 1058 1600 Υἱύν
1080 1549 1186 1602 τοῦ
1211 1551 1546 1621 ἀνθρώπου.

1218 1551 1546 1621 ἀνθρώπου.
2013 1577 2215 1634 oportet
2255 1566 2458 1622 Filium
2486 1571 2712 1625 hominis
2740 1573 2777 1629 ‘.

948 1659 1104 1713 κιειιι.
1148 1663 1273 1717 ΚΔ’.
1940 1698 1981 1750 Β

1940 1698 1981 1750 Β
2615 1682 2766 1737 car.
2804 1681 2992 1740 χχιι.

703 1750 840 1816 Περὶ
875 1751 984 1804 τοῦ
1016 1752 1515 1825 ὃενδροκόλοπος.

1355 1773 1515 1825 οπος.
2678 1772 2752 1826 De
2783 1776 2914 1841 pica.

396 1856 450 1909 ’0
483 1858 864 1933 δενδροκόλωψ
895 1864 1080 1938 δρνεόν
1104 1870 1219 1923 ἐστι
1243 1871 1504 1936 ποικίλον,
1531 1873 1779 1947 καθάπερ
1809 1879 1902 1932 καὶ

2076 1875 2240 1935 Picus
2295 1881 2413 1935 avis
2458 1888 2542 1937 est
2580 1883 2720 1936 varii
2771 1884 2992 1950 coloris,
3035 1887 3499 1956 quemadmodum
3538 1899 3589 1944 et

316 1947 341 1997 δ
364 1944 614 2010 διάϐολος
638 1951 879 2017 ποικίλος
905 1955 1043 2009 ἐστί.
1070 1959 1368 2030 Πορεύεται
1396 1962 1453 2014 δὲ
1475 1964 1503 2015 6
1531 1944 1875 2038 6evﬁpox‘6kwt

2024 1969 2252 2026 liabolus
2297 1972 2606 2042 versipellis
2647 1980 2765 2038 est;
2806 1944 3070 2030 nemoris.
3095 1975 3295 2032 frutcta
3343 1978 3583 2048 ingredi-

313 2035 394 2089 διὰ
423 2037 532 2090 τῶν
565 2039 665 2092 τοῦ
689 2041 900 2115 δρυμοῦ
926 2045 1089 2114 ῦλῶν,
1115 2049 1208 2102 καὶ
1236 2050 1312 2121 τῷ
1337 2057 1693 2127 προμυκτῆρι
1727 2059 1872 2112 παίει

2026 2076 2108 2124 ur,
2139 2068 2428 2132 rostroque
2469 2063 2625 2132 petit,
2676 2078 2860 2118 aurem
2894 2065 2961 2120 iis
2981 2066 3279 2122 admovens
3313 2087 3326 2122 :
3361 2070 3503 2140 quod
3534 2072 3579 2127 ei

313 2127 541 2192 καὶτοῖς
589 2131 724 2185 ὠσὶν
761 2135 1045 2206 ἀκροᾶται·
1086 2141 1180 2193 καὶ
1205 2144 1253 2194 εί
1289 2141 1388 2213 μέν
1431 2145 1548 2198 ἐστι
1593 2147 1773 2216 κωφὸν
1807 2167 1872 2205 κα

2021 2151 2238 2205 .iderata
2263 2127 2507 2207 inanisv-e
2538 2153 2701 2208 arbor
2730 2153 2915 2221 fuerit,
2951 2155 3098 2212 illam
3133 2159 3337 2214 excidit
3367 2127 3393 2223 ,.
3418 2170 3580 2232 atque

312 2217 563 2288 ἀκάρδιον
607 2222 668 2275 τὸ
707 2224 945 2297 δένδρον,
993 2231 1252 2285 ἐκκόπτει
1283 2233 1376 2287 καὶ⁹
1405 2235 1465 2298 ἐς
1493 2235 1626 2289 αὐτὸ
1657 2239 1868 2311 εἱσέρχε

2015 2242 2240 2297 :xcisam
2271 2253 2535 2314 occupat;
2567 2260 2754 2300 verum
2791 2245 2838 2302 si
2863 2247 3092 2302 solidam
3127 2248 3574 2319 deprehenderit,

313 2325 413 2362 ται·
444 2314 491 2364 εί
521 2313 584 2366 δῖε
618 2315 930 2388 ὁλοκάρδιὸν
959 2322 1130 2388 ἐστιν,
1165 2323 1444 2397 ἐκφεύγει,
1489 2329 1700 2384 ἐκεῖθεν
1728 2332 1872 2405 ἅπερ

1999 2331 2260 2388 intactam
2286 2313 2627 2404 relinquens,
2659 2338 2840 2392 avolat
2871 2346 3037 2409 atque
3065 2313 3228 2394 aliam
3253 2341 3480 2397 invadit.

313 2401 526 2471 χόμενος
558 2409 650 2472 εἰς
684 2408 871 2481 ἕτερον
900 2411 1137 2485 δένδρον.

939 2524 1278 2596 Ἐρμηνεία.
1719 2557 1725 2562 ι

1719 2557 1725 2562 ’
2582 2540 3007 2612 Interpretatio.‘

373 2630 556 2696 Οὕτως
603 2632 690 2686 ὅτε
724 2633 972 2701 διάϐολος
1015 2637 1102 2692 διὰ
1141 2640 1350 2711 δρυμοῦ
1394 2645 1708 2716 πορεύεται,
1743 2666 1898 2704 τουτ-

2061 2651 2179 2707 Non
2208 2654 2368 2709 aliter
2394 2653 2647 2711 diabolus
2679 2655 2894 2720 silvam,
2948 2663 3161 2711 natura:
3185 2656 3442 2713 videlicet
3471 2658 3573 2713 hu-

308 2723 438 2787 ἐστι,
469 2724 557 2778 διὰ
614 2727 714 2796 τῆς
758 2729 866 2781 τῶν
901 2730 1204 2802 ἀνθρώπων
1234 2735 1475 2803 φύσεως,
1513 2739 1608 2792 καὶ
1649 2742 1742 2794 ἐπί¹
1784 2746 1867 2795 τοῖ

2013 2757 2187 2806 natm,
2226 2744 2416 2807 intrat,
2446 2752 2609 2814 atque
2643 2746 2695 2799 in
2744 2746 3044 2800 arboribus
3070 2747 3322 2802 considet
3354 2767 3368 2801 τ
3394 2749 3572 2804 homi-

307 2815 534 2886 δένδροις
561 2818 892 2886 καθέζεται,
926 2823 1092 2891 ἤγουν
1121 2827 1234 2887 τοῖς
1260 2826 1592 2897 ἀνθρώποις,
1629 2831 1866 2900 μεταδῶ

2015 2835 2099 2898 Iis,
2125 2834 2368 2904 inquam,
2390 2850 2486 2889 cor
2512 2837 2579 2890 ad
2609 2836 2900 2890 inhonesta
2925 2838 3241 2901 traducens,
3267 2838 3389 2891 ferit
3410 2848 3574 2907 atque

307 2902 403 2958 λων
441 2907 540 2972 τὰς
596 2909 825 2979 καρδίας
864 2912 1044 2966 αὐτῶν
1086 2916 1166 2978 είς
1205 2915 1302 2986 τὴν
1335 2918 1696 2990 ἀκαθαρσίαν,
1743 2925 1866 2977 παίε

2011 2902 2504 2980 ittente'observat.
2544 2925 2598 2978 Si
2637 2925 2818 2994 itaque
2861 2926 3138 2979 hominem
3189 2941 3312 2980 esse
3380 2927 3570 2980 invali-

308 2996 393 3048 καὶ
421 2997 499 3067 τῷ
525 2997 637 3051 diti.
667 3000 873 3054 ἀκούει.
907 3005 1017 3057 Καὶ
1037 3003 1102 3074 ἢν
1128 3006 1228 3076 μὲν
1257 3008 1286 3060 6
1317 3008 1605 3081 ἄνθρωπος
1624 3014 1808 3083 κωφός
1829 3034 1867 3069 τι

2010 3007 2122 3062 lum
2157 3016 2327 3079 atque
2363 3011 2653 3065 excordem
2687 3011 3107 3077 animadvertat,
3132 3013 3310 3082 ipsum
3343 3013 3569 3079 invadit,

311 3087 398 3172 καὶ
429 3087 698 3160 ἀκάρδιός
727 3091 896 3156 ἐστιν,
927 3094 984 3146 ἐν
1009 3095 1159 3165 αύτῴ
1183 3098 1568 3169 εἰσερχόμενος
1598 3105 1870 3160 νεοσσεύει

2013 3106 2049 3156 :t
2077 3101 2135 3154 iu
2177 3114 2243 3155 eo
2270 3099 2461 3155 nidum
2495 3116 2658 3156 suum
2685 3103 2998 3167 construit;
3031 3102 3177 3172 quod
3208 3104 3253 3158 si
3297 3103 3454 3159 ﬁrmo
3490 3104 3572 3159 in-

309 3170 368 3239 ἣν
397 3173 452 3225 δέ
493 3175 835 3246 ὁλοκὰρδιος,
884 3181 1094 3251 ταχέως
1133 3184 1415 3253 ἐκφεύγει,
1445 3188 1542 3243 καὶ
1568 3190 1649 3255 είς
1681 3193 1867 3264 ἐτέρου

2015 3206 2262 3264 egroque
2305 3207 2430 3248 esse
2471 3192 2636 3248 corde
2687 3193 2912 3261 sentiat,
2962 3170 3100 3266 fug—it
3143 3195 3354 3261 statim,
3407 3203 3463 3252 et
3506 3197 3574 3251 ad

309 3263 754 3338 ἐπανακὰμπτει.
1775 3263 1782 3264 7

1775 3263 1782 3264 ί
1991 3263 2140 3340 alios
2178 3283 2411 3340 accedit.

937 3387 1095 3446 ΚΕΦ.
1133 3390 1261 3445 KE'.

2609 3380 2764 3436 CAP.
2806 3380 2967 3437 XXV.

781 3477 920 3546 Περὶ
951 3479 1060 3534 τοῦ
1092 3483 1414 3552 πελαργοῦ.
2619 3471 2697 3526 De
2729 3472 2955 3526 είοοηὶαο

375 3589 527 3642 Ἔστι
560 3589 619 3642 δέ
653 3589 683 3642 6
712 3590 983 3662 πελαργὸς
1018 3594 1309 3664 ἁγνότατον
1342 3598 1547 3670 ὄρνεον*
1585 3599 1708 3654 οὔτε
1735 3601 1845 3674 γὰρ
1869 3606 1898 3656 6

2066 3581 2295 3639 Ciconia
2323 3583 2440 3641 avis
2470 3591 2556 3642 est
2594 3585 2944 3650 castissima;
2978 3599 3093 3639 mas
3117 3585 3263 3639 enim
3289 3599 3390 3639 nec
3423 3583 3573 3638 femi-

304 3679 474 3750 ἇρῥην
500 3681 604 3751 τὴν
633 3681 860 3751 θήλειαν
891 3683 1207 3758 θελγήτροις
1235 3689 1368 3760 πρὸς
1391 3689 1489 3762 τὴν
1514 3691 1696 3762 ὀχείαν
1727 3673 1863 3748 ἐκκα

2015 3689 2121 3728 iam
2154 3675 2425 3732 illecebris
2468 3677 2535 3730 ad
2585 3677 2790 3732 coitum
2838 3684 3121 3744 provocat,
3170 3690 3272 3728 nec
3311 3673 3416 3744 ipsi
3464 3673 3572 3728 vim

304 3771 398 3832 λῖί,
435 3775 559 3827 οὐδὲ
600 3774 697 3845 βίᾳ
743 3776 1094 3832 συνάπτεται.
1129 3781 1202 3832 Τὸ
1246 3781 1355 3852 γὰρ
1397 3780 1580 3854 ὄρνεον
1618 3783 1776 3836 τοῦτο
1804 3784 1863 3836 τὸ

2021 3764 2188 3819 nfert.
2223 3765 2427 3821 Deinde
2468 3767 2659 3822 eadem
2711 3766 2827 3821 avis
2857 3765 3096 3820 mirabili
3131 3764 3331 3834 pietate
3365 3771 3572 3819 utrum-

307 3867 509 3936 πατέρα
560 3868 662 3920 καὶ
706 3867 805 3940 τὴν
857 3870 1069 3942 μητέρα
1113 3871 1278 3926 αὐτοῦ
1316 3874 1567 3945 εὐσεϐείᾳ
1613 3874 1894 3945 Θαυμασίᾳ
1997 3871 2101 3925 que
2132 3864 2412 3926 Ρθΐθηίθῐη
2447 3857 2502 3910 in
2545 3863 2833 3912 εθυθοῑυῐο
2863 3855 2982 3908 am-

303 3955 652 4024 γεροδοσκεί.

933 4048 1270 4119 Ἔρμηνειά.
2403 4057 2414 4066 “

2403 4057 2414 4066 “
2588 4052 2980 4122 Interpretatio.

370 4159 529 4214 Οῦτω
562 4161 661 4214 καὶ
689 4163 838 4232 ἡμᾶς
866 4162 959 4216 δύο
989 4162 1136 4227 θείας
1166 4163 1384 4228 ἐντολὰς
1424 4163 1744 4234 ἐπιπληρείν
1791 4164 1889 4231 δεῖ,

2071 4169 2162 4224 Sic
2200 4177 2254 4224 et
2303 4181 2402 4222 nos
2436 4165 2548 4222 duo
2600 4166 2695 4221 illa
2739 4164 2924 4220 divina
2973 4171 3246 4234 prazcepta
3279 4162 3572 4232 adimplere

305 4252 547 4305 τουτέστι
601 4253 874 4306 ἐκκλίνειν
928 4254 1034 4307 ἀπὸ
1075 4255 1169 4308 τοῦ
1213 4255 1408 4324 κακοῦ,
1455 4257 1550 4311 καὶ
1589 4258 1651 4309 τὸ
1688 4257 1861 4326 ἀγαθὸ

2012 4263 2249 4329 ›ροι·ιοι;
2281 4256 2388 4311 hoc
2421 4263 2528 4319 est,
2571 4269 2602 4310 a
2651 4255 2797 4308 malo
2842 4253 3139 4318 divertere,
3171 4262 3226 4306 et
3261 4252 3465 4308 bonum
3497 4251 3571 4306 fa-

302 4345 494 4406 ττοιεῖν,
529 4342 726 4414 ὥσπερ
758 4344 1032 4415 γέγραφεν
1062 4346 1089 4397 6
1117 4345 1393 4417 βασιλικὸς
1428 4348 1740 4419 Προφήτης.
1781 4349 1861 4402 Κα

2008 4365 2138 4414 :ere,
2161 4345 2620 4416 quemadmodum
2644 4344 2826 4413 regius
2863 4343 3135 4413 Propheta
3155 4341 3376 4411 scripsit
3393 4343 3444 4394 ’.'
3461 4341 3567 4396 Sed

302 4433 499 4503 ὁμοίως
530 4435 590 4488 δὲ
625 4436 685 4487 ἐν
707 4436 996 4508 Δεκαλόγῳ
1017 4438 1342 4508 προστάττει
1361 4438 1388 4489 6
1412 4438 1615 4510 Κύριος
1640 4439 1782 4493 οὕτω
1802 4439 1861 4493 λέ

2013 4447 2052 4494 3t
2082 4436 2344 4492 Dominus
2371 4434 2694 4490 similiterin
2722 4432 2990 4502 Decalogo
3015 4432 3191 4501 jubet,
3216 4433 3296 4486 sic
3340 4431 3532 4486 dicens
3561 4450 3572 4484 :

301 4541 430 4591 γωιν
481 4527 634 4596 Τίμα
666 4527 773 4581 τὸν
809 4528 1034 4597 πατέρα
1078 4542 1195 4584 σου
1226 4530 1322 4583 καὶ
1356 4529 1470 4598 τὴν
1493 4531 1724 4600 μητέρα
1753 4546 1860 4586 σοι

2011 4528 2222 4581 Honora
2251 4535 2454 4595 patrem
2481 4533 2630 4578 tuum
2656 4531 2705 4577 et
2730 4531 2951 4576 matrem
2987 4530 3133 4575 tuam
3151 4521 3171 4552 ³
3188 4538 3202 4589 ;
3220 4527 3274 4574 et
3295 4535 3490 4575 rursus
3510 4520 3531 4551 ‘
3557 4536 3570 4574 :

302 4618 392 4671 καὶ
421 4614 611 4683 αὖθις·
636 4619 733 4689 Μὴ
767 4622 1133 4691 μοιχεύσεις.

964 4622 1133 4687 ἓσεις.
2007 4620 2130 4674 Non
2162 4618 2523 4674 mwchaberis.

376 4769 572 4827 ‘Joan.
613 4788 688 4833 ιιι,
726 4776 809 4828 Η.
891 4776 912 4806 ³
943 4773 1088 4830 Psal.
1120 4790 1313 4839 χχχιιι,
1341 4775 1426 4830 l5.
1500 4774 1519 4806 '
1551 4773 1720 4829 Exod.
1757 4789 1849 4840 xx,
1883 4775 1935 4828 li

802 4814 809 4826 .
891 4776 912 4806 ³
943 4773 1088 4830 Psal.
1120 4790 1313 4839 χχχιιι,
1341 4775 1426 4830 l5.
1500 4774 1519 4806 '
1551 4773 1720 4829 Exod.
1757 4789 1849 4840 xx,
1883 4775 1970 4829 l2.
2044 4773 2065 4804 δ
2106 4772 2237 4828 ibid.
2273 4772 2361 4826 H.

309 4949 3577 4996 Μ

774 5111 882 5170 DE
924 5109 1208 5171 SANCTI
1255 5108 1663 5172 EPIPHANII
1710 5109 2092 5173 LITURGIA
2146 5107 3114 5174 PRESANCTIFICATORUM.

377 5339 418 5395 ῐ.
449 5341 640 5412 Nuper
667 5362 720 5416 p.
753 5347 823 5402 95
852 5347 1151 5401 memoravi
1181 5350 1355 5404 sancti
1387 5347 1679 5422 Sophronii
1709 5354 2042 5422 patriarchae
2073 5353 2552 5423 llierosolymitani
2581 5351 2758 5407 Missa:
2782 5349 3096 5405 Grtecorum
3114 5343 3573 5447 explanationetn.

306 5441 471 5499 quam
501 5434 696 5492 Graece
727 5447 854 5492 ante
888 5437 989 5492 hos
1013 5452 1188 5493 annos
1218 5456 1283 5496 ex
1317 5442 1584 5500 Vaticano
1617 5443 1807 5500 codice
1840 5446 2046 5511 extuli;
2081 5459 2256 5514 eoque
2294 5444 2476 5499 libello
2509 5443 2792 5499 commode
2845 5455 2979 5496 usus
3020 5454 3139 5495 sum
3189 5437 3254 5491 ad
3291 5436 3573 5538 illustran-

313 5523 412 5577 das
448 5526 722 5594 quasdam
751 5531 1091 5584 sacrosancti
1129 5539 1371 5602 mysterii
1400 5537 1613 5597 nobiles
1650 5535 1916 5608 picturas.
1946 5536 2065 5591 Jam
2092 5552 2228 5592 vero
2257 5551 2284 5590 a
2318 5536 2461 5591 dicto
2491 5534 2824 5606 Sophronia,
2859 5533 3001 5587 inter
3027 5543 3121 5586 eos
3154 5541 3293 5599 quos
3328 5525 3573 5580 nominat

317 5610 673 5683 iiturgiarttm
707 5631 822 5686 post
863 5618 1155 5685 apostolica
1195 5631 1435 5706 tempora
1489 5639 1766 5692 auctores,
1808 5644 1873 5696 pr

2006 5643 2021 5681 5
2075 5627 2292 5693 ponitur
2326 5628 2350 5678 ὁ
2384 5626 2440 5679 ἐν
2480 5625 2652 5691 ἁγίοις
2693 5624 2960 5693 ἐπιφανὴς
3000 5619 3328 5689 Ἐπιφὰνιοω
3357 5626 3565 5672 sanctus
