3948 6196
381 275 488 333 555
1672 256 1878 319 ouem
1915 260 2055 317 AUT
2088 256 2355 317 SPURIA.
2462 262 2463 265 ‘
3509 269 3611 324 δη

385 387 612 443 illustris
656 386 1017 457 Epiphanius;
1056 402 1217 455 quam
1250 402 1351 455 ego
1386 401 1530 442 nunc
1560 388 1831 450 notitiam.
1868 389 1999 442 dum
2041 388 2095 442 in
2139 387 2226 441 his
2261 386 2475 457 paginis
2513 401 2627 442 rem
2664 384 2975 454 liturgicam
3000 386 3210 448 tracto,
3245 381 3612 453 negligendam

387 490 616 549 prorsus
647 494 753 532 non
805 479 1012 548 judico.
1048 479 1127 532 En
1173 486 1355 534 autem
1389 477 1680 548 Sophronii
1719 481 1822 536 sub
1863 480 2022 534 initio
2068 479 2236 534 libelli
2282 486 2620 543 contextum,
2661 494 2821 549 quem
2868 494 3015 533 nunc
3044 477 3299 531 Latinum
3328 490 3407 530 es
3431 473 3613 529 Graco

386 572 677 627 exhibebo.
709 570 1000 625 Faciebant
1046 572 1273 639 apostoli
1317 589 1491 638 preces
1527 576 1893 641 mysteriorum
1934 574 2098 627 divini
2140 574 2419 642 sacriﬁcii,
2444 583 2601 643 prout
2624 590 2840 643 qumque
2867 590 2992 643 gens
3025 574 3161 642 ferre
3198 578 3424 641 poterat,
3456 579 3505 623 et
3528 584 3621 637 pro

388 662 654 732 adjunctis
687 674 973 733 temporum
997 674 1046 717 et
1070 675 1461 733 persecutorum
1500 668 1732 719 insidiis.
1790 666 1856 719 Et
1878 666 2116 735 precibus
2142 667 2371 737 quidem,
2405 676 2561 736 atque
2586 668 3064 721 exclamationibus
3122 669 3298 735 (prout
3323 664 3379 717 in
3403 661 3621 729 liturgia

385 755 739 824 appellantur)
764 755 993 825 fortasse
1022 756 1158 809 inter
1185 773 1239 809 se
1277 756 1625 824 differebant;
1661 758 1751 811 sed
1791 767 1962 809 tamen
1989 757 2294 811 traditionis
2326 758 2696 828 mysteriorum
2725 759 2897 827 forma
2921 757 3061 827 apud
3087 772 3264 811 omnes
3292 755 3491 823 absque
3512 752 3621 804 ulla

385 848 634 901 varietate
675 846 1063 915 perﬁciebatur,
1096 848 1253 901 sicuti
1282 865 1399 902 eam
1432 848 1688 902 Dominus
1722 858 1897 903 noster
1931 848 2088 903 Iesus
2128 847 2374 904 Christus
2432 848 2751 903 tradiderat.
2790 848 2921 903 Post
2957 848 3238 918 Deiloquos
3284 855 3459 900 autem
3502 859 3623 912 apo-

383 935 571 996 stolos,
600 934 841 989 nonnulli
879 945 1181 988 sanctorum
1222 935 1449 989 Patrum
1478 952 1570 1005 per
1596 953 1651 990 se
1690 937 1905 1005 quisque
1942 936 2260 1005 singillatim
2306 952 2482 1005 preces
2527 946 2578 991 et
2619 938 3051 999 exclamationes,
3091 938 3401 1006 plenumque
3442 950 3626 988 sacro-

388 1029 555 1080 sancti
592 1028 726 1081 ritus
756 1027 991 1095 ofﬁcium
1017 1037 1450 1095 composuerunt;
1486 1028 1644 1082 veluti
1669 1039 1885 1081 sanctus
1917 1027 2144 1081 illustris
2179 1026 2527 1096 Epiphanius,
2550 1037 2602 1082 et
2639 1045 2861 1098 magnus
2906 1028 3161 1089 Basilius,
3187 1037 3236 1081 et
3265 1028 3416 1079 divus
3456 1024 3627 1093 Chry-

385 1132 671 1174 sostomus.
700 1120 872 1175 Simul
896 1136 1012 1174 vero
1042 1122 1216 1173 cuncti
1242 1119 1306 1173 de
1335 1121 1587 1174 scatebris
1616 1121 1806 1189 viviﬁci
1832 1120 1999 1188 fontis
2026 1120 2305 1174 Paracleti
2329 1120 2601 1175 doctrinas
2631 1138 2759 1175 suas
2782 1122 3069 1175 hauserunt
3093 1137 3110 1173 :
3134 1137 3267 1189 quas
3298 1120 3628 1174 orthodoxa-

385 1229 501 1264 rum
538 1210 797 1275 Ecclesia,
826 1221 1077 1279 tanquam
1109 1208 1172 1261 ab
1201 1209 1312 1275 ipso
1347 1208 1556 1262 Christo
1578 1207 1751 1262 dictas
1792 1208 2067 1278 factusque
2095 1207 2309 1275 recepit.
2344 1205 2416 1260 Et
2444 1224 2604 1273 nunc,
2630 1224 2741 1276 pra:
2769 1210 2916 1271 aliis,
2950 1207 3185 1278 litui-gite
3207 1209 3311 1262 divi
3351 1208 3553 1262 Basilii
3576 1218 3630 1262 et

385 1302 612 1356 Joannis
643 1301 1003 1371 Chrysostomi
1035 1300 1453 1368 frequentantur,
1479 1314 1597 1351 cum
1626 1298 1724 1351 illa
1758 1296 2365 1366 Pra’sanctiﬁcatorum,
2402 1313 2563 1367 quam
2601 1298 2698 1351 alii
2724 1313 2836 1352 esse
2863 1295 3053 1351 Jacobi
3088 1296 3291 1363 dicunt,
3331 1300 3421 1368 qui
3459 1300 3631 1368 frater

383 1393 597 1446 Domini
628 1392 881 1445 vocitatus
908 1399 1006 1455 est,
1035 1389 1132 1443 alii
1159 1388 1305 1443 Petri
1335 1389 1617 1459 coryphtei,
1646 1390 1742 1444 alii
1764 1391 1886 1445 aliis
1916 1391 2211 1460 assignant.

458 1482 518 1535 ll.
548 1483 872 1550 Priusquam
908 1494 1037 1535 vero
1072 1494 1174 1535 nos
1204 1479 1269 1533 ad
1323 1478 1688 1549 Epiphaniam
1723 1480 2030 1541 veniamus,
2066 1488 2257 1534 notatu
2306 1479 2470 1551 digna
2515 1479 2793 1535 credimus
2840 1479 3134 1547 Sophronii
3177 1480 3291 1535 hzec
3338 1490 3620 1551 postrema

381 1576 545 1628 verba
592 1573 659 1627 de
699 1572 917 1642 liturgia
950 1586 1046 1626 seu
1079 1570 1241 1626 Missa
1288 1569 1869 1626 Prassanctilicatorum
1920 1570 2110 1625 Jacobi
2161 1571 2243 1624 vel
2294 1570 2460 1634 Petri,
2523 1572 2614 1639 qui
2663 1572 3051 1626 nonnullarum
3094 1572 3312 1641 quidem
3351 1573 3615 1635 aliarum.

389 1680 511 1733 qua:
541 1670 779 1727 exstant,
810 1670 1074 1733 putantur
1115 1668 1373 1731 parentes
1406 1661 1780 1731 liturgiarum,
1811 1661 2035 1715 minime
2078 1675 2209 1715 vero
2250 1658 2431 1715 Missa:
2476 1659 3081 1715 Prtesanctilicatorum.
3126 1661 3231 1718 Sed
3274 1672 3455 1719 tamen
3483 1680 3623 1721 ecce

385 1753 600 1809 Marcus
637 1752 970 1823 evangelista
994 1752 1191 1805 dicitur
1224 1749 1803 1804 Prarsauctilicatorum
1826 1749 2003 1805 Missa:
2027 1758 2215 1805 auctor
2243 1750 2297 1802 in
2332 1749 2635 1821 fragmento
2679 1750 2960 1806 Basiliana:
2981 1752 3209 1822 liturgia:
3229 1754 3455 1819 inserto,
3481 1758 3633 1827 apud

381 1844 647 1900 Aloisium
689 1844 1051 1899 Assemanum
1082 1840 1211 1896 Cod.
1242 1840 1424 1911 liturg.
1461 1849 1502 1894 t.
1542 1839 1655 1906 Vll,
1690 1858 1743 1911 p.
1791 1843 1877 1905 75,
1919 1842 2159 1911 itemque
2190 1841 2334 1910 apud
2376 1838 2781 1895 Renaudotium
2819 1839 3021 1911 Liturg.
3054 1859 3134 1898 or.
3167 1850 3208 1897 t.
3242 1841 3283 1906 l,
3320 1858 3373 1912 p.
3407 1844 3497 1906 79,
3533 1846 3651 1914 qui.

381 1934 635 1989 notitiam
666 1934 1000 2004 insperatam
1044 1934 1097 1987 in
1127 1931 1273 1986 notis
1302 1946 1353 2001 p.
1392 1931 1520 1988 341.
1546 1933 1801 1988 miratur.
1838 1932 1968 1999 Alii,
2007 1940 2066 1986 ut
2100 1939 2287 1987 notum
2324 1940 2429 1996 est,
2462 1931 2739 2003 liturgiam
2766 1933 2912 1987 hanc
2940 1932 3081 2003 (quze
3111 1934 3249 2004 apud
3281 1933 3507 1989 Latinos
3544 1944 3640 1990 est

386 2026 553 2081 Missa
587 2025 736 2080 feria:
770 2032 936 2079 sextm
962 2038 1173 2093 magna;
1205 2020 1560 2089 Parasceves)
1593 2020 1651 2075 S.
1694 2020 1958 2092 Gregorio
1996 2020 2017 2074 1
2065 2037 2219 2091 papae
2260 2021 2661 2089 ascripserunt,
2695 2021 2782 2076 cui
2830 2022 3111 2076 sententia:
3151 2024 3480 2077 contradicit
3518 2023 3639 2079 Leo

381 2119 618 2176 Allatius
645 2120 697 2173 in
729 2119 911 2188 priore
939 2116 1161 2172 dissert.
1198 2116 1273 2171 De
1298 2115 1627 2186 prmsanctif.
1660 2123 1782 2185 post
1813 2131 1951 2185 opus
1981 2115 2054 2168 De
2080 2132 2355 2179 consensu,
2381 2132 2434 2185 p.
2470 2113 2630 2169 1551.
2657 2113 2904 2169 Smithus
2935 2115 3150 2169 demum
3176 2115 3260 2168 vir
3300 2116 3496 2170 doetus
3517 2117 3639 2171 An-

384 2216 505 2284 glus
532 2212 607 2267 De
622 2211 744 2265 hod.
765 2219 891 2268 stat.
926 2208 1072 2264 Eccl.
1101 2205 1193 2263 Gr.
1212 2209 1297 2263 ed.
1317 2206 1548 2264 Londin.
1569 2223 1622 2277 p.
1644 2206 1734 2268 98,
1773 2217 2022 2262 sanctum
2053 2207 2384 2261 Germanum
2421 2206 3092 2275 Coustantinopolitanum
3115 2207 3291 2262 Missa:
3327 2209 3495 2277 hujus
3536 2225 3640 2263 au-

381 2312 587 2360 ctorem
625 2300 796 2356 fuisse
831 2300 1131 2354 hariolatus
1162 2306 1267 2354 est.
1318 2299 1484 2367 Atqui
1517 2297 1753 2367 inclytus
1780 2296 1934 2350 card.
1961 2296 2106 2351 Bona
2142 2295 2263 2351 Rer.
2288 2296 2473 2365 liturg.
2508 2296 2599 2349 lib.
2633 2310 2796 2366 tcap.
2835 2297 2921 2359 15,
2947 2296 2999 2359 6,
3025 2313 3149 2351 cum
3180 2299 3378 2354 Allatio
3397 2300 3639 2356 dissert.

388 2401 444 2458 2,
489 2414 542 2467 p.
578 2396 740 2456 1595,
779 2403 905 2448 ante
941 2395 1228 2447 dimidium
1252 2401 1402 2447 certe
1435 2391 1617 2461 quarti
1652 2391 1837 2444 smculi
1878 2390 2161 2446 exstitisse
2207 2390 2349 2448 hanc
2391 2390 2671 2461 liturgiam
2718 2391 2949 2460 judicat,
2980 2408 3043 2446 ex
3081 2408 3290 2448 canone
3320 2392 3386 2447 49
3428 2392 3643 2448 Laodi-

382 2502 518 2541 ceuo
545 2487 599 2539 in
630 2500 737 2553 quo
761 2485 1005 2537 sancitur
1051 2499 1153 2534 non
1179 2491 1416 2550 oportere
1445 2481 1497 2532 in
1548 2478 1969 2546 Quadragesima
2010 2493 2197 2546 panem
2221 2477 2430 2546 offerre,
2483 2480 2589 2532 nisi
2621 2478 2857 2533 Sabbato
2888 2491 2937 2534 et
2967 2480 3052 2534 die
3084 2480 3360 2535 Dominico
3395 2491 3641 2536 tantum.

383 2580 450 2633 Et
484 2582 670 2633 revera
704 2573 877 2628 Graeci
913 2573 1105 2628 saltem
1139 2570 1474 2641 antiquiores
1511 2567 1971 2639 quadragesimali
2040 2576 2306 2638 tempore,
2339 2568 2568 2642 reliquis
2595 2570 2818 2641 (praeter
2868 2571 3008 2628 duos
3054 2574 3251 2644 dictos)
3288 2574 3487 2630 diebus
3522 2593 3643 2631 non

386 2666 807 2731 consecrabant,
841 2662 934 2719 sed
965 2663 1257 2717 utebantur
1312 2658 1788 2715 Prmsanctiﬁcatis
1819 2658 1907 2713 die
1937 2657 2226 2713 Dominico
2271 2661 2646 2728 prmcedente;
2683 2677 2805 2732 qua:
2844 2664 3055 2719 scilicet
3090 2672 3175 2719 est
3220 2665 3333 2735 ipsa
3378 2666 3643 2736 liturgia,

382 2761 452 2815 de
487 2774 594 2829 qua
634 2755 934 2825 loquimur,
975 2751 1590 2807 Praesanctilicatorum.
1642 2748 1801 2803 Nunc
1843 2750 1911 2804 ad
1968 2758 2197 2805 caeteros
2245 2751 2423 2806 Missae
2466 2751 2632 2821 hujus
2685 2763 3072 2809 controversos
3109 2764 3362 2811 auctores
3410 2760 3644 2813 accedit

383 2851 547 2904 etiam
573 2847 809 2919 Cyprius
839 2844 1180 2915 Epiphanius
1213 2843 1453 2899 :etenim
1487 2842 1705 2912 liturgia
1752 2842 1803 2895 in
1842 2842 2033 2898 codice
2066 2842 2354 2908 Vaticano,
2383 2850 2442 2897 ut
2481 2859 2605 2898 mox
2637 2843 2907 2911 dicemus,
2938 2845 3068 2901 huic
3104 2845 3389 2917 inscripta,
3431 2863 3646 2920 reapse

383 2936 968 2993 Prtesanctilicatorum
1003 2944 1108 2990 est.

455 3030 542 3084 lll.
578 3029 714 3083 Cum
744 3028 911 3099 igitur
943 3042 1007 3082 ex
1037 3041 1157 3082 meo
1192 3026 1505 3096 Sophronio
1538 3026 1854 3083 didicissem
1882 3044 2081 3085 novum
2109 3030 2339 3101 liturgia:
2372 3031 2512 3091 (sive
2541 3030 2851 3086 communis
2885 3045 2983 3100 per
3022 3046 3250 3091 annum,
3280 3032 3395 3086 sive
3429 3032 3643 3086 saltem

384 3117 999 3187 Prmsanctiﬁcatorum)
1022 3125 1300 3172 auctorem
1341 3118 1512 3174 fuisse
1554 3118 1942 3188 Epiphanium,
1974 3122 2257 3190 stupebam
2297 3122 2572 3191 equidem,
2608 3137 2809 3177 nomen
2849 3121 3016 3191 hujus
3058 3123 3111 3176 in
3156 3123 3322 3176 nullis
3361 3138 3649 3191 apparere

384 3211 625 3281 )iturgiis
660 3209 775 3263 sive
810 3208 954 3277 apud
984 3208 1070 3266 Al.
1109 3210 1469 3265 Assemanum
1522 3212 1575 3266 in
1609 3214 1862 3285 liturgico
1910 3216 2120 3278 codice.
2157 3217 2273 3271 sive
2318 3216 2462 3287 apud
2510 3214 2936 3277 Renaudotium.
2986 3217 3102 3271 sive
3150 3217 3204 3271 in
3255 3225 3334 3271 tot
3385 3219 3647 3288 liturgiis

382 3303 768 3367 Orientalium,
833 3301 1022 3356 Graaco
1062 3301 1209 3355 fonte
1249 3302 1571 3372 plerumque
1620 3305 1903 3371 derivatis,
1940 3322 2083 3377 quas
2117 3314 2555 3362 commemorant
2590 3306 2724 3361 Abr.
2757 3305 3132 3360 Ecchellensis
3168 3306 3234 3360 ad
3275 3306 3647 3373 Ebediesum,

383 3402 437 3447 et
458 3392 575 3449 Jos.
605 3395 943 3449 Assemanus
966 3392 1169 3461 passim
1203 3393 1257 3446 in
1280 3393 1623 3448 ’Bibliotheca
1649 3395 1931 3461 Orientali,
1962 3397 2167 3466 quibus
2192 3396 2326 3450 adde
2357 3396 2669 3466 catalogum
2694 3395 3058 3466 quadraginta
3084 3396 3430 3467 liturgiarum
3464 3396 3649 3451 Chal-

383 3486 667 3542 daicarum
695 3500 726 3538 a
754 3482 1098 3554 Schultingio
1128 3484 1267 3538 Bibl.
1300 3486 1425 3539 eccl.
1463 3494 1503 3539 t.
1532 3483 1619 3549 lll,
1648 3502 1702 3557 p.
1736 3488 1859 3552 100,
1890 3497 2228 3543 contextum.
2288 3487 2395 3542 Sed
2435 3504 2504 3544 ne
2535 3503 2636 3559 ego
2675 3487 2899 3558 quidem
2943 3489 2997 3543 in
3037 3487 3199 3544 editis
3237 3504 3266 3541 a
3318 3504 3403 3542 me
3428 3490 3647 3547 Arabi-

373 3591 603 3633 -corum.
634 3574 1013 3646 Syriacorum,
1049 3575 1553 3648 Cophticorumque
1584 3578 1833 3634 codicum
1863 3579 1987 3634 Vat.
2016 3581 2300 3650 catalogis.
2334 3581 2423 3634 ubi
2470 3581 2657 3635 multae
2694 3579 3017 3636 referuntur
3053 3581 3305 3651 liturgiaz,
3333 3580 3645 3651 Epiphauii

384 3681 584 3721 nomen
612 3666 973 3735 reperiebam.
1011 3664 1271 3731 Quinimo
1297 3683 1522 3738 operum
1573 3671 1749 3725 sancti
1786 3672 1884 3725 viri
1928 3671 2187 3732 editores,
2222 3682 2273 3725 et
2321 3672 2685 3742 bibliographi
2726 3673 2968 3741 plurimi,
3002 3673 3105 3727 hoc
3143 3671 3433 3743 Epiphauii
3483 3679 3646 3732 seri-

383 3768 557 3826 ptum,
595 3757 824 3827 ejusque
865 3758 1000 3813 adeo
1033 3760 1346 3814 memoriam
1382 3761 1633 3828 ignorare
1656 3762 1929 3819 videntur.
1970 3766 2220 3819 Attamen
2266 3765 2645 3835 supradictum
2685 3766 2978 3835 Sophronii
3014 3766 3388 3821 testimonium
3423 3769 3647 3824 classi-

385 3863 509 3901 cum
535 3849 1032 3919 gravissimumque
1060 3858 1164 3905 est.
1195 3850 1326 3916 Qua:
1359 3868 1483 3907 cum
1515 3855 1589 3909 ita
1622 3871 1682 3911 se
1711 3856 1996 3921 haberent,
2026 3860 2271 3913 converti
2308 3874 2394 3914 me
2428 3859 2497 3913 ad
2541 3859 2882 3914 bibliothecae
2926 3874 3133 3928 magnae
3162 3858 3444 3913 Vaticanum
3474 3860 3645 3917 Grae-

385 3953 483 3994 cos
519 3939 778 4003 codices;
812 3940 1067 4011 laetaque
1098 3949 1155 3995 ut
1187 3944 1337 4012 potui
1369 3946 1817 4014 perlustratione,
1851 3950 2075 4004 unicum
2104 3949 2341 4019 denique
2366 3952 2540 4021 reperi
2581 3950 2831 4005 Gratcum
2870 3950 3138 4015 codicem,
3174 3951 3429 4020 phmuice
3462 3956 3648 4022 plane

380 4029 670 4093 rariorem,
702 4032 806 4084 sub
852 4046 1079 4086 numero
1115 4032 1273 4091 l2l5.
1316 4033 1369 4088 in
1406 4035 1567 4104 cujus
1611 4039 1807 4108 pagina
1860 4041 1930 4094 55
1970 4041 2188 4094 titulum
2235 4041 2431 4096 litteris
2475 4044 2804 4112 capitalibus
2853 4044 3004 4099 hunc
3052 4045 3441 4101 lubentissime
3478 4046 3645 4117 legi:

385 4122 432 4173 Η
460 4120 621 4173 ΘΕΙΛ
648 4120 1059 4176 ΛΕΙΤΟΥΡΓΙΛ
1088 4124 1223 4177 ΤΟΥ
1256 4125 1345 4179 EN
1372 4126 1592 4181 ΑΙΊΟΙΣ
1619 4130 1888 4183 ΠΑΤΡΟΣ
1934 4132 2131 4184 ΗΜΩΝ
2159 4133 2724 4187 ΛΡΧΙΕΠΙΣΚΟΠΟΥ
2754 4136 3039 4190 ΚΥΠΡΟΥ
3078 4137 3455 4190 ΕΠῘΦΑΝΙΟΥ
3491 4140 3646 4192 ΤΟΥ

390 4208 717 4262 ΜΕΓΑΛΟΥ
774 4209 1060 4265 :DIVINA
1096 4211 1441 4281 {LITURGIA
1517 4215 1760 4272 SANCTI
1816 4220 1946 4273 PAT

2063 4251 2065 4264 ν
2128 4222 2383 4277 NOSTRI
2442 4223 2957 4281 ARCHIEPISCOPI
3017 4225 3218 4282 (ΞΥΡίἶί
3278 4227 3622 4283 ΕΡΙΡΠΑΝΙ

386 4297 633 4396 thGNl.
663 4298 801 4396 Quid
833 4317 931 4396 per
962 4318 1020 4357 se
1051 4303 1379 4396 evidentius,
1416 4307 1613 4376 quidve
1636 4307 1926 4379 Sophronii
1960 4315 2271 4370 testimonio
2306 4316 2476 4387 magis
2511 4317 2824 4373 conlorme?
2858 4318 2999 4389 Ergo
3035 4320 3295 4375 incensus
3316 4321 3640 4391 cupiditate

385 4390 548 4482 isti-us
581 4390 784 4482 aperis,
809 4391 894 4482 ‘de
920 4408 1028 4464 quo
1067 4393 1180 4462 jam
1214 4411 1320 4450 non
1350 4398 1691 4463 dubitabam,
1736 4400 2038 4471 Epiphanio
2069 4407 2378 4471 asserendi,
2411 4406 2631 4461 dilatavi
2677 4409 2856 4463 adhuc
2890 4425 3057 4465 curas
3089 4427 3239 4465 meas
3272 4390 3639 4482 vestigando,

385 4474 601 4572 legique
631 4479 771 4572 apud
808 4479 1011 4537 Bonam
1038 4482 1159 4540 Rer.
1195 4486 1378 4558 liturg.
1407 4488 1501 4543 lib.
1541 4506 1580 4553 ι,
1622 4492 1675 4554 9,
1704 4492 1757 4556 6,
1797 4494 2072 4562 notitiam,
2110 4515 2277 4567 quam
2328 4515 2394 4553 ex
2435 4514 2501 4555 eo
2547 4501 2843 4572 exscripsit
2882 4509 3072 4571 postea
3106 4474 3489 4559 Renaudotius
3518 4514 3560 4559 t.
3593 4474 3639 4571 l,

384 4582 439 4661 p.
469 4565 594 4661 d98,
629 4566 825 4661 Jobum
861 4588 1056 4645 nempe
1097 4574 1405 4641 Ludoll‘um,
1456 4596 1709 4652 magnum
1749 4584 1897 4638 illum
1952 4565 2393 4656 [Ethiopicarum
2450 4605 2635 4643 rerum
2670 4565 3020 4661 scriptorem,
3051 4593 3104 4647 in
3138 4592 3297 4647 Praef.
3349 4596 3420 4649 ad
3464 4565 3639 4652 Aith.

391 4653 601 4754 lexicon
631 4659 924 4717 tradidisse
955 4664 1203 4718 notitiam
1241 4665 1476 4739 liturgiaa
1505 4671 1647 4739 apud
1684 4688 1803 4727 eam
1834 4682 2047 4742 gentem
2076 4653 2303 4729 servatae
2327 4677 2500 4745 sancti
2532 4653 2815 4743 Epiphanii
2847 4653 3146 4737 orthodoxi.
3177 4683 3296 4737 Mox
3333 4702 3466 4741 vero
3488 4691 3642 4745 meis
3680 4744 3693 4754 ,

389 4751 507 4817 ipse
539 4751 714 4844 ocul—is
740 4752 952 4824 inspexi
984 4754 1195 4812 Ludolli
1225 4759 1469 4829 ejusdem
1504 4762 1568 4816 ad
1605 4762 1967 4831 ZEthiupicam
2019 4765 2300 4817 historiam
2330 4771 2806 4835 commentarium,
2845 4774 2936 4829 ubi
2978 4790 3031 4844 p.
3062 4774 3188 4839 540,
3219 4774 3406 4829 decem
3442 4782 3644 4833 nomi-

385 4849 594 4936 nantur
625 4841 947 4914 (Ethiopum
978 4848 1215 4919 liturgia:
1248 4869 1260 4905 :
1303 4868 1536 4922 quarum
1573 4854 1733 4906 tertia
1757 4860 1840 4907 est
1880 4855 2053 4907 sancti
2085 4853 2373 4923 Epiphanii
2399 4858 2707 4915 orthodoxi.
2747 4841 3023 4920 Habemus
3058 4866 3224 4935 igitur
3250 4866 3639 4936 Epiphaniani

389 4935 576 5003 scripti
618 4936 888 5005 legitimos
925 4946 1094 4994 testes
1148 4950 1283 5010 tres,
1336 4946 1395 4998 S.
1443 4946 1834 5016 Sophronium,
1872 4947 2147 5016 liturgiam
2178 4948 2571 5022 Ethiopicam,
2620 4967 2673 5010 et
2710 4958 2952 5011 codicem
2984 4959 3229 5014 Gmcum
3263 4935 3639 5017 Vaticanum.

387 5025 547 5125 (Nam
573 5028 641 5081 de
675 5036 825 5125 textu
861 5038 915 5084 et
937 5030 1004 5085 de
1031 5031 1313 5125 codicibus
1338 5037 1481 5105 apud
1513 5053 1613 5091 nos
1644 5038 1974 5107 Ethiopicis
2013 5038 2172 5105 alias,
2206 5051 2264 5095 ut
2301 5059 2480 5112 spero,
2506 5046 2764 5116 dicetur.)
2794 5048 2987 5117 Incipit
3026 5058 3233 5112 autem,
3267 5063 3389 5120 post
3427 5068 3643 5125 supra-

384 5119 647 5187 scriptum
692 5120 909 5175 titulum
952 5121 1122 5177 codex
1163 5121 1286 5177 Vat.
1320 5126 1400 5180 sic
1430 5144 1442 5180 :
1487 5127 1545 5180 Ὀ
1572 5127 1726 5193 Θεὸς,
1761 5132 1788 5182 ὀ
1817 5130 1943 5193 Θεὸς

2082 5130 2153 5192 ὒν,
2181 5135 2210 5185 ὁ
2237 5133 2521 5198 ὑποδείξας
2549 5138 2678 5207 ἡμῖν
2710 5138 2770 5190 τὸ
2811 5139 2956 5208 μέγα
3000 5139 3158 5192 τοῦτο
3187 5119 3519 5211 μυοτήριονξ
3562 5146 3641 5198 σὺ

386 5207 650 5261 ἱκάνωσον
676 5210 822 5278 ἡμᾶς
849 5214 1233 5282 προσενεγκεῖν
1266 5231 1347 5266 σοι
1377 5214 1566 5268 θυσίαν
1602 5218 2065 5288 προηγιασμένην,
2093 5220 2170 5281 εἰς
2204 5219 2361 5284 δόξαν
2390 5239 2507 5287 σου,
2534 5224 2628 5275 καὶ
2658 5207 2976 5293 μονογενοῦς
3006 5243 3097 5278 σου
3134 5207 3285 5289 Υέοῦ,
3316 5207 3410 5281 χοὶ
3446 5231 3641 5285 Πνεῦ-

388 5298 559 5387 μᾳτός
592 5316 685 5351 σου
704 5300 811 5387 Δτοῦ
842 5301 997 5368 ἁγίου
1024 5317 1037 5330 '
1074 5302 1236 5368 Deus,
1272 5303 1409 5359 Deus
1438 5316 1634 5373 noster,
1667 5310 1757 5377 qui
1787 5310 1886 5361 hoc
1919 5309 2067 5363 nobis
2107 5327 2356 5380 magnum
2391 5315 2697 5382 mysterium
2729 5316 3027 5379 ostendisti,
3067 5326 3120 5369 tu
3157 5336 3249 5371 nos
3281 5319 3369 5387 fac
3404 5320 3639 5380 idoneos

384 5383 453 5435 ad
480 5385 807 5453 offerendum
836 5389 931 5441 tibi
952 5393 1454 5461 prtesanctiﬁcatum
1483 5397 1826 5465 sacriﬁcium,
1859 5399 1920 5451 ob
1946 5399 2022 5451 tui
2044 5398 2291 5467 gloriam.
2323 5410 2371 5453 et
2398 5404 2647 5471 unigeniti
2680 5404 2809 5458 Filii
2835 5407 2930 5467 tui,
2962 5418 3009 5460 et
3040 5383 3378 5476 Spiritus'tui
3409 5418 3621 5469 sancti.

455 5474 544 5529 ιν.
768 5480 1038 5550 reliquum
1064 5494 1204 5548 erat,
1232 5487 1558 5542 conﬁrmato
1580 5489 1692 5557 jam
1722 5491 1901 5550 titulo.
1929 5493 2133 5546 contuli
2168 5493 2344 5562 ipsum
2381 5498 2706 5564 opusculum
2756 5499 2989 5570 liturgias
3028 5474 3632 5563 Prmsanctilicatorum

382 5578 505 5660 eum
556 5567 908 5660 editionihus,
946 5590 1067 5643 qua:
1107 5578 1247 5645 apud
1297 5594 1383 5632 me
1435 5590 1613 5640 erant.
1660 5582 1711 5634 id
1759 5592 1842 5637 est
1878 5582 2075 5637 Veneta
2109 5602 2171 5638 ex
2210 5584 2485 5642 llellcnica
2531 5567 3061 5660 typographia'anni
3115 5596 3284 5660 1.859;
3317 5596 3445 5649 item
3490 5614 3629 5653 cum

392 5649 636 5707 Romana
665 5658 909 5724 ejusdem
954 5668 1080 5719 anni
1120 5668 1211 5721 Gr.
1246 5667 1437 5733 Arab.;
1467 5683 1769 5743 rursusque
1801 5690 1923 5728 eum
1975 5677 2078 5730 alia
2113 5675 2271 5732 Rom.
2309 5678 2401 5733 Gr.
2444 5696 2529 5733 an.
2587 5682 2753 5751 lilii;
2785 5692 2834 5739 ct
2872 5701 2994 5739 cum
3043 5687 3131 5739 illa
3180 5686 3413 5759 denique
3451 5705 3632 5760 quam
