3948 6196
264 193 340 250 537
1463 200 1812 258 PRECATIO
1843 200 1930 256 ET
1973 199 2442 278 EXORCISMUS.
3401 202 3508 258 558

261 325 574 397 Enchologio
604 323 842 380 inseruit
872 320 1110 378 Goarius
1137 339 1151 376 :
1188 319 1656 394 deprehendique.
1685 329 1918 391 excepto
1953 320 2146 375 ordine
2170 331 2225 377 et
2255 319 2647 376 minutioribus
2685 320 2954 391 partibus,
2998 317 3320 375 Vaticanum
3354 319 3511 374 codi-

255 437 361 478 cem
403 436 521 475 cum
544 419 836 493 impressis
868 434 1212 490 congruere;
1245 435 1412 490 quam
1455 419 1756 475 solemnem
1791 417 2143 486 liturgiarum
2173 416 2531 471 concordiam
2571 415 2784 485 jamdiu
2831 430 2935 470 nos
2969 414 3236 469 docuerat
3275 411 3511 468 Allatius

255 521 304 569 In
333 513 508 584 priore
536 511 760 568 dissert.
788 525 910 580 cap.
933 510 1004 566 20
1031 511 1118 566 his
1143 511 1329 566 verbis
1356 530 1370 565 :
1401 510 1484 564 An
1516 525 1636 564 vero
1665 511 1843 563 eodem
1871 509 1977 562 ritu
1997 525 2174 562 omnes
2207 507 2476 578 liturgiam
2500 507 2788 574 celebrant,
2825 523 2927 577 quo
2956 506 3082 560 olim
3107 504 3514 560 celebrabatur!

252 607 308 664 Si
332 622 432 659 rem
459 606 629 674 ipsam
668 604 992 668 consideres,
1032 613 1083 658 et
1116 605 1375 672 sacriﬁcii
1405 604 1791 666 substantiam,
1852 602 2096 656 omnibus
2140 603 2248 655 ritu
2291 599 2474 656 Graeco
2509 599 2918 661 celebrantibus,
2949 598 3086 652 idem
3122 614 3286 653 unum
3327 612 3512 651 conve-

252 698 380 751 nisse
400 705 599 749 certum
629 703 744 749 est:
780 696 828 748 si
860 710 1039 763 preces
1069 704 1119 748 et
1152 711 1270 765 quae
1302 695 1370 748 ad
1398 705 1648 749 ornatum
1676 695 1938 763 sacriﬁcii
1963 703 2313 762 pra'stuntur,
2345 691 2783 764 quemadmodum
2810 693 2935 746 etin
2962 691 3136 745 Missa
3181 693 3389 758 integra
3425 691 3510 760 fa-

250 799 379 842 ctum
410 798 506 848 est,
536 804 639 841 non
661 795 740 841 est
770 803 802 839 a
829 787 1119 841 verosimili
1145 787 1399 848 alienant.
1434 803 1537 841 non
1565 785 1746 840 eadem
1779 795 1936 840 (etate
1967 795 2195 850 tantum,
2229 785 2320 840 sed
2349 785 2472 839 aliis
2498 794 2652 854 atque
2677 784 2801 837 aliis
2859 784 3178 854 temporibus
3196 783 3389 845 multa,
3415 798 3510 850 pro

251 883 322 935 rei
359 881 774 950 opportunitate,
823 881 1110 934 immutata
1152 880 1340 950 fuisse.
1387 878 1643 947 Idemque
1674 879 1908 934 Allatius
1955 894 2077 948 cap.
2121 880 2154 933 4
2190 897 2202 932 :
2241 877 2390 931 Illud
2435 879 2596 932 etiam
2638 879 2874 940 observo,
2921 876 3510 946 Prwsanctiﬁcatorum

250 977 513 1044 liturgiam
540 991 646 1029 non
672 991 836 1028 uuam
862 983 1018 1045 atque
1049 972 1288 1027 eamdem
1319 971 1461 1042 apud
1483 989 1660 1027 omnes
1694 973 1881 1043 fuisse.
1913 972 2002 1027 sed
2031 987 2126 1042 pro
2156 973 2410 1025 varietate
2445 969 2807 1024 Ecclesiarum
2842 979 2892 1023 et
2927 979 3242 1039 temporum,
3278 969 3508 1022 variam.

250 1066 302 1120 ln
340 1065 713 1137 Epiphaniana
740 1064 961 1136 quidem
986 1065 1118 1120 illud
1151 1065 1300 1136 quod
1335 1066 1694 1135 ascripsimus
1727 1065 1941 1118 initium
1977 1065 2045 1118 ab
2083 1064 2248 1119 editis
2289 1063 2528 1132 liturgiis
2566 1063 2767 1118 dill‘ert.
2798 1062 3000 1118 Preces
3038 1063 3202 1117 etiam
3237 1077 3336 1132 pro
3364 1060 3512 1132 regi-

249 1162 364 1224 hus,
398 1160 672 1220 exercitu.
710 1162 994 1230 episc0po,
1029 1167 1083 1214 et
1127 1160 1341 1216 caeteris
1380 1159 1642 1215 Ecclesiae
1680 1159 1972 1222 ministris,
2007 1157 2259 1212 nonnihil
2303 1159 2522 1213 variare
2557 1157 2906 1213 videbantur.
2943 1156 3132 1212 Oratio
3172 1165 3354 1212 autem
3387 1170 3514 1227 quae

247 1254 432 1324 incipit
465 1274 478 1309 :
523 1255 581 1308 Ὀ
610 1255 743 1319 Θεὸς
766 1257 794 1307 ὁ
834 1253 1292 1325 ἐπισκεψάμενος.
1327 1255 1583 1324 congruit
1627 1268 1750 1306 cum
1793 1251 1806 1306 Ξ

1950 1252 2122 1306 mzeui
2159 1250 2378 1321 liturgia
2429 1265 2592 1320 quam
2648 1251 2914 1304 habemus
2959 1251 3101 1320 apud
3148 1247 3509 1303 Assemanum

246 1342 368 1401 Cod.
405 1345 489 1399 tit.
525 1354 565 1400 ι.
603 1344 717 1408 Vll,
750 1359 802 1415 p.
831 1345 921 1399 87.
954 1343 1061 1398 Nec
1095 1345 1250 1415 plura
1286 1343 1502 1401 dicam:
1529 1345 1666 1400 satis
1689 1345 1833 1398 enim
1861 1341 2109 1396 Vaticani
2134 1342 2348 1397 codicis
2374 1342 2774 1396 continentiam
2795 1341 2926 1394 mihi
2957 1340 3144 1394 videor
3165 1339 3511 1411 exposuisse.

282 1427 375 1492 PV.
406 1436 675 1506 Superest
708 1447 766 1490 ιιι
797 1437 1103 1499 videamus,
1148 1451 1279 1489 num
1323 1435 1488 1489 etiam
1531 1452 1594 1488 cx
1633 1433 1920 1504 Epiphanii
1969 1433 2208 1502 cognitis
2251 1432 2412 1488 libris
2457 1439 2846 1503 argumentum
2885 1431 3109 1501 aliquod
3156 1432 3300 1486 adsit
3332 1446 3428 1500 pro
3461 1431 3511 1486 ei

246 1525 601 1590 vindicanda,
633 1529 720 1581 vel
750 1543 932 1589 secus,
969 1528 1072 1582 hac
1121 1527 1365 1597 liturgia.
1397 1526 1454 1581 ln
1491 1527 1681 1581 lueresi
1714 1524 1806 1590 79,
1835 1527 1889 1585 5,
1919 1525 2056 1578 dicit
2097 1523 2464 1594 Epiphanius,
2509 1524 2813 1593 apostolos,
2859 1538 3001 1592 quos
3043 1521 3186 1576 inter
3221 1519 3512 1585 Jacobum,

249 1618 557 1689 μυστηρίων
585 1619 918 1690 ἀρχηγέτας,
954 1620 1328 1688 mysteriorum
1378 1628 1622 1672 auctores
1662 1617 1808 1670 fuissl

1992 1624 2100 1672 est.
2141 1623 2200 1669 ut
2235 1625 2385 1670 recte
2422 1615 2772 1686 intelligitur,
2799 1615 2999 1670 divinte
3040 1615 3278 1685 liturgia:
3324 1616 3516 1671 condi-

248 1717 406 1762 tores.
440 1707 588 1773 Quid
620 1709 779 1762 inde?
803 1707 943 1763 Ecce
973 1711 1311 1764 Assemanus
1339 1708 1472 1764 Cod.
1508 1709 1591 1763 lit.
1630 1716 1671 1762 t.
1707 1706 1751 1762 V
1779 1707 1951 1778 prter”
1975 1723 2064 1776 pp.
2096 1707 2187 1772 26,
2218 1707 2308 1769 53.
2345 1708 2438 1771 57,
2466 1723 2533 1762 ex
2569 1707 2676 1762 hoc
2704 1707 2993 1778 Epiphanii
3027 1708 3175 1763 dicto
3208 1709 3518 1763 hariolatur

247 1800 412 1853 sancti
460 1799 661 1854 Jacobi
716 1799 990 1870 liturgiam
1048 1799 1116 1853 ad
1165 1801 1404 1872 Cyprum
1451 1816 1672 1871 quoque
1707 1801 2068 1871 pertinuisse.
2099 1799 2257 1854 Cur?
2290 1800 2434 1866 Quia
2488 1816 2684 1870 nempe
2715 1799 2953 1870 Cyprus,
2991 1802 3278 1856 Assemani
3328 1810 3512 1866 :etate,

245 1894 432 1961 partim
467 1891 629 1963 Syris
659 1893 1013 1962 patriarchis,
1076 1894 1274 1963 partim
1307 1894 1687 1948 etiam'Sancti
1725 1892 1976 1963 Sepulcri
2015 1881 2388 1948 Franciscano
2441 1895 2658 1948 custodi
2694 1895 2952 1963 suberat;
2996 1895 3042 1949 is
3067 1894 3333 1950 hodierna
3376 1904 3516 1951 tem-

244 1999 370 2052 pora
411 1986 482 2038 ad
517 1961 746 2053 antiqua
775 1984 1053 2038 immerito
1079 1961 1451 2047 transferens.
1483 1961 1822 2039 existimavit
1856 1983 2416 2054 Hierosolymitanam
2451 1985 2730 2056 llturgiam
2755 1961 2938 2057 'Cypri
2969 2003 3191 2058 quoque
3222 1987 3467 2058 viguisse
3497 2008 3513 2042 :

242 2093 355 2144 qua:
383 2091 475 2132 res
516 2083 901 2146 argumentum
948 2076 1281 2140 inﬁrmaret,
1327 2077 1474 2147 quod
1511 2075 1848 2146 Epiphanius
1890 2074 2130 2145 Cyprius
2179 2074 2638 2146 archiepiscopus
2694 2077 2974 2148 liturgiam
3023 2080 3305 2150 prapriam
3352 2079 3515 2136 insti-

243 2173 423 2237 tuerit,
461 2169 589 2225 sive
620 2169 888 2238 integram
939 2169 1056 2224 sive
1107 2168 1349 2224 fortasse
1392 2169 1559 2222 etiam
1594 2167 2011 2236 particularem,
2047 2165 2363 2233 cuiusmodi
2401 2175 2486 2222 est
2529 2167 2647 2221 haec.
2685 2168 3301 2227 Pra‘sancliﬁcatorum.
3347 2173 3513 2244 Atqui

243 2281 343 2318 non
378 2263 681 2334 ignorabat
717 2261 1056 2316 Assemanus
1087 2259 1252 2330 Cypri
1283 2261 1414 2316 olim
1459 2262 1797 2331 provinciam
1832 2260 2004 2314 fuisse
2031 2257 2330 2327 ἀκέφαλον,
2368 2260 2421 2315 id
2447 2270 2530 2316 est
2562 2262 2646 2317 sui
2668 2262 2835 2330 ju‘ris,
2869 2264 3272 2336 archiepiscopi
3306 2266 3519 2322 nullius

240 2354 476 2410 extranei
520 2362 614 2407 aut
651 2351 978 2423 patriarchae
1008 2352 1342 2407 ordinationi
1380 2353 1712 2423 subiectam.
1765 2352 1996 2408 Frustra
2035 2354 2207 2425 igitur
2253 2354 2594 2408 Assemanus
2641 2353 3197 2428 llicrosolymitanam
3237 2359 3515 2430 liturgiatn

241 2444 524 2499 veteribus
550 2443 766 2514 Cypriis
796 2441 1014 2496 videtur
1045 2441 1365 2498 obtrudere.
1401 2442 1476 2498 De
1522 2442 1831 2514 Epiphanio
1865 2460 1971 2499 non
2003 2444 2223 2516 quidem
2257 2444 2555 2509 scribente,
2593 2448 2689 2502 sed
2717 2447 3031 2503 celebrante
3051 2449 3354 2519 liturgiam,
3384 2467 3518 2505 nar—

243 2539 372 2592 ratio
417 2546 514 2592 est
570 2537 625 2590 in
669 2537 791 2605 ejus
833 2535 1020 2590 Gra'ca
1050 2533 1173 2589 Vita
1204 2536 1314 2600 (ed.
1364 2535 1552 2592 Pctav.
1585 2544 1624 2590 t.
1665 2537 1728 2609 ll,
1763 2554 1816 2609 p.
1846 2539 1972 2609 551)
2041 2555 2164 2610 cap.
2205 2539 2297 2605 '58,
2331 2539 2423 2593 ubi
2467 2539 2542 2593 ait
2577 2539 2938 2612 biographus,
2975 2541 3342 2613 Epiphanium
3375 2560 3519 2598 nun-

241 2646 395 2698 quam
433 2632 495 2684 in
542 2629 706 2685 Missa
740 2628 1002 2698 perlicere
1051 2629 1272 2684 solitum
1323 2629 1492 2684 fuisse
1535 2631 1868 2688 oblationem
1913 2642 2205 2703 antequam
2253 2633 2560 2697 visionem,
2623 2634 2915 2699 ὀπτασίαν,
2957 2635 3209 2692 vidisset.
3240 2636 3351 2693 lies
3387 2653 3521 2692 sane

243 2724 392 2788 mira,
423 2733 480 2778 et
526 2731 719 2777 sancto
745 2722 865 2776 viro
893 2721 1085 2790 digna!
1109 2722 1268 2787 cujus
1299 2737 1398 2789 par
1429 2707 1740 2792 exemplum
1777 2725 1974 2792 legitur
2005 2725 2072 2780 de
2099 2725 2206 2778 alio
2259 2725 2520 2794 episcopo
2545 2725 2690 2795 apud
2723 2724 2884 2779 Joan.
2921 2725 3205 2782 Moschum
3237 2743 3359 2798 cap.
3391 2729 3517 2794 150,

243 2819 477 2888 itemque
515 2815 572 2870 in
617 2815 753 2870 Vitis
793 2815 1019 2868 Patrum
1053 2815 1198 2886 apud
1242 2813 1593 2870 Rosweidum
1644 2815 1742 2870 lib.
1785 2832 1825 2881 ι,
1863 2831 1917 2885 p.
1956 2815 2081 2882 199,
2129 2825 2358 2872 sanctus
2403 2815 2640 2871 Basilius
2695 2815 2920 2872 Missam
2960 2818 3274 2873 celebrasse
3318 2819 3521 2874 dicitur

249 2909 571 2968 clarissimo
605 2907 813 2962 lumine
859 2915 912 2961 et
940 2908 1154 2978 angelis
1185 2906 1589 2969 circumdatus,
1631 2918 1797 2978 prout
1847 2909 2011 2964 etiam
2057 2909 2111 2962 in
2153 2909 2388 2979 picturis
2421 2924 2601 2979 nuper
2628 2925 2658 2963 a
2690 2909 2850 2965 nobis
2886 2911 3164 2966 enarratis
3198 2909 3384 2965 videre
3412 2921 3518 2966 est.

241 2995 304 3050 Et
337 3000 569 3069 quidem
603 2998 657 3052 in
689 2998 887 3068 quinta
931 2998 1111 3061 icone,
1146 2997 1238 3052 ubi
1275 2997 1645 3069 archangelus
1694 2999 1980 3061 diabolum
2026 3015 2056 3054 a
2091 2999 2267 3056 Missae
2300 3000 2565 3072 mysterio
2612 3002 2926 3072 temploque
2967 3002 3160 3073 abigit,
3203 3018 3519 3074 quanquam

246 3091 551 3161 epigraphe
600 3091 824 3146 nonnisi
859 3091 1140 3145 diabolum
1185 3092 1291 3162 piis
1328 3091 1644 3147 astantibus
1698 3091 2048 3154 insidiantem
2093 3091 2346 3156 denotat,
2391 3092 2756 3149 nihilominus
2797 3093 3100 3164 signiﬁcari
3133 3104 3263 3166 puto
3289 3110 3525 3164 energu-

242 3197 538 3237 meuorum
562 3183 842 3253 praecipue
875 3184 1280 3253 expulsionem,
1315 3199 1458 3254 quos
1491 3183 1789 3255 Dionysius
1823 3182 1967 3238 Eccl.
2001 3184 2262 3238 ΙιίενατεΙι.
2299 3200 2424 3256 cap.
2454 3187 2509 3251 3,
2541 3201 2666 3241 cum
2700 3187 3118 3243 catechumcnis
3162 3195 3216 3242 et
3251 3188 3526 3259 paeniten-

243 3275 385 3328 tibus
411 3275 603 3330 arceri
635 3290 665 3328 a
700 3277 1031 3331 sacramenti
1066 3283 1296 3347 aspectu
1325 3276 1673 3346 ccclesiaque
1717 3276 1938 3330 excludi
1975 3276 2173 3331 solitos
2222 3286 2432 3332 narrat.
2479 3279 2727 3349 Denique
2769 3279 2859 3334 aio
2906 3287 3141 3336 cunctas
3183 3296 3280 3337 eas
3310 3281 3521 3346 icones.

240 3369 553 3424 secundum
586 3369 878 3437 quamdam
907 3368 1180 3425 visionem
1221 3377 1275 3424 et
1303 3370 1592 3439 mysticam
1630 3369 1948 3439 allegoriam
1981 3369 2154 3425 fuisse
2187 3370 2458 3441 dcpictas.
2493 3388 2600 3443 qua
2647 3373 2850 3428 caelum
2878 3387 3003 3428 cum
3039 3381 3186 3428 terra
3211 3374 3525 3444 copulatur,

243 3459 293 3512 id
321 3470 405 3515 est
437 3461 716 3515 Christus
749 3460 803 3514 in
863 3460 1170 3519 sacerdote.
1219 3460 1462 3515 ministri
1512 3459 1758 3514 minores
1807 3460 1860 3514 in
1895 3461 2108 3530 angelis
2141 3468 2633 3532 repraesentantur,
2663 3462 2749 3517 vel
2793 3462 2862 3518 iis
2909 3463 3332 3534 permiscentur,
3378 3463 3528 3517 felici

241 3554 374 3607 artis
406 3552 715 3624 phantasia
749 3560 802 3607 et
837 3552 1125 3624 theologia:
1148 3551 1427 3607 doctrina.
1461 3551 1566 3606 Sed
1605 3553 1728 3608 linis
1756 3553 1850 3616 sit,
1888 3552 2196 3622 prmsertim
2224 3554 2352 3624 quia
2389 3554 2625 3624 pictura:
2655 3554 2760 3608 illa:
2792 3554 2937 3607 haud
2960 3554 3027 3606 ad
3058 3553 3347 3623 Epiphanii
3376 3554 3529 3607 codi-

242 3661 353 3701 cem
389 3645 755 3715 Iiturgiamve
793 3645 1100 3714 pertinent;
1138 3660 1307 3715 super
1328 3660 1437 3716 qua
1466 3646 1738 3716 satisjam
1773 3646 2070 3700 verborum
2107 3653 2429 3702 nostrorum
2460 3644 2690 3702 ﬂuxisse
2716 3645 2966 3713 videtur;
2987 3652 3042 3701 et
3076 3645 3312 3698 aliorum
3344 3645 3528 3714 potius

240 3737 439 3790 indicia
464 3736 848 3806 eaSpcctanda
874 3751 1190 3791 censemus.

238 3917 3508 3958 Μ

1313 4097 1732 4188 SANCTI
1808 4096 2446 4186 EPIPHANII

716 4291 1062 4348 PliECATlO
1101 4291 1190 4348 ΕΤ
1231 4291 1674 4349 EXURCISMUS
1714 4290 1807 4346 AD
1846 4287 2226 4350 IMMUNDUM
2269 4287 2598 4346 SPlRITUM
2641 4289 3072 4350 EJICIENDUM.

1669 4456 2122 4534 [Fragmenta.]

1251 4629 1488 4690 (Inuum,
1523 4623 1737 4688 Catalag.
1762 4622 1874 4674 cod.
1895 4624 2055 4675 Graec.
2081 4618 2287 4682 Hatria,
2312 4634 2362 4685 p.
2387 4619 2525 4687 425.)

311 4866 581 4923 Precatio
615 4864 809 4936 incipit
840 4881 854 4919 :
887 4858 1328 4931 Ἐπικαλούμεοά
1354 4876 1437 4923 σε,
1464 4859 1564 4913 Θεὲ
1587 4857 1970 4931 παντοκράτορ
1984 4857 2160 4930 Κύριε
2189 4855 2366 4928 Ἰησοῦ
2383 4856 2590 4930 Χριστὲ
2613 4857 2834 4930 οὗράνιε
2853 4856 3102 4929 βασιλεῦ’
3130 4859 3539 4932 ὲπικαλούμεθά

238 4979 299 5014 σε
319 4964 416 5015 τὸν
434 4963 743 5032 ποιήσαντα
762 4959 854 5012 τὸν
881 4957 1110 5029 οὐρανὸν
1138 4959 1232 5010 καὶ
1256 4956 1357 5025 τὴν
1383 4956 1508 5025 γῆν.
1539 4954 1797 5010 Exorcisu

1981 4971 2044 5009 ro
2067 4955 2299 5026 incipit:
2342 4953 2639 5026 Ἐξορκίζω
2665 4972 2749 5020 σε,
2787 4953 3007 5025 πνεῦμα
3027 4955 3360 5028 ἀκάθαρτον.
3393 4957 3539 5011 κατὰ

234 5056 332 5110 τοῦ
356 5057 534 5126 λόγου
551 5053 684 5110 Θεοῦ
701 5054 796 5108 τοῦ
817 5055 1142 5123 ποιήσαντος
1169 5051 1260 5104 τὸν
1284 5051 1514 5122 οὐρανὸν
1543 5050 1637 5105 καὶ
1657 5051 1754 5123 τὴν
1771 5051 1893 5121 γῆν.
1924 5051 2156 5116 Desinit,
2175 5049 2443 5123 φοϐήθητι
2470 5050 2562 5106 τὸν
2578 5050 3012 5122 ἀναϐαλλόμενον
3045 5052 3161 5121 φῶς
3179 5051 3254 5115 ὡς
3289 5053 3502 5124 ἱμάτιον
3522 5070 3536 5088 ’

237 5150 332 5202 τδν
363 5151 543 5222 μόνον
574 5149 767 5221 ἔχοντα
796 5148 1098 5201 ἀθανασίαν
1125 5147 1222 5200 καὶ
1256 5144 1374 5216 φῶς
1402 5146 1697 5217 ἀπρόσιτον
1724 5162 1738 5177 ·
1769 5139 1814 5214 ᾧ
1841 5150 1876 5218 ή
1909 5147 2040 5212 δόξα
2071 5147 2167 5200 καὶ
2204 5147 2266 5200 τὸ
2295 5147 2497 5219 κράτος
2525 5148 2608 5209 εἰς
2643 5149 2771 5209 τοὺς
2791 5146 3015 5209 αἰῶνας.
3059 5148 3254 5218 ’Δμήν.

313 5263 587 5318 Precatio
626 5271 681 5317 et
709 5263 1055 5318 exorcismos
1087 5261 1178 5315 hic
1210 5268 1326 5315 tum
1363 5276 1391 5315 a
1421 5259 1479 5316 S.
1513 5260 1803 5332 Epiphanii
1841 5260 2080 5332 Operum
2122 5262 2476 5323 editionibus,
2513 5270 2626 5314 tum
2659 5275 2689 5314 a
2725 5259 2915 5314 Goarii
2970 5259 3296 5330 Eucliotogio
3339 5263 3543 5332 pariter

241 5353 480 5405 absunt.
527 5350 896 5408 Nihilominus
946 5361 1129 5408 tamen
1161 5352 1447 5410 Fabricius
1478 5353 1732 5410 Bibliotlt.
1766 5351 1966 5408 Grrecw
2000 5353 2108 5407 vol.
2149 5351 2283 5416 Vlll,
2322 5367 2444 5422 pag.
2490 5352 2582 5415 95,
2619 5352 2805 5409 laudat
2855 5351 3104 5408 codicem
3143 5351 3540 5409 Baroccianum

244 5441 387 5507 VIII,
423 5445 486 5498 iu
527 5460 634 5512 quo
665 5454 721 5501 et
753 5445 1066 5516 Epiphanii,
1099 5452 1154 5500 et
1190 5447 1422 5504 aliorum
1457 5447 1557 5504 SS.
1592 5447 1818 5502 Patrum
1849 5444 2240 5517 Adjurationes
2270 5445 2385 5501 sive
2415 5443 2725 5499 Exoreismi
2756 5444 3031 5514 ejusmodi
3081 5446 3358 5517 leguntur.
3385 5447 3544 5514 Quod

239 5556 356 5594 non
421 5539 542 5594 levi
591 5551 915 5611 argumento
963 5549 1048 5616 est
1087 5541 1234 5600 hunc
1267 5543 1327 5607 S.
1364 5539 1652 5622 Epiphanii
1691 5544 1938 5617 aliosque
1981 5542 2212 5596 aliorum
2266 5538 2512 5605 Patrum,
2567 5538 2848 5596 nonnullis
2880 5539 3062 5597 adhuc
3099 5540 3154 5596 in
3195 5539 3549 5598 bibliothecis

239 5650 383 5691 mss.
424 5633 769 5693 delitescere.
