3948 6196
1538 268 1877 324 APPENDIX
1917 270 2533 327 DISSEIITATIOINUM.
3419 341 3434 350 _
3540 272 3635 330 530

2672 491 3190 502 ﬂ-“

706 487 1893 516 Imm
1900 491 2663 502 ———————————————-
2672 492 2835 501 -——~-
2854 490 3504 519 mm
3512 490 3618 517 σε

856 657 1655 789 APPENDIX
1731 664 3171 796 DISSERTATIONUM.

1038 972 1140 1030 DE
1172 972 1690 1035 llOMANOllUM
1755 976 2339 1039 IMPERATORUM
2396 977 2989 1039 CIIRONOLOGIA.

1338 1133 1445 1205 (Cf.
1482 1143 1601 1189 not.
1634 1139 1724 1210 57,
1759 1134 1826 1190 ad
1866 1136 1959 1192 lib.
1996 1134 2075 1190 De
2104 1138 2385 1199 mensuris,
2422 1137 2527 1191 col.
2570 1139 2723 1207 258.)

478 1367 619 1424 Εἶτα
645 1367 927 1433 βασιλεῖς
968 1367 1275 1437 Ῥωμαίων.
1331 1367 1698 1424 Romanorum
1738 1372 1973 1442 imperas

2148 1371 2446 1437 Κλαύδιος
2475 1372 2579 1439 ἐτη
2614 1377 2702 1440 ιγ’.
2738 1371 2901 1440 Atqui
2937 1369 3203 1425 Eusebius
3241 1376 3439 1439 praeter
3477 1384 3655 1427 annos

405 1468 585 1514 torum
615 1461 705 1529 qui
738 1459 985 1527 sequitur
1032 1458 1307 1514 lndiculus
1333 1461 1510 1517 altero
1540 1462 1633 1517 illo
1661 1466 1974 1537 castigatior

398 1560 483 1606 est
509 1591 524 1616 ,
574 1566 733 1620 quem
789 1550 843 1603 in
877 1550 1142 1605 Ancorato
1169 1590 1184 1613 ,
1231 1568 1286 1606 ιι.
1323 1553 1413 1614 60,
1446 1556 1764 1624 proposuit;
1801 1573 1976 1626 neque

400 1651 580 1694 tamen
630 1641 829 1710 ubique
864 1643 1000 1696 satis
1052 1652 1348 1699 accuratus
1390 1656 1494 1700 est.
1539 1647 1718 1711 Quare
1755 1663 1975 1718 eperam

400 1730 650 1784 navaturi
684 1732 951 1796 videmur,
984 1733 1031 1789 si
1072 1734 1125 1787 in
1163 1735 1415 1804 singulos
1450 1738 1839 1808 imperatorum
1874 1758 1973 1795 au-

400 1837 501 1877 nos
526 1861 541 1886 .
593 1823 685 1892 qui
716 1824 936 1893 quidem
983 1826 1300 1895 qumstionis
1331 1829 1542 1900 aliquid
1583 1831 1785 1886 habent
1807 1874 1821 1894 .
1853 1833 1978 1888 dili-

398 1915 615 1983 gentius
647 1916 1009 1986 iuquiramus.
1058 1918 1113 1972 Id
1167 1919 1312 1975 enim
1346 1936 1471 1976 cum
1519 1923 1585 1976 ad
1615 1923 1976 1995 Epiphanium

402 2006 830 2070 illustrandum,
868 2013 981 2060 tum
1032 2006 1097 2061 ad
1132 2009 1434 2064 Romanam
1487 2011 1775 2069 historiam
1808 2016 1977 2071 stabi-

401 2093 634 2149 liendam
685 2096 1055 2151 necessarium
1085 2098 1334 2166 videtur;
1382 2114 1506 2154 cum
1564 2105 1864 2172 praesertim
1923 2106 1979 2160 in

399 2186 510 2240 illis
539 2186 944 2255 quamplurima
992 2189 1102 2243 sint
1124 2229 1141 2255 ,
1179 2204 1301 2259 qua:
1327 2190 1589 2262 majorem
1629 2208 1658 2247 a
1689 2194 1980 2271 chronolo-

396 2275 483 2343 gis
514 2276 671 2331 Iidem
707 2278 1060 2349 studiumque
1085 2290 1419 2338 mereantur.

470 2368 819 2436 Αὔγουστος
853 2369 956 2436 ἔτη
988 2378 1103 2434 rg’.
1144 2372 1219 2426 De
1250 2374 1409 2429 annis
1458 2374 1658 2444 quibus
1696 2378 1980 2447 imperavit

401 2458 707 2528 Augustus,
730 2459 1113 2529 c0piosissime
1140 2464 1344 2519 dictum
1374 2476 1459 2521 est
1491 2466 1561 2521 ad
1589 2468 1727 2524 hacr.
1752 2471 1845 2525 5i.
1879 2471 1978 2526 llic

401 2546 682 2617 sexaginta
719 2566 811 2604 sex
871 2550 1135 2605 duntaxat
1170 2555 1549 2622 enumeravit;
1599 2567 1794 2626 praetcr
1837 2577 1977 2629 quos

405 2637 673 2694 Eusebius
743 2656 837 2695 sex
906 2657 1124 2699 menses
1176 2643 1349 2700 addit.
1403 2646 1617 2702 Initium
1670 2651 1737 2705 ab
1799 2650 1863 2706 υ.
1912 2653 1975 2708 C.

2081 1479 2202 1527 xm,
2239 1477 2457 1517 menses
2489 1462 2721 1531 imputat
2755 1479 2830 1525 ix,
2861 1462 2979 1516 dies
3002 1478 3190 1515 xxvm.
3222 1461 3319 1515 Dio
3347 1477 3526 1517 annos
3556 1464 3653 1516 tri-

2077 1555 2195 1610 huit
2237 1570 2355 1619 xm,
2394 1570 2611 1610 menses
2638 1571 2756 1619 vm,
2790 1555 2909 1610 dies
2952 1571 3041 1608 xx.
3090 1552 3237 1607 (lbiit
3277 1552 3569 1616 Claudius,
3598 1565 3653 1607 ut

2077 1654 2270 1702 auctor
2297 1654 2381 1701 est
2405 1644 2719 1708 Suetonius,
2749 1645 2939 1700 Asinio
2971 1644 3245 1709 Marcello,
3272 1645 3445 1699 Acilio
3462 1646 3655 1699 Aviola

2077 1752 2249 1799 coss.,
2282 1752 2340 1791 ιιι
2374 1736 2449 1790 Id.
2477 1734 2599 1791 Oct.
2654 1736 2735 1789 Ah
2789 1743 2914 1791 ante
2935 1736 3076 1790 diem
3106 1750 3201 1789 vm
3234 1734 3461 1790 Kalend.
3489 1734 3655 1789 Febr.

2078 1827 2204 1881 anni
2235 1826 2294 1880 41
2344 1824 2685 1896 Dionysiani,
2718 1841 2827 1893 quo
2871 1825 3167 1894 imperium
3213 1825 3533 1894 auspicatus
3574 1836 3659 1881 est

2077 1915 2360 1979 Claudius,
2401 1915 2469 1968 ad
2500 1929 2594 1968 xm
2634 1914 2887 1968 Octobris
2917 1913 3044 1967 anni
3094 1913 3196 1979 51,
3237 1914 3290 1967 in
3328 1930 3492 1984 quem
3524 1915 3661 1970 Asi-

2080 2006 2203 2061 nius
2226 2004 2515 2059 Marcellus
2537 2012 2591 2058 et
2617 2004 2806 2057 Aviola
2838 2018 2984 2057 coss.
3023 2004 3292 2068 incidunt,
3324 2006 3452 2058 anni
3488 2005 3662 2059 inter-

2078 2097 2279 2150 cedunt
2309 2095 2466 2150 solidi
2504 2110 2624 2153 xm.
2668 2110 2792 2149 cuin
2829 2095 3023 2150 diebus
3057 2109 3256 2160 cccxu,
3292 2097 3407 2151 sive
3445 2097 3662 2151 mensi-

2078 2184 2181 2240 bus
2226 2183 2461 2238 Julianis
2516 2198 2646 2245 vm,
2686 2183 2879 2236 diebus
2929 2198 2995 2236 xx
3041 2200 3054 2236 :
3102 2190 3233 2250 quot
3289 2190 3435 2236 recte
3492 2181 3658 2235 colli-

2078 2274 2154 2344 git
2181 2273 2299 2328 Dio.

2147 2365 2350 2433 Νέρων
2387 2365 2491 2432 ἐτη
2523 2370 2616 2434 ιγ.
2654 2362 2923 2419 Eusebius
2950 2377 3123 2416 annos
3164 2360 3412 2415 attribuit
3451 2359 3664 2417 Neroni

2079 2471 2199 2519 xm,
2231 2470 2448 2510 menses
2485 2472 2581 2515 vn.
2622 2456 2739 2509 dies
2777 2470 2945 2509 xxvm
2976 2472 2993 2522 ;
3019 2452 3115 2508 Dio
3141 2468 3315 2509 annos
3351 2468 3473 2516 xm,
3503 2469 3665 2507 men-

2078 2563 2165 2603 ses
2194 2561 2312 2602 vm.
2382 2547 2601 2601 Initium
2658 2547 2884 2602 Neronis
2930 2553 3011 2601 est
3077 2562 3168 2599 xw
3230 2545 3487 2599 Octobris
3526 2548 3663 2599 anui

2082 2638 2395 2710 Dionysiani
2450 2638 2559 2705 54;
2611 2653 2641 2691 ιι
2670 2652 2779 2707 quo
2822 2636 2997 2706 putati
3036 2636 3165 2689 anni
3204 2634 3485 2698 tredecim,
3533 2651 3664 2689 cum

402 2743 549 2783 anno
581 2730 704 2797 7ll,
757 2731 811 2786 id
856 2742 940 2786 est
975 2733 1223 2802 proximo
1258 2750 1288 2788 a
1341 2752 1473 2792 nece
1516 2730 1662 2793 Julii,
1700 2740 1833 2795 Nam
1881 2743 1974 2798 ιο-
2011 2712 2054 2765 Β
2082 2731 2366 2785 mensibus
2396 2737 2544 2795 octo,
2579 2729 2837 2784 desinunt
2872 2729 2925 2782 in
2954 2743 3050 2783 xm
3088 2725 3473 2782 circiterJuuii
3520 2730 3658 2781 anni

405 2821 640 2888 sophus,
692 2823 785 2891 qui
837 2823 905 2877 ab
941 2822 1060 2893 ipso
1088 2823 1320 2879 Iuliana:
1353 2828 1517 2884 cmdis
1552 2845 1695 2885 anno
1728 2834 1973 2901 deduxit,

405 2929 579 2968 annos
607 2914 700 2968 dat
728 2914 977 2984 Augusto
1000 2931 1128 2980 Lvu,
1156 2933 1369 2973 menses
1401 2936 1475 2983 vr,
1518 2922 1635 2977 dies
1671 2912 1727 2978 u'.

476 3004 557 3057 Οὔ
596 3021 757 3070 τινος
806 3006 875 3058 ἐν
917 2997 998 3070 τῷ
1026 3008 1512 3075 τεσσαρακοστῷ.
1559 3011 1715 3066 Anno
1745 3014 1975 3071 Ca'saris

402 3095 630 3165 Augusti
668 3111 773 3147 xui
802 3095 1076 3148 Christum
1112 3096 1164 3148 in
1203 3096 1376 3152 lucem
1426 3099 1630 3154 editum
1683 3118 1806 3159 csse
1849 3120 1973 3159 cum

405 3185 635 3239 Eusebio
672 3194 859 3240 censet
893 3186 1266 3257 Epiphanius,
1308 3190 1514 3259 periodi
1552 3191 1781 3249 Juliauzc
1812 3196 1974 3260 4712,

401 3275 619 3332 Juliano
650 3293 797 3340 XLIV,
840 3276 1059 3332 biennio
1090 3276 1200 3333 fere
1236 3288 1362 3334 ante
1395 3296 1739 3339 communem
1773 3286 1977 3343 Christi

404 3366 661 3421 natalem.
695 3364 829 3419 Nam
864 3384 914 3421 vt
936 3365 1189 3424 Januarii
1216 3378 1403 3425 natum
1434 3373 1734 3428 existimat.
1770 3374 1844 3432 De
1867 3393 1975 3447 quo

405 3458 469 3509 axi
499 3456 629 3511 bmr.
670 3457 759 3512 51.

482 3547 736 3615 Τιϐέριος
780 3549 883 3619 ἐτη
935 3557 1044 3621 κγ’.
1081 3550 1301 3607 Tiberio
1355 3570 1488 3608 xxm
1538 3570 1715 3612 annos
1772 3558 1976 3615 solidos

407 3641 639 3709 imputat
683 3639 992 3709 Eusebius,
1045 3659 1112 3699 ex
1162 3659 1335 3716 eoque
1391 3655 1630 3703 noster:
1689 3664 1798 3704 non
1860 3652 1977 3706 sine

404 3746 610 3785 errore.
644 3730 887 3786 Dicerem
931 3741 985 3788 et
1015 3733 1103 3788 hie
1124 3773 1140 3797 ,
1180 3743 1233 3790 et
1265 3736 1320 3790 in
1352 3735 1599 3807 Augusto
1621 3778 1636 3801 ,
1684 3740 1974 3795 rotundum

406 3838 692 3877 numerum
729 3833 1071 3882 consectatos
1108 3841 1263 3891 esse,
1312 3828 1416 3883 nisi
1459 3829 1513 3883 in
1550 3830 1672 3887 aliis
1705 3831 1977 3902 plerisque

409 3929 624 3968 menses
662 3929 725 3969 ac
759 3916 875 3970 dies
924 3916 1284 3986 adjeeissent;
1319 3934 1457 3989 quos
1486 3920 1711 3991 proinde
1740 3922 1795 3978 in
1819 3923 1978 3978 Tibe-

406 4004 489 4055 rio
540 4006 879 4072 prietermitti
916 4022 1024 4061 non
1074 4010 1333 4078 oportuit.
1376 4009 1621 4067 Mortuus
1660 4021 1743 4068 est
1788 4016 1976 4085 Auguo

2086 2819 2397 2889 Ilionysiani
2421 2817 2513 2872 68.

2155 2908 2392 2975 Γαλϐᾶς
2442 2908 2644 2978 μῆνας
2677 2906 2742 2968 ζ’.
2780 2907 2833 2961 lu
2882 2909 3148 2963 Ancorato
3184 2919 3293 2965 trcs
3338 2925 3369 2963 c
3427 2925 3669 2963 numero

2085 2998 2435 3065 imperatores
2467 2997 2753 3068 expunxit,
2796 2997 2936 3051 haud
2979 3012 3111 3052 sane
3157 2999 3368 3052 merito.
3407 2996 3668 3064 Quorum

2084 3091 2290 3159 primus
2338 3087 2507 3142 Galba
2570 3089 2805 3159 septimo
2853 3088 3066 3159 imperii
3116 3104 3300 3145 IIICIISC
3348 3091 3670 3147 trucidatus

2082 3192 2183 3243 cst,
2218 3189 2277 3233 ut
2301 3179 2463 3233 refert
2486 3178 2780 3233 Suetonius
2802 3189 2853 3233 ct
2876 3180 3167 3236 Eusebius.
3195 3181 3292 3235 Dio
3324 3198 3374 3236 ix
3414 3184 3465 3237 ei
3507 3201 3669 3238 ineu-

2083 3287 2190 3335 scs,
2227 3271 2346 3325 dies
2376 3286 2493 3335 xm,
2529 3269 2802 3325 concedit.
2840 3271 2981 3325 Otho
3005 3287 3103 3326 xcv
3144 3273 3354 3340 imperii
3379 3273 3473 3329 die
3515 3291 3671 3328 mor-

2084 3369 2210 3414 tuus
2236 3368 2338 3424 est,
2367 3367 2591 3414 auctore
2630 3358 2930 3427 Suetonio;
2968 3364 3071 3425 vel,
3114 3374 3171 3417 ut
3206 3363 3323 3426 Dio,
3361 3380 3445 3418 xc.
3486 3364 3665 3421 Vitil-

2085 3452 2187 3505 lius
2206 3466 2408 3505 annum
2434 3466 2599 3504 unum
2627 3451 2932 3521 imperavit,
2957 3452 3140 3507 decem
3174 3454 3661 3528 diebusexci-ptis,

2082 3543 2155 3596 ait
2189 3541 2306 3597 Dio.
2345 3542 2689 3613 Colliguntur
2706 3543 2776 3598 ab
2804 3543 3203 3611 obituNeronis
3227 3549 3354 3601 anni
3384 3549 3522 3609 duo.
3548 3554 3669 3607 dies

2081 3633 2322 3702 quinque
2350 3650 2363 3687 :
2394 3632 2487 3702 qui
2520 3632 2779 3688 desinunt
2817 3634 2871 3688 in
2910 3650 3112 3690 annum
3144 3638 3347 3693 Christi
3388 3640 3477 3703 70,
3514 3641 3667 3697 Junii

2084 3723 2194 3778 fere
2222 3739 2376 3779 xvm.
2411 3724 2573 3793 Atqui
2619 3723 2940 3793 jamdudum
2970 3726 3221 3784 Vitellius
3259 3731 3488 3785 obierat.
3539 3732 3671 3787 Fal-

2082 3831 2201 3870 sum
2225 3824 2310 3870 est
2347 3817 2511 3885 igitur
2554 3816 2743 3870 tandiu
2793 3813 3017 3873 Galbam
3059 3836 3123 3876 ac
3178 3823 3449 3878 Vitellium
3484 3825 3669 3895 impe-

2082 3924 2254 3964 rasse.
2311 3908 2608 3964 Suetonius
2655 3906 2928 3963 Vitellium
2969 3914 3043 3964 ait
3090 3922 3277 3968 natum
3318 3930 3443 3970 esse
3482 3915 3671 3973 Druso

2081 4011 2134 4058 et
2171 4000 2424 4057 Norbano
2445 4017 2612 4067 coss.,
2645 4002 2793 4071 Sept.
2834 4021 2931 4067 vn,
2993 4005 3073 4059 vel
3116 4022 3261 4061 xxrv.
3289 4009 3341 4062 Is
3366 4017 3452 4077 est
3479 4024 3669 4068 annus

404 4103 525 4148 suis
556 4095 771 4151 duobus
813 4096 992 4154 sexus
1019 4065 1188 4165 cos's”
1221 4115 1366 4155 anno
1398 4100 1726 4173 Dionysiano
1758 4065 1982 4175 “,upc-
2007 4065 2049 4122 Ο
2082 4092 2310 4148 Juliana:
2365 4092 2550 4147 Ioruue
2600 4094 2689 4156 60,
2715 4093 2918 4151 Christi
2955 4096 3037 4150 15.
3077 4097 3311 4154 l’eriisse
3339 4116 3467 4155 vero
3515 4119 3669 4157 anno

409 4186 543 4239 riodi
573 4186 799 4242 Iuliana:
824 4188 981 4253 4727,
1012 4206 1099 4244 xiv
1128 4190 1245 4244 Kal.
1276 4190 1449 4260 Sept.,
1485 4203 1543 4246 ut
1565 4195 1640 4248 ait
1665 4194 1976 4251 Suetonius.

407 4275 659 4332 'l‘iberius
697 4293 826 4332 vero
853 4280 1082 4333 moritur
1113 4297 1221 4334 xvu
1266 4281 1495 4337 Kalend.
1523 4285 1780 4354 Apr.,Cn.
1816 4287 1981 4341 Acer-

410 4368 564 4421 ronio
596 4368 825 4422 Proculo
848 4376 902 4423 et
929 4369 990 4424 C.
1022 4370 1216 4425 Pontio
1247 4388 1418 4439 coss.,
1455 4388 1599 4428 anno
1652 4375 1981 4447 Dionysiano

406 4458 496 4519 57,
525 4474 638 4527 per.
672 4456 780 4514 Jul.
808 4460 967 4516 4750.
1003 4459 1349 4518 Intervallum
1392 4481 1659 4521 annorum
1695 4484 1829 4533 χιιι,
1859 4470 1979 4526 die—

409 4564 528 4603 rum
551 4564 696 4614 ccnx,
732 4551 834 4606 hoc
864 4559 949 4606 est
983 4555 1249 4609 mensium
1291 4556 1402 4611 fere
1446 4573 1541 4610 vn.
1583 4558 1738 4624 Quod
1768 4568 1982 4632 tempus

404 4648 492 4695 est
517 4638 789 4696 Tiberiani
823 4643 1054 4713 imperii.
1085 4644 1194 4703 Nec
1221 4657 1363 4702 recte
1394 4646 1492 4702 Dio
1518 4648 1816 4718 imperasse
1845 4654 1982 4709 scri-

408 4733 487 4787 bit
518 4742 714 4804 przetcr
742 4751 916 4792 annos
948 4753 1081 4801 χιιι,
1116 4754 1330 4795 menses
1357 4756 1454 4803 vu,
1488 4756 1553 4793 ac.
1580 4740 1696 4797 dies
1731 4744 1975 4799 totidem.

410 4824 543 4879 Nam
585 4827 701 4882 dies
740 4842 862 4881 ccux
909 4845 1032 4883 cum
1063 4833 1481 4888 excurrentibus
1516 4833 1649 4889 iisce
1698 4837 1977 4892 mensibus

408 4931 475 4970 ac
504 4917 715 4981 diebus,
746 4934 923 4987 neque
948 4919 999 4972 in
1021 4918 1234 4976 Iuliana
1268 4924 1463 4988 forma,
1494 4940 1671 4995 neque
1694 4926 1747 4979 in
1778 4927 1975 4991 lunari,

411 5018 506 5063 aut
536 5009 855 5080 Egyptiaca
881 5011 1155 5080 aquuari
1194 5024 1444 5082 possunt.

481 5099 662 5165 Γάιος
687 5103 790 5168 ἔτη
826 5108 892 5171 τ’.
923 5099 1190 5158 Eusebius
1226 5117 1401 5159 annos
1420 5105 1470 5159 ei
1487 5106 1818 5175 tribuittres,
1855 5123 1979 5163 cum

411 5192 695 5247 mensibus
724 5209 754 5246 x
781 5210 800 5262 ς
832 5193 931 5247 Dio
963 5208 1136 5248 annos
1162 5209 1243 5256 ιιι,
1268 5209 1486 5252 menses
1514 5210 1590 5261 ix,
1621 5197 1740 5253 dies
1771 5214 1976 5265 xxvm;

412 5280 708 5337 Suetonius
759 5295 974 5337 incuses
1006 5296 1073 5343 ι,
1103 5280 1221 5336 dies
1258 5297 1373 5337 vm.
1424 5282 1506 5338 Ab
1536 5290 1664 5338 ante
1702 5284 1843 5340 diem
1887 5300 1976 5339 xvi

2083 4190 2258 4243 {etatis
2288 4202 2398 4241 LVII
2426 4201 2442 4251 ;
2468 4186 2613 4256 quod
2640 4194 2694 4241 et
2718 4185 2941 4243 Tacitus
2972 4204 3038 4242 co
3062 4209 3071 4240 ι
3099 4192 3311 4258 prohat.
3340 4190 3396 4245 Si
3430 4192 3539 4248 hoc
3573 4211 3665 4250 ve-

2084 4296 2203 4335 rum
2234 4287 2339 4343 est,
2365 4278 2481 4331 iniit
2522 4294 2698 4333 anuus
2734 4279 2851 4347 ejus
2885 4295 2989 4334 Lvu
3048 4278 3265 4336 Juliauo
3304 4283 3422 4348 116,
3447 4282 3666 4339 Christi

2086 4377 2171 4430 7i.
2200 4374 2357 4441 Quod
2396 4373 2439 4427 si
2476 4376 2595 4442 post
2633 4371 2856 4426 Kalend.
2884 4370 3006 4426 Jan.
3040 4372 3197 4433 obiit.
3241 4373 3469 4444 contigit
3506 4391 3665 4430 mors

2082 4465 2203 4536 ejus
2252 4464 2453 4520 Christi
2498 4463 2588 4517 72.
2635 4464 2794 4533 Atqui
2838 4461 3158 4533 Vespasiani
3205 4464 3419 4518 initium
3460 4466 3665 4521 incidit

2085 4556 2142 4612 in
2171 4557 2372 4612 Christi
2406 4555 2496 4617 69.
2519 4554 2936 4618 Julianumll‘,
2971 4566 3029 4608 ut
3065 4558 3225 4625 paulo
3262 4564 3385 4624 post
3419 4555 3663 4613 dicetur.

2085 4646 2277 4705 Verior
2310 4654 2395 4701 est
2450 4648 2635 4715 itaque
2690 4645 2880 4701 Dionis
2940 4646 3188 4713 historia,
3248 4648 3341 4716 qui
3380 4646 3664 4702 Vitellium

2085 4753 2230 4792 anno
2266 4737 2442 4791 aetatis
2495 4750 2583 4791 Liv
2615 4743 2891 4789 mortuum
2940 4750 3060 4789 esse
3113 4735 3325 4791 scribit.
3367 4736 3480 4791 lloc
3513 4741 3664 4792 enim

2084 4828 2246 4883 modo
2278 4828 2333 4881 in
2375 4840 2580 4880 annum
2640 4826 2845 4882 Christi
2883 4825 2972 4891 69,
3025 4825 3303 4881 Iulianum
3351 4826 3474 4891 111,
3511 4844 3666 4884 mors

2084 4917 2230 4972 illius
2273 4915 2585 4971 incurrerit.
2629 4915 2735 4970 Sed
2796 4916 2962 4969 trium
3005 4915 3221 4970 illorum
3265 4915 3666 4985 imperatorum

2083 5018 2193 5062 tam
2217 5007 2392 5073 initia,
2432 5022 2595 5077 quam
2618 5006 2801 5061 exitus
2833 5005 3154 5076 perobscuri
3183 5014 3331 5073 sunt,
3355 5005 3424 5062 de
3454 5007 3666 5076 quibus

2084 5098 2218 5154 alias
2237 5100 2577 5155 enucleatius
2610 5106 2825 5168 agetur.

2156 5189 2612 5253 Οὐεσπασιανὸς
2660 5189 2765 5257 ἐτη
2801 5190 2867 5244 0'.
2929 5185 3197 5245 Eusebius
3243 5196 3437 5258 praeter
3479 5202 3665 5247 annos

2086 5282 2333 5347 totidem,
2370 5282 2558 5338 tribuit
2589 5295 2804 5337 menses
2821 5288 3079 5350 praeterea
3107 5294 3182 5344 χι,
3220 5280 3339 5335 dies
3371 5295 3516 5343 xxu;
3555 5296 3667 5335 nec

409 5369 637 5427 Kalend.
670 5374 798 5443 Apr.
824 5388 932 5443 quo
971 5372 1257 5443 imperium
1297 5374 1441 5441 iniit,
1472 5388 1614 5431 anno
1645 5374 1972 5447 Dionysiauo
2015 5390 2057 5444 [ι
2092 5375 2246 5445 longe
2284 5372 2438 5428 abest
2478 5371 2599 5437 Dio,
2665 5371 2758 5442 qui
2802 5372 3104 5441 imperasse
3151 5371 3346 5427 scribit
3390 5385 3564 5424 annos
3604 5384 3660 5432 ι,

413 5476 618 5524 xxxvii,
657 5464 724 5519 ad
758 5482 809 5519 ix
845 5465 962 5520 Kal.
992 5463 1149 5521 Febr.
1183 5454 1309 5522 anni
1341 5468 1431 5533 41,
1471 5483 1580 5538 quo
1626 5469 1982 5538 interemptus

412 5557 496 5603 est
530 5550 715 5616 Caius,
747 5555 871 5608 anni
914 5564 1040 5609 sunt
1077 5556 1232 5611 solidi
1261 5572 1338 5618 ιιι,
1371 5572 1493 5611 cum
1531 5558 1724 5614 diebus
1753 5572 1939 5613 cccxw
1970 5577 1979 5611 :

413 5630 529 5694 sive
577 5644 853 5701 mensibus
878 5645 1109 5703 Julianis
1152 5665 1181 5701 χ
1215 5664 1336 5702 tum
1369 5649 1559 5704 diebus
1598 5664 1711 5703 vm.

2087 5464 2271 5519 minus
2334 5464 2527 5519 diebus
2575 5479 2647 5518 νι.
2706 5463 3003 5518 Suetonius
3048 5470 3239 5516 natum
3294 5476 3417 5517 esse
3476 5462 3665 5530 prodit

2089 5556 2477 5625 Vespasianum
2537 5573 2601 5608 xv
2642 5553 2869 5609 Kalend.
2906 5552 3157 5610 Deccmb.
3185 5551 3249 5618 Q.
3294 5553 3523 5622 Sulpitio
3560 5551 3663 5609 Ca-

2085 5648 2312 5707 merino,
2339 5645 2395 5699 C.
2430 5646 2643 5715 I'oppco
2667 5645 2868 5698 Sabino
2907 5661 3072 5709 ross.,
3095 5643 3468 5713 quinquennio
3503 5651 3664 5695 autc-
