1974 3098
135 23 170 51 5“
587 18 629 44 DE
646 18 864 46 ROMANORUII
887 20 974 49 ISII‘P.
996 18 1253 48 CIIRONOLOGIA.

1691 23 1744 50 {id}

131 85 197 115 quam
219 77 355 110 Augustus
384 75 537 102 excuderet.
563 74 613 101 llic
626 79 669 101 est
687 82 776 102 annus
795 74 894 111 Diony-
910 80 930 105 Α
946 85 1018 104 anno
1033 78 1066 105 58
1083 78 1194 104 ineunte
1206 75 1347 107 Januario,
1367 83 1430 102 cum
1458 76 1548 103 adlmc
1563 76 1621 103 Caii
1639 77 1743 111 primus

128 126 210 152 sianus
220 122 246 150 9.
261 121 341 148 Addit
355 120 456 148 vixisse
475 128 562 148 annos
581 127 656 151 thx,
678 128 788 148 menses
805 128 851 152 vn,
869 129 901 148 ac

125 171 176 198 dies
189 177 232 196 vn.
247 167 297 201 Qui
323 174 337 193 ιι
363 166 525 193 Novembris
541 173 595 192 xvn
609 166 653 192 die
668 166 732 192 anni
749 167 815 193 noni
826 174 902 193 com-

125 215 212 250 putati,
235 213 364 241 desinunt
390 212 417 238 in
446 216 509 238 ante
534 211 606 237 diem
621 219 648 237 Ix
674 211 788 238 Kalend.
804 210 900 243 Julias,

125 261 176 287 sive
184 267 245 286 xxttt
259 258 343 290 Junii,
362 264 418 292 quo
439 256 483 284 die
501 257 657 284 exstinctus
673 257 707 283 ab
723 257 819 284 eodem
833 257 902 284 dici-

124 309 173 336 tur,
192 304 252 331 anni
268 303 371 330 Christi
389 302 433 333 τυ,
450 302 553 329 .Inliani
569 303 628 329 ru.
648 302 731 337 Igitur
743 309 815 329 anno
827 303 903 329 Chri—

125 350 157 376 sti
169 349 200 376 79
228 354 353 375 mortuus
381 352 422 375 cst
445 346 645 381 Vespasianus.
667 346 726 373 .Iam
750 355 814 374 vero
840 355 902 374 cum

124 393 220 428 imperii
239 393 346 428 primus
360 393 419 420 dies
436 400 470 419 cx
490 392 523 418 Α.
548 391 579 418 ι).
598 391 713 419 Kalend.
733 391 788 418 Jul.
808 400 903 419 nume-

124 437 171 464 rari
182 440 286 471 emptus
298 436 345 467 sit,
359 436 455 463 eodem
471 439 584 462 auctore
601 434 744 466 Suetonio,
754 443 786 462 ac
797 435 900 465 decent.

123 482 209 517 paucis
226 482 349 516 exceptis
369 480 479 509 diebus.
500 488 587 507 annos
608 480 778 514 impleverit;
797 481 819 507 si
831 488 903 506 anno

121 527 216 555 Christi
233 527 267 554 79
280 526 419 554 aKalend.
436 525 516 553 Juliis
531 526 650 553 initurus
662 526 744 553 fuerit
759 533 847 553 annus
864 534 902 559 ιιι,

121 573 218 607 primus
229 571 390 606 Vespasiani
403 579 493 598 annus
511 571 656 598 inchoatus
671 576 714 598 est
735 579 807 598 anno
822 571 902 598 Chri-

121 616 153 643 sti
176 615 218 647 69,
239 615 351 642 Juliano
366 615 431 648 tu,
443 619 504 649 post
518 622 633 646 atuunn,
652 621 679 642 et
696 616 799 649 aliquot
814 615 872 642 dies
888 622 903 641 ει

121 661 228 689 Neronis
251 661 341 689 obitu.
372 661 424 688 Sed
449 661 574 688 Vitellius
591 665 653 695 post
676 661 783 688 initiutn
801 660 904 696 Vespa-

121 708 185 735 siani
198 708 290 742 plures
311 714 421 735 menses
438 708 570 736 traduxit.

955 123 1103 153 laberetur,
1134 129 1223 148 anntts
1249 121 1336 155 ipsius
1352 128 1396 147 LVI
1422 121 1533 155 incipiet
1548 121 1582 147 ab
1604 120 1744 148 Decembti

955 174 1047 194 mense
1073 168 1136 194 anni
1167 167 1212 199 92,
1240 171 1301 201 post
1318 166 1425 193 initium
1442 167 1507 193 anni
1531 175 1568 194 xu
1588 166 1743 193 Domitiani.

954 213 1043 246 Quare
1055 218 1084 240 ιιι
1097 213 1234 240 scribendi
1247 214 1324 239 linem
1337 213 1430 239 fecerit
1448 212 1559 239 Octobri
1574 220 1667 240 mense
1681 214 1744 239 anni

953 260 998 290 93,
1015 259 1041 285 id
1057 259 1187 286 acciderit
1205 266 1277 285 anno
1294 259 1356 285 vita:
1372 265 1429 286 sua:
1446 265 1500 290 Lvt,
1519 258 1663 284 Domitiani
1680 266 1746 285 vero

955 311 1013 329 xui.
1030 303 1079 330 Eat
1100 311 1173 330 nunc
1189 310 1250 330 cum
1263 303 1309 329 illo
1317 310 1368 329 suo
1379 303 1589 336 cpipltonemate
1606 302 1743 336 Scaliger:

956 350 1000 376 Ita
1015 351 1130 386 quotidie
1145 350 1318 384 periclitando
1330 350 1409 385 ﬁdem
1419 356 1516 377 nostra:
1532 350 1658 382 met/todi,
1677 350 1743 376 alic-

955 404 1001 421 nos
1017 403 1117 422 errores
1131 395 1357 428 deprehendimus.

996 441 1047 467 Ἐν
1081 441 1176 473 τούτῳ
1199 441 1239 472 τῷ
1271 442 1381 474 χρόνῳ.
1416 440 1499 466 Valde
1526 441 1666 473 ἰδιωτικῶς
1695 442 1746 469 hoc

954 487 1023 513 dixit
1051 486 1229 521 Epiphanius,
1261 486 1315 512 Titi
1344 490 1465 520 tempore
1494 486 1746 523 Hierosolymorum

954 531 1089 558 t-xcidiutn
1122 531 1261 558 incidisse.
1300 531 1378 564 Quod
1402 532 1528 559 excusari
1552 533 1644 567 aliqtto
1665 535 1747 560 modo

956 579 1054 609 potest.
1077 580 1106 602 ut
1130 575 1292 607 πλατυκῶς,
1312 577 1360 602 Itoc
1373 581 1498 610 tempore,
1515 577 1540 603 id
1556 582 1598 603 est
1614 578 1665 604 sub
1687 578 1747 606 istis

956 621 1187 655 imperatoribus.
1211 629 1307 655 nempe
1327 621 1379 647 sub
1398 620 1578 656 Vespasiano.
1600 623 1748 658 contigisse

956 666 1035 696 velit;
1050 674 1112 692 natu
1129 665 1290 700 Vespasiani
1312 674 1384 693 anno
1401 667 1523 693 secundo
1534 674 1550 693 a
1562 667 1624 694 'I‘ito
1641 672 1748 694 vastata

956 716 1021 738 sunt
1033 712 1237 746 Hierosolyma:
1254 716 1284 738 ut
1297 712 1367 738 inter
1380 716 1494 739 ca-teros
1503 712 1604 739 diserte
1613 712 1748 747 Just-phus

154 756 231 789 Τίτος
241 756 294 789 ἐτη
306 756 372 782 δύο.
400 755 501 782 Praeter
520 756 659 783 biennium
683 756 807 791 duosque
829 763 904 783 mcn-
920 746 940 773 Π
956 757 1072 784 allii-mat
1088 758 1134 784 lib.
1154 765 1191 789 vt,
1215 766 1275 792 cap.
1291 758 1342 790 27;
1373 758 1498 790 alterunt,
1523 759 1594 793 qttod
1614 746 1747 793 sequitur.

121 809 170 833 ses,
183 801 328 836 imperavit
346 801 444 835 viginti
460 805 592 835 praeterea
606 801 680 834 dies;
700 808 762 827 nam
777 805 904 828 mortuus

121 850 157 874 est
168 846 203 874 Id.
218 846 308 881 Sept..
324 846 377 873 hoc
390 852 432 874 est
446 854 493 873 xnt
505 846 550 874 die
568 847 689 878 mensis;
703 847 802 881 quibus
818 847 903 874 additi

124 898 219 926 septem
236 892 343 920 residui
356 892 390 919 de
407 890 489 919 Junio
510 892 575 918 anni
594 892 637 924 79,
659 892 718 919 dies
730 892 824 927 viginti
837 900 903 919 con-

124 938 210 964 licinnt
221 944 307 972 supra
322 936 474 970 biennium,
485 943 512 965 et
524 945 631 964 menses
640 938 719 964 duos.
729 936 804 964 Obiit
815 937 904 971 itaque

122 991 186 1011 anno
201 983 307 1011 Christi
328 983 373 1015 8i,
387 983 496 1011 Juliano
514 984 575 1010 126.
592 982 670 1010 Unde
687 983 795 1009 initium
813 982 904 1010 Domi-

122 1030 181 1056 tiani
206 1029 363 1064 consurgit.
394 1029 580 1064 Castigandus
601 1036 666 1056 vero
684 1033 726 1056 est
746 1028 903 1064 Eutropius,

121 1074 163 1110 qui
183 1082 292 1102 menses
309 1078 384 1107 oeto,
399 1074 458 1102 dies
475 1074 572 1109 viginti
593 1082 675 1109 supra
695 1074 835 1101 biennium
852 1074 904 1101 iut-

122 1126 200 1156 putat.

152 1167 323 1202 Δομιτιανὸς
330 1165 383 1199 ἐτη
394 1165 436 1192 ιε’.
451 1164 591 1196 Mendosc,
604 1169 633 1191 ut
645 1169 671 1192 et
681 1164 823 1194 Eusebius.
833 1164 905 1199 quod

123 1211 152 1238 ad
163 1219 266 1239 menses
278 1211 446 1245 attinet,pr0
458 1210 560 1244 quibus
570 1210 660 1237 scribe
676 1210 781 1245 ἡμέρας
799 1209 904 1236 e'.Nam

122 1258 255 1293 imperavit
277 1257 362 1285 annis
386 1257 559 1292 quindecim,
591 1257 688 1284 diebus
715 1257 847 1291 quinque,
869 1256 906 1282 ait

123 1303 176 1332 Dio.
199 1304 352 1332 Suetonius
369 1309 396 1331 et
427 1303 573 1338 Eutropius
593 1311 666 1330 anno
686 1303 781 1337 quinto
801 1302 906 1329 decimo

125 1348 224 1384 Imperii
239 1352 381 1376 mortuum
394 1354 455 1375 esse
476 1352 598 1375 narrant.
617 1349 639 1374 A
655 1355 699 1374 xnv
710 1348 754 1374 die
768 1347 904 1382 Septemb.

123 1394 245 1428 postridie
259 1397 346 1429 quam
375 1393 454 1420 Titus
481 1397 650 1424 excesserat,
669 1393 702 1420 ad
729 1401 772 1419 xiv
790 1392 903 1419 Kalend.

121 1438 235 1473 ‘Jctobr.,
249 1439 306 1467 hoc
321 1442 363 1467 est
379 1440 412 1466 ad
427 1447 493 1466 xvut
524 1440 676 1474 Septemb"
693 1447 748 1474 quo
762 1439 806 1466 die
821 1439 906 1465 intctu

122 1483 202 1513 iectus
210 1489 253 1513 est
265 1485 452 1517 Domitianus,
467 1484 526 1511 dies
540 1489 603 1511 sunt
625 1492 684 1515 sex,
699 1484 811 1511 excluso
832 1490 903 1510 mor-

122 1529 154 1557 tis
165 1530 218 1559 die.
232 1529 363 1558 Totidem
378 1530 450 1557 ultra
468 1530 572 1557 solidos
586 1537 676 1556 annos
690 1533 844 1556 excurrere
858 1537 906 1556 ne-

121 1581 256 1609 cesseest,
272 1583 330 1603 non
355 1583 463 1603 menses
483 1575 576 1604 diesve
601 1576 705 1610 plures.
731 1575 765 1601 At
784 1574 906 1609 Scaliger

122 1620 164 1649 lib.
176 1629 192 1649 ν
205 1620 242 1649 Da
255 1622 448 1656 emenddsmp.
464 1620 658 1649 Domitianum.
672 1624 767 1647 contra
784 1628 907 1647 contulit-

121 1673 176 1694 nem
189 1667 315 1694 omnium
325 1667 499 1698 sententiam,
510 1674 598 1693 annos
608 1667 741 1693 duntaxat
759 1665 907 1700 imperasse

122 1714 191 1745 putat.
211 1711 422 1747 quatuordecitn
449 1719 512 1738 cum
537 1711 634 1739 diebus
654 1711 785 1745 quinque,
809 1714 837 1737 ct
860 1710 905 1745 qui

120 1756 191 1785 aliter
201 1761 340 1789 statuant,
363 1757 455 1785 minus
468 1765 515 1785 eos
526 1757 674 1792 prudenter
689 1757 778 1784 facere
791 1757 904 1791 judicat.

121 1801 172 1830 Illo
185 1811 253 1831 vero
268 1810 369 1839 parum
388 1803 434 1830 ille
461 1810 528 1830 sane
547 1803 706 1837 prudenter.
724 1802 817 1836 Neque
833 1801 905 1829 enim

119 1849 328 1884 negari’ﬁtest,
356 1849 423 1883 quin
448 1847 619 1875 Domitianus
644 1855 732 1875 annos
750 1847 905 1882 quindecim

120 1894 277 1929 expleverit,
295 1902 330 1922 ac
349 1894 383 1922 de
398 1900 476 1921 sexto
490 1894 596 1922 deciate
614 1901 716 1928 paucos
732 1893 789 1920 dies
807 1893 907 1920 libave-

120 1938 221 1972 rit;vel
249 1939 372 1975 ipsumet
392 1943 505 1966 auctore
525 1939 675 1973 Scaligero.
695 1937 812 1966 Occisus
834 1937 906 1965 enim

119 1985 159 2011 est
178 1983 211 2011 C.
226 1982 347 2012 Valente
364 1987 392 2010 et
419 1983 539 2011 Antistio
558 1982 655 2010 Vetere
676 1989 762 2013 coss,
778 1981 907 2016 Eutropio

118 2031 143 2055 et
164 2027 310 2064 Xiphilino
325 2029 454 2060 testibus.
469 2033 499 2056 ut
513 2032 541 2056 et
556 2028 676 2063 Scaliger
699 2028 726 2054 in
747 2027 907 2056 Eusebianis

954 804 1158 830 excusationem
1175 811 1283 830 onmem
1299 804 1438 831 excludit:
1466 805 1594 831 nimirum
1616 806 1750 832 accidisse

955 848 1058 874 cladem
1086 848 1159 874 illam
1187 852 1249 881 post
1275 855 1375 874 annum
1402 855 1416 874 a
1433 848 1564 875 Passione
1582 849 1686 875 [tonuiui
1702 850 1749 881 65,

955 901 1017 920 cun
1037 893 1134 920 diebus
1163 893 1277 927 aliquot.
1309 893 1391 928 Atqui
1409 893 1544 921 Eusebius
1561 895 1586 920 in
1608 894 1748 926 Chronico,

955 946 970 965 a
985 940 1081 973 quinto
1098 938 1205 973 decimo
1220 947 1292 965 anno
1312 938 1427 971 Tiberii,
1443 943 1470 966 et
1487 940 1522 966 ab
1537 941 1649 983 cxordip
1664 948 1748 967 evan-

955 985 1047 1018 gelicae
1060 985 1265 1019 praedicationis
1290 992 1377 1012 annos
1398 992 1452 1011 XLII
1467 986 1575 1020 elapsos
1593 994 1653 1013 esse
1666 986 1748 1016 dicit;

956 1030 1025 1056 libro
1038 1037 1100 1057 vero
1110 1037 1139 1056 ιιι
1152 1030 1234 1059 Ηίει..
1248 1038 1308 1064 cap.
1319 1031 1344 1062 7,
1362 1038 1376 1056 a
1390 1029 1520 1058 Passionc
1536 1030 1643 1058 Domini
1660 1039 1749 1058 annos

957 1074 1060 1102 solidos
1073 1083 1116 1101 XL.
1135 1075 1221 1108 Quem
1239 1077 1327 1102 locum
1341 1077 1443 1103 frustra
1460 1076 1487 1102 in
1504 1077 1750 1103 animadversioni-

957 1120 1007 1146 bus
1024 1119 1185 1148 Euscbianis
1202 1121 1378 1156 interpolavit
1392 1122 1530 1156 Scaliger:
1556 1126 1583 1150 et
1603 1127 1747 1158 postquam

958 1164 1141 1193 Eusebianum
1163 1167 1188 1193 in
1207 1171 1366 1194 contextum
1389 1168 1471 1195 verba
1488 1168 1613 1202 quaedam
1628 1169 1749 1199 intrusit,

957 1219 1017 1245 qua}
1033 1211 1129 1238 falsam
1148 1213 1312 1239 sententiam
1336 1214 1528 1248 exprimerent,
1547 1215 1572 1240 in
1594 1214 1750 1245 Eusebium,

956 1257 1035 1290 quasi
1051 1257 1112 1290 ejus
1129 1261 1280 1289 auctorem,
1297 1259 1397 1293 stylum
1413 1260 1555 1286 convertit.
1578 1260 1682 1287 Etenim
1701 1260 1750 1286 lib.

958 1302 1003 1328 illo
1027 1310 1056 1328 ιιι
1080 1302 1113 1329 de
1133 1302 1382 1338 Ilierosolymitana
1403 1304 1480 1331 clade
1505 1306 1644 1333 scribens.
1659 1306 1750 1332 Ταῦτα.

956 1347 1001 1378 δὲ,
1025 1347 1128 1382 inquit,
1152 1348 1185 1374 ἂν
1207 1348 1249 1382 εἴη
1270 1348 1372 1375 δίκαιον
1391 1349 1540 1381 ἐπιθεῖναι,
1568 1349 1705 1383 ἃγὲνοιτο
1718 1351 1750 1377 ὃν

958 1393 1148 1427 παραστατικὰ
1159 1392 1363 1428 φιλανθρωπίας
1374 1394 1424 1429 τῆς
1437 1395 1597 1429 παναγάηου
1609 1396 1749 1430 πρθνοῖας,

957 1438 1163 1473 τεσσαράκοντα
1178 1439 1221 1474 ἐφ’
1238 1439 1309 1470 ὅλοις
1325 1439 1398 1465 ἔτεσι
1415 1440 1483 1475 μετὰ
1498 1441 1548 1475 τὴν
1563 1441 1681 1476 Χριστοῦ
1689 1442 1750 1467 τό).-

960 1493 1011 1519 μαν
1033 1484 1078 1510 τὸν
1107 1485 1166 1511 κατ’
1183 1485 1272 1511 αὐτῶν
1293 1485 1404 1520 ὄλεθρον
1428 1486 1662 1521 ὑπερτιθεμένηςο
1687 1488 1751 1513 Ila'c

958 1533 1107 1567 adjicienda
1125 1533 1216 1559 merito
1232 1536 1311 1562 sunt;
1326 1538 1358 1558 ea;
1371 1531 1463 1566 quibus
1479 1532 1585 1564 optima:
1599 1532 1672 1559 illitis
1689 1540 1751 1566 pros

958 1579 1078 1606 t-identiw
1094 1578 1240 1613 benignitas
1258 1582 1399 1611 appareat,
1427 1585 1484 1610 qua:
1501 1578 1562 1604 totis
1573 1577 1751 1612 quadraginta

958 1625 1034 1651 armis
1050 1629 1108 1658 post
1127 1624 1296 1650 commissum
1315 1624 1341 1649 in
1365 1622 1500 1650 Christum
1521 1623 1624 1657 faciatis
1642 1624 1749 1650 illarum

957 1670 1066 1696 exitium
1084 1669 1199 1695 distulit.
1229 1668 1278 1694 llic
1293 1668 1417 1694 mendam
1434 1675 1497 1695 csse
1513 1668 1670 1702 suspicatur
1683 1667 1735 1694 Sca

958 1714 1035 1747 ligor,
1045 1717 1072 1740 et
1082 1713 1191 1748 quidem
1207 1712 1430 1742 vetustissimam,
1443 1719 1504 1746 qua)
1521 1717 1547 1738 ct
1564 1713 1722 1746 agnoscitur
1737 1722 1750 1738 a

958 1759 1066 1786 Ilulino.
1078 1758 1144 1784 Nam
1156 1763 1218 1792 post
1232 1758 1274 1792 ἐφ’
1285 1758 1367 1789 ὅλοις,
1381 1757 1476 1784 deesse
1489 1757 1544 1783 vult
1557 1757 1682 1788 δυσίν,ιιι
1696 1765 1749 1784 tht

958 1812 1044 1831 annos
1057 1803 1210 1830 aPassione
1227 1803 1338 1830 [luxisse
1353 1802 1496 1836 scripserit
1508 1802 1654 1829 Eusebius.
1669 1803 1749 1832 Tum,

959 1849 1085 1883 Oportet,
1108 1848 1213 1883 inquit,
1232 1848 1307 1875 valde
1325 1848 1352 1874 in
1376 1847 1539 1874 llellcuisma
1559 1848 1669 1874 tironem
1684 1856 1750 1876 cur.

958 1894 1002 1928 qui
1018 1901 1069 1920 non
1086 1892 1171 1919 videat
1186 1900 1321 1932 numerum
1340 1892 1427 1918 deesse
1443 1892 1469 1918 in
1484 1891 1532 1917 illa
1547 1892 1654 1921 lacuna.
1671 1900 1751 1926 quam

958 1940 1120 1973 reliquimus.
1134 1938 1168 1965 At
1181 1945 1230 1972 ego
1242 1937 1319 1965 valde
1333 1937 1455 1973 κακοήθη
1468 1942 1594 1972 oportere
1604 1938 1679 1964 illunt
1691 1946 1751 1965 csso

960 1986 1033 2018 dico,
1046 1985 1093 2019 qui
1109 1984 1291 2019 scriptoribus
1308 1984 1431 2019 antiquis
1446 1984 1537 2011 invitis
1552 1991 1584 2011 ac
1601 1985 1751 2010 reclaman-

960 2031 1033 2059 tibus
1057 2038 1122 2058 suos
1138 2037 1247 2058 errores
1267 2030 1377 2065 attingat
1389 2051 1396 2063 ,
1420 2038 1482 2057 nam
1499 2030 1565 2065 quid
1584 2030 1637 2057 ista
1652 2029 1752 2064 depra—

119 2075 190 2103 satis
212 2074 330 2103 asserit.
357 2074 459 2101 Ilurum
484 2082 550 2102 vero
564 2074 724 2101 consulatus
740 2074 857 2101 incurrit
880 2073 904 2100 in

960 2077 1069 2104 vatione
1085 2083 1155 2110 opus
1173 2076 1232 2103 est?
1246 2076 1339 2103 Annos
1365 2080 1439 2104 totos
1458 2083 1491 2103 xt.
1507 2083 1522 2103 a
1542 2076 1671 2104 Passione
1685 2076 1752 2103 dila-

118 2126 216 2150 allutn
229 2121 315 2150 Urbis
334 2129 368 2149 ex
395 2120 565 2148 Varroniana
582 2120 774 2155 supputatione
786 2120 848 2149 849.
866 2127 906 2154 pe-

118 2164 316 2195 lilllnulisna
332 2167 413 2197 £809.
431 2166 535 2194 Christi
548 2166 593 2197 96,
605 2165 742 2193 lulianum
757 2166 817 2197 HI,
830 2166 906 2200 cyclo

118 2208 187 2244 11η
213 2220 246 2242 ιι.
274 2213 318 2242 Ab
334 2220 406 2240 anno
429 2212 533 2241 Christi
553 2212 598 2245 8|,
616 2217 643 2240 et
656 2219 701 2238 xtv
714 2211 758 2238 die
782 2211 857 2246 Sept.
872 2211 905 2238 ad

118 2262 183 2287 mu
214 2260 296 2294 Sept.
329 2259 392 2287 anni
420 2259 456 2287 96
486 2259 552 2287 anni
571 2263 636 2286 sunt
655 2259 823 2294 quindecim,
848 2257 906 2285 dies

118 2303 248 2340 aliqua.
262 2303 346 2332 Errat
358 2305 471 2339 insuper
488 2303 621 2339 Scaliger,
639 2303 704 2330 dum
718 2311 745 2338 p.
756 2303 808 2330 476
830 2302 906 2329 lose-

117 2349 200 2383 βσ-
208 2350 311 2386 πυτιιῆ
321 2358 331 2383 ς
343 2350 391 2386 qui
403 2351 431 2377 in
439 2350 493 2378 line
503 2350 554 2385 τῆς
575 2349 800 2384 Ἀρχαιολογίας
815 2352 906 2375 natum

118 2393 310 2424 “manu
316 2396 404 2432 primo
409 2395 469 2424 Caii
478 2404 486 2429 ;
498 2400 581 2430 atque
588 2403 657 2430 opus
665 2402 745 2422 suum
757 2394 907 2422 absolvisse

119 2436 190 2470 αὖ
213 2442 270 2470 ius
297 2441 455 2474 Domitiani,
469 2442 560 2470 astatis
586 2448 643 2470 sum
665 2449 718 2468 ut.
737 2441 797 2476 Ipse
817 2444 906 2468 autent

119 2486 265 2517 η...
294 2488 387 2516 minus
407 2487 512 2516 dixisse
532 2486 681 2521 Josepltum
709 2486 847 2514 existimat
863 2489 908 2513 τοι

118 2529 277 2560 παῦσε
294 2532 422 2562 debuisse
439 2540 596 2562 numerare.
614 2532 643 2560 In
661 2541 715 2568 quo
741 2531 844 2559 frustra
856 2538 907 2560 est.

115 2574 294 2608 “till.
303 2577 363 2608 Iniit
376 2587 448 2608 anno
458 2579 559 2607 Christi
572 2579 615 2612 57,
628 2579 751 2608 Januarii
766 2585 844 2611 xxtv;
858 2577 909 2605 Do-

319 2623 442 2652 ἁκεῖ-ιιι
453 2624 551 2656 tonius
564 2624 647 2659 cepit
661 2632 733 2654 anno
743 2623 848 2652 Christi
864 2622 908 2655 93,

122 2665 441 2706 «humana-ti.
467 2668 612 2704 Fingamus
640 2679 733 2703 natum
744 2677 810 2700 esse
833 2667 910 2697 Just:—

119 2710 306 2747 ’ματη-ι
321 2713 380 2751 ἤδη
401 2713 436 2742 31
457 2713 566 2746 Christi,
582 2714 722 2752 Deccmbri
743 2723 850 2747 mcnsc.
869 2715 908 2742 vel

612 2805 626 2815 ι

11 2769 385 3004 μ

958 2127 1012 2149 tam
1027 2128 1088 2149 esse
1103 2121 1206 2148 cladem
1220 2120 1293 2147 illam
1309 2120 1434 2147 allirmat.
1451 2121 1478 2147 Ιιι
1495 2128 1549 2155 quo
1567 2121 1618 2147 sibi
1634 2120 1753 2147 maxime

958 2170 1159 2193 consentaneus
1175 2170 1226 2192 est.
1242 2164 1271 2192 In
1283 2164 1424 2198 Chronico,
1439 2170 1465 2193 ct
1479 2166 1506 2192 in
1523 2166 1569 2192 lib.
1583 2174 1589 2191 ι
1603 2165 1672 2192 Hist.
1689 2171 1751 2199 cap.

958 2212 1003 2244 10,
1014 2212 1152 2240 Christum
1167 2219 1239 2238 anno
1256 2220 1289 2238 xv
1302 2212 1405 2239 Tiberii
1422 2212 1588 2246 baptisatutn
1604 2219 1677 2242 esse,
1691 2219 1753 2245 pas-

958 2265 1019 2285 sum
1044 2264 1110 2284 vero
1128 2265 1194 2284 xvut
1217 2262 1312 2284 censet
1329 2257 1471 2285 Eusebius.
1501 2258 1541 2284 Aul
1565 2264 1630 2283 xvnt
1647 2256 1750 2283 Tiberii

959 2310 1059 2330 annum
1077 2302 1217 2337 ascriptus
1228 2306 1270 2330 est
1283 2302 1384 2329 Christi
1401 2310 1487 2329 xxxtt.
1500 2303 1535 2329 At
1551 2308 1615 2329 vero
1628 2301 1753 2329 Hieroso-

959 2348 1118 2383 lymitanutn
1134 2348 1271 2375 excidium
1292 2355 1365 2375 anno
1383 2347 1543 2383 Vespasiani
1564 2348 1581 2374 2
1608 2355 1752 2382 compara.

959 2398 1003 2420 tur
1020 2393 1048 2420 in
1066 2392 1220 2420 Eusebiano
1238 2392 1369 2420 Chronico
1392 2401 1455 2420 cum
1481 2400 1553 2420 anno
1577 2392 1681 2420 Christi
1709 2392 1753 2419 7|-

959 2438 1094 2467 Dctractis
1114 2439 1148 2466 de
1165 2439 1209 2472 't'l,
1238 2439 1319 2467 annis
1331 2440 1377 2470 '52.
1406 2439 1503 2474 reliqui
1527 2443 1592 2466 sunt
1609 2438 1653 2465 5t).
1681 2436 1753 2473 Ergo

959 2492 1032 2512 anno
1047 2484 1082 2512 40
1096 2492 1111 2511 a
1128 2484 1271 2517 Passione,
1289 2492 1322 2511 ex
1338 2484 1446 2512 Eusebii
1461 2487 1563 2517 tuente,
1578 2483 1670 2510 diruta
1686 2487 1752 2510 sunt

961 2530 1159 2566 Iliorosulyma.
1200 2531 1262 2559 Ideo
1292 2530 1419 2558 Clemens
1445 2529 1648 2557 Alexandrinus
1673 2529 1720 2556 lib.
1743 2536 1752 2556 ι

961 2576 1073 2607 Strom.,
1095 2576 1143 2610 qui
1170 2583 1242 2604 anno
1255 2583 1288 2603 xv
1309 2575 1412 2603 Tiberii
1439 2574 1598 2602 l’assionem
1619 2574 1750 2609 assignat.

961 2622 1040 2649 annis
1057 2629 1124 2653 χιιι.
1145 2622 1286 2651 mensibus
1308 2622 1398 2650 tribus
1416 2626 1508 2657 postea
1527 2620 1578 2656 τὴν
1591 2620 1692 2647 ἅλωσιν
1707 2627 1752 2647 ac-

961 2668 1064 2696 cidisse
1082 2671 1170 2703 putat.
1190 2667 1368 2703 Epiphanius,
1385 2671 1416 2695 ut
1430 2667 1464 2695 ad
1476 2667 1542 2694 liter.
1559 2666 1590 2694 5t
1610 2670 1751 2694 ostensum

963 2718 1012 2747 cst,
1026 2712 1185 2741 i’assioncm
1211 2714 1239 2740 in
1259 2721 1321 2741 eum
1345 2721 1446 2740 annum
1461 2712 1588 2747 contulit,
1604 2718 1658 2747 quo
1669 2710 1750 2738 'l'ibc-

1725 2853 1864 2954 β,

1668 2994 1674 2995 γ
1711 2955 1766 2987 Jl_
