3948 6196
416 270 524 324 515
622 296 633 308 ι

1551 248 1890 304 APPENDIX
1932 249 2557 309 DISSERTATIONUM.

3563 244 3666 300 ιλιι.

410 369 535 429 rius
561 367 600 421 V
639 377 690 423 et
717 365 949 437 Seianus
991 379 1133 420 coss.
1168 363 1354 417 fuere:
1413 363 1505 433 qui
1538 362 1873 435 Dionysiano
1904 379 1988 418 re-
2017 372 2065 426 Α
2091 364 2245 419 dekai
2291 364 2346 418 in
2376 364 2645 433 Computo
2676 370 2973 432 percenset.
3031 358 3236 414 Scribit
3262 359 3406 414 enim
3443 374 3502 413 se
3523 374 3667 414 anno

412 460 641 531 spondet
666 461 754 513 51.
796 459 931 513 Cum
962 457 1126 526 igitur
1154 455 1286 510 urbs
1309 470 1498 511 eversa
1525 457 1597 510 sit
1619 471 1764 509 anno
1796 456 1993 526 Diony-

414 555 571 608 siano
596 553 682 615 70,
707 566 882 604 annus
906 540 1187 603 Passionis
1212 547 1280 601 ab
1302 548 1516 602 excidio
1540 548 1991 618 quadragesimus

414 652 517 699 est.
559 641 927 710 Corrigendus
958 639 1123 709 igitur
1146 637 1503 707 Epiphanius,
1536 639 1666 693 dum
1695 655 1796 693 va
1818 654 1991 694 annos

416 730 799 786 intercessisse
827 727 999 781 dixit:
1031 725 1178 796 quod
1210 742 1385 796 neque
1419 742 1447 780 a
1470 726 1786 792 Nativitate,
1818 743 1993 798 neque

415 837 446 874 a
473 820 754 882 Passione,
794 816 1028 873 deducto
1050 833 1294 881 numero,
1326 826 1504 887 potest
1541 819 1793 874 obtineri.
1840 818 1993 884 Quod

416 910 483 964 ad
526 925 790 973 mensem,
825 910 1095 979 diemque,
1146 924 1254 978 quo
1308 911 1567 979 templum
1594 917 1648 966 et
1701 911 1831 966 urbs
1863 912 1982 980 ipsa

415 1009 628 1055 vastata
672 1008 831 1065 sunt,
880 1003 1108 1056 attinet:
1171 1001 1414 1070 Scaliger
1460 1001 1553 1055 lib.
1588 1016 1622 1054 v
1663 1000 1741 1054 De
1788 1002 1989 1055 emend.

417 1101 630 1162 statuit,
660 1099 891 1168 Augusti
925 1114 956 1151 ι
998 1098 1255 1167 templum
1296 1098 1579 1151 incensum
1609 1111 1753 1160 esse,
1802 1097 1994 1151 urbem

419 1207 549 1248 vero
575 1190 912 1260 Septembris
936 1205 1054 1254 vni,
1102 1203 1166 1241 ac
1195 1201 1453 1257 praeterea
1484 1186 1673 1241 eodem
1700 1186 1794 1241 illo
1826 1200 1992 1251 anno,

419 1300 512 1339 xw
542 1282 730 1346 Nisan,
778 1282 894 1336 sive
939 1280 1149 1335 Pascha
1200 1281 1255 1333 in
1305 1279 1506 1349 Aprilis
1561 1295 1652 1334 xlv
1694 1279 1992 1345 incidisse;

417 1375 565 1446 quod
590 1374 660 1428 ob
693 1372 1007 1427 methodum
1041 1386 1197 1427 suam
1231 1371 1705 1426 accommodatum
1738 1385 1862 1425 esse
1892 1370 1995 1423 mi-

418 1465 573 1519 riﬁce
602 1464 927 1532 triumphat.
975 1461 1079 1516 Sed
1135 1463 1251 1516 hac
1295 1462 1477 1516 omnia
1510 1462 1993 1515 hallucinationum

418 1562 474 1609 et
495 1554 833 1607 somniorum
878 1554 1037 1623 plena
1068 1561 1215 1609 sunt.
1276 1551 1409 1605 Nam
1439 1551 1585 1622 quod
1611 1552 1677 1605 de
1706 1550 1873 1606 Nisan
1904 1549 1997 1605 Jo-

420 1645 650 1713 sephum
690 1652 883 1699 testem
927 1644 1093 1711 citat,
1144 1659 1252 1698 non
1286 1644 1636 1697 mediocriter
1668 1643 1905 1697 aberrat.
1947 1641 1996 1696 ls

418 1734 569 1786 enim
610 1732 705 1786 lib.
747 1748 781 1786 v
812 1731 912 1801 τῆς
948 1731 1244 1797 Ἁλώσεως
1277 1747 1396 1800 cap.
1433 1732 1489 1784 11
1525 1732 1597 1785 ita
1625 1730 1848 1785 scribit:
1881 1730 1985 1782 Λω

422 1822 693 1892 φήσαντος
719 1820 776 1874 δὲ
810 1820 947 1891 πρὸς
972 1822 1145 1893 βραχὺ
1174 1820 1267 1873 τοῦ
1307 1819 1507 1890 ούραζε
1545 1820 1804 1890 πολέμου,
1836 1819 1998 1872 πάλιν

420 1914 569 1966 ἔνδον
599 1915 631 1983 ή
658 1912 846 1975 στάσις
878 1914 1223 1985 ὲπηγεῐρετο,
1260 1914 1354 1966 καὶ
1383 1913 1481 1982 τῆς
1505 1912 1612 1966 τῶν
1629 1912 1876 1982 Ἀζύμων
1913 1912 2001 1964 ἐν·

423 2005 630 2075 στάσης
654 2004 887 2075 ἡμέρας,
932 2004 1494 2076 τεσσαρεσκαιδεκάτῃ
1519 2004 1783 2058 Ξανθικοῦ
1810 2003 1997 2075 μηνὸς,

420 2094 479 2145 ὲν
570 2093 816 2146 δοκοῦσιν
841 2093 1084 2146 Ἰουδαῖοι
1110 2092 1201 2146 τὸν
1230 2094 1447 2164 πρῶτον
1472 2093 1848 2165 ἀπαλλαγῆναι
1881 2112 2002 2148 και-

422 2184 517 2255 ρὸν
544 2184 877 2252 Αἰγυπτίων.
934 2183 1261 2254 Azymorum
1304 2183 1446 2237 diem
1497 2168 1687 2239 iniisse
1734 2184 1866 2239 dicit
1910 2200 2002 2238 XIV

422 2273 613 2339 Nisan,
637 2291 744 2344 qua
769 2275 857 2330 die
887 2275 1103 2329 liberati
1129 2275 1257 2329 olim
1288 2274 1355 2328 ab
1380 2273 1702 2344 Egyptiaca
1737 2275 2002 2330 servitute

422 2366 653 2419 fuerant.
684 2363 912 2420 Ruﬁnus
958 2364 1183 2435 Josephi
1210 2364 1533 2433 depravator
1561 2366 1656 2419 lib.
1690 2382 1764 2429 vr,
1797 2382 1918 2435 cap.
1944 2366 1998 2429 4,

423 2457 622 2519 Aprilis
653 2472 739 2509 xiv
788 2454 1053 2519 reddidit;
1107 2456 1269 2524 idque
1302 2454 1601 2523 Scaligero,
1647 2454 1907 2517 Calvisio,
1945 2464 2001 2509 et

421 2548 541 2600 aliis
565 2548 843 2615 imposuit.
897 2544 1003 2600 Sed
1036 2561 1194 2601 nemo
1219 2554 1303 2600 est
1338 2546 1504 2602 hebes
1535 2546 1692 2611 adeo,
1724 2547 1816 2617 qui
1849 2544 2002 2603 Jose—

422 2637 591 2707 phum
640 2652 748 2691 non
810 2636 990 2691 videat
1034 2637 1102 2692 de
1152 2636 1328 2690 lunari
1368 2651 1577 2701 mense,
1631 2652 1740 2690 non
1785 2635 2002 2691 Juliano

423 2745 487 2784 ac
520 2729 625 2783 ﬁxo
656 2728 825 2799 loqui,
870 2743 997 2783 cum
1031 2726 1222 2784 eodem
1263 2726 1353 2782 die
1380 2726 1515 2781 illud
1548 2728 1797 2783 evenisse
1832 2726 1999 2792 dicat,

420 2835 531 2891 quo
553 2819 721 2875 Judaei
758 2819 1035 2890 quondam
1065 2835 1130 2875 ex
1162 2817 1402 2891 Egypto
1438 2819 1830 2889 migraverant.
1890 2818 2002 2874 lloc

423 2930 551 2969 vero
592 2928 682 2967 xiv
717 2910 883 2967 Nisan
919 2912 1151 2978 lunaris,
1205 2912 1319 2965 sive
1353 2910 1640 2981 ἀκριϐοῦς,
1684 2926 1778 2966 seu
1824 2911 2002 2966 civilis

422 3001 924 3058 inciderat.Deinde
958 3000 1205 3071 quamvis
1220 2999 1498 3054 Julianum
1526 3017 1767 3057 mensem
1790 3002 2003 3057 intelle-
2026 3042 2069 3100 ϐ

422 3097 569 3150 xissc
583 3093 879 3163 Josephum
903 3092 1298 3157 existimemus,
1318 3091 1540 3147 minime
1573 3093 1618 3147 is
1651 3100 1828 3147 tamen
1843 3094 2000 3163 Apri-

424 3187 493 3240 lis
536 3184 810 3251 erit,_sed
860 3182 1105 3236 Martius.
1156 3181 1368 3235 Etenim
1403 3181 1736 3236 Macedonici
1784 3200 2000 3239 menses

422 3277 581 3331 aliter
612 3284 947 3344 usurpantur
979 3290 1009 3328 a
1038 3272 1299 3343 Josepho,
1334 3289 1496 3343 quam
1533 3290 1563 3328 a
1587 3272 1794 3331 Graecis
1818 3284 2001 3345 postc-

423 3365 687 3429 rioribus,
722 3362 1234 3435 Syromacedonici:
1275 3374 1360 3420 est
1388 3365 1608 3435 quidem
1646 3376 2000 3438 utrorumque

421 3458 611 3513 eadem
638 3458 964 3528 appellatio;
996 3457 1093 3514 sed
1120 3457 1456 3513 Macedonici
1490 3474 1727 3523 menses,
1751 3475 1873 3514 cum
1910 3460 1999 3514 fixi

425 3558 598 3615 sunt,
666 3566 776 3605 uno
817 3565 1005 3606 mense
1053 3550 1582 3621 Syromacedonicos
1634 3552 1995 3618 antecedunt;

425 3642 479 3695 id
514 3642 655 3712 quod
691 3642 939 3712 pluribus
970 3645 1035 3696 ad
1080 3641 1212 3697 haer.
1252 3642 1316 3697 51
1348 3642 1683 3698 declaratum
1717 3651 1819 3697 est.
1854 3642 2000 3698 Xan-

422 3732 605 3787 thicus
631 3740 713 3787 est
745 3748 844 3787 usu
875 3733 1396 3804 Syromaeodonum,
1418 3741 1472 3788 ct
1492 3733 1803 3789 Graecorum
1824 3735 1996 3804 Aprili

426 3825 721 3895 respondet
746 3840 760 3889 ;
794 3824 939 3880 Lous
968 3826 1215 3897 Augusto
1239 3844 1253 3892 ;
1287 3826 1666 3883 Macedonicus
1694 3844 1824 3883 vero
1847 3828 1997 3884 Xan-

424 3917 607 3972 thicus
642 3917 834 3972 Martio
863 3919 1043 3989 potius
1070 3936 1233 3990 quam
1261 3918 1467 3989 Aprili;
1508 3918 1654 3976 Lous
1682 3920 1848 3976 Julio.
1889 3923 1995 3977 lla-

423 4022 531 4076 que
558 4006 721 4062 Nisan
746 4009 887 4078 apud
916 4008 1211 4081 Josephum
1239 4026 1363 4064 cum
1390 4009 1683 4075 Xanthico,
1707 4010 1854 4067 Lous
1871 4029 1995 4067 cum

425 4098 508 4152 Ab
556 4099 876 4153 confertur:
933 4115 965 4155 e
1025 4102 1225 4170 quibus
1263 4100 1429 4155 Nisan
1478 4102 1685 4157 lunaris
1734 4104 1995 4171 majorem

428 4187 608 4242 Martii
646 4198 877 4259 partem,
908 4189 1052 4246 Lous
1075 4190 1225 4251 Julii.
1251 4192 1353 4246 sibi
1383 4192 1634 4246 vindicat.
1669 4194 1991 4249 Utrumnam

426 4297 556 4336 vero
579 4282 1045 4336 Macedonicorum
1071 4283 1332 4335 mensium
1357 4284 1748 4351 appellationes
1768 4286 1833 4339 ad
1860 4289 1994 4341 fixos

2092 453 2322 509 Judaico
2353 453 2492 508 5299
2526 454 2581 506 in
2609 453 2778 507 variis
2827 464 3225 522 synagogarum
3278 449 3476 503 tabulis
3504 448 3665 504 adno—

2093 553 2262 598 talum
2294 545 2562 614 reperisse
2584 583 2601 608 ,
2651 542 2782 597 alibi
2832 550 3215 596 contractuum
3254 555 3458 593 annum
3492 539 3661 607 18w;

2094 652 2124 689 a
2151 637 2487 691 desolatioue
2521 636 2707 706 templi
2734 634 2901 700 1469;
2940 634 3070 687 alibi
3096 640 3479 685 contractuum
3513 632 3660 698 1850,

2092 724 2442 780 desolationis
2478 724 2649 790 M70;
2689 723 2815 777 alibi
2843 729 3225 777 contractuum
3272 720 3431 783 1851,
3456 719 3661 773 desola-

2093 815 2259 870 tionis
2285 815 2439 868 1472.
2476 815 2684 868 Auctor
2706 813 2822 882 ipse
2845 827 3048 867 annum
3071 808 3357 863 Judaicum
3393 809 3534 864 5299
3554 825 3666 865 esse

2095 914 2250 976 putat
2281 920 2310 959 a
2342 904 2687 960 desolatione
2734 904 2895 958 1470.
2953 902 3092 957 Tum
3125 900 3297 964 addit,
3328 915 3359 953 a
3386 900 3552 963 Tisri,
3583 900 3669 967 qui

2094 994 2281 1064 templi
2336 994 2696 1049 vaStationem
2747 991 2991 1061 proxime
3060 988 3347 1058 sequitur,
3396 987 3670 1040 numerari

2097 1102 2272 1141 annos
2326 1084 2569 1140 Semitab
2636 1092 2690 1138 et
2731 1081 3019 1137 Jubilzeos:
3077 1081 3214 1135 adeo
3269 1087 3329 1132 ut
3360 1094 3537 1131 annus
3564 1078 3670 1141 ille,

2094 1180 2255 1248 cujus
2281 1177 2427 1232 Tisri
2462 1177 2856 1232 desolationem
2889 1174 3132 1244 excepit,
3164 1172 3329 1226 fuerit
3364 1170 3492 1223 noni
3520 1167 3672 1222 Jubi-

2096 1270 2178 1323 lzei
2228 1268 2474 1323 decimus
2521 1267 2763 1337 quintus.
2824 1265 3015 1319 Annus
3056 1262 3319 1317 Judaicus
3368 1261 3506 1314 5299
3559 1261 3675 1312 iniit

2097 1375 2241 1414 anno
2271 1359 2476 1429 periodi
2500 1356 2730 1412 Julianae
2746 1357 2906 1419 6251,
2926 1355 3131 1409 Christi
3163 1352 3321 1416 1558,
3349 1351 3417 1406 de
3444 1367 3554 1421 quo
3585 1350 3677 1404 de-

2097 1454 2288 1508 tractis
2312 1452 2448 1507 H70
2478 1458 2760 1505 remanent
2790 1448 2879 1503 68.
2919 1445 3100 1513 Quare
3124 1460 3189 1499 ex
3224 1444 3372 1498 illius
3402 1443 3673 1496 sententia

2098 1545 2240 1600 Tisri
2270 1544 2398 1597 anni
2448 1542 2591 1613 ejus,
2643 1541 2700 1594 in
2755 1555 2915 1610 quem
2966 1537 3120 1591 urbis
3150 1535 3421 1589 excidium
3464 1533 3675 1597 incidit,

2098 1636 2263 1705 cmpit
2285 1648 2431 1688 anno
2449 1632 2655 1689 Christi
2680 1631 2768 1695 68,
2791 1638 2846 1686 et
2876 1629 3125 1699 sequenti
3149 1628 3217 1681 69
3242 1628 3502 1697 templum
3532 1642 3683 1681 ever-

2028 1698 2071 1752 B
2098 1698 2239 1792 sum,
2270 1740 2412 1779 anno
2442 1723 2769 1779 Sahbatico:
2826 1698 3143 1790 namicapnt
3178 1733 3299 1772 atrae
3341 1718 3489 1771 illius
3521 1732 3552 1769 a
3580 1716 3683 1771 de-

2099 1818 2388 1880 solatione,
2427 1815 2685 1871 convenit
2715 1814 2858 1869 Tisri
2911 1813 3039 1866 anni
3078 1809 3395 1880 Dionysiani
3424 1809 3514 1869 69,
3556 1816 3685 1877 post

2101 1910 2363 1980 templum
2389 1909 2651 1963 dirutum.
2695 1905 2818 1962 Uno
2847 1905 3013 1975 igitur
3043 1905 3261 1958 aberrat
3290 1916 3458 1956 anno.
3477 1899 3684 1956 Verius

2099 2002 2368 2065 sentiunt,
2416 2014 2553 2070 quos
2586 2006 2778 2052 auctor
2819 1997 2909 2051 ille
2940 1995 3133 2051 scribit
3161 2010 3364 2049 annum
3390 1991 3685 2046 Judaicum

2098 2093 2236 2149 5299
2262 2105 2549 2147 numerare
2591 2106 2621 2143 a
2657 2086 2991 2143 desolatione
3022 2086 3182 2141 H69.
3231 2085 3507 2142 Detractis
3532 2084 3687 2138 enim

2099 2187 2166 2241 de
2196 2185 2335 2241 59.99
2363 2184 2521 2239 annis
2548 2182 2683 2236 1169
2715 2186 2879 2236 restat
2908 2195 3090 2234 annus
3115 2178 3291 2244 5850;
3340 2177 3501 2245 cujus
3535 2175 3687 2232 Tisri

2104 2276 2273 2348 cmpit
2312 2291 2458 2329 anno
2485 2273 2687 2329 Christi
2723 2272 2810 2337 69,
2844 2287 2952 2340 quo
2979 2271 3091 2339 jam
3140 2269 3439 2324 inclinante
3472 2266 3687 2322 Christi

2101 2381 2245 2420 anno
2267 2363 2688 2434 septuagesimo,
2716 2369 2926 2417 vastata
2950 2368 3076 2414 sunt
3097 2358 3495 2428 Hierosolyma,
3529 2370 3687 2409 anno

2099 2458 2275 2527 primo
2315 2456 2583 2510 Semitah.

2166 2548 2432 2616 Νερούας
2482 2546 2618 2611 ἔτος
2645 2544 2734 2600 ἓν.
2786 2542 3030 2599 Pessime
3080 2542 3136 2597 in
3183 2542 3449 2596 Ancoran
3489 2541 3583 2613 ἐτη
3614 2540 3688 2596 δ’.

2099 2639 2369 2695 Eusebius
2416 2639 2529 2701 ita,
2577 2644 2637 2690 ut
2686 2637 2789 2692 hoc
2837 2637 2988 2703 loco,
3023 2641 3225 2689 aun'um
3269 2650 3437 2688 unum
3463 2649 3693 2690 menses

2098 2742 2331 2804 quatuor
2353 2732 2629 2803 assignat:
2662 2729 2760 2784 Dio
2788 2744 2981 2785 novem
3005 2729 3124 2783 dies
3154 2727 3303 2781 addit
3329 2743 3344 2792 ;
3377 2726 3692 2797 Eutropius

2100 2832 2248 2879 octo.
2280 2823 2323 2877 A
2357 2824 2445 2877 die
2483 2836 2616 2875 xvm
2661 2821 2813 2889 Sept.
2848 2819 2979 2873 anni
3006 2818 3207 2873 Christi
3240 2817 3307 2873 96
3335 2818 3403 2872 ad
3436 2832 3487 2871 vr
3522 2818 3615 2872 vel
3661 2834 3695 2873 ν

2099 2915 2327 2971 Kalend.
2362 2914 2547 2980 Fehr.,
2571 2914 2685 2968 sive
2722 2910 2967 2966 Januarii
3013 2910 3327 2975 xxvn,anni
3353 2910 3442 2973 98,
3488 2908 3695 2965 Nerva

2101 3016 2314 3077 tempus
2346 3005 2478 3059 illud
2497 3002 2802 3059 intercedit.
2824 3002 2968 3057 Obiit
2991 3000 3175 3071 itaque
3197 2999 3563 3055 annoChristi
3587 3000 3694 3068 98,

2105 3094 2309 3164 periodi
2341 3092 2567 3147 Julianac
2602 3092 2758 3158 1511,
2789 3092 2944 3164 cyclo
2967 3092 3109 3145 lunae
3139 3106 3213 3145 tv.
3272 3088 3503 3145 Fallitur
3530 3091 3693 3145 enim

2106 3185 2366 3256 Scaliger,
2411 3186 2501 3255 qui
2549 3200 2673 3239 cum
2717 3184 2770 3237 in
2801 3184 3027 3239 exordio
3060 3182 3269 3247 Nervae,
3317 3190 3480 3253 atque
3520 3183 3691 3238 ob'tu

2103 3276 2393 3332 Domitiani
2443 3276 2817 3347 consignando
2863 3276 2937 3331 sit
2996 3276 3383 3339 hallucinatus,
3432 3275 3693 3330 eamdem

2102 3371 2156 3426 in
2187 3369 2376 3425 Nerva:
2402 3369 2571 3432 exitu,
2620 3377 2783 3439 atque
2829 3369 2986 3423 initio
3016 3367 3238 3437 Trajani
3268 3368 3483 3435 culpam
3525 3380 3695 3419 com-

2102 3465 2269 3520 misit.
2310 3462 2512 3517 Serihit
2541 3462 2682 3517 enim
2727 3462 2821 3517 lib.
2854 3478 2888 3516 v
2934 3461 3011 3516 De
3031 3460 3230 3515 emend.
3261 3470 3414 3527 temp.
3446 3457 3695 3514 Nervam

2100 3555 2303 3611 ohiisse
2340 3554 2494 3624 cyclo
2543 3555 2577 3605 3
2620 3568 2766 3608 anno
2794 3551 3162 3607 Nabonassari
3209 3551 3332 3613 841,
3395 3553 3696 3605 ncomenia

2100 3647 2455 3703 Phamenoth.
2501 3644 2597 3699 Est
2643 3646 2732 3700 hic
2779 3661 2956 3700 annus
2988 3661 3101 3714 per.
3136 3642 3245 3699 Jul.
3290 3642 3449 3705 4810,
3473 3642 3696 3698 Christi

2099 3740 2188 3803 97,
2237 3739 2391 3810 cyclo
2441 3736 2584 3790 luam
2615 3752 2697 3789 111.
2740 3737 2903 3805 Atqui
2936 3750 3035 3789 nos
3070 3734 3315 3803 proxime
3339 3734 3697 3788 demonstra-

2100 3831 2295 3891 vimus.
2349 3828 2737 3891 Domitianum,
2780 3825 2968 3882 Vetere
2993 3834 3046 3880 et
3071 3824 3297 3881 Valente
3317 3841 3488 3888 coss,
3512 3824 3699 3879 inter-

2101 3921 2301 3977 fectum
2337 3935 2461 3975 esse
2489 3934 2633 3974 anno
2662 3917 2866 3972 Christi
2914 3915 3004 3983 96,
3035 3933 3150 3988 per.
3188 3915 3297 3971 Jul.
3331 3914 3494 3978 4809,
3527 3915 3697 3985 cyclo

2096 4015 2326 4069 lumen.
2376 4011 2544 4084 Igitur
2576 4025 2699 4065 cum
2747 4007 2923 4065 Nerva
2969 4025 3076 4063 non
3122 4008 3245 4078 plus
3295 4020 3439 4059 anno
3479 4020 3593 4059 uno
3626 4020 3696 4059 ac

2098 4105 2380 4160 mensibus
2456 4109 2691 4172 quatuor
2749 4108 2805 4155 et
2864 4100 3056 4155 diebus
3121 4112 3314 4152 novem
3376 4096 3693 4168 imperarit,

2097 4197 2321 4252 desierit
2351 4195 2455 4248 hoc
2482 4201 2697 4262 tempus
2725 4205 2955 4244 necesse
2975 4187 3130 4244 estin
3157 4202 3354 4242 annum
3373 4184 3577 4241 Christi
3593 4185 3693 4246 98.

2099 4289 2312 4361 cyclum
2349 4287 2490 4340 lnnze
2524 4301 2597 4348 iv,
2635 4282 2842 4353 periodi
2864 4279 2974 4336 Jul.
3006 4279 3168 4333 4711.

424 4370 744 4426 ctJnIianos
774 4372 1112 4425 transtulerit
1136 4370 1428 4440 Josephus,
1456 4373 1681 4429 alterius
1708 4376 1808 4431 loci
1837 4389 1891 4434 et
1912 4381 1995 4436 in-
2027 4386 2070 4440 Ι)
2175 4375 2581 4433 Absurdissima
2622 4387 2753 4426 vero
2787 4380 2873 4424 est
2904 4368 3152 4438 ejusdem
3204 4366 3468 4437 Scaligeri
3514 4368 3699 4421 casti-

426 4460 606 4515 stituti
658 4460 889 4529 quaestio
943 4470 1044 4515 est.
1102 4459 1213 4515 Nos
1254 4473 1530 4534 utcunque
1559 4480 1618 4520 se
1648 4481 1736 4523 res
1787 4469 2002 4540 habeat,

425 4565 689 4619 negamus
720 4549 1048 4606 Xanthicum
1099 4554 1240 4622 apud
1277 4553 1574 4625 Josephum
1608 4558 1844 4629 Aprilem
1886 4581 2008 4622 esse

421 4640 720 4698 Julianum.
795 4642 900 4698 Sed
953 4644 1263 4717 Scaligero,
1318 4655 1375 4701 et
1428 4657 1555 4705 ante
1612 4652 1755 4707 hunc
1810 4654 2006 4713 Rulino

424 4733 738 4789 Graecorum
771 4744 824 4792 et
848 4737 1345 4808 Syromacedonum
1383 4756 1515 4797 usus
1546 4742 1722 4799 fraudi
1757 4745 1878 4809 init,
1911 4751 2004 4817 qui

422 4825 586 4879 aliter
607 4840 672 4879 ac
698 4825 1019 4883 Macedones
1050 4828 1321 4884 mensimu
1346 4831 1593 4887 ordinem
1621 4834 2001 4889 instituerunt.

427 4912 563 4969 Vide
594 4930 714 4983 qua:
744 4915 811 4968 ad
843 4916 994 4970 illum
1027 4917 1208 4971 locum
1238 4920 1367 4975 haer.
1399 4921 1459 4974 51
1498 4922 1722 4976 uberius
1748 4926 2004 4993 exposui-

424 5022 567 5061 mus.
600 5004 963 5071 Quamobrcm
993 5023 1115 5062 cum
1138 5007 1406 5079 Josephus
1436 5017 1510 5067 ait
1545 5015 1639 5069 lib.
1672 5031 1743 5077 Vl,
1776 5018 2000 5085 cap.26.

422 5096 637 5152 decimo
680 5097 768 5153 die
802 5096 898 5152 Loi
946 5099 1151 5153 mensis
1206 5103 1469 5171 temphnn
1500 5105 1866 5175 deﬂagrasse,
1935 5109 2003 5163 ad

421 5188 625 5243 Julium
670 5191 892 5259 potius,
964 5206 1127 5259 quam
1180 5192 1483 5262 Augustum
1534 5200 1806 5268 pertinere
1849 5207 2000 5269 puto,

423 5280 880 5349 quemadmodum
941 5289 994 5335 et
1052 5297 1174 5335 cum
1238 5293 1427 5339 narrat
1476 5302 1596 5357 cap.
1631 5289 1737 5353 47,
1771 5290 2001 5360 Corpizei

425 5372 631 5426 mensis
658 5387 752 5425 vni
783 5373 968 5428 urbem
1003 5389 1124 5429 esse
1158 5375 1503 5444 subversam,
1554 5381 1801 5453 Angusto
1830 5384 2003 5454 magis

424 5472 589 5529 quam
621 5462 926 5534 Septembri
952 5468 1245 5524 convenire
1270 5472 1540 5540 suspicor.

498 5549 847 5610 llebrmorum
880 5556 947 5612 de
985 5574 1129 5614 anno
1169 5560 1526 5619 desolationis
1576 5567 1760 5637 templi
1796 5567 2005 5622 discre~

427 5650 621 5708 pantes
653 5655 782 5701 sunt
823 5650 1125 5717 sentcntiae,
1174 5668 1311 5722 quas
1348 5652 1413 5708 11.
1442 5654 1695 5711 lssachar
1728 5659 1830 5715 ben
1858 5658 2001 5714 Mor-

2109 4469 2276 4540 gatio,
2303 4480 2411 4538 qua
2440 4463 2774 4520 Onuh‘ianos
2812 4460 3006 4515 Fastos
3036 4458 3333 4529 redarguit,
3356 4458 3501 4528 quod
3532 4460 3692 4528 paria

2108 4563 2391 4618 consulum
2448 4560 2560 4612 duo
2608 4556 2800 4610 Nervae
2850 4554 3080 4624 imperio
3136 4554 3381 4607 tribuant
3425 4568 3438 4605 :
3510 4549 3692 4603 Unum

2106 4656 2266 4716 enim,
2300 4649 2499 4717 inquit,
2538 4656 2744 4700 tantum
2782 4662 2883 4715 par
2917 4662 3055 4701 coss.
3092 4642 3524 4713 interﬁciendum
3549 4644 3695 4697 inter

2107 4744 2316 4797 initium
2346 4737 2556 4799 Nervm,
2590 4747 2639 4792 et
2659 4755 2749 4791 eas
2774 4737 3192 4802 KalJanuarii,
3226 4737 3413 4808 quibus
3436 4735 3688 4789 decessit.

2106 4837 2174 4888 At
2202 4831 2358 4884 Fasti
2391 4828 2562 4886 Siculi
2608 4846 2773 4884 unum
2812 4840 3019 4884 tantum
3056 4846 3155 4898 par
3200 4839 3335 4884 recte
3362 4827 3686 4881 attribuunt.

2106 4922 2421 4994 Corrigendi
2460 4924 2622 4994 igitur
2656 4921 2831 4977 Fasti.
2874 4922 2944 4976 At
2986 4923 3105 4992 ipse
3146 4919 3507 4987 corrigendus
3550 4932 3690 4973 sane

2105 5014 2309 5084 potius.
2348 5012 2803 5083 Quandoquidem
2834 5013 2982 5067 enim
3005 5011 3179 5066 Nerva
3212 5026 3358 5064 anno
3387 5008 3592 5063 Christi
3615 5008 3687 5063 96

2104 5113 2335 5161 exeunte
2363 5107 2552 5175 coepit,
2580 5116 2633 5162 et
2658 5106 2881 5161 ineunte
2905 5106 2995 5165 98.
3025 5105 3130 5157 hoc
3150 5111 3235 5159 est
3256 5118 3307 5155 vr
3363 5099 3480 5155 Kal.
3513 5098 3683 5154 Febr.

2105 5196 2276 5263 obiit;
2302 5196 2410 5250 duo
2440 5197 2592 5266 paria
2627 5211 2776 5251 coss.
2805 5195 3052 5264 ejusdem
3076 5194 3305 5262 imperio
3328 5197 3639 5259 congruunt
3663 5206 3679 5243 :

2106 5286 2363 5342 nimirum
2397 5300 2540 5341 anno
2562 5285 2653 5350 97,
2682 5302 2789 5355 quo
2851 5284 2993 5355 apud
3021 5282 3332 5342 Onul'rium,
3356 5290 3409 5335 et
3435 5280 3491 5334 in
3520 5278 3679 5333 Sicu-

2113 5380 2183 5434 lis
2218 5376 2396 5431 Fastis
2427 5391 2570 5433 coss.
2607 5385 2981 5430 memorantur
3010 5373 3184 5429 Nerva
3230 5372 3293 5427 111
3320 5380 3373 5427 et
3396 5369 3677 5441 Virginius

2106 5469 2281 5524 Rufus
2314 5468 2377 5521 ll.
2407 5470 2539 5521 Item
2576 5483 2719 5523 anno
2754 5469 2846 5534 98,
2876 5466 3050 5521 Nerva
3092 5463 3158 5519 IV
3193 5471 3249 5519 et
3294 5462 3571 5529 Traianus
3606 5460 3673 5525 ll;

2107 5575 2268 5633 quem
2299 5573 2503 5613 annum
2542 5558 2729 5623 libavit
2761 5557 2958 5613 Nerva.
2983 5557 3169 5627 Neque
3192 5556 3362 5610 Siculi
3385 5552 3537 5607 Fasti
3565 5553 3676 5607 dis-

2110 5655 2311 5717 sident,
2340 5661 2431 5708 aut
2460 5651 2616 5705 aliter
2651 5658 2811 5715 atque
2838 5650 3101 5707 Onul‘rius
3136 5649 3363 5711 faciunt,
3390 5644 3497 5700 nisi
3529 5648 3683 5715 quod
