3948 6196
433 302 531 356 5ιῖ

1552 295 1589 343 A
1603 291 1767 343 l‘l‘EN
1781 289 1890 342 [ΗΧ
1935 285 2436 342 ΟἰδὸΕΙὶΤᾹΤΙΟΧ
2449 288 2562 342 U31.

3575 289 3688 346 543

430 421 622 492 primis
656 419 973 473 pwicmmus
1009 414 1359 473 adversatur;
1409 410 1499 477 qui
1543 418 1596 460 et
1631 408 1722 458 illo
1755 416 1999 474 tempore
2031 410 2070 460 Α
2106 401 2403 456 Februario
2469 418 2653 456 mense
2707 416 2828 454 cum
2871 417 3013 454 anno
3061 401 3264 456 Christi
3320 403 3419 454 130
3463 418 3688 476 compa-

430 509 583 572 vixit,
619 515 672 562 et
695 506 901 574 aliquot
944 498 1356 555 observationes
1393 496 1614 548 Adriani
1655 496 1816 548 annis
1863 508 1996 546 con-

432 601 675 670 signatas
710 593 930 662 reliquit
976 609 988 644 :
1031 606 1094 644 ex
1135 589 1338 658 quibus
1385 586 1566 650 aliter,
1617 601 1679 639 ac
1721 587 1882 654 vulgo
1916 584 1995 646 lit,

431 695 498 746 de
521 689 668 744 illius
695 684 919 740 exordio
945 681 1286 736 sentiemlum
1311 679 1544 733 videtur.
1567 677 1774 733 Etenim
1805 678 1896 731 lib.
1926 694 1996 739 tv,

343 791 362 804 "
431 796 550 849 cap.
580 778 634 840 9,
667 774 923 830 editionis
956 771 1159 826 Graecae
1186 786 1308 840 pag.
1348 770 1471 829 102,
1504 770 1726 837 primum
1751 783 1779 820 a
1817 783 1876 821 se
1912 783 2002 820 no-

431 881 598 925 tatam
628 867 873 935 eclipsim
917 865 1056 918 luna:
1091 861 1254 916 refert
1287 876 1431 915 anno
1473 860 1694 914 Adriani
1729 875 1872 912 nono
1903 860 2000 930 (ita

434 965 486 1016 in
524 959 730 1014 Latinis
768 956 1074 1018 codicibus,
1115 970 1292 1024 neque
1333 954 1491 1007 aliter
1521 952 1888 1006 mathematici
1939 968 2000 1005 ac

441 1052 764 1120 rhronologi
791 1052 1058 1104 hactenus
1089 1048 1218 1109 fere,
1253 1047 1331 1098 uti
1362 1045 1705 1113 Buntingius,
1737 1043 1998 1111 Scaliger,

435 1147 706 1202 Calvisius
745 1159 908 1198 :cum
944 1141 997 1195 in
1031 1140 1221 1194 ϐιωςο
1251 1153 1357 1191 non
1394 1152 1590 1200 nonus,
1635 1135 1727 1189 sed
1775 1143 2003 1188 octavus

437 1239 660 1294 Adriani
702 1237 795 1299 sit,
837 1234 912 1304 τῷ
940 1232 988 1304 η’
1019 1233 1128 1284 ἔτει
1174 1227 1471 1299 Ἀδριανοῦ,
1506 1227 1650 1297 quod
1678 1240 2003 1296 magnopere

437 1330 724 1400 den‘iiror),
759 1325 973 1381 Pachou
1009 1339 1142 1382 xvtt.
1180 1329 1444 1391 sequente
1474 1335 1625 1381 xvni,
1663 1320 1783 1373 hor.
1813 1318 1866 1380 8,
1897 1317 2001 1377 21',

435 1441 466 1478 a
501 1422 749 1478 meridie.
783 1434 926 1471 anno
964 1412 1329 1468 Nahonassari
1375 1411 1499 1466 872.
1540 1408 1806 1480 Congruit
1863 1422 2006 1460 anno

435 1531 548 1582 per.
590 1513 696 1565 Jul.
743 1510 902 1570 4858,
957 1506 1156 1559 Christi
1200 1504 1321 1566 125,
1375 1505 1504 1571 Apr.
1543 1518 1594 1557 v.
1633 1500 1764 1555 feria
1792 1517 1864 1553 tv.
1903 1498 2001 1552 Sc-

436 1605 616 1657 cuudo
664 1601 805 1669 apud
863 1597 1113 1652 eumdem
1178 1595 1526 1649 Ptolemzeum
1583 1608 1706 1660 cap.
1765 1592 1819 1655 6,
1877 1606 2002 1660 pag.

438 1693 640 1747 Gricca:
667 1691 801 1744 edit.
835 1689 922 1748 98,
962 1688 1248 1741 observata
1290 1695 1374 1738 est
1401 1681 1624 1752 eclipsis
1655 1682 1824 1735 altera
1863 1697 2005 1734 anno

2111 500 2282 544 ratur.
2364 490 2536 560 llujus
2610 507 2739 560 ergo
2802 493 2927 544 anni
3003 493 3358 561 primordium
3428 499 3692 550 convenit

2111 599 2254 636 anno
2281 583 2404 648 158,
2439 584 2680 652 adeoque
2711 585 2923 652 primus
2967 585 3086 637 iniit
3129 599 3273 638 anno
3309 585 3427 638 157.
3472 585 3687 651 Quibus

2111 678 2330 746 reliquae
2371 678 2782 733 observationes
2843 686 3225 732 consentanea:
3281 689 3428 732 sunt.
3481 678 3684 744 Quam-

2117 769 2304 824 obrem
2347 769 2393 823 si
2429 784 2696 822 annorum
2727 776 2870 822 nota:
2897 768 3037 821 bona
3069 769 3170 824 fide
3210 785 3239 823 a
3269 769 3579 834 Ptoleniam,
3605 773 3684 826 vel

2112 861 2348 915 librariis
2378 861 2604 915 reddita:
2630 869 2758 916 sunt
2791 880 2803 916 :
2841 860 2908 915 de
2939 877 3047 930 quo
3095 861 3185 915 vix
3228 871 3312 918 est
3348 872 3405 916 ut
3453 865 3688 932 pruden-

2113 962 2194 1006 ter
2217 952 2521 1006 addubitari
2580 953 2792 1022 possit;
2831 967 2952 1005 cum
2986 952 3038 1005 in
3074 961 3153 1006 tot
3205 953 3687 1009 observationibus

2113 1045 2213 1098 sibi
2247 1045 2364 1113 ipse
2393 1053 2629 1108 constet,
2685 1059 2906 1099 necesse
2935 1052 3018 1099 est
3050 1045 3264 1098 initium
3297 1045 3530 1099 Adriani
3578 1061 3690 1100 uno

2113 1151 2256 1188 anno
2288 1137 2622 1199 submoveri,
2650 1136 2779 1190 etin
2818 1151 3020 1189 annum
3052 1135 3256 1188 Christi
3305 1136 3403 1190 116
3441 1137 3644 1206 conjici
3673 1156 3690 1196 :

2113 1228 2354 1294 ejusdem
2392 1242 2521 1280 vero
2574 1235 2804 1281 mortem
2857 1233 2910 1280 ct
2949 1227 3161 1279 initimn
3194 1227 3453 1280 Antonini
3501 1229 3555 1280 in
3590 1244 3691 1283 an-

2117 1334 2247 1371 num
2282 1319 2404 1371 137.
2443 1317 2555 1371 lloe
2589 1333 2717 1372 vero
2761 1317 3098 1380 constituto,
3141 1318 3208 1371 de
3243 1319 3399 1372 annis
3437 1318 3688 1390 Trajani,

2113 1411 2196 1466 vel
2227 1410 2522 1464 Domitiani
2583 1409 2959 1478 excerpendus
2997 1427 3137 1464 unus
3169 1411 3271 1464 erit
3305 1429 3317 1464 :
3363 1419 3420 1464 ut
3461 1414 3543 1466 vel
3585 1416 3692 1469 iste

2118 1517 2204 1554 xiv
2235 1499 2497 1553 duntaxat
2547 1513 2740 1560 annos,
2779 1499 2858 1552 vel
2883 1497 2972 1552 ille
3001 1497 3302 1552 octodecim
3327 1499 3536 1555 solidos
3562 1516 3688 1554 cum

2115 1592 2531 1646 excurrentibus
2565 1589 2847 1643 mensibus
2895 1589 3208 1657 expleverit,
3249 1589 3523 1644 Adrianus
3561 1606 3694 1643 veto

2117 1699 2184 1736 xx
2243 1697 2366 1736 cum
2421 1681 2704 1734 mensibus
2759 1693 2837 1731 xl.
2890 1678 3196 1732 Domitiano
3231 1689 3456 1734 nonest
3496 1688 3556 1733 ut
3593 1681 3694 1734 de-

436 1783 657 1836 Adriani
690 1797 819 1842 xvn,
852 1779 1018 1847 l’avni
1067 1777 1272 1830 mensis
1317 1790 1406 1838 xx,
1449 1781 1712 1840 sequente
1753 1786 1865 1830 xxI,
1911 1771 2005 1826 1ιο·
2043 1759 2082 1812 Β
2113 1773 2434 1828 trahendum
2469 1770 2674 1840 aliquid
2728 1771 3060 1832 existimem,
3091 1786 3213 1824 cum
3255 1786 3361 1824 non
3409 1771 3573 1824 modo
3620 1772 3692 1825 de

436 1875 514 1928 ris
546 1873 628 1934 ll,
670 1873 745 1924 15'
775 1887 804 1923 a
840 1865 1460 1926 meridie.Nabonassari
1496 1865 1620 1923 880,
1663 1879 1806 1915 anno
1848 1863 2007 1916 Chri-

437 1967 507 2022 sti
568 1966 694 2026 153,
735 1977 849 2031 per.
904 1959 1013 2012 Jul.
1061 1956 1222 2020 4846,
1249 1955 1371 2008 Maii
1415 1971 1486 2017 vt,
1527 1954 1660 2006 feria
1700 1969 1778 2007 ιιι.
1822 1953 2008 2008 Tertio

437 2058 625 2112 eadem
662 2071 784 2124 pag.
816 2052 1040 2122 eclipsis
1075 2050 1184 2102 alia
1223 2048 1454 2118 contigit
1488 2047 1710 2100 Adriani
1751 2063 1864 2109 xix,
1901 2045 2010 2099 Na-

437 2147 723 2202 bonassari
753 2146 880 2210 882,
909 2143 1115 2198 Choiac
1151 2158 1209 2204 ιι,
1244 2141 1396 2196 horis
1437 2141 1498 2193 11
1529 2156 1558 2192 a
1593 2139 1835 2193 meridie.
1869 2140 2014 2193 Con—

443 2241 588 2293 venit
619 2253 734 2306 per.
764 2235 872 2289 Jul.
901 2251 1046 2289 anno
1066 2234 1227 2295 4817,
1257 2232 1462 2287 Christi
1496 2232 1616 2295 151,
1641 2229 1896 2284 Octobris
1919 2247 2014 2293 xx,

440 2327 575 2382 feria
611 2341 690 2380 ιιι.
729 2327 936 2391 Quarta
974 2325 1192 2392 eclipsis
1242 2321 1430 2376 incidit
1480 2322 1534 2374 in
1576 2335 1779 2374 annmn
1827 2321 2014 2372 Adria-

439 2421 492 2472 ni
522 2434 612 2481 xx,
641 2416 854 2470 Nabon.
895 2416 1020 2477 885,
1055 2414 1374 2468 l’harmuthi
1407 2430 1519 2476 xix,
1555 2412 1705 2465 horis
1753 2428 1838 2465 va
1891 2422 2015 2479 post

438 2510 756 2572 meridiem;
792 2523 937 2561 anno
975 2507 1178 2561 Christi
1211 2505 1330 2570 156,
1364 2519 1481 2574 per.
1521 2502 1631 2558 Jul.
1666 2504 1830 2568 4819,
1870 2503 2014 2557 Mar-

440 2602 500 2653 tii
544 2617 613 2653 \‘l.
648 2601 789 2652 Sunt
836 2606 891 2653 et
939 2599 1058 2651 alim
1093 2596 1235 2667 apud
1271 2594 1522 2650 eumdem
1577 2595 2015 2651 observationes.

442 2691 599 2745 Velut
624 2693 715 2744 lib.
740 2707 817 2755 ιιι,
842 2706 960 2758 pag.
988 2689 1074 2752 77,
1101 2689 1219 2742 Lat.
1243 2686 1372 2742 edit.
1408 2685 1502 2739 lib.
1536 2701 1612 2746 ιιι,
1645 2701 1765 2754 cap.
1797 2685 1850 2749 8,
1877 2701 2020 2739 anno

449 2783 676 2836 Adriani
711 2798 846 2845 xvii,
884 2796 1030 2832 anno
1087 2778 1305 2831 Nabon.
1353 2776 1480 2836 880,
1525 2775 1701 2845 Athyr
1732 2791 1825 2836 vn,
1860 2777 2023 2846 tequi-

445 2874 687 2926 noctium
718 2870 1038 2925 autumnale
1063 2871 1412 2923 observatum
1449 2883 1478 2919 a
1501 2865 1790 2920 Ptolemaeo
1823 2887 1836 2921 :
1874 2867 2020 2936 quod

443 2973 661 3032 tempus
709 2961 961 3032 congruit
1003 2975 1148 3013 anno
1179 2959 1380 3012 Christi
1431 2958 1547 3020 152,
1588 2957 1737 3027 Sept.
1788 2975 1907 3011 xxv.
1941 2959 2020 3012 Ad

447 3057 561 3108 lure
596 3055 686 3106 lib.
718 3071 768 3113 v,
801 3068 920 3121 cap.
956 3053 1010 3113 5,
1045 3050 1244 3103 Graecae
1268 3049 1399 3103 edit.
1425 3063 1546 3117 pag.
1581 3048 1634 3108 5,
1671 3063 1816 3100 anno
1845 3047 2018 3100 Antr-

447 3145 561 3199 nini
596 3160 652 3204 ιι,
683 3141 892 3196 Nabon.
928 3140 1052 3202 886,
1079 3157 1146 3192 xv
1174 3138 1511 3193 Phamenoth
1539 3139 1864 3192 anomaliam
1885 3139 2025 3193 luna:

449 3231 834 3302 deprehendit;
897 3245 1040 3284 anno
1106 3230 1312 3284 Christi
1374 3230 1498 3291 159,
1544 3245 1659 3297 per.
1708 3229 1821 3284 Jul.
1862 3232 2026 3298 1:852,

446 3320 728 3377 Februarii
786 3338 860 3375 Ix.
911 3322 1040 3377 Item
1103 3322 1198 3376 lib.
1260 3337 1313 3383 x,
1373 3336 1492 3389 cap.
1549 3321 1604 3383 4,
1667 3337 1789 3392 pag.
1853 3321 2023 3376 Cra-c.

448 3412 584 3467 edit.
612 3412 740 3474 241,
777 3427 921 3465 anno
958 3413 1216 3466 Antonini
1277 3428 1336 3475 ιι,
1383 3411 1520 3481 Tybi
1556 3427 1710 3474 xxix,
1766 3423 2026 3482 sequente

447 3514 578 3562 xxx,
609 3499 895 3552 observata
935 3499 1113 3554 Venus
1165 3508 1286 3562 est;
1323 3516 1468 3554 anno
1503 3501 1706 3556 Christi
1764 3503 1886 3569 158,
1928 3501 2026 3556 De-

446 3588 685 3644 cembris
741 3607 852 3653 xvi,
923 3604 1039 3657 per.
1089 3588 1196 3642 Jul.
1234 3589 1396 3642 4851.
1451 3589 1717 3643 Praeterea
1781 3591 1872 3642 lib.
1936 3607 2023 3649 ιιι,

447 3694 570 3748 cap.
613 3681 670 3744 2,
730 3699 851 3752 pag.
894 3682 964 3734 62
1013 3680 1211 3734 Cra-cae
1260 3681 1417 3744 edit.,
1455 3696 1599 3734 anno
1633 3681 1891 3734 Antonini
1941 3696 2021 3743 ιιι,

446 3776 836 3851 mquinoctimn
893 3773 1207 3828 autumnale
1262 3772 1666 3840 deprehensum
1717 3774 1890 3844 Athyr
1947 3791 2022 3836 Ix,

448 3891 592 3928 anno
625 3869 826 3926 Christi
863 3867 987 3931 159,
1021 3881 1134 3934 per.
1168 3865 1278 3918 Jul.
1308 3864 1470 3926 4852,
1512 3862 1848 3934 Septembris
1878 3881 2022 3919 xxvt.

451 3964 693 4033 Denique
719 3961 814 4014 lib.
865 3975 943 4023 tx,
975 3972 1096 4027 cap.
1133 3957 1224 4020 1t),
1259 3971 1382 4026 pag.
1415 3955 1508 4010 Cr.
1550 3956 1680 4009 edit.
1721 3955 1848 4017 256,
1881 3973 2026 4010 anno

448 4054 710 4109 Antonini
753 4070 810 4112 ιι,
860 4050 1070 4104 Nabon.
1117 4047 1242 4111 886,
1291 4046 1482 4116 Epipbi
1531 4063 1590 4111 ιι,
1646 4054 2021 4114 sequentem,

449 4148 760 4216 periodicus
809 4141 1058 4195 Mercurii
1122 4149 1304 4194 motus
1349 4139 1674 4191 observatus
1727 4146 1832 4199 est,
1881 4153 2026 4191 anno

449 4239 654 4292 Christi
686 4234 804 4296 159,
834 4231 953 4284 Maii
985 4230 1072 4291 17,
1113 4246 1231 4297 per.
1261 4228 1371 4281 Jul.
1407 4228 1566 4280 4852.
1596 4226 1855 4295 Reliquas
1890 4244 2025 4295 pra?-

451 4329 714 4379 termitto.
751 4321 828 4373 Ex
868 4319 1069 4388 quibus
1109 4318 1364 4371 omnibus
1406 4315 1628 4368 evidens
1665 4326 1768 4380 est,
1805 4318 2020 4368 initium

450 4415 673 4468 Adriani
701 4427 807 4464 non
845 4410 897 4462 in
921 4425 1122 4462 annum
1166 4409 1369 4460 Christi
1404 4407 1519 4471 117,
1549 4406 1639 4459 sed
1680 4408 1780 4458 116
1805 4407 2020 4471 cadere,
2056 4451 2100 4508 D

453 4507 564 4559 sive
592 4502 851 4572 epocham
885 4513 1152 4552 annorum
1184 4497 1407 4551 Adriani
1443 4497 1510 4550 ab
1541 4498 1766 4566 Augusti
1801 4513 1848 4549 xI
1903 4499 2024 4551 Pto-

453 4597 672 4649 lemrens
719 4591 1024 4651 deduxerit,
1077 4589 1218 4644 unde
1265 4589 1551 4657 imperium
1598 4604 1829 4642 exorsus
1887 4598 2018 4644 est:

480 4685 619 4739 ivea
666 4683 944 4736 neomcnia
989 4681 1165 4735 Thoth
1212 4680 1540 4750 Aigyptiaci,
1575 4697 1694 4750 qua:
1749 4681 1841 4734 illo
1887 4689 2024 4735 tem-

451 4787 584 4846 pore
623 4775 675 4827 in
709 4773 910 4826 Julimn
946 4774 1282 4828 incurrebat.
1323 4771 1457 4826 Nam
1495 4773 1539 4826 si
1565 4788 1740 4826 annus
1795 4772 2021 4826 Adriani

451 4883 563 4927 :vtt
599 4883 721 4923 cum
765 4881 910 4919 anno
944 4866 1148 4920 Christi
1197 4865 1322 4929 152,
1367 4863 1672 4931 Septembri
1723 4879 1932 4926 mense,
1971 4872 2025 4918 et

465 4976 578 5017 tum
617 4961 738 5022 155,
781 4956 922 5012 Maio
950 4956 1248 5020 concurrit,
1292 4968 1514 5008 necesse
1546 4961 1631 5007 est
1671 4967 1874 5006 annum
1913 4956 2025 5021 pri-

456 5068 602 5107 anum
641 5049 827 5104 iniisse
871 5045 1077 5101 Christi
1129 5045 1250 5098 116.
1299 5039 1453 5106 Quod
1497 5040 1636 5094 idem
1683 5041 2022 5110 reliquorum

452 5143 678 5197 Adriani
715 5155 979 5196 annorum
1026 5153 1150 5192 cum
1192 5134 1396 5190 Christi
1440 5132 1598 5187 annis
1643 5147 1917 5192 concursu
1960 5150 2026 5189 ac

456 5234 830 5305 complexione
861 5232 1154 5302 colligitur.
1190 5227 1347 5283 Velut
1379 5225 1522 5295 quod
1555 5239 1732 5280 annus
1769 5239 1947 5280 nonus
1971 5236 2026 5281 et

459 5327 710 5381 decimus
739 5325 958 5380 Octobri
988 5339 1172 5380 mense
1205 5329 1524 5378 numeretur
1558 5321 1682 5374 anui
1730 5319 1851 5381 15-1,
1881 5319 2024 5374 vice-

454 5419 627 5472 simus
661 5427 840 5474 antem
877 5417 1069 5472 Martio
1109 5434 1294 5473 mense
1367 5414 1497 5470 anni
1542 5413 1663 5468 156.
1707 5412 1831 5466 lliee
1876 5412 2020 5465 enim

453 5511 715 5577 explicari
747 5512 903 5566 aliter
932 5520 1226 5580 nequeunt,
1255 5525 1415 5581 quam
1447 5518 1502 5562 ut
1530 5509 1764 5577 primum
1792 5505 2024 5574 cmpisse

457 5621 703 5676 dicamus
737 5639 882 5676 anno
918 5625 1039 5676 116.
1081 5625 1319 5694 ldipsum
1360 5635 1411 5678 et
1445 5641 1507 5678 ex
1557 5625 1716 5675 annis
1763 5618 2020 5672 Antonini

457 5709 806 5780 perspicuum
837 5724 937 5768 est.
975 5713 1182 5786 Quippe
1228 5729 1399 5768 amms
1451 5713 1708 5765 Antonini
1753 5707 2022 5764 secundus

1627 6053 1872 6124 Δ

2112 1866 2258 1920 illius
2289 1865 2465 1926 annis,
2505 1876 2697 1916 verum
2726 1871 2778 1915 ct
2803 1862 2868 1916 de
2901 1877 3045 1915 coss.
3071 1862 3271 1930 quibus
3305 1873 3559 1916 mortuus
3583 1874 3694 1926 est,

2111 1957 2325 2028 egregie
2382 1971 2571 2010 omnes
2638 1955 2780 2007 inter
2840 1970 2899 2010 se
2958 1955 3322 2008 consentiant.
3385 1955 3692 2010 Videndum

2120 2066 2304 2118 porro,
2340 2059 2522 2103 utrum
2552 2047 2792 2116 'l‘rajano
2835 2063 2966 2100 xvnt
3008 2046 3275 2100 duntaxat
3314 2063 3439 2101 cum
3489 2049 3697 2102 mensi-

2117 2144 2218 2197 bus
2248 2155 2440 2195 novem
2482 2138 2682 2193 ascribi
2721 2137 2952 2192 debeant
2987 2156 2998 2190 :
3033 2138 3220 2207 sicque
3261 2154 3368 2192 non
3417 2137 3588 2208 Nigro
3642 2149 3697 2192 et

2115 2233 2433 2302 Aproniano
2468 2246 2643 2305 coss,
2674 2244 2818 2282 anno
2848 2228 3052 2282 Christi
3090 2229 3211 2291 117,
3259 2229 3351 2284 sed
3379 2227 3600 2284 Albano
3632 2245 3698 2281 ae

2117 2323 2333 2386 Vetere,
2366 2337 2510 2376 anno
2540 2320 2642 2374 116
2672 2319 2946 2389 Trajauus
2983 2320 3305 2374 excesserit.
3352 2319 3508 2374 Unde
3539 2329 3592 2374 et
3625 2321 3695 2374 de

2117 2427 2383 2466 annorum
2416 2425 2666 2475 numero,
2702 2409 2900 2478 quibus
2935 2409 3138 2464 vixisse
3176 2409 3350 2463 fertur
3389 2409 3695 2474 Adrianus,

2118 2503 2456 2559 desecandus
2502 2517 2646 2556 unus
2697 2500 2891 2565 fuerit;
2943 2508 3036 2553 aut
3069 2508 3215 2554 certe
3258 2516 3366 2554 non
3417 2500 3513 2554 illo
3546 2516 3696 2553 cess.

2124 2596 2456 2665 Vespasiano
2489 2593 2577 2647 VII
2602 2608 2664 2646 ac
2693 2593 2816 2646 Tito
2857 2591 2922 2656 ν,
2973 2593 3074 2646 hoc
3119 2601 3202 2646 est
3245 2592 3446 2645 Christi
3486 2593 3572 2656 76,
3599 2594 3700 2647 sed

2120 2703 2266 2742 anno
2297 2685 2652 2740 antecedente
2687 2692 2849 2738 natus
2872 2691 2957 2739 est
2990 2702 3002 2736 :
3035 2683 3135 2737 nisi
3161 2684 3288 2754 quid
3315 2684 3368 2736 in
3403 2686 3696 2739 consulum

2122 2780 2285 2843 serie,
2316 2777 2457 2848 quod
2484 2785 2819 2847 postremum
2864 2784 2972 2837 est,
3017 2776 3448 2844 perturbationis
3487 2777 3700 2832 incide-

2123 2873 2216 2925 rit.
2276 2871 2348 2924 De
2411 2884 2518 2938 qua
2564 2883 2623 2922 re
2687 2867 2754 2920 ad
2813 2867 3153 2921 eruditorum
3231 2875 3283 2921 et
3355 2867 3702 2937 antiquitatis

2125 2960 2500 3016 consultorum
2529 2959 2809 3011 hominum
2831 2956 3032 3026 judicia
3065 2973 3446 3026 provocamus.

2209 3049 2339 3104 Ἀπὸ
2382 3045 2495 3102 οὖν
2537 3048 2891 3116 Αὐγούστου
2937 3047 3060 3112 ἕως.
3108 3047 3428 3113 Ἀδριανοῦ.
3467 3046 3523 3099 Si
3566 3062 3703 3101 con-

2125 3149 2315 3211 ceptos
2348 3141 2415 3193 ab
2444 3139 2745 3208 Epiphanio
2781 3154 3039 3193 numeros
3087 3139 3384 3202 subducas,
3417 3153 3591 3193 annos
3631 3141 3702 3194 ab

2124 3237 2369 3302 Angusto
2405 3233 2646 3300 reperies
2683 3231 2806 3296 180,
2848 3246 2973 3285 cum
3028 3231 3312 3285 mensibus
3355 3247 3450 3297 vn,
3504 3231 3702 3286 diebus

2123 3341 2241 3390 xxi;
2296 3326 2341 3379 si
2395 3339 2611 3378 menses
2679 3323 3004 3378 trieenarios
3060 3331 3310 3388 statuas,
3387 3339 3562 3394 usque
3634 3326 3699 3378 ad

2125 3415 2347 3469 Adriani
2400 3416 2582 3470 linem.
2637 3413 2755 3467 Jam
2813 3423 2973 3469 antea
3033 3415 3424 3469 constituimus
3480 3415 3700 3470 initium

2123 3507 2356 3576 Augusti
2391 3523 2453 3560 ex
2489 3502 2776 3574 Epiphanii
2803 3516 2985 3560 mente
3006 3507 3058 3560 in
3086 3521 3288 3560 annum
3314 3507 3511 3561 cadere
3534 3507 3700 3561 Julia-

2123 3612 2254 3649 num
2287 3599 2530 3662 lertimn,
2562 3597 2725 3651 Urbis
2755 3615 2818 3650 ex
2859 3596 3196 3650 Varroniana
3228 3597 3438 3651 ratione
3467 3598 3593 3664 711,
3624 3599 3704 3652 al-

2125 3693 2301 3741 terum
2325 3687 2393 3740 ab
2424 3703 2556 3740 nece
2587 3686 2737 3740 Julii.
2769 3687 2816 3739 Is
2856 3698 2936 3741 est
2962 3689 3013 3740 in
3045 3689 3265 3757 periodo
3290 3687 3505 3742 Juliana
3535 3690 3698 3743 4671.

2124 3773 2349 3827 Adriani
2406 3775 2586 3830 obitus
2641 3776 2802 3843 vulgo
2847 3777 3139 3845 conjicitur
3193 3777 3247 3830 in
3301 3793 3500 3830 annum
3536 3777 3703 3832 Chri-

2125 3865 2191 3919 sti
2241 3863 2366 3929 158,
2412 3865 2618 3934 periodi
2672 3863 2781 3920 Jul.
2837 3865 2995 3919 4851.
3055 3869 3131 3921 Ab
3193 3882 3336 3920 anno
3370 3869 3533 3938 igitur
3564 3869 3696 3923 4671

2126 3955 2192 4009 ad
2225 3955 2398 4020 4851,
2443 3956 2570 4009 anni
2611 3956 2771 4010 solidi
2813 3964 3076 4024 putantur
3107 3957 3208 4010 180
3249 3967 3302 4012 οι
3345 3975 3563 4012 menses
3599 3961 3702 4012 ali-

2127 4058 2297 4116 quot,
2356 4049 2431 4102 ita
2485 4056 2544 4100 ut
2595 4049 2927 4103 centesimus
2975 4051 3340 4118 octogesimus
3375 4053 3584 4120 primus
3622 4054 3700 4106 in-

2127 4142 2249 4194 ierit
2277 4156 2420 4194 anno
2452 4147 2570 4210 ipso
2603 4141 2764 4195 4831.
2785 4141 2985 4196 Vellem
3018 4144 3311 4198 indicasset
3341 4143 3698 4213 Epiphanius,

2125 4243 2360 4296 quanam
2399 4245 2462 4283 ex
2511 4230 2600 4284 die
2656 4232 2883 4300 Augusti
2940 4232 3299 4302 primordium
3359 4234 3608 4295 duceret,
3645 4246 3702 4288 ut

2125 4318 2412 4380 sciremus,
2470 4337 2571 4373 cur
2625 4332 2820 4390 prieter
2865 4322 3070 4379 solidos
3125 4339 3296 4377 annos
3346 4323 3449 4376 180
3485 4340 3700 4378 menses

2127 4417 2390 4477 quatuor,
2448 4413 2630 4465 minus
2701 4415 2894 4468 diebus
2956 4431 3043 4479 Ix,
3109 4416 3480 4484 imputaverit.
3559 4415 3701 4468 Obiit

2126 4500 2400 4555 Adrianus
2440 4518 2494 4556 vt
2545 4503 2620 4557 ld.
2652 4503 2786 4568 Jul.,
2823 4522 2851 4558 a
2899 4522 3006 4576 quo
3041 4508 3127 4562 die
3163 4509 3206 4560 si
3254 4520 3397 4562 retro
3445 4526 3704 4564 numeres

2127 4608 2340 4647 menses
2376 4603 2509 4659 tres,
2570 4594 2688 4649 dies
2740 4614 2856 4662 xxI,
2891 4599 3170 4667 pervenies
3224 4599 3289 4652 ad
3343 4615 3435 4653 xxi
3487 4601 3702 4667 Martii;

2126 4685 2179 4737 in
2207 4701 2314 4752 quo
2338 4685 2611 4740 Nicmnmn
2655 4692 2944 4744 concilium
2991 4693 3282 4756 πολιτικῶς
3313 4695 3701 4763 :cquinortium

2126 4776 2312 4830 deﬁxit
2359 4795 2370 4831 :
2409 4787 2602 4846 estque
2650 4780 2736 4833 hic
2781 4781 2898 4835 dies
2948 4784 3230 4836 neomcnia
3282 4782 3442 4851 primi
3493 4783 3704 4836 mensis

2127 4868 2420 4939 paschalis,
2449 4871 2540 4938 qui
2580 4887 2641 4924 ex
2685 4873 3034 4940 paschalibus
3089 4875 3342 4936 terminis
3365 4881 3604 4934 constat,
3637 4889 3700 4926 ex

2127 4965 2310 5012 mente
2345 4959 2578 5011 Anatolii
2639 4959 2980 5028 aliorumque
3017 4969 3279 5018 veterum,
3315 4968 3370 5010 ιιι
3403 4959 3468 5010 ad
3503 4958 3701 5010 harum

2127 5049 2384 5102 diximus.
2434 5047 2620 5116 Itaque
2668 5050 2962 5104 verisimile
3013 5059 3116 5112 est,
3160 5049 3524 5118 Epiphanium
3568 5063 3703 5117 epo-

2128 5140 2282 5194 cham
2331 5139 2543 5207 imperii
2594 5141 2824 5210 Augusti
2877 5141 2931 5194 in
2981 5157 3049 5194 eo
3102 5140 3189 5194 die
3243 5140 3536 5201 collocare,
3576 5153 3701 5191 cum

2128 5241 2327 5302 printer
2369 5248 2540 5286 annos
2571 5233 2672 5288 180
2700 5249 2916 5290 menses
2948 5251 3000 5288 tv
3034 5236 3215 5289 minus
3242 5232 3434 5287 diebus
3464 5247 3517 5288 ix
3550 5230 3702 5283 attri-

2127 5323 2264 5376 buit.

2210 5437 2302 5501 Ὠς
2333 5432 2482 5490 εἶναι
2521 5438 2637 5490 ἀπὸ
2679 5441 2900 5507 χρόνον
2946 5440 3055 5507 τῆς
3085 5440 3416 5509 ἑρμηνείας.
3447 5439 3491 5492 A
3520 5437 3699 5494 Ptole-

2129 5529 2245 5580 maei
2278 5527 2612 5598 Philadelphi
2643 5546 2784 5584 anno
2820 5536 3049 5601 septimo
3082 5531 3147 5585 ad
3185 5533 3433 5586 ultinnnn
3466 5529 3699 5600 Cleopa.

2130 5628 2224 5671 lrze
2280 5620 2598 5672 numerabat
2649 5619 2984 5691 Epiphanius
3034 5639 3206 5677 annos
3257 5622 3397 5696 249,
3449 5637 3578 5676 cum
3617 5636 3699 5674 re-

2131 5728 2252 5767 vera
2287 5715 2392 5768 sint
2420 5712 2716 5769 secundum
2756 5716 2903 5768 illum
2944 5717 3068 5770 2ῐέ9.
3105 5716 3316 5772 Rursus
3351 5717 3418 5771 ab
3459 5716 3699 5788 Augusu
