3948 6196
273 122 339 179 £49

1092 124 1178 178 DE
1222 124 1661 180 ROMANORUM
1704 126 1882 181 ΙΜΡΡ.
1927 130 2440 194 Cl‘ll’tONOLOGIA.

3352 154 3456 209 550

260 243 393 315 prima
425 239 484 292 ad
520 254 597 292 stt
634 240 880 305 Adriani,
915 241 1040 293 anni
1091 251 1218 294 sunt
1270 241 1388 305 l7l,
1431 257 1649 296 menses
1689 258 1786 304 vn,
1824 245 1864 299 Λ
1895 242 2200 303 Turbonem
2235 266 2486 320 repressa
2509 253 2742 308 videtur.
2777 254 3056 314 Posterior
3077 271 3280 326 motus,
3301 265 3473 321 idem-

255 337 346 388 .lics
367 346 462 385 ut.
499 331 651 396 Quos
679 333 724 386 si
758 348 881 386 cum
909 331 1014 388 ἣδε)
1046 333 1422 402 conjunxeris,
1462 335 1790 405 colligentur

251 423 352 486 anni
381 421 492 486 450,
533 437 752 477 menses
775 439 874 488 vit,
903 423 1020 479 dies
1043 440 1165 486 xm;
1190 424 1234 478 si
1262 426 1480 493 quidem
1503 442 1568 479 ex
1595 425 1788 481 diebus

246 513 629 568 rxcurrentihus
663 514 990 569 tricenarius
1038 531 1256 571 menses
1299 515 1514 571 feceris.
1549 519 1789 587 Apparet

245 607 430 674 igitura
457 605 689 674 septimo
747 609 1024 662 l’tolemzei
1076 607 1432 677 Philadelphi,
1477 609 1543 662 ad
1581 611 1783 663 exitum

239 698 523 766 Cleopatrae,
555 712 663 750 non
691 697 820 762 249,
855 699 950 754 sed
992 699 1097 753 259
1145 715 1319 754 annos
1362 700 1638 768 imputari.
1680 700 1784 756 Sed

241 789 435 842 mirifica
492 796 599 850 est,
657 798 710 844 et
756 791 912 844 valde
975 791 1215 861 ἰδιωτική
1280 793 1384 846 ista
1448 794 1679 862 putatio,
1738 794 1786 849 si

236 879 430 948 perinde
465 887 628 948 atque
679 879 962 950 Epiphanii
1011 883 1256 937 calculus
1307 899 1416 951 pra:
1458 900 1516 939 se
1557 885 1656 939 fert
1695 901 1785 939 ac-

233 972 390 1040 cipcre
430 972 698 1036 velimus;
746 987 871 1026 nam
925 973 1048 1026 dua:
1098 983 1228 1028 sunt
1277 975 1500 1043 ὁμάδες,
1550 992 1616 1030 ex
1658 977 1782 1045 qui—

232 1064 316 1115 hus
360 1061 456 1115 430
505 1077 772 1115 annorum
823 1077 1032 1116 summa
1087 1063 1404 1118 conflatur:
1467 1067 1641 1134 prima
1694 1073 1778 1122 est

230 1167 253 1204 a
292 1167 353 1204 vu
401 1150 739 1220 Philadelphi
795 1152 861 1206 ad
928 1154 1180 1208 ultimum
1228 1155 1548 1225 Cleopatrm,
1611 1172 1782 1212 anno-

227 1255 328 1294 rnnt
369 1241 503 1306 259;
540 1243 708 1297 altera
738 1243 807 1298 ab
842 1245 998 1299 initio
1035 1247 1265 1317 Augusti
1298 1249 1363 1303 ad
1398 1249 1780 1304 duodecimum

225 1331 446 1396 Adriani,
470 1347 743 1388 annorum
771 1333 886 1390 fere
911 1336 1002 1388 t7l
1019 1377 1031 1389 .
1066 1335 1186 1402 Qua
1212 1340 1425 1392 ratione
1448 1355 1675 1395 necesse
1696 1348 1781 1395 est

224 1421 429 1490 primum
458 1439 670 1479 annum
713 1427 944 1495 Augusti
989 1437 1113 1497 post
1166 1429 1417 1483 ultimum
1479 1432 1780 1501 Cleopatra:

222 1516 492 1568 numerari.
535 1516 700 1586 Atqui
750 1519 1060 1590 Cleopatra:
1089 1522 1316 1577 ultimus
1347 1525 1598 1592 congruit
1633 1541 1778 1579 anno

1890 353 1997 405 que
2027 339 2339 396 diuturnior
2377 351 2429 396 et
2473 344 2791 399 horribilior
2837 349 2892 402 in
2954 367 3042 405 xvr
3083 355 3308 409 Adriani
3340 372 3473 412 con-

1892 428 2066 484 fertur
2090 432 2143 486 in
2182 435 2493 489 liusirhiauo
2526 437 2806 492 Chronico.
2832 440 3003 510 Cujus
3031 455 3225 500 auctor
3255 449 3464 503 Coche-

1889 521 2006 583 bas,
2035 525 2148 578 sive
2173 513 2552 581 Barcoifhebas
2580 529 2718 582 latro
2740 533 2958 599 quidam
2977 538 3207 592 exstitit.
3234 540 3467 595 Causam

1889 613 2015 666 belli
2053 616 2377 684 St‘iartianus
2406 619 2575 674 fuisse
2607 621 2761 685 dicit,
2791 625 2929 692 quod
2955 631 3266 683 vetabantur
3308 637 3475 702 muti-1

1891 707 2000 759 lare
2036 709 2314 776 genitalia,
2352 709 2666 780 Xiphilinus
2697 728 2728 767 e
2776 713 2966 780 Dione,
3001 721 3147 787 quod
3177 735 3301 774 cum
3345 722 3468 777 Ilie-

1888 800 2216 868 rosolymam
2283 803 2676 867 instaurasset,
2743 805 3048 878 Etiamque
3106 815 3468 880 nominasset,

1885 886 2036 942 Jovis
2068 890 2328 958 templum
2381 893 2434 946 itt
2474 894 2664 948 eodem
2709 898 2830 951 loco
2879 901 3146 968 condidit,
3195 905 3285 960 tibi
3331 916 3468 960 tem-

1887 979 2034 1047 plum
2061 982 2191 1034 olim
2231 991 2476 1039 steterat.
2521 985 2675 1042 Unde
2721 991 2962 1058 graviter
2993 998 3254 1050 commoti
3291 998 3465 1052 Judmi

1887 1083 2043 1122 atrox
2077 1071 2282 1126 bellum
2313 1076 2644 1142 evcitarunt,
2669 1079 2831 1144 duce,
2868 1083 2944 1134 uti
2973 1084 3177 1138 dictum
3201 1096 3307 1151 est,
3335 1088 3465 1140 Bar-

1886 1163 2125 1215 cocheba
2160 1183 2171 1217 :
2209 1166 2356 1233 quod
2394 1165 2648 1222 Justinus
2685 1170 2738 1223 in
2774 1174 2994 1244 Apolog.
3029 1185 3280 1232 testatur.
3325 1180 3462 1238 lluic

1884 1268 2012 1307 vero
2044 1255 2203 1310 linem
2235 1256 2548 1326 impositum
2571 1263 3049 1322 scribitEusebius
3067 1284 3210 1325 anno
3235 1272 3462 1329 Adriani

1884 1360 2015 1398 xvut
2046 1364 2060 1399 :
2100 1347 2246 1415 quod
2301 1357 2356 1402 et
2395 1350 2534 1405 libro
2570 1368 2623 1407 tv
2659 1353 2804 1409 llist.
2839 1371 2961 1427 cap.
3006 1359 3058 1422 6,
3095 1375 3160 1415 ex
3209 1362 3464 1418 Aristono

1885 1433 2079 1488 Pellaeo
2102 1447 2310 1492 narrat.
2339 1439 2504 1510 Atqui
2530 1458 2675 1497 anno
2707 1445 2800 1498 illo
2828 1461 2957 1500 xvut
2997 1449 3187 1518 imper.
3239 1452 3463 1506 Adriani

1883 1525 2131 1595 ἀκμάσαι
2167 1529 2260 1581 τὸν
2307 1532 2541 1602 πόλεμον
2591 1536 2776 1591 Aristo
2829 1540 3148 1608 scripserat.
3199 1540 3324 1596 ideo
3361 1544 3466 1598 sub

223 1605 364 1664 Urbis
388 1609 510 1673 72$,
541 1609 760 1664 Juliano
794 1612 1006 1667 decimo
1041 1621 1219 1677 sexto,
1268 1614 1496 1683 Augusti
1525 1631 1654 1669 vero
1679 1616 1777 1668 im-
1814 1609 1852 1662 Β
1881 1616 2104 1671 Adriani
2159 1618 2319 1675 finem
2368 1622 2600 1680 desiisse
2628 1635 2783 1696 putat
2833 1605 3096 1700 Scaliger,
3128 1647 3302 1703 neque
3333 1634 3464 1689 dum

220 1701 458 1767 peratoris
479 1702 704 1756 decimo
754 1714 976 1772 quarto.
1009 1705 1379 1776 Epiphaniam
1405 1707 1568 1776 igitur
1587 1707 1686 1760 hac
1712 1723 1776 1760 ex

219 1801 350 1860 parte
383 1797 546 1860 ratio,
588 1806 646 1850 ut
678 1797 920 1852 Lucilius
953 1799 1048 1861 ait,
1075 1815 1342 1867 perversa,
1378 1816 1488 1854 trra
1518 1801 1778 1855 subducta

217 1885 436 1950 improbe.
461 1887 605 1953 Qua:
637 1891 858 1960 quidem
893 1891 966 1944 ita
1005 1893 1345 1946 restituenda
1379 1901 1508 1947 sunt
1546 1913 1557 1946 :
1585 1895 1776 1946 Annus

217 1973 534 2048 Philadelphi
576 1982 873 2050 septimus,
919 1992 980 2036 ut
1037 1999 1201 2054 supra
1254 1985 1774 2048 demonstravimus,

215 2069 440 2123 convenit
466 2085 622 2124 anno
653 2073 862 2142 periodi
901 2073 1130 2129 Julianze
1162 2075 1337 2141 4455;
1377 2075 1599 2129 Adriani
1646 2091 1776 2129 vero

216 2159 572 2227 duodecimus,
601 2163 806 2219 Christi
836 2166 958 2231 128,
996 2168 1203 2236 periodi
1235 2165 1466 2220 Iuliana:
1493 2175 1577 2221 est
1605 2167 1767 2221 48H.

213 2251 540 2325 Colliguntur
583 2272 613 2310 a
650 2259 884 2328 septimo
924 2259 1262 2330 Philadelphi
1294 2262 1360 2314 ad
1389 2260 1772 2316 duodecimum

213 2344 428 2411 Adriani,
457 2349 596 2402 anni
626 2350 751 2404 406.
791 2352 962 2406 Annis
1005 2352 1185 2421 itaque
1228 2369 1353 2406 XXIV
1395 2351 1584 2408 solidis
1613 2351 1776 2404 aber-

212 2447 280 2490 rat
317 2437 604 2509 Epiphanii
637 2440 908 2495 calculus.

269 2525 445 2596 οὗτος
491 2530 573 2583 δὲ
625 2534 658 2584 d
703 2531 1028 2599 Ἀδριανός.
1081 2534 1415 2591 Athanasius
1468 2538 1536 2592 de
1581 2539 1772 2594 eodem

213 2619 400 2688 Aquila,
441 2623 547 2676 ἐπὶ
597 2622 876 2692 Ἀδριανοῦ
919 2623 1184 2693 βασιλέως
1241 2626 1336 2677 τοῦ
1387 2613 1773 2693 λεπτώυέντος.

211 2707 302 2763 Pro
326 2728 428 2781 quo
463 2713 721 2782 Scaliger
755 2713 1127 2785 λεπρωοέντος
1162 2716 1562 2774 absurdissime
1596 2722 1766 2774 corri-

207 2803 290 2872 git.
323 2806 452 2859 Cum
490 2807 801 2870 ὶεπτωοείς
833 2824 1022 2876 parum
1068 2809 1192 2864 licet
1233 2819 1375 2865 tcrse
1407 2827 1507 2881 pro
1541 2813 1776 2868 λεπτυν-

209 2896 306 2960 Osi;
338 2899 439 2952 dici
489 2901 756 2969 potuerit.
797 2899 929 2952 Nam
965 2902 1088 2956 tabe
1128 2905 1434 2970 confectus,
1475 2914 1532 2960 ut
1573 2907 1650 2959 ait
1680 2907 1772 2961 Vi-

209 2998 329 3052 ctor,
366 2991 645 3047 Adrianus
685 2992 867 3062 periit.
914 2991 1047 3046 Vide
1082 2993 1450 3063 Spartianum.

268 3085 328 3135 Ut
356 3084 419 3135 δὲ
455 3083 662 3138 πολλὰ
709 3086 1091 3153 κεκμηκότες.
1139 3084 1486 3155 Xiphilinus:
1528 3089 1770 3142 Ἐτελεύ-

206 3186 321 3242 τησε
349 3173 518 3243 λέγων
549 3175 649 3227 καὶ
681 3175 818 3244 βοῶν
867 3176 928 3227 τὸ
959 3175 1224 3246 δημῶδες,
1264 3179 1344 3231 ὅτι
1379 3179 1563 3233 πολλοὶ
1600 3183 1772 3251 ἰατροὶ

205 3261 402 3327 βατιλέα
429 3265 748 3318 ἀπώλεσαν.

263 3356 582 3410 Στέλλεται
621 3357 735 3422 τὴν
763 3359 1030 3422 πορείαν.
1076 3356 1248 3412 Nimis
1292 3357 1404 3412 haec
1446 3360 1674 3429 abrupte
1705 3360 1772 3414 de

202 3450 624 3516 peregrinatione
655 3449 910 3515 subjecit,
944 3449 1101 3516 quasi
1144 3460 1496 3518 posteaquam
1538 3451 1591 3504 in
1624 3467 1773 3504 mor-

202 3536 312 3590 bum
341 3539 532 3594 incidit
567 3538 850 3593 Adrianus
886 3539 1030 3592 illam
1073 3541 1401 3609 susceperit.
1444 3542 1768 3598 Addendum

197 3628 362 3698 itaque
389 3632 676 3685 στέλλεται
699 3630 776 3686 δέ.
805 3630 1032 3684 Multum
1069 3647 1132 3685 ac
1157 3631 1249 3685 diu
1284 3635 1662 3704 peregrinatus
1684 3647 1770 3693 est

197 3717 474 3788 Adrianus,
513 3729 578 3776 ut
609 3736 674 3776 ex
703 3719 1018 3790 Spartiano,
1061 3720 1342 3790 Xiphilino
1373 3724 1602 3793 aliisque
1635 3742 1769 3782 con-

191 3814 309 3872 stat,
350 3824 412 3862 ac
469 3810 681 3880 sapius
733 3808 1008 3863 Orientem
1063 3807 1388 3878 Syriamque
1433 3812 1763 3879 peragravit.

193 3895 306 3952 Ilzec
337 3910 522 3954 autem
571 3899 855 3970 profectio,
883 3900 951 3956 de
975 3916 1081 3970 qua
1104 3901 1193 3954 hic
1216 3899 1552 3969 Epiphanius
1588 3903 1766 3971 loqui-

185 3994 286 4049 tur,
324 3993 430 4044 sub
472 3990 614 4044 illud
665 3999 882 4058 tempus
933 3989 1180 4057 contigit,
1231 4004 1340 4057 quo
1389 3985 1767 4058 Hierosolyma

187 4076 533 4135 instauravit.
580 4080 734 4145 Quod
765 4079 1114 4149 quandouam
1166 4081 1367 4134 factum
1400 4081 1492 4143 sit,
1545 4095 1654 4134 non
1688 4080 1769 4133 fa-

182 4166 276 4222 cile
326 4179 414 4225 est
469 4173 818 4226 discernere.
853 4171 967 4225 Non
1009 4173 1153 4226 enim
1200 4172 1366 4226 semel
1414 4172 1483 4226 ab
1523 4172 1767 4226 Adriano

1799 2947 1842 3006 C

1885 1723 2015 1760 ttth
2048 1725 2192 1763 anno
2236 1714 2514 1769 terminari
2574 1720 2833 1786 potuisse.
2883 1720 2987 1776 Sed
3043 1723 3217 1780 futilis
3268 1734 3353 1780 est
3397 1741 3463 1781 ac

1882 1797 2156 1854 levissima
2191 1804 2364 1864 ratio;
2397 1822 2522 1860 nam
2578 1809 2697 1862 belli
2732 1810 2813 1863 vis
2863 1813 2918 1864 in
2965 1813 3219 1867 ultimum
3254 1832 3459 1871 annum

1882 1890 2198 1948 incumbere
2221 1897 2418 1963 potuit,
2449 1913 2572 1951 cum
2599 1899 2880 1954 Betherem
2903 1902 3119 1957 obsedit
3148 1906 3454 1962 Adrianus:

1880 1999 1984 2053 qua
2015 1985 2068 2037 in
2121 1996 2447 2054 potestatem
2483 1990 2727 2051 redacta,
2764 1993 2966 2049 occisis
3006 1994 3261 2050 factionis
3299 1997 3458 2053 duci-

1882 2075 2003 2139 bus,
2042 2077 2247 2131 bellum
2280 2087 2363 2133 est
2386 2095 2549 2136 omne
2594 2081 2941 2138 restinctnm.
2985 2085 3104 2138 Dixi
3145 2085 3459 2160 Hierosoly-

1879 2181 2092 2219 morum
2136 2167 2600 2224 instaurationem
2656 2175 3046 2228 nonnullorum
3077 2193 3143 2230 ex
3183 2181 3456 2232 sententia

1877 2255 2103 2313 Judaica
2143 2259 2246 2313 ista
2280 2260 2552 2316 seditione
2584 2265 2942 2331 posteriorem
2992 2265 3196 2333 fuisse;
3233 2267 3456 2321 Dionem

1884 2361 2012 2400 vero
2066 2355 2227 2401 antea
2289 2350 2591 2420 contigisse
2632 2353 2898 2408 scribere.
2947 2353 3004 2408 Si
3055 2367 3184 2411 ante
3239 2355 3460 2412 Judzeos

1877 2451 2220 2507 compressos
2274 2456 2337 2493 ac
2387 2441 2702 2512 profligatos
2778 2447 3010 2513 accidit,
3061 2448 3166 2503 hoc
3213 2459 3297 2504 est
3353 2452 3458 2503 sub

1877 2540 2080 2580 annum
2118 2528 2343 2582 Adriani
2373 2547 2481 2592 xvr,
2512 2549 2634 2586 cum
2669 2535 2740 2588 sit
2770 2550 2950 2590 annus
2981 2538 3184 2592 Christi
3221 2541 3342 2605 132,
3375 2544 3459 2594 vel

1878 2616 1999 2680 135,
2040 2618 2108 2672 ab
2153 2619 2304 2674 urbis
2343 2622 2578 2684 excidio,
2615 2626 2763 2692 quod
2816 2642 2963 2680 anno
2999 2627 3323 2698 Vespasiani
3359 2647 3449 2685 se-

1877 2708 2059 2762 cundo
2115 2711 2368 2781 contigit,
2413 2713 2616 2768 Christi
2667 2717 2754 2778 70,
2810 2718 2939 2770 anni
2988 2726 3118 2772 sunt
3168 2721 3338 2776 ferme
3363 2723 3452 2777 6'5.

1877 2797 2102 2854 Duobus
2137 2817 2292 2865 vero,
2325 2804 2569 2859 tribusve
2611 2807 2795 2874 plures
2828 2819 3009 2876 erunt,
3043 2813 3088 2866 si
3122 2813 3274 2866 linito
3310 2814 3456 2869 bello

1877 2891 2069 2946 urbem
2096 2891 2373 2948 Adrianus
2423 2896 2704 2950 excitarit.
2737 2897 3005 2962 Quocirca
3037 2918 3145 2956 non
3187 2904 3322 2958 satis
3354 2920 3452 2960 ex-

1877 2985 2032 3032 actus
2069 2987 2154 3032 est
2177 2980 2466 3050 Epiphanii
2494 2999 2778 3053 numerus,
2819 2989 2908 3056 qui
2941 2989 3009 3042 47
3057 3005 3236 3046 annos
3267 2993 3453 3049 abillo

1874 3070 2090 3124 excidio
2123 3073 2353 3144 colligit.
2385 3074 2711 3147 Quanquam
2759 3096 2867 3134 non
2898 3079 3219 3152 Vespasiani
3256 3081 3327 3149 2,
3358 3087 3454 3141 sed

1875 3160 2005 3224 Titi,
2038 3175 2406 3234 expugnatam
2441 3168 2630 3223 urbem
2659 3171 2963 3237 existimat,
3002 3188 3032 3226 a
3075 3190 3182 3243 quo
3219 3175 3286 3228 ad
3318 3184 3460 3230 ιαιιι·

1874 3269 1977 3324 pus
2013 3256 2164 3316 illud,
2193 3273 2302 3327 quo
2331 3261 2575 3315 eamdem
2617 3262 2799 3318 dcnno
2834 3265 3110 3320 Adrianus
3144 3271 3343 3332 erexit,
3370 3269 3456 3324 vel

1874 3344 1944 3399 ad
1973 3347 2148 3401 locum
2207 3350 2384 3418 ipsum
2420 3355 2690 3421 pervenit,
2735 3357 2880 3424 quod
2912 3356 3185 3411 decimum
3238 3369 3451 3415 sextum

1874 3437 2080 3507 aliquot
2111 3439 2272 3494 annis
2311 3444 2634 3498 antecedere
2673 3446 2871 3514 potuit,
2922 3449 3056 3502 anni
3105 3451 3229 3519 plus
3269 3451 3451 3504 minus

1875 3543 2018 3582 xt.vtt
2055 3531 2284 3600 reperiri
2316 3543 2569 3602 possunt.

1948 3622 2061 3674 ’Ἠν
2091 3622 2461 3690 κατέστρεψε
2509 3625 2692 3690 Τίτος.
2736 3625 2979 3688 Falsum,
3025 3629 3294 3683 accidisse
3345 3631 3448 3686 sub

1873 3709 1997 3763 Tito
2035 3729 2048 3763 :
2084 3726 2206 3763 nam
2238 3712 2311 3775 id,
2333 3711 2670 3780 VcSpasiano
2702 3715 3025 3784 imperante,
3058 3718 3307 3788 contigit.

1941 3800 2049 3854 Καὶ
2085 3797 2223 3867 εὗρε
2253 3801 2366 3869 τὴν
2410 3803 2594 3854 πόλιν
2643 3802 2867 3857 πᾶσαν.
2905 3803 3157 3874 Plerique
3205 3815 3451 3860 veterum

1871 3890 2093 3945 Patrum
2137 3891 2516 3962 Hierosolyma
2563 3903 2764 3964 negant
2813 3893 3058 3950 funditus
3087 3911 3118 3949 a
3157 3896 3282 3951 Tito
3314 3900 3448 3953 sub-

1871 4000 2056 4052 versa;
2086 3983 2182 4040 sed
2207 3985 2439 4040 mediam
2465 3985 2616 4040 urbis
2636 3995 2842 4056 partem
2868 3987 3083 4042 excidio
3108 3991 3452 4059 superfuisse

1873 4077 2082 4142 dicunt,
2118 4092 2280 4146 quam
2326 4087 2514 4147 postea
2546 4079 2667 4133 solo
2711 4079 2947 4148 aequavit
2985 4078 3286 4134 Adrianus.
3323 4081 3449 4135 ldeo

1874 4169 1959 4223 bis
1989 4184 2237 4223 cvi-rsam
2271 4170 2417 4222 illam
2460 4180 2736 4226 asserunt.
2781 4173 2860 4226 Ita
2897 4170 3166 4228 Eusebius
3202 4173 3296 4228 lib.
3349 4190 3449 4228 vm

183 4266 480 4332 compressi
543 4281 612 4320 ac
649 4265 937 4336 perdomiti
966 4273 1093 4320 sunt
1119 4263 1313 4319 Judaei.
1346 4263 1593 4320 Primum
1624 4280 1768 4319 anno
1801 4275 1843 4329 ι)
1877 4259 1954 4314 De
1982 4261 2294 4327 demonslr-.
2333 4277 2455 4332 σπι).
2499 4262 2584 4327 18,
2625 4262 3012 4335 Hieronymus,
3062 4264 3280 4336 aliique.
3310 4282 3448 4336 (lllOS

180 4351 388 4421 imperii
444 4357 700 4410 secundo
745 4355 1072 4410 rebellantes
1135 4356 1256 4410 illos
1304 4355 1533 4419 attrivit,
1600 4365 1657 4410 ut
1711 4356 1764 4410 in

181 4440 439 4498 Chronico
472 4447 674 4500 scribit
706 4447 993 4502 Eusebius.
1029 4445 1448 4500 Alexandrinum
1469 4446 1767 4500 Chronicon

179 4531 276 4588 hoc
316 4535 384 4590 ad
419 4553 638 4590 annum
672 4553 728 4591 ut
760 4536 965 4603 refert;
995 4538 1254 4606 additque
1293 4545 1424 4591 tunc
1465 4537 1766 4592 Adrianum

177 4621 623 4698 Hierosolymam
657 4630 896 4691 venisse,
926 4637 980 4684 et
1009 4629 1186 4698 captis
1211 4627 1414 4684 Judteis
1438 4628 1504 4683 ad
1539 4629 1769 4684 terebin-

178 4713 323 4768 thum
353 4720 611 4785 venisse,
634 4721 817 4791 ibique
846 4729 1146 4776 mercatum
1180 4720 1398 4774 illorum
1428 4721 1766 4784 instituisse;

173 4817 459 4871 postremo
491 4812 763 4868 subverso
789 4815 990 4883 templo
1013 4816 1201 4869 urbem
1236 4813 1596 4873 instaurassc,
1627 4827 1769 4867 eam-

174 4912 275 4965 que
303 4902 374 4956 de
408 4918 527 4955 suo
569 4906 785 4961 nomine
819 4907 1027 4960 zEliam
1058 4906 1381 4975 appellasse.
1410 4905 1540 4967 Qua:
1571 4903 1768 4970 partim

172 4989 304 5044 falsa
358 5003 530 5056 sunt,
566 4997 760 5065 partim
809 4998 987 5053 alieno
1035 5005 1278 5066 tempore
1311 4997 1512 5066 posita.
1552 4991 1767 5051 Fa’lsum

168 5090 268 5144 ω,
308 5082 635 5138 Adrianum
671 5087 930 5156 templum
961 5086 1293 5146 Judmorum.
1317 5085 1463 5155 quod
1498 5100 1766 5155 nusquam

169 5177 284 5223 turn
328 5182 481 5237 erat,
513 5174 834 5231 demolitum
863 5192 1004 5232 esse.
1039 5176 1200 5232 Urbis
1228 5185 1406 5232 autem
1442 5177 1769 5232 instauratio

171 5257 262 5310 diu
299 5272 504 5328 postea
564 5265 805 5335 contigit.
848 5265 1028 5320 Prima
1069 5265 1377 5324 Judazorutn
1431 5270 1616 5324 clades
1665 5266 1768 5322 sub

174 5351 449 5420 Adriano,
510 5357 736 5412 ineunte
785 5359 928 5412 illius
973 5359 1200 5427 imperio
1246 5365 1464 5432 accidit,
1515 5372 1573 5416 ut
1623 5369 1765 5416 recte

178 5440 430 5512 Scaliger
483 5447 547 5498 in
600 5449 955 5502 Animadorrs.
997 5449 1063 5500 ad
1119 5464 1204 5502 an.
1264 5456 1403 5520 2124
1472 5454 1760 5515 observat,

179 5535 400 5603 quando
458 5535 786 5592 seditionem
823 5538 1180 5602 concitarunt,
1213 5559 1332 5616 qua
1372 5568 1475 5634 per
1512 5545 1762 5600 Martium

1870 4352 2005 4406 citat
2073 4368 2134 4406 ac
2167 4352 2367 4406 refellit
2410 4355 2653 4425 Scaliger
2695 4355 2759 4408 ad
2792 4372 2993 4408 annum
3033 4357 3255 4411 Eusebii
3286 4358 3446 4412 ιιι-ο.

1873 4441 2022 4496 llanc
2048 4457 2178 4496 vero
2209 4442 2506 4496 secundam
2544 4444 2695 4499 urbis
2743 4444 3111 4498 calamitatem
3149 4447 3310 4500 iidem
3370 4448 3446 4500 illi

1871 4544 1994 4603 post
2023 4533 2308 4589 Judaicatn
2348 4535 2494 4588 illam
2537 4536 2859 4589 seditionem
2886 4551 2915 4586 a
2958 4534 3207 4589 Cocheba
3241 4536 3446 4589 confla-

1870 4635 2002 4690 tam,
2035 4627 2398 4695 eumdemque
2438 4636 2690 4680 necatum
2732 4626 2994 4681 incidisse
3021 4640 3344 4690 memorant,
3381 4643 3449 4680 ac

1872 4730 1984 4773 ttun
2019 4717 2234 4772 denmm
2263 4733 2453 4773 eversa
2513 4719 2732 4788 penitus
2779 4719 2933 4784 urbe,
2982 4716 3184 4772 )Eliam
3222 4735 3288 4774 ex
3323 4719 3447 4789 ejus

1871 4813 2047 4866 ruinis
2073 4812 2386 4866 excitatam.

1943 4903 2051 4975 Ego
2094 4920 2222 4958 vero
2267 4902 2425 4958 Dioni
2477 4920 2706 4974 prorsus
2762 4903 3058 4970 assentior,
3105 4904 3196 4973 qui
3243 4901 3443 4957 Elian)

1871 5005 1997 5052 ante
2028 4994 2316 5051 Judaicum
2354 4995 2507 5050 illum
2551 5004 2756 5051 motum
2792 4996 2860 5050 ab
2901 4996 3140 5048 Adriano
3169 4995 3445 5050 conditam

1871 5088 2100 5142 atiirtnat
2128 5107 2140 5141 :
2176 5087 2337 5154 cujus
2365 5088 2529 5140 etiam
2563 5087 2854 5140 occasione
2898 5087 3194 5140 rebellasse
3225 5083 3446 5139 Judaros

1870 5176 2060 5242 refert,
2091 5193 2213 5231 cum
2243 5177 2295 5228 in
2329 5191 2392 5228 ea
2424 5174 2576 5229 Jovis
2603 5175 2893 5244 Capitolini
2931 5175 3187 5244 templum
3223 5185 3444 5231 exstru-

1871 5269 2060 5324 xisset.
2097 5265 2205 5320 Nec
2243 5265 2373 5319 illud
2402 5265 2707 5335 approbare
2741 5280 2988 5334 possum,
3018 5263 3252 5318 mediam
3289 5265 3444 5321 urbis

1870 5367 2078 5430 partem
2119 5356 2288 5426 priori
2325 5354 2400 5407 illi
2430 5354 2570 5407 cladi
2605 5353 2952 5424 superstitem
2988 5353 3174 5407 fuisse.
3208 5351 3327 5407 Non
3361 5362 3444 5407 ta-

1869 5467 1990 5507 men
2027 5446 2336 5512 nc,.',andum
2386 5451 2488 5505 est,
2528 5443 2660 5510 quin
2694 5456 2871 5510 parva.-
2905 5441 3151 5511 quzedam
3196 5443 3443 5511 reliquiae

1869 5546 1934 5599 ad
1984 5539 2208 5596 Adriani
2267 5549 2511 5605 tempora
2567 5533 2954 5604 perstitcrint:
3011 5534 3157 5603 quod
3212 5535 3445 5588 nimium
