4028 6220
421 276 519 329 551

409 400 706 466 praefracte
735 399 865 454 facit
900 398 1166 468 Scaliger.
1202 396 1304 463 Qui
1332 404 1384 452 et
1416 396 1780 469 Epiphanium
1812 401 1995 456 redar-
2025 407 2068 463 Α

418 491 554 559 guit,
583 489 726 559 quod
752 489 980 543 aedilicia
1015 488 1245 556 aliquot,
1274 497 1329 541 et
1371 505 1673 560 synagogas
1701 507 1825 546 cum
1850 492 2002 546 Chri-

418 583 722 635 stianorum
751 579 973 648 templis
996 579 1266 633 restitisse
1295 579 1463 633 dicat.
1485 578 1619 635 Nam
1644 582 1773 636 illud
1794 583 1998 637 Christi

418 672 631 724 Domini
681 670 1004 723 vaticinium
1062 671 1333 740 Opponit:
1380 671 1503 725 Non
1562 673 1789 726 manebit
1860 674 1997 743 lapis

414 778 573 830 super
626 760 851 827 lapidem
884 757 1101 831 (Matth.
1153 776 1300 826 xxrv,
1346 762 1424 832 2).
1476 761 1678 817 Verum
1721 763 1995 835 Josephus

416 852 533 920 ipse
588 852 679 905 lib.
724 866 820 916 vu,
850 865 970 920 cap.
1015 850 1101 912 18.
1149 860 1328 905 turres
1378 868 1407 905 a
1450 851 1573 907 Tito
1624 864 1731 909 tres
1777 856 1995 911 relictas

415 957 540 995 eum
574 941 904 995 occidentali
937 943 1078 994 muri
1114 949 1268 1012 parte
1298 943 1510 1006 scribit,
1544 953 1603 997 ut
1635 960 1697 998 ea
1732 945 1875 998 velut
1901 960 1994 999 ca-

415 1042 526 1086 stra
559 1032 911 1102 prwsidiariis
936 1042 1139 1087 essent.
1171 1031 1323 1087 Unde
1349 1048 1456 1087 non
1487 1042 1595 1087 tam
1628 1036 1800 1105 rigide
1830 1036 1992 1090 verba

414 1125 505 1177 illa
536 1124 739 1177 Christi
798 1123 1116 1192 accipienda
1174 1123 1451 1190 videntur,
1494 1124 1644 1179 nulla
1688 1133 1769 1189 ut,
1824 1126 1991 1180 etiam

412 1214 629 1281 exigua,
666 1227 792 1280 pars
848 1210 1003 1264 urbis
1053 1212 1401 1275 remanserit,
1447 1212 1541 1267 sed
1584 1218 1644 1265 ut
1687 1212 1878 1282 majori
1925 1228 1991 1268 ex

414 1311 570 1371 parte
600 1304 717 1355 solo
747 1308 961 1370 aequata
1017 1309 1072 1355 et
1106 1300 1449 1370 complanata
1485 1299 1671 1365 fuerit,
1708 1310 1803 1356 aut
1841 1302 1990 1357 illius

412 1407 562 1449 certe
592 1392 892 1462 prophetia:
908 1392 1088 1445 exitus
1107 1391 1333 1445 Adriani
1352 1404 1684 1462 quoquetem
1693 1408 1821 1461 pora
1839 1408 1990 1448 com-

414 1486 692 1554 plectitur.
729 1482 1091 1548 Quamobrem
1135 1483 1401 1552 paulatim
1436 1483 1659 1546 accidit,
1695 1494 1755 1537 ut
1790 1485 1987 1553 partim

412 1574 611 1635 Judaei,
650 1574 850 1643 partim
876 1572 1179 1628 Christiani
1215 1573 1332 1627 sive
1356 1573 1411 1627 in
1445 1573 1739 1643 superstite
1770 1574 1861 1628 illa
1890 1590 1987 1628 ur-

413 1665 504 1721 bis
534 1672 707 1735 parte,
759 1665 877 1721 sive
932 1665 985 1719 in
1018 1666 1328 1735 propinquo
1358 1665 1541 1734 aliquo
1564 1666 1688 1720 loco
1710 1664 1985 1720 domicilia

413 1757 755 1811 collocarint.
793 1755 925 1823 Quae
953 1756 1136 1810 omnia
1171 1772 1278 1809 una
1326 1770 1451 1809 cum
1483 1756 1764 1811 veteribus
1797 1754 1991 1811 lliero-
2024 1760 2064 1815 Β

412 1847 748 1917 solymorum
805 1845 1053 1915 reliquiis
1105 1844 1382 1899 Adrianus
1426 1842 1718 1899 demolitus
1770 1851 1877 1905 est.
1927 1860 1991 1897 ac

413 1951 612 1990 novam
650 1951 679 1988 a
713 1934 1083 1990 fundamentis
1111 1933 1297 1987 urbem
1325 1933 1599 1988 exstruxit
1626 1951 1639 1987 :
1670 1950 1777 1987 non
1809 1942 1991 1988 tamen

413 2027 608 2081 iisdem
646 2026 699 2079 in
736 2026 1002 2096 vestigiis,
1046 2026 1251 2095 quibus
1280 2026 1433 2096 prior
1480 2026 1822 2089 constiterat,
1873 2026 1990 2090 sed,

414 2127 475 2171 ut
507 2120 560 2172 in
591 2117 810 2173 urbium
858 2117 1264 2172 instauratione
1298 2116 1499 2187 saepius
1540 2116 1816 2180 usuvenit,
1849 2116 1991 2170 haud

414 2211 668 2280 procula
726 2209 891 2265 veteri
941 2209 1091 2264 sede.
1127 2208 1267 2262 llinc
1317 2215 1403 2263 est
1450 2206 1598 2277 quod
1648 2205 1892 2261 Hilarius
1936 2208 1990 2259 in

409 2302 548 2368 psul.
584 2316 745 2355 cxxxt
782 2314 834 2354 ct
885 2316 1083 2367 chvi,
1128 2300 1466 2354 Athanasius
1516 2300 1611 2353 lib.
1655 2298 1729 2353 De
1779 2301 1986 2354 incarn.

424 2393 596 2455 Verbi,
627 2402 679 2446 et
719 2394 812 2445 alii
843 2392 1066 2461 quidam
1100 2393 1255 2445 aiunt
1300 2390 1675 2460 Hierosolyma
1708 2406 1810 2443 suo
1855 2400 1991 2443 tem-

412 2499 545 2553 pore
591 2499 697 2537 non
733 2485 1014 2537 exstitisse
1046 2500 1060 2536 :
1096 2497 1223 2535 nam
1274 2480 1420 2551 quod
1467 2496 1578 2533 non
1617 2481 1809 2534 eodem
1845 2480 1987 2544 loco,

413 2574 502 2628 ubi
539 2575 690 2644 prior
728 2574 832 2629 sita
870 2573 1069 2636 fuerat,
1106 2588 1245 2627 nova
1293 2579 1437 2627 esset
1467 2572 1535 2627 ab
1567 2570 1808 2625 Adriano
1854 2586 1988 2625 con-

410 2665 558 2731 dita;
603 2672 870 2735 negarunt
905 2662 1027 2719 ideo
1064 2661 1442 2734 Hierosolyma
1482 2678 1795 2733 superesse.
1837 2662 1991 2718 llila-

413 2758 479 2811 iii
528 2757 692 2811 verba
745 2756 1039 2827 diligenter
1089 2756 1418 2812 altendeuda
1471 2764 1650 2812 sunt:
1692 2754 1797 2811 Sed
1841 2756 1992 2812 hodie

409 2845 644 2899 eumdem
686 2862 797 2900 esse
854 2862 1030 2900 rerum
1064 2846 1193 2915 ﬁdes
1227 2845 1424 2900 edocet.
1479 2843 1758 2909 Eamdem,
1794 2845 1990 2915 inquit,

412 2935 619 2989 nullam
657 2949 803 3001 esse,
839 2935 986 3004 quod
1036 2949 1066 2986 a
1104 2934 1277 2988 veteri
1337 2934 1467 2989 sede
1514 2942 1660 2989 esset
1709 2935 1991 3003 aliquanto

410 3028 631 3082 dissita.
662 3025 832 3080 Favet
885 3026 1013 3079 huic
1050 3024 1490 3094 interpretationi
1530 3024 1831 3096 Gregorius
1882 3025 1993 3084 Ma-

412 3134 552 3186 gnus
589 3117 815 3169 homilia
849 3115 936 3182 59,
974 3115 1066 3170 ubi
1094 3089 1213 3169 haec
1240 3115 1428 3169 eadem
1461 3089 1673 3172 Domini
1714 3117 1875 3172 verba
1910 3118 1993 3171 sic
2020 3089 2061 3146 θ

409 3208 666 3277 exponit:
704 3205 817 3259 Hoc
840 3222 1041 3275 quoque
1059 3205 1197 3271 quod
1223 3206 1478 3261 additur:
1504 3225 1520 3259 ι
1553 3206 1675 3260 Νοιι
1700 3207 1990 3276 relinquent

412 3300 464 3351 in
503 3309 549 3352 te
580 3298 811 3366 lapidem
866 3314 1023 3366 super
1063 3298 1315 3367 lapidem,
1358 3319 1377 3351 ι
1413 3300 1577 3353 etiam
1622 3299 1735 3366 ipsa
1760 3300 1990 3353 civitatis

408 3390 645 3457 ejusdem
672 3392 1075 3460 transmigratio
1110 3400 1357 3444 testatur.
1385 3390 1524 3456 Quia
1551 3391 1674 3441 dum
1706 3390 1760 3443 in
1789 3406 1847 3443 eo
1878 3390 1990 3443 loco

411 3498 548 3535 nunc
572 3491 878 3536 constructa
899 3493 999 3546 est,
1018 3482 1106 3535 ubi
1131 3493 1279 3536 extra
1303 3491 1512 3550 portam
1541 3480 1793 3534 Dominus
1815 3482 1992 3550 fuerat

409 3574 721 3641 cruciﬁxus,
748 3576 895 3642 prior
922 3574 1019 3628 illa
1044 3573 1397 3639 Hierusalem,
1427 3581 1481 3625 ut
1506 3571 1722 3636 dicitur,
1750 3572 1993 3640 funditus

408 3672 486 3717 est
518 3680 717 3718 erersa.

480 3796 590 3850 Καὶ
626 3792 829 3848 λαϐὼν
870 3791 978 3846 τὸν
1030 3791 1283 3845 Ἀκύλαν
1334 3789 1568 3844 τοῦτον.
1626 3787 1751 3845 "ire
1801 3791 1987 3844 omnia

413 3887 761 3947 fabulosa,et
802 3883 871 3937 ab
913 3882 1106 3937 otiosis
1154 3880 1355 3935 ludatis
1414 3881 1647 3934 conlieta
1709 3881 1983 3934 videntur.

414 3979 644 4032 Maxime
666 3976 811 4047 quod
833 3976 1080 4045 Aquilam
1107 3975 1183 4027 ait
1204 3972 1425 4026 Adriani
1450 3972 1772 4043 πενθερίδην
1800 3972 1985 4027 fuisse.

411 4072 545 4139 Quae
588 4087 688 4123 vox
725 4084 849 4123 cum
880 4068 1007 4120 alibi
1038 4081 1067 4117 a
1103 4081 1187 4119 me
1226 4067 1361 4118 lecta
1390 4081 1498 4118 non
1536 4063 1721 4128 fuerit,
1753 4064 1836 4118 vel
1863 4081 1989 4116 πεν-

410 4165 570 4236 θερόν
595 4162 889 4232 signilicat,
924 4159 1009 4213 vel
1040 4157 1304 4228 πενθεροῦ
1342 4158 1536 4221 lilium,
1577 4157 1787 4211 alliuem
1820 4167 1985 4212 certe.

411 4259 520 4313 Nos
554 4272 795 4312 socerum
825 4253 1189 4315 reddidimus,
1221 4252 1378 4321 quasi
1407 4251 1665 4321 πενθερόν
1696 4251 1985 4320 legeretur,

408 4349 688 4423 quomodo
735 4345 1091 4401 Alexandrini
1129 4343 1376 4398 Chronici
1409 4344 1733 4413 scriptorem
1786 4344 1876 4397 hic
1907 4343 1986 4397 le-

1652 273 1996 331 APPENDIX
2034 274 2658 332 DlSSERTATIONUM.

3554 261 3657 317 552

2094 416 2171 454 vit
2223 415 2537 469 synagoga';
2586 398 2674 451 ubi
2719 396 3033 453 Juda'orum
3089 397 3315 466 populus
3368 400 3663 456 conueniens

2104 488 2262 558 legem
2289 503 2380 557 per
2403 487 2618 557 Moysen
2644 488 2826 539 datam
2854 485 3055 540 discere
3081 488 3356 554 potuisset.

2185 577 2528 643 Ἀντωνῖνος
2558 580 2590 630 ὁ
2617 576 2964 645 ἐπικληθεὶς
3002 578 3166 643 Πίος.
3200 577 3470 632 Eusebius
3504 592 3667 635 annos

2099 668 2335 738 imputat
2385 684 2518 729 χχιι,
2575 682 2791 722 menses
2827 683 2932 733 tu;
2983 666 3173 721 Victor
3226 683 3398 734 xxiii,
3450 670 3666 723 totidem

2097 759 2415 829 Eutropius,
2452 758 2823 813 Cassiodorus
2854 775 2941 812 xx:
2964 801 2979 824 ,
3014 757 3280 815 Onnlrius
3321 775 3483 823 xxnt,
3526 776 3668 815 men-

2096 866 2184 905 ses
2219 865 2329 912 vn,
2367 850 2484 904 dies
2518 866 2665 903 xxvi.
2715 848 2854 904 Vixit
2906 859 3086 905 autem
3130 851 3195 905 ad
3255 867 3460 906 annum
3516 852 3670 908 Urbis

2095 939 2221 1002 9M,
2256 937 2325 991 Μ.
2358 939 2582 993 Aurelio
2625 937 2767 993 Vero
2800 956 2878 1004 Ill,
2918 938 2981 992 L.
3010 938 3156 995 Vero
3203 957 3238 994 ιι
3288 956 3463 1006 coss.,
3507 955 3561 997 ut
3612 960 3668 1000 es

2095 1030 2551 1099 inscriptionibus
2602 1044 2666 1083 ac
2702 1028 2942 1085 nununis
2981 1031 3256 1086 veteribus
3290 1032 3499 1102 colligit
3526 1031 3671 1086 Onu-

2093 1121 2253 1177 frius.
2290 1120 2387 1176 llic
2415 1131 2497 1176 est
2532 1136 2706 1175 annus
2731 1120 2937 1175 Christi
2965 1121 3081 1186 161,
3110 1136 3220 1192 quo
3249 1123 3468 1191 quidem
3501 1124 3671 1179 Nonis

2095 1210 2327 1274 Martiis,
2365 1221 2422 1264 ut
2468 1208 2609 1264 idem
2646 1210 2863 1279 probat,
2900 1210 3211 1264 Antoninus
3252 1209 3383 1265 l’ius
3412 1212 3672 1265 excessit.

2094 1300 2151 1355 Si
2191 1302 2358 1372 igitur
2390 1301 2607 1355 initium
2640 1301 2902 1355 Antonini
2941 1301 3010 1355 ab
3061 1316 3205 1355 anno
3239 1301 3362 1365 158,
3400 1303 3477 1355 uti
3512 1303 3677 1371 vulgo

2093 1393 2184 1459 lit;
2226 1394 2441 1449 decimo
2482 1408 2613 1448 vero
2642 1392 2770 1447 Julii
2818 1392 3115 1449 deduxeris
3154 1395 3220 1448 ad
3255 1409 3460 1447 annum
3509 1409 3673 1463 quem

2090 1484 2331 1539 diximus
2381 1484 2503 1547 161,
2556 1483 2735 1538 Martii
2772 1499 2886 1548 vti;
2921 1484 3049 1538 anni
3096 1494 3227 1539 sunt
3255 1485 3494 1539 absoluti
3538 1501 3673 1552 xxu,

2092 1591 2311 1630 menses
2337 1591 2439 1639 vn,
2465 1576 2583 1631 dies
2604 1576 2820 1631 circiter
2850 1592 3042 1629 xxviii.
3074 1576 3275 1631 Verum
3300 1592 3365 1631 ex
3398 1575 3675 1632 Ptolemaai

2089 1668 2573 1722 observationibus
2620 1668 2935 1722 necessario
2987 1666 3267 1722 latendum
3300 1676 3406 1731 est,
3440 1668 3677 1722 Antoni-

2096 1774 2224 1811 num
2272 1757 2509 1827 coepisse
2552 1758 2761 1813 Christi
2803 1772 2948 1812 anno
2983 1759 3104 1812 157.
3159 1757 3214 1811 Si
3250 1758 3471 1826 quidem
3534 1774 3680 1812 anno

2095 1844 2300 1904 Christi
2362 1850 2489 1911 158,
2530 1848 2815 1905 Decembr.
2876 1865 3001 1912 xvi,
3052 1850 3315 1904 Antonini
3372 1850 3679 1905 secundum

2096 1949 2369 2003 numerat,
2402 1941 2767 2010 eumdemque
2816 1940 2882 1995 ad
2926 1939 3047 1993 Maii
3086 1956 3215 2004 xvii.
3250 1940 3376 2008 anni
3416 1933 3517 1993 I39
3555 1954 3681 2008 per-

2096 2033 2290 2086 texuit.
2316 2032 2385 2086 At
2413 2029 2721 2101 Septembr.
2750 2046 2878 2084 xxvi
2912 2030 3041 2083 anni
3067 2030 3169 2084 159
3190 2044 3392 2083 annum
3426 2035 3687 2081 numerat

2095 2120 2355 2175 Antonini
2413 2120 2657 2175 tertium.
2713 2118 2854 2173 Fieri
2912 2119 3095 2187 itaque
3143 2132 3252 2172 non
3306 2125 3512 2188 potest,
3546 2117 3685 2186 quin

2096 2226 2275 2266 annus
2311 2212 2520 2281 primus
2549 2210 2754 2265 Christi
2792 2210 2888 2264 157
2930 2209 3182 2278 cmperit,
3216 2216 3408 2263 contra
3439 2208 3686 2261 chrono-

2096 2304 2347 2373 logorum
2385 2302 2630 2357 ominum
2681 2302 2862 2356 ﬁdem.
2906 2299 3269 2356 Consentiunt
3318 2306 3373 2354 et
3413 2299 3686 2353 observa-

2096 2395 2275 2446 tion-'s
2308 2401 2539 2459 caeteras,
2581 2391 2783 2462 quibus
2822 2391 3047 2446 Adriani
3085 2405 3261 2444 annos
3303 2390 3583 2459 apposuit,
3630 2398 3687 2441 ut

2093 2485 2162 2541 de
2194 2485 2546 2540 librariorum
2594 2483 2776 2552 culpa,
2809 2482 2894 2536 vel
2954 2481 3227 2535 Ptolemaei
3284 2481 3459 2551 ipsius
3503 2480 3690 2534 hallu-

2091 2578 2371 2633 cinatione
2402 2576 2553 2647 jnsta
2589 2575 2792 2630 nemini
2834 2575 3009 2644 possit
3048 2589 3169 2629 esse
3201 2570 3463 2643 suspicio.
3502 2572 3690 2639 Quem

2095 2686 2204 2725 non
2239 2676 2457 2723 moveat
2488 2668 2626 2721 tanti
2651 2666 2776 2732 viri,
2803 2681 2867 2720 ac
2898 2674 3006 2719 tam
3037 2664 3359 2719 excellentis
3386 2666 3692 2734 scriptoris

2095 2760 2416 2826 auctoritas,
2453 2759 2545 2828 qui
2574 2773 2697 2812 cum
2739 2756 2844 2812 ista
2873 2756 3150 2825 proderet,
3183 2764 3387 2826 quotus
3422 2755 3693 2819 Adriani,

2094 2853 2177 2908 vel
2205 2852 2467 2906 Antonini
2504 2862 2647 2906 esset
2689 2864 2869 2904 annus
2896 2848 3154 2917 ignorare
3187 2848 3412 2901 minime
3455 2850 3687 2917 potuit:

2093 2944 2397 3014 praesertim
2433 2943 2638 2997 recenti
2672 2940 2853 2996 adhuc
2885 2940 3034 2993 illius
3084 2939 3261 3000 obitu,
3298 2938 3461 3009 hujus
3491 2948 3695 2995 autem

2097 3035 2288 3097 initio,
2328 3033 2585 3088 nimirum
2642 3047 2788 3086 anno
2833 3030 2954 3095 158,
3005 3045 3166 3099 quem
3200 3030 3362 3099 vulgo
3411 3030 3697 3084 Antonini

2096 3126 2320 3181 exordio
2362 3124 2668 3195 pra-liiiiiint
2696 3165 2711 3188 ,
2762 3139 2872 3195 quo
2904 3125 3164 3195 quidem,
3219 3123 3503 3178 Decembr.
3557 3138 3699 3188 xvi,

2095 3216 2425 3271 Ptolemaeus
2465 3217 2727 3271 Antonini
2759 3218 3062 3273 secundum
3096 3221 3397 3285 computat.
3434 3213 3513 3267 lia
3546 3211 3697 3268 Pius

2096 3324 2272 3364 annos
2327 3309 2615 3378 imperavit
2675 3325 2857 3373 xxiii,
2908 3324 3125 3364 menses
3165 3323 3275 3371 vn,
3311 3306 3429 3361 dies
3479 3321 3695 3360 xxvm.

2094 3400 2252 3467 Quod
2280 3401 2516 3457 fortasse
2545 3418 2733 3456 verum
2765 3411 2849 3457 est
2879 3421 2890 3456 :
2930 3418 3055 3456 nam
3078 3410 3132 3457 et
3163 3400 3479 3471 Xipbilinus
3500 3415 3703 3455 annos
3749 3456 3755 3461 ,

2096 3496 2346 3565 assignat
2377 3513 2525 3550 χχιιι.
2579 3494 2753 3550 Natus
2784 3503 2870 3551 est
2916 3495 3224 3550 Antoninus
3249 3534 3264 3561 ,
3297 3502 3356 3547 ut
3398 3493 3473 3546 ait
3514 3491 3702 3563 Capi-

2095 3586 2322 3651 tolinus,
2351 3587 2658 3641 Domitiano
2709 3602 2784 3640 xu
2825 3593 2879 3640 et
2915 3584 3189 3641 Dolabella
3221 3599 3394 3650 coss.,
3424 3599 3517 3637 xni
3552 3582 3699 3637 Kal.

2093 3678 2217 3733 Oct.
2250 3700 2261 3735 :
2294 3695 2474 3733 annus
2510 3680 2599 3733 hic
2647 3692 2732 3734 est
2763 3679 2967 3733 Christi
3003 3678 3091 3733 86.
3140 3678 3245 3732 Sed
3290 3685 3551 3747 quotnam
3609 3679 3701 3731 vi-

2092 3771 2255 3832 xerit,
2287 3770 2513 3825 dubium
2566 3770 2695 3825 facit
2740 3770 3073 3840 scriptorum
3118 3769 3410 3824 dissensio.
3446 3768 3705 3837 Capito-

2095 3862 2241 3915 linus
2276 3861 2362 3924 70,
2407 3859 2596 3914 Victor
2623 3862 2711 3923 '72,
2745 3878 2854 3915 uno
2888 3862 3123 3931 amplius
3165 3859 3467 3930 Eutropius
3515 3863 3707 3913 altrio

2094 3953 2269 4006 buunt
2316 3953 2733 4007 :Cassiodorus
2782 3953 2867 4006 77.
2904 3954 2983 4007 Ab
3040 3968 3187 4005 anno
3233 3952 3436 4007 Christi
3487 3949 3559 4003 86
3631 3967 3703 4005 ac

2094 4054 2188 4092 xm
2245 4039 2364 4093 Kal.
2393 4042 2516 4094 Oct.
2552 4041 2617 4095 ad
2669 4039 2811 4097 Non.
2848 4040 3026 4094 Martii
3073 4041 3205 4094 anni
3245 4041 3381 4102 161,
3434 4041 3703 4095 interce-

2092 4130 2229 4183 dunt
2264 4131 2391 4184 anni
2421 4147 2607 4197 LXXIV,
2632 4147 2850 4188 menses
2878 4148 2931 4199 v,
2957 4132 3073 4187 dies
3106 4148 3219 4185 xix.
3258 4129 3509 4185 Totidem
3539 4134 3701 4186 vixit

2091 4223 2407 4280 Antoninus
2458 4224 2610 4290 Pius,
2648 4225 2716 4290 si,
2771 4232 2833 4279 ut
2862 4224 3099 4289 videtur,
3136 4240 3285 4278 anno
3325 4223 3529 4277 Christi
3576 4224 3690 4279 161

2092 4315 2414 4372 decesserit.
2455 4315 2512 4371 Si
2547 4332 2670 4371 cum
2719 4318 2851 4372 solis
2881 4316 3140 4370 Antonini
3188 4316 3351 4369 annis
3391 4316 3698 4383 negotium

409 4406 557 4512 gisse
588 4439 861 4508 suspicor.
889 4435 1022 4490 Nam
1054 4449 1175 4504 pag.
1197 4434 1323 4498 598,
1352 4451 1414 4489 ex
1434 4406 1539 4488 hoc
1553 4433 1837 4503 Epiphanii
1867 4434 1986 4489 loco
2027 4426 2065 4478 ἶ)
2094 4410 2252 4512 ηυίξίδ
2293 4418 2438 4465 ess“
2460 4449 2475 4473 ν
2516 4409 2801 4510 comma"?
2844 4416 3123 4510 "‘Fufm'w
3158 4406 3452 4512 Ριθιθψίθί.
3481 4407 3701 4462 "bser'

408 4531 695 4588 historiam
732 4529 941 4599 Aquila
989 4527 1230 4597 pontiﬁci
1268 4525 1548 4589 referens,
1597 4525 1844 4591 Ἀκύλας,
1906 4528 1990 4582 iii—

408 4624 548 4697 quit,
583 4622 929 4694 ὲγνωρίζετο,
961 4621 1021 4685 ὃς
1052 4616 1119 4692 ἦν
1162 4618 1423 4691 πενθερὸς
1457 4617 1738 4689 ’Λδριανοῦ
1764 4618 1858 4673 τοῦ
1895 4618 1991 4690 βα-

412 4711 623 4781 σιλέως.
686 4710 760 4766 De
806 4710 1000 4780 Aquila
1046 4709 1250 4780 passim
1291 4708 1539 4762 meminit
1593 4708 1986 4779 Hieronymus,

410 4805 713 4876 praesertim
754 4803 1003 4861 adversus
1052 4801 1228 4872 Rufin.
1279 4800 1419 4872 apol.
1460 4799 1513 4862 Ξ,
1542 4807 1593 4855 et
1640 4800 1767 4853 alibi
1808 4815 1988 4867 prose-

410 4898 577 4968 lytum
628 4897 1047 4959 contentiosum,
1111 4903 1267 4963 atque
1314 4891 1655 4964 etymologias
1717 4890 1986 4942 nominum

408 4997 828 5058 persequentem,
863 4986 998 5039 alias
1045 4983 1381 5053 diligentem,
1417 4992 1466 5036 et
1512 4981 1775 5033 curiosum
1824 4980 1987 5031 inter-

408 5090 603 5150 pretem
627 5085 802 5131 vocat.
826 5075 889 5128 Et
911 5075 965 5129 in
993 5088 1113 5145 cap.
1143 5089 1234 5127 vin
1286 5074 1436 5128 lsaiw
1465 5069 1848 5123 nonnullorum
1871 5068 1987 5135 epi-

410 5172 574 5229 uione
623 5167 955 5238 discipulum
1007 5165 1155 5219 hunc
1186 5164 1369 5218 Aldine
1419 5162 1586 5215 fuisse
1620 5159 1831 5221 scribit,
1877 5175 1985 5212 non

409 5271 589 5317 tamen
622 5259 822 5316 Christi
852 5266 1098 5328 tempora
1135 5255 1499 5312 antecessisse
1521 5249 1809 5318 signiﬁcat.
1839 5250 1984 5320 quod

404 5357 475 5404 ex
501 5347 812 5419 Hieronymi
838 5348 958 5402 loco
993 5346 1088 5401 illo
1116 5344 1338 5415 quidam
1371 5351 1703 5397 asseverant.

478 5462 584 5517 Kal
614 5462 765 5516 ἑπτὰ
796 5458 1160 5530 συναγωγαί.
1194 5457 1269 5512 De
1303 5457 1369 5513 iis
1401 5455 1548 5526 loqui
1581 5451 1983 5523 videturOpta-

417 5560 499 5608 lus
538 5551 755 5607 Milevit.
795 5553 891 5608 lib.
935 5565 1019 5618 ιιι,
1054 5550 1145 5605 ubi
1172 5548 1237 5604 de
1275 5548 1405 5603 Sion
1451 5562 1656 5617 agens:
1710 5546 1774 5600 In
1809 5544 1982 5612 cujus,

406 5642 608 5712 inquit,
642 5644 824 5702 vertice
853 5651 927 5699 est
956 5657 1057 5695 non
1086 5656 1274 5715 magna
1320 5638 1606 5707 planities;
1642 5639 1730 5691 ubi
1773 5638 1981 5705 fuerunt

2090 4503 2340 4556 vationes
2368 4516 2491 4555 cum
2527 4499 2805 4556 communi
2834 4499 3091 4569 opinione
3122 4504 3367 4567 possent,
3401 4504 3459 4549 ut
3495 4513 3695 4552 anno-

2092 4606 2214 4643 rum
2249 4590 2464 4643 initium
2499 4589 2568 4642 ab
2613 4583 2970 4643 antecedente
3004 4584 3334 4654 neomeuia,
3376 4584 3561 4638 'l‘hoth
3601 4603 3701 4641 re-

2092 4681 2196 4748 peti
2225 4680 2291 4732 ab
2323 4679 2416 4731 illo
2446 4678 2777 4735 diceremus.
2797 4677 3266 4744 Quemadmodum
3288 4675 3431 4731 enim
3458 4674 3700 4733 Hebraei

2092 4772 2143 4822 in
2182 4769 2442 4821 Tractatu
2496 4769 2597 4824 llos
2632 4774 2867 4827 hassana
2897 4771 3119 4836 docent,
3156 4787 3283 4826 cum
3322 4786 3416 4825 rex
3470 4771 3703 4841 aliquis

2090 4865 2370 4926 postremo
2421 4875 2627 4925 mense,
2661 4862 2906 4932 adeoque
2951 4861 3144 4915 ultimo
3182 4860 3268 4914 die
3311 4858 3459 4913 Adar
3497 4860 3703 4931 impe-

2088 4949 2231 5002 rium
2257 4952 2519 5022 capessit,
2569 4952 2625 5006 in
2656 4954 2937 5009 neomenia
2966 4952 3134 5009 Nisan
3166 4952 3445 5022 sequentis
3472 4968 3705 5009 securi-

2086 5041 2215 5096 dum
2247 5043 2368 5112 ejus
2401 5044 2615 5114 imperii
2648 5060 2850 5100 annum
2888 5047 3065 5116 putari
3094 5064 3107 5110 ;
3148 5060 3257 5114 quo
3294 5044 3408 5099 haec
3446 5044 3698 5100 illorum

2088 5126 2359 5189 sententia
2419 5137 2683 5205 pertinet,
2736 5154 2899 5207 quam
2952 5139 3119 5191 rei'ert
3168 5135 3319 5190 Aben
3372 5133 3550 5189 llezra
3615 5139 3702 5192 ad

2086 5239 2206 5295 cap.
2241 5228 2263 5278 1
2299 5225 2434 5280 Dan.
2466 5237 2583 5286 me:
2608 5238 2757 5287 nam
2782 5234 2937 5286 mw:
2958 5239 3071 5288 ms
3101 5236 3188 5286 mi
3223 5226 3346 5281 Dies
3382 5243 3479 5295 pro
3530 5244 3700 5283 arma

2087 5326 2467 5386 computatur;
2501 5320 2759 5389 quoniam
2792 5320 2860 5373 ab
2907 5319 3263 5374 antecedente
3316 5317 3488 5372 Nisan
3539 5323 3699 5376 anni

2087 5412 2389 5481 superioris
2431 5412 2716 5467 exordium
2768 5412 3081 5469 deducitur.
3141 5411 3215 5467 Ita
3264 5427 3373 5467 non
3425 5411 3702 5469 absurde

2088 5503 2338 5557 fortassis
2386 5503 2691 5559 existimari
2743 5514 2977 5574 posset;
3013 5504 3359 5559 Ptolemaeum
3421 5518 3697 5573 annum,

2086 5592 2317 5663 exempli
2350 5606 2544 5659 causa,
2599 5593 2898 5648 secundum
2932 5594 3218 5657 Antonini,
3266 5593 3515 5662 adeoque
3552 5596 3705 5662 pri-

2086 5699 2251 5747 mum,
2290 5700 2317 5737 a
2351 5684 2633 5738 ncomenia
2674 5683 2851 5739 Thalli
2874 5726 2886 5747 ,
2922 5699 3039 5753 qua)
3070 5684 3333 5754 epecham
3383 5684 3535 5740 illius
3567 5697 3698 5739 att—
