4028 6220
314 165 406 221 553

1262 159 1348 213 DE
1380 157 1824 215 ROMANORUM
1867 160 2047 215 IMPP.
2090 162 2601 221 CIIRONOLOGIA.

3455 165 3569 235 sst

307 283 634 356 regreditur,
670 281 980 336 inchoasse.
1022 280 1197 336 Orsus
1241 290 1330 336 est
1393 283 1706 338 Antoninus
1745 299 1772 336 a
1827 299 1880 338 v1
1911 291 1956 347 Α
1987 285 2080 356 qui
2107 285 2310 341 biennii
2346 289 2734 360 προχρονισμῷ
2769 303 3019 360 peccant,
3052 296 3148 350 In
3185 297 3384 354 Christi
3419 317 3570 357 com-

305 378 378 434 Id.
405 373 544 441 Jul.,
586 375 702 428 sive
750 372 878 427 Julii
920 390 984 436 x,
1022 388 1187 437 anno,
1217 381 1275 427 ut
1306 375 1466 444 vulgo
1497 385 1723 444 putant,
1756 375 1880 430 158.

300 466 597 524 Neomenia
627 463 806 518 Thoth
853 463 1044 518 eodem
1076 477 1221 518 anno
1259 466 1426 535 erepit
1459 463 1591 519 Julii
1633 482 1726 528 xx,
1767 466 1883 521 die-

301 560 400 614 bus
428 558 499 612 ab
529 556 742 626 epocha
784 555 1047 609 Antonini
1083 570 1162 608 x1.
1203 553 1327 610 Dies
1358 555 1434 608 illi
1471 571 1546 620 x1,
1585 556 1715 626 quia
1751 571 1884 611 neo-

296 651 531 706 meniam
569 649 750 703 Thoth
796 647 1144 719 praecedunt,
1182 649 1312 702 anni
1354 648 1513 703 solidi
1565 649 1738 704 instar
1784 651 1883 705 ha-

296 744 515 796 bentur.
535 738 691 795 Unde
721 738 852 794 Julii
872 755 942 793 xx
965 739 1186 795 ineunte
1211 739 1390 794 Thoth
1423 741 1881 796 secundusAnto-

291 835 401 888 nini
438 834 623 904 putari
658 832 903 901 incipiet.
937 832 1119 896 Quare
1154 832 1353 885 mirum
1392 847 1503 886 non
1537 841 1705 897 esset,
1731 832 1878 903 quod

290 942 318 978 a
357 925 655 978 Ptolexnmo
705 939 830 978 cum
878 938 945 978 eo
980 938 1146 988 anno,
1180 926 1274 994 qui
1322 931 1406 979 est
1440 940 1620 980 annus
1672 925 1878 981 Christi

291 1018 413 1080 I38,
457 1016 773 1071 Decembris
809 1031 919 1078 xvr,
971 1016 1250 1071 secundus
1288 1015 1552 1071 Antonini
1588 1033 1876 1089 compare-

286 1119 390 1164 tur.
434 1108 642 1164 Verum
686 1116 745 1162 ut
794 1109 906 1162 haec
945 1109 1263 1178 c0njectura
1298 1111 1366 1165 ab
1405 1109 1666 1166 Antonini
1717 1113 1877 1167 annis

286 1214 639 1270 nequaquam
669 1200 988 1264 abhorreat,
1020 1201 1244 1256 Adriani
1281 1202 1624 1272 temporibus
1654 1219 1874 1258 accom-

282 1292 500 1346 modari
527 1306 634 1346 non
676 1299 876 1362 potest.
915 1291 1091 1360 IIujus
1139 1293 1284 1346 enim
1329 1293 1537 1364 epocha
1589 1296 1875 1349 neomenia

283 1383 468 1438 Thoth
511 1383 783 1454 posterior
803 1391 906 1448 est,
940 1399 1007 1438 ex
1034 1383 1096 1436 A.
1133 1383 1193 1438 D.
1225 1399 1275 1437 tv
1313 1383 1392 1437 Id.
1421 1383 1586 1455 Aug.,
1619 1385 1734 1438 sive
1764 1386 1876 1438 Au-

281 1477 430 1546 gusti
461 1493 515 1538 x,
548 1491 696 1530 anno
735 1478 835 1531 117
871 1476 1233 1548 Dionysiano,
1267 1493 1376 1547 quo
1404 1478 1614 1546 primus
1646 1476 1871 1532 Adriani

276 1570 523 1640 cmpisse
560 1569 824 1623 creditur.
873 1567 1174 1623 Neomenia
1227 1566 1405 1622 Thoth
1447 1569 1699 1638 congruit
1743 1567 1872 1622 Julii

279 1674 443 1721 xxiv,
495 1659 694 1713 diebus
730 1665 856 1713 ante
907 1658 1134 1712 Adriani
1195 1658 1559 1728 primordium
1587 1675 1742 1716 xvnt.
1805 1659 1870 1714 Et

279 1761 469 1804 tamen
521 1765 667 1803 anno
705 1749 913 1804 Christi
974 1747 1095 1815 I52,
1149 1747 1489 1821 Septembris
1539 1767 1697 1817 xxvr,
1755 1766 1868 1805 xvu

275 1841 507 1894 Adriani
561 1841 906 1908 collocatur,
967 1839 1433 1913 continuaturque
1473 1842 1755 1913 sequenti,
1801 1841 1870 1896 ad

277 1931 399 1986 Maii
442 1947 523 1986 vt.
559 1931 700 2003 Ergo
725 1932 959 2003 primus,
996 1932 1111 1988 sive
1137 1947 1166 1985 a
1196 1934 1483 1990 neomcnia
1507 1932 1710 1996 Thoth,
1755 1935 1871 1990 sive

273 2026 340 2078 ab
368 2025 593 2094 epocha
635 2024 755 2095 ipsa
808 2024 1221 2096 proﬁciscatur,
1264 2025 1432 2096 cmpit
1486 2041 1631 2081 anno
1663 2026 1870 2083 Christi

273 2117 407 2185 I16;
457 2117 909 2188 corrigendreque
948 2118 1318 2190 chronologie
1346 2133 1560 2185 omnes,
1588 2134 1710 2188 qua:
1739 2119 1870 2174 hac-

274 2221 440 2268 tenus
481 2213 536 2266 in
584 2213 686 2266 117
730 2212 1102 2268 contulerunt.
1141 2213 1256 2268 Iloc
1298 2227 1398 2284 ego
1433 2229 1542 2267 non
1575 2221 1683 2266 tam
1724 2213 1869 2267 allir-

274 2304 470 2358 mandi
503 2304 684 2374 gratia
722 2302 978 2369 dixerim,
1013 2319 1178 2375 quam
1220 2313 1279 2358 ut
1313 2303 1494 2359 studia
1528 2304 1868 2359 eruditorum

275 2393 570 2448 hominum
618 2394 886 2459 excitem,
929 2404 989 2448 ut
1029 2394 1076 2449 si
1106 2393 1237 2464 quid
1290 2394 1472 2464 aptius
1519 2394 1868 2459 occurrerit,

273 2485 518 2540 candide
567 2500 632 2540 ac
666 2485 900 2558 benigne
934 2486 1094 2542 nobis
1131 2485 1464 2557 impertiant.
1524 2486 1772 2558 Scaliger
1816 2487 1868 2541 in

273 2580 651 2633 .lnimadvers.
688 2577 879 2633 Euseb.
921 2577 990 2632 ad
1025 2579 1090 2634 A.
1120 2578 1287 2644 2154,
1323 2579 1606 2639 Antonini.
1631 2582 1867 2650 primum

271 2688 334 2726 ex
380 2673 728 2727 auctoritate
781 2669 1072 2728 Ccnsorini
1119 2671 1334 2726 conl‘ert
1365 2672 1418 2726 in
1462 2688 1585 2727 eum
1639 2687 1865 2733 annum,

273 2764 362 2830 qui
390 2777 552 2816 coss.
598 2761 789 2816 habuit
835 2761 1176 2816 Antoninum
1232 2759 1389 2815 Pium
1420 2759 1463 2814 II
1517 2767 1571 2815 et
1599 2759 1867 2814 Bruttium

273 2851 646 2918 Pnesentem;
680 2868 842 2923 quem
879 2854 954 2908 ait
979 2868 1098 2909 esse
1126 2853 1337 2908 Christi.
1367 2852 1504 2919 1'58;
1540 2853 1691 2922 cujus
1717 2869 1865 2920 pars,

273 2947 480 3017 inquit,
506 2962 625 2998 cum
653 2954 803 3014 parte.
829 2944 1180 3000 antecedentis
1214 2944 1383 3014 explet
1412 2961 1607 2998 ammm
1638 2945 1867 3013 priurum

275 3041 560 3092 Antonini.
599 3036 738 3092 Ilinc
781 3037 1073 3093 Onulrium
1122 3037 1508 3107 reprehendit,
1544 3036 1690 3107 quod
1743 3052 1864 3091 eum

271 3147 485 3186 annum
523 3147 649 3185 cum
682 3130 890 3186 Christi
947 3131 1051 3184 140
1096 3140 1409 3198 componat,
1449 3129 1656 3183 biennii
1694 3137 1868 3182 mcta-

271 3224 624 3276 chronismo.
661 3221 769 3276 Sed
805 3223 866 3275 in
905 3221 1096 3291 paucis
1138 3220 1246 3274 illis
1276 3219 1460 3274 verbis
1497 3219 1871 3289 multipliciter

274 3315 656 3369 hallucinatur
679 3311 940 3383 Scaliger.
961 3312 1204 3367 Primum
1231 3311 1570 3367 Censorinus
1595 3326 1868 3380 nusquam

274 3405 544 3458 Antonini
577 3406 811 3472 primum
849 3419 1053 3457 annum
1092 3403 1145 3456 in
1173 3417 1316 3457 coss.
1357 3401 1482 3456 illos
1513 3399 1652 3455 dixit
1682 3401 1870 3454 incur-

272 3510 411 3549 rere.
458 3493 605 3547 Nam
648 3496 756 3547 haec
816 3493 963 3547 illius
1010 3492 1172 3546 verba
1221 3498 1350 3547 sunt
1401 3504 1526 3560 pag.
1573 3488 1684 3544 48:
1736 3487 1869 3544 Cum

273 3585 460 3640 abhinc
515 3601 688 3638 annos
756 3596 960 3638 centum
1019 3584 1204 3651 imper.
1254 3582 1521 3636 Antonino
1570 3579 1668 3634 Pio
1709 3578 1773 3633 Il
1819 3589 1868 3633 et

274 3678 488 3732 Bruttio
521 3677 794 3730 Prwsente
817 3691 952 3728 coss.
974 3674 1155 3729 Roma:
1177 3673 1334 3728 iidem
1364 3672 1474 3726 dies
1503 3673 1701 3742 fuerint
1729 3688 1781 3725 a.
1810 3671 1866 3726 ά.

279 3770 392 3825 ΧΠ
424 3771 569 3824 Kal.
615 3771 775 3839 Aug.,
799 3776 907 3824 etc.
955 3767 1168 3836 Quibus
1200 3765 1473 3837 signiﬁcat
1509 3765 1870 3820 centesimum

275 3880 483 3918 annum
511 3863 586 3917 ab
619 3878 706 3926 eo,
732 3878 840 3932 quo
859 3860 1155 3925 scribebat,
1187 3860 1443 3914 nimirum
1470 3859 1562 3929 qui
1596 3865 1678 3913 est
1711 3856 1870 3912 Chri-

275 3956 488 4018 sti258,
528 3953 695 4010 Urbis
725 3954 956 4008 conditae
986 3952 1113 4018 991,
1146 3950 1302 4022 Ulpio
1337 3959 1390 4006 et
1409 3950 1676 4006 Pontiano
1697 3963 1868 4012 coss.,

274 4049 546 4104 habuisse
592 4047 846 4103 consules
879 4045 1218 4099 Antoninum
1262 4053 1317 4099 et
1349 4043 1705 4097 Praesentem.
1745 4038 1872 4094 Fuit

277 4150 457 4196 autem
500 4141 594 4194 hic
653 4155 832 4194 annus
877 4137 1084 4192 Christi
1140 4135 1263 4200 I59,
1311 4150 1342 4188 a
1382 4149 1492 4204 quo
1529 4131 1869 4188 centesimus

274 4242 355 4286 est
384 4233 532 4287 alter
582 4230 674 4285 ille
704 4228 1015 4292 Ccnsorini,
1048 4227 1253 4283 Christi
1300 4241 1430 4280 vero
1470 4224 1597 4280 238.
1646 4221 1750 4290 Qui
1784 4230 1870 4277 est

1990 382 2236 444 putatur.
2264 375 2337 430 De
2360 393 2468 446 qua
2496 393 2764 431 annorum
2792 383 3204 449 perturbatione
3235 390 3372 443 satis
3401 392 3570 446 multa

1987 466 2053 521 ad
2073 467 2204 521 hmr.
2232 468 2288 522 51
2315 468 2571 524 diximus.
2591 469 2668 525 De
2690 473 2846 526 tertia
2867 471 3127 545 Scaligeri
3148 478 3574 537 hallucinatione

1987 575 2152 630 Supra
2191 561 2526 624 monuimus,
2565 561 2695 615 dum
2735 577 2908 621 annos
2943 566 3189 624 Adriano
3225 573 3418 626 tribuit
3453 590 3569 640 xxI,

1987 668 2204 708 menses
2234 669 2309 713 χι,
2349 663 2402 707 et
2428 654 2547 725 ejus
2571 663 2751 712 tamen
2785 659 2994 714 obitum
3030 661 3244 718 confert
3277 664 3332 718 in
3362 680 3566 721 annum

1949 807 1952 812 I
1983 744 2186 801 Christi
2218 747 2338 812 157,
2376 763 2484 818 quo
2517 759 2570 804 et
2602 749 2863 806 Antonini
2904 753 3140 823 primum
3176 757 3414 827 cmpisse
3451 775 3565 814 me-

1984 845 2178 891 morat.
2221 839 2333 892 Hoc
2383 841 2526 894 enim
2560 853 2721 910 pacto
2748 845 2958 914 primus
2990 847 3248 904 Antonini
3283 853 3568 906 conveniet

1984 943 2126 980 anno
2157 927 2360 981 Christi
2386 929 2506 983 115.
2539 930 2694 996 Quod
2729 943 2810 987 est
2849 935 3086 992 immane
3122 941 3566 1012 παρεγχείρημα.

2058 1019 2278 1074 Τοῦτον
2309 1020 2645 1091 διαδέχεται
2692 1023 3107 1095 Καράκαλλος.
3158 1028 3300 1084 Sunt
3332 1033 3444 1086 haec
3477 1021 3566 1088 in-

1981 1111 2388 1180 quinatissima.
2439 1110 2628 1182 Neque
2657 1115 2774 1170 scio
2805 1130 2874 1170 an
2906 1116 3022 1171 luec
3051 1120 3236 1183 verba,
3271 1123 3569 1192 Καράκαλ-

1979 1203 2088 1268 λος,
2122 1205 2150 1255 ὁ
2183 1205 2275 1256 καὶ
2303 1204 2476 1268 Γέτας
2501 1245 2516 1268 ,
2566 1206 2866 1276 rejicienda
2901 1210 3043 1276 sint;
3077 1221 3136 1265 ut
3184 1214 3258 1267 ita
3306 1216 3569 1284 procedat

1978 1296 2155 1348 oratio
2182 1315 2193 1349 :
2237 1295 2437 1348 Τοῦτον
2471 1297 2779 1368 διαδέχεται
2809 1301 3034 1373 Μάρκος
3073 1303 3362 1375 Αὐρήλιος,
3391 1307 3448 1370 ὃς
3476 1308 3571 1362 καὶ

1978 1383 2191 1455 Οὑῆρος
2244 1383 2480 1454 ἐλέγετο.
2532 1386 2664 1458 Pag.
2719 1388 2821 1442 174
2861 1391 3022 1460 paulo
3058 1391 3323 1460 liquidior
3354 1412 3418 1449 ac
3453 1399 3570 1451 sin-

1977 1478 2158 1531 cerior
2198 1477 2589 1547 imperatorum
2633 1482 2918 1538 successio
2966 1485 3339 1554 proponitur:
3375 1488 3465 1542 ubi
3515 1497 3570 1543 et

1977 1569 2140 1623 aliam
2184 1569 2251 1626 de
2299 1571 2404 1626 hoc
2449 1572 2572 1628 loco
2619 1575 2995 1644 conjecturam
3037 1593 3410 1649 exponemus;
3443 1596 3567 1634 nam

1905 1641 1945 1695 Β
1974 1660 2118 1730 quod
2158 1661 2244 1716 hic
2278 1662 2496 1734 legitur,
2536 1664 2603 1718 Μ.
2639 1641 2924 1721 Aurelium
2972 1641 3180 1739 septem
3239 1641 3416 1726 annos
3467 1672 3569 1726 im.

1977 1767 2224 1822 perasse,
2252 1754 2611 1811 falsissimum
2644 1766 2758 1826 est;
2781 1768 2836 1814 et
2869 1769 3051 1816 tamen
3084 1777 3152 1816 ne
3184 1761 3238 1814 in
3274 1763 3564 1817 librarium

1977 1842 2269 1898 transferri
2307 1847 2466 1915 culpa
2494 1848 2691 1916 possit,
2734 1848 2970 1904 subinde
3009 1851 3364 1905 conﬁrmatur
3389 1868 3566 1914 error,

1973 1949 2098 1987 cum
2129 1934 2331 1990 dicitur
2359 1936 2564 1993 Lucius
2594 1938 2849 1994 Aurelius
2891 1941 3228 1997 Commodns
3256 1943 3416 1997 annis
3441 1961 3570 2014 per-

1973 2024 2100 2080 inde
2128 2036 2332 2097 septem
2368 2030 2689 2099 imperasse.
3037 2094 3046 2100 _

2057 2115 2160 2168 Ἐν
2181 2115 2303 2182 τοῖς
2325 2117 2509 2172 αὐτοῦ
2550 2119 2790 2188 χρόνοις
2823 2118 2919 2174 καὶ
2941 2121 3216 2188 Λούκιος.
3252 2121 3369 2177 Non
3397 2123 3566 2178 Marci

1971 2209 2178 2262 A’urelii
2229 2208 2396 2263 ﬁlium
2446 2211 2805 2266 Commodum
2858 2213 3138 2283 intelligit,
3193 2215 3284 2283 qui
3349 2216 3559 2285 parenti

1971 2300 2257 2364 successit,
2290 2302 2384 2357 sed
2415 2302 2642 2357 Lucium
2657 2302 2940 2372 Cejonium
2962 2304 3168 2358 (Ellum
3199 2305 3563 2360 Commodnu.

1976 2389 2170 2446 Verum
2202 2393 2561 2457 Antoninum,
2595 2392 2747 2447 Lucii
2788 2393 2918 2447 :Elii
2967 2392 3092 2449 Veri
3128 2396 3320 2458 lilium,
3363 2397 3455 2466 qui
3497 2398 3570 2452 ab

1970 2485 2211 2538 Adriano
2259 2484 2550 2556 adoptatus
2597 2486 2810 2555 primus
2865 2485 3051 2540 Caesar
3110 2495 3195 2542 est
3253 2487 3466 2553 dictus,
3511 2497 3567 2543 et

1970 2582 2095 2630 ante
2147 2575 2448 2630 Adrianum
2499 2585 2770 2631 mortuus.
2812 2576 2985 2646 Hujus
3018 2577 3161 2633 ﬁlius
3217 2577 3281 2632 ab
3325 2579 3568 2633 Adriano

1970 2668 2035 2720 azl
2066 2667 2276 2736 imperii
2311 2683 2460 2738 spem
2491 2683 2613 2724 cum
2664 2669 2738 2722 M.
2792 2668 3011 2722 Aurelio
3041 2670 3277 2738 primum
3316 2680 3562 2734 evectus,

1971 2774 2094 2812 cum
2149 2759 2338 2814 eodem
2387 2767 2511 2829 post
2561 2759 2897 2814 Antoninum
2952 2761 3239 2829 imperavit
3289 2763 3448 2816 annis
3482 2779 3560 2816 xr.

1972 2850 2095 2905 llam
2124 2852 2484 2921 Capitolinus.
2528 2850 2820 2922 Perperam
2867 2851 3033 2922 igitur
3066 2860 3177 2906 tam
3227 2853 3372 2918 huic,
3398 2869 3563 2923 quam

1973 2941 2043 2995 bl.
2078 2942 2300 2996 Aurelio
2331 2951 2539 3013 septem
2585 2943 2713 2996 anni
2761 2943 3095 2998 tribuuntur.
3135 2942 3271 2996 Ilinc
3303 2953 3385 2998 est
3416 2945 3562 3014 quod

1975 3049 2096 3104 pag.
2130 3034 2231 3088 174
2262 3034 2313 3088 in
2344 3035 2678 3106 reliquorum
2736 3036 2904 3105 impp.
2954 3036 3094 3090 serie
3133 3037 3241 3090 duo
3277 3037 3563 3092 Connnodi

1974 3135 2270 3194 ponuntur.
2302 3125 2434 3190 Quae
2458 3141 2565 3190 res,
2603 3125 2678 3178 uti
2719 3141 2842 3181 mox
2871 3124 3104 3192 dicetur,
3137 3126 3442 3198 Epiphanio
3470 3144 3564 3182 er-

1972 3217 2114 3272 roris
2141 3220 2488 3275 occasionem
2515 3219 2683 3274 dedit.

2054 3309 2157 3364 Ἔν
2185 3309 2309 3376 τοῖς
2359 3309 2466 3364 τοῦ
2513 3310 2782 3379 Σενυήρου
2826 3312 3091 3381 χρόνοις.
3133 3313 3303 3383 Cujus
3345 3313 3564 3368 tandem

1975 3400 2200 3457 Severi?
2230 3400 2455 3472 Ejusne,
2483 3417 2647 3472 quem
2691 3403 2939 3474 proxime
2980 3401 3253 3458 Pertinaei
3298 3403 3566 3474 subjecit?

1971 3494 2136 3565 Atqui
2193 3493 2533 3559 Theodotio,
2589 3511 2747 3565 quem
2813 3495 3171 3566 posteriorem
3234 3493 3563 3565 Symmacho

1972 3591 2146 3653 putat,
2180 3583 2283 3638 sub
2315 3582 2614 3638 Commodo
2665 3598 2820 3640 suam
2871 3583 3162 3639 editionem
3195 3585 3432 3653 scripsit.
3465 3583 3568 3640 Est
3602 3593 3605 3596 '

1973 3681 2153 3729 autem
2208 3675 2410 3730 Severo
2463 3675 2610 3744 prior
2665 3675 3016 3730 Commodns.
3060 3673 3344 3740 Quomodo
3396 3675 3562 3744 igitur

1973 3763 2401 3821 Theodotionem
2451 3766 2813 3836 Symmachus
2864 3765 3192 3820 antecessit?
3217 3764 3410 3820 Mirum
3457 3766 3561 3820 hoe

1972 3865 2027 3915 et
2053 3858 2425 3913 inextricabile
2456 3857 2728 3928 plerisque
2774 3857 2972 3912 merito
3017 3857 3197 3913 visum
3229 3867 3350 3926 est;
3384 3874 3564 3928 neque

1973 3966 2076 4007 nos
2109 3959 2217 4005 tam
2246 3949 2532 4021 Epiplianii
2567 3959 2748 4006 errato
2767 3950 3156 4020 patrocinium,
3194 3960 3288 4006 aut
3318 3952 3558 4006 colorem

1974 4058 2235 4113 quaerere,
2291 4057 2453 4113 quam
2501 4041 2634 4096 illud
2685 4042 2861 4112 ipsum
2919 4057 3114 4097 eruere
3172 4058 3236 4098 ac
3290 4044 3561 4112 vestigare

1975 4134 2256 4190 debemus.
2288 4133 2459 4189 Nemo
2481 4133 2624 4190 enim
2661 4133 2946 4197 hactenus,
2979 4150 3040 4188 ex
3064 4141 3145 4187 tot
3173 4133 3558 4204 scriptoribus.

1975 4242 2116 4295 quos
2144 4225 2232 4280 hic
2264 4225 2549 4295 Epiphanii
2591 4226 2743 4281 locus
2783 4224 3133 4282 vehementer
3169 4227 3435 4291 exercuit,
3463 4242 3562 4280 cu-

278 4325 550 4395 Scaligeri
587 4323 864 4379 secundus
905 4336 1102 4387 error;
1148 4334 1274 4376 nam
1327 4317 1644 4373 consulatus
1689 4318 1863 4369 Anto-
1899 4319 1942 4373 ο
1971 4319 2080 4374 bile
2133 4319 2308 4388 ipsum
2363 4319 2569 4374 erroris
2625 4318 2805 4388 attigit
2850 4335 2863 4372 :
2901 4318 3088 4388 quod,
3137 4318 3243 4372 nisi
3295 4317 3559 4378 fallimur,

277 4418 388 4471 nini
427 4416 472 4470 II
511 4425 569 4473 et
606 4415 899 4472 Prresentis
952 4413 1234 4469 confertur
1275 4412 1328 4465 in
1362 4425 1564 4464 annum
1603 4406 1765 4462 Urbis
1801 4423 1867 4462 ex

277 4509 628 4565 Varroniana
658 4509 886 4571 ratione,
911 4521 1074 4578 quam
1106 4503 1375 4574 expressit
1400 4499 1686 4564 Onufrius,
1718 4499 1861 4564 891;

275 4618 340 4658 ex
394 4601 724 4671 Capitolinis
763 4599 943 4654 Fastis
985 4598 1110 4652 891.
1148 4595 1545 4650 Varronianam
1597 4591 1751 4662 sequi
1807 4606 1868 4646 se

277 4695 572 4761 prolitetur
597 4690 860 4761 Scaliger,
886 4687 1028 4759 apud
1066 4702 1228 4757 quem
1258 4685 1447 4739 Palilia
1477 4680 1866 4753 prima-conji-

276 4785 504 4840 ciuntur
537 4786 591 4838 in
626 4799 828 4839 annum
862 4799 978 4853 per.
1009 4780 1118 4836 Jul.
1152 4779 1315 4835 5961.
1355 4777 1508 4834 Unde
1547 4791 1726 4831 annus
1766 4776 1867 4831 iste

279 4875 446 4933 Urbis
481 4878 691 4948 periodi
740 4875 973 4930 Julianae
1017 4882 1102 4929 est
1151 4871 1330 4937 4352,
1377 4869 1534 4940 cyclo
1583 4869 1723 4922 lunae
1763 4883 1862 4933 vn,

287 4971 429 5026 ευιίε
461 4987 578 5024 vin.
612 4968 718 5035 Qui
764 4968 1111 5023 characteres
1151 4979 1259 5018 non
1293 4961 1452 5016 alteri
1508 4975 1671 5029 quam
1724 4973 1867 5012 anno

277 5063 493 5115 Christi
531 5060 627 5115 I59
655 5065 996 5128 competunt.
1048 5055 1145 5110 Est
1193 5055 1358 5124 igitur
1391 5066 1571 5106 annus
1602 5050 1690 5105 ille
1740 5051 1864 5115 159,

276 5168 388 5222 quo
418 5167 565 5207 coss.
619 5151 772 5206 fuere
803 5149 1113 5202 Antoninus
1145 5145 1187 5198 II
1221 5154 1276 5201 et
1312 5143 1554 5197 Bruttius
1586 5141 1858 5196 Praesens.

276 5221 550 5298 Onuirius
599 5221 798 5314 porro,
836 5242 929 5311 qui
981 5240 1036 5293 in
1087 5238 1294 5292 Christi
1341 5235 1502 5289 annis
1546 5230 1864 5303 imprudens

277 5333 671 5407 Dionysianam
707 5350 871 5389 teram
917 5348 1028 5388 uno
1071 5329 1361 5386 antevertit
1400 5342 1546 5382 anno
1585 5326 1864 5397 (natalem

274 5426 428 5480 enim
470 5425 675 5482 Christi
714 5441 864 5481 coss.
911 5425 1162 5494 Augusto
1192 5418 1343 5485 XIII,
1391 5427 1444 5474 et
1498 5418 1683 5473 Silano
1713 5433 1862 5473 coss.

277 5513 580 5586 attribuit),
619 5516 871 5570 eumdem
904 5515 1055 5568 illum
1091 5521 1343 5567 numerat
1379 5511 1502 5577 140,
1532 5511 1624 5582 qui
1659 5525 1688 5563 a
1739 5509 1865 5563 Dio-

279 5606 520 5677 nysiana
548 5607 755 5677 epocba
803 5605 1020 5660 nonnisi
1060 5604 1158 5657 I59
1191 5611 1290 5657 est.
1327 5605 1393 5661 At
1441 5606 1495 5662 in
1540 5601 1861 5667 Annalibus,

607 5701 879 5759 ΡΑτιιοι..
909 5698 1023 5759 Gn.
1069 5696 1275 5759 XLIII.

1971 4404 2189 4460 tandem
2223 4403 2434 4458 odorati
2467 4420 2680 4461 sumus.
2719 4406 3015 4460 Constabat
3044 4404 3367 4476 Epiphanio,
3404 4405 3561 4476 Sym-

1970 4496 2224 4550 machum
2257 4494 2630 4551 Theodotione
2677 4497 3015 4565 superiorem
3060 4497 3373 4563 exstitisse;
3403 4497 3562 4550 item-

1969 4603 2076 4659 que
2110 4585 2536 4641 Theodotionrm
2592 4588 2695 4642 sub
2745 4587 2966 4651 Severo,
3019 4586 3406 4658 Symmachum
3456 4588 3561 4639 sub

1970 4679 2269 4735 Commodo
2328 4679 2636 4750 scripsisse.
2690 4677 2822 4745 Quae
2886 4677 3146 4747 quoniam
3194 4677 3562 4746 ἁσύγκλωστα.

1969 4777 2174 4824 etcum
2201 4770 2430 4824 historia
2471 4770 2764 4840 pugnantia
2805 4776 2955 4834 sunt,
2981 4768 3388 4834 animadvertit,
3420 4767 3561 4824 duos

1969 4863 2208 4934 primum
2242 4862 2411 4918 fuisse
2447 4861 2796 4928 Commodes,
2845 4863 3073 4919 alterum
3109 4863 3177 4917 Μ.
3209 4861 3413 4918 Aurelii
3444 4861 3559 4915 col-

1968 4955 2166 5026 legam,
2200 4955 2294 5025 qui
2323 4971 2448 5009 cum
2479 4970 2545 5010 eo
2576 4953 2941 5012 communiter
2971 4955 3248 5025 imperavit
3279 4971 3293 5018 ;
3329 4953 3558 5006 alterum

1970 5047 2164 5115 ﬁlium,
2192 5047 2283 5117 qui
2315 5047 2536 5102 Aurelio
2576 5048 2715 5116 patri
2765 5048 3055 5104 successit.
3092 5046 3168 5100 Ex
3201 5046 3266 5100 iis
3297 5045 3558 5100 Commo-

1968 5139 2075 5200 dis,
2113 5137 2469 5210 posteriorem
2490 5137 2641 5192 illum
2673 5155 2795 5194 esse
2830 5137 3008 5202 scivit,
3039 5137 3140 5190 sub
3166 5151 3274 5204 quo
3307 5133 3559 5189 Theodo-

1970 5230 2134 5285 tionis
2165 5229 2332 5284 editio
2377 5231 2676 5298 prodierat.
2729 5229 2910 5296 Quare
2951 5243 3060 5282 non
3107 5227 3370 5304 dubitavit
3423 5224 3557 5296 quin

1969 5330 2095 5376 ante
2150 5320 2296 5374 hunc
2347 5319 2586 5378 Severus
2632 5305 2954 5377 exstitisset.
3023 5319 3256 5374 Promde
3323 5317 3558 5371 Severos

1968 5412 2107 5467 duos
2134 5427 2259 5468 esse
2291 5415 2544 5470 credidit.
2575 5415 2748 5496 Atque
2789 5414 2910 5468 ideo
2938 5428 3060 5484 pag.
3092 5412 3212 5478 I7I,
3247 5412 3404 5465 Μετὰ
3431 5408 3558 5462 τοῦ·

1967 5523 2080 5565 τον,
2108 5505 2307 5582 inquit,
2336 5507 2440 5561 hoc
2489 5515 2574 5562 est
2619 5499 2687 5572 Μ.
2735 5507 3035 5570 Aurelium,
3082 5503 3365 5575 Κόμμοδος
3399 5501 3562 5563 ἄλλος

1971 5594 2271 5670 βασιλεύει.
2344 5599 2480 5654 Tum
2552 5599 2620 5653 de
2687 5597 2887 5654 Severo
2936 5617 2949 5653 :
3007 5598 3207 5652 Τοῦτον
3251 5593 3559 5664 ὄιαὸἑκηιι

3165 5689 3236 5750 18
