4028 6220
400 261 505 303 ass
1519 243 1860 303 APPENDlX
1901 245 1962 299 Dl

2065 239 2530 298 ERTATIONUM.

399 283 505 317 ί)οὒ

3534 249 3638 304 553

390 380 626 449 Σευῆρος
671 376 850 440 ἄλλος.
894 373 959 427 Ει
985 386 1136 426 num.
1177 370 1239 422 17
1273 367 1694 424 Theodotionem
1729 369 1804 422 ait
1837 366 1962 439 περὶ

2070 365 2296 420 buissct.
2329 362 2464 418 Nam
2518 361 2584 416 de
2636 358 2776 412 LXX
2809 356 3128 414 Senioribus
3153 391 3168 417 ,
3230 364 3367 421 quos
3399 349 3636 404 omnium

387 473 486 544 τὴν
515 471 608 524 τοῦ
639 469 891 539 δευτέρου
931 462 1218 534 Κομμὸδου
1263 459 1536 530 βασιλείαν
1581 459 1837 526 edidisse,
1871 459 1963 528 qui

389 564 555 634 priori
583 559 880 615 Commodo
922 553 1203 609 successit.
1233 553 1370 606 Cum
1416 552 1530 606 duo
1571 551 1679 606 sint
1723 567 1786 604 ev
1838 550 1964 618 l-‘pi-

390 653 572 716 phanii
609 657 786 704 mente
808 645 1109 710 Commodi,
1145 642 1476 712 totidemque
1515 640 1734 704 Severi,
1770 641 1962 694 horum

389 747 534 814 prior
566 741 918 812 posteriorem
949 736 1303 791 Commodum
1336 735 1651 792 antecessit.
1686 733 1824 803 Ergo
1871 739 1964 786 aut

388 847 470 893 est
509 837 576 890 M.
616 833 870 888 Aurelius
900 831 1096 895 Verus,
1135 839 1227 883 aut
1275 827 1476 882 Lucius
1503 824 1834 882 Commodus
1863 822 1958 879 Ve-

389 941 503 978 rus.
547 922 664 976 Non
698 930 872 991 potest
905 920 992 973 hic
1032 934 1174 981 esse,
1222 918 1349 988 quia
1392 917 1625 971 Severus
1663 916 1808 985 prior
1855 923 1962 968 tam

390 1014 458 1067 ah
487 1021 716 1082 utroque
756 1009 1053 1064 Cmmnodo
1114 1022 1276 1076 quam
1335 1020 1366 1060 a
1418 1005 1718 1075 posteriore
1763 1003 1964 1058 Severo

389 1103 735 1160 discernitur.
767 1100 885 1154 Non
919 1101 1055 1153 alius
1091 1106 1174 1152 cst
1206 1097 1389 1168 igitur,
1419 1111 1579 1166 quam
1613 1094 1683 1148 M.
1713 1093 1964 1148 Aurelius

389 1195 582 1252 Verus.
608 1197 864 1264 Σευῆρος,
899 1194 1139 1261 inquam,
1169 1206 1266 1260 pro
1296 1189 1504 1259 Οὑῆρος
1549 1189 1616 1240 ab
1664 1185 1964 1256 Epiphanio

391 1285 749 1357 philosophus
779 1283 878 1336 istc
910 1279 1224 1333 nominatus
1256 1286 1359 1332 est.
1386 1273 1540 1341 Quod
1561 1273 1776 1344 quidem
1807 1271 1965 1342 paulo

391 1386 516 1432 ante
559 1382 827 1444 corruptae
870 1370 1120 1426 lectionis
1161 1369 1386 1438 vestigia
1416 1367 1791 1422 demonstrant
1822 1381 1834 1416 ε
1869 1365 1964 1426 ’ος

391 1469 485 1521 καὶ
516 1467 742 1536 Μάρκος
766 1462 1032 1534 Αὐρήλιος
1061 1459 1236 1532 Σουὴρ
1265 1458 1499 1526 ἐλέγετο.
1532 1455 1639 1511 Pro
1685 1470 1793 1524 quo
1821 1453 1966 1523 0ὑῆ-

395 1577 484 1629 ρος
519 1559 583 1612 ad
628 1573 776 1611 oram
810 1553 1092 1624 legendum
1137 1551 1513 1622 ascripsimus.
1546 1548 1701 1603 Nunc
1731 1547 1967 1616 Σευῆρος

394 1647 574 1700 malim
601 1665 617 1700 ς
645 1662 744 1700 nec
772 1644 916 1697 aliud
950 1641 1306 1712 Epiphanium
1334 1640 1600 1704 voluisse,
1625 1637 1717 1706 qui
1759 1643 1965 1689 attente

2069 455 2469 511 vetustissimos
2500 469 2621 508 esse
2645 452 2899 506 convenit
2927 490 2941 514 ,
2975 463 3074 501 cur
3105 445 3340 499 alienum
3370 442 3427 495 in
3460 443 3640 494 loeuu:

2067 545 2303 616 coniecti
2329 546 2460 606 sint,
2496 544 2563 597 ab
2580 541 2885 612 Epiphanio
2915 539 3056 594 ratio
3078 537 3169 589 illa
3203 531 3467 586 traditur:
3501 529 3645 598 quod

2068 650 2258 690 eorum
2291 631 2688 704 interpretatio,
2722 637 2908 699 utpote
2936 635 3255 681 cmtcrarum
3295 619 3505 689 regula,
3534 622 3650 670 tne-

2067 725 2215 777 dium
2251 724 2376 792 jure
2407 722 2585 774 locum
2627 717 2947 786 occuparit,
2991 721 3050 768 ut
3095 713 3216 766 alia:
3247 723 3370 763 cum
3400 722 3465 761 ea
3493 721 3648 760 com-

2066 815 2244 886 parari
2273 812 2614 869 commodius
2646 818 2888 882 possent.
2939 806 3050 861 Cur
3094 805 3257 874 igitur
3285 796 3647 854 Theodotioni

2067 906 2404 976 antepositus
2429 905 2497 958 sit
2523 900 2888 973 Symmachus
2911 939 2924 961 ,
2955 913 3023 951 ne
3072 894 3197 964 ﬁngi
3224 891 3444 962 quidem
3479 903 3649 943 causa

2066 998 2237 1053 altera
2281 1003 2501 1066 potest,
2557 993 2664 1047 nisl
2716 991 2859 1061 quod
2914 996 3072 1043 aetate
3130 987 3231 1039 iste
3283 981 3646 1054 praecesserit.

2066 1087 2223 1154 Quod
2257 1087 2401 1141 enim
2459 1083 2787 1156 quibusdam
2847 1083 3060 1152 placet,
3116 1077 3238 1130 ideo
3293 1075 3648 1144 posteriorem

2066 1178 2428 1234 Theodotioni
2458 1178 2713 1231 tributam
2745 1189 2868 1229 esse
2902 1171 3105 1235 sedem,
3139 1179 3196 1222 ut
3227 1167 3366 1221 LXX
3401 1166 3651 1220 Seniori-

2065 1271 2190 1336 bus,
2226 1267 2681 1340 quemadmodum
2717 1263 3112 1333 interpretandi
3142 1275 3339 1332 genere
3364 1298 3378 1322 ,
3424 1258 3507 1312 sic
3558 1271 3651 1310 or—

2066 1363 2193 1417 dine
2239 1345 2578 1431 propinquus
2623 1365 2800 1419 esset,
2844 1357 2957 1410 leve
3016 1363 3132 1417 est,
3178 1353 3287 1406 imo
3328 1349 3646 1404 ridiculum.

2065 1453 2202 1507 Cum
2253 1452 2396 1507 enim
2447 1449 2748 1522 principem
2806 1446 2942 1501 LXX
3005 1445 3296 1501 Seuiorum
3351 1442 3644 1497 editionem

2068 1544 2228 1600 ambo
2270 1543 2346 1596 illi
2386 1538 2534 1597 velut
2591 1541 2886 1610 stipatores
2926 1551 2988 1591 ac
3038 1538 3310 1591 laterones
3345 1533 3643 1594 ciuxerint,

2069 1645 2246 1690 utram
2277 1633 2333 1688 in
2386 1641 2600 1704 partem
2635 1629 3028 1685 Theodotionis
3059 1626 3227 1682 editio
3281 1623 3645 1685 conferretur,

391 1754 511 1809 qua:
551 1737 663 1792 dixi
710 1734 1072 1806 perpenderit,
1126 1746 1338 1788 mecum
1385 1729 1733 1785 existimabit.
1785 1726 1969 1795 Nepte
2001 1718 2042 1774 Β
2075 1723 2208 1777 nihil
2243 1722 2308 1776 ad
2345 1719 2806 1793 propinquitatem
2834 1717 3103 1773 interfuit.
3139 1715 3190 1769 id
3219 1715 3396 1784 ipsum
3430 1721 3648 1769 veteres

391 1835 542 1887 solus
587 1830 691 1884 hoc
732 1829 1066 1898 Epiphanius
1112 1823 1408 1888 commisit,
1459 1829 1519 1874 ut
1565 1818 1820 1874 Severum
1869 1831 1967 1886 pro

396 1921 532 1976 Vero
557 1929 830 1984 sumeret;
865 1919 956 1974 sed
989 1927 1040 1972 et
1071 1917 1184 1981 alii,
1220 1923 1330 1970 tam
1352 1913 1521 1968 Grazci
1558 1928 1718 1982 quam
1746 1910 1962 1964 Latini:

390 2012 562 2068 Graeci
592 2011 808 2082 quidem
845 2011 1106 2080 plerique.
1149 2006 1227 2060 Ex
1269 2003 1484 2060 Latinis
1510 2020 1636 2059 vero
1677 2002 1968 2058 Cassiodo-

393 2121 486 2159 rus
516 2104 618 2160 sub
645 2103 929 2158 consulatu
966 2099 1151 2155 Sevcri
1174 2105 1227 2154 et
1260 2096 1612 2159 llerenniani,
1647 2097 1749 2151 ista
1791 2094 1965 2164 subji-

390 2198 508 2252 cit:
545 2195 645 2250 llis
693 2211 828 2250 coss.
884 2191 1079 2248 Lucius
1133 2189 1338 2243 Annius
1395 2187 1691 2242 Antoninus
1750 2183 1966 2239 Severus

391 2305 530 2341 anno
576 2288 719 2355 regni
759 2283 1032 2338 undecimo
1081 2282 1215 2334 inter
1246 2277 1596 2334 Concordiam
1639 2285 1690 2332 et
1730 2277 1965 2342 Altinum

391 2379 630 2446 apoplcxi
704 2377 990 2430 exstinctus
1063 2381 1160 2426 est.
1221 2370 1670 2439 Quandoquidem
1733 2367 1966 2422 Severus

393 2470 561 2538 prior,
595 2482 659 2520 ex
692 2464 979 2535 Epiphanii
1011 2463 1303 2526 sententia,
1339 2459 1410 2514 M.
1448 2459 1700 2515 Aurelius
1723 2466 1828 2519 est,
1856 2474 1965 2512 non

391 2559 439 2613 is
473 2555 566 2627 qui
596 2553 863 2609 Perlinaci
894 2566 957 2605 ac
983 2549 1200 2604 Juliano
1227 2548 1494 2604 successit
1520 2566 1533 2601 :
1557 2554 1778 2616 apparet
1808 2545 1967 2616 Sym-

392 2645 668 2709 machum,
694 2643 786 2714 qui
820 2643 920 2698 sub
953 2640 1130 2710 priore
1182 2639 1274 2692 illo
1319 2637 1520 2694 Severo
1557 2637 1626 2693 ab
1665 2635 1967 2708 Epiphanio

391 2737 708 2801 collocatur,
754 2747 1098 2804 nequaquam
1138 2730 1204 2786 ad
1245 2731 1563 2800 posterioris
1602 2728 1788 2784 Severi
1827 2737 1966 2782 tem-

393 2843 524 2899 pora
555 2825 744 2882 referri
777 2845 790 2880 :
822 2825 966 2894 quod
998 2838 1188 2879 omnes
1223 2823 1486 2878 hactenus
1539 2820 1785 2875 arbitrati
1815 2829 1965 2882 sunt,

391 2919 483 2989 qui
512 2926 564 2972 et.
590 2916 885 2988 pugnantia
917 2913 1062 2984 loqui
1100 2913 1456 2982 Epiphanium
1484 2912 1758 2974 dixerunt,
1783 2920 1832 2965 et
1867 2926 1966 2980 po-

392 3010 677 3064 steriorem
743 3005 912 3060 fuisse
975 3003 1343 3058 Theodotione
1412 3001 1796 3073 Symmachum
1860 3017 1964 3054 non

393 3098 552 3151 aliam
599 3095 669 3148 ob
714 3107 935 3146 causam
976 3095 1270 3160 putarunt,
1335 3104 1495 3158 quam
1537 3089 1679 3158 quod
1729 3087 1957 3157 Epipha-

392 3188 515 3241 nius
569 3183 998 3238 Theodotionem
1047 3181 1147 3235 sub
1198 3179 1528 3242 Commodo,
1580 3178 1964 3249 Symmachum

392 3277 495 3329 sub
539 3274 738 3328 Severo
781 3273 1164 3343 interpretatos
1193 3286 1315 3326 esse
1339 3271 1665 3340 prodiderat.
1699 3268 1808 3338 Ego
1840 3283 1967 3322 vero

391 3365 645 3419 aberrare
673 3362 888 3433 quidem
930 3361 1286 3432 Epiphanium
1332 3375 1529 3431 negare
1575 3377 1682 3414 non
1718 3376 1962 3430 possum,

390 3457 482 3527 qui
523 3454 767 3510 Severum
801 3469 899 3523 pro
931 3452 1060 3507 Vero
1104 3468 1379 3523 perperam
1414 3455 1792 3523 usurpaverit:
1827 3467 1965 3507 con-

391 3546 592 3601 sentire
653 3553 831 3600 autem
881 3560 1064 3599 secum
1117 3546 1327 3617 ipsum,
1378 3553 1431 3598 et
1493 3546 1545 3598 in
1593 3560 1778 3600 errore
1819 3561 1965 3599 con—

387 3644 622 3692 stantem
675 3652 798 3693 esse
843 3635 1116 3692 defendo:
1147 3651 1255 3689 uno
1307 3644 1485 3691 tamen
1531 3651 1785 3706 peccasse
1831 3651 1965 3706 pcre-

393 3740 560 3792 terea,
587 3727 728 3798 quod
758 3744 878 3800 pag.
914 3729 1037 3790 172,
1072 3744 1194 3783 eum
1225 3737 1344 3800 post
1386 3728 1718 3783 Pertinacem
1767 3735 1819 3782 et
1867 3727 1964 3783 Se-

389 3837 576 3874 verum
605 3821 717 3875 haec
747 3821 1024 3875 subdidit:
1067 3820 1155 3872 Ἐν
1191 3823 1301 3883 τοῖς
1345 3820 1438 3873 τοῦ
1481 3821 1716 3891 Σευῆρον
1754 3821 1964 3892 χρόνοις

390 3911 682 3982 Σύμμαχος
713 3927 815 3974 τις,
852 3921 980 3975 etc.,
1013 3924 1121 3964 non
1156 3913 1288 3965 satis
1309 3911 1598 3980 expressit,
1633 3911 1700 3965 de
1727 3924 1961 3979 quonam

391 4002 593 4058 Severo
637 4001 968 4070 loqueretur,
999 4016 1122 4056 cum
1166 4001 1304 4057 duos
1351 4009 1853 4065 commemorasset,
1880 4003 1963 4055 vi-

390 4106 593 4164 susque
625 4100 709 4145 est
739 4089 883 4144 haud
912 4090 1183 4146 immerito
1219 4091 1569 4161 posteriorem
1610 4090 1960 4154 intellexisse.

377 4186 474 4239 cui
508 4184 750 4254 proxime
781 4182 883 4234 ista
919 4180 1216 4236 subtexuit.

459 4276 542 4328 Ab
574 4273 682 4326 hac
721 4269 1012 4339 Epiphanii
1048 4271 1473 4325 hallucinatione
1500 4286 1820 4326 revocemus
1850 4272 1964 4326 ani-

2071 1813 2259 1869 Patres
2300 1812 2754 1867 animadvertisse
2794 1809 3075 1871 videntur,
3111 1807 3199 1877 qui
3234 1808 3284 1858 in
3311 1820 3650 1861 commemo-

2070 1907 2259 1962 randis
2287 1906 2396 1962 illis
2434 1905 2824 1974 interpretibus
2857 1901 3217 1956 Theodotioni
3257 1898 3648 1970 Symmachum

2069 2005 2442 2068 anteponunt,
2499 2012 2625 2051 raro
2675 1993 3107 2049 Theodotionem
3156 1991 3502 2063 Symmacho.
3538 1989 3650 2045 Nec

2068 2103 2133 2143 eo
2161 2089 2353 2144 ordine
2381 2089 2648 2143 duntaxat
2679 2086 2989 2156 appellant,
3018 2099 3140 2138 cum
3173 2100 3240 2138 ex
3273 2083 3524 2153 Origenis
3553 2097 3652 2136 co-

2069 2181 2283 2236 dicibus
2311 2181 2646 2252 depromptis
2675 2179 2987 2235 eorumdem
3021 2177 3351 2233 testimoniis
3381 2182 3646 2238 utuntur,

2069 2274 2162 2328 sed
2199 2281 2314 2330 tum
2365 2287 2584 2344 quoque
2634 2287 2756 2327 cum
2799 2271 3141 2341 singulorum
3190 2268 3257 2322 τὰ
3291 2268 3649 2338 ἱστορούμενα

2070 2365 2345 2435 sigillatim
2394 2371 2694 2434 exponunt.
2759 2361 2891 2415 Nam
2939 2362 3110 2431 primo
3148 2362 3267 2415 loco
3307 2358 3449 2412 LXX
3477 2359 3649 2413 Inter-

2069 2468 2249 2527 pretes
2280 2457 2648 2519 constituunt,
2686 2453 2887 2524 quibus
2922 2452 3194 2522 Aquilam,
3230 2451 3646 2523 Symmachum,

2069 2546 2497 2602 Theodotionem
2528 2545 2846 2615 subjiciunt.
2897 2543 2990 2599 Sic
3027 2542 3358 2598 Athanasius
3416 2544 3471 2596 in
3504 2540 3647 2613 Syn-

2067 2639 2185 2708 opsi
2257 2639 2588 2692 anteriorem
2676 2635 2846 2690 fuisse
2918 2633 3303 2706 Symmachum
3363 2632 3644 2685 anirmat:

2068 2731 2224 2800 cujus
2261 2729 2556 2785 editionem
2589 2744 2676 2782 LVI
2728 2737 2851 2798 post
2889 2728 3096 2797 Aquihe
3147 2726 3451 2780 versionem
3488 2725 3649 2776 annis

2068 2823 2346 2878 exstitisse
2377 2828 2587 2875 narrat.
2619 2818 2697 2885 Si,
2740 2829 2796 2873 ut
2827 2830 3016 2873 auctor
3050 2830 3128 2874 est
3163 2817 3531 2887 Epiphanius,
3571 2833 3647 2871 xu

2069 2913 2294 2965 Adriani
2323 2926 2466 2964 anno
2493 2909 2702 2980 Aquilae
2742 2909 3117 2978 interpretatio
3152 2909 3390 2978 prodiit,
3427 2908 3520 2975 qui
3563 2915 3648 2960 est

2071 3019 2246 3058 anuus
2279 3002 2480 3058 Christi
2519 3001 2616 3054 128
2643 3040 2656 3063 ,
2688 3003 2770 3056 vel
2824 3000 2893 3054 ab
2922 3016 2985 3054 eo
3014 3000 3297 3068 proximus
3324 3039 3339 3063 ,
3371 3001 3665 3068 quinqua-‘

2069 3097 2309 3164 gesimus
2342 3093 2410 3145 ab
2461 3092 2552 3145 illo
2589 3100 2642 3147 et
2673 3099 2860 3146 sextus
2902 3106 3079 3145 annus
3120 3089 3309 3144 incidit
3343 3090 3394 3141 in
3441 3103 3643 3140 annum

2069 3184 2288 3238 circiter
2321 3183 2443 3246 184,
2475 3181 2758 3237 Commodi
2795 3191 3074 3252 quartum,
3111 3186 3191 3236 vel
3232 3181 3510 3250 quintum.
3539 3178 3642 3232 Sed

2068 3289 2350 3346 perperam
2382 3273 2522 3328 idem
2571 3271 2886 3343 Syquseos
2933 3283 3124 3327 auctor
3151 3273 3252 3327 sub
3291 3272 3493 3326 Severo
3532 3270 3644 3324 edi-

2069 3375 2177 3417 tam
2213 3379 2334 3420 essc
2366 3363 2553 3418 refert.
2597 3362 2732 3416 Nam
2771 3363 3005 3416 subinde
3036 3362 3464 3417 Theodotionem
3510 3363 3643 3415 sub-

2068 3464 2278 3521 texens,
2317 3457 2659 3527 Ἠρμήνευσε
2695 3454 2788 3507 καὶ
2818 3454 2980 3518 αὐτός
3001 3496 3014 3518 ,
3053 3455 3230 3524 inquit
3253 3495 3265 3516 ,
3299 3453 3390 3507 ἐπὶ
3420 3453 3643 3523 Κομμό·

2064 3547 2153 3600 δου
2179 3546 2273 3600 τοῦ
2306 3545 2568 3617 βασιλέως
2595 3546 2652 3599 ἐν
2685 3544 2833 3615 αὐτῷ
2854 3545 2929 3616 τῷ
2960 3545 3157 3618 χρόνῳ.
3201 3544 3393 3599 Eodem
3419 3554 3642 3610 tempore

2064 3650 2115 3691 et
2147 3640 2257 3706 ipse
2287 3636 2382 3690 sub
2415 3636 2701 3692 Commodo
2750 3638 3120 3706 interpretatus
3170 3647 3266 3692 est.
3314 3637 3429 3690 Non
3481 3637 3643 3704 igitur

2066 3729 2204 3783 alter
2254 3728 2356 3784 sub
2411 3727 2631 3783 Severo.
2711 3726 2789 3782 ita
2848 3736 3067 3799 propter
3125 3732 3351 3783 exotica:
3403 3728 3643 3782 historue

2066 3822 2370 3890 neglectum
2398 3821 2720 3892 plerumque
2767 3822 3099 3877 sanctissimi
3128 3821 3318 3877 Patres
3351 3821 3644 3876 inextrica-

2066 3913 2269 3968 bilibus
2301 3928 2420 3968 sese
2446 3913 2658 3983 laqueis
2682 3913 2994 3982 implicant:
3018 3911 3357 3982 Epiphanius
3384 3911 3639 3981 denique,

2064 4019 2128 4058 ex
2182 4019 2292 4075 quo
2330 4003 2623 4058 contrariae
2669 4004 2955 4058 sententiae
2987 4003 3208 4057 unicum
3259 4013 3314 4058 et
3367 4004 3642 4074 singulare

2065 4095 2464 4150 firmamentum
2509 4093 2927 4148 Alexandrinum
2978 4092 3279 4150 Chronicon
3326 4109 3390 4148 ac
3455 4111 3642 4150 recen-

2075 4184 2242 4240 tiores
2292 4184 2624 4248 hauserunt,
2695 4183 2869 4253 palam
2940 4199 3004 4238 ac
3056 4184 3175 4240 sine
3220 4184 3447 4253 ambage
3480 4183 3640 4256 Sym-

2063 4275 2318 4328 machum
2344 4271 2719 4329 Theodotioue
2754 4275 2987 4344 priorem
3016 4274 3297 4331 exstitisse
3327 4278 3640 4338 continuat,

375 4377 536 4417 mum
567 4364 639 4416 ad
679 4375 1020 4419 communem
1051 4359 1118 4414 de
1145 4361 1432 4430 utriusque
1465 4359 1776 4428 interpretis
1805 4372 1962 4417 aetate
1994 4385 2040 4440 υ
2065 4370 2227 4431 atque
2264 4362 2408 4416 hunc
2431 4364 2533 4417 sub
2559 4364 2860 4418 Commodo
2887 4405 2902 4430 ,
2937 4365 3088 4418 illum
3120 4365 3224 4420 sub
3252 4365 3394 4419 Vero
3418 4405 3434 4430 ,
3470 4367 3523 4420 id
3560 4375 3644 4422 est

383 4455 740 4509 sententiam.
774 4452 1099 4506 inveteravit
1126 4451 1270 4505 enim
1307 4451 1420 4521 jam
1455 4452 1596 4522 apud
1626 4451 1961 4508 recentiores

387 4561 580 4602 omnes
614 4546 727 4601 haec
765 4544 983 4618 opinio:
1032 4543 1419 4616 Symmachum
1465 4551 1591 4614 post
1626 4541 1959 4600 Theodotio-

388 4654 511 4694 nem
540 4640 839 4697 exstitisse.
878 4637 952 4694 De
983 4653 1093 4709 quo
1126 4651 1258 4692 sane
1295 4637 1386 4692 diu
1423 4646 1508 4692 est
1553 4637 1696 4709 quod
1725 4636 1913 4691 dubito
1942 4656 1955 4692 :

388 4750 515 4788 nam
566 4733 773 4788 nullum
811 4731 957 4785 aliud
1013 4732 1334 4803 προλήψεως
1388 4731 1544 4787 istius
1580 4740 1956 4800 argumentum

389 4825 589 4889 video,
626 4838 785 4891 quam
856 4820 1140 4891 Epiphanii
1189 4823 1559 4876 testimoniqu
1622 4819 1792 4883 illud,
1848 4836 1958 4890 quo

390 4913 773 4987 Symmachum
808 4913 910 4966 sub
946 4911 1167 4973 Severo,
1203 4911 1630 4967 TheodOtionem
1665 4912 1766 4967 sub
1795 4913 1958 4967 Com-

299 5012 304 5016 ’
389 5007 548 5062 modo
568 5005 855 5074 scripsisse
890 5003 1098 5058 docuit.
1128 5002 1240 5056 Hoc
1267 5019 1397 5058 vero
1423 5004 1534 5073 jam
1565 5014 1780 5061 extorto
1803 5045 1816 5069 ,
1848 5021 1957 5074 quo

386 5098 606 5153 demum
665 5095 784 5151 freti
822 5091 1250 5149 Theodotionem
1307 5096 1658 5152 vetustiorem
1694 5111 1815 5152 esse
1856 5113 1956 5167 pu-

386 5187 673 5253 gnabunt?
705 5187 774 5240 At
806 5201 834 5239 e
865 5186 1143 5239 contrario
1204 5184 1514 5256 Symmachi
1566 5188 1800 5256 priorem
1840 5189 1956 5242 edi-

385 5280 584 5334 tionem
614 5295 756 5344 esse,
782 5281 936 5350 plura
971 5279 1098 5332 mihi
1131 5278 1477 5348 persuadent.
1512 5282 1568 5335 lu
1592 5282 1783 5351 primis
1816 5282 1955 5336 ordo

387 5369 476 5422 ille
498 5410 511 5434 ,
538 5385 696 5439 quem
730 5369 782 5422 iu
823 5369 1106 5424 codicibus
1139 5369 1396 5438 Origenes
1435 5370 1710 5426 instituit:
1745 5371 1798 5425 in
1831 5373 1952 5440 qui-

387 5455 486 5509 bus
517 5469 633 5525 post
655 5458 907 5526 Aquilam
945 5466 1203 5527 perpetuo
1229 5455 1588 5529 Symmachus
1621 5468 1748 5516 ante
1776 5457 1956 5514 Theo-

386 5541 662 5601 dotionem
698 5547 939 5618 ponitur.
973 5547 1150 5613 Quod,
1193 5548 1298 5602 nisi
1337 5549 1612 5620 antiquior
1638 5559 1784 5606 esset
1835 5550 1950 5618 ille,

386 5646 491 5688 cur
513 5635 589 5690 ita
630 5637 944 5709 disponeret
973 5638 1234 5708 Origenes
1262 5679 1276 5706 ,
1336 5655 1562 5697 causam
1617 5642 1823 5697 nullam
1855 5640 1953 5697 ha-

2063 4451 2130 4506 M.
2168 4452 2408 4517 Aurelio,
2441 4455 2731 4525 scripsisse
2766 4473 2778 4509 :
2821 4471 2982 4523 quem
3019 4455 3224 4511 frustra
3265 4456 3513 4511 Severum
3548 4473 3642 4527 ap-

2062 4544 2246 4614 pellat,
2280 4544 2533 4615 idemque
2569 4554 2628 4600 ut
2659 4547 2863 4602 faceret
2889 4547 3201 4618 Synopseos
3231 4549 3397 4610 illius.
3429 4551 3513 4604 vel
3543 4567 3644 4620 ap-

2063 4636 2309 4704 pendicis
2368 4636 2727 4705 Synopseos,
2791 4653 2914 4708 qua:
2979 4639 3281 4694 Athanasio
3335 4641 3642 4704 tribuitur,

2062 4735 2336 4780 auctorem
2362 4726 2593 4779 induxit.
2611 4727 2706 4783 Est
2732 4731 2876 4782 enim
2910 4729 3024 4784 haac
3046 4731 3243 4785 lacinia
3270 4747 3645 4802 nequaquam,

2061 4826 2121 4871 ut
2152 4819 2373 4886 opinor,
2406 4819 2732 4884 Athanasii,
2785 4821 2881 4876 sed
2914 4823 3204 4892 scriptoris
3235 4825 3464 4878 alterius
3487 4865 3502 4888 ,
3546 4829 3645 4894 qui

2058 4925 2122 4963 ex
2161 4908 2463 4979 Epiphanio
2507 4911 2610 4965 ista
2654 4911 2999 4978 describens,
3062 4914 3284 4981 perinde
3329 4923 3492 4984 atque
3527 4918 3644 4981 ille,

2059 5015 2157 5070 pro
2190 4999 2332 5055 Vero
2381 5001 2642 5057 Severum
2696 5007 3003 5073 usurpavit.
3063 5004 3245 5070 Quare
3288 5006 3432 5076 quod
3472 5005 3648 5077 Sym-

2059 5093 2310 5147 machum
2343 5093 2444 5148 sub
2474 5091 2678 5149 Severo
2707 5093 3008 5150 Pertinacis
3040 5111 3362 5151 successore
3393 5097 3650 5154 edidisse

2056 5183 2219 5252 vulgo
2248 5183 2447 5248 ferunt,
2472 5193 2744 5254 quatenus
2771 5203 2836 5240 ex
2858 5185 3163 5257 Epiphanio
3187 5188 3329 5242 istud
3354 5203 3648 5258 asserunt,

2060 5283 2266 5328 mutent
2311 5275 2569 5346 deinceps
2621 5279 2944 5331 sententiam
2980 5294 3204 5343 omnes,
3237 5289 3327 5345 et,
3385 5281 3432 5335 si
3492 5281 3650 5338 hunc

2059 5374 2336 5419 auctorem
2392 5368 2544 5437 sequi
2603 5368 2872 5438 cupiunt,
2929 5369 2996 5422 ad
3049 5369 3215 5425 Marci
3269 5372 3476 5425 Aurelii
3510 5371 3647 5428 Veri

2058 5466 2298 5522 tempora
2353 5459 2730 5513 submoveant.
2794 5461 3075 5516 Cedrenus
3124 5462 3516 5532 Symmachum
3576 5483 3647 5522 ex

2056 5549 2276 5604 Eusebii
2347 5551 2448 5606 fide
2506 5550 2813 5608 Pertinacis
2870 5561 3117 5623 tempore
3178 5554 3348 5609 fuisse
3413 5557 3644 5613 scribit.

2058 5641 2212 5707 Quod
2244 5658 2345 5712 ego
2371 5643 2514 5712 apud
2549 5643 2840 5698 Eusebium
2877 5644 3118 5700 nondum
3153 5645 3366 5716 reperi;
3414 5663 3547 5703 natu
3579 5647 3634 5700 in
