  <div class='ocr_page' id='page_1' title='image "/cluster/home/n/w/nwhite01/storage/ocr_20150623/43/hvd.32044054272794/294.png"; bbox 0 0 2014 3110; ppageno 0'>
   <div class='ocr_carea' id='block_1_1' title="bbox 2 2637 390 3006">
    <p class='ocr_par' dir='ltr' id='par_1_1' title="bbox 7 2637 390 2986">
     <span class='ocr_line' id='line_1_1' title="bbox 7 2637 390 2986; baseline -0.008 -277"><span class='ocrx_word' id='word_1_1' title='bbox 7 2637 49 2986; x_wconf 92' lang='grc' dir='ltr'><strong>Ι</strong></span> <span class='ocrx_word' id='word_1_2' title='bbox 135 2637 390 2756; x_wconf 54' lang='grc' dir='ltr'><strong>,ΞειΙώ</strong></span> 
     </span>
     <span class='ocr_line' id='line_1_2' title="bbox 231 2720 390 2753; baseline 0.006 -4"><span class='ocrx_word' id='word_1_3' title='bbox 231 2752 234 2753; x_wconf 26' lang='grc' dir='ltr'><strong>ν</strong></span> <span class='ocrx_word' id='word_1_4' title='bbox 309 2720 390 2750; x_wconf 71' lang='lat' dir='ltr'><strong>Adris</strong></span> 
     </span>
    </p>
   </div>
   <div class='ocr_carea' id='block_1_2' title="bbox 179 15 226 43">
    <p class='ocr_par' dir='ltr' id='par_1_2' title="bbox 179 15 226 43">
     <span class='ocr_line' id='line_1_3' title="bbox 179 15 226 43; baseline -0.043 0"><span class='ocrx_word' id='word_1_5' title='bbox 179 15 226 43; x_wconf 61' lang='lat'><strong>$57</strong></span> 
     </span>
    </p>
   </div>
   <div class='ocr_carea' id='block_1_3' title="bbox 648 10 1324 42">
    <p class='ocr_par' dir='ltr' id='par_1_3' title="bbox 648 10 1324 42">
     <span class='ocr_line' id='line_1_4' title="bbox 648 10 1324 42; baseline 0.004 -3"><span class='ocrx_word' id='word_1_6' title='bbox 648 12 691 39; x_wconf 85' lang='lat' dir='ltr'><strong>DE</strong></span> <span class='ocrx_word' id='word_1_7' title='bbox 713 10 932 39; x_wconf 68' lang='lat' dir='ltr'><strong>ROMANORUM</strong></span> <span class='ocrx_word' id='word_1_8' title='bbox 954 10 1046 38; x_wconf 79' lang='lat' dir='ltr'><strong>IMPP.</strong></span> <span class='ocrx_word' id='word_1_9' title='bbox 1069 12 1324 42; x_wconf 73' lang='lat' dir='ltr'><strong>CttttONOLOGlA.</strong></span> 
     </span>
    </p>
   </div>
   <div class='ocr_carea' id='block_1_4' title="bbox 1753 20 1806 48">
    <p class='ocr_par' dir='ltr' id='par_1_4' title="bbox 1753 20 1806 48">
     <span class='ocr_line' id='line_1_5' title="bbox 1753 20 1806 48; baseline 0.038 -2"><span class='ocrx_word' id='word_1_10' title='bbox 1753 20 1806 48; x_wconf 63' lang='lat'><strong>558</strong></span> 
     </span>
    </p>
   </div>
   <div class='ocr_carea' id='block_1_5' title="bbox 176 69 1752 110">
    <p class='ocr_par' dir='ltr' id='par_1_5' title="bbox 176 69 1752 110">
     <span class='ocr_line' id='line_1_6' title="bbox 176 69 1752 110; baseline 0.003 -11"><span class='ocrx_word' id='word_1_11' title='bbox 176 73 220 102; x_wconf 83' lang='lat' dir='ltr'><strong>lib.</strong></span> <span class='ocrx_word' id='word_1_12' title='bbox 232 81 256 100; x_wconf 76' lang='lat' dir='ltr'><strong>vi</strong></span> <span class='ocrx_word' id='word_1_13' title='bbox 271 71 424 107; x_wconf 71' lang='lat' dir='ltr'><strong>llist.,cap.</strong></span> <span class='ocrx_word' id='word_1_14' title='bbox 442 72 483 104; x_wconf 72' lang='lat' dir='ltr'><strong>t2,</strong></span> <span class='ocrx_word' id='word_1_15' title='bbox 496 75 523 98; x_wconf 84' lang='lat' dir='ltr'><strong>ct</strong></span> <span class='ocrx_word' id='word_1_16' title='bbox 539 71 587 98; x_wconf 98' lang='lat' dir='ltr'><strong>lib.</strong></span> <span class='ocrx_word' id='word_1_17' title='bbox 600 80 637 99; x_wconf 82' lang='lat' dir='ltr'><strong>vn</strong></span> <span class='ocrx_word' id='word_1_18' title='bbox 652 71 688 98; x_wconf 90' lang='lat' dir='ltr'><strong>De</strong></span> <span class='ocrx_word' id='word_1_19' title='bbox 698 72 855 103; x_wconf 65' lang='lat' dir='ltr'><strong>demotum,</strong></span> <span class='ocrx_word' id='word_1_20' title='bbox 868 79 927 106; x_wconf 79' lang='lat' dir='ltr'><strong>cap.</strong></span> <span class='ocrx_word' id='word_1_21' title='bbox 939 69 966 101; x_wconf 57' lang='grc' dir='ltr'><strong>ἦ,</strong></span> <span class='ocrx_word' id='word_1_22' title='bbox 983 70 1005 97; x_wconf 78' lang='grc' dir='ltr'>Α</span> <span class='ocrx_word' id='word_1_23' title='bbox 1020 70 1071 97; x_wconf 74' lang='grc' dir='ltr'>ιιωὶ</span> <span class='ocrx_word' id='word_1_24' title='bbox 1090 71 1201 104; x_wconf 81' lang='lat' dir='ltr'><strong>bellum,</strong></span> <span class='ocrx_word' id='word_1_25' title='bbox 1217 73 1286 108; x_wconf 78' lang='lat' dir='ltr'><strong>quod</strong></span> <span class='ocrx_word' id='word_1_26' title='bbox 1302 74 1460 100; x_wconf 80' lang='lat' dir='ltr'><strong>vetabantur</strong></span> <span class='ocrx_word' id='word_1_27' title='bbox 1476 75 1600 102; x_wconf 82' lang='lat' dir='ltr'><strong>mutitare</strong></span> <span class='ocrx_word' id='word_1_28' title='bbox 1614 76 1752 110; x_wconf 72' lang='lat' dir='ltr'><strong>genitalia.</strong></span> 
     </span>
    </p>
   </div>
   <div class='ocr_carea' id='block_1_6' title="bbox 175 116 963 153">
    <p class='ocr_par' dir='ltr' id='par_1_6' title="bbox 175 116 963 153">
     <span class='ocr_line' id='line_1_7' title="bbox 175 116 963 153; baseline -0.005 -6"><span class='ocrx_word' id='word_1_29' title='bbox 175 119 217 147; x_wconf 84' lang='lat' dir='ltr'><strong>ubi</strong></span> <span class='ocrx_word' id='word_1_30' title='bbox 233 118 293 153; x_wconf 87' lang='lat' dir='ltr'><strong>quis</strong></span> <span class='ocrx_word' id='word_1_31' title='bbox 305 116 487 153; x_wconf 78' lang='lat' dir='ltr'><strong>Symmachus</strong></span> <span class='ocrx_word' id='word_1_32' title='bbox 502 117 584 144; x_wconf 84' lang='lat' dir='ltr'><strong>fuerit</strong></span> <span class='ocrx_word' id='word_1_33' title='bbox 600 117 723 152; x_wconf 83' lang='lat' dir='ltr'><strong>exponit.</strong></span> <span class='ocrx_word' id='word_1_34' title='bbox 745 117 778 144; x_wconf 86' lang='lat' dir='ltr'><strong>de</strong></span> <span class='ocrx_word' id='word_1_35' title='bbox 796 118 869 143; x_wconf 53' lang='lat' dir='ltr'><strong>illius</strong></span> <span class='ocrx_word' id='word_1_36' title='bbox 883 121 963 143; x_wconf 79' lang='lat' dir='ltr'><strong>:ctate</strong></span> 
     </span>
    </p>
   </div>
   <div class='ocr_carea' id='block_1_7' title="bbox 174 162 962 197">
    <p class='ocr_par' dir='ltr' id='par_1_7' title="bbox 174 162 962 197">
     <span class='ocr_line' id='line_1_8' title="bbox 174 162 962 197; baseline -0.005 -5"><span class='ocrx_word' id='word_1_37' title='bbox 174 165 282 193; x_wconf 85' lang='lat' dir='ltr'><strong>verbum</strong></span> <span class='ocrx_word' id='word_1_38' title='bbox 295 163 410 193; x_wconf 87' lang='lat' dir='ltr'><strong>nultum.</strong></span> <span class='ocrx_word' id='word_1_39' title='bbox 429 162 476 189; x_wconf 87' lang='lat' dir='ltr'><strong>Est</strong></span> <span class='ocrx_word' id='word_1_40' title='bbox 489 167 591 195; x_wconf 84' lang='lat' dir='ltr'><strong>tamen,</strong></span> <span class='ocrx_word' id='word_1_41' title='bbox 609 167 639 189; x_wconf 92' lang='lat' dir='ltr'><strong>ut</strong></span> <span class='ocrx_word' id='word_1_42' title='bbox 654 163 772 197; x_wconf 78' lang='lat' dir='ltr'><strong>ingenue</strong></span> <span class='ocrx_word' id='word_1_43' title='bbox 785 162 881 195; x_wconf 80' lang='lat' dir='ltr'><strong>fa‘car,</strong></span> <span class='ocrx_word' id='word_1_44' title='bbox 894 170 962 189; x_wconf 88' lang='lat' dir='ltr'><strong>non-</strong></span> 
     </span>
    </p>
   </div>
   <div class='ocr_carea' id='block_1_8' title="bbox 172 208 963 245">
    <p class='ocr_par' dir='ltr' id='par_1_8' title="bbox 172 208 963 245">
     <span class='ocr_line' id='line_1_9' title="bbox 172 208 963 245; baseline -0.005 -7"><span class='ocrx_word' id='word_1_45' title='bbox 172 211 249 243; x_wconf 86' lang='lat' dir='ltr'><strong>nihil,</strong></span> <span class='ocrx_word' id='word_1_46' title='bbox 266 210 341 245; x_wconf 89' lang='lat' dir='ltr'><strong>quod</strong></span> <span class='ocrx_word' id='word_1_47' title='bbox 358 210 386 237; x_wconf 91' lang='lat' dir='ltr'><strong>in</strong></span> <span class='ocrx_word' id='word_1_48' title='bbox 400 208 550 236; x_wconf 82' lang='lat' dir='ltr'><strong>asserenda</strong></span> <span class='ocrx_word' id='word_1_49' title='bbox 561 208 717 245; x_wconf 75' lang='lat' dir='ltr'><strong>Symmachi</strong></span> <span class='ocrx_word' id='word_1_50' title='bbox 735 212 869 235; x_wconf 81' lang='lat' dir='ltr'><strong>vetustate</strong></span> <span class='ocrx_word' id='word_1_51' title='bbox 884 216 963 235; x_wconf 81' lang='lat' dir='ltr'><strong>seru-</strong></span> 
     </span>
    </p>
   </div>
   <div class='ocr_carea' id='block_1_9' title="bbox 172 254 962 292">
    <p class='ocr_par' dir='ltr' id='par_1_9' title="bbox 172 254 962 292">
     <span class='ocr_line' id='line_1_10' title="bbox 172 254 962 292; baseline -0.005 -8"><span class='ocrx_word' id='word_1_52' title='bbox 172 256 262 292; x_wconf 88' lang='lat' dir='ltr'><strong>pulum</strong></span> <span class='ocrx_word' id='word_1_53' title='bbox 281 260 384 283; x_wconf 83' lang='lat' dir='ltr'><strong>movet:</strong></span> <span class='ocrx_word' id='word_1_54' title='bbox 412 255 543 282; x_wconf 85' lang='lat' dir='ltr'><strong>nimirum</strong></span> <span class='ocrx_word' id='word_1_55' title='bbox 567 254 639 290; x_wconf 86' lang='lat' dir='ltr'><strong>quod</strong></span> <span class='ocrx_word' id='word_1_56' title='bbox 660 255 781 282; x_wconf 80' lang='lat' dir='ltr'><strong>tremens</strong></span> <span class='ocrx_word' id='word_1_57' title='bbox 794 276 801 287; x_wconf 95' lang='lat'><strong>,</strong></span> <span class='ocrx_word' id='word_1_58' title='bbox 817 255 862 289; x_wconf 85' lang='lat' dir='ltr'><strong>qui</strong></span> <span class='ocrx_word' id='word_1_59' title='bbox 880 254 962 281; x_wconf 78' lang='lat' dir='ltr'><strong>Marci</strong></span> 
     </span>
    </p>
   </div>
   <div class='ocr_carea' id='block_1_10' title="bbox 170 301 963 337">
    <p class='ocr_par' dir='ltr' id='par_1_10' title="bbox 170 301 963 337">
     <span class='ocr_line' id='line_1_11' title="bbox 170 301 963 337; baseline -0.005 -7"><span class='ocrx_word' id='word_1_60' title='bbox 170 302 273 330; x_wconf 78' lang='lat' dir='ltr'><strong>Aurelii</strong></span> <span class='ocrx_word' id='word_1_61' title='bbox 305 306 332 329; x_wconf 88' lang='lat' dir='ltr'><strong>ct</strong></span> <span class='ocrx_word' id='word_1_62' title='bbox 350 301 492 329; x_wconf 88' lang='lat' dir='ltr'><strong>Commodi</strong></span> <span class='ocrx_word' id='word_1_63' title='bbox 523 305 663 337; x_wconf 85' lang='lat' dir='ltr'><strong>tempore.</strong></span> <span class='ocrx_word' id='word_1_64' title='bbox 682 309 713 328; x_wconf 89' lang='lat' dir='ltr'><strong>ac</strong></span> <span class='ocrx_word' id='word_1_65' title='bbox 737 301 829 329; x_wconf 85' lang='lat' dir='ltr'><strong>Severi</strong></span> <span class='ocrx_word' id='word_1_66' title='bbox 853 308 963 336; x_wconf 80' lang='lat' dir='ltr'><strong>qunque</strong></span> 
     </span>
    </p>
   </div>
   <div class='ocr_carea' id='block_1_11' title="bbox 170 347 963 383">
    <p class='ocr_par' dir='ltr' id='par_1_11' title="bbox 170 347 963 383">
     <span class='ocr_line' id='line_1_12' title="bbox 170 347 963 383; baseline -0.003 -7"><span class='ocrx_word' id='word_1_67' title='bbox 170 349 247 377; x_wconf 87' lang='lat' dir='ltr'><strong>initio</strong></span> <span class='ocrx_word' id='word_1_68' title='bbox 271 348 380 379; x_wconf 81' lang='lat' dir='ltr'><strong>ﬂoruit,</strong></span> <span class='ocrx_word' id='word_1_69' title='bbox 402 347 450 375; x_wconf 86' lang='lat' dir='ltr'><strong>lib.</strong></span> <span class='ocrx_word' id='word_1_70' title='bbox 473 355 516 380; x_wconf 84' lang='grc' dir='ltr'>ιιι,</span> <span class='ocrx_word' id='word_1_71' title='bbox 537 355 598 383; x_wconf 80' lang='lat' dir='ltr'><strong>cap.</strong></span> <span class='ocrx_word' id='word_1_72' title='bbox 612 348 646 375; x_wconf 66' lang='lat'><strong>24</strong></span> <span class='ocrx_word' id='word_1_73' title='bbox 660 367 667 379; x_wconf 96' lang='lat'><strong>,</strong></span> <span class='ocrx_word' id='word_1_74' title='bbox 683 355 746 374; x_wconf 83' lang='lat' dir='ltr'><strong>cum</strong></span> <span class='ocrx_word' id='word_1_75' title='bbox 767 347 801 374; x_wconf 80' lang='lat' dir='ltr'><strong>de</strong></span> <span class='ocrx_word' id='word_1_76' title='bbox 827 348 872 374; x_wconf 84' lang='lat' dir='ltr'><strong>ilo</strong></span> <span class='ocrx_word' id='word_1_77' title='bbox 888 347 963 374; x_wconf 79' lang='lat' dir='ltr'><strong>Isaia:</strong></span> 
     </span>
    </p>
   </div>
   <div class='ocr_carea' id='block_1_12' title="bbox 169 392 962 430">
    <p class='ocr_par' dir='ltr' id='par_1_12' title="bbox 169 392 962 430">
     <span class='ocr_line' id='line_1_13' title="bbox 169 392 962 430; baseline -0.006 -7"><span class='ocrx_word' id='word_1_78' title='bbox 169 395 252 426; x_wconf 87' lang='lat' dir='ltr'><strong>loco,</strong></span> <span class='ocrx_word' id='word_1_79' title='bbox 277 402 338 430; x_wconf 74' lang='lat' dir='ltr'><strong>cap.</strong></span> <span class='ocrx_word' id='word_1_80' title='bbox 354 402 412 425; x_wconf 87' lang='lat' dir='ltr'><strong>vn,</strong></span> <span class='ocrx_word' id='word_1_81' title='bbox 439 393 482 425; x_wconf 76' lang='grc' dir='ltr'><strong>Η,</strong></span> <span class='ocrx_word' id='word_1_82' title='bbox 508 392 576 419; x_wconf 78' lang='lat' dir='ltr'><strong>Ecce</strong></span> <span class='ocrx_word' id='word_1_83' title='bbox 596 393 667 427; x_wconf 78' lang='lat' dir='ltr'><strong>virgo</strong></span> <span class='ocrx_word' id='word_1_84' title='bbox 692 393 837 426; x_wconf 78' lang='lat' dir='ltr'><strong>concipiet,</strong></span> <span class='ocrx_word' id='word_1_85' title='bbox 866 393 962 419; x_wconf 85' lang='lat' dir='ltr'><strong>adver—</strong></span> 
     </span>
    </p>
   </div>
   <div class='ocr_carea' id='block_1_13' title="bbox 168 437 961 472">
    <p class='ocr_par' dir='ltr' id='par_1_13' title="bbox 168 437 961 472">
     <span class='ocr_line' id='line_1_14' title="bbox 168 437 961 472; baseline -0.005 -4"><span class='ocrx_word' id='word_1_86' title='bbox 168 449 215 469; x_wconf 75' lang='lat' dir='ltr'><strong>sus</strong></span> <span class='ocrx_word' id='word_1_87' title='bbox 228 439 339 468; x_wconf 68' lang='lat' dir='ltr'><strong>Judteos</strong></span> <span class='ocrx_word' id='word_1_88' title='bbox 356 438 481 470; x_wconf 81' lang='lat' dir='ltr'><strong>disserit,</strong></span> <span class='ocrx_word' id='word_1_89' title='bbox 501 437 710 465; x_wconf 52' lang='lat' dir='ltr'><strong>&#39;Thcodotiouis</strong></span> <span class='ocrx_word' id='word_1_90' title='bbox 733 441 759 465; x_wconf 87' lang='lat' dir='ltr'><strong>et</strong></span> <span class='ocrx_word' id='word_1_91' title='bbox 773 438 877 472; x_wconf 55' lang='lat' dir='ltr'><strong>Aquilio</strong></span> <span class='ocrx_word' id='word_1_92' title='bbox 889 458 896 470; x_wconf 91' lang='lat'><strong>,</strong></span> <span class='ocrx_word' id='word_1_93' title='bbox 914 438 961 472; x_wconf 87' lang='lat' dir='ltr'><strong>qui</strong></span> 
     </span>
    </p>
   </div>
   <div class='ocr_carea' id='block_1_14' title="bbox 167 482 963 520">
    <p class='ocr_par' dir='ltr' id='par_1_14' title="bbox 167 482 963 520">
     <span class='ocr_line' id='line_1_15' title="bbox 167 482 963 520; baseline -0.005 -7"><span class='ocrx_word' id='word_1_94' title='bbox 167 487 248 514; x_wconf 85' lang='lat' dir='ltr'><strong>aliter</strong></span> <span class='ocrx_word' id='word_1_95' title='bbox 261 484 433 520; x_wconf 86' lang='lat' dir='ltr'><strong>interpretati</strong></span> <span class='ocrx_word' id='word_1_96' title='bbox 450 483 568 516; x_wconf 89' lang='lat' dir='ltr'><strong>fuerant,</strong></span> <span class='ocrx_word' id='word_1_97' title='bbox 586 483 721 516; x_wconf 84' lang='lat' dir='ltr'><strong>meminit,</strong></span> <span class='ocrx_word' id='word_1_98' title='bbox 740 491 794 511; x_wconf 87' lang='lat' dir='ltr'><strong>non</strong></span> <span class='ocrx_word' id='word_1_99' title='bbox 813 484 876 510; x_wconf 80' lang='lat' dir='ltr'><strong>item</strong></span> <span class='ocrx_word' id='word_1_100' title='bbox 885 482 963 519; x_wconf 82' lang='lat' dir='ltr'><strong>Sym-</strong></span> 
     </span>
    </p>
   </div>
   <div class='ocr_carea' id='block_1_15' title="bbox 167 529 963 564">
    <p class='ocr_par' dir='ltr' id='par_1_15' title="bbox 167 529 963 564">
     <span class='ocr_line' id='line_1_16' title="bbox 167 529 963 564; baseline -0.004 -5"><span class='ocrx_word' id='word_1_101' title='bbox 167 531 271 559; x_wconf 80' lang='lat' dir='ltr'><strong>machi.</strong></span> <span class='ocrx_word' id='word_1_102' title='bbox 292 531 328 557; x_wconf 81' lang='lat' dir='ltr'><strong>At</strong></span> <span class='ocrx_word' id='word_1_103' title='bbox 348 537 401 557; x_wconf 90' lang='lat' dir='ltr'><strong>non</strong></span> <span class='ocrx_word' id='word_1_104' title='bbox 426 530 518 557; x_wconf 89' lang='lat' dir='ltr'><strong>minus</strong></span> <span class='ocrx_word' id='word_1_105' title='bbox 533 530 585 557; x_wconf 90' lang='lat' dir='ltr'><strong>istc</strong></span> <span class='ocrx_word' id='word_1_106' title='bbox 598 549 606 561; x_wconf 95' lang='lat'><strong>,</strong></span> <span class='ocrx_word' id='word_1_107' title='bbox 633 537 715 564; x_wconf 87' lang='lat' dir='ltr'><strong>quam</strong></span> <span class='ocrx_word' id='word_1_108' title='bbox 732 529 813 557; x_wconf 89' lang='lat' dir='ltr'><strong>ambo</strong></span> <span class='ocrx_word' id='word_1_109' title='bbox 830 529 867 556; x_wconf 90' lang='lat' dir='ltr'><strong>illi</strong></span> <span class='ocrx_word' id='word_1_110' title='bbox 882 550 889 562; x_wconf 87' lang='lat'><strong>,</strong></span> <span class='ocrx_word' id='word_1_111' title='bbox 914 537 963 564; x_wconf 90' lang='lat' dir='ltr'><strong>pro</strong></span> 
     </span>
    </p>
   </div>
   <div class='ocr_carea' id='block_1_16' title="bbox 166 575 960 613">
    <p class='ocr_par' dir='ltr' id='par_1_16' title="bbox 166 575 960 613">
     <span class='ocr_line' id='line_1_17' title="bbox 166 575 960 613; baseline -0.004 -8"><span class='ocrx_word' id='word_1_112' title='bbox 166 578 278 613; x_wconf 67' lang='lat' dir='ltr'><strong>virgine,</strong></span> <span class='ocrx_word' id='word_1_113' title='bbox 296 576 403 604; x_wconf 75' lang='grc' dir='ltr'>νεάνιδα</span> <span class='ocrx_word' id='word_1_114' title='bbox 414 575 580 607; x_wconf 84' lang='lat' dir='ltr'><strong>reddiderat,</strong></span> <span class='ocrx_word' id='word_1_115' title='bbox 598 578 627 602; x_wconf 89' lang='lat' dir='ltr'><strong>ut</strong></span> <span class='ocrx_word' id='word_1_116' title='bbox 643 575 689 602; x_wconf 90' lang='lat' dir='ltr'><strong>lib.</strong></span> <span class='ocrx_word' id='word_1_117' title='bbox 707 583 744 602; x_wconf 86' lang='lat' dir='ltr'><strong>vn</strong></span> <span class='ocrx_word' id='word_1_118' title='bbox 761 575 798 602; x_wconf 85' lang='lat' dir='ltr'><strong>De</strong></span> <span class='ocrx_word' id='word_1_119' title='bbox 814 576 960 602; x_wconf 81' lang='lat' dir='ltr'><strong>demonstr.</strong></span> 
     </span>
    </p>
   </div>
   <div class='ocr_carea' id='block_1_17' title="bbox 168 621 962 655">
    <p class='ocr_par' dir='ltr' id='par_1_17' title="bbox 168 621 962 655">
     <span class='ocr_line' id='line_1_18' title="bbox 168 621 962 655; baseline -0.004 -5"><span class='ocrx_word' id='word_1_120' title='bbox 168 627 288 651; x_wconf 79' lang='lat' dir='ltr'><strong>testatur</strong></span> <span class='ocrx_word' id='word_1_121' title='bbox 307 622 452 649; x_wconf 83' lang='lat' dir='ltr'><strong>Eusebius.</strong></span> <span class='ocrx_word' id='word_1_122' title='bbox 475 622 568 655; x_wconf 80' lang='lat' dir='ltr'><strong>itaque</strong></span> <span class='ocrx_word' id='word_1_123' title='bbox 594 622 617 647; x_wconf 89' lang='lat' dir='ltr'><strong>si</strong></span> <span class='ocrx_word' id='word_1_124' title='bbox 648 626 703 647; x_wconf 88' lang='lat' dir='ltr'><strong>tum</strong></span> <span class='ocrx_word' id='word_1_125' title='bbox 733 621 807 648; x_wconf 80' lang='lat' dir='ltr'><strong>illius</strong></span> <span class='ocrx_word' id='word_1_126' title='bbox 838 621 962 648; x_wconf 81' lang='lat' dir='ltr'><strong>exstabat</strong></span> 
     </span>
    </p>
   </div>
   <div class='ocr_carea' id='block_1_18' title="bbox 165 666 962 703">
    <p class='ocr_par' dir='ltr' id='par_1_18' title="bbox 165 666 962 703">
     <span class='ocr_line' id='line_1_19' title="bbox 165 666 962 703; baseline -0.003 -7"><span class='ocrx_word' id='word_1_127' title='bbox 165 668 262 701; x_wconf 87' lang='lat' dir='ltr'><strong>editio,</strong></span> <span class='ocrx_word' id='word_1_128' title='bbox 285 667 411 703; x_wconf 87' lang='lat' dir='ltr'><strong>usurpari</strong></span> <span class='ocrx_word' id='word_1_129' title='bbox 425 668 461 694; x_wconf 87' lang='lat' dir='ltr'><strong>ab</strong></span> <span class='ocrx_word' id='word_1_130' title='bbox 472 666 616 698; x_wconf 71' lang='lat' dir='ltr'><strong>Ebioumis,</strong></span> <span class='ocrx_word' id='word_1_131' title='bbox 633 674 750 702; x_wconf 88' lang='lat' dir='ltr'><strong>quorum</strong></span> <span class='ocrx_word' id='word_1_132' title='bbox 765 675 779 694; x_wconf 88' lang='lat' dir='ltr'><strong>e</strong></span> <span class='ocrx_word' id='word_1_133' title='bbox 793 675 874 703; x_wconf 72' lang='lat' dir='ltr'><strong>grege</strong></span> <span class='ocrx_word' id='word_1_134' title='bbox 885 667 962 702; x_wconf 79' lang='lat' dir='ltr'><strong>Sym-</strong></span> 
     </span>
    </p>
   </div>
   <div class='ocr_carea' id='block_1_19' title="bbox 166 712 962 748">
    <p class='ocr_par' dir='ltr' id='par_1_19' title="bbox 166 712 962 748">
     <span class='ocr_line' id='line_1_20' title="bbox 166 712 962 748; baseline -0.004 -6"><span class='ocrx_word' id='word_1_135' title='bbox 166 715 284 742; x_wconf 84' lang='lat' dir='ltr'><strong>machus</strong></span> <span class='ocrx_word' id='word_1_136' title='bbox 299 714 370 746; x_wconf 90' lang='lat' dir='ltr'><strong>fuit,</strong></span> <span class='ocrx_word' id='word_1_137' title='bbox 387 718 414 741; x_wconf 88' lang='lat' dir='ltr'><strong>el</strong></span> <span class='ocrx_word' id='word_1_138' title='bbox 433 714 467 740; x_wconf 86' lang='lat' dir='ltr'><strong>ab</strong></span> <span class='ocrx_word' id='word_1_139' title='bbox 488 712 589 740; x_wconf 74' lang='lat' dir='ltr'><strong>Irenaeo</strong></span> <span class='ocrx_word' id='word_1_140' title='bbox 609 714 694 741; x_wconf 78' lang='lat' dir='ltr'><strong>refelli</strong></span> <span class='ocrx_word' id='word_1_141' title='bbox 710 713 814 741; x_wconf 85' lang='lat' dir='ltr'><strong>debuit.</strong></span> <span class='ocrx_word' id='word_1_142' title='bbox 835 714 962 748; x_wconf 72' lang='lat' dir='ltr'><strong>Cogitcnt</strong></span> 
     </span>
    </p>
   </div>
   <div class='ocr_carea' id='block_1_20' title="bbox 164 745 1002 790">
    <p class='ocr_par' dir='ltr' id='par_1_20' title="bbox 164 745 1002 790">
     <span class='ocr_line' id='line_1_21' title="bbox 164 745 1002 790; baseline -0.006 0"><span class='ocrx_word' id='word_1_143' title='bbox 164 761 280 790; x_wconf 77' lang='lat' dir='ltr'><strong>eruditi.</strong></span> <span class='ocrx_word' id='word_1_144' title='bbox 296 759 422 787; x_wconf 84' lang='lat' dir='ltr'><strong>Nondum</strong></span> <span class='ocrx_word' id='word_1_145' title='bbox 447 758 521 786; x_wconf 90' lang='lat' dir='ltr'><strong>enim</strong></span> <span class='ocrx_word' id='word_1_146' title='bbox 541 758 569 786; x_wconf 94' lang='lat' dir='ltr'><strong>in</strong></span> <span class='ocrx_word' id='word_1_147' title='bbox 589 759 728 787; x_wconf 81' lang='lat' dir='ltr'><strong>communi</strong></span> <span class='ocrx_word' id='word_1_148' title='bbox 755 759 890 786; x_wconf 81' lang='lat' dir='ltr'><strong>sententia</strong></span> <span class='ocrx_word' id='word_1_149' title='bbox 919 766 964 786; x_wconf 90' lang='lat' dir='ltr'><strong>ac-</strong></span> <span class='ocrx_word' id='word_1_150' title='bbox 979 745 1002 774; x_wconf 74' lang='grc' dir='ltr'><strong>Β</strong></span> 
     </span>
    </p>
   </div>
   <div class='ocr_carea' id='block_1_21' title="bbox 163 806 482 842">
    <p class='ocr_par' dir='ltr' id='par_1_21' title="bbox 163 806 482 842">
     <span class='ocr_line' id='line_1_22' title="bbox 163 806 482 842; baseline -0.003 -8"><span class='ocrx_word' id='word_1_151' title='bbox 163 806 311 842; x_wconf 82' lang='lat' dir='ltr'><strong>quiescere</strong></span> <span class='ocrx_word' id='word_1_152' title='bbox 324 813 482 842; x_wconf 80' lang='lat' dir='ltr'><strong>pOssumus.</strong></span> 
     </span>
    </p>
   </div>
   <div class='ocr_carea' id='block_1_22' title="bbox 199 849 964 887">
    <p class='ocr_par' dir='ltr' id='par_1_22' title="bbox 199 849 964 887">
     <span class='ocr_line' id='line_1_23' title="bbox 199 849 964 887; baseline -0.004 -9"><span class='ocrx_word' id='word_1_153' title='bbox 199 852 292 879; x_wconf 83' lang='grc' dir='ltr'><strong>ὀσοι</strong></span> <span class='ocrx_word' id='word_1_154' title='bbox 306 852 362 887; x_wconf 57' lang='grc' dir='ltr'><strong>γὰρ</strong></span> <span class='ocrx_word' id='word_1_155' title='bbox 376 851 435 879; x_wconf 78' lang='grc' dir='ltr'><strong>ἀπὸ</strong></span> <span class='ocrx_word' id='word_1_156' title='bbox 452 850 512 878; x_wconf 80' lang='grc' dir='ltr'><strong>τῶν</strong></span> <span class='ocrx_word' id='word_1_157' title='bbox 519 851 678 879; x_wconf 85' lang='grc' dir='ltr'><strong>ἸουδαΙων.</strong></span> <span class='ocrx_word' id='word_1_158' title='bbox 694 850 868 878; x_wconf 86' lang='lat' dir='ltr'><strong>Contrarium</strong></span> <span class='ocrx_word' id='word_1_159' title='bbox 880 849 964 876; x_wconf 89' lang='lat' dir='ltr'><strong>tradit</strong></span> 
     </span>
    </p>
   </div>
   <div class='ocr_carea' id='block_1_23' title="bbox 163 894 963 933">
    <p class='ocr_par' dir='ltr' id='par_1_23' title="bbox 163 894 963 933">
     <span class='ocr_line' id='line_1_24' title="bbox 163 894 963 933; baseline -0.006 -8"><span class='ocrx_word' id='word_1_160' title='bbox 163 897 286 933; x_wconf 69' lang='lat' dir='ltr'><strong>August.</strong></span> <span class='ocrx_word' id='word_1_161' title='bbox 308 898 355 924; x_wconf 92' lang='lat' dir='ltr'><strong>lib.</strong></span> <span class='ocrx_word' id='word_1_162' title='bbox 382 904 390 923; x_wconf 85' lang='grc' dir='ltr'><strong>ι</strong></span> <span class='ocrx_word' id='word_1_163' title='bbox 409 902 501 924; x_wconf 84' lang='lat' dir='ltr'><strong>contra</strong></span> <span class='ocrx_word' id='word_1_164' title='bbox 516 896 653 928; x_wconf 80' lang='lat' dir='ltr'><strong>Crescon.,</strong></span> <span class='ocrx_word' id='word_1_165' title='bbox 677 904 737 931; x_wconf 86' lang='lat' dir='ltr'><strong>cap.</strong></span> <span class='ocrx_word' id='word_1_166' title='bbox 753 896 785 923; x_wconf 75' lang='lat' dir='ltr'><strong>5t</strong></span> <span class='ocrx_word' id='word_1_167' title='bbox 808 905 814 923; x_wconf 96' lang='lat'><strong>:</strong></span> <span class='ocrx_word' id='word_1_168' title='bbox 836 894 963 930; x_wconf 80' lang='lat' dir='ltr'><strong>Nunquid</strong></span> 
     </span>
    </p>
   </div>
   <div class='ocr_carea' id='block_1_24' title="bbox 163 941 963 979">
    <p class='ocr_par' dir='ltr' id='par_1_24' title="bbox 163 941 963 979">
     <span class='ocr_line' id='line_1_25' title="bbox 163 941 963 979; baseline -0.004 -9"><span class='ocrx_word' id='word_1_169' title='bbox 163 943 233 979; x_wconf 78' lang='lat' dir='ltr'><strong>apud</strong></span> <span class='ocrx_word' id='word_1_170' title='bbox 259 943 451 971; x_wconf 85' lang='lat' dir='ltr'><strong>Samaritanos</strong></span> <span class='ocrx_word' id='word_1_171' title='bbox 468 943 641 970; x_wconf 71' lang='lat' dir='ltr'><strong>circumcisus</strong></span> <span class='ocrx_word' id='word_1_172' title='bbox 654 963 661 973; x_wconf 79' lang='lat'><strong>,</strong></span> <span class='ocrx_word' id='word_1_173' title='bbox 687 942 711 969; x_wconf 96' lang='lat' dir='ltr'><strong>si</strong></span> <span class='ocrx_word' id='word_1_174' title='bbox 728 942 787 976; x_wconf 70' lang='lat' dir='ltr'><strong>fieri</strong></span> <span class='ocrx_word' id='word_1_175' title='bbox 810 946 871 968; x_wconf 82' lang='lat' dir='ltr'><strong>tunc</strong></span> <span class='ocrx_word' id='word_1_176' title='bbox 887 941 963 968; x_wconf 77' lang='lat' dir='ltr'><strong>vellet</strong></span> 
     </span>
    </p>
   </div>
   <div class='ocr_carea' id='block_1_25' title="bbox 162 987 963 1023">
    <p class='ocr_par' dir='ltr' id='par_1_25' title="bbox 162 987 963 1023">
     <span class='ocr_line' id='line_1_26' title="bbox 162 987 963 1023; baseline -0.004 -7"><span class='ocrx_word' id='word_1_177' title='bbox 162 988 293 1020; x_wconf 68' lang='lat' dir='ltr'><strong>Judwua,</strong></span> <span class='ocrx_word' id='word_1_178' title='bbox 303 993 391 1023; x_wconf 76' lang='lat' dir='ltr'><strong>posset</strong></span> <span class='ocrx_word' id='word_1_179' title='bbox 406 989 502 1015; x_wconf 86' lang='lat' dir='ltr'><strong>iterum</strong></span> <span class='ocrx_word' id='word_1_180' title='bbox 520 988 697 1015; x_wconf 77' lang='lat' dir='ltr'><strong>circumcidi?</strong></span> <span class='ocrx_word' id='word_1_181' title='bbox 714 987 809 1014; x_wconf 90' lang='lat' dir='ltr'><strong>Nonne</strong></span> <span class='ocrx_word' id='word_1_182' title='bbox 828 987 900 1014; x_wconf 81' lang='lat' dir='ltr'><strong>illius</strong></span> <span class='ocrx_word' id='word_1_183' title='bbox 916 987 963 1014; x_wconf 75' lang='lat' dir='ltr'><strong>Ito-</strong></span> 
     </span>
    </p>
   </div>
   <div class='ocr_carea' id='block_1_26' title="bbox 164 1032 962 1068">
    <p class='ocr_par' dir='ltr' id='par_1_26' title="bbox 164 1032 962 1068">
     <span class='ocr_line' id='line_1_27' title="bbox 164 1032 962 1068; baseline -0.005 -7"><span class='ocrx_word' id='word_1_184' title='bbox 164 1034 244 1061; x_wconf 69' lang='lat' dir='ltr'><strong>minic</strong></span> <span class='ocrx_word' id='word_1_185' title='bbox 273 1041 349 1061; x_wconf 76' lang='lat' dir='ltr'><strong>error</strong></span> <span class='ocrx_word' id='word_1_186' title='bbox 376 1034 570 1068; x_wconf 85' lang='lat' dir='ltr'><strong>corrigeretur,</strong></span> <span class='ocrx_word' id='word_1_187' title='bbox 594 1032 759 1068; x_wconf 76' lang='lat' dir='ltr'><strong>signaculum</strong></span> <span class='ocrx_word' id='word_1_188' title='bbox 788 1036 875 1058; x_wconf 87' lang='lat' dir='ltr'><strong>autem</strong></span> <span class='ocrx_word' id='word_1_189' title='bbox 900 1032 962 1066; x_wconf 83' lang='lat' dir='ltr'><strong>ﬁd.i</strong></span> 
     </span>
    </p>
   </div>
   <div class='ocr_carea' id='block_1_27' title="bbox 164 1077 961 1115">
    <p class='ocr_par' dir='ltr' id='par_1_27' title="bbox 164 1077 961 1115">
     <span class='ocr_line' id='line_1_28' title="bbox 164 1077 961 1115; baseline -0.005 -8"><span class='ocrx_word' id='word_1_190' title='bbox 164 1080 288 1115; x_wconf 78' lang='lat' dir='ltr'><strong>agnitum</strong></span> <span class='ocrx_word' id='word_1_191' title='bbox 299 1079 480 1114; x_wconf 82' lang='lat' dir='ltr'><strong>probaretur?</strong></span> <span class='ocrx_word' id='word_1_192' title='bbox 496 1078 528 1105; x_wconf 86' lang='lat' dir='ltr'><strong>Et</strong></span> <span class='ocrx_word' id='word_1_193' title='bbox 545 1087 614 1105; x_wconf 87' lang='lat' dir='ltr'><strong>nunc</strong></span> <span class='ocrx_word' id='word_1_194' title='bbox 629 1083 690 1105; x_wconf 77' lang='lat' dir='ltr'><strong>sunt</strong></span> <span class='ocrx_word' id='word_1_195' title='bbox 707 1077 818 1112; x_wconf 85' lang='lat' dir='ltr'><strong>quidam</strong></span> <span class='ocrx_word' id='word_1_196' title='bbox 834 1077 961 1110; x_wconf 77' lang='lat' dir='ltr'><strong>ltwrctici,</strong></span> 
     </span>
    </p>
   </div>
   <div class='ocr_carea' id='block_1_28' title="bbox 164 1123 962 1159">
    <p class='ocr_par' dir='ltr' id='par_1_28' title="bbox 164 1123 962 1159">
     <span class='ocr_line' id='line_1_29' title="bbox 164 1123 962 1159; baseline -0.005 -7"><span class='ocrx_word' id='word_1_197' title='bbox 164 1125 207 1159; x_wconf 82' lang='lat' dir='ltr'><strong>qui</strong></span> <span class='ocrx_word' id='word_1_198' title='bbox 222 1133 252 1152; x_wconf 76' lang='lat' dir='ltr'><strong>se</strong></span> <span class='ocrx_word' id='word_1_199' title='bbox 278 1123 436 1152; x_wconf 79' lang='lat' dir='ltr'><strong>Nazarenos</strong></span> <span class='ocrx_word' id='word_1_200' title='bbox 453 1129 546 1151; x_wconf 69' lang='lat' dir='ltr'><strong>vocant</strong></span> <span class='ocrx_word' id='word_1_201' title='bbox 558 1143 564 1155; x_wconf 85' lang='lat'><strong>,</strong></span> <span class='ocrx_word' id='word_1_202' title='bbox 582 1132 598 1150; x_wconf 88' lang='lat' dir='ltr'><strong>a</strong></span> <span class='ocrx_word' id='word_1_203' title='bbox 625 1123 760 1150; x_wconf 76' lang='lat' dir='ltr'><strong>nonnullis</strong></span> <span class='ocrx_word' id='word_1_204' title='bbox 778 1128 865 1149; x_wconf 86' lang='lat' dir='ltr'><strong>autem</strong></span> <span class='ocrx_word' id='word_1_205' title='bbox 882 1123 962 1158; x_wconf 53' lang='lat' dir='ltr'><strong>Sym-</strong></span> 
     </span>
    </p>
   </div>
   <div class='ocr_carea' id='block_1_29' title="bbox 165 1166 961 1203">
    <p class='ocr_par' dir='ltr' id='par_1_29' title="bbox 165 1166 961 1203">
     <span class='ocr_line' id='line_1_30' title="bbox 165 1166 961 1203; baseline -0.004 -7"><span class='ocrx_word' id='word_1_206' title='bbox 165 1169 308 1198; x_wconf 75' lang='lat' dir='ltr'><strong>inachiani</strong></span> <span class='ocrx_word' id='word_1_207' title='bbox 320 1168 495 1203; x_wconf 80' lang='lat' dir='ltr'><strong>appellantur,</strong></span> <span class='ocrx_word' id='word_1_208' title='bbox 513 1174 537 1196; x_wconf 85' lang='lat' dir='ltr'><strong>et</strong></span> <span class='ocrx_word' id='word_1_209' title='bbox 555 1169 782 1195; x_wconf 79' lang='lat' dir='ltr'><strong>circumcisionem</strong></span> <span class='ocrx_word' id='word_1_210' title='bbox 800 1167 895 1194; x_wconf 82' lang='lat' dir='ltr'><strong>habent</strong></span> <span class='ocrx_word' id='word_1_211' title='bbox 909 1166 961 1194; x_wconf 77' lang='lat' dir='ltr'><strong>Ju-</strong></span> 
     </span>
    </p>
   </div>
   <div class='ocr_carea' id='block_1_30' title="bbox 165 1206 961 1249">
    <p class='ocr_par' dir='ltr' id='par_1_30' title="bbox 165 1206 961 1249">
     <span class='ocr_line' id='line_1_31' title="bbox 165 1206 961 1249; baseline -0.003 -8"><span class='ocrx_word' id='word_1_212' title='bbox 165 1215 290 1243; x_wconf 75' lang='lat' dir='ltr'><strong>dteorunt</strong></span> <span class='ocrx_word' id='word_1_213' title='bbox 302 1234 309 1247; x_wconf 88' lang='lat'><strong>,</strong></span> <span class='ocrx_word' id='word_1_214' title='bbox 330 1219 355 1241; x_wconf 74' lang='lat' dir='ltr'><strong>et</strong></span> <span class='ocrx_word' id='word_1_215' title='bbox 376 1214 536 1249; x_wconf 72' lang='lat' dir='ltr'><strong>baptismum</strong></span> <span class='ocrx_word' id='word_1_216' title='bbox 552 1206 830 1245; x_wconf 34' lang='lat' dir='ltr'><strong>Christianorumﬁac</strong></span> <span class='ocrx_word' id='word_1_217' title='bbox 848 1221 893 1247; x_wconf 66' lang='lat' dir='ltr'><strong>per</strong></span> <span class='ocrx_word' id='word_1_218' title='bbox 913 1213 961 1239; x_wconf 55' lang='lat' dir='ltr'><strong>hac</strong></span> 
     </span>
    </p>
   </div>
   <div class='ocr_carea' id='block_1_31' title="bbox 165 1257 962 1296">
    <p class='ocr_par' dir='ltr' id='par_1_31' title="bbox 165 1257 962 1296">
     <span class='ocr_line' id='line_1_32' title="bbox 165 1257 962 1296; baseline -0.003 -8"><span class='ocrx_word' id='word_1_219' title='bbox 165 1260 390 1296; x_wconf 77' lang='lat' dir='ltr'><strong>quemadmodum</strong></span> <span class='ocrx_word' id='word_1_220' title='bbox 406 1261 430 1288; x_wconf 80' lang='lat' dir='ltr'><strong>si</strong></span> <span class='ocrx_word' id='word_1_221' title='bbox 444 1261 503 1296; x_wconf 84' lang='lat' dir='ltr'><strong>quis</strong></span> <span class='ocrx_word' id='word_1_222' title='bbox 518 1269 607 1287; x_wconf 86' lang='lat' dir='ltr'><strong>eorum</strong></span> <span class='ocrx_word' id='word_1_223' title='bbox 622 1260 655 1286; x_wconf 80' lang='lat' dir='ltr'><strong>ad</strong></span> <span class='ocrx_word' id='word_1_224' title='bbox 664 1259 773 1287; x_wconf 78' lang='lat' dir='ltr'><strong>Judwos</strong></span> <span class='ocrx_word' id='word_1_225' title='bbox 787 1257 894 1290; x_wconf 70' lang='lat' dir='ltr'><strong>cenet-it.</strong></span> <span class='ocrx_word' id='word_1_226' title='bbox 911 1268 962 1286; x_wconf 79' lang='lat' dir='ltr'><strong>non</strong></span> 
     </span>
    </p>
   </div>
   <div class='ocr_carea' id='block_1_32' title="bbox 165 1305 962 1341">
    <p class='ocr_par' dir='ltr' id='par_1_32' title="bbox 165 1305 962 1341">
     <span class='ocr_line' id='line_1_33' title="bbox 165 1305 962 1341; baseline -0.003 -8"><span class='ocrx_word' id='word_1_227' title='bbox 165 1313 247 1341; x_wconf 62' lang='lat' dir='ltr'><strong>potest</strong></span> <span class='ocrx_word' id='word_1_228' title='bbox 268 1307 365 1334; x_wconf 78' lang='lat' dir='ltr'><strong>iterum</strong></span> <span class='ocrx_word' id='word_1_229' title='bbox 375 1306 541 1339; x_wconf 80' lang='lat' dir='ltr'><strong>circumcidi,</strong></span> <span class='ocrx_word' id='word_1_230' title='bbox 554 1307 592 1333; x_wconf 85' lang='lat' dir='ltr'><strong>sic</strong></span> <span class='ocrx_word' id='word_1_231' title='bbox 604 1314 662 1333; x_wconf 85' lang='lat' dir='ltr'><strong>cum</strong></span> <span class='ocrx_word' id='word_1_232' title='bbox 679 1305 713 1332; x_wconf 87' lang='lat' dir='ltr'><strong>ad</strong></span> <span class='ocrx_word' id='word_1_233' title='bbox 729 1314 776 1332; x_wconf 85' lang='lat' dir='ltr'><strong>nos</strong></span> <span class='ocrx_word' id='word_1_234' title='bbox 790 1306 898 1336; x_wconf 78' lang='lat' dir='ltr'><strong>t&#39;encrit,</strong></span> <span class='ocrx_word' id='word_1_235' title='bbox 911 1314 962 1333; x_wconf 86' lang='lat' dir='ltr'><strong>non</strong></span> 
     </span>
    </p>
   </div>
   <div class='ocr_carea' id='block_1_33' title="bbox 165 1352 963 1389">
    <p class='ocr_par' dir='ltr' id='par_1_33' title="bbox 165 1352 963 1389">
     <span class='ocr_line' id='line_1_34' title="bbox 165 1352 963 1389; baseline -0.003 -9"><span class='ocrx_word' id='word_1_236' title='bbox 165 1354 238 1382; x_wconf 72' lang='lat' dir='ltr'><strong>debet</strong></span> <span class='ocrx_word' id='word_1_237' title='bbox 253 1354 357 1381; x_wconf 75' lang='lat' dir='ltr'><strong>iterum</strong></span> <span class='ocrx_word' id='word_1_238' title='bbox 377 1353 520 1389; x_wconf 75' lang='lat' dir='ltr'><strong>baptizari.</strong></span> <span class='ocrx_word' id='word_1_239' title='bbox 545 1353 819 1389; x_wconf 75' lang='lat' dir='ltr'><strong>Symmachianorum</strong></span> <span class='ocrx_word' id='word_1_240' title='bbox 841 1352 963 1379; x_wconf 76' lang='lat' dir='ltr'><strong>meminit</strong></span> 
     </span>
    </p>
   </div>
   <div class='ocr_carea' id='block_1_34' title="bbox 165 1398 998 1443">
    <p class='ocr_par' dir='ltr' id='par_1_34' title="bbox 165 1398 998 1443">
     <span class='ocr_line' id='line_1_35' title="bbox 165 1398 998 1443; baseline -0.002 -17"><span class='ocrx_word' id='word_1_241' title='bbox 165 1399 246 1426; x_wconf 73' lang='lat' dir='ltr'><strong>etiam</strong></span> <span class='ocrx_word' id='word_1_242' title='bbox 265 1398 444 1426; x_wconf 84' lang='lat' dir='ltr'><strong>Philastrius.</strong></span> <span class='ocrx_word' id='word_1_243' title='bbox 460 1398 512 1426; x_wconf 84' lang='lat' dir='ltr'><strong>Sed</strong></span> <span class='ocrx_word' id='word_1_244' title='bbox 537 1399 571 1425; x_wconf 89' lang='lat' dir='ltr'><strong>ab</strong></span> <span class='ocrx_word' id='word_1_245' title='bbox 585 1399 638 1425; x_wconf 85' lang='lat' dir='ltr'><strong>alio</strong></span> <span class='ocrx_word' id='word_1_246' title='bbox 654 1406 735 1433; x_wconf 88' lang='lat' dir='ltr'><strong>quam</strong></span> <span class='ocrx_word' id='word_1_247' title='bbox 755 1398 789 1424; x_wconf 88' lang='lat' dir='ltr'><strong>ab</strong></span> <span class='ocrx_word' id='word_1_248' title='bbox 807 1398 857 1424; x_wconf 85' lang='lat' dir='ltr'><strong>hoc</strong></span> <span class='ocrx_word' id='word_1_249' title='bbox 877 1398 961 1425; x_wconf 90' lang='lat' dir='ltr'><strong>inter-</strong></span> <span class='ocrx_word' id='word_1_250' title='bbox 976 1413 998 1443; x_wconf 66' lang='grc' dir='ltr'>ο</span> 
     </span>
    </p>
   </div>
   <div class='ocr_carea' id='block_1_35' title="bbox 166 1443 962 1478">
    <p class='ocr_par' dir='ltr' id='par_1_35' title="bbox 166 1443 962 1478">
     <span class='ocr_line' id='line_1_36' title="bbox 166 1443 962 1478; baseline -0.003 -8"><span class='ocrx_word' id='word_1_251' title='bbox 166 1447 240 1478; x_wconf 70' lang='lat' dir='ltr'><strong>pretc</strong></span> <span class='ocrx_word' id='word_1_252' title='bbox 258 1443 418 1471; x_wconf 74' lang='lat' dir='ltr'><strong>nominatos</strong></span> <span class='ocrx_word' id='word_1_253' title='bbox 439 1443 576 1471; x_wconf 81' lang='lat' dir='ltr'><strong>existimo.</strong></span> <span class='ocrx_word' id='word_1_254' title='bbox 596 1443 644 1470; x_wconf 85' lang='lat' dir='ltr'><strong>Est</strong></span> <span class='ocrx_word' id='word_1_255' title='bbox 668 1444 733 1470; x_wconf 89' lang='lat' dir='ltr'><strong>illud</strong></span> <span class='ocrx_word' id='word_1_256' title='bbox 751 1452 813 1469; x_wconf 76' lang='lat' dir='ltr'><strong>vero</strong></span> <span class='ocrx_word' id='word_1_257' title='bbox 831 1443 962 1470; x_wconf 80' lang='lat' dir='ltr'><strong>observa-</strong></span> 
     </span>
    </p>
   </div>
   <div class='ocr_carea' id='block_1_36' title="bbox 165 1490 963 1525">
    <p class='ocr_par' dir='ltr' id='par_1_36' title="bbox 165 1490 963 1525">
     <span class='ocr_line' id='line_1_37' title="bbox 165 1490 963 1525; baseline -0.001 -9"><span class='ocrx_word' id='word_1_258' title='bbox 165 1490 239 1518; x_wconf 82' lang='lat' dir='ltr'><strong>tione</strong></span> <span class='ocrx_word' id='word_1_259' title='bbox 261 1498 320 1517; x_wconf 82' lang='lat' dir='ltr'><strong>uon</strong></span> <span class='ocrx_word' id='word_1_260' title='bbox 343 1490 499 1525; x_wconf 80' lang='lat' dir='ltr'><strong>indignum,</strong></span> <span class='ocrx_word' id='word_1_261' title='bbox 516 1490 588 1525; x_wconf 88' lang='lat' dir='ltr'><strong>quod</strong></span> <span class='ocrx_word' id='word_1_262' title='bbox 606 1490 639 1517; x_wconf 83' lang='lat' dir='ltr'><strong>ad</strong></span> <span class='ocrx_word' id='word_1_263' title='bbox 661 1490 900 1518; x_wconf 85' lang='lat' dir='ltr'><strong>circumcisionem</strong></span> <span class='ocrx_word' id='word_1_264' title='bbox 921 1494 963 1516; x_wconf 87' lang='lat' dir='ltr'><strong>at-</strong></span> 
     </span>
    </p>
   </div>
   <div class='ocr_carea' id='block_1_37' title="bbox 167 1535 963 1570">
    <p class='ocr_par' dir='ltr' id='par_1_37' title="bbox 167 1535 963 1570">
     <span class='ocr_line' id='line_1_38' title="bbox 167 1535 963 1570; baseline 0 -8"><span class='ocrx_word' id='word_1_265' title='bbox 167 1536 257 1569; x_wconf 80' lang='lat' dir='ltr'><strong>tinet,</strong></span> <span class='ocrx_word' id='word_1_266' title='bbox 288 1536 356 1564; x_wconf 80' lang='lat' dir='ltr'><strong>solis</strong></span> <span class='ocrx_word' id='word_1_267' title='bbox 385 1536 458 1563; x_wconf 83' lang='lat' dir='ltr'><strong>illam</strong></span> <span class='ocrx_word' id='word_1_268' title='bbox 482 1535 584 1563; x_wconf 63' lang='lat' dir='ltr'><strong>Iudicis</strong></span> <span class='ocrx_word' id='word_1_269' title='bbox 606 1542 726 1563; x_wconf 86' lang='lat' dir='ltr'><strong>vc:crum</strong></span> <span class='ocrx_word' id='word_1_270' title='bbox 752 1536 835 1570; x_wconf 87' lang='lat' dir='ltr'><strong>impp.</strong></span> <span class='ocrx_word' id='word_1_271' title='bbox 859 1535 963 1570; x_wconf 76' lang='lat' dir='ltr'><strong>legibus</strong></span> 
     </span>
    </p>
   </div>
   <div class='ocr_carea' id='block_1_38' title="bbox 167 1580 963 1616">
    <p class='ocr_par' dir='ltr' id='par_1_38' title="bbox 167 1580 963 1616">
     <span class='ocr_line' id='line_1_39' title="bbox 167 1580 963 1616; baseline 0 -8"><span class='ocrx_word' id='word_1_272' title='bbox 167 1581 252 1609; x_wconf 79' lang='lat' dir='ltr'><strong>fuisse</strong></span> <span class='ocrx_word' id='word_1_273' title='bbox 277 1580 439 1616; x_wconf 71' lang='lat' dir='ltr'><strong>pnrmissam</strong></span> <span class='ocrx_word' id='word_1_274' title='bbox 451 1601 458 1611; x_wconf 88' lang='lat'><strong>.</strong></span> <span class='ocrx_word' id='word_1_275' title='bbox 480 1582 588 1609; x_wconf 69' lang='lat' dir='ltr'><strong>cmtcris</strong></span> <span class='ocrx_word' id='word_1_276' title='bbox 604 1581 795 1613; x_wconf 84' lang='lat' dir='ltr'><strong>interdictam,</strong></span> <span class='ocrx_word' id='word_1_277' title='bbox 814 1581 895 1607; x_wconf 84' lang='lat' dir='ltr'><strong>etiam</strong></span> <span class='ocrx_word' id='word_1_278' title='bbox 914 1580 963 1608; x_wconf 69' lang='lat' dir='ltr'><strong>Sa~</strong></span> 
     </span>
    </p>
   </div>
   <div class='ocr_carea' id='block_1_39' title="bbox 166 1626 962 1663">
    <p class='ocr_par' dir='ltr' id='par_1_39' title="bbox 166 1626 962 1663">
     <span class='ocr_line' id='line_1_40' title="bbox 166 1626 962 1663; baseline -0.003 -9"><span class='ocrx_word' id='word_1_279' title='bbox 166 1627 329 1655; x_wconf 68' lang='lat' dir='ltr'><strong>maritauit-1.</strong></span> <span class='ocrx_word' id='word_1_280' title='bbox 344 1627 402 1660; x_wconf 80' lang='lat' dir='ltr'><strong>Qua</strong></span> <span class='ocrx_word' id='word_1_281' title='bbox 426 1628 459 1654; x_wconf 87' lang='lat' dir='ltr'><strong>de</strong></span> <span class='ocrx_word' id='word_1_282' title='bbox 480 1634 510 1655; x_wconf 84' lang='lat' dir='ltr'><strong>re</strong></span> <span class='ocrx_word' id='word_1_283' title='bbox 529 1627 644 1663; x_wconf 79' lang='lat' dir='ltr'><strong>insignis</strong></span> <span class='ocrx_word' id='word_1_284' title='bbox 667 1631 709 1654; x_wconf 88' lang='lat' dir='ltr'><strong>est</strong></span> <span class='ocrx_word' id='word_1_285' title='bbox 731 1627 856 1661; x_wconf 74' lang='lat' dir='ltr'><strong>Origcnis</strong></span> <span class='ocrx_word' id='word_1_286' title='bbox 874 1626 962 1658; x_wconf 84' lang='lat' dir='ltr'><strong>locas,</strong></span> 
     </span>
    </p>
   </div>
   <div class='ocr_carea' id='block_1_40' title="bbox 166 1672 962 1708">
    <p class='ocr_par' dir='ltr' id='par_1_40' title="bbox 166 1672 962 1708">
     <span class='ocr_line' id='line_1_41' title="bbox 166 1672 962 1708; baseline -0.003 -8"><span class='ocrx_word' id='word_1_287' title='bbox 166 1672 238 1701; x_wconf 81' lang='lat' dir='ltr'><strong>libro</strong></span> <span class='ocrx_word' id='word_1_288' title='bbox 253 1680 278 1700; x_wconf 90' lang='lat' dir='ltr'><strong>ll</strong></span> <span class='ocrx_word' id='word_1_289' title='bbox 290 1678 384 1700; x_wconf 82' lang='lat' dir='ltr'><strong>contra</strong></span> <span class='ocrx_word' id='word_1_290' title='bbox 402 1672 508 1700; x_wconf 63' lang='lat' dir='ltr'><strong>Calvum</strong></span> <span class='ocrx_word' id='word_1_291' title='bbox 521 1692 527 1704; x_wconf 87' lang='lat'><strong>,</strong></span> <span class='ocrx_word' id='word_1_292' title='bbox 552 1681 613 1708; x_wconf 79' lang='lat' dir='ltr'><strong>pag.</strong></span> <span class='ocrx_word' id='word_1_293' title='bbox 635 1672 688 1700; x_wconf 82' lang='lat'><strong>69:</strong></span> <span class='ocrx_word' id='word_1_294' title='bbox 714 1672 794 1699; x_wconf 72' lang='grc' dir='ltr'>Ἀλλὰ</span> <span class='ocrx_word' id='word_1_295' title='bbox 810 1673 890 1707; x_wconf 77' lang='grc' dir='ltr'>φήσει</span> <span class='ocrx_word' id='word_1_296' title='bbox 910 1681 962 1704; x_wconf 83' lang='grc' dir='ltr'><strong>τις,</strong></span> 
     </span>
    </p>
   </div>
   <div class='ocr_carea' id='block_1_41' title="bbox 165 1718 964 1754">
    <p class='ocr_par' dir='ltr' id='par_1_41' title="bbox 165 1718 964 1754">
     <span class='ocr_line' id='line_1_42' title="bbox 165 1718 964 1754; baseline -0.003 -8"><span class='ocrx_word' id='word_1_297' title='bbox 165 1719 208 1747; x_wconf 71' lang='grc' dir='ltr'><strong>δτι</strong></span> <span class='ocrx_word' id='word_1_298' title='bbox 221 1719 278 1747; x_wconf 68' lang='grc' dir='ltr'><strong>καὶ</strong></span> <span class='ocrx_word' id='word_1_299' title='bbox 295 1719 434 1754; x_wconf 70' lang='grc' dir='ltr'><strong>Σαμαρεῖς</strong></span> <span class='ocrx_word' id='word_1_300' title='bbox 447 1718 492 1746; x_wconf 78' lang='grc' dir='ltr'><strong>διὰ</strong></span> <span class='ocrx_word' id='word_1_301' title='bbox 505 1719 553 1754; x_wconf 82' lang='grc' dir='ltr'><strong>τὴν</strong></span> <span class='ocrx_word' id='word_1_302' title='bbox 564 1718 669 1746; x_wconf 77' lang='grc' dir='ltr'>ἑαυτῶν</span> <span class='ocrx_word' id='word_1_303' title='bbox 686 1718 841 1745; x_wconf 72' lang='grc' dir='ltr'><strong>Θεοσέὸειαν</strong></span> <span class='ocrx_word' id='word_1_304' title='bbox 854 1718 964 1745; x_wconf 85' lang='grc' dir='ltr'><strong>διώκον-</strong></span> 
     </span>
    </p>
   </div>
   <div class='ocr_carea' id='block_1_42' title="bbox 165 1764 964 1800">
    <p class='ocr_par' dir='ltr' id='par_1_42' title="bbox 165 1764 964 1800">
     <span class='ocr_line' id='line_1_43' title="bbox 165 1764 964 1800; baseline -0.004 -7"><span class='ocrx_word' id='word_1_305' title='bbox 165 1773 220 1793; x_wconf 69' lang='grc' dir='ltr'><strong>ται.</strong></span> <span class='ocrx_word' id='word_1_306' title='bbox 241 1765 321 1800; x_wconf 68' lang='grc' dir='ltr'><strong>Πρὸς</strong></span> <span class='ocrx_word' id='word_1_307' title='bbox 339 1765 369 1791; x_wconf 78' lang='grc' dir='ltr'><strong>ὃν</strong></span> <span class='ocrx_word' id='word_1_308' title='bbox 383 1764 495 1791; x_wconf 66' lang='grc' dir='ltr'><strong>τοιαῦτα</strong></span> <span class='ocrx_word' id='word_1_309' title='bbox 513 1765 644 1800; x_wconf 61' lang='grc' dir='ltr'><strong>ἐροῦμεν</strong></span> <span class='ocrx_word' id='word_1_310' title='bbox 663 1765 695 1791; x_wconf 83' lang='grc' dir='ltr'><strong>Οἱ</strong></span> <span class='ocrx_word' id='word_1_311' title='bbox 719 1764 837 1800; x_wconf 76' lang='grc' dir='ltr'><strong>σικάριοι</strong></span> <span class='ocrx_word' id='word_1_312' title='bbox 856 1764 901 1791; x_wconf 74' lang='grc' dir='ltr'><strong>διὰ</strong></span> <span class='ocrx_word' id='word_1_313' title='bbox 915 1765 964 1800; x_wconf 83' lang='grc' dir='ltr'><strong>τὴν</strong></span> 
     </span>
    </p>
   </div>
   <div class='ocr_carea' id='block_1_43' title="bbox 167 1809 963 1847">
    <p class='ocr_par' dir='ltr' id='par_1_43' title="bbox 167 1809 963 1847">
     <span class='ocr_line' id='line_1_44' title="bbox 167 1809 963 1847; baseline -0.003 -9"><span class='ocrx_word' id='word_1_314' title='bbox 167 1810 341 1847; x_wconf 63' lang='grc' dir='ltr'><strong>ῇμτομὴν.</strong></span> <span class='ocrx_word' id='word_1_315' title='bbox 356 1811 394 1842; x_wconf 84' lang='grc' dir='ltr'><strong>ὡς</strong></span> <span class='ocrx_word' id='word_1_316' title='bbox 428 1810 681 1847; x_wconf 73' lang='grc' dir='ltr'><strong>ἁκρωτηριάζοντες</strong></span> <span class='ocrx_word' id='word_1_317' title='bbox 703 1810 779 1845; x_wconf 79' lang='grc' dir='ltr'>παρὰ</span> <span class='ocrx_word' id='word_1_318' title='bbox 806 1810 869 1841; x_wconf 77' lang='grc' dir='ltr'><strong>τοὺς</strong></span> <span class='ocrx_word' id='word_1_319' title='bbox 894 1809 963 1836; x_wconf 79' lang='grc' dir='ltr'><strong>καο-</strong></span> 
     </span>
    </p>
   </div>
   <div class='ocr_carea' id='block_1_44' title="bbox 166 1855 964 1892">
    <p class='ocr_par' dir='ltr' id='par_1_44' title="bbox 166 1855 964 1892">
     <span class='ocr_line' id='line_1_45' title="bbox 166 1855 964 1892; baseline -0.003 -8"><span class='ocrx_word' id='word_1_320' title='bbox 166 1855 294 1888; x_wconf 75' lang='grc' dir='ltr'><strong>ιστῶτας</strong></span> <span class='ocrx_word' id='word_1_321' title='bbox 311 1855 428 1891; x_wconf 81' lang='grc' dir='ltr'><strong>νόμους,</strong></span> <span class='ocrx_word' id='word_1_322' title='bbox 445 1856 493 1882; x_wconf 76' lang='grc' dir='ltr'><strong>καὶ</strong></span> <span class='ocrx_word' id='word_1_323' title='bbox 513 1856 546 1883; x_wconf 81' lang='grc' dir='ltr'><strong>τὰ</strong></span> <span class='ocrx_word' id='word_1_324' title='bbox 576 1856 712 1888; x_wconf 80' lang='grc' dir='ltr'><strong>Ἰουδαίοις</strong></span> <span class='ocrx_word' id='word_1_325' title='bbox 731 1855 964 1892; x_wconf 81' lang='grc' dir='ltr'><strong>συγκεχωρημένα</strong></span> 
     </span>
    </p>
   </div>
   <div class='ocr_carea' id='block_1_45' title="bbox 170 1900 964 1937">
    <p class='ocr_par' dir='ltr' id='par_1_45' title="bbox 170 1900 964 1937">
     <span class='ocr_line' id='line_1_46' title="bbox 170 1900 964 1937; baseline 0 -10"><span class='ocrx_word' id='word_1_326' title='bbox 170 1902 285 1936; x_wconf 68' lang='grc' dir='ltr'><strong>μόνοις,</strong></span> <span class='ocrx_word' id='word_1_327' title='bbox 313 1900 499 1937; x_wconf 79' lang='grc' dir='ltr'><strong>ἀναιροῦνται·</strong></span> <span class='ocrx_word' id='word_1_328' title='bbox 522 1901 600 1929; x_wconf 79' lang='lat' dir='ltr'><strong>Dicat</strong></span> <span class='ocrx_word' id='word_1_329' title='bbox 624 1902 740 1936; x_wconf 75' lang='lat' dir='ltr'><strong>aliquis:</strong></span> <span class='ocrx_word' id='word_1_330' title='bbox 759 1900 849 1928; x_wconf 81' lang='lat' dir='ltr'><strong>Etiam</strong></span> <span class='ocrx_word' id='word_1_331' title='bbox 866 1900 964 1928; x_wconf 85' lang='lat' dir='ltr'><strong>Sama-</strong></span> 
     </span>
    </p>
   </div>
   <div class='ocr_carea' id='block_1_46' title="bbox 169 1945 963 1982">
    <p class='ocr_par' dir='ltr' id='par_1_46' title="bbox 169 1945 963 1982">
     <span class='ocr_line' id='line_1_47' title="bbox 169 1945 963 1982; baseline -0.004 -6"><span class='ocrx_word' id='word_1_332' title='bbox 169 1947 254 1976; x_wconf 58' lang='grc' dir='ltr'><strong>ἤισκε</strong></span> <span class='ocrx_word' id='word_1_333' title='bbox 271 1945 306 1975; x_wconf 69' lang='lat' dir='ltr'><strong>ob</strong></span> <span class='ocrx_word' id='word_1_334' title='bbox 322 1947 473 1982; x_wconf 64' lang='lat' dir='ltr'><strong>religionem</strong></span> <span class='ocrx_word' id='word_1_335' title='bbox 495 1955 572 1974; x_wconf 81' lang='lat' dir='ltr'><strong>suam</strong></span> <span class='ocrx_word' id='word_1_336' title='bbox 593 1947 800 1981; x_wconf 72' lang='lat' dir='ltr'><strong>persecutionem</strong></span> <span class='ocrx_word' id='word_1_337' title='bbox 823 1947 963 1974; x_wconf 72' lang='lat' dir='ltr'><strong>sustinent.</strong></span> 
     </span>
    </p>
   </div>
   <div class='ocr_carea' id='block_1_47' title="bbox 169 1989 965 2027">
    <p class='ocr_par' dir='ltr' id='par_1_47' title="bbox 169 1989 965 2027">
     <span class='ocr_line' id='line_1_48' title="bbox 169 1989 965 2027; baseline -0.005 -6"><span class='ocrx_word' id='word_1_338' title='bbox 169 1989 222 2021; x_wconf 67' lang='lat' dir='ltr'><strong>Oli</strong></span> <span class='ocrx_word' id='word_1_339' title='bbox 241 1993 284 2020; x_wconf 78' lang='lat' dir='ltr'><strong>ita</strong></span> <span class='ocrx_word' id='word_1_340' title='bbox 308 1990 512 2026; x_wconf 68' lang='lat' dir='ltr'><strong>respondemus:</strong></span> <span class='ocrx_word' id='word_1_341' title='bbox 540 1990 640 2020; x_wconf 83' lang='lat' dir='ltr'><strong>Sicarii</strong></span> <span class='ocrx_word' id='word_1_342' title='bbox 656 1997 763 2027; x_wconf 79' lang='lat' dir='ltr'><strong>propter</strong></span> <span class='ocrx_word' id='word_1_343' title='bbox 781 1991 965 2018; x_wconf 82' lang='lat' dir='ltr'><strong>circumcisio-</strong></span> 
     </span>
    </p>
   </div>
   <div class='ocr_carea' id='block_1_48' title="bbox 169 2037 965 2073">
    <p class='ocr_par' dir='ltr' id='par_1_48' title="bbox 169 2037 965 2073">
     <span class='ocr_line' id='line_1_49' title="bbox 169 2037 965 2073; baseline -0.001 -9"><span class='ocrx_word' id='word_1_344' title='bbox 169 2044 241 2071; x_wconf 67' lang='grc' dir='ltr'><strong>κη,</strong></span> <span class='ocrx_word' id='word_1_345' title='bbox 255 2042 390 2072; x_wconf 71' lang='lat' dir='ltr'><strong>tauquam</strong></span> <span class='ocrx_word' id='word_1_346' title='bbox 405 2037 559 2064; x_wconf 79' lang='lat' dir='ltr'><strong>mutilantes</strong></span> <span class='ocrx_word' id='word_1_347' title='bbox 572 2040 666 2064; x_wconf 79' lang='lat' dir='ltr'><strong>contra</strong></span> <span class='ocrx_word' id='word_1_348' title='bbox 691 2037 758 2073; x_wconf 77' lang='lat' dir='ltr'><strong>leges</strong></span> <span class='ocrx_word' id='word_1_349' title='bbox 778 2045 809 2064; x_wconf 90' lang='lat' dir='ltr'><strong>ac</strong></span> <span class='ocrx_word' id='word_1_350' title='bbox 829 2037 965 2064; x_wconf 83' lang='lat' dir='ltr'><strong>licentiam</strong></span> 
     </span>
    </p>
   </div>
   <div class='ocr_carea' id='block_1_49' title="bbox 1053 117 1806 154">
    <p class='ocr_par' dir='ltr' id='par_1_49' title="bbox 1053 117 1806 154">
     <span class='ocr_line' id='line_1_50' title="bbox 1053 117 1806 154; baseline 0.009 -11"><span class='ocrx_word' id='word_1_351' title='bbox 1053 117 1087 143; x_wconf 83' lang='grc' dir='ltr'><em>Τὸ</em></span> <span class='ocrx_word' id='word_1_352' title='bbox 1113 117 1147 143; x_wconf 81' lang='grc' dir='ltr'><strong>δὲ</strong></span> <span class='ocrx_word' id='word_1_353' title='bbox 1175 117 1218 145; x_wconf 75' lang='grc' dir='ltr'><strong>ἔτι</strong></span> <span class='ocrx_word' id='word_1_354' title='bbox 1241 119 1354 145; x_wconf 81' lang='grc' dir='ltr'><strong>τούτων</strong></span> <span class='ocrx_word' id='word_1_355' title='bbox 1380 119 1600 154; x_wconf 74' lang='grc' dir='ltr'><strong>χαλεπώτερον.</strong></span> <span class='ocrx_word' id='word_1_356' title='bbox 1631 120 1697 148; x_wconf 81' lang='lat' dir='ltr'><strong>Vide</strong></span> <span class='ocrx_word' id='word_1_357' title='bbox 1724 122 1806 151; x_wconf 83' lang='lat' dir='ltr'><strong>Corn.</strong></span> 
     </span>
    </p>
   </div>
   <div class='ocr_carea' id='block_1_50' title="bbox 1015 162 1808 203">
    <p class='ocr_par' dir='ltr' id='par_1_50' title="bbox 1015 162 1808 203">
     <span class='ocr_line' id='line_1_51' title="bbox 1015 162 1808 203; baseline 0.01 -16"><span class='ocrx_word' id='word_1_358' title='bbox 1015 162 1124 190; x_wconf 81' lang='lat' dir='ltr'><strong>Celsum</strong></span> <span class='ocrx_word' id='word_1_359' title='bbox 1145 164 1192 190; x_wconf 86' lang='lat' dir='ltr'><strong>lib.</strong></span> <span class='ocrx_word' id='word_1_360' title='bbox 1208 171 1256 196; x_wconf 90' lang='lat' dir='ltr'><strong>vn,</strong></span> <span class='ocrx_word' id='word_1_361' title='bbox 1273 172 1333 199; x_wconf 78' lang='lat' dir='ltr'><strong>cap.</strong></span> <span class='ocrx_word' id='word_1_362' title='bbox 1351 165 1397 192; x_wconf 72' lang='lat'><strong>25.</strong></span> <span class='ocrx_word' id='word_1_363' title='bbox 1418 164 1501 192; x_wconf 86' lang='lat' dir='ltr'><strong>Libro</strong></span> <span class='ocrx_word' id='word_1_364' title='bbox 1525 166 1535 192; x_wconf 91' lang='grc' dir='ltr'><strong>ι</strong></span> <span class='ocrx_word' id='word_1_365' title='bbox 1555 165 1690 199; x_wconf 61' lang='lat' dir='ltr'><strong>htacllab.,</strong></span> <span class='ocrx_word' id='word_1_366' title='bbox 1710 175 1769 203; x_wconf 82' lang='lat' dir='ltr'><strong>cap.</strong></span> <span class='ocrx_word' id='word_1_367' title='bbox 1788 177 1808 200; x_wconf 82' lang='grc' dir='ltr'>ι.</span> 
     </span>
    </p>
   </div>
   <div class='ocr_carea' id='block_1_51' title="bbox 1017 207 1807 247">
    <p class='ocr_par' dir='ltr' id='par_1_51' title="bbox 1017 207 1807 247">
     <span class='ocr_line' id='line_1_52' title="bbox 1017 207 1807 247; baseline 0.008 -13"><span class='ocrx_word' id='word_1_368' title='bbox 1017 207 1154 236; x_wconf 77' lang='lat' dir='ltr'><strong>Menelaus</strong></span> <span class='ocrx_word' id='word_1_369' title='bbox 1171 214 1197 236; x_wconf 88' lang='lat' dir='ltr'><strong>ct</strong></span> <span class='ocrx_word' id='word_1_370' title='bbox 1216 208 1317 237; x_wconf 77' lang='lat' dir='ltr'><strong>Tobias</strong></span> <span class='ocrx_word' id='word_1_371' title='bbox 1325 210 1498 238; x_wconf 83' lang='lat' dir='ltr'><strong>adduxerunt</strong></span> <span class='ocrx_word' id='word_1_372' title='bbox 1511 212 1561 239; x_wconf 87' lang='lat' dir='ltr'><strong>sibi</strong></span> <span class='ocrx_word' id='word_1_373' title='bbox 1574 213 1716 247; x_wconf 71' lang='lat' dir='ltr'><strong>prmpntia.</strong></span> <span class='ocrx_word' id='word_1_374' title='bbox 1730 213 1807 246; x_wconf 82' lang='lat' dir='ltr'><strong>Quod</strong></span> 
     </span>
    </p>
   </div>
   <div class='ocr_carea' id='block_1_52' title="bbox 1017 254 1778 292">
    <p class='ocr_par' dir='ltr' id='par_1_52' title="bbox 1017 254 1778 292">
     <span class='ocr_line' id='line_1_53' title="bbox 1017 254 1778 292; baseline 0.008 -12"><span class='ocrx_word' id='word_1_375' title='bbox 1017 254 1127 281; x_wconf 85' lang='lat' dir='ltr'><strong>llicron.</strong></span> <span class='ocrx_word' id='word_1_376' title='bbox 1146 255 1172 281; x_wconf 82' lang='lat' dir='ltr'><strong>in</strong></span> <span class='ocrx_word' id='word_1_377' title='bbox 1184 263 1242 289; x_wconf 81' lang='lat' dir='ltr'><strong>cap.</strong></span> <span class='ocrx_word' id='word_1_378' title='bbox 1260 263 1295 282; x_wconf 84' lang='lat' dir='ltr'><strong>LII</strong></span> <span class='ocrx_word' id='word_1_379' title='bbox 1310 256 1391 283; x_wconf 73' lang='lat' dir='ltr'><strong>Isuiw</strong></span> <span class='ocrx_word' id='word_1_380' title='bbox 1407 257 1463 284; x_wconf 80' lang='lat' dir='ltr'><strong>ﬁeri</strong></span> <span class='ocrx_word' id='word_1_381' title='bbox 1480 266 1561 292; x_wconf 87' lang='lat' dir='ltr'><strong>posse</strong></span> <span class='ocrx_word' id='word_1_382' title='bbox 1577 267 1630 286; x_wconf 88' lang='lat' dir='ltr'><strong>non</strong></span> <span class='ocrx_word' id='word_1_383' title='bbox 1651 260 1778 287; x_wconf 81' lang='lat' dir='ltr'><strong>credidit.</strong></span> 
     </span>
    </p>
   </div>
   <div class='ocr_carea' id='block_1_53' title="bbox 1051 302 1803 342">
    <p class='ocr_par' dir='ltr' id='par_1_53' title="bbox 1051 302 1803 342">
     <span class='ocr_line' id='line_1_54' title="bbox 1051 302 1803 342; baseline 0.008 -15"><span class='ocrx_word' id='word_1_384' title='bbox 1051 302 1103 327; x_wconf 85' lang='lat' dir='ltr'><strong>Kal</strong></span> <span class='ocrx_word' id='word_1_385' title='bbox 1127 303 1316 336; x_wconf 76' lang='grc' dir='ltr'><strong>κο.1λητικοῖς</strong></span> <span class='ocrx_word' id='word_1_386' title='bbox 1339 304 1589 337; x_wconf 77' lang='grc' dir='ltr'><strong>περιοδευθέντες.</strong></span> <span class='ocrx_word' id='word_1_387' title='bbox 1609 305 1684 332; x_wconf 78' lang='lat' dir='ltr'><strong>Fort.</strong></span> <span class='ocrx_word' id='word_1_388' title='bbox 1704 306 1803 342; x_wconf 78' lang='grc' dir='ltr'><strong>περιδε-</strong></span> 
     </span>
    </p>
   </div>
   <div class='ocr_carea' id='block_1_54' title="bbox 1017 345 1808 385">
    <p class='ocr_par' dir='ltr' id='par_1_54' title="bbox 1017 345 1808 385">
     <span class='ocr_line' id='line_1_55' title="bbox 1017 345 1808 385; baseline 0.009 -13"><span class='ocrx_word' id='word_1_389' title='bbox 1017 345 1120 378; x_wconf 77' lang='grc' dir='ltr'><strong>οέντες.</strong></span> <span class='ocrx_word' id='word_1_390' title='bbox 1148 347 1308 383; x_wconf 83' lang='lat' dir='ltr'><strong>Quanquam</strong></span> <span class='ocrx_word' id='word_1_391' title='bbox 1334 350 1445 377; x_wconf 87' lang='lat' dir='ltr'><strong>tolerari</strong></span> <span class='ocrx_word' id='word_1_392' title='bbox 1469 351 1553 378; x_wconf 84' lang='lat' dir='ltr'><strong>altera</strong></span> <span class='ocrx_word' id='word_1_393' title='bbox 1575 356 1674 385; x_wconf 86' lang='lat' dir='ltr'><strong>potest.</strong></span> <span class='ocrx_word' id='word_1_394' title='bbox 1699 351 1736 379; x_wconf 88' lang='lat' dir='ltr'><strong>De</strong></span> <span class='ocrx_word' id='word_1_395' title='bbox 1750 361 1808 379; x_wconf 87' lang='lat' dir='ltr'><strong>em-</strong></span> 
     </span>
    </p>
   </div>
   <div class='ocr_carea' id='block_1_55' title="bbox 1016 393 1807 433">
    <p class='ocr_par' dir='ltr' id='par_1_55' title="bbox 1016 393 1807 433">
     <span class='ocr_line' id='line_1_56' title="bbox 1016 393 1807 433; baseline 0.01 -15"><span class='ocrx_word' id='word_1_396' title='bbox 1016 393 1129 427; x_wconf 79' lang='lat' dir='ltr'><strong>plastris</strong></span> <span class='ocrx_word' id='word_1_397' title='bbox 1148 394 1279 429; x_wconf 87' lang='lat' dir='ltr'><strong>loquitur,</strong></span> <span class='ocrx_word' id='word_1_398' title='bbox 1298 395 1397 430; x_wconf 90' lang='lat' dir='ltr'><strong>quibus</strong></span> <span class='ocrx_word' id='word_1_399' title='bbox 1421 403 1452 423; x_wconf 83' lang='lat' dir='ltr'><strong>ea</strong></span> <span class='ocrx_word' id='word_1_400' title='bbox 1474 404 1538 431; x_wconf 89' lang='lat' dir='ltr'><strong>pars</strong></span> <span class='ocrx_word' id='word_1_401' title='bbox 1559 398 1721 433; x_wconf 80' lang='lat' dir='ltr'><strong>glutinatur.</strong></span> <span class='ocrx_word' id='word_1_402' title='bbox 1740 398 1807 426; x_wconf 77' lang='lat' dir='ltr'><strong>Vide</strong></span> 
     </span>
    </p>
   </div>
   <div class='ocr_carea' id='block_1_56' title="bbox 1015 437 1136 464">
    <p class='ocr_par' dir='ltr' id='par_1_56' title="bbox 1015 437 1136 464">
     <span class='ocr_line' id='line_1_57' title="bbox 1015 437 1136 464; baseline 0.008 -1"><span class='ocrx_word' id='word_1_403' title='bbox 1015 437 1136 464; x_wconf 80' lang='lat' dir='ltr'><strong>Celsum.</strong></span> 
     </span>
    </p>
   </div>
   <div class='ocr_carea' id='block_1_57' title="bbox 1051 481 1805 523">
    <p class='ocr_par' dir='ltr' id='par_1_57' title="bbox 1051 481 1805 523">
     <span class='ocr_line' id='line_1_58' title="bbox 1051 481 1805 523; baseline 0.012 -16"><span class='ocrx_word' id='word_1_404' title='bbox 1051 481 1132 508; x_wconf 82' lang='grc' dir='ltr'><em>Μετὰ</em></span> <span class='ocrx_word' id='word_1_405' title='bbox 1147 482 1256 510; x_wconf 80' lang='grc' dir='ltr'><em>τοῦτον</em></span> <span class='ocrx_word' id='word_1_406' title='bbox 1271 483 1306 510; x_wconf 78' lang='grc' dir='ltr'><strong>δὲ</strong></span> <span class='ocrx_word' id='word_1_407' title='bbox 1326 484 1402 511; x_wconf 73' lang='grc' dir='ltr'><em>κατὰ</em></span> <span class='ocrx_word' id='word_1_408' title='bbox 1425 485 1530 519; x_wconf 79' lang='grc' dir='ltr'><em>πόδας.</em></span> <span class='ocrx_word' id='word_1_409' title='bbox 1549 486 1606 514; x_wconf 85' lang='lat' dir='ltr'><strong>luto</strong></span> <span class='ocrx_word' id='word_1_410' title='bbox 1631 493 1694 515; x_wconf 82' lang='lat' dir='ltr'><strong>ante</strong></span> <span class='ocrx_word' id='word_1_411' title='bbox 1716 488 1805 523; x_wconf 82' lang='lat' dir='ltr'><strong>ipsum</strong></span> 
     </span>
    </p>
   </div>
   <div class='ocr_carea' id='block_1_58' title="bbox 1016 527 1803 568">
    <p class='ocr_par' dir='ltr' id='par_1_58' title="bbox 1016 527 1803 568">
     <span class='ocr_line' id='line_1_59' title="bbox 1016 527 1803 568; baseline 0.013 -15"><span class='ocrx_word' id='word_1_412' title='bbox 1016 527 1121 554; x_wconf 80' lang='lat' dir='ltr'><strong>exstitit</strong></span> <span class='ocrx_word' id='word_1_413' title='bbox 1140 527 1304 560; x_wconf 87' lang='lat' dir='ltr'><strong>Theodotio,</strong></span> <span class='ocrx_word' id='word_1_414' title='bbox 1331 537 1385 557; x_wconf 89' lang='lat' dir='ltr'><strong>non</strong></span> <span class='ocrx_word' id='word_1_415' title='bbox 1410 530 1554 562; x_wconf 87' lang='lat' dir='ltr'><strong>Ponticus.</strong></span> <span class='ocrx_word' id='word_1_416' title='bbox 1574 533 1621 560; x_wconf 91' lang='lat' dir='ltr'><strong>sed</strong></span> <span class='ocrx_word' id='word_1_417' title='bbox 1646 533 1803 568; x_wconf 84' lang='lat' dir='ltr'><strong>Ephesius:</strong></span> 
     </span>
    </p>
   </div>
   <div class='ocr_carea' id='block_1_59' title="bbox 1016 572 1806 615">
    <p class='ocr_par' dir='ltr' id='par_1_59' title="bbox 1016 572 1806 615">
     <span class='ocr_line' id='line_1_60' title="bbox 1016 572 1806 615; baseline 0.014 -17"><span class='ocrx_word' id='word_1_418' title='bbox 1016 572 1055 599; x_wconf 88' lang='lat' dir='ltr'><strong>uti</strong></span> <span class='ocrx_word' id='word_1_419' title='bbox 1072 574 1105 600; x_wconf 87' lang='lat' dir='ltr'><strong>ab</strong></span> <span class='ocrx_word' id='word_1_420' title='bbox 1130 575 1281 602; x_wconf 82' lang='lat' dir='ltr'><strong>Athanasio</strong></span> <span class='ocrx_word' id='word_1_421' title='bbox 1309 580 1434 608; x_wconf 90' lang='lat' dir='ltr'><strong>vocatur,</strong></span> <span class='ocrx_word' id='word_1_422' title='bbox 1454 581 1481 605; x_wconf 91' lang='lat' dir='ltr'><strong>et</strong></span> <span class='ocrx_word' id='word_1_423' title='bbox 1502 579 1574 613; x_wconf 87' lang='lat' dir='ltr'><strong>quod</strong></span> <span class='ocrx_word' id='word_1_424' title='bbox 1600 585 1680 615; x_wconf 87' lang='lat' dir='ltr'><strong>caput</strong></span> <span class='ocrx_word' id='word_1_425' title='bbox 1698 586 1751 614; x_wconf 88' lang='lat' dir='ltr'><strong>cst,</strong></span> <span class='ocrx_word' id='word_1_426' title='bbox 1772 582 1806 609; x_wconf 82' lang='lat' dir='ltr'><strong>ab</strong></span> 
     </span>
    </p>
   </div>
   <div class='ocr_carea' id='block_1_60' title="bbox 1016 616 1394 655">
    <p class='ocr_par' dir='ltr' id='par_1_60' title="bbox 1016 616 1394 655">
     <span class='ocr_line' id='line_1_61' title="bbox 1016 616 1394 655; baseline 0.013 -12"><span class='ocrx_word' id='word_1_427' title='bbox 1016 616 1128 650; x_wconf 83' lang='lat' dir='ltr'><strong>Irena-o,</strong></span> <span class='ocrx_word' id='word_1_428' title='bbox 1143 619 1191 645; x_wconf 80' lang='lat' dir='ltr'><strong>tib.</strong></span> <span class='ocrx_word' id='word_1_429' title='bbox 1209 627 1248 650; x_wconf 82' lang='grc' dir='ltr'>ιιι,</span> <span class='ocrx_word' id='word_1_430' title='bbox 1269 627 1328 655; x_wconf 88' lang='lat' dir='ltr'><strong>cap.</strong></span> <span class='ocrx_word' id='word_1_431' title='bbox 1351 621 1394 648; x_wconf 67' lang='grc'><strong>24.</strong></span> 
     </span>
    </p>
   </div>
   <div class='ocr_carea' id='block_1_61' title="bbox 1053 664 1806 707">
    <p class='ocr_par' dir='ltr' id='par_1_61' title="bbox 1053 664 1806 707">
     <span class='ocr_line' id='line_1_62' title="bbox 1053 664 1806 707; baseline 0.013 -18"><span class='ocrx_word' id='word_1_432' title='bbox 1053 664 1151 690; x_wconf 69' lang='grc' dir='ltr'><strong>Ἄτη-(ι</strong></span> <span class='ocrx_word' id='word_1_433' title='bbox 1174 666 1217 698; x_wconf 78' lang='grc' dir='ltr'><strong>εἰς</strong></span> <span class='ocrx_word' id='word_1_434' title='bbox 1241 666 1370 700; x_wconf 81' lang='grc' dir='ltr'><strong>ὕστερθν</strong></span> <span class='ocrx_word' id='word_1_435' title='bbox 1392 668 1427 694; x_wconf 85' lang='grc' dir='ltr'><strong>ὲν</strong></span> <span class='ocrx_word' id='word_1_436' title='bbox 1449 668 1512 701; x_wconf 80' lang='grc' dir='ltr'><em>τοῖς</em></span> <span class='ocrx_word' id='word_1_437' title='bbox 1529 671 1645 704; x_wconf 62' lang='grc' dir='ltr'><strong>φωνῶν.</strong></span> <span class='ocrx_word' id='word_1_438' title='bbox 1672 671 1806 707; x_wconf 78' lang='lat' dir='ltr'><strong>Origenes</strong></span> 
     </span>
    </p>
   </div>
   <div class='ocr_carea' id='block_1_62' title="bbox 1018 708 1806 744">
    <p class='ocr_par' dir='ltr' id='par_1_62' title="bbox 1018 708 1806 744">
     <span class='ocr_line' id='line_1_63' title="bbox 1018 708 1806 744; baseline 0.013 -9"><span class='ocrx_word' id='word_1_439' title='bbox 1018 708 1088 735; x_wconf 66' lang='lat' dir='ltr'><strong>LXX</strong></span> <span class='ocrx_word' id='word_1_440' title='bbox 1104 709 1249 738; x_wconf 86' lang='lat' dir='ltr'><strong>Seniorunl</strong></span> <span class='ocrx_word' id='word_1_441' title='bbox 1270 712 1381 740; x_wconf 82' lang='lat' dir='ltr'><strong>editioni</strong></span> <span class='ocrx_word' id='word_1_442' title='bbox 1399 713 1584 743; x_wconf 82' lang='lat' dir='ltr'><strong>Tlteodolionis</strong></span> <span class='ocrx_word' id='word_1_443' title='bbox 1604 717 1806 744; x_wconf 77' lang='lat' dir='ltr'><strong>translationem</strong></span> 
     </span>
    </p>
   </div>
   <div class='ocr_carea' id='block_1_63' title="bbox 1017 756 1805 799">
    <p class='ocr_par' dir='ltr' id='par_1_63' title="bbox 1017 756 1805 799">
     <span class='ocr_line' id='line_1_64' title="bbox 1017 756 1805 799; baseline 0.013 -18"><span class='ocrx_word' id='word_1_444' title='bbox 1017 756 1131 788; x_wconf 84' lang='lat' dir='ltr'><strong>miscuit,</strong></span> <span class='ocrx_word' id='word_1_445' title='bbox 1154 759 1281 785; x_wconf 76' lang='lat' dir='ltr'><strong>asterisco</strong></span> <span class='ocrx_word' id='word_1_446' title='bbox 1312 764 1336 786; x_wconf 84' lang='lat' dir='ltr'><strong>et</strong></span> <span class='ocrx_word' id='word_1_447' title='bbox 1356 760 1430 787; x_wconf 87' lang='lat' dir='ltr'><strong>obelo</strong></span> <span class='ocrx_word' id='word_1_448' title='bbox 1450 769 1514 795; x_wconf 85' lang='lat' dir='ltr'><strong>opus</strong></span> <span class='ocrx_word' id='word_1_449' title='bbox 1538 771 1613 790; x_wconf 82' lang='lat' dir='ltr'><strong>omne</strong></span> <span class='ocrx_word' id='word_1_450' title='bbox 1630 763 1805 799; x_wconf 62' lang='lat' dir='ltr'><strong>distinguens,</strong></span> 
     </span>
    </p>
   </div>
   <div class='ocr_carea' id='block_1_64' title="bbox 1016 800 1805 844">
    <p class='ocr_par' dir='ltr' id='par_1_64' title="bbox 1016 800 1805 844">
     <span class='ocr_line' id='line_1_65' title="bbox 1016 800 1805 844; baseline 0.014 -18"><span class='ocrx_word' id='word_1_451' title='bbox 1016 800 1078 828; x_wconf 84' lang='lat' dir='ltr'><strong>dum</strong></span> <span class='ocrx_word' id='word_1_452' title='bbox 1091 807 1137 828; x_wconf 83' lang='lat' dir='ltr'><strong>aut</strong></span> <span class='ocrx_word' id='word_1_453' title='bbox 1152 803 1305 832; x_wconf 64' lang='lat' dir='ltr'><strong>illum-scere</strong></span> <span class='ocrx_word' id='word_1_454' title='bbox 1319 804 1396 839; x_wconf 77' lang='lat' dir='ltr'><strong>facil,</strong></span> <span class='ocrx_word' id='word_1_455' title='bbox 1412 815 1471 841; x_wconf 73' lang='lat' dir='ltr'><strong>qua:</strong></span> <span class='ocrx_word' id='word_1_456' title='bbox 1487 808 1573 835; x_wconf 84' lang='lat' dir='ltr'><strong>minus</strong></span> <span class='ocrx_word' id='word_1_457' title='bbox 1588 813 1666 836; x_wconf 89' lang='lat' dir='ltr'><strong>antea</strong></span> <span class='ocrx_word' id='word_1_458' title='bbox 1681 810 1787 844; x_wconf 81' lang='lat' dir='ltr'><strong>fuerant</strong></span> <span class='ocrx_word' id='word_1_459' title='bbox 1798 831 1805 843; x_wconf 93' lang='lat'><strong>,</strong></span> 
     </span>
    </p>
   </div>
   <div class='ocr_carea' id='block_1_65' title="bbox 1016 851 1804 888">
    <p class='ocr_par' dir='ltr' id='par_1_65' title="bbox 1016 851 1804 888">
     <span class='ocr_line' id='line_1_66' title="bbox 1016 851 1804 888; baseline 0.015 -15"><span class='ocrx_word' id='word_1_460' title='bbox 1016 853 1061 874; x_wconf 86' lang='lat' dir='ltr'><strong>aut</strong></span> <span class='ocrx_word' id='word_1_461' title='bbox 1072 851 1319 886; x_wconf 53' lang='lat' dir='ltr'><strong>superﬂuaqun‘que</strong></span> <span class='ocrx_word' id='word_1_462' title='bbox 1330 852 1436 888; x_wconf 85' lang='lat' dir='ltr'><strong>jugulat</strong></span> <span class='ocrx_word' id='word_1_463' title='bbox 1448 859 1471 880; x_wconf 85' lang='lat' dir='ltr'><strong>et</strong></span> <span class='ocrx_word' id='word_1_464' title='bbox 1481 854 1608 888; x_wconf 77' lang='lat' dir='ltr'><strong>confodit.</strong></span> <span class='ocrx_word' id='word_1_465' title='bbox 1620 856 1804 885; x_wconf 65' lang='lat' dir='ltr'><strong>timcltieron.</strong></span> 
     </span>
    </p>
   </div>
   <div class='ocr_carea' id='block_1_66' title="bbox 1016 891 1715 936">
    <p class='ocr_par' dir='ltr' id='par_1_66' title="bbox 1016 891 1715 936">
     <span class='ocr_line' id='line_1_67' title="bbox 1016 891 1715 936; baseline 0.011 -17"><span class='ocrx_word' id='word_1_466' title='bbox 1016 891 1123 920; x_wconf 64' lang='lat' dir='ltr'><strong>Praefat.</strong></span> <span class='ocrx_word' id='word_1_467' title='bbox 1140 895 1167 921; x_wconf 89' lang='lat' dir='ltr'><strong>in</strong></span> <span class='ocrx_word' id='word_1_468' title='bbox 1185 895 1292 923; x_wconf 86' lang='lat' dir='ltr'><strong>Pentat.</strong></span> <span class='ocrx_word' id='word_1_469' title='bbox 1310 896 1376 924; x_wconf 87' lang='lat' dir='ltr'><strong>Vide</strong></span> <span class='ocrx_word' id='word_1_470' title='bbox 1393 902 1420 924; x_wconf 88' lang='lat' dir='ltr'><strong>et</strong></span> <span class='ocrx_word' id='word_1_471' title='bbox 1435 906 1478 933; x_wconf 85' lang='lat' dir='ltr'><strong>ep.</strong></span> <span class='ocrx_word' id='word_1_472' title='bbox 1491 899 1525 926; x_wconf 87' lang='lat'><strong>89</strong></span> <span class='ocrx_word' id='word_1_473' title='bbox 1546 900 1581 926; x_wconf 85' lang='lat' dir='ltr'><strong>ad</strong></span> <span class='ocrx_word' id='word_1_474' title='bbox 1602 901 1715 936; x_wconf 83' lang='lat' dir='ltr'><strong>August.</strong></span> 
     </span>
    </p>
   </div>
   <div class='ocr_carea' id='block_1_67' title="bbox 1050 938 1805 981">
    <p class='ocr_par' dir='ltr' id='par_1_67' title="bbox 1050 938 1805 981">
     <span class='ocr_line' id='line_1_68' title="bbox 1050 938 1805 981; baseline 0.015 -18"><span class='ocrx_word' id='word_1_475' title='bbox 1050 938 1131 965; x_wconf 85' lang='grc' dir='ltr'><em>Μετὰ</em></span> <span class='ocrx_word' id='word_1_476' title='bbox 1153 939 1331 967; x_wconf 79' lang='grc' dir='ltr'><strong>Ἀντωνῖνον</strong></span> <span class='ocrx_word' id='word_1_477' title='bbox 1348 941 1402 968; x_wconf 80' lang='grc' dir='ltr'><strong>τὸν</strong></span> <span class='ocrx_word' id='word_1_478' title='bbox 1420 943 1504 970; x_wconf 74' lang='grc' dir='ltr'><em>Πίον.</em></span> <span class='ocrx_word' id='word_1_479' title='bbox 1521 943 1598 971; x_wconf 89' lang='lat' dir='ltr'><strong>tlunc</strong></span> <span class='ocrx_word' id='word_1_480' title='bbox 1613 945 1742 973; x_wconf 81' lang='lat' dir='ltr'><strong>Severum</strong></span> <span class='ocrx_word' id='word_1_481' title='bbox 1758 956 1805 981; x_wconf 82' lang='lat' dir='ltr'><strong>pro</strong></span> 
     </span>
    </p>
   </div>
   <div class='ocr_carea' id='block_1_68' title="bbox 1016 982 1805 1023">
    <p class='ocr_par' dir='ltr' id='par_1_68' title="bbox 1016 982 1805 1023">
     <span class='ocr_line' id='line_1_69' title="bbox 1016 982 1805 1023; baseline 0.014 -15"><span class='ocrx_word' id='word_1_482' title='bbox 1016 982 1086 1010; x_wconf 90' lang='lat' dir='ltr'><strong>Vero</strong></span> <span class='ocrx_word' id='word_1_483' title='bbox 1099 984 1263 1018; x_wconf 80' lang='lat' dir='ltr'><strong>appellatum</strong></span> <span class='ocrx_word' id='word_1_484' title='bbox 1278 986 1312 1013; x_wconf 88' lang='lat' dir='ltr'><strong>ab</strong></span> <span class='ocrx_word' id='word_1_485' title='bbox 1326 986 1478 1022; x_wconf 82' lang='lat' dir='ltr'><strong>Epiphanio</strong></span> <span class='ocrx_word' id='word_1_486' title='bbox 1492 996 1575 1023; x_wconf 84' lang='lat' dir='ltr'><strong>supra</strong></span> <span class='ocrx_word' id='word_1_487' title='bbox 1591 990 1720 1018; x_wconf 87' lang='lat' dir='ltr'><strong>vidinms.</strong></span> <span class='ocrx_word' id='word_1_488' title='bbox 1736 991 1805 1019; x_wconf 84' lang='lat' dir='ltr'><strong>tlinc</strong></span> 
     </span>
    </p>
   </div>
   <div class='ocr_carea' id='block_1_69' title="bbox 1016 1030 1806 1074">
    <p class='ocr_par' dir='ltr' id='par_1_69' title="bbox 1016 1030 1806 1074">
     <span class='ocr_line' id='line_1_70' title="bbox 1016 1030 1806 1074; baseline 0.013 -19"><span class='ocrx_word' id='word_1_489' title='bbox 1016 1037 1077 1064; x_wconf 80' lang='lat' dir='ltr'><strong>pag.</strong></span> <span class='ocrx_word' id='word_1_490' title='bbox 1093 1030 1154 1062; x_wconf 71' lang='grc' dir='ltr'><strong>ΗΞ,</strong></span> <span class='ocrx_word' id='word_1_491' title='bbox 1169 1030 1203 1057; x_wconf 79' lang='grc' dir='ltr'><strong>Μ.</strong></span> <span class='ocrx_word' id='word_1_492' title='bbox 1228 1032 1354 1067; x_wconf 83' lang='grc' dir='ltr'><strong>Αὐρίλιος</strong></span> <span class='ocrx_word' id='word_1_493' title='bbox 1367 1033 1457 1069; x_wconf 84' lang='grc' dir='ltr'><strong>Σουήρ</strong></span> <span class='ocrx_word' id='word_1_494' title='bbox 1472 1034 1572 1061; x_wconf 90' lang='lat' dir='ltr'><strong>dicitur</strong></span> <span class='ocrx_word' id='word_1_495' title='bbox 1585 1044 1591 1061; x_wconf 88' lang='lat'>:</span> <span class='ocrx_word' id='word_1_496' title='bbox 1603 1036 1652 1063; x_wconf 92' lang='lat' dir='ltr'><strong>hoc</strong></span> <span class='ocrx_word' id='word_1_497' title='bbox 1666 1041 1708 1064; x_wconf 89' lang='lat' dir='ltr'><strong>est</strong></span> <span class='ocrx_word' id='word_1_498' title='bbox 1723 1037 1806 1074; x_wconf 78' lang='grc' dir='ltr'><strong>Σευῆ-</strong></span> 
     </span>
    </p>
   </div>
   <div class='ocr_carea' id='block_1_70' title="bbox 1016 1076 1806 1115">
    <p class='ocr_par' dir='ltr' id='par_1_70' title="bbox 1016 1076 1806 1115">
     <span class='ocr_line' id='line_1_71' title="bbox 1016 1076 1806 1115; baseline 0.014 -15"><span class='ocrx_word' id='word_1_499' title='bbox 1016 1083 1072 1109; x_wconf 76' lang='grc' dir='ltr'><strong>ρος,</strong></span> <span class='ocrx_word' id='word_1_500' title='bbox 1088 1079 1118 1102; x_wconf 90' lang='lat' dir='ltr'><strong>ut</strong></span> <span class='ocrx_word' id='word_1_501' title='bbox 1140 1076 1246 1110; x_wconf 87' lang='lat' dir='ltr'><strong>opinor.</strong></span> <span class='ocrx_word' id='word_1_502' title='bbox 1268 1076 1429 1113; x_wconf 86' lang='lat' dir='ltr'><strong>Quanquam</strong></span> <span class='ocrx_word' id='word_1_503' title='bbox 1453 1087 1526 1114; x_wconf 70' lang='lat' dir='ltr'><strong>sarpc</strong></span> <span class='ocrx_word' id='word_1_504' title='bbox 1546 1080 1654 1115; x_wconf 79' lang='grc' dir='ltr'><strong>Οὐῆρος</strong></span> <span class='ocrx_word' id='word_1_505' title='bbox 1678 1088 1752 1110; x_wconf 85' lang='lat' dir='ltr'><strong>recte</strong></span> <span class='ocrx_word' id='word_1_506' title='bbox 1771 1085 1806 1111; x_wconf 81' lang='lat' dir='ltr'><strong>ab</strong></span> 
     </span>
    </p>
   </div>
   <div class='ocr_carea' id='block_1_71' title="bbox 1016 1120 1806 1161">
    <p class='ocr_par' dir='ltr' id='par_1_71' title="bbox 1016 1120 1806 1161">
     <span class='ocr_line' id='line_1_72' title="bbox 1016 1120 1806 1161; baseline 0.013 -15"><span class='ocrx_word' id='word_1_507' title='bbox 1016 1120 1168 1155; x_wconf 85' lang='lat' dir='ltr'><strong>Epiphanio</strong></span> <span class='ocrx_word' id='word_1_508' title='bbox 1183 1122 1353 1149; x_wconf 86' lang='lat' dir='ltr'><strong>nominatur.</strong></span> <span class='ocrx_word' id='word_1_509' title='bbox 1367 1123 1436 1151; x_wconf 86' lang='lat' dir='ltr'><strong>Huic</strong></span> <span class='ocrx_word' id='word_1_510' title='bbox 1451 1129 1549 1159; x_wconf 66' lang='lat' dir='ltr'><strong>praeter</strong></span> <span class='ocrx_word' id='word_1_511' title='bbox 1562 1134 1606 1153; x_wconf 65' lang='grc' dir='ltr'><strong>χιχ</strong></span> <span class='ocrx_word' id='word_1_512' title='bbox 1619 1134 1717 1161; x_wconf 84' lang='lat' dir='ltr'><strong>annos,</strong></span> <span class='ocrx_word' id='word_1_513' title='bbox 1731 1137 1806 1156; x_wconf 89' lang='lat' dir='ltr'><strong>men-</strong></span> 
     </span>
    </p>
   </div>
   <div class='ocr_carea' id='block_1_72' title="bbox 1015 1166 1806 1206">
    <p class='ocr_par' dir='ltr' id='par_1_72' title="bbox 1015 1166 1806 1206">
     <span class='ocr_line' id='line_1_73' title="bbox 1015 1166 1806 1206; baseline 0.011 -13"><span class='ocrx_word' id='word_1_514' title='bbox 1015 1174 1072 1193; x_wconf 87' lang='lat' dir='ltr'><strong>sem</strong></span> <span class='ocrx_word' id='word_1_515' title='bbox 1089 1175 1096 1193; x_wconf 94' lang='grc' dir='ltr'><strong>ι</strong></span> <span class='ocrx_word' id='word_1_516' title='bbox 1115 1166 1250 1195; x_wconf 77' lang='lat' dir='ltr'><strong>Eusebius</strong></span> <span class='ocrx_word' id='word_1_517' title='bbox 1264 1169 1386 1204; x_wconf 81' lang='lat' dir='ltr'><strong>assignat</strong></span> <span class='ocrx_word' id='word_1_518' title='bbox 1407 1179 1413 1197; x_wconf 86' lang='lat'><strong>:</strong></span> <span class='ocrx_word' id='word_1_519' title='bbox 1432 1169 1581 1206; x_wconf 89' lang='lat' dir='ltr'><strong>Eutropius</strong></span> <span class='ocrx_word' id='word_1_520' title='bbox 1594 1178 1620 1199; x_wconf 79' lang='lat' dir='ltr'><strong>et</strong></span> <span class='ocrx_word' id='word_1_521' title='bbox 1647 1172 1740 1201; x_wconf 84' lang='lat' dir='ltr'><strong>Victor</strong></span> <span class='ocrx_word' id='word_1_522' title='bbox 1755 1183 1806 1202; x_wconf 84' lang='lat' dir='ltr'><strong>an-</strong></span> 
     </span>
    </p>
   </div>
   <div class='ocr_carea' id='block_1_73' title="bbox 1014 1212 1807 1253">
    <p class='ocr_par' dir='ltr' id='par_1_73' title="bbox 1014 1212 1807 1253">
     <span class='ocr_line' id='line_1_74' title="bbox 1014 1212 1807 1253; baseline 0.013 -16"><span class='ocrx_word' id='word_1_523' title='bbox 1014 1219 1064 1239; x_wconf 85' lang='lat' dir='ltr'><strong>nos</strong></span> <span class='ocrx_word' id='word_1_524' title='bbox 1074 1220 1151 1239; x_wconf 78' lang='lat' dir='ltr'><strong>xvlu.</strong></span> <span class='ocrx_word' id='word_1_525' title='bbox 1165 1212 1250 1241; x_wconf 87' lang='lat' dir='ltr'><strong>Natus</strong></span> <span class='ocrx_word' id='word_1_526' title='bbox 1267 1218 1309 1241; x_wconf 87' lang='lat' dir='ltr'><strong>cst</strong></span> <span class='ocrx_word' id='word_1_527' title='bbox 1327 1223 1399 1241; x_wconf 86' lang='lat' dir='ltr'><strong>anno</strong></span> <span class='ocrx_word' id='word_1_528' title='bbox 1412 1214 1484 1243; x_wconf 86' lang='lat' dir='ltr'><strong>Vero</strong></span> <span class='ocrx_word' id='word_1_529' title='bbox 1497 1216 1554 1243; x_wconf 85' lang='lat' dir='ltr'><strong>ltct</strong></span> <span class='ocrx_word' id='word_1_530' title='bbox 1567 1217 1676 1253; x_wconf 81' lang='lat' dir='ltr'><strong>Augure</strong></span> <span class='ocrx_word' id='word_1_531' title='bbox 1687 1226 1772 1251; x_wconf 78' lang='lat' dir='ltr'><strong>coss.,</strong></span> <span class='ocrx_word' id='word_1_532' title='bbox 1792 1229 1807 1246; x_wconf 87' lang='grc' dir='ltr'><strong>ν</strong></span> 
     </span>
    </p>
   </div>
   <div class='ocr_carea' id='block_1_74' title="bbox 1015 1255 1805 1294">
    <p class='ocr_par' dir='ltr' id='par_1_74' title="bbox 1015 1255 1805 1294">
     <span class='ocr_line' id='line_1_75' title="bbox 1015 1255 1805 1294; baseline 0.014 -12"><span class='ocrx_word' id='word_1_533' title='bbox 1015 1255 1074 1283; x_wconf 81' lang='grc' dir='ltr'><strong>ΚιΙ.</strong></span> <span class='ocrx_word' id='word_1_534' title='bbox 1091 1256 1181 1291; x_wconf 86' lang='lat' dir='ltr'><strong>Mart.,</strong></span> <span class='ocrx_word' id='word_1_535' title='bbox 1200 1263 1229 1284; x_wconf 92' lang='lat' dir='ltr'><strong>ut</strong></span> <span class='ocrx_word' id='word_1_536' title='bbox 1244 1259 1281 1285; x_wconf 88' lang='lat' dir='ltr'><strong>ait</strong></span> <span class='ocrx_word' id='word_1_537' title='bbox 1301 1260 1481 1294; x_wconf 86' lang='lat' dir='ltr'><strong>Capitolinus.</strong></span> <span class='ocrx_word' id='word_1_538' title='bbox 1496 1262 1592 1290; x_wconf 84' lang='lat' dir='ltr'><strong>Annus</strong></span> <span class='ocrx_word' id='word_1_539' title='bbox 1608 1264 1632 1290; x_wconf 90' lang='lat' dir='ltr'><strong>is</strong></span> <span class='ocrx_word' id='word_1_540' title='bbox 1646 1269 1688 1291; x_wconf 84' lang='lat' dir='ltr'><strong>est</strong></span> <span class='ocrx_word' id='word_1_541' title='bbox 1704 1265 1805 1293; x_wconf 86' lang='lat' dir='ltr'><strong>Christi</strong></span> 
     </span>
    </p>
   </div>
   <div class='ocr_carea' id='block_1_75' title="bbox 1017 1302 1807 1343">
    <p class='ocr_par' dir='ltr' id='par_1_75' title="bbox 1017 1302 1807 1343">
     <span class='ocr_line' id='line_1_76' title="bbox 1017 1302 1807 1343; baseline 0.013 -15"><span class='ocrx_word' id='word_1_542' title='bbox 1017 1302 1077 1328; x_wconf 65' lang='lat' dir='ltr'><strong>t&#39;ﬂt.</strong></span> <span class='ocrx_word' id='word_1_543' title='bbox 1093 1302 1167 1330; x_wconf 79' lang='lat' dir='ltr'><strong>Vixit</strong></span> <span class='ocrx_word' id='word_1_544' title='bbox 1191 1311 1277 1331; x_wconf 88' lang='lat' dir='ltr'><strong>annos</strong></span> <span class='ocrx_word' id='word_1_545' title='bbox 1303 1313 1379 1335; x_wconf 80' lang='lat' dir='ltr'><strong>um.</strong></span> <span class='ocrx_word' id='word_1_546' title='bbox 1404 1314 1513 1334; x_wconf 86' lang='lat' dir='ltr'><strong>menses</strong></span> <span class='ocrx_word' id='word_1_547' title='bbox 1529 1315 1553 1340; x_wconf 70' lang='grc' dir='ltr'>κ,</span> <span class='ocrx_word' id='word_1_548' title='bbox 1578 1308 1636 1335; x_wconf 87' lang='lat' dir='ltr'><strong>dies</strong></span> <span class='ocrx_word' id='word_1_549' title='bbox 1654 1318 1699 1343; x_wconf 73' lang='lat' dir='ltr'><strong>xx,</strong></span> <span class='ocrx_word' id='word_1_550' title='bbox 1716 1316 1745 1337; x_wconf 87' lang='lat' dir='ltr'><strong>ut</strong></span> <span class='ocrx_word' id='word_1_551' title='bbox 1768 1313 1807 1338; x_wconf 81' lang='lat' dir='ltr'><strong>ait</strong></span> 
     </span>
    </p>
   </div>
   <div class='ocr_carea' id='block_1_76' title="bbox 1015 1346 1804 1389">
    <p class='ocr_par' dir='ltr' id='par_1_76' title="bbox 1015 1346 1804 1389">
     <span class='ocr_line' id='line_1_77' title="bbox 1015 1346 1804 1389; baseline 0.013 -16"><span class='ocrx_word' id='word_1_552' title='bbox 1015 1346 1181 1382; x_wconf 76' lang='lat' dir='ltr'><strong>Xiphilinus.</strong></span> <span class='ocrx_word' id='word_1_553' title='bbox 1197 1348 1322 1378; x_wconf 79' lang='lat' dir='ltr'><strong>Mortuus</strong></span> <span class='ocrx_word' id='word_1_554' title='bbox 1334 1356 1377 1378; x_wconf 87' lang='lat' dir='ltr'><strong>est</strong></span> <span class='ocrx_word' id='word_1_555' title='bbox 1392 1352 1466 1378; x_wconf 88' lang='lat' dir='ltr'><strong>enim</strong></span> <span class='ocrx_word' id='word_1_556' title='bbox 1483 1360 1527 1379; x_wconf 73' lang='lat' dir='ltr'><strong>xvi</strong></span> <span class='ocrx_word' id='word_1_557' title='bbox 1544 1352 1604 1381; x_wconf 78' lang='lat' dir='ltr'><strong>ttat.</strong></span> <span class='ocrx_word' id='word_1_558' title='bbox 1621 1355 1684 1389; x_wconf 82' lang='lat' dir='ltr'><strong>Apr.</strong></span> <span class='ocrx_word' id='word_1_559' title='bbox 1710 1357 1804 1383; x_wconf 85' lang='lat' dir='ltr'><strong>eodem</strong></span> 
     </span>
    </p>
   </div>
   <div class='ocr_carea' id='block_1_77' title="bbox 1016 1394 1807 1437">
    <p class='ocr_par' dir='ltr' id='par_1_77' title="bbox 1016 1394 1807 1437">
     <span class='ocr_line' id='line_1_78' title="bbox 1016 1394 1807 1437; baseline 0.01 -18"><span class='ocrx_word' id='word_1_560' title='bbox 1016 1398 1137 1425; x_wconf 82' lang='lat' dir='ltr'><strong>auctore,</strong></span> <span class='ocrx_word' id='word_1_561' title='bbox 1154 1394 1290 1422; x_wconf 71' lang='lat' dir='ltr'><strong>t’rwsente</strong></span> <span class='ocrx_word' id='word_1_562' title='bbox 1307 1400 1334 1423; x_wconf 85' lang='lat' dir='ltr'><strong>et</strong></span> <span class='ocrx_word' id='word_1_563' title='bbox 1355 1395 1493 1424; x_wconf 86' lang='lat' dir='ltr'><strong>Gordiano</strong></span> <span class='ocrx_word' id='word_1_564' title='bbox 1511 1405 1596 1430; x_wconf 86' lang='lat' dir='ltr'><strong>coss.,</strong></span> <span class='ocrx_word' id='word_1_565' title='bbox 1614 1407 1686 1426; x_wconf 90' lang='lat' dir='ltr'><strong>anno</strong></span> <span class='ocrx_word' id='word_1_566' title='bbox 1706 1400 1807 1437; x_wconf 86' lang='lat' dir='ltr'><strong>Diony—</strong></span> 
     </span>
    </p>
   </div>
   <div class='ocr_carea' id='block_1_78' title="bbox 1016 1438 1807 1478">
    <p class='ocr_par' dir='ltr' id='par_1_78' title="bbox 1016 1438 1807 1478">
     <span class='ocr_line' id='line_1_79' title="bbox 1016 1438 1807 1478; baseline 0.013 -14"><span class='ocrx_word' id='word_1_567' title='bbox 1016 1438 1095 1465; x_wconf 87' lang='lat' dir='ltr'><strong>siano</strong></span> <span class='ocrx_word' id='word_1_568' title='bbox 1112 1440 1172 1467; x_wconf 72' lang='lat'><strong>180.</strong></span> <span class='ocrx_word' id='word_1_569' title='bbox 1198 1441 1346 1476; x_wconf 83' lang='lat' dir='ltr'><strong>Imperavit</strong></span> <span class='ocrx_word' id='word_1_570' title='bbox 1368 1442 1450 1477; x_wconf 81' lang='lat' dir='ltr'><strong>igitur</strong></span> <span class='ocrx_word' id='word_1_571' title='bbox 1469 1451 1557 1471; x_wconf 90' lang='lat' dir='ltr'><strong>annos</strong></span> <span class='ocrx_word' id='word_1_572' title='bbox 1579 1444 1682 1473; x_wconf 89' lang='lat' dir='ltr'><strong>solidos</strong></span> <span class='ocrx_word' id='word_1_573' title='bbox 1700 1454 1757 1478; x_wconf 75' lang='lat' dir='ltr'><strong>xxx,</strong></span> <span class='ocrx_word' id='word_1_574' title='bbox 1778 1452 1807 1474; x_wconf 88' lang='lat' dir='ltr'><strong>ct</strong></span> 
     </span>
    </p>
   </div>
   <div class='ocr_carea' id='block_1_79' title="bbox 1015 1484 1283 1520">
    <p class='ocr_par' dir='ltr' id='par_1_79' title="bbox 1015 1484 1283 1520">
     <span class='ocr_line' id='line_1_80' title="bbox 1015 1484 1283 1520; baseline 0.007 -9"><span class='ocrx_word' id='word_1_575' title='bbox 1015 1484 1073 1512; x_wconf 88' lang='lat' dir='ltr'><strong>dics</strong></span> <span class='ocrx_word' id='word_1_576' title='bbox 1092 1491 1222 1520; x_wconf 67' lang='lat' dir='ltr'><strong>prmtcrea</strong></span> <span class='ocrx_word' id='word_1_577' title='bbox 1246 1495 1283 1513; x_wconf 78' lang='grc' dir='ltr'>ιιι.</span> 
     </span>
    </p>
   </div>
   <div class='ocr_carea' id='block_1_80' title="bbox 1051 1529 1808 1570">
    <p class='ocr_par' dir='ltr' id='par_1_80' title="bbox 1051 1529 1808 1570">
     <span class='ocr_line' id='line_1_81' title="bbox 1051 1529 1808 1570; baseline 0.009 -13"><span class='ocrx_word' id='word_1_578' title='bbox 1051 1529 1133 1558; x_wconf 83' lang='grc' dir='ltr'><em>Μετὰ</em></span> <span class='ocrx_word' id='word_1_579' title='bbox 1150 1532 1257 1559; x_wconf 73' lang='grc' dir='ltr'><em>τοῦτον</em></span> <span class='ocrx_word' id='word_1_580' title='bbox 1269 1533 1423 1568; x_wconf 83' lang='grc' dir='ltr'><strong>Κόμμοδος</strong></span> <span class='ocrx_word' id='word_1_581' title='bbox 1441 1534 1546 1569; x_wconf 68' lang='grc' dir='ltr'><em>ἄλλος.</em></span> <span class='ocrx_word' id='word_1_582' title='bbox 1563 1536 1659 1569; x_wconf 76' lang='grc' dir='ltr'>’Ἄλλος</span> <span class='ocrx_word' id='word_1_583' title='bbox 1679 1537 1758 1570; x_wconf 77' lang='lat' dir='ltr'><strong>dixit,</strong></span> <span class='ocrx_word' id='word_1_584' title='bbox 1777 1543 1808 1566; x_wconf 89' lang='lat' dir='ltr'><strong>ut</strong></span> 
     </span>
    </p>
   </div>
   <div class='ocr_carea' id='block_1_81' title="bbox 1016 1577 1806 1617">
    <p class='ocr_par' dir='ltr' id='par_1_81' title="bbox 1016 1577 1806 1617">
     <span class='ocr_line' id='line_1_82' title="bbox 1016 1577 1806 1617; baseline 0.011 -15"><span class='ocrx_word' id='word_1_585' title='bbox 1016 1584 1030 1601; x_wconf 89' lang='lat' dir='ltr'><strong>a</strong></span> <span class='ocrx_word' id='word_1_586' title='bbox 1052 1577 1135 1611; x_wconf 86' lang='lat' dir='ltr'><strong>priori</strong></span> <span class='ocrx_word' id='word_1_587' title='bbox 1158 1578 1336 1610; x_wconf 86' lang='lat' dir='ltr'><strong>discerneret.</strong></span> <span class='ocrx_word' id='word_1_588' title='bbox 1353 1580 1401 1614; x_wconf 91' lang='lat' dir='ltr'><strong>qui</strong></span> <span class='ocrx_word' id='word_1_589' title='bbox 1430 1579 1466 1606; x_wconf 86' lang='grc' dir='ltr'><strong>Μ.</strong></span> <span class='ocrx_word' id='word_1_590' title='bbox 1492 1581 1596 1609; x_wconf 80' lang='lat' dir='ltr'><strong>Aurelii</strong></span> <span class='ocrx_word' id='word_1_591' title='bbox 1617 1583 1720 1617; x_wconf 79' lang='lat' dir='ltr'><strong>collega</strong></span> <span class='ocrx_word' id='word_1_592' title='bbox 1737 1583 1806 1617; x_wconf 88' lang='lat' dir='ltr'><strong>fuit;</strong></span> 
     </span>
    </p>
   </div>
   <div class='ocr_carea' id='block_1_82' title="bbox 1016 1622 1808 1663">
    <p class='ocr_par' dir='ltr' id='par_1_82' title="bbox 1016 1622 1808 1663">
     <span class='ocr_line' id='line_1_83' title="bbox 1016 1622 1808 1663; baseline 0.008 -13"><span class='ocrx_word' id='word_1_593' title='bbox 1016 1622 1068 1650; x_wconf 81' lang='lat' dir='ltr'><strong>sub</strong></span> <span class='ocrx_word' id='word_1_594' title='bbox 1082 1631 1137 1658; x_wconf 90' lang='lat' dir='ltr'><strong>quo</strong></span> <span class='ocrx_word' id='word_1_595' title='bbox 1162 1622 1360 1652; x_wconf 84' lang='lat' dir='ltr'><strong>Thcodotionis</strong></span> <span class='ocrx_word' id='word_1_596' title='bbox 1383 1625 1530 1654; x_wconf 88' lang='lat' dir='ltr'><strong>editionem</strong></span> <span class='ocrx_word' id='word_1_597' title='bbox 1556 1628 1694 1662; x_wconf 88' lang='lat' dir='ltr'><strong>prodiisse</strong></span> <span class='ocrx_word' id='word_1_598' title='bbox 1711 1636 1808 1663; x_wconf 82' lang='lat' dir='ltr'><strong>perpe-</strong></span> 
     </span>
    </p>
   </div>
   <div class='ocr_carea' id='block_1_83' title="bbox 1016 1670 1806 1706">
    <p class='ocr_par' dir='ltr' id='par_1_83' title="bbox 1016 1670 1806 1706">
     <span class='ocr_line' id='line_1_84' title="bbox 1016 1670 1806 1706; baseline 0.008 -11"><span class='ocrx_word' id='word_1_599' title='bbox 1016 1676 1074 1696; x_wconf 87' lang='lat' dir='ltr'><strong>ram</strong></span> <span class='ocrx_word' id='word_1_600' title='bbox 1090 1670 1236 1697; x_wconf 75' lang='lat' dir='ltr'><strong>existimat.</strong></span> <span class='ocrx_word' id='word_1_601' title='bbox 1253 1670 1414 1706; x_wconf 78' lang='lat' dir='ltr'><strong>Xiphitinus</strong></span> <span class='ocrx_word' id='word_1_602' title='bbox 1429 1672 1578 1700; x_wconf 85' lang='lat' dir='ltr'><strong>Commodo</strong></span> <span class='ocrx_word' id='word_1_603' title='bbox 1592 1673 1639 1700; x_wconf 89' lang='lat' dir='ltr'><strong>dat</strong></span> <span class='ocrx_word' id='word_1_604' title='bbox 1656 1682 1744 1701; x_wconf 86' lang='lat' dir='ltr'><strong>annos</strong></span> <span class='ocrx_word' id='word_1_605' title='bbox 1758 1682 1806 1706; x_wconf 85' lang='lat' dir='ltr'><strong>xu,</strong></span> 
     </span>
    </p>
   </div>
   <div class='ocr_carea' id='block_1_84' title="bbox 1016 1715 1806 1753">
    <p class='ocr_par' dir='ltr' id='par_1_84' title="bbox 1016 1715 1806 1753">
     <span class='ocr_line' id='line_1_85' title="bbox 1016 1715 1806 1753; baseline 0.005 -11"><span class='ocrx_word' id='word_1_606' title='bbox 1016 1723 1124 1743; x_wconf 87' lang='lat' dir='ltr'><strong>menses</strong></span> <span class='ocrx_word' id='word_1_607' title='bbox 1140 1723 1178 1746; x_wconf 76' lang='grc' dir='ltr'>ιιι,</span> <span class='ocrx_word' id='word_1_608' title='bbox 1199 1715 1257 1743; x_wconf 83' lang='lat' dir='ltr'><strong>dies</strong></span> <span class='ocrx_word' id='word_1_609' title='bbox 1274 1724 1329 1743; x_wconf 89' lang='lat' dir='ltr'><strong>.\Iv.</strong></span> <span class='ocrx_word' id='word_1_610' title='bbox 1342 1715 1436 1744; x_wconf 86' lang='lat' dir='ltr'><strong>Victor</strong></span> <span class='ocrx_word' id='word_1_611' title='bbox 1450 1723 1477 1744; x_wconf 89' lang='lat' dir='ltr'><strong>ct</strong></span> <span class='ocrx_word' id='word_1_612' title='bbox 1493 1717 1642 1753; x_wconf 85' lang='lat' dir='ltr'><strong>Eutropius</strong></span> <span class='ocrx_word' id='word_1_613' title='bbox 1653 1726 1740 1746; x_wconf 88' lang='lat' dir='ltr'><strong>annos</strong></span> <span class='ocrx_word' id='word_1_614' title='bbox 1756 1726 1806 1751; x_wconf 82' lang='lat' dir='ltr'><strong>xu.</strong></span> 
     </span>
    </p>
   </div>
   <div class='ocr_carea' id='block_1_85' title="bbox 1015 1761 1808 1797">
    <p class='ocr_par' dir='ltr' id='par_1_85' title="bbox 1015 1761 1808 1797">
     <span class='ocr_line' id='line_1_86' title="bbox 1015 1761 1808 1797; baseline 0.006 -11"><span class='ocrx_word' id='word_1_615' title='bbox 1015 1769 1124 1789; x_wconf 82' lang='lat' dir='ltr'><strong>menses</strong></span> <span class='ocrx_word' id='word_1_616' title='bbox 1142 1769 1200 1788; x_wconf 88' lang='lat' dir='ltr'><strong>vm.</strong></span> <span class='ocrx_word' id='word_1_617' title='bbox 1218 1761 1333 1790; x_wconf 78' lang='lat' dir='ltr'><strong>Occisus</strong></span> <span class='ocrx_word' id='word_1_618' title='bbox 1343 1767 1386 1790; x_wconf 89' lang='lat' dir='ltr'><strong>est</strong></span> <span class='ocrx_word' id='word_1_619' title='bbox 1399 1763 1470 1797; x_wconf 89' lang='lat' dir='ltr'><strong>prid.</strong></span> <span class='ocrx_word' id='word_1_620' title='bbox 1486 1763 1547 1791; x_wconf 83' lang='lat' dir='ltr'><strong>Kal.</strong></span> <span class='ocrx_word' id='word_1_621' title='bbox 1567 1763 1641 1797; x_wconf 85' lang='lat' dir='ltr'><strong>Jau.,</strong></span> <span class='ocrx_word' id='word_1_622' title='bbox 1657 1764 1808 1792; x_wconf 89' lang='lat' dir='ltr'><strong>Commodo</strong></span> 
     </span>
    </p>
   </div>
   <div class='ocr_carea' id='block_1_86' title="bbox 1016 1805 1807 1844">
    <p class='ocr_par' dir='ltr' id='par_1_86' title="bbox 1016 1805 1807 1844">
     <span class='ocr_line' id='line_1_87' title="bbox 1016 1805 1807 1844; baseline 0.006 -12"><span class='ocrx_word' id='word_1_623' title='bbox 1016 1805 1061 1832; x_wconf 85' lang='lat' dir='ltr'><strong>Vll</strong></span> <span class='ocrx_word' id='word_1_624' title='bbox 1079 1810 1106 1834; x_wconf 88' lang='lat' dir='ltr'><strong>et</strong></span> <span class='ocrx_word' id='word_1_625' title='bbox 1121 1806 1265 1834; x_wconf 85' lang='lat' dir='ltr'><strong>Perlinace</strong></span> <span class='ocrx_word' id='word_1_626' title='bbox 1285 1815 1370 1840; x_wconf 89' lang='lat' dir='ltr'><strong>coss.,</strong></span> <span class='ocrx_word' id='word_1_627' title='bbox 1391 1816 1463 1835; x_wconf 83' lang='lat' dir='ltr'><strong>anno</strong></span> <span class='ocrx_word' id='word_1_628' title='bbox 1480 1808 1646 1844; x_wconf 87' lang='lat' dir='ltr'><strong>Dionysiauo</strong></span> <span class='ocrx_word' id='word_1_629' title='bbox 1670 1808 1730 1836; x_wconf 78' lang='grc'><strong>192.</strong></span> <span class='ocrx_word' id='word_1_630' title='bbox 1753 1808 1807 1836; x_wconf 88' lang='grc' dir='ltr'>Ιιιι-</span> 
     </span>
    </p>
   </div>
   <div class='ocr_carea' id='block_1_87' title="bbox 1016 1852 1732 1888">
    <p class='ocr_par' dir='ltr' id='par_1_87' title="bbox 1016 1852 1732 1888">
     <span class='ocr_line' id='line_1_88' title="bbox 1016 1852 1732 1888; baseline 0.003 -8"><span class='ocrx_word' id='word_1_631' title='bbox 1016 1852 1121 1886; x_wconf 81' lang='lat' dir='ltr'><strong>peravit</strong></span> <span class='ocrx_word' id='word_1_632' title='bbox 1133 1852 1216 1888; x_wconf 74' lang='lat' dir='ltr'><strong>igitur</strong></span> <span class='ocrx_word' id='word_1_633' title='bbox 1230 1861 1317 1881; x_wconf 89' lang='lat' dir='ltr'><strong>annos</strong></span> <span class='ocrx_word' id='word_1_634' title='bbox 1333 1861 1382 1885; x_wconf 83' lang='lat' dir='ltr'><strong>xu,</strong></span> <span class='ocrx_word' id='word_1_635' title='bbox 1401 1861 1509 1881; x_wconf 88' lang='lat' dir='ltr'><strong>menses</strong></span> <span class='ocrx_word' id='word_1_636' title='bbox 1526 1862 1585 1886; x_wconf 77' lang='lat' dir='ltr'><strong>vnn,</strong></span> <span class='ocrx_word' id='word_1_637' title='bbox 1603 1854 1662 1882; x_wconf 90' lang='lat' dir='ltr'><strong>dies</strong></span> <span class='ocrx_word' id='word_1_638' title='bbox 1677 1863 1732 1882; x_wconf 76' lang='lat' dir='ltr'><strong>xrv.</strong></span> 
     </span>
    </p>
   </div>
   <div class='ocr_carea' id='block_1_88' title="bbox 1051 1899 1807 1934">
    <p class='ocr_par' dir='ltr' id='par_1_88' title="bbox 1051 1899 1807 1934">
     <span class='ocr_line' id='line_1_89' title="bbox 1051 1899 1807 1934; baseline 0.005 -9"><span class='ocrx_word' id='word_1_639' title='bbox 1051 1899 1208 1934; x_wconf 78' lang='grc' dir='ltr'><strong>Κόμμοδον</strong></span> <span class='ocrx_word' id='word_1_640' title='bbox 1227 1899 1335 1927; x_wconf 79' lang='grc' dir='ltr'><strong>τοῦτον</strong></span> <span class='ocrx_word' id='word_1_641' title='bbox 1347 1899 1523 1934; x_wconf 80' lang='grc' dir='ltr'><strong>διαδέχεται.</strong></span> <span class='ocrx_word' id='word_1_642' title='bbox 1544 1900 1653 1928; x_wconf 88' lang='lat' dir='ltr'><strong>Falsum</strong></span> <span class='ocrx_word' id='word_1_643' title='bbox 1669 1905 1711 1929; x_wconf 88' lang='lat' dir='ltr'><strong>est</strong></span> <span class='ocrx_word' id='word_1_644' title='bbox 1728 1909 1807 1929; x_wconf 85' lang='lat' dir='ltr'><strong>men—</strong></span> 
     </span>
    </p>
   </div>
   <div class='ocr_carea' id='block_1_89' title="bbox 1016 1944 1806 1980">
    <p class='ocr_par' dir='ltr' id='par_1_89' title="bbox 1016 1944 1806 1980">
     <span class='ocr_line' id='line_1_90' title="bbox 1016 1944 1806 1980; baseline 0.001 -8"><span class='ocrx_word' id='word_1_645' title='bbox 1016 1952 1060 1972; x_wconf 88' lang='lat' dir='ltr'><strong>ses</strong></span> <span class='ocrx_word' id='word_1_646' title='bbox 1087 1944 1238 1979; x_wconf 85' lang='lat' dir='ltr'><strong>imperasse</strong></span> <span class='ocrx_word' id='word_1_647' title='bbox 1258 1953 1295 1972; x_wconf 84' lang='grc' dir='ltr'><strong>νι.</strong></span> <span class='ocrx_word' id='word_1_648' title='bbox 1322 1944 1421 1980; x_wconf 31' lang='lat' dir='ltr'><strong>Neque,</strong></span> <span class='ocrx_word' id='word_1_649' title='bbox 1438 1945 1511 1972; x_wconf 89' lang='lat' dir='ltr'><strong>enim</strong></span> <span class='ocrx_word' id='word_1_650' title='bbox 1537 1945 1647 1973; x_wconf 86' lang='lat' dir='ltr'><strong>tertium</strong></span> <span class='ocrx_word' id='word_1_651' title='bbox 1674 1945 1806 1980; x_wconf 74' lang='lat' dir='ltr'><strong>implevit.</strong></span> 
     </span>
    </p>
   </div>
   <div class='ocr_carea' id='block_1_90' title="bbox 1017 1988 1807 2023">
    <p class='ocr_par' dir='ltr' id='par_1_90' title="bbox 1017 1988 1807 2023">
     <span class='ocr_line' id='line_1_91' title="bbox 1017 1988 1807 2023; baseline 0.003 -7"><span class='ocrx_word' id='word_1_652' title='bbox 1017 1988 1164 2023; x_wconf 83' lang='lat' dir='ltr'><strong>Eutropius</strong></span> <span class='ocrx_word' id='word_1_653' title='bbox 1184 1989 1244 2017; x_wconf 89' lang='lat' dir='ltr'><strong>dies</strong></span> <span class='ocrx_word' id='word_1_654' title='bbox 1259 1997 1342 2022; x_wconf 78' lang='lat' dir='ltr'><strong>Lux,</strong></span> <span class='ocrx_word' id='word_1_655' title='bbox 1365 1989 1415 2017; x_wconf 91' lang='lat' dir='ltr'><strong>Dio</strong></span> <span class='ocrx_word' id='word_1_656' title='bbox 1433 1997 1543 2017; x_wconf 76' lang='lat' dir='ltr'><strong>Luqu</strong></span> <span class='ocrx_word' id='word_1_657' title='bbox 1558 1998 1565 2017; x_wconf 89' lang='lat'><strong>:</strong></span> <span class='ocrx_word' id='word_1_658' title='bbox 1591 1989 1699 2018; x_wconf 87' lang='lat' dir='ltr'><strong>duobus</strong></span> <span class='ocrx_word' id='word_1_659' title='bbox 1715 1991 1807 2018; x_wconf 88' lang='lat' dir='ltr'><strong>minus</strong></span> 
     </span>
    </p>
   </div>
   <div class='ocr_carea' id='block_1_91' title="bbox 1018 2034 1266 2062">
    <p class='ocr_par' dir='ltr' id='par_1_91' title="bbox 1018 2034 1266 2062">
     <span class='ocr_line' id='line_1_92' title="bbox 1018 2034 1266 2062; baseline 0 0"><span class='ocrx_word' id='word_1_660' title='bbox 1018 2034 1112 2062; x_wconf 89' lang='lat' dir='ltr'><strong>Victor</strong></span> <span class='ocrx_word' id='word_1_661' title='bbox 1130 2034 1266 2062; x_wconf 88' lang='lat' dir='ltr'><strong>attribuit.</strong></span> 
     </span>
    </p>
   </div>
   <div class='ocr_carea' id='block_1_92' title="bbox 169 2080 964 2118">
    <p class='ocr_par' dir='ltr' id='par_1_92' title="bbox 169 2081 962 2118">
     <span class='ocr_line' id='line_1_93' title="bbox 169 2081 962 2118; baseline -0.001 -7"><span class='ocrx_word' id='word_1_662' title='bbox 169 2082 236 2111; x_wconf 68' lang='lat' dir='ltr'><strong>uti:</strong></span> <span class='ocrx_word' id='word_1_663' title='bbox 253 2081 363 2113; x_wconf 63' lang='lat' dir='ltr'><strong>ludat:</strong></span> <span class='ocrx_word' id='word_1_664' title='bbox 386 2090 539 2110; x_wconf 75' lang='lat' dir='ltr'><strong>concessam</strong></span> <span class='ocrx_word' id='word_1_665' title='bbox 553 2102 561 2114; x_wconf 91' lang='lat'><strong>,</strong></span> <span class='ocrx_word' id='word_1_666' title='bbox 586 2091 664 2118; x_wconf 70' lang='lat' dir='ltr'><strong>paena</strong></span> <span class='ocrx_word' id='word_1_667' title='bbox 685 2083 778 2110; x_wconf 82' lang='lat' dir='ltr'><strong>mortis</strong></span> <span class='ocrx_word' id='word_1_668' title='bbox 803 2082 962 2117; x_wconf 73' lang='lat' dir='ltr'><strong>uﬂiciuntur.</strong></span> 
     </span>
    </p>
   </div>
   <div class='ocr_carea' id='block_1_93' title="bbox 1018 2080 1807 2118">
    <p class='ocr_par' dir='ltr' id='par_1_93' title="bbox 1055 2080 1807 2116">
     <span class='ocr_line' id='line_1_94' title="bbox 1055 2080 1807 2116; baseline 0.003 -8"><span class='ocrx_word' id='word_1_669' title='bbox 1055 2081 1167 2109; x_wconf 78' lang='grc' dir='ltr'><strong>Τοῦτον</strong></span> <span class='ocrx_word' id='word_1_670' title='bbox 1194 2081 1361 2116; x_wconf 80' lang='grc' dir='ltr'><strong>διαδέχεται</strong></span> <span class='ocrx_word' id='word_1_671' title='bbox 1385 2080 1519 2116; x_wconf 82' lang='grc' dir='ltr'><strong>Σευῆρος</strong></span> <span class='ocrx_word' id='word_1_672' title='bbox 1539 2081 1644 2114; x_wconf 71' lang='grc' dir='ltr'><em>ἄλλος.</em></span> <span class='ocrx_word' id='word_1_673' title='bbox 1669 2081 1807 2110; x_wconf 76' lang='lat' dir='ltr'><strong>lulianum</strong></span> 
     </span>
    </p>
   </div>
   <div class='ocr_carea' id='block_1_94' title="bbox 170 2125 965 2164">
    <p class='ocr_par' dir='ltr' id='par_1_94' title="bbox 170 2125 965 2164">
     <span class='ocr_line' id='line_1_95' title="bbox 170 2125 965 2164; baseline 0.001 -9"><span class='ocrx_word' id='word_1_674' title='bbox 170 2125 294 2158; x_wconf 76' lang='lat' dir='ltr'><strong>Proinde</strong></span> <span class='ocrx_word' id='word_1_675' title='bbox 310 2126 477 2157; x_wconf 80' lang='lat' dir='ltr'><strong>Samaritaui</strong></span> <span class='ocrx_word' id='word_1_676' title='bbox 493 2133 624 2164; x_wconf 85' lang='lat' dir='ltr'><strong>tauquam</strong></span> <span class='ocrx_word' id='word_1_677' title='bbox 641 2127 733 2156; x_wconf 70' lang='lat' dir='ltr'><strong>sicarii</strong></span> <span class='ocrx_word' id='word_1_678' title='bbox 746 2128 880 2163; x_wconf 81' lang='lat' dir='ltr'><strong>supplicio</strong></span> <span class='ocrx_word' id='word_1_679' title='bbox 897 2129 965 2156; x_wconf 72' lang='lat' dir='ltr'><strong>sub~</strong></span> 
     </span>
    </p>
   </div>
   <div class='ocr_carea' id='block_1_95' title="bbox 160 2171 967 2208">
    <p class='ocr_par' dir='ltr' id='par_1_95' title="bbox 160 2171 967 2208">
     <span class='ocr_line' id='line_1_96' title="bbox 160 2171 967 2208; baseline 0 -8"><span class='ocrx_word' id='word_1_680' title='bbox 160 2171 253 2208; x_wconf 61' lang='lat' dir='ltr'><strong>iacti,</strong></span> <span class='ocrx_word' id='word_1_681' title='bbox 282 2176 315 2201; x_wconf 81' lang='lat' dir='ltr'><strong>ut</strong></span> <span class='ocrx_word' id='word_1_682' title='bbox 339 2176 368 2200; x_wconf 80' lang='lat' dir='ltr'><strong>et</strong></span> <span class='ocrx_word' id='word_1_683' title='bbox 392 2173 510 2201; x_wconf 78' lang='lat' dir='ltr'><strong>marium</strong></span> <span class='ocrx_word' id='word_1_684' title='bbox 540 2177 709 2202; x_wconf 80' lang='lat' dir='ltr'><strong>exsectores.</strong></span> <span class='ocrx_word' id='word_1_685' title='bbox 731 2172 902 2201; x_wconf 81' lang='lat' dir='ltr'><strong>Modeslinus</strong></span> <span class='ocrx_word' id='word_1_686' title='bbox 920 2173 967 2208; x_wconf 86' lang='lat' dir='ltr'><strong>ju-</strong></span> 
     </span>
    </p>
   </div>
   <div class='ocr_carea' id='block_1_96' title="bbox 169 2217 966 2255">
    <p class='ocr_par' dir='ltr' id='par_1_96' title="bbox 169 2217 966 2255">
     <span class='ocr_line' id='line_1_97' title="bbox 169 2217 966 2255; baseline 0.001 -11"><span class='ocrx_word' id='word_1_687' title='bbox 169 2217 312 2254; x_wconf 64' lang='grc' dir='ltr'>ιιιῳιιιιθ</span> <span class='ocrx_word' id='word_1_688' title='bbox 328 2218 524 2246; x_wconf 73' lang='lat' dir='ltr'><strong>Circumciderc</strong></span> <span class='ocrx_word' id='word_1_689' title='bbox 537 2217 642 2246; x_wconf 69' lang='lat' dir='ltr'><strong>Iudicis</strong></span> <span class='ocrx_word' id='word_1_690' title='bbox 649 2218 720 2255; x_wconf 71' lang='lat' dir='ltr'><strong>ﬁlios</strong></span> <span class='ocrx_word' id='word_1_691' title='bbox 732 2227 794 2246; x_wconf 74' lang='lat' dir='ltr'><strong>suos</strong></span> <span class='ocrx_word' id='word_1_692' title='bbox 808 2223 912 2245; x_wconf 84' lang='lat' dir='ltr'><strong>tantum</strong></span> <span class='ocrx_word' id='word_1_693' title='bbox 925 2226 966 2245; x_wconf 79' lang='lat' dir='ltr'><strong>re-</strong></span> 
     </span>
    </p>
   </div>
   <div class='ocr_carea' id='block_1_97' title="bbox 168 2263 966 2301">
    <p class='ocr_par' dir='ltr' id='par_1_97' title="bbox 168 2263 966 2301">
     <span class='ocr_line' id='line_1_98' title="bbox 168 2263 966 2301; baseline -0.003 -9"><span class='ocrx_word' id='word_1_694' title='bbox 168 2263 274 2301; x_wconf 67' lang='grc' dir='ltr'><strong><em>κνεμο</em></strong></span> <span class='ocrx_word' id='word_1_695' title='bbox 281 2263 338 2292; x_wconf 72' lang='lat' dir='ltr'><strong>divi</strong></span> <span class='ocrx_word' id='word_1_696' title='bbox 351 2263 393 2293; x_wconf 80' lang='lat' dir='ltr'><strong>Pii</strong></span> <span class='ocrx_word' id='word_1_697' title='bbox 402 2265 581 2298; x_wconf 71' lang='lat' dir='ltr'><strong>permittitur:</strong></span> <span class='ocrx_word' id='word_1_698' title='bbox 595 2263 620 2290; x_wconf 82' lang='lat' dir='ltr'><strong>ei</strong></span> <span class='ocrx_word' id='word_1_699' title='bbox 635 2273 688 2292; x_wconf 83' lang='lat' dir='ltr'><strong>non</strong></span> <span class='ocrx_word' id='word_1_700' title='bbox 701 2264 818 2300; x_wconf 71' lang='lat' dir='ltr'><strong>ejusdem</strong></span> <span class='ocrx_word' id='word_1_701' title='bbox 831 2264 966 2299; x_wconf 69' lang='lat' dir='ltr'><strong>religioni:</strong></span> 
     </span>
    </p>
   </div>
   <div class='ocr_carea' id='block_1_98' title="bbox 161 2308 964 2346">
    <p class='ocr_par' dir='ltr' id='par_1_98' title="bbox 161 2308 964 2346">
     <span class='ocr_line' id='line_1_99' title="bbox 161 2308 964 2346; baseline -0.002 -8"><span class='ocrx_word' id='word_1_702' title='bbox 161 2308 218 2346; x_wconf 59' lang='grc' dir='ltr'><strong>υἱ</strong></span> <span class='ocrx_word' id='word_1_703' title='bbox 239 2309 291 2337; x_wconf 72' lang='lat' dir='ltr'><strong>hoc</strong></span> <span class='ocrx_word' id='word_1_704' title='bbox 312 2309 423 2346; x_wconf 64' lang='lat' dir='ltr'><strong>quit.</strong></span> <span class='ocrx_word' id='word_1_705' title='bbox 448 2310 594 2338; x_wconf 65' lang='lat' dir='ltr'><strong>taumatia</strong></span> <span class='ocrx_word' id='word_1_706' title='bbox 623 2317 699 2345; x_wconf 63' lang='lat' dir='ltr'><strong>poena</strong></span> <span class='ocrx_word' id='word_1_707' title='bbox 718 2310 864 2345; x_wconf 83' lang='lat' dir='ltr'><strong>irrogatur.</strong></span> <span class='ocrx_word' id='word_1_708' title='bbox 887 2309 964 2343; x_wconf 88' lang='lat' dir='ltr'><strong>Quod</strong></span> 
     </span>
    </p>
   </div>
   <div class='ocr_carea' id='block_1_99' title="bbox 158 2354 967 2391">
    <p class='ocr_par' dir='ltr' id='par_1_99' title="bbox 158 2354 967 2391">
     <span class='ocr_line' id='line_1_100' title="bbox 158 2354 967 2391; baseline -0.001 -8"><span class='ocrx_word' id='word_1_709' title='bbox 158 2357 302 2390; x_wconf 51' lang='grc' dir='ltr'><strong>,θευυο</strong></span> <span class='ocrx_word' id='word_1_710' title='bbox 312 2361 349 2383; x_wconf 76' lang='lat' dir='ltr'><strong>ne</strong></span> <span class='ocrx_word' id='word_1_711' title='bbox 367 2354 483 2384; x_wconf 80' lang='lat' dir='ltr'><strong>medicis</strong></span> <span class='ocrx_word' id='word_1_712' title='bbox 496 2355 608 2391; x_wconf 83' lang='lat' dir='ltr'><strong>quidem</strong></span> <span class='ocrx_word' id='word_1_713' title='bbox 624 2355 665 2384; x_wconf 80' lang='lat' dir='ltr'><strong>fas</strong></span> <span class='ocrx_word' id='word_1_714' title='bbox 681 2359 765 2388; x_wconf 83' lang='lat' dir='ltr'><strong>esset,</strong></span> <span class='ocrx_word' id='word_1_715' title='bbox 779 2355 902 2385; x_wconf 75' lang='lat' dir='ltr'><strong>declarat</strong></span> <span class='ocrx_word' id='word_1_716' title='bbox 918 2354 967 2382; x_wconf 86' lang='lat' dir='ltr'><strong>Ju-</strong></span> 
     </span>
    </p>
   </div>
   <div class='ocr_carea' id='block_1_100' title="bbox 157 2399 966 2437">
    <p class='ocr_par' dir='ltr' id='par_1_100' title="bbox 157 2399 966 2437">
     <span class='ocr_line' id='line_1_101' title="bbox 157 2399 966 2437; baseline -0.004 -8"><span class='ocrx_word' id='word_1_717' title='bbox 157 2399 268 2436; x_wconf 53' lang='grc' dir='ltr'><strong>,μὴν</strong></span> <span class='ocrx_word' id='word_1_718' title='bbox 290 2403 398 2437; x_wconf 66' lang='lat' dir='ltr'><strong>martyr</strong></span> <span class='ocrx_word' id='word_1_719' title='bbox 424 2399 504 2436; x_wconf 79' lang='lat' dir='ltr'><strong>Apol.</strong></span> <span class='ocrx_word' id='word_1_720' title='bbox 520 2400 538 2427; x_wconf 77' lang='lat'><strong>2</strong></span> <span class='ocrx_word' id='word_1_721' title='bbox 565 2400 689 2435; x_wconf 79' lang='lat' dir='ltr'><strong>exemplo</strong></span> <span class='ocrx_word' id='word_1_722' title='bbox 714 2399 881 2431; x_wconf 84' lang='lat' dir='ltr'><strong>Christiani,</strong></span> <span class='ocrx_word' id='word_1_723' title='bbox 907 2399 966 2434; x_wconf 91' lang='lat' dir='ltr'><strong>qui,</strong></span> 
     </span>
    </p>
   </div>
   <div class='ocr_carea' id='block_1_101' title="bbox 159 2439 967 2486">
    <p class='ocr_par' dir='ltr' id='par_1_101' title="bbox 159 2439 967 2486">
     <span class='ocr_line' id='line_1_102' title="bbox 159 2439 967 2486; baseline -0.004 -11"><span class='ocrx_word' id='word_1_724' title='bbox 159 2439 349 2486; x_wconf 46' lang='grc' dir='ltr'><strong>,ἐρρηθη</strong></span> <span class='ocrx_word' id='word_1_725' title='bbox 361 2453 377 2474; x_wconf 82' lang='lat' dir='ltr'><strong>a</strong></span> <span class='ocrx_word' id='word_1_726' title='bbox 396 2445 546 2482; x_wconf 69' lang='lat' dir='ltr'><strong>gentilibus</strong></span> <span class='ocrx_word' id='word_1_727' title='bbox 571 2445 703 2473; x_wconf 83' lang='lat' dir='ltr'><strong>adversus</strong></span> <span class='ocrx_word' id='word_1_728' title='bbox 718 2444 892 2472; x_wconf 87' lang='lat' dir='ltr'><strong>Christianos</strong></span> <span class='ocrx_word' id='word_1_729' title='bbox 903 2453 967 2480; x_wconf 90' lang='lat' dir='ltr'><strong>pro-</strong></span> 
     </span>
    </p>
   </div>
   <div class='ocr_carea' id='block_1_102' title="bbox 162 2483 965 2529">
    <p class='ocr_par' dir='ltr' id='par_1_102' title="bbox 162 2483 965 2529">
     <span class='ocr_line' id='line_1_103' title="bbox 162 2483 965 2529; baseline -0.001 -10"><span class='ocrx_word' id='word_1_730' title='bbox 162 2483 279 2529; x_wconf 47' lang='lat' dir='ltr'><strong>,mi</strong></span> <span class='ocrx_word' id='word_1_731' title='bbox 305 2491 469 2521; x_wconf 74' lang='lat' dir='ltr'><strong>concubitus</strong></span> <span class='ocrx_word' id='word_1_732' title='bbox 499 2490 630 2518; x_wconf 82' lang='lat' dir='ltr'><strong>invidiam</strong></span> <span class='ocrx_word' id='word_1_733' title='bbox 659 2489 817 2524; x_wconf 80' lang='lat' dir='ltr'><strong>refclleret,</strong></span> <span class='ocrx_word' id='word_1_734' title='bbox 844 2490 965 2518; x_wconf 78' lang='lat' dir='ltr'><strong>libellum</strong></span> 
     </span>
    </p>
   </div>
   <div class='ocr_carea' id='block_1_103' title="bbox 172 2531 967 2581">
    <p class='ocr_par' dir='ltr' id='par_1_103' title="bbox 172 2531 967 2581">
     <span class='ocr_line' id='line_1_104' title="bbox 172 2531 967 2581; baseline -0.001 -16"><span class='ocrx_word' id='word_1_735' title='bbox 172 2531 376 2581; x_wconf 52' lang='lat' dir='ltr'><strong>Miclici</strong></span> <span class='ocrx_word' id='word_1_736' title='bbox 393 2537 503 2573; x_wconf 66' lang='lat' dir='ltr'><strong>Egypti</strong></span> <span class='ocrx_word' id='word_1_737' title='bbox 522 2536 662 2573; x_wconf 70' lang='lat' dir='ltr'><strong>praefecto,</strong></span> <span class='ocrx_word' id='word_1_738' title='bbox 683 2543 738 2572; x_wconf 87' lang='lat' dir='ltr'><strong>quo</strong></span> <span class='ocrx_word' id='word_1_739' title='bbox 752 2536 898 2564; x_wconf 81' lang='lat' dir='ltr'><strong>cxsecandi</strong></span> <span class='ocrx_word' id='word_1_740' title='bbox 924 2537 967 2565; x_wconf 90' lang='lat' dir='ltr'><strong>sui</strong></span> 
     </span>
    </p>
   </div>
   <div class='ocr_carea' id='block_1_104' title="bbox 164 2561 967 2619">
    <p class='ocr_par' dir='ltr' id='par_1_104' title="bbox 164 2561 967 2619">
     <span class='ocr_line' id='line_1_105' title="bbox 164 2561 967 2619; baseline -0.011 -3"><span class='ocrx_word' id='word_1_741' title='bbox 314 2561 506 2612; x_wconf 56' lang='grc' dir='ltr'><strong>ῐιὲι-ἒιῖῖᾆῦ</strong></span> <span class='ocrx_word' id='word_1_742' title='bbox 520 2561 967 2619; x_wconf 41' lang='lat' dir='ltr'><strong>uisas:natasse;</strong></span> 
     </span>
    </p>
   </div>
   <div class='ocr_carea' id='block_1_105' title="bbox 264 2674 966 2712">
    <p class='ocr_par' dir='ltr' id='par_1_105' title="bbox 264 2674 966 2712">
     <span class='ocr_line' id='line_1_106' title="bbox 264 2674 966 2712; baseline 0 -7"><span class='ocrx_word' id='word_1_743' title='bbox 264 2678 297 2705; x_wconf 64' lang='grc' dir='ltr'><strong><em>α</em></strong></span> <span class='ocrx_word' id='word_1_744' title='bbox 309 2674 400 2710; x_wconf 60' lang='grc' dir='ltr'>μιηόιί</span> <span class='ocrx_word' id='word_1_745' title='bbox 421 2675 571 2712; x_wconf 76' lang='lat' dir='ltr'><strong>aliquando</strong></span> <span class='ocrx_word' id='word_1_746' title='bbox 588 2677 662 2705; x_wconf 79' lang='lat' dir='ltr'><strong>vetiti</strong></span> <span class='ocrx_word' id='word_1_747' title='bbox 677 2676 803 2706; x_wconf 87' lang='lat' dir='ltr'><strong>mutitare</strong></span> <span class='ocrx_word' id='word_1_748' title='bbox 826 2675 966 2712; x_wconf 73' lang='lat' dir='ltr'><strong>genitalia.</strong></span> 
     </span>
    </p>
   </div>
   <div class='ocr_carea' id='block_1_106' title="bbox 309 2720 966 2760">
    <p class='ocr_par' dir='ltr' id='par_1_106' title="bbox 309 2720 966 2760">
     <span class='ocr_line' id='line_1_107' title="bbox 309 2720 966 2760; baseline -0.002 -11"><span class='ocrx_word' id='word_1_749' title='bbox 309 2720 444 2751; x_wconf 66' lang='lat' dir='ltr'><strong>Adriano:</strong></span> <span class='ocrx_word' id='word_1_750' title='bbox 470 2721 606 2749; x_wconf 69' lang='lat' dir='ltr'><strong>Noverunt</strong></span> <span class='ocrx_word' id='word_1_751' title='bbox 631 2732 663 2752; x_wconf 75' lang='lat' dir='ltr'><strong>ea</strong></span> <span class='ocrx_word' id='word_1_752' title='bbox 697 2727 851 2760; x_wconf 61' lang='lat' dir='ltr'><strong>(amputata</strong></span> <span class='ocrx_word' id='word_1_753' title='bbox 869 2726 893 2748; x_wconf 81' lang='lat' dir='ltr'><strong>et</strong></span> <span class='ocrx_word' id='word_1_754' title='bbox 913 2721 966 2749; x_wconf 78' lang='lat' dir='ltr'><strong>Ju-</strong></span> 
     </span>
    </p>
   </div>
   <div class='ocr_carea' id='block_1_107' title="bbox 168 2620 989 2756">
    <p class='ocr_par' dir='ltr' id='par_1_107' title="bbox 168 2620 989 2756">
     <span class='ocr_line' id='line_1_108' title="bbox 168 2620 989 2756; baseline -0.006 -94"><span class='ocrx_word' id='word_1_755' title='bbox 168 2620 465 2756; x_wconf 66' lang='grc' dir='ltr'><strong>πράττειν</strong></span> <span class='ocrx_word' id='word_1_756' title='bbox 474 2630 642 2667; x_wconf 74' lang='grc' dir='ltr'><strong>ἀπειρῆσθαι</strong></span> <span class='ocrx_word' id='word_1_757' title='bbox 654 2631 678 2658; x_wconf 84' lang='lat' dir='ltr'><strong>ot</strong></span> <span class='ocrx_word' id='word_1_758' title='bbox 692 2631 750 2659; x_wconf 68' lang='grc' dir='ltr'><strong>ἐκεῖ</strong></span> <span class='ocrx_word' id='word_1_759' title='bbox 765 2630 852 2666; x_wconf 73' lang='grc' dir='ltr'><strong>ἰατροὶ</strong></span> <span class='ocrx_word' id='word_1_760' title='bbox 864 2630 965 2665; x_wconf 76' lang='grc' dir='ltr'><strong>ἔλεγον.</strong></span> <span class='ocrx_word' id='word_1_761' title='bbox 981 2657 989 2662; x_wconf 84' lang='grc'><em>,</em></span> 
     </span>
     <span class='ocr_line' id='line_1_109' title="bbox 264 2674 966 2712; baseline 0 -7"><span class='ocrx_word' id='word_1_762' title='bbox 264 2678 297 2705; x_wconf 64' lang='grc' dir='ltr'><strong><em>α</em></strong></span> <span class='ocrx_word' id='word_1_763' title='bbox 309 2674 400 2710; x_wconf 60' lang='grc' dir='ltr'>μιηόιί</span> <span class='ocrx_word' id='word_1_764' title='bbox 421 2675 571 2712; x_wconf 76' lang='lat' dir='ltr'><strong>aliquando</strong></span> <span class='ocrx_word' id='word_1_765' title='bbox 588 2677 662 2705; x_wconf 79' lang='lat' dir='ltr'><strong>vetiti</strong></span> <span class='ocrx_word' id='word_1_766' title='bbox 677 2676 803 2706; x_wconf 87' lang='lat' dir='ltr'><strong>mutitare</strong></span> <span class='ocrx_word' id='word_1_767' title='bbox 826 2675 966 2712; x_wconf 73' lang='lat' dir='ltr'><strong>genitalia.</strong></span> 
     </span>
     <span class='ocr_line' id='line_1_110' title="bbox 231 2720 966 2756; baseline -0.003 -6"><span class='ocrx_word' id='word_1_768' title='bbox 231 2752 234 2753; x_wconf 29' lang='grc' dir='ltr'><em>ν</em></span> <span class='ocrx_word' id='word_1_769' title='bbox 309 2720 444 2751; x_wconf 66' lang='lat' dir='ltr'><strong>Adriano:</strong></span> <span class='ocrx_word' id='word_1_770' title='bbox 470 2721 606 2749; x_wconf 69' lang='lat' dir='ltr'><strong>Noverunt</strong></span> <span class='ocrx_word' id='word_1_771' title='bbox 631 2732 663 2752; x_wconf 75' lang='lat' dir='ltr'><strong>ea</strong></span> <span class='ocrx_word' id='word_1_772' title='bbox 697 2727 851 2756; x_wconf 61' lang='lat' dir='ltr'><strong>(amputata</strong></span> <span class='ocrx_word' id='word_1_773' title='bbox 869 2726 893 2748; x_wconf 81' lang='lat' dir='ltr'><strong>et</strong></span> <span class='ocrx_word' id='word_1_774' title='bbox 913 2721 966 2749; x_wconf 78' lang='lat' dir='ltr'><strong>Ju-</strong></span> 
     </span>
    </p>
   </div>
   <div class='ocr_carea' id='block_1_108' title="bbox 1017 2126 1807 2163">
    <p class='ocr_par' dir='ltr' id='par_1_108' title="bbox 1017 2126 1807 2163">
     <span class='ocr_line' id='line_1_111' title="bbox 1017 2126 1807 2163; baseline 0.001 -9"><span class='ocrx_word' id='word_1_775' title='bbox 1017 2127 1158 2163; x_wconf 64' lang='lat' dir='ltr'><strong>prtcteriit.</strong></span> <span class='ocrx_word' id='word_1_776' title='bbox 1177 2127 1233 2154; x_wconf 92' lang='lat' dir='ltr'><strong>Cur</strong></span> <span class='ocrx_word' id='word_1_777' title='bbox 1248 2131 1339 2156; x_wconf 86' lang='lat' dir='ltr'><strong>autem</strong></span> <span class='ocrx_word' id='word_1_778' title='bbox 1355 2126 1474 2162; x_wconf 83' lang='grc' dir='ltr'><strong>Σευῆρον</strong></span> <span class='ocrx_word' id='word_1_779' title='bbox 1489 2127 1569 2155; x_wconf 76' lang='grc' dir='ltr'><strong>ἄλλον</strong></span> <span class='ocrx_word' id='word_1_780' title='bbox 1590 2132 1679 2161; x_wconf 83' lang='lat' dir='ltr'><strong>vocet,</strong></span> <span class='ocrx_word' id='word_1_781' title='bbox 1695 2136 1807 2156; x_wconf 87' lang='lat' dir='ltr'><strong>causam</strong></span> 
     </span>
    </p>
   </div>
   <div class='ocr_carea' id='block_1_109' title="bbox 1015 2172 1809 2209">
    <p class='ocr_par' dir='ltr' id='par_1_109' title="bbox 1015 2172 1809 2209">
     <span class='ocr_line' id='line_1_112' title="bbox 1015 2172 1809 2209; baseline -0.001 -8"><span class='ocrx_word' id='word_1_782' title='bbox 1015 2173 1203 2209; x_wconf 81' lang='lat' dir='ltr'><strong>exposuimus.</strong></span> <span class='ocrx_word' id='word_1_783' title='bbox 1221 2172 1272 2201; x_wconf 88' lang='lat' dir='ltr'><strong>Dio</strong></span> <span class='ocrx_word' id='word_1_784' title='bbox 1284 2173 1392 2208; x_wconf 91' lang='lat' dir='ltr'><strong>imperii</strong></span> <span class='ocrx_word' id='word_1_785' title='bbox 1406 2178 1513 2208; x_wconf 87' lang='lat' dir='ltr'><strong>tempus</strong></span> <span class='ocrx_word' id='word_1_786' title='bbox 1527 2173 1608 2201; x_wconf 85' lang='lat' dir='ltr'><strong>annis</strong></span> <span class='ocrx_word' id='word_1_787' title='bbox 1624 2181 1691 2206; x_wconf 76' lang='lat' dir='ltr'><strong>xvu,</strong></span> <span class='ocrx_word' id='word_1_788' title='bbox 1707 2174 1809 2201; x_wconf 76' lang='lat' dir='ltr'><strong>mensi-</strong></span> 
     </span>
    </p>
   </div>
   <div class='ocr_carea' id='block_1_110' title="bbox 1016 2217 1808 2253">
    <p class='ocr_par' dir='ltr' id='par_1_110' title="bbox 1016 2217 1808 2253">
     <span class='ocr_line' id='line_1_113' title="bbox 1016 2217 1808 2253; baseline -0.003 -7"><span class='ocrx_word' id='word_1_789' title='bbox 1016 2219 1069 2246; x_wconf 88' lang='lat' dir='ltr'><strong>bus</strong></span> <span class='ocrx_word' id='word_1_790' title='bbox 1076 2226 1135 2249; x_wconf 77' lang='lat' dir='ltr'><strong>vni,</strong></span> <span class='ocrx_word' id='word_1_791' title='bbox 1143 2218 1240 2246; x_wconf 86' lang='lat' dir='ltr'><strong>diebus</strong></span> <span class='ocrx_word' id='word_1_792' title='bbox 1251 2226 1281 2245; x_wconf 89' lang='grc' dir='ltr'><strong>ιιι</strong></span> <span class='ocrx_word' id='word_1_793' title='bbox 1296 2218 1399 2245; x_wconf 86' lang='lat' dir='ltr'><strong>deﬁnit.</strong></span> <span class='ocrx_word' id='word_1_794' title='bbox 1408 2218 1443 2244; x_wconf 76' lang='lat' dir='ltr'><strong>At</strong></span> <span class='ocrx_word' id='word_1_795' title='bbox 1454 2217 1625 2252; x_wconf 87' lang='lat' dir='ltr'><strong>Epiphanius</strong></span> <span class='ocrx_word' id='word_1_796' title='bbox 1636 2217 1687 2245; x_wconf 92' lang='lat' dir='ltr'><strong>hoc</strong></span> <span class='ocrx_word' id='word_1_797' title='bbox 1700 2222 1808 2253; x_wconf 82' lang='lat' dir='ltr'><strong>tempus</strong></span> 
     </span>
    </p>
   </div>
   <div class='ocr_carea' id='block_1_111' title="bbox 1016 2262 1809 2297">
    <p class='ocr_par' dir='ltr' id='par_1_111' title="bbox 1016 2262 1809 2297">
     <span class='ocr_line' id='line_1_114' title="bbox 1016 2262 1809 2297; baseline -0.001 -7"><span class='ocrx_word' id='word_1_798' title='bbox 1016 2270 1078 2290; x_wconf 88' lang='lat' dir='ltr'><strong>cum</strong></span> <span class='ocrx_word' id='word_1_799' title='bbox 1096 2262 1234 2290; x_wconf 77' lang='lat' dir='ltr'><strong>Antonino</strong></span> <span class='ocrx_word' id='word_1_800' title='bbox 1248 2262 1386 2289; x_wconf 82' lang='lat' dir='ltr'><strong>Caraealla</strong></span> <span class='ocrx_word' id='word_1_801' title='bbox 1404 2262 1459 2289; x_wconf 90' lang='lat' dir='ltr'><strong>lilio</strong></span> <span class='ocrx_word' id='word_1_802' title='bbox 1479 2262 1674 2289; x_wconf 84' lang='lat' dir='ltr'><strong>coumtunicat.</strong></span> <span class='ocrx_word' id='word_1_803' title='bbox 1703 2262 1730 2289; x_wconf 92' lang='grc' dir='ltr'><strong>Ιιι</strong></span> <span class='ocrx_word' id='word_1_804' title='bbox 1752 2271 1809 2297; x_wconf 84' lang='lat' dir='ltr'><strong>quo</strong></span> 
     </span>
    </p>
   </div>
   <div class='ocr_carea' id='block_1_112' title="bbox 1017 2306 1809 2346">
    <p class='ocr_par' dir='ltr' id='par_1_112' title="bbox 1017 2306 1809 2346">
     <span class='ocr_line' id='line_1_115' title="bbox 1017 2306 1809 2346; baseline -0.004 -10"><span class='ocrx_word' id='word_1_805' title='bbox 1017 2309 1086 2346; x_wconf 75' lang='lat' dir='ltr'><strong>fugit</strong></span> <span class='ocrx_word' id='word_1_806' title='bbox 1098 2316 1160 2336; x_wconf 87' lang='lat' dir='ltr'><strong>cum</strong></span> <span class='ocrx_word' id='word_1_807' title='bbox 1174 2308 1262 2336; x_wconf 86' lang='lat' dir='ltr'><strong>ratio:</strong></span> <span class='ocrx_word' id='word_1_808' title='bbox 1280 2315 1344 2335; x_wconf 87' lang='lat' dir='ltr'><strong>nam</strong></span> <span class='ocrx_word' id='word_1_809' title='bbox 1360 2307 1500 2335; x_wconf 79' lang='lat' dir='ltr'><strong>Caracatla</strong></span> <span class='ocrx_word' id='word_1_810' title='bbox 1518 2306 1669 2335; x_wconf 82' lang='lat' dir='ltr'><strong>Saturnino</strong></span> <span class='ocrx_word' id='word_1_811' title='bbox 1687 2312 1713 2335; x_wconf 90' lang='lat' dir='ltr'><strong>et</strong></span> <span class='ocrx_word' id='word_1_812' title='bbox 1729 2309 1809 2336; x_wconf 79' lang='lat' dir='ltr'><strong>Gallo</strong></span> 
     </span>
    </p>
   </div>
   <div class='ocr_carea' id='block_1_113' title="bbox 1017 2353 1807 2389">
    <p class='ocr_par' dir='ltr' id='par_1_113' title="bbox 1017 2353 1807 2389">
     <span class='ocr_line' id='line_1_116' title="bbox 1017 2353 1807 2389; baseline 0.001 -7"><span class='ocrx_word' id='word_1_813' title='bbox 1017 2362 1091 2382; x_wconf 86' lang='lat' dir='ltr'><strong>coss.</strong></span> <span class='ocrx_word' id='word_1_814' title='bbox 1107 2354 1247 2389; x_wconf 70' lang='lat' dir='ltr'><strong>Augustus</strong></span> <span class='ocrx_word' id='word_1_815' title='bbox 1265 2361 1281 2380; x_wconf 84' lang='lat' dir='ltr'><strong>a</strong></span> <span class='ocrx_word' id='word_1_816' title='bbox 1303 2353 1383 2381; x_wconf 84' lang='lat' dir='ltr'><strong>Patre</strong></span> <span class='ocrx_word' id='word_1_817' title='bbox 1405 2354 1579 2381; x_wconf 87' lang='lat' dir='ltr'><strong>renuntiatus</strong></span> <span class='ocrx_word' id='word_1_818' title='bbox 1597 2358 1652 2386; x_wconf 86' lang='lat' dir='ltr'><strong>est,</strong></span> <span class='ocrx_word' id='word_1_819' title='bbox 1668 2362 1743 2382; x_wconf 87' lang='lat' dir='ltr'><strong>anno</strong></span> <span class='ocrx_word' id='word_1_820' title='bbox 1756 2354 1807 2383; x_wconf 85' lang='lat' dir='ltr'><strong>Se-</strong></span> 
     </span>
    </p>
   </div>
   <div class='ocr_carea' id='block_1_114' title="bbox 1018 2398 1809 2428">
    <p class='ocr_par' dir='ltr' id='par_1_114' title="bbox 1018 2398 1809 2428">
     <span class='ocr_line' id='line_1_117' title="bbox 1018 2398 1809 2428; baseline 0.001 -2"><span class='ocrx_word' id='word_1_821' title='bbox 1018 2400 1075 2427; x_wconf 85' lang='lat' dir='ltr'><strong>veri</strong></span> <span class='ocrx_word' id='word_1_822' title='bbox 1090 2400 1202 2427; x_wconf 87' lang='lat' dir='ltr'><strong>circiter</strong></span> <span class='ocrx_word' id='word_1_823' title='bbox 1216 2407 1255 2427; x_wconf 79' lang='lat' dir='ltr'><strong>vr.</strong></span> <span class='ocrx_word' id='word_1_824' title='bbox 1276 2398 1402 2427; x_wconf 81' lang='lat' dir='ltr'><strong>Mortuus</strong></span> <span class='ocrx_word' id='word_1_825' title='bbox 1427 2403 1470 2427; x_wconf 87' lang='lat' dir='ltr'><strong>est</strong></span> <span class='ocrx_word' id='word_1_826' title='bbox 1489 2399 1609 2428; x_wconf 76' lang='lat' dir='ltr'><strong>Severus</strong></span> <span class='ocrx_word' id='word_1_827' title='bbox 1631 2399 1767 2428; x_wconf 80' lang='lat' dir='ltr'><strong>Ccntiauo</strong></span> <span class='ocrx_word' id='word_1_828' title='bbox 1781 2405 1809 2428; x_wconf 88' lang='lat' dir='ltr'><strong>et</strong></span> 
     </span>
    </p>
   </div>
   <div class='ocr_carea' id='block_1_115' title="bbox 1018 2445 1490 2479">
    <p class='ocr_par' dir='ltr' id='par_1_115' title="bbox 1018 2445 1490 2479">
     <span class='ocr_line' id='line_1_118' title="bbox 1018 2445 1490 2479; baseline 0 -5"><span class='ocrx_word' id='word_1_829' title='bbox 1018 2445 1102 2474; x_wconf 80' lang='lat' dir='ltr'><strong>Basso</strong></span> <span class='ocrx_word' id='word_1_830' title='bbox 1114 2453 1200 2479; x_wconf 83' lang='lat' dir='ltr'><strong>coss.,</strong></span> <span class='ocrx_word' id='word_1_831' title='bbox 1216 2453 1289 2474; x_wconf 84' lang='lat' dir='ltr'><strong>anno</strong></span> <span class='ocrx_word' id='word_1_832' title='bbox 1307 2445 1410 2474; x_wconf 84' lang='lat' dir='ltr'><strong>Christi</strong></span> <span class='ocrx_word' id='word_1_833' title='bbox 1427 2445 1490 2474; x_wconf 74' lang='lat' dir='ltr'><strong>2H.</strong></span> 
     </span>
    </p>
   </div>
   <div class='ocr_carea' id='block_1_116' title="bbox 1056 2490 1809 2526">
    <p class='ocr_par' dir='ltr' id='par_1_116' title="bbox 1056 2490 1809 2526">
     <span class='ocr_line' id='line_1_119' title="bbox 1056 2490 1809 2526; baseline -0.003 -6"><span class='ocrx_word' id='word_1_834' title='bbox 1056 2492 1298 2526; x_wconf 71' lang='grc' dir='ltr'><strong>Τελευτήσαντος</strong></span> <span class='ocrx_word' id='word_1_835' title='bbox 1315 2491 1350 2518; x_wconf 79' lang='grc' dir='ltr'><strong>δὲ</strong></span> <span class='ocrx_word' id='word_1_836' title='bbox 1365 2490 1510 2526; x_wconf 75' lang='grc' dir='ltr'><strong>Σευῆρον.</strong></span> <span class='ocrx_word' id='word_1_837' title='bbox 1529 2490 1649 2520; x_wconf 83' lang='lat' dir='ltr'><strong>Severus</strong></span> <span class='ocrx_word' id='word_1_838' title='bbox 1670 2491 1741 2519; x_wconf 90' lang='lat' dir='ltr'><strong>duos</strong></span> <span class='ocrx_word' id='word_1_839' title='bbox 1757 2492 1809 2519; x_wconf 88' lang='lat' dir='ltr'><strong>ha-</strong></span> 
     </span>
    </p>
   </div>
   <div class='ocr_carea' id='block_1_117' title="bbox 1018 2537 1810 2566">
    <p class='ocr_par' dir='ltr' id='par_1_117' title="bbox 1018 2537 1810 2566">
     <span class='ocr_line' id='line_1_120' title="bbox 1018 2537 1810 2566; baseline 0 -1"><span class='ocrx_word' id='word_1_840' title='bbox 1018 2538 1078 2565; x_wconf 91' lang='lat' dir='ltr'><strong>buit</strong></span> <span class='ocrx_word' id='word_1_841' title='bbox 1091 2537 1162 2565; x_wconf 79' lang='lat' dir='ltr'><strong>ﬁlios</strong></span> <span class='ocrx_word' id='word_1_842' title='bbox 1174 2547 1181 2566; x_wconf 86' lang='lat'><strong>:</strong></span> <span class='ocrx_word' id='word_1_843' title='bbox 1195 2537 1364 2566; x_wconf 78' lang='lat' dir='ltr'><strong>Antoninum</strong></span> <span class='ocrx_word' id='word_1_844' title='bbox 1383 2538 1552 2566; x_wconf 75' lang='lat' dir='ltr'><strong>Car-acallam</strong></span> <span class='ocrx_word' id='word_1_845' title='bbox 1571 2542 1599 2566; x_wconf 88' lang='lat' dir='ltr'><strong>et</strong></span> <span class='ocrx_word' id='word_1_846' title='bbox 1627 2537 1734 2566; x_wconf 86' lang='lat' dir='ltr'><strong>Getam.</strong></span> <span class='ocrx_word' id='word_1_847' title='bbox 1751 2537 1810 2566; x_wconf 86' lang='lat' dir='ltr'><strong>llo-</strong></span> 
     </span>
    </p>
   </div>
   <div class='ocr_carea' id='block_1_118' title="bbox 1017 2583 1811 2620">
    <p class='ocr_par' dir='ltr' id='par_1_118' title="bbox 1017 2583 1811 2620">
     <span class='ocr_line' id='line_1_121' title="bbox 1017 2583 1811 2620; baseline 0.003 -11"><span class='ocrx_word' id='word_1_848' title='bbox 1017 2591 1079 2610; x_wconf 85' lang='lat' dir='ltr'><strong>rnm</strong></span> <span class='ocrx_word' id='word_1_849' title='bbox 1098 2583 1218 2619; x_wconf 82' lang='lat' dir='ltr'><strong>priorem</strong></span> <span class='ocrx_word' id='word_1_850' title='bbox 1230 2591 1293 2615; x_wconf 87' lang='lat' dir='ltr'><strong>cum</strong></span> <span class='ocrx_word' id='word_1_851' title='bbox 1308 2588 1386 2619; x_wconf 78' lang='lat' dir='ltr'><strong>patre</strong></span> <span class='ocrx_word' id='word_1_852' title='bbox 1400 2591 1466 2611; x_wconf 80' lang='lat' dir='ltr'><strong>mu</strong></span> <span class='ocrx_word' id='word_1_853' title='bbox 1478 2592 1566 2612; x_wconf 81' lang='lat' dir='ltr'><strong>annos</strong></span> <span class='ocrx_word' id='word_1_854' title='bbox 1580 2585 1706 2620; x_wconf 78' lang='lat' dir='ltr'><strong>explesse</strong></span> <span class='ocrx_word' id='word_1_855' title='bbox 1720 2584 1811 2612; x_wconf 85' lang='lat' dir='ltr'><strong>credit</strong></span> 
     </span>
    </p>
   </div>
   <div class='ocr_carea' id='block_1_119' title="bbox 1018 2629 1811 2664">
    <p class='ocr_par' dir='ltr' id='par_1_119' title="bbox 1018 2629 1811 2664">
     <span class='ocr_line' id='line_1_122' title="bbox 1018 2629 1811 2664; baseline 0 -8"><span class='ocrx_word' id='word_1_856' title='bbox 1018 2629 1207 2664; x_wconf 82' lang='lat' dir='ltr'><strong>Epiphanius;</strong></span> <span class='ocrx_word' id='word_1_857' title='bbox 1228 2629 1345 2657; x_wconf 84' lang='lat' dir='ltr'><strong>alterum</strong></span> <span class='ocrx_word' id='word_1_858' title='bbox 1370 2629 1504 2658; x_wconf 82' lang='lat' dir='ltr'><strong>ambobus</strong></span> <span class='ocrx_word' id='word_1_859' title='bbox 1530 2631 1707 2658; x_wconf 84' lang='lat' dir='ltr'><strong>successisse.</strong></span> <span class='ocrx_word' id='word_1_860' title='bbox 1728 2630 1811 2663; x_wconf 86' lang='lat' dir='ltr'><strong>Quod</strong></span> 
     </span>
    </p>
   </div>
   <div class='ocr_carea' id='block_1_120' title="bbox 1018 2675 1811 2712">
    <p class='ocr_par' dir='ltr' id='par_1_120' title="bbox 1018 2675 1811 2712">
     <span class='ocr_line' id='line_1_123' title="bbox 1018 2675 1811 2712; baseline -0.003 -9"><span class='ocrx_word' id='word_1_861' title='bbox 1018 2679 1061 2703; x_wconf 86' lang='lat' dir='ltr'><strong>est</strong></span> <span class='ocrx_word' id='word_1_862' title='bbox 1077 2675 1258 2703; x_wconf 81' lang='lat' dir='ltr'><strong>falsissimum</strong></span> <span class='ocrx_word' id='word_1_863' title='bbox 1271 2683 1278 2702; x_wconf 92' lang='lat'>:</span> <span class='ocrx_word' id='word_1_864' title='bbox 1291 2683 1355 2704; x_wconf 86' lang='lat' dir='ltr'><strong>nam</strong></span> <span class='ocrx_word' id='word_1_865' title='bbox 1366 2683 1455 2712; x_wconf 85' lang='lat' dir='ltr'><strong>neque</strong></span> <span class='ocrx_word' id='word_1_866' title='bbox 1465 2676 1532 2704; x_wconf 84' lang='lat' dir='ltr'><strong>Cela</strong></span> <span class='ocrx_word' id='word_1_867' title='bbox 1545 2676 1692 2705; x_wconf 64' lang='lat' dir='ltr'><strong>Caraeatla</strong></span> <span class='ocrx_word' id='word_1_868' title='bbox 1706 2683 1811 2704; x_wconf 80' lang='lat' dir='ltr'><strong>nomen</strong></span> 
     </span>
    </p>
   </div>
   <div class='ocr_carea' id='block_1_121' title="bbox 1020 2721 1811 2759">
    <p class='ocr_par' dir='ltr' id='par_1_121' title="bbox 1020 2721 1811 2759">
     <span class='ocr_line' id='line_1_124' title="bbox 1020 2721 1811 2759; baseline -0.001 -11"><span class='ocrx_word' id='word_1_869' title='bbox 1020 2722 1127 2756; x_wconf 88' lang='lat' dir='ltr'><strong>habuit,</strong></span> <span class='ocrx_word' id='word_1_870' title='bbox 1142 2725 1170 2750; x_wconf 89' lang='lat' dir='ltr'><strong>et</strong></span> <span class='ocrx_word' id='word_1_871' title='bbox 1189 2722 1275 2751; x_wconf 84' lang='lat' dir='ltr'><strong>altero</strong></span> <span class='ocrx_word' id='word_1_872' title='bbox 1289 2723 1445 2759; x_wconf 67' lang='lat' dir='ltr'><strong>anno&#39;post</strong></span> <span class='ocrx_word' id='word_1_873' title='bbox 1458 2724 1547 2759; x_wconf 80' lang='lat' dir='ltr'><strong>patris</strong></span> <span class='ocrx_word' id='word_1_874' title='bbox 1566 2723 1673 2751; x_wconf 87' lang='lat' dir='ltr'><strong>obitum</strong></span> <span class='ocrx_word' id='word_1_875' title='bbox 1687 2730 1703 2750; x_wconf 63' lang='grc' dir='ltr'>δ</span> <span class='ocrx_word' id='word_1_876' title='bbox 1723 2721 1811 2748; x_wconf 79' lang='lat' dir='ltr'><strong>fratre</strong></span> 
     </span>
    </p>
   </div>
   <div class='ocr_carea' id='block_1_122' title="bbox 1970 24 2014 2307">
    <p class='ocr_par' dir='ltr' id='par_1_122' title="bbox 1974 28 2014 2303">
     <span class='ocr_line' id='line_1_125' title="bbox 1980 1289 1982 1301; baseline 0 0"><span class='ocrx_word' id='word_1_877' title='bbox 1980 1289 1982 1301; x_wconf 94' lang='lat' dir='ltr'>I</span> 
     </span>
     <span class='ocr_line' id='line_1_126' title="bbox 1974 28 2014 2303; baseline 0 0"><span class='ocrx_word' id='word_1_878' title='bbox 1974 28 2014 2303; x_wconf 52' lang='grc' dir='ltr'><em>ἶ</em></span> 
     </span>
     <span class='ocr_line' id='line_1_127' title="bbox 1978 1479 1979 1491; baseline 0 0"><span class='ocrx_word' id='word_1_879' title='bbox 1978 1479 1979 1491; x_wconf 76' lang='lat' dir='ltr'><strong>l</strong></span> 
     </span>
     <span class='ocr_line' id='line_1_128' title="bbox 1978 1524 1980 1535; baseline 0 0"><span class='ocrx_word' id='word_1_880' title='bbox 1978 1524 1980 1535; x_wconf 62' lang='grc' dir='ltr'><strong>ι</strong></span> 
     </span>
     <span class='ocr_line' id='line_1_129' title="bbox 1976 1841 1979 1853; baseline 0 0"><span class='ocrx_word' id='word_1_881' title='bbox 1976 1841 1979 1853; x_wconf 78' lang='lat' dir='ltr'><strong>l</strong></span> 
     </span>
     <span class='ocr_line' id='line_1_130' title="bbox 1986 2214 1988 2224; baseline 0 0"><span class='ocrx_word' id='word_1_882' title='bbox 1986 2214 1988 2224; x_wconf 62' lang='grc' dir='ltr'><strong>ι</strong></span> 
     </span>
    </p>
   </div>
  </div>
