4028 6220
386 270 409 321 ξ

404 269 491 322 ὣς)
1521 244 1867 300 APPENDIX
1912 244 2543 305 DISSERTATIONUM.

3544 249 3642 304 560

383 376 613 423 necatus
634 371 739 422 est.
772 362 1053 421 Caracalla
1090 375 1241 426 vero,
1273 359 1443 412 Dione
1474 364 1633 418 teste,
1671 356 1961 425 Imperavit
1992 360 2035 416 A
2069 356 2201 411 1001
2233 359 2301 413 ab
2325 359 2470 414 Urbe
2493 359 2733 425 condita,
2789 358 3041 429 Philippo
3075 357 3141 413 lll
3175 368 3228 413 et
3261 357 3514 429 Philippo
3539 358 3642 415 lilio

382 473 558 513 annos
583 473 655 518 νι,
694 472 910 512 menses
950 470 1010 518 ιι,
1042 466 1163 506 cum
1194 448 1385 503 diebus
1412 463 1464 501 γ.
1507 446 1655 501 Obiit
1682 446 1958 501 Prteseutc

377 560 434 602 et
468 546 744 602 Extricato
777 562 945 608 coss.,
983 556 1125 595 anno
1162 539 1495 610 Dionysiano
1524 539 1649 594 217.

462 640 566 693 Ἐν
592 638 659 690 δὲ
688 636 766 700 τῷ
795 636 1018 702 ἑϐδόμῳ
1046 630 1251 685 αὑτοῦ.
1273 630 1408 686 Vide
1438 630 1732 686 Eusebium
1753 632 1850 686 lib.
1878 647 1952 686 rt.

380 728 666 782 Athanasii
709 727 979 792 interpres
1014 720 1192 784 πίθοις
1227 720 1508 791 proprium
1539 721 1724 791 oppidi
1754 736 1953 776 nomen

379 834 501 875 esse
540 816 790 869 credidit.

454 909 563 961 Τὸν
573 906 639 959 δὲ
652 904 1052 971 Καράκαλλον
1064 902 1420 971 διαδέχεται.
1443 902 1763 968 Macrinum,
1789 919 1949 974 quem

379 1002 434 1055 in
466 1000 732 1053 Ancorato
758 1004 1036 1066 posuerat,
1064 996 1152 1051 hic
1184 997 1387 1050 omisit.
1420 997 1520 1061 Qui
1554 1003 1677 1066 post
1705 996 1953 1050 Caraeal-

377 1094 484 1145 lam
512 1089 795 1158 imperavit
825 1102 1027 1139 annum
1059 1101 1097 1151 ι,
1127 1100 1344 1139 menses
1371 1084 1483 1139 fere
1517 1101 1575 1139 ιι.
1610 1086 1765 1137 Hunc
1790 1098 1950 1153 pseu-

377 1181 788 1237 tto-Antoninus
839 1178 1175 1250 Alagabalus
1232 1178 1463 1246 excepit.
1512 1175 1611 1230 Cui
1675 1190 1849 1229 annos
1899 1190 1950 1229 tv

378 1273 569 1330 tribuit
607 1272 902 1336 Eusebius;
944 1269 1238 1339 Eutropius
1267 1283 1441 1324 annos
1474 1284 1534 1330 ιι,
1578 1283 1793 1321 menses
1820 1282 1947 1331 rm;

378 1366 566 1420 Victor
598 1363 649 1416 in
685 1360 989 1417 Cwsaribus
1026 1375 1240 1415 menses
1263 1376 1411 1425 xxx;
1459 1359 1514 1412 in
1551 1358 1792 1427 Epitome
1826 1357 1951 1411 toti-

375 1459 497 1513 dem
551 1463 684 1525 quot
741 1453 1055 1523 Eutropius.
1124 1451 1235 1507 Sed
1285 1461 1337 1505 et
1388 1448 1737 1519 Lampridius
1784 1462 1951 1517 prope

376 1546 613 1601 triennio
653 1544 803 1597 illum
856 1542 1158 1611 imperasse
1203 1538 1416 1593 scribit.
1453 1534 1711 1591 Omnium
1760 1535 1951 1604 largis-

378 1640 513 1694 sime
546 1636 886 1691 Herodianus
920 1651 968 1687 rt
1002 1647 1175 1686 annos
1196 1632 1458 1702 assignat.

2062 442 2104 495 ll
2135 460 2307 509 coss.,
2336 461 2443 498 non
2477 445 2773 501 [Emiliano
2800 454 2853 500 et
2870 447 3130 517 Aquilino
3164 462 3337 510 coss.,
3367 458 3425 500 ut
3455 449 3644 503 scribit

2060 532 2309 587 Cassiod.
2360 534 2551 589 Aunus
2590 536 2679 590 ille
2708 543 2792 590 est
2843 536 3049 591 Christi
3088 536 3216 601 248,
3272 552 3383 590 non
3419 536 3551 601 249,
3593 549 3651 591 ut

2059 633 2141 677 est
2182 624 2233 676 in
2268 625 2584 679 Annalibus.

2133 711 2233 765 Ubi
2285 712 2576 781 dupliciter
2619 722 2894 785 peccatur.
2942 715 3127 770 Primo
3166 715 3310 786 quod
3358 715 3655 771 millesimo

2059 803 2180 872 ipso
2214 804 2429 860 labente
2474 808 2765 861 saeculares
2813 806 2925 860 ludi
2966 807 3245 861 commissi
3300 805 3653 874 refcrantur;

2059 892 2307 964 Philippo
2353 901 2506 964 patre
2558 894 2600 948 ll
2650 903 2701 949 et
2762 896 2872 950 tilio
2919 897 2939 948 Ι
2991 910 3139 951 coss.
3194 910 3318 948 cum
3358 896 3659 950 millesimo

2051 978 2163 1045 jam
2208 983 2442 1052 expleto,
2497 985 2599 1039 hoc
2643 994 2728 1040 est
2778 986 2910 1039 1001
2968 986 3213 1051 ineunte,
3244 988 3449 1055 peracti
3508 988 3658 1053 sint;

2055 1072 2302 1143 Philippo
2329 1083 2480 1143 patre
2503 1074 2569 1128 lll
2591 1085 2644 1131 et
2671 1076 2780 1130 lilio
2810 1075 2852 1129 ll
2883 1092 3053 1142 coss.,
3097 1077 3171 1130 uti
3201 1086 3406 1132 veteres
3439 1079 3659 1131 nummi

2057 1164 2214 1218 ﬁdem
2250 1166 2474 1231 faciunt,
2506 1183 2647 1236 quos
2690 1165 2979 1232 Onulrius,
3029 1169 3241 1237 ipsique
3282 1169 3442 1235 adeo,
3500 1170 3657 1239 quod

2054 1257 2251 1311 mirutn
2282 1266 2400 1324 est,
2431 1260 2660 1313 Annales
2694 1270 3107 1330 repraesentant.
3160 1261 3360 1315 Deinde
3402 1262 3559 1330 quod
3599 1263 3663 1315 il-

2055 1349 2162 1401 lum
2196 1348 2372 1418 ipsum
2406 1350 2557 1405 urbis
2584 1350 2933 1406 millesimum
2974 1367 3098 1405 cum
3132 1366 3275 1406 anno
3310 1352 3521 1408 Christi
3552 1354 3661 1409 249

2054 1454 2383 1495 concurrere
2413 1450 2625 1511 putant.
2665 1442 2875 1496 Etenim
2908 1444 2952 1497 si
2992 1442 3059 1496 de
3087 1444 3245 1497 annis
3285 1444 3494 1498 Christi
3537 1443 3662 1499 DiO‘

2055 1530 2299 1600 nysianis
2331 1548 2511 1587 sermo
2551 1533 2642 1597 sit,
2680 1542 2739 1587 ut
2770 1542 2855 1587 est
2886 1550 3102 1598 revera,
3139 1536 3339 1589 usitato
3373 1536 3469 1589 illo
3501 1536 3659 1591 bien-

2056 1621 2129 1674 nii
2183 1622 2640 1675 metacltronismo
2704 1622 2945 1676 rationes
3017 1624 3367 1677 conturbant.
3435 1624 3664 1693 Quippe

447 1727 606 1781 Μετὰ
645 1725 856 1778 τοῦτον
897 1720 1296 1777 ἐϐασίλευσεν
1312 1693 1750 1786 νἰινιέξανδρος.
1784 1716 1945 1771 Occl-

2062 1726 2238 1765 annus
2274 1711 2437 1766 Urbis
2476 1713 2820 1776 millesimus,
2873 1728 2938 1767 ex
2982 1712 3317 1767 Varroniana
3362 1722 3666 1782 computa-

376 1834 471 1872 sus
502 1825 583 1870 est
614 1832 663 1868 ιί
696 1814 770 1867 ld.
802 1814 961 1867 Mart.
998 1827 1028 1865 a
1063 1812 1328 1865 militibus
1351 1810 1697 1880 Alagabalus,
1730 1810 1847 1878 ipso
1874 1807 1947 1861 IV

375 1918 429 1963 ct
462 1906 772 1961 Alexandro
819 1905 1035 1959 Carsare
1065 1918 1212 1957 coss.
1243 1901 1355 1957 Nec
1402 1901 1469 1955 de
1515 1916 1658 1954 anno
1708 1899 1948 1953 dubitari

377 2008 573 2070 potest.
602 1996 700 2052 Est
733 1997 878 2052 enim
908 1996 1109 2066 insigni
1139 1994 1454 2048 charactere
1478 1992 1678 2047 nobilis
1713 2011 1724 2045 :
1758 2007 1951 2061 nempe

376 2090 521 2162 quod
558 2104 703 2143 anno
739 2088 917 2158 primo
963 2084 1281 2150 Alexandri,
1314 2092 1375 2137 ut
1423 2092 1654 2138 testatur
1692 2082 1951 2153 llippoly-

374 2195 463 2237 ms
502 2181 557 2235 in
599 2180 816 2233 Canone
862 2174 1138 2241 Pasch'ali,
1166 2173 1381 2229 decima
1428 2180 1622 2242 quarta
1673 2170 1951 2225 Paschalis

373 2274 600 2343 contigit
631 2272 704 2327 Id.
735 2270 865 2339 Apr.
904 2268 1183 2323 Sabbato:
1218 2265 1443 2338 proinde
1498 2265 1652 2334 cyclo
1690 2266 1823 2318 solis
1850 2278 1946 2325 vu,

375 2369 518 2417 lunze
556 2379 666 2426 xw,
711 2376 857 2413 anno
892 2359 1100 2413 Christi
1140 2356 1475 2426 Dionysiano
1504 2355 1631 2416 222,
1676 2354 1757 2405 lit.
1793 2352 1947 2406 Dom.

375 2455 436 2507 F.
505 2453 768 2507 Onufrius
791 2451 936 2502 hunc
960 2464 1160 2501 annum
1192 2446 1399 2499 Christi
1432 2445 1557 2496 facit
1584 2443 1708 2504 223,
1735 2451 1952 2511 propter

374 2545 726 2611 anticipatam
757 2554 866 2595 uno
906 2553 1051 2591 anno
1098 2534 1483 2604 Dionysiauam
1518 2535 1818 2602 epoeham;
1850 2546 1952 2584 cre-

375 2637 477 2690 teri
516 2634 642 2687 224.
679 2633 923 2697 Quorum
963 2626 1465 2683 metachrouismus
1504 2641 1569 2678 ex
1606 2624 1708 2677 hoc
1759 2623 1952 2678 chara-

375 2737 522 2783 ctere
550 2724 927 2796 deprehensus
966 2720 1381 2790 castigationem
1417 2726 1677 2772 meretur.
1714 2717 1953 2785 Impera-

376 2819 453 2872 vit
482 2815 792 2872 Alexander
832 2828 1007 2868 annos
1044 2826 1168 2875 xm,
1200 2810 1319 2865 dies
1348 2827 1423 2877 ιιι,
1464 2812 1535 2863 ait
1574 2808 1950 2879 Lampridius;

376 2909 705 2979 astipulatur
773 2912 827 2961 et
879 2902 1211 2972 Eutropius,
1262 2915 1475 2955 necnon
1545 2899 1747 2954 Victor.
1800 2897 1952 2952 Unus

2061 1805 2228 1867 tione,
2254 1819 2415 1874 quam
2450 1805 2680 1859 Annales
2716 1814 3043 1875 sequuntur,
3072 1806 3329 1861 convenit
3351 1822 3477 1860 cum
3508 1819 3665 1861 anno

2055 1897 2257 1954 Christi
2300 1898 2630 1970 Dionysiano
2666 1900 2792 1953 247.
2828 1898 2984 1965 Quod
3022 1915 3087 1953 ex
3120 1900 3207 1961 iis,
3241 1914 3363 1969 quae
3409 1899 3665 1967 sparsim

2055 1989 2109 2042 in
2154 1990 2237 2043 his
2269 1990 2825 2045 Animadversionibus
2871 1998 3127 2045 annotata
3164 2000 3313 2055 sunt,
3347 1990 3665 2045 manifesto

2054 2085 2268 2133 constat
2296 2097 2309 2132 :
2338 2090 2498 2148 atque
2547 2080 2687 2135 inter
2728 2081 2832 2135 alia
2863 2097 2929 2135 ex
2976 2082 3192 2151 egregio
3226 2081 3318 2135 illo
3351 2080 3661 2135 Ceusorini

2055 2167 2174 2220 loco
2200 2182 2321 2239 pag.
2353 2168 2442 2233 47,
2474 2170 2563 2223 ubi
2595 2184 2795 2223 annmn
2826 2170 2998 2233 illum,
3038 2186 3146 2240 quo
3182 2169 3373 2240 Ulpius
3401 2180 3458 2224 et
3497 2168 3663 2223 Pon-

2055 2267 2215 2312 tanus
2258 2274 2406 2314 coss.
2451 2261 2798 2323 exstiterunt,
2849 2276 2957 2330 quo
2990 2262 3058 2315 ab
3096 2260 3414 2332 Olympiade
3471 2261 3666 2331 prima

2056 2351 2378 2405 millesimus
2405 2360 2458 2405 et
2487 2352 2964 2419 quartusdecimus
2995 2368 3060 2407 ex
3093 2354 3286 2407 diebus
3316 2354 3530 2408 aestivis
3572 2356 3666 2408 in-

2054 2443 2281 2496 choatus
2312 2449 2418 2507 est,
2448 2440 2617 2498 fuisse
2651 2443 2844 2497 scribit
2873 2444 2939 2496 ab
2972 2442 3117 2497 Urbe
3143 2444 3363 2498 condita
3402 2458 3665 2513 nongen-

2054 2534 2308 2587 tesimum
2346 2534 2761 2602 nonagesimum
2792 2536 3023 2603 primum
3051 2551 3115 2590 ex
3148 2534 3453 2597 Parilibus;
3480 2534 3667 2590 Julia-

2055 2640 2185 2678 nmn
2214 2640 2344 2679 vero
2368 2624 2493 2678 283.
2520 2624 2637 2679 Non
2672 2633 2848 2696 potest
2868 2628 2915 2680 is
2946 2626 3087 2680 alius
3119 2641 3295 2680 annus
3313 2641 3460 2688 esse,
3483 2641 3665 2694 quam

2053 2716 2157 2791 238
2208 2716 2595 2787 Ilionysianus,
2637 2717 2792 2787 cyclo
2837 2718 2979 2770 luna:
3020 2731 3093 2781 χι,
3131 2717 3264 2770 solis
3295 2731 3451 2781 xxnt,
3489 2726 3555 2769 ut
3593 2731 3665 2770 ex

2054 2806 2459 2878 Olympiadum,
2484 2805 2848 2869 Julianorum,
2879 2806 3415 2861 Nabonassareorum
3448 2821 3514 2859 ac
3541 2822 3665 2861 cae-

2055 2906 2293 2952 terorum
2350 2913 2615 2952 annorum
2672 2898 3077 2966 comparatione
3128 2897 3424 2965 Colligitur.
3477 2894 3667 2965 Igitur

378 3000 719 3055 Herodianus
755 3011 930 3051 annos
970 3010 1061 3048 xiv
1096 2993 1374 3061 assignat;
1418 2990 1563 3060 quod
1604 2990 1815 3044 scilicet
1860 3002 1953 3041 xlv
1983 3017 2026 3077 ο
2058 3005 2179 3043 cum
2218 3004 2393 3044 anuus
2426 2986 2590 3044 Urbis
2634 2990 2732 3043 991
2773 2992 2981 3060 cyclum
3017 2989 3213 3042 habeat
3241 2988 3381 3041 luna:
3423 3004 3502 3050 xt,
3544 2990 3668 3058 pri-

374 3094 483 3161 jam
515 3089 795 3145 numerari
823 3096 1032 3156 cceptus
1066 3093 1233 3139 esset.
1264 3081 1411 3135 Obiit
1442 3082 1608 3152 igitur
1629 3096 1774 3134 anno
1794 3080 1955 3134 Chri-

378 3184 446 3236 sti
476 3182 602 3244 235,
635 3180 839 3234 Severo
868 3188 920 3230 et
948 3174 1245 3240 Quintiano
1276 3187 1422 3226 coss.

458 3273 558 3324 Ἐν
586 3268 911 3323 Νικοπόλει
941 3264 1017 3333 τῇ
1043 3263 1193 3331 πρὸς
1230 3264 1452 3328 Ἀκτίςι.
1484 3261 1776 3331 Perperam
1811 3259 1952 3328 apud

378 3363 574 3414 Athan.
617 3361 681 3429 τῇ
716 3358 853 3428 πρὸς
890 3356 1158 3427 ἀρκτίοις.
1191 3354 1343 3408 Unde
1374 3354 1643 3421 interpres
1673 3349 1956 3415 :Nicopoli

378 3448 796 3517 septentrionali.
820 3445 952 3515 Leg.
982 3446 1048 3515 τῇ
1082 3443 1218 3514 πρὸς
1257 3442 1447 3512 Ἀκτῐᾳ
1473 3442 1555 3496 vel
1592 3441 1809 3510 Ἀκτίῳ.

445 3540 607 3593 Μετὰ
649 3537 867 3593 τοῦτον
901 3534 1240 3600 βασιλεύει,
1278 3532 1608 3585 Maximinus
1657 3529 1953 3583 triennium

376 3644 499 3681 cum
533 3626 728 3679 diebus
759 3625 967 3693 aliquot
997 3622 1308 3692 imperavit,
1339 3629 1393 3674 ut
1440 3619 1605 3675 refert
1633 3618 1950 3689 Eutropius.

364 3720 559 3786 ‘Quare
600 3716 837 3771 moritur
869 3730 1015 3767 anno
1054 3712 1259 3767 Christi
1292 3712 1419 3766 238.
1463 3710 1536 3766 De
1569 3710 1729 3765 annis
1776 3709 1953 3763 tribus

374 3811 726 3867 consentiunt
755 3816 808 3863 et
837 3808 949 3872 alii,
990 3817 1046 3860 ut
1070 3805 1278 3859 Victor.
1309 3807 1377 3858 At
1406 3803 1672 3859 Onul‘rius
1701 3804 1754 3857 in
1784 3802 1953 3856 Chro-

377 3906 499 3959 m’co
527 3918 700 3957 annos
725 3902 817 3955 dat
847 3908 1058 3953 tantum
1088 3896 1227 3952 duos
1257 3913 1381 3951 cum
1434 3897 1641 3966 aliquot
1672 3894 1951 3950 mensibus

372 4006 430 4052 et
463 3997 695 4061 diebus;
736 4005 789 4049 et
820 3995 1063 4048 occisum
1094 3990 1226 4045 facit
1250 4006 1398 4045 coss.
1440 3987 1707 4057 Perpetuo
1736 3993 1788 4040 et
1813 3983 1951 4038 Cor-

374 4087 615 4152 neliano,
640 4085 729 4139 cui
754 4098 957 4137 annum
987 4081 1215 4136 ascribit
1248 4079 1409 4135 Urbis
1437 4078 1563 4141 990,
1590 4075 1795 4130 Christi
1822 4072 1949 4137 238,

372 4181 466 4251 qul
498 4193 686 4235 revera
720 4184 805 4232 est
834 4175 972 4239 237;
1006 4174 1061 4227 in
1113 4171 1294 4225 Fastis
1329 4185 1457 4225 vero
1493 4183 1639 4222 anno
1665 4164 1827 4221 Urbis
1850 4163 1946 4219 99l

364 4270 728 4325 Maximinum
768 4266 1116 4321 interfectum
1150 4278 1272 4317 esse
1299 4267 1507 4321 narrat,
1535 4258 1630 4327 qui
1654 4265 1739 4311 est
1769 4269 1951 4310 annus

2059 3097 2180 3135 mus
2227 3078 2390 3135 Urbis
2438 3095 2615 3135 annus
2662 3079 3059 3144 Varronianus,
3097 3095 3257 3148 quem
3305 3077 3667 3134 Censorinus

2057 3172 2424 3242 amplectitur,
2459 3172 2513 3227 in
2544 3172 2756 3242 cyclum
2802 3173 2943 3227 lunte
2989 3188 3042 3226 tx
3092 3172 3303 3237 incidit,
3346 3171 3483 3226 solis
3528 3188 3662 3225 XIII.

2057 3262 2293 3318 Proinde
2326 3264 2654 3319 millesimus
2690 3264 2758 3318 ab
2798 3262 2944 3319 Urbe
2976 3263 3194 3318 condita
3245 3264 3428 3333 cyclos
3477 3264 3665 3333 exigit

2056 3352 2200 3407 lunia
2226 3354 2443 3423 quidem
2473 3370 2509 3418 ι,
2535 3354 2667 3409 solis
2700 3370 2749 3407 ιν
2783 3373 2795 3407 :
2827 3355 2917 3423 qui
2946 3369 3092 3409 anno
3125 3352 3330 3408 Christi
3364 3352 3471 3406 247
3495 3367 3666 3406 corn-

2057 3454 2268 3515 petunt.
2303 3443 2444 3515 Ergo
2472 3444 2517 3499 is
2546 3452 2631 3499 est
2664 3461 2731 3499 ex
2771 3444 3032 3499 Varronis
3076 3444 3347 3498 sententia
3388 3442 3460 3495 ab
3503 3440 3665 3496 Urbe

2056 3536 2271 3591 condita
2304 3536 2646 3590 millesimus.
2677 3536 2866 3590 Annus
2896 3535 3038 3589 enim
3064 3534 3168 3588 249
3203 3537 3387 3605 cye!os
3434 3533 3664 3586 obtinet

2056 3628 2197 3682 lunae
2252 3643 2333 3691 ιιι,
2386 3628 2517 3682 solis
2566 3642 2641 3681 vt.
2686 3625 2781 3681 llis
2829 3627 2900 3679 ita
2942 3628 3284 3692 constitutis,
3322 3626 3414 3694 qui
3470 3639 3663 3680 annos

2055 3716 2321 3787 Philippis
2359 3717 2663 3770 attribuunt
2692 3733 2743 3780 v,
2782 3733 2905 3769 cum
2950 3717 3166 3769 illorum
3202 3716 3416 3769 initium
3456 3717 3659 3769 consi-

2056 3819 2252 3880 gnetur
2300 3809 2587 3863 consulatu
2630 3807 2909 3879 Peregrini
2954 3817 3007 3863 et
3050 3808 3356 3870 ΑΞιιιίιὶίιιιί,
3413 3806 3507 3875 qui
3572 3816 3661 3860 est

2056 3919 2232 3958 annus
2262 3903 2465 3957 Christi
2500 3900 2865 3971 Dionysianus
2897 3900 3022 3964 2H,
3060 3912 3287 3954 mortem
3323 3898 3657 3953 eorumtlem

2056 3996 2362 4050 attribuunt
2419 4008 2564 4048 coss.
2625 3991 2923 4046 Aimiliano
2971 4000 3024 4046 et
3081 3991 3361 4060 Aquilino,
3416 3988 3512 4057 qui
3566 3998 3660 4042 est

2057 4088 2219 4143 Urbis
2274 4086 2442 4149 1002,
2476 4084 2675 4139 Christi
2721 4083 2843 4137 249.
2882 4083 2959 4137 lta
3009 4082 3271 4137 Ouulrius
3301 4099 3314 4135 :
3349 4080 3439 4149 qui
3495 4078 3657 4133 hunc

2052 4179 2232 4247 ipsum
2281 4184 2531 4231 numerat
2595 4174 2800 4229 Christi
2853 4174 3000 4239 250,
3060 4185 3279 4245 propter
3330 4173 3655 4226 institutam

2054 4268 2260 4323 Christi
2310 4281 2577 4321 annorum
2620 4267 3086 4338 anticipationem,
3130 4266 3197 4321 de
3225 4281 3330 4336 qua
3366 4279 3511 4333 swpe
3561 4265 3657 4319 di-

360 4378 493 4416 «λιιι-ω
509 4358 858 4429 Dionysium:
877 4368 1064 4408 revera
1093 4353 1220 4417 238,
1241 4350 1402 4420 Ulpio
1427 4355 1480 4402 cl
1505 4346 1776 4401 Pontiano
1798 4362 1944 4401 coss.
1979 4351 2023 4405 D
2055 4357 2254 4410 ximus.
2292 4358 2358 4409 At
2395 4356 2594 4426 quibus
2638 4365 2844 4426 septem
2873 4358 3032 4413 anuis
3083 4359 3286 4426 placuit
3338 4359 3655 4428 imperasse

374 4454 493 4519 Quo
526 4464 669 4503 anno
701 4446 897 4500 librum
926 4460 1085 4500 suum
1124 4442 1463 4498 Censorinus
1489 4438 1855 4499 elucubravit,
1890 4445 1950 4490 ut

372 4559 440 4597 ex
473 4540 720 4610 ejusdem
748 4537 839 4589 illo
861 4536 981 4589 loco
1016 4540 1252 4595 constat,
1288 4532 1381 4601 qui
1404 4529 1582 4584 alterri
1611 4528 1770 4598 vulgo
1790 4528 1946 4593 solet,

373 4644 567 4703 estque
607 4628 976 4698 clironologize
1027 4626 1451 4689 munimentum,
1489 4630 1544 4677 et
1584 4620 1803 4691 ἐλεγχος
1849 4617 1949 4686 τῆς

374 4721 699 4794 διαστροφῆς
735 4718 843 4772 τῶν
883 4718 1109 4789 χρόνων.

451 4815 672 4869 Τοῦτον
700 4810 1031 4879 διαδέχεται
1055 4808 1400 4877 Γορδιανός.
1426 4802 1783 4859 Prmtermisit
1812 4798 1949 4854 Gor-

373 4911 566 4963 diauos
593 4914 647 4961 et
678 4904 967 4957 Maximum
1009 4916 1071 4954 ac
1136 4900 1439 4961 Balbinum,
1471 4898 1561 4965 qui
1613 4896 1737 4948 vivo
1769 4892 1947 4946 adhuc

376 4999 673 5053 Maximino
710 4993 879 5049 creati
916 4991 1152 5044 fuerant.
1200 4988 1510 5043 Gordianus
1541 4992 1721 5038 autem
1753 4982 1949 5038 Junior

376 5103 550 5141 annos
588 5086 700 5141 fere
739 5098 791 5136 γι
824 5080 1113 5149 imperium
1147 5077 1342 5131 tenuit.

442 5178 601 5232 Μετὰ
621 5175 837 5228 τοῦτον
851 5171 1169 5237 ,βασιλεύει
1193 5169 1503 5233 Φίλιππος.
1535 5166 1827 5237 Eutropius
1853 5184 1948 5223 an-

374 5283 473 5322 nos
501 5269 591 5321 dat
619 5284 670 5327 v,
690 5264 1021 5331 totidemque
1040 5259 1265 5324 Victor;
1288 5258 1626 5330 Epiphanius
1650 5258 1945 5315 Eusebium

375 5370 594 5413 secutus
626 5366 727 5412 est.
752 5357 882 5410 Vide
918 5355 1253 5408 Baronianos
1289 5352 1543 5406 Annales.
1568 5350 1834 5408 Ouul'rius
1852 5370 1948 5405 an-

376 5464 665 5502 nosveum
687 5448 971 5503 mensibus
1003 5446 1211 5515 aliquot
1244 5444 1454 5498 tribuit.
1488 5442 1807 5514 lnsignitum
1845 5443 1946 5495 fuit

376 5537 745 5605 l‘li‘ilipporum
763 5538 1050 5608 imperium
1070 5535 1603 5598 smcularibusludis,
1628 5536 1718 5602 qui
1734 5534 1945 5602 expleto

374 5628 482 5698 jam
509 5625 813 5682 millenario
846 5627 1008 5682 Urbis
1046 5643 1190 5681 anno
1228 5626 1485 5682 celebrati
1540 5632 1689 5687 sunt,
1731 5625 1830 5677 hoc
1861 5630 1945 5676 est

2054 4446 2333 4516 Philippos
2363 4466 2375 4501 :
2421 4448 2455 4500 ii
2493 4456 2740 4503 mortuos
2777 4449 2899 4504 illos
2933 4458 3123 4519 putant
3158 4449 3334 4503 Deciis
3371 4451 3653 4505 ambabus

2052 4553 2225 4602 coss.,
2263 4549 2317 4592 ut
2351 4548 2434 4593 est
2469 4539 2611 4609 apud
2640 4538 3054 4601 Cassiodorum,
3085 4542 3175 4610 qtti
3212 4540 3433 4594 Decium
3465 4538 3648 4592 lilium

2052 4630 2285 4697 appellat
2318 4627 2626 4683 Etruscum.
2664 4628 2867 4700 Estque
2905 4632 2951 4685 is
2982 4647 3157 4686 annus
3190 4630 3352 4684 Urbis
3386 4630 3547 4693 1004,
3596 4641 3660 4683 ιιι

2052 4718 2284 4774 Orosius
2323 4718 2595 4788 prodidit,
2630 4720 2835 4776 Christi
2880 4722 3244 4793 Dionysianus
3276 4720 3401 4773 25L
3440 4720 3509 4772 At
3545 4737 3651 4775 ve-

2052 4820 2140 4866 tus
2187 4810 2494 4880 inscriptio,
2524 4825 2644 4881 qua:
2684 4826 2828 4865 anno
2869 4813 3069 4867 Christi
3092 4811 3198 4865 253
3232 4810 3512 4881 Philippos
3546 4826 3651 4865 oe-

2052 4902 2200 4958 cisos
2249 4902 2467 4967 asserit,
2508 4918 2738 4973 qumque
2770 4905 2824 4957 in
2869 4903 3162 4958 Annalibus
3211 4904 3480 4964 refertur,
3518 4905 3651 4959 sine

2052 4994 2219 5051 dubio
2247 5011 2386 5049 vana
2422 5009 2485 5050 ac
2536 4996 2880 5066 supposititia
2928 5002 3031 5059 est,
3076 4995 3306 5064 ideoque
3341 4994 3538 5047 merito
3571 4996 3648 5049 ab

2052 5087 2280 5143 Ouul‘rio
2314 5089 2714 5156 praetermissa,
2770 5086 2816 5141 si
2856 5086 3016 5139 modo
3062 5101 3180 5139 eam
3233 5085 3388 5137 vidit.
3448 5083 3646 5153 Neque

2051 5182 2195 5236 enim
2240 5179 2375 5230 adeo
2428 5187 2636 5231 vetusta
2690 5185 2771 5232 est
2818 5179 3311 5247 computandorum
3364 5192 3643 5233 annorum

2051 5272 2207 5329 ratio,
2255 5280 2375 5334 qua:
2405 5280 2433 5318 a
2466 5266 2667 5321 Christi
2717 5268 2886 5321 Natali
2937 5270 3245 5332 deducitur,
3293 5277 3350 5323 ut
3382 5269 3641 5323 omittam

2050 5361 2117 5412 ab
2160 5356 2486 5425 Dionysiana
2534 5359 2787 5412 methodo
2826 5359 3046 5414 biennio
3093 5360 3268 5415 solido
3315 5357 3638 5428 inscriptio-

2049 5464 2168 5503 nem
2204 5448 2347 5499 illam
2394 5447 2707 5503 abhorrere.

2122 5536 2340 5591 Τοῦτον
2370 5537 2674 5605 διεδέξατο
2703 5538 2925 5608 Δέκιος.
2969 5542 3264 5612 Eutropius
3293 5542 3456 5597 Decio
3487 5542 3634 5598 inte-

2047 5638 2173 5693 gros
2207 5637 2379 5681 annos
2427 5625 2566 5685 duos
2615 5630 2862 5698 imputat,
2894 5640 2954 5685 ut
2983 5639 3038 5686 et
3076 5633 3259 5688 Victor
3304 5632 3357 5687 in
3391 5629 3631 5689 Cesari—
