4028 6220
442 342 547 402 563

1543 341 1885 399 APPENDIK
1930 340 2556 398 DISSERTATIONUM.

3602 339 3706 393 εει

440 461 504 517 Α.
543 460 671 529 256,
716 479 772 518 ιι.
813 463 904 527 55,
945 470 1180 532 quatuor
1215 459 1557 530 imputantur
1599 461 1752 525 anni,
1785 478 1848 516 es
1887 461 2029 514 anti-
2058 461 2100 516 A
2130 459 2470 514 vertentibus
2496 456 2711 529 imperii
2739 455 2900 510 annis
2926 454 3258 525 reSpondere
3289 451 3520 508 videtur.
3549 452 3702 519 Quod

439 554 567 623 quis
599 553 835 609 nummis
866 571 879 606 :
911 552 965 605 in
997 550 1196 620 quibus
1216 549 1502 603 tribunitia
1522 560 1790 621 potestate
1820 567 1870 605 tv
1897 549 2029 604 Tre-

443 645 572 700 hon.
605 644 794 700 Gallus
830 643 1046 710 legitur.
1079 640 1212 705 Quae
1262 641 1545 696 tribunitia
1591 648 1834 712 potestas
1867 641 2028 696 toties

444 732 796 802 multiplicari
833 730 1067 795 solebat,
1101 741 1232 800 quot
1269 731 1336 784 ad
1363 732 1650 802 imperium
1682 741 2029 786 accesserant

444 824 595 886 anni,
633 832 692 876 ut
741 829 975 876 testatur
1021 821 1137 876 Dio.
1174 822 1279 877 Sed
1335 823 1378 877 si
1430 822 1588 876 Gallo
1636 837 1700 876 ac
1726 822 2028 876 Volusiano

442 923 704 983 praeterea
746 914 1026 967 biennium
1061 915 1426 984 arrogandum
1463 922 1569 976 cst,
1599 930 1890 968 commune
1922 914 2027 968 hoc

442 1006 562 1060 istis
607 1019 732 1059 esse
782 1021 906 1058 cum
938 1002 1228 1059 Valeriano
1283 1014 1338 1060 et
1360 1005 1590 1060 Galieno
1640 1006 1800 1061 debet
1833 1024 1846 1059 :
1880 1006 2027 1076 quod

443 1098 642 1149 mirum
691 1103 775 1150 est
800 1095 868 1148 ab
899 1095 1179 1152 historicis
1206 1112 1330 1152 csse
1358 1097 1784 1152 dissimulatum.
1821 1097 1930 1152 Nec
1965 1099 2028 1152 il-

443 1189 536 1242 lud
571 1189 778 1251 nescio,
817 1204 981 1257 quam
1031 1189 1190 1242 fallax
1242 1189 1562 1258 plerumque
1587 1189 1901 1258 conjectura
1934 1191 2026 1244 illa

443 1281 538 1341 si’t,
565 1293 686 1348 quae
716 1281 781 1333 de
816 1281 983 1348 impp.
1020 1280 1181 1334 annis
1198 1296 1262 1333 ex
1289 1279 1584 1333 tribunitiae
1615 1280 1896 1348 potestatis
1919 1295 2024 1333 nu-

443 1386 598 1424 mero
642 1371 878 1439 capitur,
916 1369 1006 1438 qui
1042 1369 1096 1422 iu
1133 1369 1496 1423 marmoribus
1525 1378 1617 1420 aut
1645 1368 1884 1422 nummis
1931 1384 2025 1422 ex-

444 1464 726 1521 hibentur.
758 1471 816 1514 ttt
850 1463 902 1514 in
934 1460 1126 1514 Tacito
1157 1462 1319 1529 paulo
1341 1467 1465 1529 post
1516 1469 1566 1514 et
1589 1460 1730 1512 Caro
1754 1468 2024 1513 monstra-

443 1557 611 1610 bitur.
661 1554 977 1608 Exstinctus
999 1561 1083 1608 est
1123 1552 1319 1606 Decius
1361 1567 1506 1605 anno
1538 1553 1744 1608 Christi
1792 1551 1920 1614 252,
1957 1569 2022 1607 ex

442 1663 554 1718 quo
583 1646 720 1701 Galli
757 1661 822 1701 ac
852 1644 1138 1700 Volusiani
1173 1646 1387 1700 initium
1418 1647 1725 1714 consurgit.

527 1739 960 1792 Ἐϐασίλευσεν
1009 1737 1429 1807 Οὑαλεριανός.
1471 1737 1790 1802 Quindecim
1849 1752 2024 1790 annos

444 1829 717 1886 Eusebius
749 1831 802 1884 in
838 1828 1101 1885 Chronico
1131 1841 1182 1906 et
1214 1832 1269 1884 in
1303 1829 1545 1882 Historia
1582 1831 1768 1883 tribuit
1796 1849 1809 1885 :
1841 1831 1894 1883 in
1923 1844 2030 1898 quo

444 1930 674 1976 ctctcros
704 1920 875 1975 ferme
911 1922 1302 1990 suifragatores
1349 1921 1541 1982 habet;
1584 1936 1707 1974 nam
1741 1919 2032 1975 Valet-iano

446 2031 499 2068 γι
533 2022 628 2068 aut
660 2029 758 2077 VII,
795 2013 1026 2069 Galieno
1055 2015 1156 2069 soli
1201 2029 1295 2067 vm
1352 2014 1435 2066 vel
1486 2028 1538 2065 ιι
1569 2014 1896 2066 concedunt.
1927 2013 2034 2064 liti-

446 2106 580 2157 tium
609 2102 884 2158 Valeriani
913 2111 968 2157 et
989 2103 1198 2157 Galieni
1225 2104 1480 2156 convenit
1501 2119 1645 2156 anno
1667 2103 1869 2155 Christi
1895 2101 2030 2165 235i;

446 2199 628 2250 exitus
657 2211 804 2249 anno
846 2196 970 2249 268.
1012 2195 1146 2248 Nam
1191 2211 1259 2247 xv
1294 2210 1498 2248 annum
1538 2194 1797 2250 Gulienus
1835 2196 2029 2264 attigit-

447 2285 651 2339 Tribus
687 2287 848 2338 annis
879 2287 1062 2338 minus
1092 2285 1224 2338 dicit
1259 2283 1621 2352 Epiphanius.

530 2378 626 2428 Ἑν
652 2376 732 2440 τῷ
759 2375 950 2439 ἐνάτῳ
975 2373 1088 2429 οὖν
1126 2375 1245 2427 ἔτει
1287 2378 1520 2429 τούτου.
1564 2375 1843 2432 Μειιίιῆιεθὶ
1881 2394 2034 2445 gras-

449 2468 717 2521 sationem
765 2467 928 2518 variis
973 2466 1133 2519 annis
1169 2467 1498 2533 consignant
1544 2475 1751 2521 veteres
1780 2469 2032 2524 chrono-

451 2559 580 2625 logi.
615 2556 807 2610 Noster
839 2557 925 2609 hic
965 2557 1186 2624 quidem
1219 2555 1428 2609 Galieui
1489 2573 1636 2610 nouo
1681 2559 2027 2614 collationem

449 2649 598 2703 illam
626 2648 876 2701 Archelai
912 2663 1036 2702 cum
1061 2647 1274 2702 Maneto
1307 2649 1606 2719 contigisse
1641 2653 1854 2706 scribit.
1885 2653 1950 2706 At
1976 2654 2029 2708 in

451 2738 873 2792 Manichmorum
913 2739 1126 2801 hmresi,
1160 2753 1306 2792 anno
1325 2739 1603 2794 Aureliani
1629 2740 1740 2796 fere
1767 2759 1838 2796 tv.
1863 2741 2031 2812 Vulgo

449 2846 597 2885 coss.
619 2830 796 2883 Probo
819 2844 879 2884 ac
895 2828 1145 2894 Paulino,
1165 2839 1223 2882 ut
1240 2829 1437 2884 ibidem
1470 2831 1632 2885 latius
1648 2833 2026 2890 disseruimus.

521 2924 685 2978 Μετὰ
713 2923 1118 2991 Οὐαλεριανὸν
1152 2922 1250 2975 και
1290 2924 1616 2989 Γαλιηνόν.
1659 2924 1783 2980 Haec
1813 2944 1876 2980 ex
1919 2929 2028 2982 Eu-

451 3017 623 3071 sebio.
664 3015 917 3085 Plerique
945 3030 1118 3068 annos
1148 3014 1286 3067 duos
1317 3033 1329 3067 :
1357 3031 1496 3083 quos
1534 3017 1813 3074 absolutos
1840 3022 2027 3087 fuisse,

2131 559 2216 604 est
2265 551 2738 607 animadversione
2782 549 3026 619 dignum.
3067 546 3204 601 Vide
3260 545 3404 603 infra
3459 544 3514 598 in
3571 547 3707 601 Caro

2132 644 2478 712 imperatore.

2199 733 2362 788 Μετὰ
2389 733 2610 788 τοῦτον
2640 733 3001 788 ἐϐασίλευσε
3031 730 3276 800 Πρόὄος.
3316 727 3480 782 Probi
3514 728 3704 797 imper.

2130 826 2259 880 anni
2289 825 2451 895 paulo
2479 826 2792 881 accuratius
2821 822 3159 894 expendeudi
3197 829 3344 876 sunt.
3372 820 3433 874 In
3463 821 3534 875 iis
3565 821 3708 875 enim

2128 915 2494 986 chronologize
2521 913 2848 970 Christiana:
2883 914 3030 967 velut
3061 911 3228 966 cardo
3275 910 3496 980 quidam
3541 916 3708 964 verti-

2129 1019 2252 1074 tur;
2290 1019 2455 1079 atque
2497 1024 2562 1064 eo
2597 1008 2816 1063 demum
2851 1004 3111 1076 perducta
3144 1003 3196 1056 iu
3233 1002 3522 1056 Annalium
3562 1001 3712 1055 libris

2127 1115 2394 1153 annorum
2426 1100 2596 1154 series
2628 1099 2698 1152 ab
2717 1113 2903 1153 errore
2934 1097 2988 1150 in
3020 1097 3164 1149 viam
3219 1095 3380 1162 longo
3413 1094 3587 1147 inten
3601 1093 3706 1146 allo

2129 1191 2425 1245 reducitur.
2469 1190 2807 1244 Intellectum
2842 1197 2928 1242 est
2969 1187 3237 1240 hactenus
3273 1199 3341 1239 ex
3377 1184 3448 1239 iis
3478 1199 3712 1254 praeser-

2129 1284 2248 1346 tim,
2273 1298 2397 1352 qua:
2427 1283 2491 1336 de
2517 1281 2692 1334 Natali
2728 1280 2931 1334 Christi
2962 1293 3108 1331 anno
3145 1276 3212 1330 ad
3249 1277 3376 1330 ltzer.
3405 1277 3468 1330 51
3513 1292 3712 1345 propo-

2129 1375 2364 1437 suimus,
2405 1374 2716 1442 complures
2746 1370 3037 1424 Annalium
3073 1368 3389 1424 conditores
3420 1370 3474 1422 in
3508 1368 3710 1422 Christi

2129 1465 2292 1520 annis
2319 1479 2443 1519 cum
2488 1464 2733 1518 Romana
2786 1464 2868 1518 vel
2900 1461 3086 1516 Grreca
3129 1461 3356 1515 historia
3390 1476 3713 1530 comparan-

2126 1561 2234 1624 dis,
2266 1560 2492 1614 biennio
2533 1560 2720 1628 lapsos
2766 1573 2889 1613 esse
2913 1573 2927 1621 ;
2953 1557 3090 1609 alios
3115 1572 3225 1609 uno
3255 1555 3517 1607 duntaxat
3551 1569 3710 1608 anno.

2124 1648 2283 1715 Quod
2321 1648 2525 1702 idcirco
2552 1647 2662 1702 illis
2696 1646 2920 1708 accidit,
2950 1645 3078 1716 quia
3113 1643 3483 1697 Christianam
3525 1657 3710 1703 atram,

2129 1755 2249 1810 quia)
2295 1740 2349 1794 in
2393 1755 2598 1794 annum
2633 1755 2686 1793 tv
2715 1736 2929 1809 Olymp.
2963 1737 3086 1800 l9—l,
3120 1733 3287 1789 Urbis
3327 1751 3456 1788 vero
3495 1734 3618 1793 7‘55,
3649 1749 3710 1787 ex

2139 1832 2472 1886 Varroniana
2527 1829 2807 1900 putatione
2856 1827 3134 1890 convenit,
3171 1826 3237 1880 ad
3288 1840 3491 1879 annum
3527 1823 3714 1896 Olym-

2136 1923 2309 1993 piadis
2341 1924 2486 1978 illius
2529 1922 2828 1978 secundum
2881 1919 2963 1974 vel
3017 1918 3238 1972 tertium
3261 1958 3275 1976 ,
3309 1915 3471 1970 Urbis
3507 1916 3603 1968 751
3633 1916 3712 1968 vel

2136 2016 2237 2070 752
2267 2013 2648 2070 rctrahendam
2674 2018 2956 2081 putarunt.
2987 2008 3125 2062 Hinc
3158 2009 3322 2062 unius
3371 2007 3454 2061 vel
3483 2007 3713 2060 duorum

2135 2126 2404 2164 annorum
2441 2106 2936 2163 tnetachronismus
2980 2102 3418 2173 imprudentibus
3446 2102 3556 2156 iilis
3588 2101 3709 2154 inci-

2134 2202 2244 2263 dit;
2274 2200 2418 2268 quod
2445 2215 2474 2253 e
2509 2198 2816 2253 cmlestium
2847 2195 3292 2250 Observationum
3324 2208 3388 2247 ac
3443 2193 3714 2263 cyclorum

2133 2292 2392 2348 methodo
2453 2292 2605 2345 nullo
2662 2291 2881 2360 negotio
2935 2287 3380 2356 depreltcnditur.
3428 2283 3536 2338 Sed
3584 2300 3715 2354 quo-

2135 2385 2276 2437 niam
2300 2383 2601 2436 doctrinam
2629 2383 2787 2434 istam
2814 2379 3008 2450 partim
3028 2379 3303 2447 ignorant,
3331 2377 3529 2446 partim
3555 2376 3713 2430 ctiam

2133 2479 2493 2527 contemnunt
2543 2471 2734 2538 aliqui,
2770 2477 2824 2522 et
2854 2466 3378 2538 opportunissimam
3430 2466 3509 2519 vel
3546 2466 3711 2520 errori

2131 2565 2213 2617 vel
2260 2563 2488 2616 inscitia-3
2543 2563 2808 2616 latebram
2858 2561 3100 2631 prmbent
3144 2557 3468 2613 Consulares
3502 2559 3711 2610 illorum

2134 2664 2439 2723 temporqu
2493 2652 2668 2716 Fasti,
2707 2652 2800 2721 qui
2832 2665 3159 2720 magnopere
3189 2649 3384 2702 incerti
3413 2648 3715 2718 depravati-

2133 2763 2240 2815 que
2271 2753 2421 2806 sunt,
2453 2753 2618 2814 atque
2645 2759 2673 2796 a
2709 2759 2769 2799 se
2799 2753 2992 2797 mutuo
3023 2741 3376 2803 dissentiunt,
3409 2755 3517 2792 non
3565 2739 3711 2808 prius

2133 2838 2353 2907 agnitus
2400 2845 2485 2891 est
2534 2851 2716 2898 error,
2745 2850 2908 2904 quam
2959 2835 3024 2888 ad
3075 2834 3344 2903 insignem
3401 2833 3636 2902 aliquam
3666 2839 3715 2882 et

2133 2930 2399 2982 illustrem
2439 2927 2705 2996 epocham
2756 2935 3079 2994 perventum
3125 2934 3232 2988 est,
3263 2939 3384 2993 qua:
3422 2935 3627 2977 certum
3658 2937 3717 2975 ac

2135 3017 2415 3070 definitum
2446 3016 2793 3069 intervallum
2829 3013 3128 3068 clauderet.
3166 3012 3446 3081 Ejusmodi
3477 3021 3561 3066 est
3597 3011 3715 3063 Dio-

452 3112 524 3161 ita
575 3117 628 3161 ut
678 3109 894 3160 tertium
945 3106 1159 3162 inierit.
1203 3105 1542 3160 demonstrat
1583 3108 1870 3165 Baronius.
1934 3113 2037 3171 Nec

2149 3107 2364 3159 rletiani
2399 3105 2781 3176 primordium,
2815 3105 2962 3173 quod
3010 3119 3156 3158 anno
3207 3119 3327 3157 terte
3381 3103 3716 3173 Dionysianaa

453 3197 681 3251 multum
707 3210 1020 3264 repugnetn.
1039 3193 1216 3263 Cmpit
1239 3195 1498 3250 Claudius
1516 3212 1659 3250 anno
1679 3198 1880 3254 Christi
1906 3202 2031 3267 268,
2071 3199 2076 3206 ’

451 3289 601 3341 circa
635 3301 687 3340 ix
723 3285 842 3339 Kal.
877 3286 1034 3355 Apr.,
1069 3293 1127 3339 ut
1155 3285 1360 3342 indicat
1383 3285 1707 3344 Trebellius.
1743 3289 1912 3347 Dcsiit
1939 3309 2036 3350 au-

453 3391 528 3431 no
552 3376 678 3430 270.
717 3443 722 3446 τ
1981 3428 1996 3441 ,

529 3466 751 3522 Τοῦτον
781 3466 1115 3538 διαδέχεται
1149 3470 1545 3537 Αὑρηλιανός.
1569 3470 1933 3529 Cousentiunt
1982 3475 2037 3530 in

457 3563 602 3616 hunc
628 3577 899 3616 annorum
952 3579 1242 3617 numerum
1277 3572 1473 3632 prieter
1509 3564 1802 3620 Eusebium
1839 3567 2040 3622 Eutro-

457 3654 599 3722 pius,
619 3652 823 3717 Victor,
849 3653 1233 3720 Cassiodorus,
1258 3664 1363 3709 etc.
1395 3655 1558 3712 Solus
1591 3658 1879 3712 Annalium
1909 3676 2042 3714 con-

455 3745 603 3800 ditor
645 3760 822 3802 annos
869 3763 941 3800 vit
992 3747 1280 3811 attribuit;
1317 3748 1461 3816 quod
1510 3748 1565 3802 in
1609 3765 1834 3804 nummo
1863 3761 2042 3808 vetere

456 3837 661 3906 septies
697 3837 984 3893 tribunitia
1016 3846 1256 3908 potestas
1286 3838 1579 3910 allingitur.
1610 3841 1716 3896 Sed
1764 3842 2045 3897 nihilomi-

456 3946 565 3985 nus
595 3929 908 3985 communis
942 3929 1228 3985 sentcntiae
1261 3930 1503 4000 nondtyn
1532 3946 1618 3986 me
1642 3933 1888 4000 penitet.
1924 3933 2047 3988 Cm-

456 4017 598 4086 perit
640 4019 970 4073 Aurelianus
1016 4034 1160 4074 anno
1209 4018 1337 4081 270,
1370 4018 1670 4075 Februario
1703 4037 1910 4088 mense,
1943 4023 2046 4076 hoc

455 4119 539 4164 est
577 4125 609 4162 ρ.
640 4107 762 4165 Kal.
805 4109 988 4172 Mart.,
1041 4118 1100 4164 ut
1146 4127 1211 4166 ex
1246 4111 1486 4181 Vopisco
1539 4113 1706 4170 refert
1735 4113 2043 4182 Onufrius;

458 4197 627 4268 periit
656 4213 803 4253 anno
832 4199 959 4260 275,
991 4199 1096 4253 sub
1140 4201 1281 4256 idem
1316 4200 1430 4256 fere
1477 4211 1724 4273 tempus;
1763 4222 1887 4260 nam
1923 4215 2048 4275 post

457 4290 580 4358 ejus
609 4289 818 4343 obitum
845 4290 1216 4360 interregnum
1249 4292 1354 4346 fuit
1378 4308 1472 4348 sex
1506 4297 1799 4361 mensium,
1819 4305 2048 4353 auctore

459 4381 697 4450 Vopisco
726 4395 792 4435 ac
815 4381 1053 4446 Victore,
1086 4382 1155 4437 ad
1203 4398 1276 4436 vtt
1305 4382 1426 4437 Kal.
1468 4385 1614 4448 ()cL,
1646 4401 1756 4456 quo
1805 4395 2048 4458 tempore

2137 3199 2242 3253 9.84
2277 3198 2544 3267 congruit.
2578 3196 2716 3250 Tum
2746 3196 3149 3261 Valentiniani;
3185 3213 3343 3266 quem
3373 3212 3514 3250 anno
3542 3197 3720 3251 biscx-

2141 3292 2243 3350 tili.
2285 3293 2388 3345 hoc
2420 3300 2504 3346 cst
2534 3291 2660 3354 564-,
2695 3291 2884 3344 iniisse
2907 3298 3142 3344 constat.
3162 3290 3296 3344 Cum
3331 3289 3496 3358 igitur
3519 3289 3586 3340 ah
3617 3289 3718 3342 iui-

2142 3383 2218 3434 tio
2253 3381 2367 3444 illo,
2401 3381 2545 3450 quod
2579 3381 2681 3434 sibi
2718 3380 2807 3434 isti
2840 3379 3204 3450 praelixerant,
3242 3381 3496 3432 nimirum
3531 3380 3600 3431 ab
3630 3395 3723 3431 au-

2142 3489 2212 3526 no
2246 3489 2282 3526 ιι
2317 3471 2532 3542 Olymp.
2572 3471 2691 3537 194,
2732 3473 2886 3543 cyclo
2941 3472 3083 3527 luna:
3131 3487 3288 3534 xvttt,
3335 3472 3467 3527 solis
3513 3487 3621 3534 vtt,
3658 3470 3722 3522 ad

2140 3566 2356 3620 initittm
2395 3564 2736 3625 Diocletiani,
2767 3564 2854 3618 cui
2901 3563 3087 3635 cyclus
3140 3565 3283 3618 luna:
3317 3580 3429 3654 XI},
3463 3564 3600 3618 solis
3629 3577 3727 3615 χιιι

2143 3656 2424 3725 competit,
2460 3655 2730 3722 interjccti
2763 3670 2886 3709 esse
2917 3655 3152 3709 debeant
3184 3655 3310 3708 anni
3335 3655 3460 3716 ¢286,
3491 3655 3575 3707 vel
3621 3672 3731 3707 uno

2142 3746 2452 3818 pauciores,
2497 3746 2566 3799 ab
2601 3760 2744 3798 anno
2776 3761 2832 3798 ιιι
2866 3742 3077 3815 Olymp.
3109 3745 3377 3813 ejusdem,
3402 3745 3554 3816 cyrlo
3590 3745 3735 3798 luna:

2145 3854 2258 3900 λιιι,
2295 3836 2432 3893 solis
2465 3851 2583 3897 viti,
2624 3845 2686 3889 ut
2733 3851 2855 3890 cum
2897 3834 3226 3906 Dionysiana
3277 3851 3385 3890 tera
3438 3836 3738 3891 chronolo-

2143 3931 2286 4000 giam
2338 3945 2495 3985 suam
2543 3928 2842 3983 conciliare
2890 3937 3133 3997 possent,
3168 3929 3357 3999 utique
3403 3927 3738 3986 Diocletiani

2146 4023 2354 4091 primus
2389 4023 2442 4074 iu
2476 4035 2679 4074 annum
2729 4034 2851 4073 ωιτη
2900 4035 3013 4074 sum
3055 4018 3382 4076 Christiana;
3406 4021 3516 4076 ΞΜ
3567 4023 3741 4080 cade-

2146 4121 2262 4176 ret;
2293 4127 2460 4166 unum
2491 4120 2582 4164 aut
2613 4109 2843 4164 alterum
2891 4125 3119 4174 annum,
3156 4110 3490 4180 totidemque
3541 4128 3749 4169 consu-

2147 4205 2356 4258 latuum
2411 4203 2563 4272 paria
2623 4200 3003 4265 sustulerunt;
3049 4203 3216 4270 quod,
3260 4211 3318 4256 ιιι
3363 4202 3639 4265 diximus,
3694 4208 3746 4260 iu

2149 4293 2237 4345 illa
2273 4291 2402 4346 hcce
2431 4289 2662 4344 Romani
2694 4289 2906 4360 imperii
2940 4289 3164 4358 impune
3196 4299 3413 4360 propter
3441 4289 3751 4348 Annalium

2152 4381 2592 4450 perturbationes
2628 4379 2805 4435 facere
2838 4381 3012 4434 licuit.
3051 4381 3229 4450 Atque
3273 4382 3413 4436 hanc
3459 4397 3750 4442 annorum

458 4474 793 4542 subrogatus
831 4482 916 4528 est
944 4488 975 4526 a
1015 4481 1209 4528 senatu
1242 4473 1490 4532 Tacitus.
1526 4476 1606 4532 lta
1635 4487 1853 4533 sextum
1879 4479 2046 4551 impe-
2080 4475 2120 4528 D
2144 4470 2414 4540 jacturam
2466 4470 2752 4540 labemque
2787 4469 2999 4524 Probus
3044 4471 3341 4539 imperator
3375 4471 3537 4527 facile
3576 4479 3750 4531 susti-

459 4565 526 4618 rii
557 4578 762 4616 annum
795 4563 983 4619 leviter
1012 4563 1208 4634 attigit.
1245 4562 1473 4621 Veteres
1516 4567 1904 4636 inscriptiones
1935 4585 2042 4624 nou

460 4655 698 4726 amplius
727 4669 890 4724 quam
920 4671 949 4709 v
977 4655 1292 4710 tribunitias
1334 4663 1634 4723 potestates
1668 4649 1938 4712 referunt.

532 4747 694 4804 Μετὰ
747 4747 964 4803 τοῦτον
1014 4748 1377 4802 ἐϐασίλευσε
1433 4748 1697 4814 Τὰκιτος.
1768 4748 1872 4803 Sex
1925 4750 2048 4806 illos

459 4856 682 4896 menses
733 4841 855 4894 iniit
890 4855 958 4894 ex
1003 4841 1068 4894 A.
1099 4840 1160 4893 D.
1195 4857 1267 4894 vn
1298 4840 1416 4894 Kal.
1455 4839 1577 4896 Oct.
1611 4841 1739 4895 anni
1769 4839 1895 4900 275.
1926 4857 2048 4909 pcr-

459 4930 729 5000 duxitque
756 4930 822 4984 ad
854 4929 1091 4997 Aprilem
1133 4931 1261 4984 anni
1297 4930 1423 4984 276.
1452 4931 1617 5000 Atqui
1655 4931 1709 4985 iu
1742 4931 2051 5000 inscriptio-

460 5025 628 5080 nibus
657 5021 898 5084 Gruteri,
918 5035 1042 5090 pag.
1080 5019 1405 5083 277,exstat
1435 5036 1561 5085 una,
1587 5036 1708 5090 qua:
1740 5019 1931 5075 Tacito
1963 5021 2051 5075 tri-

460 5113 704 5170 bunitias
738 5120 1036 5184 potestates
1089 5127 1125 5165 ll
1182 5119 1418 5182 arrogat.
1447 5111 1564 5165 Non
1597 5112 1760 5181 igitur
1787 5127 1850 5164 ex
1885 5111 2051 5166 tribu-

464 5207 612 5261 nitize
627 5204 913 5275 potestatis
933 5219 1162 5258 numero
1177 5203 1393 5274 imperii
1412 5211 1624 5272 tempus
1642 5202 2049 5258 aestimandum.

465 5296 530 5351 Et
564 5304 822 5366 apparet,
863 5296 968 5351 nisi
999 5294 1336 5352 tribunitiam
1364 5301 1686 5364 potestatem
1729 5298 1854 5345 ante
1883 5292 2054 5360 impe-

467 5388 607 5440 rium
651 5397 844 5440 nactus
886 5387 957 5440 sit
991 5383 1238 5448 Tacitus,
1273 5383 1415 5438 hanc
1454 5384 1527 5437 illi
1561 5381 1888 5452 geminatam
1929 5396 2054 5436 esse

467 5475 914 5532 ineunteJuliano
928 5491 1093 5541 anno,
1108 5491 1172 5530 ac
1193 5490 1336 5530 nono
1349 5474 1656 5538 consulatu,
1677 5472 1812 5528 adeo
1831 5480 1889 5526 ut
1903 5471 2054 5541 prior

469 5565 760 5622 tribunitia
785 5575 1029 5637 potestas
1057 5574 1170 5622 tres
1198 5567 1464 5618 duntaxat
1493 5576 1706 5617 menses
1730 5559 2008 5628 occuparit
2037 5577 2052 5614 :

466 5654 616 5726 quod
653 5665 835 5711 utrum
889 5660 942 5712 in
989 5659 1111 5713 aliis
1143 5657 1450 5712 factitatum
1510 5653 1777 5708 allirmare
1809 5652 2052 5707 nondum

469 5739 840 5799 audeo..Saue
866 5746 1154 5813 potestatis
1181 5741 1341 5798 istius
1371 5739 1616 5810 repetitio
1651 5755 1760 5797 non
1791 5743 2053 5810 perpauo

2151 4563 2301 4626 nuit;
2347 4561 2416 4615 de
2459 4562 2619 4629 cujus
2659 4562 2873 4631 imperii
2913 4572 3154 4631 tempore
3195 4563 3453 4617 nonnulla
3488 4568 3747 4622 estinter

2148 4651 2435 4721 primarios
2459 4660 2715 4705 auctores
2741 4652 3021 4707 dissensio
3054 4671 3066 4704 :
3100 4669 3225 4706 nam
3261 4652 3538 4723 Vopiscus
3565 4671 3750 4714 annos

2150 4743 2225 4796 illi
2255 4757 2286 4794 v
2314 4741 2584 4796 duntaxat
2616 4743 2898 4808 attribuit;
2930 4744 3108 4798 cmtcri
3153 4760 3205 4797 vt
3251 4754 3352 4798 aut.
3375 4760 3446 4798 vn
3473 4762 3489 4807 ;
3520 4747 3632 4802 hoc
3661 4759 3756 4804 est

2150 4847 2324 4886 annos
2370 4831 2576 4886 solidos
2615 4849 2690 4895 vn,
2716 4841 2772 4888 et
2815 4850 3033 4888 menses
3067 4851 3138 4889 tv.
3177 4833 3252 4889 lta
3296 4834 3622 4904 Eutropius,
3657 4838 3758 4892 Vi-

2149 4933 2289 4989 ctor,
2323 4922 2590 4980 Eusebius
2629 4933 2684 4978 et
2739 4939 2806 4979 ex
2846 4925 3082 4980 Eusebio
3125 4937 3314 4982 noster
3347 4945 3359 4980 :
3387 4926 3654 4987 Julianus
3694 4934 3759 4988 in

2151 5014 2476 5080 Ca'saribus,
2513 5015 2898 5079 Cassiodorus,
2947 5017 3038 5071 alii
3074 5015 3246 5073 ferme
3291 5034 3511 5085 omnes,
3543 5031 3763 5091 praeter

2155 5119 2322 5157 unum
2343 5102 2662 5173 Vopiscum.
2686 5104 3054 5170 Quamobrem
3080 5109 3173 5178 qui
3203 5124 3333 5165 suos
3361 5110 3607 5168 Annales
3639 5133 3766 5172 uno

2154 5210 2299 5248 anno
2333 5195 2414 5248 vel
2451 5195 2670 5249 biennio
2710 5197 2976 5253 hactenus
3004 5209 3432 5263 anteverterant,
3479 5202 3766 5266 detractis

2155 5286 2376 5340 totidem
2427 5303 2493 5340 ex
2545 5288 2776 5358 imperio
2827 5291 3012 5354 Probi,
3068 5307 3192 5346 cum
3243 5291 3584 5363 Dionysiana
3641 5315 3767 5357 aera

2155 5376 2412 5446 deinceps
2457 5379 2608 5447 paria
2656 5378 2922 5436 fecerunt.
2953 5383 3238 5452 Augustus
3276 5383 3586 5452 imperator
3612 5390 3770 5448 obiit

2155 5467 2370 5524 duobus
2389 5468 2570 5527 Sextis
2599 5485 2769 5535 coss.,
2798 5483 2857 5528 ut
2886 5485 3078 5528 auctor
3115 5484 3201 5530 est
3225 5474 3527 5533 Suetonius
3546 5490 3611 5534 et
3631 5480 3769 5540 Dio.

2157 5559 2364 5616 llorum
2395 5579 2522 5618 vero
2555 5566 2896 5630 consulatus,
2926 5576 2986 5620 ut
3033 5576 3088 5622 et
3133 5582 3286 5622 mors
3312 5567 3574 5637 Augusti,
3613 5589 3780 5631 con-

2157 5651 2303 5722 gruit
2339 5667 2484 5706 anno
2513 5651 2730 5706 Juliano
2759 5653 2848 5719 59,
2891 5652 3241 5726 Dionysiauae
3268 5669 3392 5711 aera:
3415 5668 3508 5711 ιιν
3546 5677 3562 5713 :
3599 5667 3780 5731 quod

2158 5744 2293 5800 solis
2311 5744 2527 5815 eclipsis
2555 5743 2776 5813 indicat,
2810 5760 2929 5817 qua:
2954 5748 3060 5802 sub
3095 5747 3216 5820 ejus
3245 5756 3480 5804 mortem
3511 5753 3772 5815 accidit.-
