4028 6220
467 298 572 356 567

1597 293 1944 350 APPEN‘DIX
1984 293 2537 355 DISSERTATIONU
2549 300 2592 354 Μ

3589 302 3680 358 568

467 419 626 482 bum,
651 416 742 486 qui
773 430 801 469 a
832 414 1024 471 Tacito
1055 414 1313 485 primunt,
1342 419 1401 467 ut
1427 424 1674 484 apparet,
1701 416 2045 471 consulatum
2079 420 2122 475 A
2151 418 2454 472 auctoritas
2477 417 2732 480 accessit,
2785 418 2930 487 quod
2960 418 3029 472 iis
3054 418 3239 473 verbis
3264 415 3517 486 Vopiscus
3537 419 3679 488 signi-

468 511 738 572 obtinuit,
770 506 1231 578 quemadmodum
1261 503 1487 561 Tacitus
1516 507 1744 574 ipsemet
1769 506 1912 576 apud
1943 505 2048 560 Vo-

471 603 684 672 piscum
724 602 780 656 in
823 599 1058 671 quadam
1093 603 1161 650 ad
1200 597 1436 652 Probum
1469 599 1691 666 epistola
1723 600 1997 670 significat
2030 640 2046 667 ,

468 708 631 762 quant
666 693 740 745 ita
781 689 1102 744 concludit:
1138 686 1209 743 Te
1249 690 1392 744 enim
1433 701 1608 745 manet
1637 707 1733 759 pro
1767 692 2048 746 virtutibus

469 783 576 835 tuis
600 779 906 849 Capitolina
934 780 1199 848 palmata.
1237 779 1315 834 Ex
1344 796 1455 850 quo
1487 782 1711 837 minime
1734 790 1892 837 antea
1914 781 2051 836 Pro-

469 873 574 928 bus
631 872 844 926 videtur
900 873 1246 926 consulatum
1301 871 1554 943 adeptus.
1610 873 1881 938 Quocirca
1927 881 2052 942 post

470 965 720 1020 Tacitum
770 971 824 1017 et
866 962 1226 1018 ASmilianum
1274 964 1600 1034 subjiciendi
1641 973 1771 1019 sunt
1817 963 2050 1032 Probus,

472 1057 753 1119 Paulinus,
779 1070 844 1109 ac
867 1054 1127 1125 deinceps
1151 1056 1357 1110 czcteri.
1390 1055 1782 1125 Conjecturam
1805 1063 2050 1110 nostram

469 1148 694 1217 adjuvat
726 1148 927 1204 Leonis
967 1147 1058 1202 ille
1093 1148 1270 1211 locus,
1303 1164 1463 1218 quem
1501 1148 1568 1202 ad
1611 1147 1846 1202 Manich.
1881 1147 2053 1201 haere-

472 1241 557 1294 sin
586 1241 893 1301 attulimus,
928 1239 1019 1292 ubi
1055 1237 1296 1292 Probum
1333 1240 1474 1308 Aug.
1505 1245 1559 1292 et
1589 1236 1881 1292 Paulinum
1902 1252 2050 1293 coss.

473 1331 738 1386 nominat.
783 1328 963 1384 Redeo
988 1329 1097 1397 jam
1132 1328 1198 1381 ad
1233 1328 1396 1382 Probi
1429 1329 1780 1397 imperatoris
1809 1328 2050 1382 initium.

471 1421 643 1486 Quem
681 1435 806 1473 cum
843 1433 1046 1472 annum
1073 1419 1367 1473 inchoasse
1399 1419 1695 1488 septimum
1723 1419 1898 1488 major
1925 1434 2053 1488 pars

472 1521 716 1565 veterum
753 1511 1086 1580 scriptorum
1121 1511 1418 1574 existimet,
1470 1525 1572 1564 nos
1617 1510 1855 1580 cmpisse
1900 1510 2052 1564 illum

472 1603 810 1657 arbitramur
854 1618 1000 1658 anno
1039 1602 1244 1657 Christi
1278 1602 1407 1666 276,
1445 1601 1638 1658 Tacito
1670 1611 1724 1657 et
1755 1601 2053 1657 IEmiliano

470 1708 644 1754 coss.,
688 1707 875 1747 mense
919 1692 1140 1748 circiter
1183 1693 1376 1762 Aprili,
1423 1704 1546 1763 post
1593 1693 1767 1748 Taciti
1798 1703 2052 1760 mortem,

471 1785 566 1851 qui
610 1784 677 1837 ils
712 1798 861 1838 coss.
907 1783 1067 1846 obiit,
1112 1799 1236 1837 cum
1269 1799 1363 1839 sex
1396 1785 1680 1841 mensibus
1708 1785 2052 1856 imperasset.

471 1875 622 1928 Obiit
671 1889 802 1930 vero
856 1873 1068 1929 Probus
1121 1875 1374 1929 inchoato
1411 1875 1524 1944 jam
1581 1877 1816 1946 septimo
1847 1875 2054 1932 Christi

472 1984 620 2022 anno
647 1966 772 2021 282.
815 1967 1034 2023 Primus
1068 1967 1190 2037 ejus
1224 1967 1568 2032 consulatus,
1605 1969 1652 2024 si
1687 1969 1932 2039 quinque
1965 1984 2058 2024 so-

475 2063 556 2114 los
588 2063 779 2130 gessit,
812 2061 1069 2114 convenit
1095 2076 1241 2116 anno
1272 2059 1401 2125 277,
1430 2075 1541 2131 quo
1570 2059 1863 2114 Paulinum
1889 2061 2058 2116 colle-

473 2167 597 2223 gain
633 2151 838 2204 habuit.
873 2150 969 2204 Sin
1005 2167 1054 2205 vt
1084 2152 1280 2218 consul
1322 2150 1444 2216 fuit,
1480 2160 1541 2205 ut
1581 2151 1705 2206 aliis
1737 2152 1914 2208 visum
1951 2163 2056 2219 est,

477 2246 688 2312 primus
716 2245 1030 2299 ordinarius
1060 2259 1168 2298 non
1199 2243 1390 2310 fuerit,
1429 2243 1524 2298 sed
1561 2243 1826 2300 sulTectus
1862 2229 2057 2300 eodem

478 2335 599 2402 ipso
624 2350 788 2397 anno,
813 2350 924 2403 quo
943 2333 1168 2387 Tacitus
1197 2333 1394 2403 gessit;
1428 2332 1482 2385 in
1514 2348 1623 2402 quo
1649 2332 1862 2388 fortean
1897 2333 2060 2388 Scor-

478 2425 699 2494 pianuut
737 2423 1000 2492 collegam
1032 2430 1226 2475 nactus
1261 2433 1378 2484 est,
1415 2423 1507 2490 qui
1539 2424 1730 2476 eodem
1772 2423 1892 2492 ipso
1915 2437 2059 2477 anno

475 2517 671 2568 consul
721 2513 948 2568 exstitit.
1005 2513 1146 2566 Nam
1199 2511 1469 2582 Vopiscus
1514 2513 1570 2565 in
1628 2512 1803 2566 Probo
1843 2513 2056 2579 scribit,

475 2603 684 2657 .‘Elium
721 2602 1074 2670 Scorpianum
1110 2618 1220 2656 cos.
1249 2604 1309 2654 de
1353 2601 1518 2656 Probi
1554 2603 1738 2671 imper.
1777 2603 1968 2657 litteris
1991 2604 2060 2656 ad

476 2703 718 2747 senatum
754 2693 1023 2747 retulisse.
1074 2693 1181 2748 Sed
1213 2709 1279 2748 ex
1309 2694 1500 2749 eodem
1541 2694 1646 2750 isto
1681 2695 1901 2766 V0pisci
1938 2697 2060 2751 loco

477 2785 662 2856 gravis
698 2800 760 2838 ac
803 2783 1134 2854 perdifﬁcilis
1167 2785 1344 2839 oritur
1376 2786 1627 2855 quaastio.
1669 2785 1880 2841 Etenim
1920 2785 2059 2841 Pro-

478 2878 582 2930 bus
612 2875 943 2930 militaribus
966 2874 1244 2945 suffragiis
1267 2875 1560 2945 imperium
1589 2877 1820 2947 adeptus
1849 2877 2060 2933 litteras

477 2971 544 3024 ad
565 2978 813 3024 senatum
836 2969 1015 3032 dedit,
1040 2984 1272 3039 quarum
1293 2968 1401 3022 hoc
1430 2977 1515 3024 cst
1562 2971 1848 3024 exordium
1872 2986 1884 3022 :
1909 2969 2063 3025 Recte

2154 509 2308 564 ficat:
2342 509 2428 563 Ita
2454 511 2502 564 ei
2531 511 2645 562 sine
2674 508 2789 562 ulla
2822 509 3064 562 molestia
3093 509 3257 562 totius
3286 508 3421 561 orbis
3444 511 3680 577 imperium

2150 608 2200 650 et
2233 599 2463 651 militum
2495 607 2545 652 et
2579 609 2794 651 senatus
2829 596 3039 666 judicio
3089 597 3321 651 delatum
3351 609 3444 653 est.
3473 595 3596 651 Tum
3628 600 3684 654 il-

2151 690 2243 746 lud
2278 698 2601 761 argumento
2631 699 2733 755 est,
2765 689 2910 760 quod
2937 688 3082 742 haud
3110 689 3299 758 procul
3323 688 3492 752 Italia,
3522 704 3686 760 nempe

2153 781 2209 835 in
2253 781 2491 851 Illyrico,
2540 788 2600 836 ut
2635 781 2713 834 ait
2741 779 2954 846 Victor,
2990 795 3020 834 a
3060 780 3329 835 militibus
3361 787 3445 833 est
3475 787 3686 835 creatus.

2151 873 2330 940 Quare
2367 874 2557 942 paucis
2581 872 2778 928 diebus
2812 872 3028 927 senatui
3062 872 3164 924 hoc
3195 868 3490 940 significari
3521 871 3688 939 potuit.

2221 964 2383 1017 Μετά
2425 962 2642 1016 τοῦτον
2673 962 3038 1016 ἐϐασίλευσε
3079 960 3293 1028 Κᾱρος.
3351 959 3508 1013 Recte
3545 974 3693 1015 annos

2152 1054 2293 1109 duos
2329 1054 2506 1108 tribus
2540 1052 2968 1123 imperatoribus
2997 1060 3051 1107 et
3088 1051 3198 1113 hic,
3229 1058 3286 1104 et
3319 1050 3598 1111 Eusebius,
3626 1060 3696 1103 at-

2153 1161 2260 1216 que
2285 1145 2518 1200 Orosius
2552 1144 2828 1214 imputant
2865 1161 2878 1196 :
2911 1143 2980 1196 ab
3009 1141 3171 1195 initio
3205 1141 3460 1195 videlicet
3495 1139 3611 1194 Cari
3643 1141 3696 1195 ad

2154 1239 2369 1292 initium
2389 1236 2733 1293 Diocletiani.
2767 1233 2887 1289 Non
2918 1243 3102 1289 tamen
3135 1233 3299 1289 solidi
3334 1234 3422 1288 isti
3457 1241 3596 1298 sunt,
3620 1235 3698 1288 sed

2153 1331 2362 1400 aliquot
2396 1330 2680 1384 mensibus
2715 1327 2993 1384 secundus
3026 1327 3345 1382 inchoatur.
3403 1324 3457 1378 In
3505 1323 3698 1377 Annali-

2156 1424 2250 1477 bus
2297 1421 2673 1476 ecclesiasticis
2735 1419 2901 1474 Probi
2960 1419 3214 1489 imperat.
3273 1417 3454 1472 obitus
3506 1424 3695 1470 notatur

2156 1528 2303 1568 anno
2331 1513 2538 1568 Christi
2565 1512 2689 1575 285,
2723 1512 2865 1567 Caro
2897 1521 2952 1566 et
2983 1511 3185 1566 Carino
3225 1525 3399 1574 coss.;
3437 1509 3703 1579 eodemque

2156 1622 2302 1662 anno
2341 1605 2514 1661 Carus
2547 1620 2670 1660 cum
2718 1603 2919 1659 Carino
2967 1612 3020 1658 et
3046 1601 3382 1657 Numeriano
3422 1601 3540 1657 filiis
3573 1615 3704 1655 exor-

2158 1715 2253 1755 sus
2300 1705 2406 1754 est.
2469 1697 2598 1751 Cari
2647 1707 2825 1751 autem
2872 1696 3052 1750 exitus
3093 1693 3383 1750 confertur
3433 1695 3485 1747 in
3532 1707 3704 1746 annum

2162 1791 2368 1846 Christi
2409 1789 2534 1852 284,
2579 1787 2780 1843 Carino
2812 1785 2854 1839 Il
2891 1797 2945 1841 et
2986 1783 3328 1840 Numeriano
3359 1783 3402 1837 ll
3444 1799 3582 1839 coss.
3610 1781 3708 1850 Quo

2164 1883 2329 1937 etiam
2365 1897 2510 1936 anno
2531 1878 2866 1934 Numeriano
2896 1892 3060 1946 caeso,
3098 1877 3436 1947 subrogatus
3464 1883 3544 1930 est
3570 1889 3597 1927 a
3622 1875 3707 1928 nti-

2163 1975 2353 2030 litibus
2380 1970 2772 2034 Diocletianus,
2809 1967 3070 2025 Palilibus
3106 1968 3272 2039 ipsis,
3316 1974 3374 2022 ut
3397 1982 3460 2023 ex
3497 1965 3712 2037 Panegy-

2166 2067 2283 2122 rico
2322 2065 2609 2137 probatur.
2652 2059 2852 2115 Verum
2893 2077 2960 2116 ex
3001 2076 3066 2115 eo
3117 2060 3394 2130 sequitur,
3429 2059 3516 2113 vix
3563 2056 3713 2111 tribus

2167 2166 2477 2230 quatuorve
2520 2153 2803 2210 mensibus
2838 2153 3142 2222 imperasse
3173 2150 3410 2217 Carum;
3449 2147 3585 2221 quod
3610 2161 3712 2202 cum

2167 2249 2401 2305 historia
2461 2253 2688 2317 pugnat.
2738 2244 2951 2299 Probus
3006 2242 3318 2312 imperator
3370 2256 3548 2296 mense
3590 2236 3712 2292 Julio

2167 2344 2408 2407 circiter,
2443 2348 2501 2394 ut
2549 2339 2712 2408 paulo
2751 2348 2876 2393 ante
2918 2336 3263 2391 declaratum
3312 2342 3416 2396 est,
3464 2329 3713 2401 imperium

2167 2433 2326 2494 iniit;
2359 2439 2414 2486 et
2451 2437 2654 2500 quarto
2682 2442 2871 2482 mense
2901 2439 3068 2495 supra
3106 2432 3328 2479 sextum
3363 2435 3557 2476 annum
3581 2417 3714 2480 obiit,

2168 2539 2355 2580 mense
2381 2522 2493 2578 fere
2521 2517 2847 2584 Novembri;
2896 2516 3040 2571 unde
3083 2531 3324 2572 exorsus
3361 2524 3444 2570 est
3471 2512 3646 2574 Carus,
3676 2524 3718 2562 tv

2167 2616 2307 2671 Non.
2343 2614 2632 2677 Novemb.,
2666 2619 2725 2667 ut
2763 2619 2956 2664 auctor
2984 2616 3069 2664 est
3101 2606 3396 2663 Onufrins.
3434 2605 3507 2659 Ex
3532 2619 3578 2658 a.
3605 2602 3652 2656 d.
3677 2616 3718 2653 IV

2168 2709 2307 2762 Non.
2342 2705 2632 2762 Novembr.
2677 2704 2806 2759 anni
2846 2703 2954 2758 285
2993 2701 3059 2756 ad
3086 2715 3140 2755 ιι
3171 2699 3300 2754 Kal.
3334 2698 3478 2763 Maii,
3505 2695 3608 2751 sive
3633 2692 3718 2746 Pa-

2169 2802 2284 2855 lilia
2317 2799 2448 2854 anni
2486 2797 2790 2868 sequentis,
2825 2809 2934 2866 quo
2963 2793 3131 2870 cm‘pit
3171 2790 3562 2848 Diocletianus,
3593 2799 3722 2838 men-

2171 2911 2259 2951 scs
2286 2901 2414 2949 sunt
2447 2908 2502 2955 v,
2539 2891 2656 2946 dies
2693 2889 2808 2945 fere
2847 2904 2937 2942 xx.
3000 2884 3258 2939 Totidem
3295 2883 3521 2939 Cariae
3552 2877 3721 2932 Nume-

2170 2989 2314 3043 riani
2345 2985 2576 3056 imperio
2599 2982 2874 3039 eximendi
2908 2986 3058 3035 sunt.
3093 2979 3168 3032 lta
3199 2977 3383 3032 Carus
3405 2969 3722 3045 paucissimis

480 3073 637 3131 atque
670 3061 874 3125 ordine,
909 3059 976 3115 P.
1007 3059 1092 3122 C.,
1117 3060 1360 3127 proximo
1393 3061 1659 3127 superiore
1692 3078 1832 3115 anno
1861 3062 2061 3130 factum

2172 3073 2453 3131 mensibus
2501 3071 2811 3142 imperavit.
2866 3068 3033 3138 Atqui
3081 3065 3166 3121 vel
3223 3059 3727 3160 Numerianus'ipse

478 3162 580 3216 est,
615 3162 670 3203 ut
706 3160 876 3205 vestra
904 3150 1183 3204 clementia
1215 3150 1329 3203 orbi
1361 3159 1627 3204 terrarum
1651 3154 1938 3221 principem
1966 3153 2064 3207 da-

481 3250 582 3303 ret,
625 3249 730 3294 etc.
774 3239 910 3291 Tum
945 3251 1326 3294 senatuscons.
1360 3238 1656 3308 subjicitur
1686 3259 1699 3294 :
1729 3241 1822 3295 Die
1856 3259 1912 3295 ιιι
1951 3241 2070 3298 Νο-

483 3349 580 3387 nas
633 3329 958 3384 Februarias
1011 3332 1066 3384 in
1117 3329 1228 3384 crde
1279 3329 1614 3396 Concordiw,
1667 3333 1804 3387 inter
1853 3343 2067 3398 cwtera,

484 3422 667 3480 {Elius
703 3422 1032 3489 Scorpianus
1069 3439 1175 3476 cos.
1209 3423 1339 3474 dicit
1373 3438 1391 3476 :
1424 3422 1688 3488 Audistis,
1737 3435 1916 3494 patres
1941 3442 2070 3481 con-

483 3516 694 3586 scripti,
732 3514 940 3571 litteras
994 3514 1201 3569 Aurelii
1259 3513 1460 3568 Valerii
1501 3513 1707 3570 Probi:
1735 3517 1800 3571 de
1832 3519 1914 3574 Itis
1943 3519 2070 3588 quid

484 3607 734 3661 videtur?
777 3605 914 3659 Acta
959 3605 1076 3660 haec
1123 3612 1340 3674 oportet
1381 3621 1506 3661 esse
1539 3607 1791 3677 proximo
1821 3624 1969 3664 anno
2002 3611 2071 3665 ab

483 3713 569 3759 co,
618 3711 728 3766 quo
776 3694 1001 3749 Tacitus
1053 3711 1082 3748 a
1127 3703 1321 3750 senatu
1363 3697 1665 3766 imperator
1715 3705 1801 3752 est
1843 3697 2065 3754 factus:

484 3785 630 3856 quod
677 3788 792 3840 haec
828 3787 992 3840 verba
1033 3785 1415 3841 demonstrant
1449 3805 1462 3842 :
1505 3789 1750 3857 proximo
1801 3790 2070 3858 superiore

485 3896 625 3934 anno
653 3879 854 3948 factum
883 3887 982 3931 est.
1021 3876 1195 3932 Porro
1235 3875 1460 3934 Tacitus
1488 3895 1561 3932 vn
1594 3878 1716 3933 Kal.
1752 3878 1872 3958 Oct.
1901 3881 2068 3951 impc-

485 3981 638 4026 rator
684 3987 714 4025 a
757 3978 952 4025 senatu
994 3969 1342 4024 renuntiatus
1379 3979 1484 4037 est,
1526 3981 1586 4025 ut
1620 3972 1762 4027 idem
1797 3971 2070 4041 Vopiscus

487 4062 676 4116 refert.
727 4063 1021 4136 Imperavit
1071 4079 1116 4115 vt
1162 4077 1403 4127 menses,
1459 4063 1595 4127 sive,
1639 4071 1699 4117 ut
1739 4065 1816 4116 ait
1857 4063 2067 4130 Victor,

488 4154 607 4208 dies
636 4169 720 4218 cc,
757 4153 848 4222 qui
880 4168 947 4207 ex
986 4168 1036 4207 a.
1071 4152 1126 4206 d.
1168 4167 1243 4206 vn
1276 4151 1398 4206 Kal.
1441 4151 1561 4207 Oct.
1607 4153 1777 4222 putati
1809 4153 2070 4208 desinunt

487 4248 544 4303 lu
573 4246 716 4315 prid.
750 4246 826 4300 Id.
860 4246 1018 4314 Apr.,
1046 4247 1163 4301 sive
1187 4244 1392 4312 Aprilis
1425 4261 1524 4298 xu.
1553 4246 1716 4314 Atqui
1753 4260 1858 4298 non
1883 4245 2066 4300 statim

488 4347 615 4409 post
653 4338 828 4390 Taciti
870 4345 1098 4390 mortem
1145 4337 1365 4405 scripta:
1409 4343 1537 4390 sunt
1579 4350 1610 4387 a
1642 4334 1819 4389 Probo
1851 4336 2064 4398 littera},

2171 3170 2296 3233 post
2343 3160 2471 3215 Cari
2533 3172 2723 3212 necem
2777 3151 3098 3224 aliquandiu
3152 3165 3294 3204 cun:
3347 3147 3543 3202 Carino
3590 3143 3730 3198 fratre

2170 3249 2464 3322 imperium
2503 3246 2704 3311 tenuit,
2732 3255 2789 3299 ut
2828 3244 2990 3315 paulo
3021 3247 3144 3312 post
3178 3237 3529 3295 ostendetur.

2239 3340 2477 3396 Necesse
2522 3345 2606 3394 est
2661 3336 2828 3406 igitur
2874 3333 3091 3387 initium
3133 3330 3260 3385 Cari
3321 3337 3555 3385 statuere
3601 3337 3724 3378 anno

2169 3430 2374 3487 Christi
2423 3429 2550 3485 282.
2601 3427 2722 3494 Quo
2766 3432 3016 3488 mortuo,
3070 3422 3352 3476 incertum
3396 3435 3503 3491 quo
3546 3428 3727 3473 mense.

2171 3538 2316 3578 anno
2345 3521 2571 3593 quidem
2600 3520 2728 3583 283,
2761 3532 2826 3572 ac
2859 3515 3098 3570 fortasse
3139 3514 3251 3584 jam
3303 3514 3610 3575 inclinante,
3638 3505 3730 3560 Nu-

2171 3614 2456 3669 merianus
2513 3618 2568 3666 et
2623 3608 2862 3664 Carinas
2923 3607 3134 3674 aliquot
3187 3604 3481 3659 mensibus
3531 3597 3730 3668 imperio

2170 3701 2523 3773 praefuerunt.
2556 3698 2615 3753 In
2649 3707 2755 3753 vet.
2805 3696 3053 3764 inscript.
3083 3693 3376 3747 tribuuitia
3411 3695 3640 3762 potestas
3660 3684 3730 3738 bis

2177 3794 2321 3849 Caro
2369 3791 2657 3852 tribuitur,
2707 3788 2852 3859 apud
2897 3785 3197 3841 Grutcrnm
3238 3798 3371 3854 pag.
3411 3781 3516 3836 277
3547 3786 3596 3833 et
3621 3773 3727 3830 278.

2171 3885 2304 3940 Nam
2331 3892 2447 3940 tres
2472 3883 2712 3954 priorem
2750 3878 3093 3934 tribunitiam
3129 3881 3459 3943 potestatem
3495 3868 3728 3954 indicant.

2170 3975 2307 4029 nn).
2356 3953 2533 4029 ωε.
2594 3969 2756 4025 AUG.
2814 3964 3018 4023 CARO.
3065 3963 3196 4018 PIO.
3243 3962 3403 4016 FEL.
3459 3953 3729 4014 umero.

2171 4065 2379 4122 PONT.
2415 4063 2583 4118 MAX.
2609 4061 2724 4116 TR.
2754 4058 2909 4116 POT.
2943 4057 3005 4110 Ρ.
3027 4055 3088 4109 Ρ.
3114 4052 3417 4109 PROCOS.
3443 4051 3559 4105 Alia
3579 4047 3731 4102 eidem

2171 4159 2516 4215 tribunitiam
2539 4161 2864 4226 potestatem
2889 4167 2926 4206 ιι
2948 4156 3167 4221 arrogat
3209 4147 3348 4213 Quae
3371 4162 3460 4201 res
3491 4152 3544 4200 et
3574 4141 3732 4194 Amia-

2171 4253 2305 4306 lium
2350 4247 2727 4306 observationi
2771 4243 3100 4315 praescribit,
3145 4249 3202 4296 et
3239 4240 3614 4310 conjecturam
3649 4247 3734 4284 no-

2172 4351 2344 4398 stram
2397 4341 2650 4403 afﬁrmat,
2701 4351 2810 4407 qua
2863 4333 3206 4389 tribunitiam
3256 4337 3583 4401 potestatem
3629 4320 3730 4377 Kal.

488 4429 582 4483 δε]
611 4437 730 4496 POSt
757 4440 944 4480 “eccm
978 4423 1240 4487 Florianio
1267 4433 1328 4478 υι
1353 4425 1788 4493 eademcl’iﬁwla
1806 4424 2073 4483 ἀθειειηη-
2110 4444 2152 4499 ι)
2179 4433 2304 4489 Jan.
2355 4431 2644 4502 repetitam
2691 4425 2968 4482 interdum
3001 4423 3367 4477 ostendimus.
3400 4420 3584 4489 Neque
3609 4412 3732 4469 enim

489 4521 782 4575 Florianus
819 4533 948 4573 vero
977 4532 1196 4573 menses
1225 4517 1387 4575 duos.
1420 4525 1480 4570 ut
1511 4522 1586 4571 ait
1621 4517 1894 4587 Vopiscus
1916 4559 1930 4581 ,
1958 4521 2074 4577 sive

492 4633 557 4670 Ix
604 4615 744 4677 dies,
793 4622 853 4667 ut
901 4621 1094 4667 auctor
1139 4618 1224 4665 est
1275 4608 1484 4670 Victor,
1531 4608 1822 4678 imperium
1873 4611 2072 4675 tenuit,

491 4722 687 4774 nempe
724 4703 789 4757 ad
822 4720 880 4758 ιιι
916 4703 990 4758 ld.
1034 4701 1229 4756 Jalias.
1265 4699 1453 4770 Adjice
1501 4715 1648 4754 nunc
1682 4699 1801 4757 dies
1838 4701 2071 4772 aliquot,

489 4801 581 4867 qui
612 4815 640 4852 a
673 4796 914 4851 Floriani
945 4796 1097 4850 obitu
1126 4796 1190 4850 ad
1221 4795 1374 4848 illum
1409 4793 1551 4848 diem
1583 4793 1753 4862 elapsi
1784 4802 1935 4852 sunt,
1964 4811 2074 4862 quo

492 4890 736 4960 acceptis
785 4890 983 4943 litteris
1017 4901 1399 4943 senatuscons.
1441 4893 1524 4940 est
1561 4885 1788 4937 factum.
1834 4883 2075 4947 Quomo-

492 4983 564 5035 do
596 4997 653 5035 ιιι
691 4979 873 5034 Nonas
903 4977 1063 5033 Febr.
1096 4977 1252 5031 lccta:
1285 4977 1340 5030 in
1364 4985 1558 5031 senatu
1587 4974 1748 5028 Probi
1778 4974 1971 5026 littera:
1997 4972 2077 5024 di-

494 5071 732 5128 cuntur?
781 5069 950 5124 Miror
991 5068 1282 5136 diligentes
1323 5068 1608 5126 homines,
1651 5065 1743 5134 qui
1782 5065 2071 5117 historiam

499 5163 646 5216 illaut
679 5157 1093 5214 commentariis
1115 5157 1232 5211 suis
1263 5157 1630 5220 illustrarunt,
1658 5162 1766 5207 tam
1802 5153 2072 5220 insignem

497 5257 675 5309 locum
711 5252 1152 5322 praetermisisse.
1192 5249 1441 5305 Mcndum
1477 5250 1642 5320 igitur
1673 5255 1758 5302 est
1787 5245 1929 5316 apud
1963 5245 2073 5300 Vo-

499 5349 743 5415 piscum;
774 5345 919 5411 quod
945 5345 990 5400 is
1020 5344 1321 5404 sustulerit,
1346 5343 1438 5410 qui
1471 5355 1569 5411 pro
1597 5338 1944 5400 Februarias,
1969 5338 2078 5391 Au-

499 5444 683 5507 gustas
714 5433 1080 5489 substituerit.
1113 5432 1301 5502 Neque
1329 5432 1474 5487 enim
1502 5431 1804 5486 verisimile
1822 5442 1923 5492 est,
1951 5438 2077 5499 post

503 5537 576 5579 vn
607 5526 719 5580 fere
752 5541 990 5590 menses,
1033 5541 1195 5594 quam
1231 5541 1259 5577 a
1293 5523 1559 5577 militibus
1584 5522 1796 5576 electus
1831 5529 1937 5585 est,
1973 5521 2076 5574 im-

502 5615 710 5682 purium
736 5616 908 5671 Probo
927 5619 992 5672 ab
1010 5627 1202 5672 senatu
1221 5631 1342 5671 esse
1361 5614 1768 5679 confirmatum,
1789 5629 1932 5668 anno
1946 5613 2075 5666 277.

507 5705 643 5774 Quia
679 5722 786 5760 non
830 5708 987 5780 longe
1032 5718 1157 5780 post
1206 5708 1443 5766 militare
1488 5704 1808 5775 suffragium
1856 5715 2079 5764 seruitus

2176 4527 2354 4580 Carus
2383 4531 2508 4578 ante
2534 4520 2824 4592 imperium
2857 4517 3004 4572 illam
3032 4523 3116 4570 est
3145 4514 3380 4583 adeptus
3405 4533 3421 4568 :
3449 4525 3572 4567 cum
3605 4504 3736 4578 prior

2179 4614 2464 4668 tribunitia
2507 4617 2771 4680 potestas,
2822 4614 2883 4661 ut
2922 4620 2992 4660 ex
3037 4604 3317 4675 lapidibus
3370 4608 3604 4660 constat,
3637 4596 3732 4665 jam

2179 4707 2423 4773 Angusto
2451 4711 2504 4756 et
2534 4699 2846 4768 imperatori
2876 4697 3188 4766 contigerit.
3224 4694 3289 4748 Et
3324 4705 3508 4748 tamen
3547 4691 3632 4744 vix
3666 4692 3738 4739 est

2179 4801 2237 4845 ut
2278 4803 2482 4842 annum
2529 4789 2850 4843 accesserit.
2888 4789 3020 4852 lmo,
3057 4786 3101 4841 si
3135 4799 3242 4855 qua
3277 4783 3412 4839 fides
3439 4777 3736 4837 Annalibus,

2178 4879 2545 4952 paucissimos
2584 4892 2804 4934 menses
2836 4879 3143 4948 imperavit.
3180 4876 3447 4946 Superest
3481 4873 3618 4926 alius
3649 4881 3736 4920 no-

2176 4975 2301 5037 dus,
2345 4987 2508 5042 quem
2545 4970 2808 5040 implicat,
2865 4985 2974 5025 non
3009 4968 3264 5025 dissolvit
3312 4966 3578 5036 Scaliger,
3628 4957 3739 5012 Ani-

2178 5066 2441 5119 madvers.
2489 5063 2682 5117 Euseb.
2717 5062 2782 5117 ad
2830 5077 3032 5115 annum
3074 5059 3236 5115 2299.
3292 5057 3506 5112 Etenim
3555 5051 3737 5107 Nume—

2179 5159 2370 5213 rianus
2416 5157 2579 5226 paulo
2628 5165 2746 5226 post
2795 5153 3042 5224 parentis
3087 5165 3278 5206 necem
3326 5148 3504 5205 soceri
3541 5137 3740 5199 insidiis

2178 5252 2400 5306 occisus
2435 5249 2776 5319 perhibetur.
2823 5247 3100 5314 Quomodo
3148 5246 3334 5316 igitur,
3383 5241 3581 5311 inquit,
3631 5248 3737 5290 rou-

2179 5339 2394 5395 slabunt
2423 5339 2538 5405 illa,
2563 5355 2679 5409 quin
2702 5339 2837 5392 idem
2871 5335 3124 5406 Vopiscus
3155 5336 3281 5388 dicit
3311 5336 3362 5387 in
3395 5332 3624 5387 Carino:
3646 5336 3737 5378 md-

2181 5430 2436 5484 mombile
2464 5432 2711 5493 maxime,
2757 5439 2807 5483 et
2850 5428 3058 5492 Carini,
3100 5437 3148 5480 et
3187 5422 3510 5479 Numeriani
3531 5423 3622 5472 hoc
3655 5415 3734 5465 ha-

2188 5524 2363 5576 buisse
2389 5523 2685 5590 imperium,
2716 5521 2852 5591 quod
2882 5519 3036 5574 ludos
3064 5519 3330 5573 Romanos
3365 5515 3509 5568 noris
3541 5514 3735 5566 ornatos

2182 5613 2496 5682 spectaculis
2533 5612 2815 5667 dederint?
2854 5612 2960 5679 Qui
3009 5619 3294 5680 potuerunt
3339 5604 3492 5660 amba
3523 5602 3638 5655 illos
3667 5595 3734 5648 luo

2182 5705 2275 5760 dos
2315 5703 2496 5773 cdere,
2531 5720 2647 5759 cum
2692 5702 2740 5758 Ν
2749 5702 3050 5757 umerianus
3101 5697 3458 5772 Euphratensi
3489 5683 3737 5765 provincia
