4028 6220
480 231 578 286 571

1599 221 1938 279 APPENDIX
1972 214 2598 274 DlSSEBTATlONUM.

3610 212 3703 266 572

482 341 834 414 auspicantur
861 362 872 396 :
899 343 1044 412 quod
1083 337 1320 409 tEgyptii
1354 338 1558 405 aliquot
1607 349 1730 391 ante
1756 336 2054 396 mensibus,
2089 339 2133 394 Α
2162 331 2449 393 cletiauus,
2515 326 2736 399 quando
2783 325 2975 381 consul
3026 341 3060 379 ιι
3106 339 3236 381 cum
3273 324 3572 380 Aristobulo
3593 325 3702 380 luit.

480 443 586 488 hoc
615 447 696 488 est
746 451 870 487 XXI!
909 433 1155 502 Augusti,
1193 430 1319 482 anui
1368 427 1685 499 Dionysiani
1723 427 1847 485 274.
1890 426 2057 480 Euse-

486 523 628 575 biani
659 522 763 575 285
793 521 1138 574 inchoarunt.
1169 517 1290 582 Quo
1319 517 1508 572 eodem
1547 531 1688 570 anno
1730 515 1856 576 285,
1894 513 2058 581 cmpit

485 614 696 681 Olymp.
731 609 835 662 266
862 610 1089 676 primus.
1123 608 1178 660 In
1227 622 1373 661 coss.
1406 607 1718 660 aberratum
1760 615 1843 660 est
1875 604 1943 658 ab
1968 604 2056 665 iis,

486 700 575 767 qui
638 713 779 752 coss.
843 705 1192 753 attexuerunt
1250 700 1394 768 (nam
1443 697 1698 751 consules
1749 694 2058 763 Hieronymi

486 789 702 843 codices
726 802 830 840 non
857 789 1131 851 exhibent)
1158 809 1171 844 :
1201 791 1398 859 quippe
1429 788 1646 842 Maximi
1667 787 1706 840 11
1736 795 1790 841 et
1821 785 2060 855 Aquilini

487 880 805 934 consulatus
833 883 1090 936 convenit
1121 897 1267 936 anno
1319 881 1654 952 Dionysiano
1697 880 1822 943 286,
1851 881 2062 948 qui'est

488 969 718 1024 Eusebia
732 987 833 1025 nus
859 971 986 1038 287,
1010 989 1236 1028 numero
1257 973 1418 1035 2502,
1440 989 1546 1027 non
1575 973 1731 1027 25m.
1757 973 1827 1024 At
1856 970 2063 1025 Diocle-

486 1061 668 1116 tianus
723 1061 764 1115 ll
820 1071 873 1116 et
929 1064 1276 1120 Aristobulus
1324 1079 1471 1118 coss.
1535 1069 1853 1131 competunt
1913 1077 2060 1115 anno

485 1151 687 1204 Christi
728 1151 1056 1223 Dionysiano
1105 1155 1235 1219 285,
1293 1155 1598 1211 Eusebiano
1648 1154 1776 1218 286,
1835 1153 2061 1223 proinde

489 1256 716 1295 numero
753 1243 912 1298 250i.
949 1244 1108 1298 Anno
1153 1247 1387 1316 denique
1427 1245 1753 1316 Dionysiauo
1798 1244 1926 1307 284,
1960 1261 2061 1296 nu-

488 1345 640 1384 mero
661 1331 803 1386 2500
832 1335 1137 1390 ascribendi
1179 1344 1307 1391 sunt
1349 1352 1488 1390 coss.
1527 1336 1762 1390 Carinus
1794 1336 1836 1389 ll
1868 1344 1921 1390 ct
1947 1335 2061 1390 Nu-

489 1423 766 1476 merianus
803 1442 814 1476 :
857 1440 965 1492 quo
1013 1440 1158 1480 anno
1198 1425 1565 1482 Diocletianus
1613 1426 1757 1487 iniit,
1795 1427 1950 1498 cyclo
1983 1426 2063 1479 la-

494 1509 657 1565 bente
688 1527 799 1566 xu.
831 1513 1066 1585 IEgyptii
1121 1533 1247 1571 vero
1293 1518 1346 1570 in
1397 1517 1678 1572 neomenia
1705 1516 1907 1580 Tlioth,
1947 1518 2062 1571 sive

492 1616 618 1654 χχιχ
647 1601 782 1672 Aug.
825 1613 1106 1673 sequente,
1138 1623 1247 1677 quo
1296 1623 1584 1661 numerum
1621 1609 1894 1660 aureum!
1929 1608 2064 1662 inie-

2161 424 2314 477 llunc
2337 421 2610 476 Ammiaui
2641 423 2818 476 locum
2844 418 3051 489 profert
3079 419 3134 472 in
3172 416 3701 471 Animadversimiibus

2159 515 2433 584 Scaliger;
2481 521 2643 583 atque
2687 513 2770 566 his
2829 526 2973 566 coss.
3025 510 3384 564 indictio’nem
3442 525 3489 561 Iv
3540 510 3704 566 iniisse

2157 604 2291 657 dicit
2349 617 2537 656 mense
2579 601 2934 670 Septembris,
2985 613 3049 652 ac
3086 597 3432 652 ttm'ilunium
3478 599 3706 653 incidisse

2160 709 2285 746 χχιχ
2323 694 2568 762 Augusti.
2613 691 2714 757 Qui
2751 691 2860 744 duo
2891 691 3241 744 characteres
3275 689 3328 740 in
3356 689 3598 742 eumdem
3623 688 3706 742 Ju-

2159 786 2360 837 lianum
2403 798 2606 837 annum
2661 782 2952 838 convenire
2993 787 3294 848 nequeunt.
3337 778 3470 831 Nam
3509 778 3709 832 indit-tio

2159 891 2210 928 Iv
2230 890 2258 926 a
2297 873 2599 941 Septembri
2632 872 2894 942 competit
2923 886 3066 924 anno
3087 870 3220 932 235,
3245 869 3578 922 novilunium
3601 885 3710 924 vero

2160 978 2284 1015 xm
2339 962 2584 1032 Augusti,
2631 976 2773 1014 anno
2817 960 2943 1023 285,
2991 961 3140 1028 cyclo
3165 975 3282 1019 xIx,
3323 965 3381 1011 ut
3420 959 3573 1025 paulo
3607 966 3710 1012 ante

2161 1051 2491 1106 monuimus.
2531 1050 2636 1105 Sed
2676 1052 2790 1105 sive
2817 1065 2959 1103 anno
2993 1049 3097 1103 28¢
3142 1049 3264 1102 sive
3320 1047 3450 1108 285,
3486 1049 3710 1102 consules

2160 1140 2282 1195 illos
2304 1140 2569 1203 delixerit,
2627 1140 2976 1209 perspicuum
3032 1145 3134 1201 est,
3183 1147 3526 1208 quantopere
3569 1137 3711 1191 falsus

2160 1231 2250 1294 sit,
2285 1247 2406 1286 cum
2441 1240 2625 1300 postea
2666 1231 2719 1283 in
2755 1229 2887 1284 Can.
2916 1227 3086 1298 Isag.,
3118 1228 3523 1282 Diocletianum
3551 1229 3712 1283 iniisse

2161 1323 2331 1375 voluit
2376 1338 2516 1376 anno
2552 1321 2693 1386 288;
2728 1327 2948 1389 quarto,
3008 1321 3116 1374 imo
3151 1321 3353 1389 quinto
3385 1335 3547 1383 anno,
3575 1335 3711 1387 quam

2162 1413 2460 1480 imperator
2491 1421 2575 1467 est
2606 1411 2780 1464 lactus
2802 1430 2814 1464 :
2838 1411 3038 1480 quippe
3069 1418 3374 1480 antequam
3397 1410 3712 1464 consulatum

2161 1499 2496 1552 ordinarium
2557 1514 2679 1551 cum
2716 1498 3031 1551 Aristobulo
3075 1507 3321 1568 gereret,
3355 1513 3423 1552 ex
3470 1496 3583 1550 Kal.
3609 1495 3710 1549 Jan.

2165 1592 2588 1661 imperatorjam
2617 1607 2643 1644 a
2681 1592 2945 1647 militibus
2973 1597 3093 1646 erat
3130 1591 3494 1651 acclamatus,
3526 1588 3668 1656 idque
3691 1603 3714 1638 :I

490 1700 638 1754 runt,
690 1693 1009 1750 Diocletiani
1068 1674 1330 1766 epocham
1391 1698 1644 1752 ﬁxerunt.
1697 1699 2061 1763 Quamobrem
2097 1674 2136 1727 Β
2167 1681 2612 1743 Ρθιίίίῦιιενιῑιοκ
2632 1677 3716 1753 PeltcsyrislacollisilSalium-Proinde

491 1781 778 1836 manifeste
831 1784 933 1837 sibi
983 1785 1084 1853 ipsi
1120 1787 1394 1840 contraria
1437 1787 1597 1842 docet
1645 1785 1907 1856 Scaliger,
1937 1802 2062 1840 cum

490 1881 543 1924 et
579 1871 799 1928 Latinos
823 1874 899 1926 ait
935 1889 1107 1930 annos
1148 1875 1465 1931 Diocletiani
1494 1893 1784 1930 numerare
1813 1892 1842 1930 a
1868 1875 2064 1931 Martio

495 1963 705 2015 muneri
737 1962 900 2026 2501,
931 1963 1245 2020 Maximoet
1271 1967 1526 2036 Aquilino
1553 1982 1723 2031 coss.;
1761 1974 1814 2021 et
1841 1967 2062 2022 eosdem

495 2053 653 2119 paulo
677 2063 798 2122 post
827 2057 1024 2110 asserit
1072 2057 1212 2112 inire
1265 2060 1332 2110 ab
1363 2057 1557 2111 Martio
1585 2057 1899 2128 Dionysiani
1934 2058 2061 2122 285,

492 2143 828 2199 Diocletiano
858 2145 901 2198 ll
934 2157 986 2200 et
1020 2149 1338 2202 Aristobulo
1370 2150 1652 2218 coss.,qui
1691 2158 1775 2204 est
1805 2165 2064 2206 numerus

491 2235 653 2289 2300.
696 2234 851 2300 Quod
889 2240 1160 2305 posterius
1187 2255 1372 2294 verum
1407 2248 1490 2294 est
1541 2256 1552 2290 :
1592 2240 1724 2294 illud
1757 2249 1936 2295 autem
1967 2240 2065 2296 fal-

491 2335 637 2373 sum.
695 2322 1160 2384 Quemadmodum
1220 2334 1272 2379 et
1332 2328 1500 2388 illud,
1563 2329 1706 2396 quod
1768 2330 1822 2381 in
1877 2328 2062 2383 eadem

493 2409 955 2464 Animadversione
1011 2414 1321 2476 subtexuit,
1353 2413 1740 2469 Diocletiano“
1771 2426 1823 2468 et
1852 2418 2064 2471 Aristo-

495 2497 624 2550 bulo
662 2513 805 2553 coss.
843 2501 1192 2556 iudietionent
1233 2519 1281 2555 Iv
1323 2507 1557 2573 etnpisse
1593 2522 1776 2560 mense
1817 2505 2064 2574 Septem-

502 2588 604 2651 bri,
637 2604 702 2642 co
723 2605 885 2649 anno,
910 2607 1016 2659 quo
1041 2595 1377 2648 noviluuimn
1420 2597 1608 2649 incidit
1637 2599 1689 2651 in
1723 2599 2062 2652 neomeuiam

495 2675 672 2730 'l‘both
717 2676 1088 2746 Diocletianei,
1134 2699 1259 2737 χχιχ
1296 2684 1546 2755 Augusti.
1591 2690 1780 2742 Annus
1818 2687 1908 2741 hic
1943 2703 2066 2742 esse

495 2767 654 2822 debet
683 2784 804 2823 terte
844 2769 1188 2842 Dionysianm
1211 2774 1340 2838 284,
1368 2777 1518 2846 cyclo
1543 2775 1788 2833 Romano
1827 2795 2066 2848 xrx,quo

496 2873 642 2914 anno
675 2861 898 2917 iudictio
937 2879 996 2916 ιιι
1028 2880 1136 2918 non
1174 2882 1223 2918 Iv
1253 2869 1419 2936 cmpit
1467 2883 1494 2920 a
1538 2867 1861 2937 Septembri.
1889 2870 2066 2925 Casti-

2165 1789 2309 1828 anno
2337 1773 2472 1841 284;
2523 1790 2649 1829 nam
2706 1773 3075 1844 Diocletianus
3114 1783 3168 1826 et
3207 1772 3558 1826 Aristobulus
3597 1769 3715 1823 inci-

2168 1866 2307 1919 dunt
2339 1866 2395 1919 in
2433 1880 2484 1920 a.
2519 1865 2645 1920 285.
2685 1864 2824 1918 Tum
2885 1881 3014 1918 vero
3053 1865 3200 1918 idem
3248 1878 3314 1916 ex
3350 1862 3514 1916 veteri
3548 1858 3716 1912 inscri—

2168 1957 2354 2024 ptione
2375 1957 2750 2017 continuatur,
2776 1971 2894 2024 qua:
2921 1961 3002 2009 est
3029 1953 3171 2024 apud
3188 1953 3507 2016 Gruterum,
3535 1947 3715 2017 p.279:

2171 2047 2224 2098 in
2259 2061 2363 2114 qua
2403 2045 2768 2100 Diocletianus
2791 2061 2933 2100 coss.
2970 2045 3012 2098 ll
3039 2053 3093 2098 et
3124 2043 3418 2097 tribunitia
3446 2049 3666 2110 potestas
3686 2054 3713 2091 ιι

2169 2138 2379 2204 legitur.
2416 2135 2594 2201 Quare
2637 2137 2682 2191 si
2729 2137 3072 2189 consulatum
3111 2151 3147 2187 ιι
3195 2135 3322 2188 iniit
3352 2147 3493 2186 anno
3542 2127 3717 2185 Christi

2165 2227 2290 2290 285,
2317 2243 2440 2281 cum
2462 2227 2778 2280 Aristobulo
2801 2227 3026 2294 collega,
3051 2225 3401 2278 tribunitiam
3429 2228 3714 2292 potestatem

2163 2318 2274 2384 jam
2310 2317 2538 2386 adeptus
2572 2325 2686 2372 erat
2715 2332 2857 2370 anno
2883 2317 3189 2384 superiore.
3226 2314 3336 2368 Sed
3369 2315 3424 2367 in
3455 2314 3579 2366 iisee
3609 2324 3721 2362 con-

2168 2409 2438 2462 sulatibus
2466 2409 2778 2478 digerendis
2812 2408 3032 2460 turbant
3067 2405 3330 2459 nonnihil
3371 2403 3625 2471 vulgatam
3655 2414 3724 2449 ra-

2168 2503 2369 2554 tionem
2421 2500 2808 2567 inscriptiones
2852 2509 3078 2552 veteres.
3119 2499 3376 2563 Quarum
3431 2494 3536 2555 illa.
3571 2502 3720 2559 (ιιιξείι

2171 2591 2400 2643 liaronio
2430 2589 2773 2659 producitur,
2815 2590 3158 2644 consulatum
3191 2585 3517 2642 Diocletiani
3553 2583 3588 2634 ll
3618 2595 3719 2633 cum

2168 2682 2450 2735 tribunitia
2495 2689 2762 2750 potestate
2806 2697 2840 2733 ιι
2873 2681 3172 2749 componit.
3207 2679 3402 2733 Altera
3437 2691 3576 2734 vero,
3623 2685 3722 2740 quae

2169 2773 2308 2842 apud
2340 2771 2626 2826 Gruterum
2668 2788 2718 2841 p.
2759 2772 2864 2834 280
2905 2773 3120 2840 legitur,
3165 2769 3448 2839 ejusmodi
3474 2779 3587 2820 est:
3627 2762 3724 2814 MA-

2172 2863 2313 2916 XIM.
2377 2862 2612 2917 AUG....
2649 2863 2712 2917 N.
2765 2861 3224 2916 DIOCLETIAN’O
3286 2862 3323 2915 ll
3384 2857 3568 2912 COSS.
3612 2851 3721 2906 SlfB

496 2953 730 3020 gandum
758 2970 884 3008 vero
903 2962 987 3009 est
1014 2954 1306 3010 Chronicon
1347 2959 1664 3023 Alexandra,
1697 2961 1750 3013 in
1793 2978 1900 3030 quo
1931 2963 2067 3015 scri-

2176 2951 2414 3005 FELICE
2462 2952 2658 3007 PROC.
2715 2951 2878 3006 AUG.
2909 2952 2973 3010 Ν,
3014 2951 3283 3006 τιιιίιιιι.
3322 2941 3722 3045 ANTONIANA-

501 3053 650 3111 ptum
709 3054 792 3098 est
847 3060 876 3096 a
932 3061 1077 3100 coss.
1148 3047 1480 3118 Diocletiano
1524 3048 1567 3100 ll
1617 3059 1670 3104 et
1733 3051 2066 3117 Aristobulo,

499 3133 688 3186 indict.
725 3150 775 3186 Iv
805 3134 1121 3189 Diocletiani
1174 3151 1346 3192 annos
1385 3141 1438 3192 in
1491 3140 1740 3195 Pasehali
1783 3143 1936 3212 cyclo
1992 3145 2074 3197 di—

502 3227 684 3285 gestos
719 3220 904 3275 fuisse.
939 3222 1092 3286 Quod
1126 3232 1211 3279 est
1235 3225 1558 3280 ἀσύστατον.
1593 3228 1727 3282 Nam
1770 3233 2069 3285 secundum

503 3305 810 3376 1Egyptios,
865 3311 956 3378 qui
1014 3311 1082 3366 ab
1109 3312 1247 3383 Aug.
1289 3330 1415 3368 xm
1471 3319 1598 3370 anni
1642 3319 1746 3372 28l
1782 3321 2071 3390 incipiunt,

503 3399 730 3466 contigit
757 3399 856 3452 hoc
885 3400 1073 3454 indit-t.
1108 3417 1167 3456 ιιι
1223 3404 1458 3460 ineunte.
1489 3408 1797 3461 Secundum
1827 3408 2071 3475 Latinos,

503 3505 530 3540 ιι
570 3489 755 3542 Martio
785 3492 912 3545 anni
950 3492 1074 3556 283,
1115 3495 1303 3550 indict.
1333 3496 1557 3566 perinde
1587 3514 1665 3550 ιιι.
1707 3500 1911 3563 Quarta
1947 3518 2073 3557 vero

506 3581 721 3634 nonnisi
752 3582 818 3636 ab
862 3582 1010 3653 Sept.
1071 3597 1332 3656 sequente
1389 3591 1665 3644 numerari
1707 3600 1904 3661 empta.
1946 3596 2072 3650 ideo

504 3669 798 3726 (Πινυιιὶωη
829 3674 958 3728 ἰιιιιὶι
980 3676 1180 3740 tionem
1199 3693 1224 3731 a
1253 3678 1557 3749 Septembri
1584 3681 1649 3734 ad
1665 3684 2070 3740 antecedentem

507 3761 756 3817 Martium
813 3767 1088 3823 retrahere
1117 3769 1351 3834 videtur,
1412 3779 1506 3826 aut
1553 3787 1661 3827 uno
1692 3789 1834 3828 anno
1865 3776 2072 3831 tardius

508 3861 702 3921 putare
736 3871 748 3906 :
783 3871 906 3912 nam
955 3856 1325 3915 Diocletianus
1357 3872 1410 3916 et
1452 3863 1797 3919 Aristobulus
1824 3868 2078 3920 consula-

507 3955 619 4000 tum
644 3946 883 4001 inierunt
913 3948 1103 4005 indict.
1141 3968 1220 4015 III,
1255 3968 1399 4010 anno
1435 3954 1634 4011 Christi
1665 3958 1791 4022 285,
1821 3974 1926 4013 non
1948 3959 2074 4024 236,

509 4049 565 4090 ut
599 4037 755 4091 habet
789 4037 1103 4094 ClIronicon.

580 4127 762 4182 liedeo
813 4130 880 4183 ad
927 4131 1283 4202 Scaligerum,
1342 4135 1432 4204 qui
1488 4144 1765 4205 postremo
1813 4138 1864 4191 in
1925 4139 2072 4210 Isng.

507 4235 627 4273 can.
659 4236 710 4289 p.
757 4221 883 4280 505,
933 4221 1091 4274 docet
1145 4223 1288 4276 aliud
1337 4239 1460 4278 esse
1515 4224 1829 4280 Diocletiani
1888 4246 2074 4291 teram,

2177 3042 2342 3096 liUM.
2382 3043 2552 3113 Vulgo
2580 3045 2897 3098 consulatus
2939 3043 2978 3098 ll
3008 3043 3337 3098 Diocletiani
3379 3056 3498 3097 cum
3538 3036 3720 3088 Aristo-

2176 3133 2301 3186 bulo
2331 3134 2530 3200 collega
2589 3135 2954 3203 componitur,
2991 3144 3048 3188 ut
3077 3144 3158 3190 est
3214 3137 3272 3187 iII
3312 3134 3490 3188 Fastis
3529 3125 3720 3183 SiculiS-

2174 3228 2244 3276 At
2285 3226 2336 3277 in
2388 3225 2561 3293 lapide
2591 3240 2713 3278 cum
2749 3225 3076 3280 Maximiano
3115 3227 3391 3296 Augusto.
3431 3221 3588 3276 Siculi
3617 3229 3721 3269 vero

2178 3314 2573 3368 Diocletianum
2605 3314 2668 3367 lll
2721 3331 2863 3368 coss.
2895 3326 2947 3369 et
2989 3317 3378 3370 Maximianum
3417 3315 3719 3380 conparant.

2175 3401 2537 3456 Cassiodorus
2575 3402 2808 3471 primum
2852 3401 3169 3456 Diocletiani
3226 3404 3570 3458 consulatum
3619 3408 3718 3449 cum

2181 3500 2448 3556 numerat,
2479 3507 2638 3560 quem
2670 3508 2792 3544 cum
2849 3492 3163 3547 Aristobulo
3201 3494 3413 3563 gessit;
3458 3485 3720 3544 ε-κειιιιάιιιιι

2179 3596 2300 3633 cum
2354 3581 2698 3635 Maximiano.
2762 3580 2867 3636 Sed
2932 3591 3223 3653 utrumth
3277 3587 3522 3653 privatus
3567 3576 3722 3630 adhth

2178 3672 2412 3726 obtinuit
2447 3688 2510 3725 ex
2544 3684 2721 3726 mente
2741 3673 3072 3728 Cassiodori.
3106 3675 3159 3727 lu
3182 3668 3370 3730 Fastis
3401 3671 3588 3728 Siculis
3628 3667 3721 3736 pl‘i-

2180 3780 2324 3816 mum
2369 3765 2713 3818 consulatum
2745 3781 2866 3819 cum
2906 3765 3072 3821 Basso
3122 3767 3373 3836 privatus
3401 3765 3571 3820 adhuc
3601 3757 3720 3812 iniii-

2180 3856 2256 3909 Ad
2278 3858 2388 3911 lucc
2409 3856 2792 3910 Maximianum
2820 3857 3030 3927 imperii
3057 3860 3381 3929 participem
3405 3872 3520 3913 esse
3545 3853 3720 3907 factum

2179 3949 2365 4002 volunt
2397 3948 2628 4003 Maximo
2663 3950 2986 4019 ctAquilino
3017 3965 3187 4015 coss.,
3213 3966 3364 4006 anno
3395 3946 3588 4005 Christi
3611 3940 3717 3996 286.

2180 4037 2388 4102 Quibus
2421 4039 2698 4092 contraria
2756 4047 2903 4103 sunt,
2930 4056 3050 4109 qua:
3078 4057 3140 4094 ex
3177 4041 3451 4110 lapidibus
3488 4035 3720 4102 colligun-

2182 4135 2270 4179 tur
2305 4145 2317 4179 :
2349 4142 2472 4179 nam
2499 4126 2764 4196 posterior
2808 4127 3093 4196 inscriptio
3127 4132 3424 4196 persuadet
3471 4117 3722 4178 Diocletia-

2181 4232 2310 4269 num
2345 4219 2397 4269 in
2430 4216 2671 4272 secundo
2695 4219 2980 4271 consulatu
3014 4219 3273 4288 collegam
3300 4219 3555 4273 habuisse
3579 4209 3720 4265 Mario

507 4307 654 4361 aliud
725 4307 937 4362 initium
989 4308 1231 4376 ejusdem
1265 4325 1430 4363 :nam
1488 4311 1804 4368 Diocletiani
1857 4333 1962 4370 aera
2011 4320 2076 4372 ad
2114 4315 2154 4367 D
2187 4311 2424 4362 minuunt
2457 4309 2566 4377 jam
2603 4310 2928 4378 Augustum.
2956 4310 3221 4374 Quoniam
3258 4320 3441 4365 autem
3474 4310 3524 4362 in
3555 4299 3719 4358 inscrio

509 4398 820 4451 methodum
849 4399 984 4467 cycli
1014 4399 1288 4453 Paschalis
1320 4405 1614 4456 constituta
1648 4414 1730 4458 est
1769 4421 1916 4461 anno
1952 4409 2076 4468 Dio-

508 4487 738 4558 nysiano
762 4487 886 4552 284,
928 4488 1156 4543 aTlIoth
1208 4489 1553 4561 IEgyptiaco,
1594 4497 1674 4548 vel
1715 4498 1782 4551 ab
1814 4512 2076 4569 sequente

509 4579 724 4633 Martio.
781 4579 1147 4636 Diocletianus
1208 4591 1387 4636 autem
1432 4584 1715 4652 imperium
1775 4589 1894 4644 iniit
1933 4610 2076 4648 anno

507 4672 708 4726 Christi
737 4672 862 4735 288,
888 4681 1121 4742 quatuor
1143 4675 1300 4728 annis
1337 4675 1526 4729 solidis
1548 4688 1668 4746 post
1709 4681 1920 4734 initium
1953 4701 2076 4738 tera:

507 4763 780 4833 paschalis
811 4765 1163 4835 .Egyptiacaa.
1203 4768 1275 4820 lta
1307 4769 1632 4821 sententiam
1676 4780 1868 4835 mutat,
1910 4790 2071 4841 quam

510 4859 604 4912 lib.
649 4874 678 4911 v
723 4858 790 4912 De
838 4859 1039 4911 emend.
1089 4869 1469 4927 proposuerat,
1531 4861 1621 4913 ubi
1681 4862 2072 4917 Diocletianum

508 4951 742 5016 empisse
765 4949 956 5016 probat
991 4964 1134 5000 anno
1157 4949 1286 5002 287.
1323 4949 1430 5002 Sed
1464 4951 1748 5019 utrobique
1779 4953 2072 5020 plurimum

509 5039 896 5092 hallucinatttr.
942 5037 1318 5096 Ccrlissimum
1353 5042 1496 5094 enim
1543 5051 1646 5101 cst,
1684 5042 2070 5098 Diocletianum

507 5131 696 5184 codem
735 5145 876 5183 anno
920 5129 1204 5198 imperium
1240 5131 1492 5199 adeptum
1533 5149 1674 5198 esse,
1713 5151 1742 5188 a
1775 5150 1884 5203 quo
1931 5136 2074 5189 illius

505 5230 592 5275 est
636 5237 741 5274 mra
780 5229 967 5290 postea
997 5222 1223 5275 deducta
1256 5241 1270 5278 :
1307 5241 1494 5294 nempe
1539 5241 1682 5278 anno
1713 5227 1912 5279 Christi
1946 5227 2068 5280 281.

510 5310 719 5366 Etenim
775 5313 1093 5367 Ammianus
1151 5315 1305 5368 initio
1353 5317 1446 5369 lib.
1489 5333 1642 5381 XXIII,
1675 5315 1838 5371 refert
1870 5317 2073 5371 nullum

505 5403 769 5466 privatum
821 5404 1078 5456 hominem
1120 5405 1217 5457 ulli
1269 5407 1502 5477 Augusto
1547 5409 1799 5477 collegam
1843 5411 2006 5479 fuisse
2043 5427 2075 5463 a

515 5490 838 5548 Diocletiano
865 5495 998 5564 Aug.
1026 5495 1087 5548 11
1121 5506 1170 5550 et
1217 5499 1520 5552 Aristobulo
1561 5516 1698 5553 coss.
1741 5505 1808 5553 ad
1842 5511 2074 5568 tempora

509 5580 715 5637 Iuliani
777 5587 1061 5656 Apostatw.
1103 5588 1270 5660 Igitur
1322 5592 1616 5661 iIIIperator
1648 5592 1758 5660 jam
1788 5600 1904 5650 erat
1945 5591 2071 5648 Dio-

2185 4403 2368 4471 ptioue
2416 4403 2586 4455 altera
2664 4399 3031 4454 Diocletianus
3087 4416 3202 4456 eos.
3255 4400 3318 4464 ll,
3370 4410 3424 4457 et
3470 4390 3716 4452 tribunitia

2184 4502 2424 4563 potestas
2457 4511 2492 4547 ll
2521 4494 2688 4549 fuisse
2743 4495 2961 4557 dicitur,
3003 4508 3107 4546 non
3153 4494 3306 4546 aliter
3332 4486 3606 4546 conciliari
3635 4486 3718 4535 ista

2185 4596 2433 4654 possunt,
2468 4602 2625 4653 quam
2653 4593 2708 4636 ut
2740 4584 3057 4638 Diocletiani
3088 4584 3125 4636 ll
3192 4591 3245 4637 et
3276 4579 3576 4638 Maximiani
3610 4587 3716 4626 con-

2183 4676 2394 4728 sulatus
2422 4682 2544 4724 ante
2574 4673 2863 4728 Maximum
2893 4684 2946 4729 et
2970 4675 3278 4745 Aquilinum
3314 4691 3456 4729 coss.
3493 4674 3715 4741 ponatur,

2181 4780 2323 4818 anno
2356 4765 2555 4820 Christi
2581 4766 2720 4830 286;
2750 4783 2857 4836 quo
2887 4769 3182 4822 tribunitiae
3209 4768 3487 4838 potestatis
3524 4752 3718 4833 perinde

2181 4864 2342 4924 atque
2381 4858 2591 4920 imperii
2645 4859 2920 4913 secundus
2963 4875 3141 4914 anuus
3188 4860 3544 4918 decurrebat;
3580 4858 3716 4914 atque

2181 4947 2253 4999 ita
2286 4947 2643 5003 Maximianus
2672 4965 2814 5003 anno
2840 4953 3141 5020 superiore,
3164 4953 3243 5006 vel
3270 4952 3456 5006 eodem
3486 4947 3716 5016 ipsoilll'“

2181 5043 2370 5094 consul
2404 5042 2578 5096 factus
2625 5051 2725 5106 est,
2776 5043 3058 5113 imperium
3093 5045 3410 5098 obtinuerit.
3460 5041 3561 5092 Aut
3589 5032 3714 5083 cel'lc

2181 5131 2368 5184 eodem
2394 5146 2556 5194 anno,
2593 5149 2700 5202 quo
2729 5132 2992 5188 Maximus
3015 5143 3067 5189 et
3086 5135 3372 5203 Aquilinus
3402 5125 3711 5186 consulatum

2182 5239 2211 5275 a
2243 5223 2359 5277 Kal.
2385 5221 2506 5278 Jan.
2562 5227 2826 5296 auspicati
2853 5236 2980 5281 sunt
3008 5245 3021 5293 ;
3049 5244 3172 5280 cum
3209 5226 3579 5281 Maximianum
3616 5206 3711 5264 (τοῖ’

2183 5316 2355 5385 legam
2416 5317 2785 5374 Diocletianus
2842 5319 3146 5382 ascivissct,
3208 5318 3487 5373 sull'ectum
3536 5299 3711 5380 ρπίιετ

2183 5423 2305 5460 cum
2331 5408 2419 5460 illo
2475 5409 2818 5462 consulatum
2875 5409 3014 5462 iniit.
3072 5407 3212 5474 Quin
3243 5416 3294 5462 et
3317 5405 3460 5472 illud
3492 5388 3707 5454 conside-

2185 5495 2412 5550 randum
2447 5505 2550 5558 est,
2578 5497 2722 5566 quod
2757 5499 3117 5568 panegyricus
3167 5497 3485 5552 Maximiano
3511 5497 3560 5580 et
3585 5480 3708 5580 Con-

2187 5587 2427 5647 stantino
2459 5587 2719 5660 Augustis
2745 5589 2922 5646 dictus
2962 5588 3346 5645 Maximianum
3377 5578 3560 5642 asserit
3583 5578 3703 5627 vire-
