2014 3110
111 19 156 48 S73
578 18 620 45 DE
638 16 860 46 ROMANORUM
879 16 970 44 lMPP.
992 16 1249 46 CHRONOLOGIA.
1673 19 1723 47 57'.

106 83 166 109 simo
191 87 263 107 anno
288 78 492 114 imperatorem,
513 84 612 107 octavo
636 80 778 107 consulem
796 79 882 114 impc-
898 81 920 109 Λ
936 78 984 106 lib.
999 86 1017 105 ιι
1036 78 1130 105 scribit
1147 86 1161 105 a
1181 77 1324 105 consulatu
1340 77 1463 105 Chilonis
1490 83 1515 105 ct
1534 78 1656 111 Libonii,
1671 86 1724 113 quo

104 134 164 152 nunt
191 125 342 152 abdicasse.
372 125 407 152 Te
426 133 528 157 rursus,
551 125 650 160 inquit,
674 125 795 151 uicesimo
813 132 882 150 anno

100 174 284 206 imperatorem,
300 176 391 198 octavo
399 171 532 198 consulem
550 171 587 197 ita
605 171 662 204 ipsa
678 170 800 204 aniplexu
819 178 883 204 quo~

97 219 156 244 dum
177 225 224 244 suo
244 215 328 242 Roma
352 217 433 243 voluit
453 217 578 243 detinere.
602 216 634 243 Et
656 215 772 243 subinde
791 223 797 241 :
821 214 882 241 Non

97 263 203 298 potuiin
228 263 349 289 resistere
375 266 474 289 sancta:
499 262 573 288 illitis
589 262 705 295 parentis
721 261 840 294 imperio,
858 265 882 287 et

98 308 254 335 invituslicst
269 308 393 341 paruisti,
405 311 430 334 et
446 311 470 333 te
487 307 540 334 illis
556 307 653 341 uigiliis
670 307 775 340 illisque
800 307 881 338 curis,

60 358 64 365 ‘
97 363 158 390 qua:
170 354 261 388 viginti
275 353 352 380 anm‘s
371 357 493 387 expertus
508 353 609 387 fuerat,
628 352 777 379 reddidisti.

129 398 221 424 Annus
238 401 407 432 autem,quo
435 396 619 424 Diocletianus
649 401 676 424 et
700 396 882 423 Maximianus

98 443 235 478 imperium
251 442 447 478 deposuerunt,
464 442 514 469 fuit
529 442 631 469 Christi
650 442 684 468 50
692 442 714 472 ί,
737 445 766 468 ιιι
783 440 883 467 indicat

97 489 226 520 Zosimus,
245 496 319 516 coss.
339 488 506 516 Diocletiano
523 487 568 519 IX,
583 492 609 515 et
629 487 792 514 Maximiano
811 486 881 519 Vltl,

97 535 164 569 quod
180 540 207 562 et
221 535 413 569 pancgyristes
439 533 590 569 signiﬁcat,
611 541 672 559 cum
699 532 882 559 Diocletianus

98 581 250 607 vicesimum
266 581 310 607 vix
331 580 481 614 implesset.
497 579 595 612 Quaero
611 579 704 613 igitur.
720 586 782 604 cum
802 578 883 604 tertio

99 633 165 653 anno
178 631 238 660 post
253 625 452 652 Diocletianum
471 625 652 651 Maximianus
678 624 812 658 imperare
826 630 882 649 coc-

98 672 173 707 perit,
187 676 214 699 et
231 671 329 698 eodem
345 678 399 705 quo
413 670 458 697 ille
479 675 600 704 tempore
621 669 743 697 desierit.
760 667 803 700 qui
826 667 882 694 fieri

99 716 188 752 possit,
205 720 235 742 ιιι
254 723 292 742 xx
314 723 401 742 annos
423 714 574 748 imperarit.
590 713 702 744 Ferunt,
725 712 841 738 Maximo
855 715 882 738 et

100 748 217 794 'Aquilino
228 765 317 791 coss.,
337 758 387 785 hoc
400 762 444 785 est
461 764 533 784 anno
546 757 647 784 Christi
659 756 721 788 986,
741 756 881 782 Maximia-
900 748 919 776 Β

99 812 158 831 num
172 812 187 831 a
202 803 373 830 Diouletiauo
389 803 519 838 collegam
536 803 663 830 ascitum.
682 804 703 828 Λ
718 810 772 836 quo
789 803 821 828 ad
835 810 883 828 an-

100 858 158 878 num
178 850 240 882 504.
264 857 321 885 quo
346 849 432 884 Aprili
459 857 551 876 mense
575 849 718 883 imperium
737 853 882 881 exuerunt,

100 904 180 924 annus
193 895 326 923 currebat
342 894 497 921 Maximiani
520 901 597 926 ιιι-ιιι,
618 902 705 928 neque
724 894 814 928 plures
832 894 882 928 ipsi

101 944 125 971 iu
139 943 318 971 Alexandrino
334 941 457 968 chronica
481 941 650 967 tribuuntur.
670 939 722 965 Sed
740 940 762 965 si
780 948 812 966 xx
832 948 883 965 an-

100 998 158 1018 num
174 989 330 1019 inchoavit,
355 988 480 1024 proximo
506 990 567 1021 post
591 986 787 1012 Diocletianum
811 993 884 1011 anno

102 1039 234 1071 cooptatus
252 1036 292 1062 sit
316 1037 434 1069 oportet,
461 1037 490 1060 nt
514 1032 709 1066 anticipationc
735 1032 851 1065 quadam
869 1038 883 1057 a

102 1081 153 1107 Kal.
167 1081 226 1108 Jan.
243 1081 311 1107 anni
327 1081 360 1106 30
368 1080 390 1113 ί,
404 1079 552 1106 vicesimus
570 1078 644 1104 illius
658 1077 692 1103 ab
708 1080 817 1103 oratore
835 1084 884 1102 ιιιι-

104 1133 220 1154 lucretur.
238 1125 313 1159 Quid
330 1130 420 1152 autem
438 1124 667 1158 tergiversantur?
680 1123 751 1150 Ecce
766 1122 812 1149 tibi
828 1123 882 1148 An-

105 1173 178 1200 n-Iins
190 1172 286 1199 Victor
307 1179 323 1198 ιι
338 1172 453 1199 Scliotto
474 1175 569 1197 nostro
592 1169 757 1204 pullicatus,
779 1169 885 1195 Diocle-

104 1218 195 1246 tianum
214 1218 347 1245 celebrato
369 1216 441 1252 regni
464 1216 584 1243 vicesimo
604 1223 673 1241 anno
700 1222 791 1250 curam
813 1213 885 1248 abje-

104 1267 162 1292 ciu:
173 1266 233 1298 reip.
262 1263 370 1299 prodit,
389 1267 413 1289 et
431 1263 456 1289 in
474 1261 629 1288 sententiam
650 1260 803 1286 Herculium
817 1267 884 1293 a'gre

105 1311 243 1337 traduxisse
260 1318 271 1336 :
295 1310 337 1336 cui
355 1316 424 1335 anno
449 1308 536 1334 minus
559 1306 674 1341 polentia
700 1305 786 1338 fuerat
814 1305 883 1338 Ergo

106 1364 145 1384 ιιι
172 1363 257 1383 annos
293 1353 473 1382 Maximianus
505 1352 643 1387 explerit,
677 1352 716 1378 uti
743 1350 885 1377 Diocletia-

106 1409 209 1430 nusxx:
223 1401 343 1436 idecque
354 1400 435 1434 coepit
450 1407 521 1426 anno
533 1397 595 1425 285.
610 1398 645 1424 At
658 1398 685 1424 in
697 1396 820 1431 Epitomc
837 1404 884 1422 an—
900 1416 923 1445 C

106 1455 192 1475 norum
203 1455 236 1474 xx
252 1448 404 1482 imperator
415 1445 524 1473 dicitur.
542 1443 693 1471 Videndum
711 1442 791 1477 igitur
804 1441 885 1469 etiam

106 1497 178 1528 atque
189 1493 272 1520 etiam
291 1497 382 1520 utrum
402 1491 571 1519 Diocletiano
585 1493 612 1517 ct
631 1488 789 1516 Aristobulo
802 1495 887 1518 coss.,

105 1546 169 1568 anno
183 1540 241 1575 ipso
254 1538 314 1566 285
333 1537 512 1565 Maximianus
532 1536 634 1563 ascitus
659 1535 750 1566 fuerit,
773 1538 799 1560 et
819 1540 890 1559 anno

107 1586 255 1622 insequente
275 1593 337 1613 cum
356 1583 524 1611 Diocletiano
539 1582 714 1610 consulatum
738 1579 838 1606 inierit.
853 1578 890 1605 lta

105 1631 169 1659 enim
181 1638 280 1659 verum
296 1637 358 1658 esse
373 1632 473 1665 potest,
489 1627 562 1663 quod
576 1626 682 1661 antiqui
699 1625 802 1659 lapides
824 1631 890 1657 sug-

106 1680 203 1711 gerunt,
218 1679 248 1704 ut
269 1675 374 1711 primus
398 1672 554 1701 Maximiani
579 1671 741 1698 consulatus
763 1676 825 1696 cum
850 1675 892 1695 se-

105 1721 187 1750 cundo
213 1721 386 1754 Diocletiani,
409 1723 436 1747 et
455 1717 597 1746 lribunitia
624 1721 745 1751 potestas
769 1722 787 1741 ιι
805 1713 890 1740 Maxi-

106 1766 256 1794 mimicum
277 1764 374 1793 eodem
384 1764 530 1792 consulatu
552 1765 704 1797 congruat;
720 1768 752 1786 ac
774 1758 893 1792 denique

101 1811 255 1840 ‘conmlatus
273 1819 292 1838 ιι
304 1814 332 1838 et
343 1818 360 1837 ιι
370 1809 484 1844 perinde
495 1807 643 1835 tribunitia
669 1806 828 1833 Diocletiani
844 1812 892 1839 po-

107 1860 182 1885 testas
194 1856 380 1886 consentient.
392 1855 498 1890 Quippe
511 1855 623 1881 ineunte
635 1859 707 1879 anno
717 1851 820 1878 Christi
829 1849 892 1880 286.

107 1906 225 1930 currente
233 1901 381 1929 tribunitia
396 1903 530 1935 potestate
558 1906 576 1925 ιι
589 1896 759 1928 Diocletiani,
774 1893 894 1929 lapidum

107 1946 170 1976 aiter
188 1947 306 1977 inscribi
337 1947 441 1982 potuit;
477 1945 545 1971 alter
574 1950 637 1970 vero
669 1945 731 1977 post
779 1939 893 1971 Palilia,

107 1987 163 2021 dun
189 1992 247 2029 jam
284 1991 436 2021 secundum
466 1990 572 2026 imperii
607 1996 638 2016 ac
672 1986 821 2015 tribunitia:
848 1992 896 2020 po-

106 2039 205 2067 tutati:
231 2045 337 2067 annum
362 2036 544 2064 Maximianus
573 2038 645 2062 esset
676 2034 835 2068 ingressus,
869 2033 896 2057 et

936 123 1054 150 Severus
1074 123 1220 151 saeculares
1247 123 1326 150 ludos
1346 123 1521 156 instauravit,
1542 124 1576 151 ad
1595 125 1725 151 consula-

935 174 990 197 tum
1027 169 1186 197 Dioclctiani
1214 178 1251 202 Ix,
1280 169 1438 196 Maximiani
1462 178 1523 203 vm,
1558 178 1646 197 annos
1673 169 1725 197 ilu-

935 215 1008 242 xissc
1023 215 1083 242 lOl.
1104 214 1140 242 De
1158 215 1258 249 quibus
1275 215 1345 241 ludis
1361 215 1530 242 Censorinus
1546 215 1583 242 ita
1603 216 1701 243 scribit
1717 224 1723 241 ε

935 261 1046 287 Gnaeos
1061 261 1232 295 imperatores
1244 259 1397 294 Septimius,
1413 265 1437 286 et
1447 259 1485 287 Μ.
1498 261 1622 287 Aurelius
1641 261 1726 287 Anto-

934 307 1003 339 nius,
1019 305 1126 333 Chilone
1141 311 1165 333 et
1181 305 1278 332 Libone
1289 313 1369 336 coss.,
1383 313 1451 332 anno
1468 305 1531 332 857.
1541 305 1653 339 Corrige
1661 304 1724 331 957.

936 350 1116 385 Contigcrunt
1132 350 1204 377 enim
1225 357 1297 376 anno
1321 348 1403 376 Urbis
1420 349 1629 383 nongentcsimo
1643 348 1724 382 quin<

934 396 1094 431 quagcsimo
1117 396 1244 430 septimo,
1262 395 1354 422 Severi
1386 401 1458 421 anno
1479 401 1532 425 xu,
1567 397 1598 420 ut
1617 401 1651 421 ex
1671 397 1724 420 vet.

934 442 1059 476 inscript.
1080 445 1207 468 constat:
1225 441 1347 475 adeoque
1373 448 1431 475 per.
1456 438 1512 466 Jul.
1534 439 1613 470 4917,
1626 439 1727 475 Diony-

934 487 1016 514 siana:
1031 494 1092 513 atrae
1110 487 1173 513 ‘lOt.
1196 486 1286 519 Quare
1305 485 1338 511 ad
1359 492 1458 512 annum
1475 485 1537 516 304,
1552 492 1605 519 quo
1619 493 1648 512 se
1663 484 1727 511 Dio-

934 533 1067 559 cletianus
1082 536 1109 559 et
1123 531 1303 558 Maximianus
1316 531 1489 562 abdicarunt,
1506 531 1569 557 anni
1583 534 1646 558 sunt
1664 530 1708 556 lUl
1718 550 1724 556 .

934 577 974 603 Ex
988 585 1042 612 quo
1058 578 1125 605 satis
1148 581 1271 612 apparet.
1293 577 1366 612 quod
1383 584 1454 611 saepe
1467 575 1596 608 diximus,
1614 576 1723 603 biennio

933 622 1050 649 Annales
1063 622 1255 649 ecclesiasticos
1271 630 1331 649 esse
1343 622 1501 648 decurtalos
1516 630 1522 652 ;
1536 621 1582 655 qui
1599 627 1651 647 non
1668 621 1728 655 plu-

934 675 986 697 res,
1014 675 1095 701 quam
1125 668 1159 695 99
1184 667 1347 694 consulatus
1377 667 1566 701 interponunt.
1597 665 1673 692 Unde
1700 670 1727 691 et

934 711 1036 739 frustra
1062 712 1189 739 Zosiaius
1221 713 1276 739 illic
1310 712 1413 739 erroris
1446 710 1579 746 arguitur.
1607 709 1727 736 Indidem

936 765 1017 792 porro
1030 757 1159 792 Scaligeri
1182 765 1265 791 supra
1280 765 1295 783 a
1313 757 1392 784 nobis
1413 755 1570 783 confutatus
1584 762 1662 781 error
1678 761 1727 780 va-

936 803 1019 829 lidius
1044 803 1179 829 refellitur
1203 811 1209 829 :
1233 802 1279 837 qui
1307 802 1415 829 initium
1445 800 1607 828 Diocletiani
1633 800 1730 827 statuit

936 854 1008 874 anno
1023 847 1125 873 Christi
1147 846 1210 877 287,
1236 846 1276 872 vel
1297 845 1361 873 288.
1391 845 1470 872 Unde
1487 852 1520 871 xx
1543 844 1602 878 ejus.
1628 843 1729 870 desinit

936 900 1007 919 anno
1023 892 1085 922 507,
1100 891 1222 923 vel-308,
1245 891 1277 917 ad
1295 898 1376 925 quem
1401 898 1501 917 annum
1528 897 1541 916 a
1561 898 1598 916 xu
1625 888 1729 920 Severi,

936 939 993 965 sive
1010 937 1112 964 Christi
1130 936 1194 968 20i,
1210 937 1272 962 anni
1287 940 1351 963 sunt
1377 935 1438 967 101,
1459 936 1500 962 vel
1528 934 1587 965 105,
1609 942 1675 964 non,
1702 938 1730 960 ut

937 984 1074 1012 Zosimus,
1093 982 1152 1016 ipso
1167 981 1335 1016 approbante
1359 980 1509 1015 Scaligero,
1528 979 1649 1014 scripsit,
1666 979 1726 1006 tot.

977 1029 1035 1062 Ἐφ’
1058 1024 1102 1054 ὧν
1119 1027 1259 1061 κραταιὸς
1273 1027 1410 1061 διωγμός.
1427 1026 1513 1061 Large
1533 1025 1665 1052 adversus
1689 1024 1730 1050 lii-

936 1071 1029 1100 storiaé
1054 1073 1131 1099 ﬁdem
1154 1072 1198 1098 hie
1220 1076 1362 1107 peccatum
1379 1074 1429 1098 est.
1449 1070 1555 1097 Etenim
1577 1069 1731 1104 persecutio

938 1121 994 1151 illa,
1015 1127 1075 1154 qus:
1101 1127 1115 1145 ιι
1139 1118 1309 1144 Diocletiano
1333 1121 1360 1143 et
1381 1115 1546 1142 Maximiano
1569 1119 1658 1150 empta
1679 1120 1731 1146 est,

937 1175 997 1201 qua:
1020 1165 1130 1200 quidem
1150 1163 1280 1199 κραταιὸς
1302 1162 1425 1197 διωγμός
1445 1161 1499 1189 dici
1517 1166 1666 1191 mereatur,
1683 1168 1731 1187 ne-

936 1220 989 1246 que
1021 1219 1057 1238 xu
1091 1216 1179 1236 annos
1208 1208 1308 1238 lenuit,
1337 1214 1424 1242 neque
1457 1207 1491 1233 ab
1524 1205 1733 1241 imperatoribus

937 1257 968 1283 ad
994 1256 1095 1283 exitum
1131 1254 1258 1289 pe‘ducta
1290 1256 1330 1279 est
1365 1261 1371 1278 :
1406 1259 1469 1278 nam
1503 1251 1565 1277 licet
1593 1254 1650 1277 toto
1678 1250 1734 1276 fere

937 1302 1043 1328 illorum
1082 1300 1187 1334 imperii
1220 1302 1342 1332 tempore
1378 1297 1502 1324 szevilum
1528 1296 1563 1323 sit
1588 1296 1614 1322 in
1644 1295 1734 1323 Chri-

937 1347 1055 1376 stianos,
1089 1349 1117 1371 ut
1145 1352 1178 1371 ex
1211 1344 1285 1370 Actis
1317 1342 1454 1369 variorum
1497 1345 1646 1376 martyrum
1674 1340 1733 1366 col-

937 1393 994 1426 ligit
1016 1391 1166 1421 Duronius,
1191 1389 1240 1415 fuit
1265 1389 1322 1415 hzec
1348 1393 1437 1414 tamen
1470 1387 1591 1414 velitatio
1610 1385 1732 1421 quadam

940 1446 971 1465 ac
988 1437 1170 1464 rudimentum
1192 1434 1374 1466 crudelitatis,
1389 1441 1450 1468 quo:
1464 1440 1512 1467 per
1528 1433 1633 1467 aliquot
1655 1439 1730 1458 mar-

941 1487 1028 1517 tyrum
1047 1488 1140 1508 necent
1158 1483 1241 1515 atque
1257 1487 1290 1507 ex
1311 1478 1421 1505 militari
1451 1477 1606 1513 prmscrtim
1625 1476 1733 1508 ordine,

941 1529 974 1555 ad
991 1527 1074 1555 totius
1094 1525 1246 1553 Christiani
1275 1524 1394 1550 nominis
1415 1522 1630 1550 internecionem
1656 1520 1735 1548 ell‘er-

940 1574 1009 1600 buit.
1034 1571 1185 1599 Atrocioris
1209 1577 1275 1597 vero
1307 1567 1510 1604 persecutionis
1537 1567 1645 1594 initium
1662 1574 1736 1592 anno

943 1618 1103 1646 Diocletiani
1118 1625 1163 1644 xix
1183 1616 1218 1643 ab
1234 1614 1421 1647 Eusebio,lib.
1436 1621 1496 1641 vni.
1515 1613 1598 1640 Ilist..
1624 1620 1684 1646 cap.
1707 1612 1735 1641 5.

942 1664 1016 1691 etin
1043 1662 1172 1689 Chronico
1196 1659 1345 1691 tribuitur,
1372 1657 1483 1693 quando
1513 1664 1606 1684 mense
1639 1655 1737 1682 Martio

943 1709 1061 1736 edictum
1077 1706 1244 1742 propositum
1271 1708 1312 1732 est
1336 1703 1369 1731 de
1393 1702 1585 1731 subvertendis
1600 1701 1735 1728 eccleSiis.

944 1753 1012 1780 Tum
1025 1753 1098 1779 aliud
1118 1757 1243 1779 secutum
1261 1754 1303 1777 est
1320 1749 1353 1776 de
1380 1747 1543 1782 praesulibus
1558 1746 1738 1781 comprehen-

944 1799 1052 1831 dendis,
1068 1802 1096 1825 et
1117 1796 1151 1823 ad
1169 1796 1305 1823 idolorum
1329 1794 1434 1821 cultum
1460 1792 1589 1820 omnibus
1604 1791 1738 1818 machinis

945 1852 976 1870 ac
1000 1841 1168 1870 cruciatibus
1197 1839 1337 1874 adigendis
1363 1848 1370 1865 :
1396 1841 1478 1871 atluc
1501 1836 1539 1863 ita
1563 1836 1693 1871 paulatim
1710 1836 1738 1862 in

945 1888 1120 1917 Christianos
1143 1893 1239 1913 omnes
1260 1885 1301 1911 vis
1317 1884 1361 1910 illa
1381 1882 1542 1910 fmdissinm
1566 1882 1739 1916 tempestatis

946 1933 1079 1962 incubuit.
1103 1931 1204 1959 llooum
1219 1930 1339 1957 omnium
1354 1933 1414 1956 erat
1439 1935 1472 1955 ex
1490 1927 1607 1955 Eusebio
1622 1927 1739 1962 scripto—

946 1981 1077 2015 ribusque
1102 1977 1208 2005 caeteris
1232 1984 1286 2003 non
1315 1979 1369 2002 tam
1396 1973 1526 2010 impedita
1547 1973 1627 2005 ratio,
1642 1976 1672 2000 ut
1685 1981 1739 1999 nou

946 2033 1005 2054 eam
1021 2025 1062 2052 vel
1085 2023 1260 2051 medioeriler
1277 2021 1349 2048 acuti
1372 2020 1499 2048 homines
1520 2018 1662 2053 pervidere
1675 2025 1740 2053 pos-

233 2065 429 2110 iconsulatum
467 2083 584 2115 gereret.
630 2065 719 2104 lluic'
733 2076 896 2111 conjectura:
913 2083 934 2110 ι)
950 2077 1019 2100 sent.
1035 2071 1069 2097 At
1084 2068 1221 2104 Josepbus
1237 2067 1363 2103 Scaliger
1374 2066 1505 2101 majorem
1516 2065 1543 2093 in
1557 2065 1668 2092 modum
1681 2071 1740 2099 per-

107 2125 196 2155 tudi-
223 2133 278 2156 nos
316 2125 525 2159 inbzrebimus,
562 2123 627 2152 dum
662 2123 829 2158 exploratius
863 2128 894 2148 ac

108 2169 204 2205 eadm
243 2171 347 2208 aliquid
391 2171 464 2199 docti
499 2170 622 2198 homines
659 2167 893 2204 exc0gitaveriut,

108 2215 176 2253 «et!
195 2218 225 2246 in
249 2216 499 2253 perturbatissimis
519 2216 574 2243 illis
604 2214 775 2250 temporibus
801 2217 830 2240 ut
854 2216 896 2239 est

109 2258 219 2303 “ﬂio.
237 2263 277 2291 ita
289 2262 456 2298 conjiciendi
475 2261 560 2289 multo
585 2261 683 2296 major,
706 2260 798 2287 minus
821 2261 896 2286 certe

110 2303 240 2338 idimon
256 2308 368 2337 libertas
382 2315 445 2337 esse
457 2307 547 2335 debet.
566 2305 605 2334 Ex
629 2306 663 2334 iis
682 2305 810 2333 omnibus
832 2312 894 2332 cor-

247 2357 291 2382 est
309 2352 426 2381 vitiosus
447 2351 593 2387 Epiphanii
608 2357 750 2381 numerus,
767 2348 812 2384 qui
833 2347 896 2373 Dio-

109 2392 222 2439 ﬁliam
245 2395 274 2428 et
294 2398 460 2427 Iaximiano
488 2397 586 2425 tribuit
616 2402 703 2423 annos
730 2402 790 2421 xui.
817 2391 895 2426 Quod

55 2466 64 2477 .
110 2431 332 2482 ἓβίιιιιοιιιιητιι
351 2444 438 2480 culpa
450 2448 539 2480 potest
554 2441 671 2473 ascribi;
688 2447 752 2468 nam
769 2439 896 2466 distincte

111 2496 193 2536 Μ
253 2486 380 2528 partitur,
394 2493 424 2517 ut
440 2493 503 2525 post
518 2496 567 2521 xu,
584 2487 684 2522 quibus
695 2488 821 2520 grassata
834 2491 895 2519 per-

131 2530 284 2577 cl.
307 2538 409 2577 Initum
436 2543 519 2564 unum
544 2539 607 2561 ante
627 2532 828 2561 abdicationem
845 2530 897 2556 im-

182 2575 319 2622 ᾕιείιιιιιί
399 2589 486 2609 annos
508 2578 612 2608 solidos
632 2577 794 2614 imperarit;
817 2575 897 2603 nitui-

123 2616 366 2670 εξξξᾟιιῑὶιιδῖιε
382 2627 447 2655 anni
471 2625 525 2654 εει
554 2625 587 2652 ad
615 2624 710 2652 Palilia
740 2622 805 2650 anni
831 2620 895 2648 sos.

151 2666 213 2714 ﬂ
325 2681 459 2711 tempore.
480 2680 535 2709 quo
555 2679 673 2709 eruperat
697 2670 895 2700 Diocletianus,

286 2710 391 2757 posuit,
419 2723 449 2748 ut
480 2717 610 2750 Onufrius
647 2719 740 2751 tradit.
768 2716 897 2745 Zosimus

6 2776 343 2989 in...

950 2116 1061 2145 miscuit
1076 2121 1108 2142 ac
1136 2112 1259 2141 confudit
1276 2112 1378 2143 omnia,
1397 2111 1461 2138 dum
1476 2117 1583 2138 errores
1602 2109 1742 2137 erroribus

949 2167 1072 2194 nectens,
1085 2169 1117 2188 ex
1136 2159 1265 2187 absurdis
1281 2158 1423 2194 principiis
1443 2156 1606 2186 absurdiora
1624 2155 1737 2191 colligit.
1785 2149 1803 2165 ν’

946 2209 1014 2235 Cum
1029 2206 1101 2235 enim
1131 2205 1160 2233 in
1183 2204 1343 2232 Diocletiani
1367 2203 1471 2238 epocha
1492 2202 1570 2230 valde
1586 2202 1674 2235 illum,
1708 2205 1737 2228 ut

947 2254 1078 2284 vidimus,
1091 2251 1184 2287 opinio
1199 2250 1336 2281 fefellerit,
1356 2249 1454 2284 ingens
1468 2256 1503 2276 ex
1525 2254 1557 2274 eo
1580 2255 1660 2282 seges
1681 2246 1739 2273 hal-

948 2299 1145 2328 lucinationum
1170 2297 1196 2323 in
1214 2296 1332 2330 reliqua,
1360 2302 1421 2330 qua:
1440 2301 1502 2320 cum
1525 2292 1571 2319 illa
1595 2291 1743 2326 conjunct.-

947 2350 1021 2379 suut,
1039 2344 1182 2373 intervalla
1199 2341 1377 2371 redundavit.
1390 2339 1471 2375 Quod
1488 2339 1541 2367 hoc
1554 2339 1616 2366 loco
1632 2337 1713 2365 facile
1730 2346 1744 2364 a

947 2393 1028 2421 nobis
1042 2391 1132 2419 lector
1143 2388 1286 2424 intelliget.

982 2437 1012 2465 ln
1027 2437 1098 2464 libro
1111 2443 1128 2462 ν
1142 2434 1179 2462 De
1189 2433 1288 2461 emend.
1301 2437 1392 2466 temp.,
1409 2439 1470 2466 pag.
1483 2429 1546 2463 467,
1557 2436 1618 2464 cap,
1627 2427 1666 2456 De
1683 2437 1744 2464 per-

947 2483 1088 2511 secutione
1107 2479 1278 2510 Diocletiani,
1295 2479 1347 2505 hoc
1367 2478 1440 2505 velut
1458 2475 1665 2503 fundamentum
1683 2473 1744 2502 dis-

947 2527 1096 2564 putationis
1111 2525 1201 2560 posuit
1215 2533 1222 2551 :
1238 2523 1348 2551 Decimo
1364 2529 1437 2550 nono
1455 2520 1628 2553 Diocletiani,
1654 2527 1747 2548 mense

948 2563 1056 2604 hlartio,
1070 2570 1098 2597 in
1113 2569 1210 2597 diebus
1230 2569 1353 2599 Pascha,
1372 2567 1512 2595 Ecclesias
1535 2566 1626 2594 edicto
1653 2567 1740 2602 impp.

947 2626 1009 2648 esse
1036 2617 1195 2647 subversas,
1227 2613 1344 2642 Eusebio
1370 2617 1449 2641 teste.
1469 2611 1509 2640 Ex
1536 2620 1591 2648 quo
1615 2612 1689 2640 hunc
1716 2618 1744 2639 in

948 2665 1059 2694 modum
1076 2669 1307 2702 argumentatur:
1328 2662 1361 2690 Ut
1380 2661 1485 2688 Pascha
1504 2660 1531 2687 in
1547 2657 1676 2686 Martium
1698 2657 1742 2684 iu-

950 2712 1059 2745 cidcret,
1082 2720 1132 2740 non
1149 2710 1236 2747 potuit
1261 2709 1390 2741 accidere,
1409 2707 1461 2735 nisi
1478 2706 1606 2735 terminus
1634 2702 1746 2739 pascha-

1946 1396 1954 1494 ς

1942 1494 1951 1680 l
