4028 6220
476 276 582 330 575

1605 265 1948 322 serenum
1987 264 2615 324 DlSSElt'l‘ATtONUM.
3568 276 3657 332 576

475 393 541 446 lis
573 390 758 460 fuisset
793 391 847 445 in
891 388 1112 444 Martio.
1159 387 1278 441 Non
1322 385 1490 454 potuit
1524 386 1684 454 igitur
1743 385 2039 452 contingere
2075 425 2078 440 .

2184 383 2262 433 Eoo
2310 382 2513 444 πάθους
2553 384 2748 453 ἑορτῆς
2796 383 3027 438 initium.
3081 383 3265 454 Neque
3316 387 3448 440 enim
3479 403 3662 446 necesse

475 482 619 550 cyclo
652 483 845 550 primo,
899 496 1058 548 neque
1105 479 1295 539 tertio;
1335 477 1550 546 contigit
1596 492 1716 543 ergo
1767 474 1912 542 cyclo
1971 491 2050 527 sc-

475 573 668 626 cnndo.
707 572 982 625 Terminus
1028 569 1294 636 paschalis
1351 583 1455 621 xxv
1502 566 1688 619 Martii
1723 581 1860 618 anno
1900 563 2054 617 Chri-

2154 482 2258 534 est,
2292 472 2435 544 quod
2468 472 2636 541 jactat
2673 472 2930 543 Scaliger,
2973 476 3026 527 in
3057 476 3286 528 termino
3316 476 3425 544 ipso
3462 479 3660 532 celebra-

2155 571 2272 614 tum
2312 562 2481 616 fuisse
2511 561 2742 616 Pascha.
2788 561 3006 618 Festum
3041 573 3220 618 autem
3251 565 3420 634 ipsum
3449 568 3656 636 Αριὶιιει

479 665 548 716 sli
579 663 705 722 505,
733 661 866 728 feria
903 675 943 723 ι,
981 657 1126 728 cyclo
1155 657 1281 711 solis
1318 673 1391 710 vi.
1437 657 1613 723 Quare
1648 655 1826 709 eodem
1885 654 1969 706 die
2006 664 2055 706 et

479 764 722 820 quartam
745 750 1003 803 decimam
1033 789 1048 814 ,
1076 759 1123 802 et
1148 749 1344 816 pascha
1385 746 1714 802 celebrarunt
1738 762 1756 798 :
1783 746 1919 814 quod
1954 761 2057 798 non

482 857 604 892 raro
635 839 793 902 ﬁebat
827 855 885 892 eo
911 848 1158 906 tempore,
1186 849 1306 890 ante
1333 838 1596 890 decretum
1632 837 1681 889 Ν
1690 839 1929 891 icwnum.
1969 834 2060 888 Est

480 943 601 994 ergo
643 926 788 978 locus
837 926 1093 987 illustris,
1148 943 1250 995 quo
1306 926 1590 994 probamus
1644 935 1765 980 ante
1808 941 2059 979 canonem

487 1015 760 1069 A’icwnum
808 1017 997 1086 Πάσχα
1030 1017 1398 1086 ἁναστάσιμον
1430 1018 1755 1071 concurrisse
1797 1033 1914 1068 cum
1958 1026 2062 1068 ter-

484 1109 646 1161 mino.
700 1106 842 1159 Tum
906 1121 1145 1160 errorem
1207 1107 1349 1174 apud
1399 1107 1692 1161 Eusebium
1739 1121 1862 1161 esse
1908 1105 2058 1159 dicit.

489 1195 612 1248 Non
633 1197 769 1248 cnim
800 1211 936 1247 anno
961 1197 1131 1263 primo
1161 1194 1371 1262 Olymp.
1397 1196 1523 1256 271,
1556 1195 1646 1264 qui
1673 1195 1880 1261 quidem
1910 1195 2063 1262 coepit

485 1305 516 1339 a
540 1287 685 1354 cyclo
720 1285 964 1347 secundo,
984 1284 1071 1337 sed
1089 1285 1266 1338 eodem
1287 1302 1422 1337 anno
1439 1284 1660 1338 Iuliano
1692 1285 1789 1337 hoc
1817 1285 2060 1352 contigit,

487 1396 517 1430 a
541 1377 692 1440 cuius
714 1375 894 1428 diebus
912 1375 1106 1430 wstivis
1133 1376 1284 1443 ca'pit
1302 1391 1472 1428 annus
1489 1376 1688 1441 primus
1711 1373 1922 1442 Olymp.
1940 1375 2064 1428 571.

493 1467 675 1534 Itaque
693 1467 923 1518 nondum
951 1466 1229 1532 increperat
1257 1482 1426 1518 annus
1448 1481 1537 1518 χιιι
1566 1463 1902 1516 Diocletiani.
1942 1463 2070 1517 Dcec

490 1568 574 1608 rat
595 1559 731 1609 enim
758 1555 950 1609 mensis
982 1555 1051 1608 ad
1082 1556 1301 1617 Palilia,
1335 1555 1472 1607 unde
1493 1555 1702 1606 initium
1734 1553 2067 1606 Diocletiani.
2169 1553 2538 1606 embolimaeus
2587 1568 2762 1606 annus
2803 1553 2904 1606 istc
2952 1569 3058 1606 non
3092 1552 3258 1606 fuerit
3279 1593 3292 1613 ,
3335 1553 3558 1620 adeoque
3595 1560 3686 1605 ante

492 1647 548 1700 In
592 1645 1146 1699 Animadversionibus
1181 1661 1308 1700 vero
1348 1645 1413 1697 ad
1453 1659 1657 1698 annum
1685 1645 1848 1706 2519,
1890 1661 1955 1698 ex
2005 1659 2070 1697 eo
2171 1645 2579 1712 aequinoctium,
2617 1651 2674 1696 ut
2715 1659 3102 1714 nonnunquam
3137 1645 3246 1697 illis
3281 1645 3592 1712 temporibus
3619 1644 3689 1696 fie-

491 1738 631 1805 quod
660 1752 834 1791 annus
863 1738 1233 1792 Antiochenus
1253 1737 1306 1789 in
1337 1737 1550 1790 Eusebii
1579 1735 1835 1790 Chronico
1863 1736 1962 1790 251
1993 1737 2064 1790 sit
2097 1723 2138 1776 Β
2166 1733 2276 1794 bat,
2333 1731 2543 1786 Pascha
2595 1733 2926 1786 celebratum
2989 1733 3178 1786 fuerit.
3236 1731 3341 1786 Sed
3394 1731 3560 1784 verius
3609 1737 3690 1790 est,

492 1828 772 1896 appositus
808 1826 873 1878 ad
907 1842 995 1880 six
1031 1826 1376 1887 Diocletiani,
1403 1827 1682 1880 concludit
1717 1841 1920 1879 annum
1941 1841 2064 1880 csse
2168 1840 2311 1878 anno
2341 1823 2546 1877 Christi
2580 1824 2686 1877 502
2717 1825 3037 1895 contigisse.
3067 1825 3338 1878 Caeterum
3377 1839 3560 1876 annum
3601 1821 3696 1873 Dio-

493 1917 691 1970 Christi
722 1915 1109 1986 Dionysianum
1147 1917 1250 1970 505
1291 1931 1458 1969 aureo
1492 1931 1721 1970 numero
1773 1932 1885 1978 XIX,
1933 1917 2066 1969 solis
2167 1916 2383 1970 cletiani
2412 1931 2500 1968 ιιιχ
2529 1915 2796 1970 Eusebius
2819 1931 3102 1970 cuuianno
3126 1925 3325 1986 quarto
3346 1915 3697 1986 Olympccux

494 2007 646 2076 cyclo
673 2021 743 2059 Iv.
776 2005 899 2058 Mox
931 2013 1112 2058 autem
1147 2005 1408 2067 titubans,
1447 2013 1609 2073 atque
1633 2012 1892 2074 aestuans,
1921 2003 2065 2072 quod
2169 2001 2471 2074 conjunxit,
2507 2021 2614 2060 non
2639 2022 2763 2060 cum
2803 2009 2975 2075 primo
2997 2007 3384 2062 ducentesinne
3411 2005 3699 2075 septuagesi-

2155 654 2431 706 convenit.
2465 651 2627 707 Vides
2671 668 2833 722 quam
2879 655 3090 724 egregie
3120 656 3301 708 omnia
3334 663 3575 720 constent,
3607 667 3666 712 at-

2156 757 2262 810 que
2293 750 2444 795 extra
2481 742 2880 812 Scaligeriauas
2919 743 3162 797 salebras
3215 744 3542 798 consistant:
3573 762 3668 800 nam

2157 831 2478 886 Diocletiani
2513 833 2726 886 initium
2769 835 3086 902 anticipavit
3123 833 3404 897 Eusebius,
3443 843 3492 887 et
3516 851 3540 887 a
3567 853 3671 890 neo-

2160 923 2337 976 mcnia
2388 924 2575 988 Nisan,
2627 924 2707 976 vel
2765 922 3043 978 Paschalis
3102 925 3304 978 mensis
3355 939 3539 977 annum
3583 926 3672 994 ejus

2160 1028 2250 1066 xu
2287 1021 2494 1067 antevei
2512 1014 2576 1066 tit
2605 1033 2616 1066 :
2647 1014 2740 1080 qui
2772 1014 2988 1082 quidem
3022 1015 3187 1082 cmpit
3218 1031 3246 1066 a
3282 1013 3523 1069 Palilibus
3578 1018 3673 1069 anni

2161 1100 2285 1154 302.
2318 1100 2472 1166 Quod
2504 1103 2550 1155 si
2579 1117 2723 1156 anno
2758 1103 2875 1171 ipso
2907 1102 3222 1156 Diocletiani
3256 1103 3460 1156 labente
3491 1104 3536 1156 id
3565 1106 3674 1157 acci-

2163 1191 2310 1246 disse
2361 1192 2608 1255 velimus,
2653 1208 2938 1262 possemus
2991 1207 3134 1246 auno
3187 1195 3293 1247 505
3349 1195 3564 1248 tribuere
3595 1213 3608 1248 :
3639 1197 3680 1247 in

2164 1298 2272 1353 quo
2300 1285 2452 1354 cyclo
2484 1285 2623 1337 luna!
2654 1299 2769 1348 xix,
2809 1285 2944 1338 solis
2983 1301 3054 1347 iv,
3087 1285 3262 1338 littera
3292 1285 3354 1349 C,
3396 1285 3681 1337 noviluniuiu

2165 1391 2220 1428 vi
2246 1373 2422 1426 Martii
2453 1373 2707 1427 inciderit
2733 1392 2745 1426 :
2777 1373 2989 1427 decima
3014 1383 3209 1443 quarta
3245 1375 3388 1437 luna,
3421 1373 3576 1426 Martii
3599 1389 3682 1437 xix,

2169 1463 2300 1517 feria
2327 1479 2398 1523 τι,
2421 1463 2624 1518 Pascha
2656 1463 2834 1516 Martii
2868 1481 2980 1527 ut,
3013 1466 3057 1519 si
3094 1466 3310 1532 quidem
3339 1463 3549 1517 Judaico
3570 1478 3686 1516 more

497 2111 680 2150 mense
715 2094 927 2159 Martio,
977 2103 1032 2149 et
1077 2097 1131 2148 in
1181 2094 1450 2149 Paschate
1486 2095 1536 2148 id
1568 2096 1836 2149 accidisse
1864 2094 2070 2149 scribat

499 2185 788 2247 Eusebius,
842 2185 896 2238 in
949 2185 1054 2239 504
1126 2185 1377 2240 conferre
1450 2186 1698 2250 videtur;
1780 2186 1888 2240 imo
1945 2202 2071 2240 vero

496 2277 658 2331 etiam
691 2277 744 2329 in
774 2276 898 2331 305.
938 2274 1045 2330 Sed
1079 2277 1188 2339 hic,
1234 2286 1290 2330 ut
1326 2278 1380 2330 in
1409 2278 1682 2347 plerisque
1718 2277 1863 2342 aliis,
1899 2276 2070 2330 Scali-

498 2380 628 2434 gero
649 2365 898 2433 contigit,
933 2371 992 2416 ut
1027 2363 1262 2418 Eusebio
1305 2363 1443 2418 falsa
1493 2364 1740 2432 quazdam
1789 2364 2069 2434 afﬁngens,

501 2453 581 2504 sic
611 2461 870 2520 tanquam
912 2451 1117 2504 larvam
1162 2453 1453 2519 quamdam
1488 2451 1800 2515 fabricaret,
1837 2467 2070 2521 quacum

501 2551 718 2591 manum
776 2549 1126 2598 consereret;
1185 2553 1308 2590 nam
1358 2539 1502 2606 quod
1554 2537 1847 2593 Eusebium
1891 2540 2073 2594 dicere

502 2625 750 2690 aﬂirmat,
805 2625 996 2679 Martio
1032 2641 1220 2681 mense
1266 2627 1383 2696 ipso
1414 2625 1698 2682 Paschalis
1730 2629 1960 2683 solemni
1985 2629 2075 2685 die

504 2716 839 2785 publicatum
883 2716 1015 2771 illud
1049 2717 1313 2782 edictum,
1356 2734 1622 2787 nusquam
1669 2719 1772 2774 hoc
1805 2719 2076 2776 Eusebius

503 2807 747 2876 scripsit.
807 2806 980 2877 llujus
1035 2809 1180 2863 enim
1227 2808 1393 2862 verba
1453 2810 1555 2863 ista
1609 2819 1736 2866 sunt
1798 2811 1893 2866 lib.
1954 2827 2073 2875 vui,

503 2915 623 2970 cap.
657 2901 689 2954 5
719 2919 730 2954 :
770 2902 926 2964 Ἔτος
951 2900 1109 2953 τοῦτο
1131 2899 1197 2972 ἦν
1225 2901 1706 2956 ἐννεακαιδέκατον
1729 2905 1828 2974 τῆς
1855 2905 2075 2974 Διοκλη-

2171 2113 2271 2149 mai
2301 2097 2504 2165 primae,
2531 2106 2587 2149 ut
2610 2104 2754 2164 putat
2777 2095 3034 2165 Scaliger,
3075 2096 3331 2150 videlicet
3353 2093 3698 2148 numer025l9.

2170 2187 2360 2242 Annus
2390 2195 2618 2258 quartus
2665 2186 2876 2258 Olymp.
2907 2187 3012 2240 270
3050 2187 3174 2240 iniit
3208 2203 3354 2241 anno
3386 2187 3571 2256 periodi
3607 2185 3693 2238 Jul.

2171 2280 2332 2343 5017,
2376 2280 2577 2334 Christi
2616 2279 2946 2350 Dionysiano
2994 2279 3117 2341 504,
3179 2279 3489 2333 Eusebiano
3517 2279 3624 2337 506,
3664 2287 3708 2330 ιιι.

2171 2378 2255 2424 est
2298 2369 2352 2422 in
2389 2370 2772 2424 vetustissimis
2819 2370 3152 2424 cditionibus
3180 2411 3194 2434 ,
3267 2386 3468 2424 necnon
3513 2380 3558 2424 et
3593 2367 3709 2422 Pon-

2173 2460 2300 2514 taci.
2352 2459 2406 2512 In
2446 2460 2810 2530 Scaligeriana
2863 2477 3016 2526 vero,
3075 2461 3197 2515 504.
3262 2462 3361 2516 Sed
3397 2472 3570 2531 prmter
3608 2476 3710 2531 pro.

2173 2550 2546 2604 chronismum
2593 2552 2721 2604 anni
2778 2552 2960 2616 unius,
3003 2569 3112 2622 quo
3169 2553 3545 2625 Dionysianam
3577 2568 3709 2606 aarain

2175 2639 2480 2694 Eusebiana
2512 2641 2789 2708 praecedit,
2823 2656 3000 2697 annus
3049 2644 3184 2696 alter
3216 2645 3519 2698 inculcalus
3553 2651 3642 2704 est,
3667 2643 3739 2696 ιιι·

2177 2727 2266 2781 hic
2307 2743 2484 2782 annus
2519 2737 2662 2782 esset
2705 2729 2828 2789 506,
2862 2731 2952 2798 qui
3003 2731 3107 2784 505
3133 2748 3266 2785 esse
3309 2734 3502 2794 debuit,
3551 2731 3710 2800 Diony-

2179 2820 2368 2874 sianus
2401 2835 2529 2874 vero
2571 2819 2694 2874 504.
2730 2821 2794 2874 Et
2835 2821 3074 2890 alioquin
3120 2823 3394 2878 Eusebius
3444 2822 3713 2877 Diocletiani

2177 2912 2438 2979 epocham
2471 2926 2581 2966 uno
2609 2927 2754 2966 anno
2779 2911 2989 2966 tardius
3019 2923 3406 2982 reprzesentat;
3437 2929 3549 2967 nam
3577 2911 3718 2966 ascri-

504 2990 683 3044 τιανοῦ
713 2991 986 3060 βασιλείας
1006 3008 1018 3019 ·
1049 2991 1284 3061 Δύστρος
1317 2993 1444 3061 μήν.
1489 2993 1713 3060 Λέγοιτο
1745 2994 1789 3045 δ’
1821 2994 1887 3046 ἂν
1924 2988 2077 3058 οὗτος

510 3082 590 3094 -..
914 3082 922 3094 .
1000 3083 1055 3094 ,η
1197 3083 1206 3094 .
1373 3084 1384 3094 .
1472 3075 1497 3094 φ
1591 3084 1614 3094 -
1755 3084 1776 3093 -
2003 3086 2014 3094 .

2183 3001 2260 3055 bit
2294 3017 2494 3054 annum
2545 3002 2691 3056 illius
2746 3003 2979 3072 primum
3037 3003 3103 3056 ad
3157 3003 3374 3074 Olymp.
3417 3005 3515 3058 266
3549 3016 3717 3056 annum

507 3082 749 3153 Μάρτιος
794 3082 937 3134 κατὰ
1000 3083 1332 3150 Ῥωμαίους·
1368 3084 1426 3132 ἐν
1463 3075 1508 3147 ᾧ
1556 3084 1652 3152 τῆς
1686 3084 1778 3136 τοῦ
1811 3086 2077 3156 σωτηρίου

508 3172 712 3233 πάθους
739 3173 928 3241 ἑορτῆς
955 3170 1370 3240 εἰσελαυνούσης
1398 3172 1617 3241 ἦπλωτο
1645 3176 1948 3244 πανταχόσε
1984 3176 2078 3245 βα-

511 3261 690 3314 σιλικὰ
724 3261 1044 3332 γράμματα,
1084 3270 1189 3316 etc.
1237 3263 1420 3315 Annus
1465 3277 1578 3316 erat
1628 3265 1726 3318 iste
1765 3265 2080 3321 Diocletiani

513 3368 623 3408 six.
654 3355 843 3405 mensis
883 3354 1128 3420 Dystrus,
1174 3355 1262 3422 qui
1307 3354 1665 3408 li'nnanorum
1719 3357 1917 3412 Manio
1990 3379 2072 3416 re-

513 3441 756 3508 spondet.
788 3441 852 3495 ln
879 3459 978 3511 quo
1007 3445 1300 3512 salutiferae
1331 3445 1607 3501 Passionis
1655 3460 1923 3518 appetente
1947 3453 2080 3522 [esto

514 3532 700 3601 ubique
730 3533 1069 3600 imperatoria
1108 3537 1279 3588 edicta
1310 3539 1581 3606 proposita
1607 3539 1833 3607 fuerant.

588 3621 748 3678 Falso
795 3625 976 3694 itaque
1017 3626 1111 3680 lib.
1150 3644 1178 3680 v
1216 3627 1291 3681 De
1325 3629 1520 3683 emend.
1580 3634 1868 3700 scripsisse
1919 3635 2084 3690 refert

517 3712 807 3770 Eusebium
865 3718 963 3787 τῆς
1012 3718 1203 3788 ἑορτῆς
1252 3718 1345 3771 τοῦ
1403 3721 1594 3790 Πάσχα
1640 3723 2081 3795 εἰσελαυνούσης,

517 3806 674 3872 quasi
721 3806 928 3863 Pascha
993 3823 1214 3864 necesse
1271 3810 1341 3864 sit
1400 3811 1454 3864 in
1507 3811 1755 3867 Martium
1807 3817 2083 3874 incidisse.

517 3893 730 3950 Etenim
771 3898 838 3951 de
886 3898 1222 3953 solemnibus
1273 3901 1464 3954 diebus
1513 3902 1790 3958 Passionis
1827 3906 2086 3974 loquitur,

519 3986 634 4040 sive
681 3986 1019 4041 hebdomade
1071 3987 1342 4057 paschali,
1397 4006 1517 4059 quae
1566 3991 1772 4046 Pascha
1835 4011 2088 4049 nonnun-

518 4091 682 4144 quam
715 4079 1036 4148 appellatur,
1068 4088 1125 4133 ut
1167 4081 1235 4135 ad
1272 4083 1393 4136 fidei
1422 4082 1845 4163 Professignem,
1877 4103 1997 4155 qua:
2033 4089 2085 4142 in

520 4166 670 4220 calce
721 4168 880 4235 primi
917 4171 1048 4222 tomi
1089 4179 1290 4233 exstat,
1328 4173 1727 4229 adnotavimus.
1773 4175 1924 4232 Unde
1965 4181 2092 4233 licet

520 4253 804 4311 Paschalis
843 4273 1039 4311 nomen
1089 4257 1356 4314 Eusebius
1405 4263 1753 4330 exprimeret,
1803 4282 1912 4320 non
1973 4269 2093 4324 ideo

2179 3094 2436 3162 primum,
2469 3093 2561 3162 qui
2598 3107 2714 3162 per.
2759 3091 2868 3148 Jul.
2918 3093 3060 3147 4998
3100 3095 3294 3165 carpit.
3331 3095 3524 3148 Christi
3555 3092 3717 3160 Diony-

2179 3186 2333 3238 siano
2379 3184 2512 3247 Q85;
2571 3200 2695 3238 cum
2744 3186 3016 3255 superiori
3068 3197 3363 3254 competat.
3413 3200 3548 3238 anno
3589 3182 3720 3236 tertio

2179 3275 2392 3346 Olymp.
2429 3275 2537 3329 ‘265
2566 3276 2799 3337 labente,
2834 3275 3010 3330 tribus
3051 3276 3339 3331 mensibus
3383 3284 3502 3330 ante
3540 3273 3718 3328 initium

2181 3365 2380 3434 quarti.
2417 3363 2568 3420 Unde
2601 3364 2924 3420 Diocletiani
2954 3381 3130 3420 annus
3156 3382 3245 3419 xu
3283 3383 3406 3421 cum
3435 3380 3568 3418 anno
3594 3362 3722 3416 tertio

2182 3454 2396 3524 Olymp.
2431 3455 2538 3510 270
2571 3465 2940 3524 comparatur,
2981 3457 3072 3525 qui
3107 3473 3229 3510 cum
3294 3456 3528 3512 secundo
3573 3451 3724 3522 potius

2183 3545 2426 3613 copulari
2459 3546 2663 3600 debuit.
2699 3546 2874 3615 Cmpit
2909 3547 3051 3600 enim
3095 3548 3180 3600 hic
3217 3563 3366 3600 anno
3394 3545 3580 3599 Christi
3617 3539 3724 3602 209..

2187 3636 2360 3689 tribus
2389 3637 2666 3690 mensibus
2699 3640 2908 3691 exactis
2953 3638 3022 3692 ab
3058 3637 3211 3691 initio
3257 3639 3388 3691 anni
3422 3652 3509 3690 xu
3547 3632 3728 3686 Diocle-

2187 3729 2338 3782 tiani.
2379 3727 2484 3782 Sed
2516 3728 2568 3780 in
2625 3730 2782 3784 annis
2810 3727 3011 3782 Christi
3047 3729 3371 3784 Eusebianis
3401 3730 3588 3781 frustra
3622 3739 3730 3776 rou-

2187 3818 2484 3883 llictamur;
2536 3833 2674 3886 quos
2712 3833 2741 3870 a
2788 3819 3024 3874 librariis
3066 3819 3322 3882 intextos,
3355 3834 3459 3872 non
3490 3818 3553 3871 ab
3583 3813 3730 3868 Euse-

2190 3909 2277 3962 bio
2321 3911 2456 3979 ipso,
2486 3909 2586 3963 viri
2617 3910 2760 3964 docti
2796 3911 2986 3963 merito
3020 3910 3372 3980 persuadent.

2263 3999 2521 4070 Superest
2575 4016 2750 4054 annus
2807 4001 3211 4064 Antiochenus,
3261 4003 3355 4069 qui
3430 3998 3733 4067 Scaligcruui

2193 4091 2327 4145 adeo
2349 4091 2657 4145 conturbat.
2677 4091 2823 4146 Aine
2847 4093 3194 4147 Antiochenae
3215 4092 3566 4161 primordium
3593 4099 3732 4141 mni

2193 4180 2384 4235 solidis
2420 4181 2576 4235 annis
2606 4180 2987 4252 Dionysianam
3036 4199 3198 4236 teram
3247 4182 3536 4237 antecedit.
3571 4177 3736 4231 Incidit

2194 4269 2336 4322 enim
2378 4271 2430 4324 in
2471 4286 2671 4325 annum
2707 4289 2820 4342 per.
2853 4271 2960 4325 Jul.
3015 4273 3173 4335 4666,
3206 4289 3266 4325 ex
3301 4273 3595 4341 posteriore
3628 4267 3737 4319 Sca-

523 4345 721 4398 festum
765 4346 940 4414 ipsum
971 4348 1167 4400 Martio
1216 4365 1399 4403 mense
1441 4353 1736 4421 contigisse
1777 4360 2091 4412 necessario
2125 4355 2168 4412 D
2196 4358 2347 4426 ligeri
2387 4362 2653 4414 sententia
2689 4361 2741 4414 in
2775 4362 3137 4414 Animadvers.
3169 4370 3222 4414 et
3257 4359 3402 4429 lsag.
3433 4376 3548 4412 can.
3584 4355 3738 4420 Quare

522 4437 772 4488 concludi
806 4444 1008 4505 posset,
1043 4442 1338 4505 praesertim
1369 4455 1492 4492 cum
1519 4440 1955 4515 εἰσελαυνούσης.
1991 4447 2092 4503 hoc

522 4530 607 4577 est
660 4532 941 4604 appetente,
993 4525 1463 4592 appropinquante,
1517 4528 1815 4597 scripserit.
1867 4529 1923 4584 1n
1986 4531 2095 4586 fra-

523 4613 780 4685 gmentis,
815 4629 938 4684 qua:
973 4614 1026 4668 in
1064 4616 1157 4670 lib.
1186 4631 1280 4669 vui
1325 4617 1390 4670 ad
1441 4618 1645 4673 calcem
1675 4621 1920 4690 conjecta
1947 4634 2092 4689 sunt,

523 4703 657 4759 edit.
702 4703 838 4758 Rob.
875 4703 1063 4774 Steph.
1122 4705 1213 4760 fol.
1264 4706 1353 4770 9|,
1389 4724 1510 4778 pag.
1552 4708 1608 4773 2,
1641 4711 1782 4766 idem
1822 4715 1910 4769 ille
1945 4717 2097 4773 locus

525 4797 597 4850 ita
628 4796 936 4865 concipitur
963 4816 974 4850 :
1009 4797 1167 4860 Ἔτος
1208 4797 1363 4851 τοῦτο
1397 4795 1464 4870 ἦν
1498 4801 1970 4858 ἐννεακαιδέκατον
1999 4808 2098 4876 τῆς

525 4887 906 4956 Διοκλητιανοῦ
944 4887 1238 4957 βασιλείας,
1270 4889 1528 4955 Ξανθικὸς
1559 4894 1686 4965 μὴν,
1709 4894 1767 4957 ὃς
1797 4895 2004 4963 λέγοιτο
2033 4898 2097 4950 ἂν

538 4977 843 5047 ’Λπρίλλιος
896 4977 1035 5030 κατὰ
1073 4979 1396 5048 Ῥωμαίους.
1427 4981 1524 5035 llic
1573 4984 1746 5053 Aprili
1796 5001 1983 5040 mense
2020 4987 2092 5039 fa-

526 5077 672 5120 ctum
715 5069 846 5122 illud
880 5070 1075 5124 asserit
1109 5087 1123 5123 :
1163 5086 1352 5140 nempe
1390 5073 1534 5143 quod
1573 5074 1866 5132 hebdomas
1909 5086 2097 5131 sancta

530 5171 813 5226 utriusque
860 5159 1062 5213 mensis
1104 5171 1311 5229 partem
1356 5165 1591 5234 aliquam
1635 5163 1926 5234 decerpsit.
1976 5165 2098 5220 Fuit

530 5247 616 5300 hic
649 5263 822 5304 annus
853 5248 1054 5304 Christi
1080 5251 1204 5315 502,
1230 5254 1381 5323 cyclo
1415 5256 1555 5310 luna:
1586 5271 1736 5319 svnt,
1761 5256 1991 5321 solisut,
2018 5258 2095 5311 lit.

532 5336 595 5398 D,
624 5340 956 5393 novilunium
994 5339 1256 5396 Paschale
1295 5342 1592 5408 Nicaenum,
1635 5344 1811 5398 Martii
1847 5362 1955 5399 xvi.
1995 5347 2097 5401 Sed

533 5425 848 5482 Diocletiani
878 5439 1118 5500 tempore
1139 5432 1314 5486 adhuc
1342 5433 1589 5488 fortassis
1609 5435 1852 5489 haerebat
1879 5439 1931 5490 in
1966 5453 2096 5491 xv".

530 5516 700 5583 Igitur
718 5522 1120 5588 quartadecima
1143 5521 1422 5577 Paschalis
1451 5522 1625 5576 Martii
1645 5525 1904 5581 vicesimo
1933 5545 2097 5594 nono,

538 5603 834 5672 Dominica.
881 5616 962 5670 vel
1009 5615 1305 5680 triccs’mo,
1355 5615 1486 5669 feria
1530 5631 1588 5669 ιι.
1626 5614 1761 5672 llinc
1796 5620 1887 5673 τοῦ
1921 5638 2097 5694 σωτηρ-

2199 4466 2342 4504 anno
2382 4467 2494 4520 per.
2529 4450 2636 4505 Jul.
2676 4453 2835 4516 5015,
2867 4453 3068 4507 Christi
3123 4451 3452 4522 Dionysiano
3493 4449 3610 4510 502,
3644 4457 3739 4498 cm-

2199 4539 2277 4606 pit
2307 4555 2481 4594 annus
2512 4539 2970 4594 Antiochenorum
3002 4541 3105 4593 550
3135 4541 3201 4594 ab
3227 4538 3444 4592 Octobri
3471 4555 3484 4603 ;
3507 4538 3597 4592 551
3632 4546 3740 4586 vero

2201 4644 2344 4682 anno
2389 4629 2715 4700 Dionysiano
2749 4631 2872 4682 505.
2909 4628 3114 4684 Idcirco
3152 4629 3436 4682 manifesta
3471 4635 3552 4681 est
3591 4624 3742 4677 Eusc-

2202 4722 2274 4776 bii
2330 4723 2476 4776 labes
2530 4730 2639 4775 tam
2691 4723 2742 4776 in
2791 4739 2898 4776 :cra
2932 4722 3246 4777 Diocletiani
3294 4737 3456 4790 quam
3498 4721 3551 4774 in
3576 4717 3742 4770 Antio-

2204 4813 2396 4866 chcna.
2446 4814 2634 4865 Annus
2680 4811 2997 4868 Diocletiani
3036 4828 3127 4866 xu
3171 4813 3336 4881 cmpit
3383 4827 3525 4864 anno
3573 4806 3742 4861 Antio—

2203 4902 2376 4956 cheno
2407 4903 2510 4956 549
2541 4903 2716 4956 adhuc
2755 4903 2986 4966 labente,
3021 4918 3084 4956 ac
3136 4912 3254 4970 post
3302 4917 3512 4955 menses
3555 4899 3656 4952 fere
3700 4908 3744 4945 ιι

2206 4990 2325 5042 iniit
2365 5007 2538 5045 annus
2583 4992 3040 5045 Antiochenorum
3098 4991 3217 5044 550.
3272 4989 3367 5044 Est
3414 4989 3574 5059 igitur
3603 4986 3746 5038 unus

2205 5083 2333 5134 anni
2393 5081 2834 5150 prochronisnnis
2893 5082 3033 5151 apud
3107 5080 3432 5143 Eusebium,
3494 5078 3582 5148 qui
3640 5087 3746 5128 cum

2205 5186 2348 5222 anno
2381 5185 2470 5221 XIX
2502 5168 2816 5223 Diocletiani
2850 5173 3125 5224 connectit
3155 5185 3357 5223 annum
3391 5170 3513 5224 551,

2273 5260 2352 5312 Ad
2382 5274 2647 5313 summam
2693 5260 3003 5316 Diocletiani
3047 5263 3320 5316 horribilis
3350 5264 3432 5316 illa
3466 5254 3748 5331 persecutio

2205 5349 2532 5418 caspitanno
2557 5350 2797 5420 ejusdem
2833 5362 3234 5419 xvniexeunte,
3261 5355 3338 5410 vel
3361 5355 3574 5407 ineunte
3611 5364 3688 5401 im
3723 5357 3747 5394 δ

2207 5439 2433 5495 Kalend.
2468 5439 2588 5494 Jan.
2633 5451 2727 5496 aut
2779 5443 3012 5508 Martiis,
3037 5446 3240 5501 Christi
3289 5445 3610 5516 Dionysiano
3640 5437 3745 5493 50%.

2210 5530 2361 5586 Unde
2387 5533 2602 5586 nonnisi
2630 5534 2904 5589 biennium
2931 5535 3296 5591 Diocletianus
3322 5538 3461 5588 illam
3490 5529 3746 5589 exercuit:

2209 5622 2425 5679 tametsi
2463 5639 2491 5678 a
2531 5624 2745 5683 Galerio
2795 5624 3121 5682 Maximiano
3173 5626 3401 5698 aliisque
3452 5621 3746 5677 Diocletiani
