4028 6220
288 184 376 241 577

1227 192 1315 246 DE
1353 191 1790 251 ROMANORUM
1829 197 2008 252 ΙΜΡΡ.
2046 197 2556 259 CHRONOLOGIA.

3434 219 3538 275 573

285 311 326 355 et
351 297 675 354 Maximiani
703 299 944 356 Herculii
997 304 1412 360 successoribus
1458 314 1751 377 propagata
1784 307 1858 362 sit
1886 315 1930 370 Α
1960 317 2064 364 est.
2096 310 2289 382 Itaque
2331 314 2714 371 Maximiauum
2746 307 3061 375 llerculium
3093 337 3218 377 eum
3248 323 3538 385 Maximino

280 393 334 447 ad
355 405 529 446 annos
551 393 758 462 plures,
792 393 895 447 hoc
921 403 1004 449 est
1036 395 1102 448 ad
1145 395 1270 460 511,
1311 404 1372 451 ut
1396 398 1654 467 Opinatur
1675 399 1847 453 Baro-

277 484 402 538 nius.
456 482 534 537 Ex
563 499 675 554 quo
703 493 918 540 constat
946 502 1166 543 errasse
1215 496 1490 556 nostrum,
1515 491 1630 560 qui,
1671 491 1845 560 impc-

270 582 412 629 rante
442 573 804 640 Diocletiano,
841 590 1016 632 annos
1055 586 1197 634 totos
1230 595 1330 644 xu,
1376 579 1479 634 hoc
1521 589 1606 636 est
1653 590 1849 651 praeter

265 680 450 728 unum,
475 680 668 722 omnes
697 668 844 724 illius
874 669 1092 739 imperii
1124 685 1298 731 annos
1329 685 1630 742 occupasse
1659 674 1845 728 tradit.

319 756 434 808 Καὶ
456 759 708 812 παύεται
734 758 846 828 τῆς
860 761 1188 830 βασιλείας
1214 764 1658 831 οὺαιτρανίσας.
1688 766 1846 820 Anno

260 846 459 901 tihristi
521 849 644 912 501,
710 852 830 920 ipso
909 849 981 904 1X
1038 860 1092 907 et
1145 853 1478 910 Maximiano
1533 853 1647 908 Vlll
1696 871 1842 911 coss.

259 937 580 1008 Quanquam
619 942 778 996 ambo
829 943 1028 1000 iterum
1073 947 1328 1002 consules
1371 946 1542 1002 fuisse
1596 948 1842 1019 legantur

257 1044 394 1082 anno
427 1032 557 1094 508,
594 1033 700 1088 nisi
740 1035 988 1091 mendosi
1027 1038 1138 1092 sint
1182 1037 1360 1103 Fasti,
1406 1039 1550 1109 quod
1584 1040 1846 1110 quemad-

257 1117 474 1172 modum
506 1122 806 1188 acciderit,
857 1139 1322 1194 supervacaneum
1368 1137 1453 1184 est
1484 1145 1746 1199 querere.
1780 1131 1844 1185 Et

255 1210 415 1263 variae
449 1209 818 1268 divinationes
853 1230 978 1271 esse
1025 1225 1274 1286 possunt,
1305 1234 1442 1288 quas
1491 1221 1623 1274 nihil
1658 1236 1840 1275 mora-

254 1316 388 1354 mur.
442 1303 797 1358 Observanda
833 1322 998 1376 porro
1041 1325 1141 1362 vox
1188 1317 1293 1371 est,
1341 1326 1446 1380 qua
1503 1312 1842 1382 Epiphanius

253 1395 444 1460 utitur,
499 1395 904 1466 οὐαιτρανίσας,
958 1399 1102 1469 quod
1161 1402 1296 1455 nihil
1361 1403 1507 1456 aliud
1570 1404 1842 1474 signiﬁcat

251 1500 410 1553 quam
444 1493 825 1541 veteranorum
861 1490 1033 1545 instar
1069 1493 1412 1547 vocationem
1447 1495 1552 1549 sibi
1598 1510 1836 1560 sumere,

254 1591 312 1628 ac
342 1576 632 1644 secedere;
660 1579 807 1648 quod
845 1583 1168 1636 vocabulum
1205 1583 1469 1639 hactenus
1508 1586 1562 1640 in
1596 1585 1837 1641 Onoma-

255 1668 406 1722 stieis
435 1669 850 1725 mistobarbaris
879 1671 1243 1729 desideratur.

325 1763 689 1830 Μιιξιμιανύς
722 1763 790 1816 δὲ
813 1764 979 1830 κακῷ
1003 1767 1186 1834 μόρῳ.
1223 1766 1298 1822 De
1338 1767 1668 1825 Maximiano
1703 1769 1836 1824 Her-

256 1853 392 1906 culio
427 1853 747 1908 Diocletiani
785 1857 991 1926 collega
1044 1859 1190 1927 loqui
1225 1873 1284 1913 se
1327 1861 1561 1927 putarit,
1611 1871 1664 1916 et
1703 1877 1834 1916 vero

258 1945 430 1998 debuit
461 1945 834 2014 Epiphanius;
865 1947 1125 2016 sedquod
1150 1950 1251 2004 hoc
1272 1951 1391 2005 loco
1415 1959 1624 2016 narrat,
1653 1953 1830 2006 neutri

259 2033 618 2100 Maximiano,
664 2039 758 2092 sed
810 2037 1106 2093 Maximino
1143 2043 1393 2110 contigit.
1447 2041 1832 2111 Saepenumero

254 2123 420 2178 Graeci
453 2127 750 2194 scriptores
775 2126 1137 2185 Maximianos
1161 2129 1303 2185 duos
1337 2129 1594 2195 invicem,
1629 2139 1828 2186 etcum

257 2217 541 2273 Maximino
590 2219 958 2275 confundunt.
1004 2220 1135 2286 Quae
1180 2237 1268 2277 res
1311 2224 1477 2278 etiam
1525 2225 1829 2278 attentissic

255 2324 394 2361 mum
422 2311 676 2364 lectorem
736 2313 990 2365 frustrari
1021 2313 1215 2381 possit.
1249 2311 1623 2368 Diocletianus
1645 2319 1699 2368 et
1726 2314 1831 2368 Ma-

253 2400 516 2456 ximianus
554 2401 842 2458 Herculius
873 2404 1254 2458 Constantium
1312 2403 1572 2459 Cblorum
1629 2412 1684 2458 et
1722 2403 1828 2459 Ga-

255 2491 440 2546 lerium
472 2492 864 2548 Maximianum
898 2496 1300 2549 Armentarium
1332 2494 1578 2551 Caesares
1604 2505 1824 2550 creant:

251 2582 338 2649 qui
367 2593 490 2652 post
513 2585 732 2639 illorum
767 2586 1136 2642 secessionem
1166 2588 1396 2656 Augusti
1427 2603 1492 2642 ex
1517 2586 1827 2643 Cmsaribus

253 2673 393 2729 facti.
429 2675 680 2732 Galerius
710 2677 1070 2734 Maximianus
1098 2679 1236 2733 duos
1263 2678 1509 2734 Ctesares
1541 2679 1826 2735 constituit

250 2779 493 2822 sororum
546 2769 722 2834 ﬁlios,
768 2770 831 2825 C.
877 2768 1153 2825 Galerium
1211 2768 1604 2830 Maximinum,
1662 2785 1824 2839 quem

249 2857 452 2914 Orienti
510 2859 790 2930 praefecit,
831 2869 886 2916 et
925 2861 994 2914 M.
1037 2861 1321 2916 Aurelium
1380 2860 1680 2924 Severum,
1736 2861 1823 2914 cui

1957 405 2298 470 permiscuit.

2031 496 2286 562 Τούτους
2339 499 2820 568 τελευτήσαντος
2865 501 3216 573 διαδέχεται.
3272 508 3542 566 Constan-

1955 586 2070 642 tino
2113 588 2408 644 Claronicon
2455 591 2675 647 Eusebii
2716 594 2809 648 dat
2849 610 3022 650 annos
3064 613 3192 665 xxx,
3232 617 3447 657 menses
3484 620 3536 657 x.

1950 678 2021 730 At
2045 678 2184 734 idem
2215 680 2484 738 Eusebius
2509 682 2604 736 lib.
2641 699 2693 738 tv
2727 684 2801 738 De
2831 687 2935 739 vita
2957 687 3322 755 Constantini,
3352 706 3404 747 c.
3434 695 3538 758 55,

1951 769 2027 823 ait
2049 769 2350 841 imperasse
2379 788 2555 828 annos
2583 789 2758 840 xxxn,
2788 777 2970 832 minus
3003 783 3194 848 paucis
3225 786 3530 840 mensibus:

1948 858 2158 915 vixisse
2184 877 2318 915 vero
2370 863 2594 933 duplum
2625 871 2861 935 tempus.
2905 867 3160 925 Socrates
3196 879 3251 926 ct
3279 871 3536 930 Sozome-

1949 966 2054 1005 nus
2101 952 2388 1023 imperium
2428 956 2586 1010 annis
2632 972 2760 1010 xxxi
2824 958 3128 1026 deﬁniunt,
3185 964 3349 1016 vitam
3395 981 3531 1020 va.

1949 1038 2316 1112 Hieronymus
2338 1043 2393 1096 in
2423 1045 2803 1113 supplemento
2833 1049 3044 1117 imperii
3079 1067 3226 1118 xxxi,
3260 1055 3385 1108 vitae
3407 1071 3530 1110 LxVI

1947 1141 2236 1196 numerat,
2289 1135 2433 1203 quod
2478 1151 2543 1190 ex
2577 1135 2840 1206 Eutropio
2889 1142 3190 1195 transtulit.
3225 1143 3370 1200 Mors
3411 1147 3532 1215 ejus

1947 1221 2255 1277 indubitate
2297 1217 2614 1280 charactere
2663 1235 2901 1290 notatur,
2953 1242 3096 1283 anno
3128 1230 3332 1286 Christi
3390 1235 3526 1300 557,

1947 1316 2236 1369 undecimo
2262 1315 2490 1372 Kalend.
2522 1315 2692 1382 Junii,
2712 1319 2832 1388 ipso
2851 1319 2938 1373 die
2965 1319 3337 1387 Pentecostcs,
3373 1329 3528 1395 cyclo

1946 1405 2081 1459 solis
2122 1421 2175 1471 x,
2217 1406 2396 1460 littera
2428 1405 2486 1472 Β,
2520 1406 2798 1462 Fcliciano
2828 1419 2881 1463 et
2913 1408 3134 1464 Titiano
3179 1427 3324 1467 coss.
3373 1415 3529 1472 Errat

1943 1511 2074 1550 vero
2106 1497 2371 1568 Scaliger,
2405 1500 2496 1568 qui
2532 1499 2872 1553 tricesimum
2903 1502 3154 1570 explesse
3193 1514 3389 1574 negat;
3432 1508 3527 1560 sed

1945 1599 2118 1641 annos
2160 1590 2365 1644 solidos
2405 1591 2672 1644 duntaxat
2705 1591 3005 1660 imperasse
3031 1609 3182 1658 xxix,
3217 1611 3342 1648 eum
3377 1613 3528 1652 men-

1863 1658 1905 1712 B
1940 1679 2094 1734 sibus
2127 1697 2220 1744 νη,
2247 1680 2440 1737 diebus
2464 1699 2659 1747 xxvm,
2687 1699 2754 1738 ex
2872 1684 2926 1738 d.
2955 1703 3047 1738 vui
3079 1686 3198 1739 Kal.
3235 1687 3354 1742 Oct.
3391 1688 3525 1758 Ejus

1937 1785 2066 1823 vero
2106 1770 2324 1825 initium
2372 1775 2567 1827 statuit
2602 1774 2656 1827 in
2700 1789 2844 1827 anno
2883 1775 3086 1830 Christi
3132 1777 3256 1831 507.
3309 1779 3428 1844 Quo
3457 1798 3523 1836 ex

1934 1877 2120 1917 errore
2146 1865 2327 1918 caueri
2352 1867 2635 1936 prepagati
2661 1878 2788 1920 sunt
2810 1867 2877 1921 de
2900 1867 3260 1923 indictionum
3287 1872 3520 1942 origine,

1933 1952 2109 2020 deque
2136 1951 2366 2008 Nicaeum
2389 1955 2580 2025 synodi
2615 1963 2880 2024 tempore,
2903 1972 3024 2026 qua:
3051 1967 3180 2012 sunt
3202 1962 3342 2028 apud
3369 1963 3542 2017 illum'

1933 2040 2422 2111 depravatissixna;
2471 2059 2595 2097 nam
2640 2054 2693 2097 et
2728 2045 3004 2099 Nieenum
3037 2049 3333 2102 concilium
3370 2053 3516 2105 cele-

1932 2132 2146 2186 bratum
2179 2143 2397 2188 constat
2428 2149 2574 2189 anno
2595 2137 2793 2190 Christi
2813 2138 2939 2200 525,
2969 2138 3193 2192 Paulino
3218 2151 3269 2193 et
3295 2140 3518 2198 Juliauo

1930 2234 2101 2285 coss.,
2134 2233 2187 2276 et
2209 2223 2399 2277 eodem
2427 2239 2593 2288 anno,
2627 2227 2843 2294 expleto
2871 2228 3129 2281 vicesimo
3161 2246 3326 2294 anno,
3365 2232 3516 2287 Con-

1931 2315 2232 2367 stantinum
2264 2313 2547 2369 Vienualia
2597 2317 2926 2373 celebrasse.
2977 2319 3132 2382 Quod
3169 2336 3513 2390 nequaquam

1929 2402 2246 2469 accidisset,
2296 2405 2342 2459 si
2387 2421 2534 2459 anno
2577 2407 2795 2461 demum
2844 2407 3044 2463 Christi
3089 2409 3194 2464 507
3236 2414 3512 2482 ('thissct.

1932 2491 2189 2547 Socrates
2238 2504 2514 2549 mortuum
2571 2496 2992 2552 Constantinum
3033 2515 3155 2555 esse
3195 2502 3328 2556 dicit
3370 2518 3515 2557 anno

1930 2584 2176 2638 secundo
2205 2585 2312 2640 278
2353 2586 2728 2657 Olympiadis;
2766 2589 3151 2644 Constantium
3193 2608 3322 2647 vero
3350 2593 3514 2648 Chlo-

1929 2689 2050 2727 rum
2082 2675 2290 2730 obiisse
2327 2691 2472 2730 anno
2503 2679 2681 2747 primo
2707 2677 2924 2749 Olymp.
2955 2681 3082 2742 271,
3113 2680 3244 2735 Julii
3279 2700 3405 2737 xxv.
3444 2684 3508 2739 Ut

1928 2763 2095 2832 igitur
2133 2763 2353 2817 ineunte
2394 2763 2713 2835 Olympiade
2757 2765 2858 2818 271
2909 2767 3299 2825 Constantinus
3347 2772 3492 2840 impe

1927 2856 2069 2909 rium
2102 2859 2331 2926 ceperit,
2379 2873 2504 2911 cum
2546 2864 2782 2912 exeunte
2823 2873 2968 2912 anno
3003 2860 3247 2915 secunde
3291 2860 3507 2932 Olymp.

247 2951 594 3006 Occidentem
628 2953 898 3023 permisit.
938 2951 1176 3008 Severus
1206 2953 1390 3008 Caesar
1421 2967 1449 3004 a
1475 2951 1693 3006 Galerio
1720 2950 1824 3004 Ma—
1848 2987 1895 3046 c
1925 2947 2034 3001 278
2075 2959 2338 3046 mortuus
2372 2949 2466 3011 sit,
2512 2949 2756 3046 nonduin
2799 2956 3132 3046 xxx-annos
3175 2952 3506 3046 expleverat.

249 3043 485 3098 ximiano
515 3051 709 3098 contra
750 3043 1082 3099 Maxentium
1125 3046 1328 3100 missus
1361 3043 1633 3098 Ravenna:
1671 3043 1823 3098 occi-

247 3136 411 3203 ditur,
446 3138 519 3191 ait
559 3136 830 3192 Eusebius
860 3137 912 3191 in
943 3137 1203 3191 Chronico
1226 3177 1241 3200 ,
1285 3135 1473 3191 Victor
1506 3137 1560 3190 in
1592 3135 1822 3190 Cwsari'

248 3227 358 3290 bus,
411 3237 461 3283 et
499 3230 610 3284 alii.
653 3229 1019 3285 Maximianus
1064 3228 1356 3283 Herculius
1400 3237 1681 3297 resumpto
1722 3227 1824 3280 im-

251 3317 415 3378 peric,
457 3330 578 3369 cum
625 3316 853 3372 insidias
887 3316 1251 3372 Constantino
1301 3331 1500 3386 genero
1547 3324 1818 3381 strueret,

253 3401 493 3458 Massiliae
514 3415 598 3460 est
617 3408 860 3470 occisus,
889 3422 997 3461 non
1029 3407 1211 3471 Tarsi,
1241 3415 1295 3459 ut
1323 3406 1575 3460 Zosimus
1606 3404 1816 3458 scribit.

252 3488 489 3549 Galerius
513 3495 876 3552 Maximianus
899 3497 1248 3552 Christianos
1281 3495 1669 3550 crudelissime
1703 3510 1820 3564 per-

254 3594 482 3649 secutus,
510 3589 858 3658 consumptis
888 3589 1219 3658 genitalibus
1251 3587 1471 3649 defecit,
1505 3588 1580 3640 ait
1610 3585 1814 3640 Victor.

255 3675 418 3745 llujus
449 3679 876 3735 fuitestissimam
917 3691 1144 3735 mortem
1192 3696 1257 3734 ac
1305 3679 1571 3733 divinitus
1604 3677 1810 3732 immis-

250 3781 332 3825 sos
354 3774 625 3827 cruciatus
644 3772 892 3844 pluribus
912 3773 1230 3841 exsequitur
1257 3769 1522 3826 Eusebius
1539 3769 1649 3823 lib.
1688 3782 1811 3827 vm,

248 3875 359 3932 cap.
439 3865 539 3928 l8,
603 3873 657 3919 et
730 3864 815 3920 19.
880 3862 1132 3918 Galerius
1200 3862 1528 3916 Maximinus
1592 3861 1661 3913 ab
1725 3857 1815 3912 Li-

245 3954 388 4009 cinio
418 3956 593 4012 victus
653 3971 719 4010 ac
753 3955 872 4010 dira
929 3955 1050 4010 tabe
1097 3961 1384 4023 correptus
1427 3951 1582 4008 Tarsi
1627 3951 1808 4021 periit.

245 4037 375 4100 Vide
416 4046 705 4103 Eusebium
743 4047 835 4100 lib.
878 4061 956 4110 Ix,
984 4061 1105 4117 cap.
1137 4045 1190 4100 8.
1258 4044 1358 4099 Ubi
1391 4043 1535 4113 quod
1570 4042 1812 4112 Epipha-

240 4135 363 4190 nius
395 4137 483 4199 ait.
518 4136 850 4209 ὲξεὸολϐήϐη
885 4137 1010 4200 τοὺς
1045 4133 1376 4206 ὀφθαλμούς,
1415 4135 1496 4189 sic
1538 4141 1759 4187 enarrat
1791 4145 1808 4184 :

236 4223 555 4298 Προπηδῶσι
597 4230 697 4301 μὲν
724 4227 873 4298 αὑτῷ
894 4227 962 4282 τὰ
993 4227 1240 4298 ὄμματα,
1272 4225 1367 4279 καὶ
1399 4225 1493 4296 τῆς
1530 4224 1667 4288 ἰδίας
1712 4223 1811 4296 λή-

1927 3038 2090 3107 Atqui
2139 3053 2267 3091 xxxi
2306 3037 2564 3093 Socrates
2610 3033 2880 3091 attribuit.
2913 3037 3073 3092 Falso
3119 3039 3285 3108 igitur
3324 3039 3506 3111 Olym-

1927 3131 2105 3199 piadis
2145 3130 2249 3184 278
2287 3145 2432 3183 anno
2479 3131 2721 3185 secundo
2765 3131 2976 3186 obitum
3029 3130 3149 3198 ejus
3194 3132 3504 3201 consignat.

1922 3223 2081 3274 Anno
2114 3222 2315 3276 Christi
2365 3221 2490 3284 557,
2531 3221 2644 3274 sive
2682 3236 2800 3290 per.
2826 3220 2933 3275 Jul.
2971 3220 3131 3286 5050,
3165 3223 3285 3276 iniit
3329 3239 3505 3278 annus

1921 3309 2080 3380 lphiti
2123 3311 2285 3373 1115,
2337 3312 2452 3364 sive
2497 3308 2712 3380 Olymp.
2750 3311 2856 3365 279
2907 3311 3118 3381 primus
3174 3323 3301 3366 ante
3343 3329 3504 3384 quem

1920 3409 2172 3457 mortuus
2217 3411 2301 3457 est
2340 3401 2758 3466 Constantinus,
2787 3413 3020 3458 exeunte
3057 3415 3251 3475 quarto
3287 3404 3502 3477 Olymp.

1915 3491 2046 3546 278.
2081 3490 2201 3545 Jam
2251 3507 2380 3546 vero
2416 3492 2461 3548 si
2493 3508 2557 3551 cx
2610 3491 2830 3548 Eusebii
2876 3496 3168 3558 sententia.
3204 3511 3324 3565 quae
3367 3513 3500 3566 prae-
3582 3563 3604 3577 ἡ

1918 3583 2146 3639 ferenda
2179 3585 2405 3654 reliquis
2437 3582 2672 3649 videtur,
2708 3583 3107 3639 Constantinus
3136 3601 3284 3638 xxxu
3320 3601 3499 3642 annos

1915 3678 2110 3747 paucis
2130 3677 2377 3746 exceptis
2409 3676 2716 3741 mensibus,
2743 3676 3072 3746 impleverit,
3100 3677 3237 3731 adeo
3263 3689 3320 3730 ut
3352 3677 3496 3732 vice-

1915 3769 2090 3823 simus
2120 3768 2316 3821 tcrtius
2349 3767 2469 3835 ejus
2495 3767 2843 3821 iuchoandus
2871 3767 3037 3822 fuerit
3065 3782 3211 3821 anno
3251 3769 3344 3821 illo
3370 3768 3496 3832 557,

1912 3873 2021 3928 quo
2061 3865 2312 3911 mortuus
2341 3866 2442 3920 cst,
2481 3871 2828 3927 consequens
2858 3865 2963 3920 est,
3001 3873 3203 3911 annum
3241 3859 3362 3928 ejus
3394 3861 3508 3930 pri-

1910 3963 2060 4001 mum
2092 3946 2289 4002 cadere
2333 3947 2387 4000 in
2423 3963 2626 4000 annum
2657 3946 2865 4002 Christi
2899 3949 3024 4012 505,
3063 3963 3171 4018 quo
3201 3966 3267 4004 ex
3302 3951 3493 4010 diebus

1910 4038 2116 4094 aestivis
2168 4038 2331 4108 cuspit
2382 4053 2558 4102 anuus
2608 4038 2819 4108 primus
2868 4037 3209 4109 Olympiadis
3255 4041 3392 4107 271;
3437 4044 3490 4098 in

1910 4145 2070 4200 quem
2107 4126 2359 4184 Socrates
2389 4129 2694 4182 Constantii
2736 4128 2920 4183 Chlori
2967 4137 3197 4184 mortem
3227 4131 3485 4187 contulit.

1909 4221 2279 4292 Panegyricus
2311 4221 2642 4276 Maximiano
2661 4229 2712 4276 et
2735 4221 3101 4276 Constantino
3136 4224 3398 4293 Augustis
3422 4224 3489 4278 ab

237 4314 371 4383 ξεως
393 4322 760 4385 ἁποπεσόντα,
805 4319 978 4392 πηρὸν
1008 4319 1174 4372 αὑτὸν
1211 4317 1457 4386 ἀφίησιν.
1511 4315 1667 4371 Haud
1698 4315 1804 4369 du-

1925 4318 2125 4368 anerto
2181 4320 2406 4368 auctore
2461 4314 2641 4370 dictus
2691 4305 2986 4385 signiﬁcat,
3045 4313 3488 4376 Constantinum,

235 4408 320 4462 bis
363 4412 525 4482 igitur
571 4409 864 4483 Epiphanii
916 4419 1002 4467 est
1053 4409 1444 4472 hallucinatio,
1499 4409 1591 4477 qui
1637 4407 1806 4461 Maxi-

233 4503 413 4557 miano
444 4503 767 4559 Diocletiani
791 4503 1030 4572 collegae,
1051 4501 1156 4556 hoc
1187 4508 1272 4556 est
1325 4499 1579 4556 Herculio
1615 4498 1806 4552 tribuit

232 4606 350 4659 qua:
397 4594 695 4648 Maximino
747 4593 905 4648 Daza:
951 4591 1153 4646 Galerii
1213 4589 1545 4646 Armentarii
1595 4589 1805 4644 sororis

238 4684 342 4738 lilio
380 4688 752 4757 contigerunt.
787 4683 912 4740 Haec
940 4699 1005 4737 ex
1048 4681 1282 4746 Victore,
1319 4681 1568 4748 Zosimo,
1606 4680 1804 4735 Eutro-

239 4776 342 4842 pio,
381 4777 616 4833 Eusebio
647 4777 881 4845 aliisque
915 4775 1254 4845 collegimus.

302 4874 677 4940 Καταλείψας
704 4870 972 4926 Λικίνιον
1015 4867 1112 4921 καὶ
1155 4866 1592 4921 Κωνστάντιον.
1636 4863 1801 4933 Atqui

235 4957 602 5017 Constantium
646 4976 774 5014 cum
839 4958 1176 5012 Diocletiano
1221 4963 1273 5010 et
1325 4953 1654 5008 Maximiano
1701 4967 1802 5006 xm

243 5063 398 5105 annos
443 5053 749 5122 imperasse
783 5049 1012 5102 dixerat.
1051 5045 1208 5112 Quod
1254 5053 1312 5098 ut
1346 5043 1568 5097 minime
1612 5056 1801 5096 verum

244 5149 337 5203 est,
366 5142 434 5195 ita
467 5143 663 5196 falsum
705 5139 897 5193 ambos
917 5138 1041 5192 illos
1066 5133 1548 5205 οὐαιτρανεσαντας
1580 5145 1802 5186 succes-

250 5245 378 5286 sores
419 5234 706 5304 reliquisse
766 5228 1037 5283 Licinium
1097 5235 1151 5282 et
1201 5224 1618 5288 Constantium;
1673 5237 1799 5275 nam

251 5322 601 5379 Constantium
649 5322 913 5378 Chlorum
982 5327 1037 5374 et
1081 5317 1360 5372 Galerium
1411 5313 1799 5367 Maximianum

260 5413 336 5466 sibi
365 5416 764 5470 substituet-unt
793 5432 805 5466 :
834 5410 1081 5466 Licinius
1109 5415 1297 5478 postea
1327 5421 1357 5458 a
1387 5405 1602 5461 Galerio
1629 5403 1800 5458 Maxi-

264 5504 407 5559 miano
455 5507 638 5563 Cmsar
678 5505 856 5560 lactus
902 5517 1029 5558 cum
1091 5499 1456 5556 Constantino
1509 5498 1795 5568 imperium

266 5595 414 5660 tenuit,
456 5614 579 5652 cum
629 5611 803 5668 eoque
841 5610 870 5650 a
917 5593 1187 5650 moriente
1228 5588 1526 5646 Maximino
1569 5589 1796 5645 relictus

1908 4418 2032 4458 cum
2063 4403 2119 4456 in
2151 4401 2429 4456 Britannia
2459 4412 2675 4457 mortuo
2717 4411 2870 4474 patre
2904 4404 3191 4475 imperium
3217 4413 3362 4460 esset
3391 4405 3487 4458 ad-

1906 4502 2087 4564 eptus,
2121 4491 2354 4549 Ca'sart's
2389 4495 2750 4564 appellatione
2802 4505 3139 4563 contentum,
3171 4496 3397 4567 Augusti
3437 4507 3486 4550 et

1906 4587 2241 4655 imperatoris
2264 4586 2597 4643 abstinuisse
2622 4589 2866 4652 nomine,
2899 4589 3074 4643 donec
3097 4604 3126 4641 a
3153 4587 3484 4641 Maximiano

1905 4693 2076 4749 gener
2104 4678 2333 4738 ascitus,
2361 4693 2466 4730 una
2495 4685 2549 4732 et
2580 4678 2807 4746 Augusti
2831 4691 3028 4730 nomen
3051 4677 3337 4729 obtineret.
3377 4673 3480 4729 Cu-

1905 4771 2011 4835 ius,
2063 4770 2259 4841 inquit,
2307 4779 2457 4823 tanta
2499 4771 2780 4823 maturitas
2812 4778 2918 4834 est,
2948 4777 3005 4823 ut
3040 4785 3158 4823 cum
3199 4769 3294 4821 tibi
3333 4779 3480 4837 pater

1905 4862 2182 4930 imperium
2232 4861 2564 4933 reliquisset,
2613 4859 2842 4916 Caesaris
2906 4871 3074 4916 tamen
3129 4860 3479 4930 appellatione

1905 4963 2195 5017 contentus,
2229 4965 2530 5023 exspectare
2558 4954 2829 5011 malueris.
2859 4965 2917 5006 ut
2939 4954 3074 5008 idem
3093 4963 3159 5019 te,
3189 4954 3279 5022 qui
3303 4953 3471 5016 illum,

1903 5043 2198 5099 declararet
2225 5047 2537 5116 Augustum.
2571 5044 2724 5111 Quod
2761 5045 2935 5099 altero
2958 5059 3103 5098 anno
3121 5044 3188 5097 ab
3209 5043 3482 5097 Constan-

1904 5137 1963 5190 tii
2001 5145 2177 5190 morte
2205 5137 2454 5204 contigit.
2488 5135 2563 5188 Ex
2597 5151 2706 5204 quo
2741 5135 2942 5204 duplex
2975 5133 3314 5187 Constantini
3345 5147 3486 5185 con-

1904 5226 2078 5296 surgit.
2101 5225 2338 5279 initium.
2365 5225 2728 5290 Quamobrem
2759 5224 3056 5279 verisimile
3083 5229 3185 5285 est,
3209 5221 3478 5276 Constan-

1904 5316 2036 5369 tium
2084 5315 2345 5369 Chlorum
2391 5315 2694 5370 decessisse
2744 5330 2890 5369 anno
2931 5311 3133 5368 Christi
3163 5313 3287 5376 505,
3330 5327 3478 5369 anno

1901 5409 2079 5476 primo
2109 5407 2329 5460 ineunte
2355 5405 2569 5477 Olymp.
2596 5407 2726 5470 271,
2763 5415 2821 5460 ιιι
2854 5406 3047 5460 scribit
3085 5403 3371 5464 Socrates;
3409 5417 3472 5456 ac

1900 5505 2016 5550 tum
2050 5496 2476 5551 Constantinum
2511 5511 2541 5549 a
2571 5497 2833 5551 militibus
2864 5496 3168 5564 Augustum
3197 5500 3252 5547 et
3298 5493 3470 5561 impe-

1902 5597 2136 5645 ratorem
2159 5589 2514 5645 acclamatum
2543 5589 2874 5646 abstinuisse
2903 5595 3084 5644 tamen
3142 5584 3343 5645 summi
3371 5584 3474 5640 im-
