4028 6220
603 276 708 334 579

1699 263 2041 320 APPENDIX
2082 257 2629 316 DISSERTATIONU
2643 256 2711 312 id.
3698 264 3788 316 580

603 389 740 460 perii
768 390 965 454 titulis,
1009 388 1181 442 donec
1208 399 1353 438 anno
1383 387 1758 451 consequente
1792 395 1821 434 a
1845 378 2175 434 Maximiano
2208 381 2250 440 Α
2281 376 2359 447 git
2411 389 2598 429 eorum
2641 373 3054 442 imperatorum,
3096 371 3190 442 qui
3215 387 3246 430 ει
3271 372 3602 427 Constantino
3632 392 3790 444 magna

600 489 928 536 consecutus
955 488 1057 532 est.
1085 476 1160 528 Ex
1181 490 1291 543 quo
1312 472 1515 526 factum
1543 478 1818 541 putamus,
1843 470 2008 524 utalii
2034 485 2181 523 χιιι.

603 572 696 626 alii
716 585 866 624 xxxii
892 582 1065 621 annos
1087 562 1446 619 Constantino
1473 562 1786 617 tribuerint.
1816 561 1895 616 Ac
1911 559 2179 630 proferto,

602 662 668 722 si,
697 669 750 712 ut
774 655 1042 726 Eusebius
1068 651 1322 713 allirmat,
1354 665 1533 706 annus
1554 650 1766 720 imperii
1792 665 1991 713 χχχιιι,
2019 649 2184 704 Chri-

600 751 665 802 sti
700 745 1083 800 trecentesimo
1122 741 1402 797 tricesimo
1432 751 1627 796 octavo
1677 741 2021 797 inchoandus
2061 741 2180 805 fuit,

603 839 713 891 tieri
746 854 849 890 non
891 845 1087 904 potest.
1121 835 1251 904 quin
1294 850 1437 890 anno
1469 835 1574 890 505
1602 835 2000 890 Constantinus
2044 835 2181 890 inie-

602 929 690 982 rit.
709 927 806 981 llic
823 928 1006 980 nescio
1023 942 1142 995 quae
1162 927 1228 980 de
1251 927 1441 981 lustris
1469 924 1704 980 Julianis
1725 925 2030 979 hariolatur
2055 922 2185 978 Sca-

601 1019 766 1087 liger;
789 1033 908 1086 qua:
933 1015 1309 1087 Otympiadum
1333 1019 1551 1072 nomine
1568 1017 1779 1072 censeri
1803 1032 1925 1071 cum
1945 1019 2014 1071 ab
2039 1017 2180 1079 aliis,

600 1117 712 1160 tum
749 1123 776 1160 a
809 1108 1033 1162 Socrate
1066 1108 1326 1162 somniat.
1365 1107 1524 1173 Quod
1560 1123 1662 1162 suo
1697 1109 1814 1162 loco
1837 1109 2180 1162 relutabitnr.

671 1203 1056 1265 Κώνσταντα,
1105 1203 1202 1256 καὶ
1245 1201 1686 1256 Κωνστὰντιον.
1721 1200 2071 1255 Constantini
2116 1200 2184 1253 li-

603 1293 857 1347 berorum
911 1293 1170 1347 minimus
1223 1301 1355 1345 natu
1416 1289 1515 1345 fuit
1565 1290 1860 1354 Constans,
1916 1289 2184 1344 maximus

603 1384 1018 1446 Constantinus.
1053 1382 1267 1438 medius
1294 1380 1670 1436 Constantius.

672 1476 801 1539 Υἱὸς
846 1471 1368 1526 Cibalas-tartara}.
1409 1469 1526 1525 Non
1558 1470 1724 1525 dubia
1754 1477 1837 1525 est
1868 1469 2185 1538 conjectura

605 1573 812 1628 nostra,
855 1578 1016 1632 quam
1047 1563 1114 1616 ad
1138 1577 1289 1616 oram
1322 1562 1699 1629 ascripsimus,
1730 1560 2015 1628 legendum
2035 1559 2183 1611 ἀδελ-

607 1655 724 1723 φός,
775 1668 874 1724 pro
922 1652 1016 1705 τοῦ
1073 1651 1334 1720 ἀδελφοῦ.
1394 1651 1498 1707 nisi
1557 1652 1692 1705 forte
1741 1667 1839 1719 pro
1887 1648 2184 1720 Γρατιανοῦ

607 1744 1046 1799 Substituendum
1103 1743 1194 1804 sit,
1234 1742 1553 1805 Οὐάλεντος.
1596 1741 1721 1795 Fuit
1756 1742 1899 1794 enim
1938 1739 2183 1795 Valenti-

611 1835 804 1888 nianus
854 1832 1046 1886 Junior
1095 1831 1340 1885 Gratiani
1376 1829 1574 1894 frater;
1617 1830 1813 1885 Senior
1844 1838 2022 1884 autem
2072 1828 2182 1882 Va-

611 1924 791 1978 lentis.
844 1921 947 1978 Sed
999 1925 1367 1992 perobscurus
1421 1924 1642 1993 quidam
1697 1923 1853 1976 locus
1906 1929 1990 1976 est
2043 1920 2185 1990 apud

513 2014 520 2021 ’
611 2014 991 2072 Τιιυηιίδιίιιιιι.
1035 2013 1282 2068 oratione
1329 2015 1415 2078 ll,
1449 2029 1611 2082 quam
1649 2012 1840 2066 habuit
1883 2012 1936 2063 in
1977 2009 2188 2062 laudent

622 2104 976 2156 Valentiniani
1007 2102 1250 2157 Junioris
1296 2093 1418 2158 cum
1469 2103 1812 2158 ConSulatuIn
1861 2103 2092 2164 iniisset,
2134 2102 2187 2155 in

611 2211 720 2263 quo
775 2195 1040 2262 collegam
1093 2195 1284 2248 habuit
1320 2194 1597 2248 Aurelium
1629 2191 1919 2246 Vit-torem.
1969 2190 2084 2258 Qua
2133 2192 2186 2244 in

610 2288 880 2349 oratione,
913 2303 1033 2356 pag.
1066 2288 1192 2351 26L
1227 2288 1488 2342 nonnulla
1526 2288 1720 2356 injicit,
1752 2287 1951 2355 quibus
1983 2287 2188 2356 signiti-

610 2392 737 2430 care
759 2377 992 2438 videtur,
1026 2376 1463 2429 Valentinianum
1489 2375 1770 2429 Juniorem
1797 2376 2039 2430 Valentis
2063 2393 2186 2432 esse

615 2468 779 2518 lilium
803 2475 857 2520 et
880 2465 1238 2518 Valentiniani
1273 2467 1590 2533 patruelem.
1630 2466 1763 2520 Vide
1789 2483 1908 2534 qua:
1938 2468 2002 2519 ad
2034 2468 2186 2520 illum

615 2557 788 2607 locum
820 2557 1202 2610 annotarimus
1227 2557 1350 2624 :qui
1377 2559 1620 2624 profecto
1646 2557 1806 2611 etiam
1839 2567 2001 2627 atque
2023 2558 2184 2611 etiam

613 2645 1048 2700 considerandus
1093 2659 1198 2700 est.

685 2731 795 2789 Ὧν
829 2736 900 2789 τὰ
935 2737 1035 2800 ἐτη
1065 2736 1234 2804 μέχρι
1264 2737 1373 2802 τῆς
1399 2738 1722 2804 Ἀρκαδίου.
1763 2741 1946 2795 Annos
1983 2741 2184 2794 intellic

680 2891 794 2901 ‘.———~
811 2892 842 2899 ...-
863 2893 1088 2900 .-.ο--σ-
1107 2893 1934 2905 .--_—__.—c——_._—.__—...__._—

2288 467 2356 520 ad
2389 481 2578 522 necem
2615 480 2787 534 usque
2816 463 3183 519 Valentiniani
3215 463 3451 518 Junioris
3497 467 3791 521 exstiterunt.

2285 557 2342 612 In
2367 571 2478 627 quo
2512 571 2620 611 uno
2649 570 2793 609 anno
2816 556 3006 611 saltem
3031 555 3276 610 calculus
3303 555 3527 607 aberrat.
3551 554 3653 608 Non
3677 560 3794 612 enim

2285 649 2414 703 anni
2455 663 2587 712 LVII,
2621 647 2718 702 sed
2753 661 2841 700 Lvt
2886 646 2955 700 ab
2993 645 3146 699 obitu
3191 644 3522 699 Constantini
3554 662 3794 701 numeran-

2286 749 2393 796 tur.
2427 740 2638 795 Etenim
2670 754 2848 794 annus
2878 739 2987 799 ille,
3019 752 3129 807 quo
3156 735 3559 802 Valentinianus
3579 739 3792 793 aliArboo

2285 839 2436 902 gaste
2492 839 2718 886 necatus
2760 836 2866 893 est,
2921 828 3120 883 dubius
3155 842 3276 882 esse
3325 842 3432 881 non
3483 838 3662 896 potest,
3702 847 3792 881 rum

2286 930 2397 976 tam
2431 921 2627 992 insigni
2668 920 2982 976 charactere
3013 927 3250 972 notetur.
3292 917 3412 970 Fuit
3442 920 3578 970 enim
3612 919 3658 970 in
3684 935 3792 972 anno

2287 1013 2379 1066 illo
2410 1011 2688 1066 Dominiea
2721 1010 3077 1066 Pentecostes
3108 1008 3230 1062 Maii
3263 1023 3378 1062 ινι.
3413 1007 3632 1062 Proinde
3656 1009 3791 1061 littera

2290 1101 2556 1157 Dominic.
2606 1102 2668 1156 C.
2717 1101 2925 1156 Pascha
2957 1115 3089 1154 vero
3130 1099 3571 1169 quinquagesimo
3602 1109 3708 1152 ante
3735 1101 3792 1151 die

2286 1193 2460 1246 Martii
2506 1208 2698 1246 xxvm.
2747 1192 2917 1262 Igitur
2957 1191 3146 1262 cyclus
3195 1189 3297 1244 fuit
3355 1189 3494 1242 lunae
3531 1204 3647 1250 xm,
3691 1203 3795 1240 anno

2284 1285 2488 1339 Christi
2527 1283 2655 1348 ⁸592,
2686 1284 2838 1353 cyclo
2869 1283 3004 1337 solis
3032 1299 3107 1336 ix.
3138 1279 3256 1334 1am
3291 1294 3421 1335 vero
3456 1281 3667 1332 moritur
3695 1280 3800 1330 (Iou-

2287 1377 2558 1432 stantinus
2599 1389 2744 1428 anno
2777 1374 2988 1428 Christi
3018 1373 3144 1436 337,
3180 1381 3240 1426 ut
3269 1372 3428 1440 paulo
3463 1379 3582 1424 ante
3605 1371 3798 1424 declara-

2287 1475 2401 1520 tum
2449 1475 2551 1520 est.
2615 1465 2671 1518 Si
2718 1465 2786 1520 ab
2827 1464 2986 1519 annis
3035 1463 3142 1520 39?.
3191 1463 3431 1518 deducas
3479 1462 3608 1527 356,
3653 1461 3802 1530 reliqui

2287 1566 2447 1614 erunt
2481 1558 2568 1612 56.

2360 1647 2522 1703 Κατὰ
2570 1647 2639 1700 δὲ
2689 1647 3000 1713 ’Έλληνας
3046 1645 3436 1714 Ἀρτεμισίου.
3489 1643 3543 1697 Si
3584 1642 3804 1696 Artemisii

2293 1756 2422 1794 xxm
2473 1740 2590 1794 dies
2638 1747 2722 1794 est
2770 1737 2892 1792 Maii
2943 1735 3142 1790 Juliani
3177 1753 3290 1800 xw,
3341 1735 3503 1805 coepit
3535 1734 3804 1788 Artctnisius

2290 1832 2490 1901 Aprilis
2526 1847 2670 1885 xxiv.
2707 1830 2785 1884 Ac
2831 1838 2945 1884 tum
3010 1843 3146 1883 nova
3196 1837 3252 1881 et
3308 1815 3542 1881 inaudita
3590 1827 3804 1880 mensium

2291 1923 2576 1994 dispositio
2608 1932 2894 1987 nascetur;
2929 1937 3050 1975 nam
3088 1920 3350 1991 Ἕλληνες
3393 1927 3515 1974 sunt
3545 1917 3805 1988 Syromat'u-

2290 2017 2458 2071 dones
2481 2023 2534 2069 et
2556 2014 2901 2069 Antiocheni.
2925 2015 3166 2078 Quorum
3223 2028 3443 2065 nienses
3485 2026 3624 2064 mere
3649 2008 3806 2062 Juliani

2293 2116 2440 2171 sunt,
2475 2104 2682 2160 Grazeis
2712 2105 3026 2159 nominibus
3056 2103 3338 2172 appellati.
3379 2101 3572 2154 Horum
3603 2116 3711 2154 vero
3733 2101 3809 2150 Ar-

2293 2197 2546 2254 temisius
2599 2195 2738 2250 idem
2785 2203 2868 2250 est
2917 2209 3041 2247 cum
3073 2193 3236 2247 Maio.
3273 2193 3458 2258 Quare
3493 2207 3571 2245 xw
3613 2190 3716 2244 Maii
3751 2197 3810 2241 est

2293 2287 2566 2343 Artemisii
2598 2287 2908 2342 Graecorum
2934 2285 3052 2338 sive
3101 2282 3370 2354 Syrorum
3397 2297 3480 2335 xvr
3508 2299 3522 2345 ;
3551 2280 3692 2348 idque
3717 2277 3807 2346 Epi-

2294 2380 2494 2448 phanio
2532 2379 2649 2446 ipso
2682 2377 3041 2446 sullragante,
3075 2385 3134 2430 ut
3171 2391 3236 2429 ex
3278 2375 3415 2428 liter.
3471 2373 3527 2427 5|
3572 2373 3808 2434 Alogurum

2291 2477 2526 2524 constat.
2573 2468 2703 2522 Vide
2733 2485 2852 2538 qua:
2883 2467 2948 2521 ad
2986 2467 3134 2520 illum
3169 2468 3355 2520 locum
3401 2466 3657 2534 disputata
3696 2467 3810 2518 sunt,

2291 2576 2411 2629 pag.
2465 2561 2586 2612 150.
2642 2558 2739 2612 Hic
2793 2560 2956 2628 igitur
2999 2572 3095 2628 pro
3147 2555 3311 2627 τρίτῃ
3368 2557 3458 2608 καὶ
3493 2553 3668 2611 εἰκάδι,
3724 2551 3811 2615 leg.

2288 2651 2422 2722 ’ἐκτῃ
2471 2653 2562 2704 aut
2599 2651 2818 2724 δεκάτῃ.
2856 2651 2928 2706 De
2956 2649 3330 2704 Valentiniani
3367 2664 3496 2705 nece
3536 2646 3815 2702 Bai-oniaims

2291 2742 2520 2796 Annales
2543 2744 2788 2798 consule.

1434 3036 1615 3145 DE
1693 3035 2131 3149 FOLLE
2208 3037 3039 3152 MILIARENSI

1116 3240 1252 3332 AC
1325 3241 2038 3334 NUMMORUM
2102 3247 2672 3338 MINUTIIS
2745 3243 3370 3335 DIATBIBA.

1484 3419 1490 3425 ’
1569 3438 1658 3502 (Cf.
1690 3438 1774 3488 lib.
1821 3439 1888 3490 De
1909 3441 2152 3492 mensuris
2173 3447 2218 3494 et
2239 3441 2412 3503 νοντα..
2436 3441 2669 3503 ροιρ285,
2692 3448 2796 3492 not.
2837 3439 2942 3500 86.)

2211 3569 2284 3582 -ι-

693 3627 916 3692 Φολῖις,
959 3625 990 3678 ὃ
1032 3626 1128 3680 καί
1161 3621 1674 3697 τειῖάντιονη-Νοη
1705 3630 1786 3697 est
1820 3622 1962 3676 ullus
1999 3623 2138 3690 apud
2169 3625 2208 3676 E

2294 3627 2530 3697 ilianium
2570 3627 2742 3689 locus,
2782 3641 2940 3696 quem
2980 3626 3359 3684 vehementius
3399 3626 3586 3684 eruditi
3623 3625 3821 3678 homines

628 3700 967 3768 roraverint,
993 3699 1192 3765 quique
1236 3697 1476 3768 vicissim
1507 3695 1627 3746 illos
1655 3692 1836 3768 aerius
1870 3697 2178 3768 exercuerit
2215 3692 2241 3747 ἐ
2273 3692 2376 3768 lita
2407 3696 2572 3768 variis
2624 3692 3208 3768 niodis'interpolatus
3241 3707 3410 3768 atque
3451 3698 3724 3768 explicatus
3745 3702 3818 3744 est.

624 3772 794 3831 Quam
826 3762 1142 3834 opinionum
1168 3766 1488 3836 varietatem
1503 3779 1625 3836 non
1673 3763 1788 3830 ipsa
1819 3762 2313 3836 solurn_Epiphanii
2348 3765 2649 3836 _verborum
2696 3762 3004 3819 obscuritas
3033 3767 3274 3836 peperit,
3322 3762 3432 3824 'sed
3477 3762 3626 3822 etiam
3661 3767 3723 3816 rei
3754 3776 3822 3836 per

625 3852 747 3888 sese
780 3831 1099 3888 dillicultas:
1132 3835 1276 3904 quod
1319 3834 1388 3887 de
1426 3835 1550 3906 tolle
1578 3833 1791 3906 diversa
1823 3831 2112 3906 admodum
2135 3831 2140 3832 ⁷
2162 3835 2214 3886 in
2250 3834 2598 3906 antiquorum
2648 3839 3012 3889 monumentis
3036 3831 3302 3904 eat—pressa
3334 3839 3594 3906 legantur.
3632 3837 3698 3886 Ac
3724 3831 3822 3884 nubi

629 3908 786 3972 vulgo
821 3907 1066 3958 vocabuli
1096 3902 1256 3960 istius
1289 3903 1592 3972 proprietas
1626 3902 1765 3975 haud
1796 3902 1927 3955 satis
1959 3905 2238 3975 crp'orata
2290 3903 2536 3975 videtur;
2568 3913 2630 3975 _et
2652 3919 2788 3975 cum
2821 3906 2871 3975 in
2910 3920 3028 3958 eam
3067 3902 3498 3974 inrestigandam
3531 3909 3674 3975 patilo
3697 3916 3823 3975 accu~

626 3971 800 4028 ratius
830 3977 1218 4033 inrulmissem.
1275 3971 1535 4026 nonnulla
1572 3973 1742 4046 reperi
1775 3986 1932 4026 secus
1963 3971 2030 4023 ab
2059 3971 2234 4046 doctis
2263 3981 2316 4026 et
2349 3972 2612 4026 studiosis
2645 3973 2960 4046 hominibus
2997 3971 3500 4046 explicat;i,_quam
3532 3971 3711 4028 'reritas
3736 3971 3822 4038 ipsa

623 4051 677 4095 rt
709 4053 992 4096 auctorum
1037 4043 1632 4114 Veterumtestimonia
1684 4050 2014 4114 paterentur.
2057 4041 2328 4114 Quocirca
2380 4050 2468 4114 ut_
2489 4058 2594 4114 non
2645 4043 2768 4114 huic
2793 4052 3002 4096 tantum
3036 4041 3372 4099 illustrando'
3418 4047 3652 4114 scriptori
3696 4055 3822 4114 opera

625 4122 810 4166 nostra
851 4116 1070 4172 serviat,
1123 4115 1214 4166 sed
1244 4113 1307 4164 ad
1337 4107 2000 4174 connnuneiu'utilitatem
2043 4127 2162 4166 sese
2193 4113 2356 4164 latius
2394 4110 2654 4175 ell‘undat,
2712 4113 2887 4166 visum
2927 4123 3008 4166 est
3043 4129 3147 4168 non
3193 4114 3288 4166 abs
3314 4131 3379 4171 re
3409 4107 3541 4179 fore:
3573 4115 3614 4168 si
3646 4107 3824 4180 quaeuti!)

625 4182 1244 4256 folleluculn'ationibus
1275 4183 1478 4250 aliquot
1525 4190 1920 4256 commentatus
1962 4195 2258 4256 essem,_ea
2297 4183 2699 4256 opportunitate
2737 4183 2834 4256 lori
2865 4182 3026 4256 huius
3048 4185 3327 4256 indui-tus,
3356 4177 3624 4256 copiosius
3655 4177 3707 4232 ac
3730 4177 3824 4256 dilij

627 4246 840 4324 petilius
883 4267 1239 4324 exponeretur;
1284 4246 1405 4324 non
1462 4252 1604 4324 enim
1671 4250 1945 4316 pueriliter
1983 4251 2277 4309 arcessita,
2314 4246 2505 4324 neque
2531 4251 2868 4324 emblematis
2914 4252 3196 4324 instar_ail
3243 4246 3495 4324 poinme
3539 4246 3823 4324 illigata_cril

629 4323 728 4372 ista
763 4318 1091 4391 disputatio,
1126 4318 1219 4372 sed
1250 4318 1512 4384 ejusnmdi
1540 4359 1553 4382 ,
1585 4332 1703 4391 quae
1736 4329 2102 4391 proponentur
2123 4357 2136 4381 ,
2171 4328 2329 4371 erunt
2359 4321 2598 4391 omnia,
2624 4328 2679 4372 ut
2709 4323 2801 4388 qui
2837 4335 2898 4373 ea
2934 4338 3055 4374 eum
3094 4318 3390 4391 Epiphanii
3418 4323 3593 4377 verbis
3623 4318 3824 4391 conferre

628 4385 888 4450 voluerit,
922 4389 1196 4462 breviores
1240 4401 1362 4462 esse
1413 4402 1517 4462 nos
1562 4387 1781 4438 minime
1813 4388 2120 4462 oportuisse
2151 4389 2460 4462 concedat.
2508 4389 2672 4462 Nobis
2719 4385 2847 4462 itero
2883 4391 2937 4444 in
2975 4392 3099 4462 ipso
3134 4385 3338 4462 operis;
3363 4396 3509 4450 exitu
3545 4409 3606 4446 eo
3635 4385 3823 4462 alacrius

630 4466 936 4523 postremus
964 4457 1051 4508 hic
1085 4457 1422 4522 superandus
1454 4457 1603 4510 labor
1625 4495 1640 4520 ε
1681 4469 1790 4530 quo
1822 4455 1934 4523 jam
1971 4457 2117 4510 velut
2149 4457 2306 4524 longa
2341 4459 2686 4528 navigatione
2718 4459 2987 4530 perfuncti
3001 4455 3024 4526 ’,
3077 4455 3297 4530 propius
3323 4461 3441 4529 jam
3473 4474 3657 4516 terram
3688 4460 3820 4525 ipsam

630 4534 952 4594 portumque
986 4534 1327 4594 contuemttr.

699 4593 972 4664 Quidquid
1025 4596 1189 4662 igitur
1230 4593 1295 4647 de
1335 4593 1457 4648 folle
1490 4593 1558 4646 ab
1590 4593 1828 4664 antiquis
1863 4593 2134 4664 proditum
2189 4603 2243 4648 et
2305 4595 2372 4648 ab
2407 4597 2802 4652 recentioribus
2831 4598 3148 4652 adnotatum
3184 4607 3298 4663 est,
3353 4599 3407 4653 id
3459 4599 3521 4652 ad
3568 4598 3668 4651 duo
3694 4593 3824 4646 ferme

628 4667 803 4734 capita
845 4663 1168 4729 revocatur;
1209 4681 1332 4719 nam
1371 4672 1464 4718 aut
1505 4663 1810 4737 -ποσρτητα,
1869 4663 1986 4737 sire
2024 4666 2188 4734 ὁλκήν

2327 4665 2601 4736 ἄθροισμα
2648 4669 2750 4722 hoc
2783 4677 2866 4722 est
2920 4684 3186 4722 summam
3230 4671 3472 4737 pecunia:
3519 4670 3595 4722 vel
3633 4665 3821 4734 pondus,

631 4733 722 4788 aut
755 4743 962 4790 certum
991 4737 1225 4805 aliquem
1266 4749 1548 4790 numinum
1575 4733 1864 4804 signiﬁcat.
1910 4733 2212 4806 Utrumque
2251 4751 2352 4790 nos
2391 4733 2562 4805 genus
2601 4737 2703 4791 hac
2741 4733 3654 4808 dissertatiuncula—prosequemur.

633 4912 708 4966 De
741 4911 865 4980 {olle
895 4921 950 4963 ut
978 4921 1053 4964 est
1077 4913 1306 4980 pecunia:
1333 4911 1568 4966 collectio
1598 4911 1841 4981 quwdam
1868 4927 1930 4964 ac
1962 4929 2192 4970 summa.

2301 4912 2522 4976 Φόλλις
2537 4910 2632 4964 ἐπὶ
2648 4909 2928 4964 Θεοδοσίου
2948 4909 3043 4963 τοῦ
3059 4911 3196 4965 Νέου
3215 4911 3377 4983 φόρος
3391 4912 3623 4983 ἡμιόνων
3641 4900 3823 4974 εἰσήχθη

701 5000 778 5054 Ne
805 5001 1015 5069 vulgata
1049 5001 1312 5053 duntaxat
1342 5015 1405 5053 ac
1459 5003 1583 5054 trita
1609 5001 1676 5055 de
1710 5001 1853 5054 follis
1886 5001 2061 5069 prima
2091 5003 2197 5058 ista

633 5093 852 5146 notione
885 5093 1236 5160 complectar,
1280 5092 1550 5162 insignem
1588 5092 1729 5146 hanc
1768 5091 2194 5162 disputationem

637 5182 1066 5236 luculentissima
1103 5183 1334 5252 quadam
1377 5183 1693 5237 accessione
1728 5182 1944 5246 faciam,
1980 5183 2084 5237 hoc
2113 5193 2198 5239 est

633 5276 877 5342 ejusdem
912 5275 964 5328 in
999 5290 1092 5328 eas
1135 5275 1632 5342 interpretamento,
1674 5273 1982 5342 cujusmodi
2025 5274 2079 5326 in
2111 5291 2200 5329 ve-

637 5374 751 5419 tere
796 5365 1149 5419 Basilicorum
1183 5365 1464 5420 Glossario
1503 5365 1698 5433 reperi.
1729 5364 1872 5433 quod
1917 5373 1999 5418 cst
2037 5380 2201 5433 penes

639 5457 702 5509 lt.
736 5457 794 5510 Ρ.
821 5455 1082 5511 Iacobum
1111 5457 1480 5512 Sirmondum.
1527 5456 1601 5510 Ex
1649 5473 1757 5526 quo
1799 5457 1865 5510 ad
1915 5456 2200 5528 Epiphanii

638 5548 814 5599 locum
844 5549 1204 5601 enarrandum
1237 5563 1415 5618 operte
1441 5549 1670 5617 prctimn
1704 5549 1920 5620 aliquod
1956 5550 2196 5606 futurum

639 5636 848 5688 t-oiilido
905 5637 977 5690 Ita
1008 5653 1136 5705 ergo
1165 5639 1228 5692 de
1264 5640 1386 5695 folle
1412 5641 1618 5695 Glossa:
1654 5640 1769 5695 ista:
1798 5641 2183 5712 prodiderunt:

2301 5007 2414 5067 τοῖς
2457 5002 2862 5055 Κωνσταντίνου
2894 5002 3170 5066 πολίταις,
3219 5003 3425 5056 δεῖσθαι
3473 5003 3579 5056 τῶν
3615 4996 3824 5053 τοιούτων

2306 5095 2614 5162 ὑποζυγίων
2653 5094 2749 5164 τὴν
2785 5094 2843 5145 ἐν
2873 5091 2951 5163 τῷ
2991 5093 3209 5163 πολέμῳ
3247 5093 3434 5164 χρείαν
3458 5087 3822 5163 προῖσχομένου.

2307 5189 2534 5257 Ἕτερος
2563 5189 2619 5240 δὲ
2648 5190 2676 5240 ὁ
2711 5188 2930 5257 κληθεὶς
2961 5187 3144 5256 φύλλις
3178 5189 3272 5249 τὰς
3302 5187 3406 5239 τῶν
3440 5181 3825 5252 ἀξιολογωτέρων

2307 5277 2448 5330 κατὰ
2475 5278 2656 5343 πόλεις
2677 5279 2854 5342 οἰκίας
2882 5278 3201 5340 κατέλαϐεν,
3230 5280 3311 5330 ὅτι
3331 5275 3398 5348 ἦν
3418 5281 3598 5340 αὐτοῖς
3627 5272 3680 5325 τὸ
3705 5269 3824 5335 rivi;

2302 5370 2414 5423 ἄνω
2450 5370 2550 5440 τῆς
2590 5371 2866 5437 ἀξιώσεως
2907 5373 3225 5444 τετυχηκός.
3286 5372 3392 5425 Καὶ
3420 5364 3488 5442 ἦν
3521 5370 3750 5436 ἀτύχημα
3779 5359 3826 5408 τδ

2302 5463 2547 5528 κρεῖττον
2571 5464 2628 5516 ἐν
2649 5467 2762 5527 τοῖς
2777 5465 2958 5532 γένεσι
2988 5466 3124 5537 πρὸς
3152 5465 3213 5518 τὸ
3243 5464 3468 5536 μέγεθος
3488 5465 3583 5532 τῆς
3595 5458 3826 5524 ἀξιώσεως

2300 5551 2706 5631 διακρινόμςνον
2736 5554 2812 5625 τῷ
2841 5555 3010 5626 ποσῷ.
3052 5557 3175 5619 Τοῖς
3203 5555 3301 5628 μὲν
3331 5555 3422 5608 τοῦ
3459 5560 3740 5624 πρωτέστου
3763 5537 3826 5590 ςέ-

2295 5641 2418 5704 λους
2461 5641 2602 5694 ὀκτὼ
2646 5645 2869 5712 χρυσίου
2913 5645 3130 5716 λίτραιο
3189 5649 3300 5709 τοῖς
3348 5646 3401 5698 δὲ
3460 5644 3550 5696 τοῦ
3590 5634 3820 5699 δευτέρων
