4028 6220
546 268 655 324 583

1637 247 1982 305 arreumx
2019 209 2657 302 οιεέιὲιιτΑτιοΝιῑιι.
3653 244 3739 304 an

550 375 689 443 apud
702 374 927 430 Latinos
959 371 1064 426 alio
1093 369 1298 423 nomine
1335 361 1541 417 sextula
1565 360 1793 422 dicitur;
1815 356 1953 429 quod
1981 356 2043 409 de
2065 355 2129 408 iis

2237 353 2322 406 τὸν
2349 352 2444 405 ’ἐνα
2473 351 2636 423 ἄρτον
2664 350 2868 419 φόλεων
2894 347 3081 419 τριῶν,
3115 345 3181 402 ad
3204 344 3351 402 folles
3400 349 3504 404 sive
3528 366 3739 407 nummos

550 484 644 524 seu:
671 468 828 522 uncia
856 467 1196 531 compleatur.
1221 456 1359 510 Tum
1394 469 1523 523 ergo
1555 454 1764 506 solidus
1798 451 1862 504 ad
1896 465 2020 502 ntv
2049 447 2126 502 si-

552 561 751 627 liquas.
785 556 1009 624 κεράτια
1055 563 1186 603 xvtu
1219 545 1477 600 redactus
1508 551 1613 600 est.
1658 542 1859 596 Verum
1899 539 2128 611 κεράτια

551 661 676 699 cum
707 642 924 710 siliquis
956 637 1214 705 deinceps
1249 633 1480 687 confusa
1510 640 1670 698 sunt;
1727 630 1971 698 adeoque
2004 643 2130 680 xxiv

551 735 799 802 κεράτια,
848 726 1068 798 perinde
1118 739 1183 777 ac
1231 724 1446 791 siliquae
1496 737 1642 782 xxrv,
1697 719 1872 774 solido
1926 717 2130 771 tributa

549 833 696 878 sunt.
739 821 1002 872 Dracltnta
1034 815 1232 885 (inquit
1255 813 1518 880 Isidorus)
1550 812 1716 864 tribus
1743 817 1950 864 constat
1981 823 2131 862 scru-

549 917 711 983 pulis,
737 912 792 965 id
816 921 890 964 est
917 924 1051 962 xvnt
1073 908 1304 976 siliquis.
1346 908 1485 976 Ergo
1510 907 1562 958 in
1588 905 1745 958 uncia
1770 905 1981 972 siliquae
2006 911 2133 957 sunt

550 1020 728 1058 θεων.
788 1001 920 1068 Quae
970 1002 1017 1055 si
1053 1013 1148 1068 per
1180 1006 1416 1066 quatuor
1449 996 1787 1054 dividantur,
1842 993 1977 1047 dant
2006 994 2132 1048 uni-

551 1097 753 1164 cuique
786 1093 961 1148 solido
986 1089 1158 1146 veteri
1188 1089 1418 1158 siliquas
1440 1103 1600 1140 xxva
1633 1086 1734 1150 ;-si
1768 1101 1864 1156 per
1891 1101 2009 1146 sex,
2039 1085 2134 1138 da-

553 1189 687 1241 bunt
709 1185 934 1240 scutulae
981 1183 1096 1237 sive
1118 1179 1295 1235 solido
1323 1180 1549 1248 siliquas
1568 1194 1712 1241 XXIV,
1743 1193 1862 1245 qua:
1891 1185 1946 1229 et
1970 1175 2135 1247 κερά-

548 1293 644 1332 τια
693 1282 979 1329 vocarunt.
1034 1273 1272 1341 Apparet
1308 1285 1438 1338 ergo
1469 1285 1669 1323 ccxvm
1713 1267 1944 1338 κεράτια
1978 1277 2124 1322 recte

551 1381 747 1421 novem
789 1364 1026 1418 nummis
1079 1363 1194 1417 sive
1254 1361 1444 1414 solidis
1496 1359 1962 1427 imputari;quos
2013 1373 2134 1412 esse

550 1460 743 1513 Glossa
779 1458 910 1510 dicit
945 1455 1287 1508 miliarenses
1319 1451 1551 1514 λεπτούς
1581 1466 1741 1504 cxxv.
1796 1451 1837 1503 li
1881 1449 1935 1503 in
1965 1463 2132 1502 unum

551 1549 832 1601 sarculum
865 1546 1049 1613 injecti
1084 1545 1264 1597 follem
1298 1542 1681 1598 conficiebant.
1707 1541 1903 1595 Iisdem
1929 1556 1993 1594 ex
2013 1554 2120 1593 sac-

550 1637 693 1690 culis
737 1636 1064 1702 stipendium
1111 1634 1367 1696 militare,
1407 1633 1490 1687 vel
1535 1633 1854 1686 donativum
1897 1631 1949 1684 in
1982 1631 2133 1699 ejus-

2233 459 2430 499 aureos
2462 443 2666 498 retulit.
2716 440 2914 497 Verum
2941 456 3006 495 ex
3035 440 3214 495 allatis
3245 456 3273 495 a
3307 455 3489 509 magno
3513 442 3742 510 iuriscon-

2234 538 2378 593 sulto
2405 535 2614 604 legibus
2647 533 2785 588 adeo
2819 532 2957 586 nihil
2987 532 3054 587 de
3074 545 3238 586 aureo
3269 531 3444 601 aliquo
3463 511 3741 587 numismate

2232 628 2529 697 colligitur,
2561 634 2621 680 ut
2651 623 2986 680 contrarium
3026 622 3206 692 potius
3236 637 3300 677 ex
3323 622 3578 692 plerisque
3602 624 3740 676 mani-

2235 718 2529 772 festissime
2559 716 2813 770 concludi
2843 713 3037 784 possit.
3092 713 3201 768 Lex
3231 720 3316 767 est
3349 713 3533 783 prima,
3560 723 3736 782 qutete-

2235 808 2480 862 meraria:
2515 807 2861 875 appellationi
2905 805 3159 858 mulctam
3204 803 3392 858 indicit
3420 803 3606 858 tollium
3631 820 3740 869 ut;

2234 903 2541 970 cuiusmodi
2587 901 2671 955 vel
2713 899 2953 968 argentei
2999 898 3206 952 nummi
3250 896 3522 952 commode
3564 907 3742 965 possunt

2235 992 2484 1061 intelligi,
2511 992 2595 1044 vel
2623 1004 2970 1044 nummorum
3025 995 3170 1042 certa
3203 986 3445 1040 collectio
3478 985 3581 1040 sive
3607 1001 3741 1040 saccu-

2235 1082 2342 1136 lus.
2404 1080 2647 1150 Reliquis
2682 1080 2736 1133 in
2788 1079 2996 1148 legibus
3038 1079 3238 1132 mirum
3279 1085 3595 1146 quantopere
3633 1078 3736 1129 illum

2234 1172 2374 1226 ratio
2406 1171 2622 1241 fugerit.
2663 1170 2802 1240 Lege
2832 1172 2865 1225 5
2899 1169 2965 1224 de
2995 1169 3219 1234 suaciis,
3255 1163 3386 1222 libra
3420 1169 3581 1222 suillae
3609 1171 3743 1223 carnis

2235 1270 2381 1323 senis
2408 1266 2634 1322 follibus
2659 1274 2899 1321 taxatur.
2947 1264 3082 1331 Quis
3118 1263 3299 1319 aureis
3332 1263 3559 1318 nummis
3581 1279 3658 1317 sex
3681 1278 3748 1315 va-

2236 1359 2404 1414 luisse
2446 1360 2722 1429 porcinam
2766 1357 3102 1412 arbitretur?
3126 1355 3269 1426 Ergo
3300 1371 3368 1410 ne
3395 1355 3639 1425 argenteis
3659 1355 3750 1422 qui-

2235 1448 2356 1504 dem
2389 1449 2611 1503 totidem
2640 1457 2804 1518 puto:
2859 1456 2912 1500 et
2955 1446 3110 1501 folles
3145 1446 3235 1499 hic
3270 1461 3439 1500 aereos
3483 1460 3542 1499 ac
3563 1447 3750 1499 minutos

2236 1540 2586 1609 interpretor.

2309 1628 2571 1698 chuitttr
2615 1629 2695 1681 lex
2728 1627 2781 1689 5,
2813 1626 2886 1680 De
2919 1624 3250 1696 praetoribus
3277 1642 3290 1678 :
3326 1639 3442 1693 quae
3469 1623 3746 1693 erogationis

553 1727 698 1779 modi
728 1726 1145 1778 miliuricnsium
1179 1725 1358 1792 specie
1383 1724 1812 1793 persolvebatur.
1848 1721 2004 1776 Unde
2036 1722 2139 1772 mi-
2174 1709 2214 1762 Β
2245 1721 2465 1775 modum
2513 1721 2567 1773 in
2623 1719 2876 1788 praetoris
2922 1717 3129 1772 definit.
3174 1716 3372 1771 Prima!
3397 1723 3639 1785 praeturae,
3665 1729 3755 1782 qua:

554 1817 900 1869 liariensibns
928 1830 1123 1869 nomen
1151 1815 1382 1868 inditum
1401 1813 1572 1868 Graeci
1602 1813 1804 1882 passim
1827 1819 2131 1865 autumant.

553 1905 706 1973 Apud
727 1904 944 1960 easdem
979 1905 1100 1959 illas
1115 1902 1362 1962 Glossas,
1389 1902 1721 1974 μιλιαρῐσιον
1749 1899 2135 1971 στρατιωτικὸν

553 1997 750 2069 δῶρον,
788 2005 844 2051 et
876 1996 1003 2050 alibi
1032 1996 1258 2066 passim.
1298 1993 1406 2048 Nec
1438 1993 1597 2047 aliam
1629 1994 1697 2047 ab
1724 1993 1834 2046 ullo
1864 1992 2135 2061 proditam

555 2089 803 2143 vocabuli
858 2088 1018 2142 istius
1065 2087 1330 2156 originem
1380 2069 1598 2140 exstare
1633 2083 1892 2145 memini;
1939 2096 2061 2150 qua:
2106 2096 2135 2134 a

555 2182 759 2236 nostris
789 2187 972 2233 tamen
1006 2178 1203 2232 merito
1233 2175 1522 2245 rejicitur;
1583 2188 1707 2226 nam
1742 2189 1774 2224 a
1819 2171 2014 2224 militia
2045 2177 2139 2223 aut

555 2272 720 2325 milite
745 2285 852 2324 non
887 2269 1254 2329 miliariensis,
1283 2265 1377 2321 scd
1405 2264 1750 2318 militarensis
1782 2262 1898 2315 fieri
1922 2260 2134 2315 debuit.

554 2361 733 2426 Quare
765 2360 809 2412 si
860 2358 995 2410 mihi
1034 2357 1087 2408 in
1132 2355 1366 2408 obscura
1413 2369 1472 2407 re
1501 2353 1818 2419 conjectura
1860 2351 1986 2404 licet
2019 2349 2136 2411 uti;

554 2449 700 2520 quod
740 2463 840 2500 cur
871 2447 1094 2499 minime
1119 2445 1471 2504 concedatur,
1518 2459 1623 2494 non
1659 2443 1848 2506 video;
1881 2441 2140 2494 libentius

560 2541 928 2596 miliarensem
969 2552 998 2588 a
1033 2535 1338 2592 millenario
1372 2549 1600 2586 nurnero
1632 2533 1907 2586 detortum
1948 2532 2133 2585 existi-

541 2617 727 2684 inueni:
759 2625 903 2697 quod
942 2624 1192 2678 videlicet
1218 2624 1363 2677 mille
1408 2622 1718 2678 istiusmodi
1749 2622 1987 2675 nummis
2018 2621 2135 2675 auri

556 2722 689 2776 libra
718 2719 985 2773 aestimata
1012 2715 1193 2770 fuerit.
1225 2714 1434 2768 Etenim
1458 2712 1915 2774 solidorum,sive
1945 2727 2140 2766 aureo-

557 2828 676 2868 rum
726 2811 780 2865 in
826 2810 1020 2863 libram
1070 2822 1336 2862 numerus
1370 2822 1493 2860 cum
1543 2807 1794 2860 diversus
1843 2804 2138 2874 aliquando

556 2905 738 2965 fuerit,
792 2901 1007 2955 tandem
1041 2899 1109 2953 ad
1158 2916 1302 2953 Lxxn
1351 2899 1618 2967 pervenit.
1679 2897 1786 2950 S.’X
1840 2900 2008 2959 enim,
2059 2898 2136 2950 uti

555 2997 758 3050 dictum
789 3001 894 3058 est,
938 2992 992 3044 in
1052 2991 1269 3044 unciam
1305 2989 1574 3058 percussi.
1629 2987 1752 3042 Ideo
1800 2987 2006 3040 sea‘tula
2038 3003 2135 3040 vo-
2167 3047 2206 3063 η

555 3097 694 3147 cata,
736 3082 882 3153 quod
911 3090 1120 3136 sextam
1143 3080 1314 3134 uncias
1346 3089 1550 3149 partem
1577 3077 1852 3146 penderet.
1890 3076 2133 3130 Zonaras

555 3179 621 3232 de
649 3175 954 3244 Nicephoro
981 3171 1192 3227 Pltoca:
1249 3167 1356 3223 Ἦν
1387 3169 1443 3223 δὲ
1485 3169 1620 3240 πρὸς
1655 3171 1768 3232 τοῖς
1822 3169 2001 3231 ἄλλοις
2041 3169 2136 3221 καὶ

555 3268 854 3339 χρημάτων
880 3266 1080 3335 ἥττων,
1114 3263 1190 3326 ὡς
1222 3262 1384 3315 ἔοικε.
1423 3261 1602 3331 Μέχρι
1631 3261 1739 3332 γὰρ
1768 3261 1974 3313 ἐκείνου
1999 3279 2135 3313 παν⁶

555 3361 644 3422 τὸς
688 3358 1017 3428 νομίσματος
1065 3354 1282 3423 ἐξαγὶου
1332 3352 1571 3423 σταθμὸν
1619 3353 1887 3416 ἕλκοντος,
1931 3354 2138 3415 ἐκεῖνος

554 3453 615 3504 τὸ
642 3448 975 3521 τεταρτηρὸν
1009 3447 1303 3518 «ἐπενόησε,
1353 3445 1660 3510 κολοϐώσας
1705 3445 1836 3499 αὐτὸ
1880 3446 2019 3499 κατὰ
2045 3445 2137 3498 τὸν

557 3542 817 3612 σταθμόν.

628 3636 685 3690 Si
738 3636 905 3706 igitur
957 3634 1298 3688 miliarenses
1357 3649 1494 3688 cxxv
1546 3647 1738 3687 novem
1786 3633 1991 3688 solidos
2040 3647 2138 3686 ex-

553 3735 799 3797 aequant,
848 3735 902 3780 et
951 3743 1048 3781 cet.
1101 3725 1306 3782 solidos
1373 3726 1714 3791 octodecim;
1763 3741 1894 3795 ergo
1942 3733 2138 3794 quater

555 3817 774 3872 ducenti
827 3817 1220 3887 quinquaginta
1274 3817 1632 3879 miliarenses,
1702 3816 1811 3870 hoc
1856 3826 1939 3870 est
1991 3817 2136 3871 mille

557 3909 762 3964 solidos
808 3909 1103 3977 explebunt
1146 3923 1316 3967 Lxxu,
1368 3923 1490 3977 qua:
1528 3916 1608 3962 est
1651 3907 1766 3960 auri
1805 3907 1959 3960 libra.
1999 3905 2134 3960 Vera

559 4001 755 4069 igitur,
808 4007 1072 4067 quantmn
1123 4008 1381 4067 apparet,
1433 3997 1765 4052 miliarcnsis
1813 3997 2020 4052 notatio
2068 4013 2134 4051 ex

557 4092 781 4161 optimis
811 4091 918 4144 illis
951 4090 1162 4144 Glossis
1190 4098 1345 4144 eruta
1374 4097 1478 4149 est,
1511 4104 1632 4158 quae
1664 4089 1928 4143 hactenus
1963 4089 2135 4142 latue-

557 4192 662 4248 rat,
709 4192 763 4237 et
812 4199 841 4235 ιι
894 4179 1179 4244 Grzectilis,
1221 4192 1281 4235 ut
1315 4182 1539 4244 assolet,
1576 4181 1869 4250 depravata
1903 4196 1966 4235 ac
2024 4181 2136 4236 dis-

556 4275 809 4330 simulata
846 4273 1039 4350 fuerat.
1073 4272 1177 4325 Sed
1209 4271 1274 4326 de
1305 4274 1711 4328 miliarensibus
1749 4275 1868 4328 istis
1900 4273 2132 4342 amplius

2239 1809 2495 1884 Flavialis
2523 1809 2744 1872 dicitur,
2774 1807 3145 1878 erogationcm
3188 1806 3490 1876 praescribit
3517 1806 3676 1874 viginti
3717 1814 3756 1858 et

2237 1900 2476 1970 quinque
2511 1898 2738 1952 millium
2787 1897 2996 1950 follium
3059 1911 3122 1949 ac
3155 1897 3380 1964 triginta
3421 1897 3652 1948 librarmn
3689 1909 3756 1946 ar-

2241 1993 2420 2061 genti;
2462 1993 2732 2058 secundie,
2766 1990 3241 2045 Constantiniana:
3269 1991 3440 2052 dictae,
3469 1989 3636 2058 viginti
3666 1985 3757 2038 mil-

2239 2084 2310 2138 lia
2372 2082 2580 2137 follium
2633 2089 2688 2137 et
2735 2082 3090 2152 quadraginta
3136 2081 3312 2135 libras
3358 2081 3584 2150 argenti;
3619 2079 3757 2132 tertiae

2243 2176 2612 2247 Triumphali,
2654 2176 2961 2246 quindecim
2995 2175 3162 2228 millia
3220 2175 3442 2240 follium,
3491 2190 3548 2228 ac
3583 2173 3756 2242 triginta

2248 2268 2416 2323 libras
2455 2268 2688 2338 argenti.
2730 2266 2840 2322 Hos
2869 2283 2995 2322 vere
3028 2267 3185 2344 folle's
3241 2283 3432 2322 aureos
3479 2281 3591 2320 esse
3633 2279 3756 2316 nunt-

2241 2375 2380 2422 mos,
2417 2360 2540 2428 quis
2571 2359 2785 2414 tandem
2831 2360 3202 2428 persuadeat?
3237 2359 3419 2430 Neque
3445 2360 3576 2413 enim
3612 2355 3758 2409 verisi-

2241 2452 2366 2505 mile
2391 2460 2475 2505 cst
2509 2459 2661 2505 tanto
2690 2451 2952 2519 majorem
2987 2452 3106 2505 auri
3143 2451 3498 2520 quantitatem
3527 2451 3574 2502 in
3601 2447 3756 2502 editio-

2241 2555 2358 2602 nes,
2392 2555 2556 2610 quam
2593 2542 2802 2611 argenti
2851 2543 2936 2597 vel
2985 2543 3320 2612 insumptam
3376 2543 3456 2597 vel
3494 2552 3756 2594 concessam

2243 2631 2434 2687 fuisse.
2467 2631 2537 2684 At
2562 2649 2663 2686 xxv
2693 2630 2924 2699 follium,
2952 2633 2996 2686 si
3029 2635 3179 2688 aurei
3213 2635 3418 2688 nummi
3451 2640 3586 2695 sunt,
3608 2630 3758 2689 millia,

2243 2730 2520 2792 utcunque
2569 2722 2636 2776 ad
2676 2724 2843 2777 libras
2886 2724 3223 2794 redigantur,
3275 2727 3501 2779 immane
3541 2728 3757 2792 quantum

2241 2825 2622 2885 argentearum
2658 2831 2946 2870 numerum
2978 2818 3274 2872 excedant.
3329 2817 3463 2887 Ergo
3501 2815 3639 2869 folles
3664 2812 3761 2866 istic

2239 2907 2362 2962 a‘rci
2400 2909 2606 2961 nummi
2657 2909 2772 2962 sive
2827 2908 3117 2963 follzerale‘s
3166 2909 3441 2974 videntur,
3488 2922 3609 2978 quos
3639 2903 3764 2958 Laur

2242 2999 2381 3067 prid.
2428 2998 2481 3051 in
2515 2999 2812 3067 Alagabalo
2852 3000 3008 3055 folles
3037 3003 3162 3055 aeris
3202 3001 3458 3071 appellat.
3495 2992 3761 3068 Cujusmodi

2239 3088 2463 3141 minutte
2510 3088 2742 3156 species,
2780 3100 2832 3144 et
2863 3105 3018 3144 terea:
3055 3105 3178 3143 cum
3219 3089 3494 3160 argenteis
3541 3097 3587 3142 et
3616 3083 3763 3139 aureis

2235 3179 2570 3248 coniunctim
2606 3180 2658 3234 in
2696 3182 2956 3235 salarium
2995 3181 3228 3235 ducibus
3279 3181 3579 3237 nominatim
3607 3185 3764 3231 taxata:

2237 3271 2492 3341 leguntur
2557 3271 2699 3340 apud
2757 3272 3011 3342 Augusta:
3067 3272 3318 3329 historia:
3371 3277 3660 3344 scriptores.
3704 3268 3762 3320 lla

2236 3372 2453 3416 centum
2487 3363 2613 3418 aerei
2653 3363 2835 3417 diurni
2872 3365 3013 3434 apud
3051 3362 3354 3432 Vopiscum
3384 3367 3437 3420 in
3482 3363 3762 3418 Aureliano:

2235 3469 2502 3508 meorum
2556 3453 2967 3525 Philippeorum
3018 3471 3198 3510 annua
3231 3458 3421 3512 decem
3461 3455 3613 3509 millia
3649 3449 3761 3522 apud

2235 3545 2484 3600 eumdem
2515 3544 2567 3598 in
2597 3543 2792 3598 Probo.
2835 3545 2983 3600 Airis
3012 3545 3101 3601 HS
3129 3547 3318 3603 decies
3352 3549 3401 3602 in
3435 3546 3639 3599 Bonoso.

2306 3633 2589 3690 Postremo
2623 3635 2736 3706 lege
2763 3635 2826 3688 2|
2862 3635 2936 3691 De
2966 3638 3373 3706 prml..,follium
3411 3640 3558 3708 plane
3583 3635 3763 3688 diversa

2236 3733 2289 3780 et
2318 3727 2620 3781 abhorrens
2661 3728 2729 3781 ab
2763 3729 2910 3782 oumi
2969 3745 3320 3784 nummorum
3365 3745 3552 3801 genere
3591 3723 3766 3796 signifi-

2215 3818 2378 3871 catio
2407 3827 2510 3872 est.
2547 3815 2624 3872 lbi
2653 3822 2799 3873 enim
2831 3820 3098 3889 triplicem
3133 3824 3399 3876 senatorii
3432 3819 3627 3876 ordinis
3661 3830 3762 3886 grn-

2236 3910 2365 3962 dum
2417 3908 2699 3976 discernit,
2741 3925 2840 3980 pro
2884 3911 3100 3966 diversa
3143 3913 3508 3981 professione,
3560 3911 3766 3975 inquam

2237 3999 2326 4052 alii
2359 3999 2496 4053 duos
2536 3999 2714 4063 folles,
2759 4000 2848 4054 alii
2894 4005 3153 4070 quatuor,
3213 4002 3310 4058 alii
3364 4002 3585 4071 amplius
3626 3996 3764 4050 habe-

2238 4091 2389 4144 bant.
2411 4088 2579 4145 Follis
2597 4106 2724 4146 vero
2744 4106 2851 4144 non
2872 4106 2970 4160 pro
2999 4105 3244 4154 nummo,
3262 4092 3357 4147 sed
3375 4106 3472 4162 pro
3488 4082 3767 4143 eanonetri-

2239 4181 2350 4234 Imti
2401 4194 2464 4234 ac
2496 4181 2860 4251 praestationis
2893 4182 3256 4252 sumitur,qui
3279 4199 3307 4237 a
3341 4180 3664 4238 senatoribus
3691 4187 3768 4243 pro

2236 4273 2504 4342 cujusque
2537 4272 2798 4326 facultate
2828 4286 2891 4326 ac
2921 4272 3186 4343 dignitate
3221 4275 3432 4329 solebat
3461 4271 3622 4341 exigi:
3656 4264 3768 4320 κατὰ

557 4375 769 4435 agetur,
817 4379 940 4416 cum
972 4364 1038 4417 ad
1084 4363 1264 4416 follem
1301 4374 1615 4433 argenteum
1645 4374 1864 4419 ventum
1897 4367 2034 4420 erit:
2064 4368 2128 4421 ad

2237 4365 2333 4438 τὴν
2389 4366 2546 4432 ἀξίαν
2589 4365 2683 4419 καὶ
2727 4364 2824 4436 τὴν
2856 4364 3139 4436 εὐπορίαν,
3173 4374 3230 4419 ut
3270 4367 3463 4437 glossae
3497 4364 3765 4432 loquuntur.

556 4473 716 4526 quem
751 4455 1068 4525 priusquam
1092 4456 1393 4509 orationem
1418 4458 1808 4521 convertimus,
1837 4458 1904 4514 de
1931 4461 2132 4524 aureis,

557 4548 603 4603 si
627 4546 719 4616 qui
755 4545 977 4611 fuerint,
1026 4545 1436 4615 disputandum.
1481 4548 1756 4606 Ilactenus
1788 4551 1931 4606 enim
1961 4554 2132 4622 prima

558 4640 702 4695 follis
770 4645 852 4693 est
919 4639 1188 4710 explicata
1266 4639 1452 4706 notio,
1519 4651 1791 4710 quatenus
1853 4643 2016 4717 ὁλκήν
2080 4655 2131 4702 et

555 4731 830 4804 ἄθροισμα
866 4746 1215 4785 nummorum
1248 4731 1538 4802 significat.

556 4842 633 4896 De
671 4843 818 4912 folle,
877 4851 935 4894 ut
979 4844 1136 4916 inter_
1164 4861 1411 4916 nummos
1440 4855 1678 4899 censetur
1718 4863 1736 4900 :
1773 4864 1835 4900 ac
1877 4849 2130 4916 primunt,

855 4927 1073 4964 aureum
1107 4913 1272 4979 fuisse
1300 4914 1504 4967 nullum
1533 4917 1848 4970 ostenditur.

633 5022 798 5076 Follis
829 5023 978 5076 aurei
1007 5024 1210 5076 nummi
1236 5041 1397 5093 genus
1429 5035 1526 5093 est,
1570 5029 1746 5099 inquit
1776 5027 2032 5097 Cujacius
2063 5030 2130 5084 ad

557 5115 658 5184 leg.
693 5115 759 5168 12
785 5114 908 5168 cod.
939 5112 1260 5184 Iustiniani,
1307 5116 1388 5170 tit.
1418 5116 1473 5182 2,
1525 5119 1629 5189 leg.
1665 5119 1717 5172 2.
1759 5119 1922 5188 quue
1953 5136 2019 5174 ex
2055 5121 2131 5176 le-

554 5221 681 5274 gum
726 5205 932 5274 aliquot
962 5204 1330 5259 Theodosiani
1381 5207 1589 5264 codicis
1643 5210 1966 5263 auctoritate
1997 5226 2130 5265 con-

557 5297 769 5350 firmat:
821 5296 985 5350 veluti
1015 5297 1114 5368 leg.
1149 5296 1184 5350 2
1214 5305 1268 5352 et
1297 5299 1350 5360 5,
1384 5297 1553 5365 Quor.
1586 5300 1684 5370 Ap.
1719 5318 1824 5355 non
1858 5317 1966 5357 rec.
2001 5301 2130 5358 Item

556 5386 670 5457 lege
699 5389 733 5442 3
759 5386 826 5442 de
859 5389 1082 5453 suariis,
1117 5389 1231 5460 lege
1263 5389 1296 5443 5
1323 5398 1376 5444 et
1403 5390 1462 5444 2t
1498 5391 1564 5446 de
1599 5394 1940 5462 praetoribus.
1976 5392 2130 5460 Quod

555 5487 610 5532 et
626 5479 746 5534 aliis
766 5480 1058 5547 persuasit.
1087 5480 1271 5551 Itaque
1290 5481 1370 5535 vir
1393 5482 1588 5536 doctus
1604 5483 1951 5539 Alexandrini
1979 5486 2132 5539 citro-

552 5566 662 5620 nici
695 5568 870 5620 locum
905 5568 1078 5633 illum,
1110 5586 1230 5641 pag.
1266 5570 1386 5635 742,
1429 5569 1552 5623 Ἐπὶ
1581 5571 1784 5626 τούτων
1808 5573 1917 5627 τῶν
1951 5572 2131 5626 αὐτῶν

565 5657 774 5713 ὑπάτων
817 5659 990 5726 λεῖψις
1033 5662 1253 5729 γέγονεν
1296 5661 1390 5715 τοῦ
1430 5662 1615 5732 ἄρτου,
1652 5662 1792 5717 ὥστε
1819 5663 2132 5734 παραθῆναι

2239 4457 2506 4524 Quocirca
2539 4456 2675 4510 nihil
2708 4456 2975 4511 hactenus
3013 4455 3236 4509 allatum
3265 4455 3444 4519 video,
3475 4450 3610 4522 quod
3647 4443 3767 4501 aurei

2237 4552 2445 4604 nummi
2475 4565 2648 4620 genus
2677 4547 2848 4603 fuisse
2882 4549 3062 4603 follem
3103 4556 3426 4618 argumento
3464 4560 3581 4602 esse
3610 4538 3768 4613 possit.

2237 4641 2332 4695 sed
2375 4640 2458 4693 vel
2509 4639 2626 4690 auri
2665 4639 2987 4708 argentique
3038 4655 3326 4708 summam,
3366 4640 3450 4696 vel
3496 4643 3768 4710 argenteum

2236 4737 2382 4785 certe
2412 4743 2714 4793 nummum,
2750 4739 2843 4784 aut
2876 4747 3098 4788 aereum.

2306 4841 2384 4895 De
2412 4841 2704 4897 miliarensi
2736 4858 3000 4915 argenteo,
3033 4864 3149 4918 qua:
3176 4863 3300 4917 pars
3333 4850 3476 4919 follis
3511 4845 3713 4900 videtur.

2304 4934 2607 5005 Antequam
2653 4937 2720 4992 de
2755 4937 2882 4994 folle
2915 4952 3173 5010 argenteo
3215 4943 3352 4996 certi
3405 4939 3604 5011 aliquid
3635 4948 3769 4990 erua-

2235 5031 2346 5090 tur,
2380 5042 2604 5082 necesse
2635 5038 2718 5084 est
2754 5029 2821 5084 de
2867 5031 3193 5094 miliarensi,
3231 5031 3376 5102 quod
3407 5033 3636 5102 ἄργυρον
3667 5021 3769 5092 Ενί·

2235 5117 2470 5187 phanius
2507 5120 2774 5185 nominat,
2802 5137 2974 5191 pauca
2998 5124 3247 5193 quaedam
3285 5123 3625 5193 praemittere.
3655 5127 3769 5184 qUO‘

2236 5211 2382 5264 niam
2437 5225 2502 5264 ex
2547 5227 2610 5266 eo
2667 5229 3012 5269 nummorum
3065 5232 3263 5286 genere
3315 5214 3560 5284 componi
3617 5207 3765 5262 follem

2236 5300 2378 5355 idem
2409 5300 2501 5356 ille
2530 5302 2800 5359 aﬂirmare
2833 5306 3065 5360 videtur.
3100 5307 3463 5364 Miliarensem
3491 5307 3764 5373 argenteum

2235 5391 2405 5446 fuisse
2463 5410 2745 5449 nummum
2796 5413 2904 5452 non
2960 5414 3217 5465 aureum,
3279 5399 3519 5455 declarat
3578 5385 3764 5446 Novella

2232 5480 2532 5538 Justiniani
2583 5498 2682 5550 cv,
2734 5486 2786 5540 in
2841 5503 2948 5557 qua
3000 5489 3448 5559 magistratibus,
3501 5473 3762 5554 praesertim

2233 5587 2378 5629 coss.
2398 5574 2737 5644 profusionis
2755 5580 2971 5633 modum
2991 5582 3320 5650 pra'scribit.
3359 5586 3606 5643 vetatque
3633 5577 3763 5623 num-

2233 5681 2354 5723 mos
2380 5680 2578 5724 aureos
2600 5683 2881 5741 spargere,
2924 5683 3212 5742 argenteos
3256 5667 3533 5743 permittit.
3570 5662 3640 5715 Οὐ
3674 5651 3763 5726 μὴ’
