4028 6220
297 182 400 241 535

1519 176 1604 230 DE
1643 173 1864 232 FOIILE
1904 171 2315 229 MILIARENSL

3441 170 3541 225 336

299 292 523 366 χρυσίον
567 292 780 363 ῥίπτειν
829 292 1080 362 ἐφίεμεν,
1128 292 1188 343 οὐ
1243 291 1564 362 μικροτέρου
1615 292 1779 354 τινος,
1833 291 1868 360 ἢ

1987 304 2101 342 cum
2137 287 2370 341 duorum
2407 285 2760 340 denariorum
2807 282 3105 355 legitimum
3141 287 3289 340 aurei
3329 289 3542 356 pondus

297 381 547 453 μείζονος
593 382 752 444 ὅλως,
803 379 836 449 ἢ
889 379 1054 448 μέσου
1100 379 1474 448 χαράγματος,
1523 378 1556 446 ἢ
1608 377 1869 448 σταθμοῦ,

249 493 264 504 ·
292 472 413 527 ἀλλ’
445 472 684 544 ἀργύρου
720 471 992 541 (καθάπερ
1015 471 1257 532 εἰπόντες
1290 469 1424 539 ἔφθη
1436 468 1554 538 μεν)
1590 469 1772 539 μόνον.
1803 469 1875 520 Τὸ

297 563 401 634 μὲν
442 563 550 633 γὰρ
583 563 806 631 χρυσίον
835 561 1170 632 διαρρίπτειν
1214 559 1446 613 ἀνείσοω
1489 561 1554 630 τῇ
1601 558 1871 630 βασιλείᾳ,

287 649 447 729 ᾗπερ
476 653 612 726 μόνῃ
641 655 735 706 καὶ
766 652 990 723 χρυσίου
1030 654 1378 722 περιφρονεῖν
1414 652 1442 703 ὁ
1469 651 1571 720 τῆς
1600 650 1770 721 τύχης
1798 651 1875 702 δίο

293 751 460 799 δωσιν
493 745 676 812 ὄγκος.
712 747 985 816 Ἀργυρος
1029 744 1085 796 δὲ
1131 746 1160 796 ὁ
1210 743 1346 813 μετὰ
1376 742 1576 813 χρυτὸν
1601 742 1758 802 εὐθὺς
1797 760 1877 794 τι-

298 834 573 905 μιώτατος
601 835 812 904 γένοιτο
840 834 904 888 ἂν
938 836 1032 888 καὶ
1063 837 1176 897 τοῖς
1209 833 1389 897 ἄλλοις
1419 835 1646 896 ὑπάτοις
1683 833 1879 902 φιλοτι-

301 925 403 996 μία
436 925 740 996 πρέπουσα.
787 924 986 976 Τοῦτον
1016 924 1240 992 ἐφίεμεν
1269 923 1464 985 αὐτοὺς
1495 923 1705 993 ῥίπτειν
1731 921 1789 974 ἕν
1818 939 1877 974 τε

294 1022 414 1082 τοῖς
451 1017 804 1088 καλουμένοις
835 1014 1220 1086 μιλιαρησίοις,
1246 1017 1340 1068 καὶ
1382 1016 1591 1086 μήλοις,
1621 1015 1715 1068 καὶ
1749 1032 1881 1067 καυ-

294 1110 464 1172 κὶοις,
502 1110 595 1162 καὶ
636 1107 1042 1178 τετραγωνεοις,
1079 1107 1172 1158 καὶ
1212 1109 1326 1169 τοῖς
1361 1107 1642 1169 τοιούτοις.
1681 1105 1878 1159 Millia-

297 1215 520 1255 rensem
552 1197 932 1253 duodecimam
966 1197 1126 1250 solidi
1162 1205 1368 1267 partem
1409 1195 1611 1262 fuisse,
1663 1197 1766 1250 hoc
1797 1203 1881 1251 est

297 1292 540 1349 solidum
585 1305 810 1344 aureum
847 1288 1115 1342 duodenis
1146 1288 1568 1343 milliarensibus
1615 1289 1878 1352 valuisse,

299 1383 409 1436 viri
449 1383 591 1438 docti
638 1381 845 1450 pridem
897 1380 1300 1445 observarunt;
1361 1381 1696 1450 proindeque
1743 1380 1881 1436 dxxas

300 1476 540 1543 siliquas
570 1472 687 1526 auri
735 1472 900 1525 unius
933 1471 1281 1525 milliarensis
1321 1471 1684 1525 aestimatione
1728 1478 1883 1524 taxa-

301 1577 396 1620 tas
430 1583 443 1618 :
484 1566 684 1634 quippe
713 1564 922 1620 solidus
956 1580 1083 1620 xxxv
1119 1565 1336 1633 siliquis
1364 1564 1672 1618 coxxstabat.
1707 1564 1883 1632 Atque

1976 385 2143 433 esset.
2203 377 2567 442 Quamobrem
2631 376 2749 429 auri
2803 375 2940 428 libra
2991 374 3269 429 drachmis
3329 376 3544 430 valebat

1977 468 2140 528 “52,
2172 467 2508 521 didraclxmis
2526 466 2638 520 sive
2661 465 3088 519 milliarensibus
3121 464 3243 536 576.
3275 463 3378 518 Per
3405 481 3545 535 quos

1979 561 2022 615 si
2057 560 2194 614 1728
2233 561 2484 628 siliquas,
2527 566 2661 628 quot
2708 558 2764 611 in
2813 558 2952 611 libra
2990 566 3367 622 xxunxerantur,
3405 558 3547 613 divi-

1979 651 2098 715 das,
2145 658 2454 720 competent
2493 650 2591 704 un'r
2626 649 2941 703 didraclxmo
2990 649 3202 717 siliqua:
3250 656 3384 711 tres,
3437 662 3544 704 non

1980 744 2119 798 dua).
2152 743 2368 807 Postea,
2417 758 2541 796 cum
2577 757 2782 796 Lxxxxv
2822 743 2874 794 in
2899 741 3092 794 libram
3127 743 3372 809 percussi
3423 751 3552 796 sunt

1981 833 2164 895 solidi,
2204 834 2249 888 si
2308 833 2554 908 singulos
2602 832 2952 886 nihilominus
2988 833 3136 900 paris
3182 846 3304 885 cum
3360 832 3552 886 veteri-

1984 924 2110 985 bus,
2144 924 2412 992 longeque
2457 923 2820 990 gravioribus,
2854 923 3013 993 pretii
3066 922 3237 977 fuisse
3295 923 3422 992 quis
3465 924 3550 977 di-

1983 1014 2150 1078 xerit,
2183 1013 2478 1067 ahsurdum
2515 1014 2770 1082 quiddam
2809 1030 2874 1067 ex
2909 1029 2972 1068 eo
3000 1022 3382 1084 consequetur.
3415 1013 3552 1068 Nam

1983 1112 2040 1156 ut
2067 1119 2268 1157 Lxxxw
2296 1119 2392 1172 per
2431 1121 2560 1158 xxxv
2591 1106 2944 1174 multiplices,
2975 1105 3216 1160 invenies
3249 1108 3402 1162 libra:
3435 1123 3553 1162 aurx

1983 1195 2217 1264 pretium
2269 1194 2655 1247 drachmarum
2729 1210 2853 1248 esse
2899 1194 3064 1260 2010,
3109 1196 3553 1253 didraclxmorum

1984 1301 2079 1340 seu
2137 1283 2556 1338 milliarensiuxn
2615 1283 3110 1353 Scaligeriauorum
3183 1287 3340 1341 1008.
3405 1289 3558 1344 Unde

1986 1377 2119 1430 illud
2148 1391 2492 1444 consequens
2517 1384 2621 1440 est,
2647 1377 2906 1445 quoniam
2936 1377 3212 1431 draclxmas
3242 1380 3293 1432 in
3316 1380 3555 1434 llomaua

1987 1468 2124 1520 libra
2181 1474 2308 1520 suxxt
2361 1482 2480 1520 xcvx
2525 1466 2602 1536 (in
2647 1467 2862 1519 unciam
2909 1469 3054 1520 exxixn
3105 1477 3316 1523 octona:
3361 1487 3558 1526 convc-

1985 1559 2194 1625 niuxxt),
2227 1557 2379 1611 librze
2407 1566 2586 1611 autem
2619 1574 2710 1610 xxx
2738 1558 3030 1613 draclxmas
3063 1559 3313 1621 totidem,
3345 1560 3447 1614 hoc
3477 1570 3562 1616 est

295 1655 518 1708 idcirco
555 1654 942 1708 milliarensem
983 1652 1269 1721 δικέρατον
1307 1651 1586 1707 Ccdrenus
1615 1653 1880 1706 nominat.
1916 1628 1956 1681 Β
1984 1647 2125 1702 2016
2174 1647 2281 1702 sibi
2332 1647 2632 1709 vindicant,
2683 1647 2926 1701 eamdem
2967 1649 3312 1702 Constantini
3361 1651 3560 1704 saeculo

290 1747 512 1802 Verum
554 1745 696 1800 istud
736 1753 1056 1814 perpetuum
1103 1760 1225 1800 esse
1258 1744 1481 1798 minime
1525 1744 1722 1814 potuit.
1774 1743 1882 1798 Dos

293 1844 432 1890 cent
462 1837 604 1891 enim
647 1835 858 1890 Glossae
888 1835 1110 1905 νομικαί
1165 1850 1359 1889 novem
1413 1835 1635 1890 circiter
1681 1835 1885 1890 solidos

299 1928 681 1982 milliarcuses
717 1925 972 1980 habuisse
1001 1940 1163 1988 cxxv,
1207 1926 1406 1996 quibus
1449 1933 1760 1995 competxxxxt
1791 1942 1887 1977 xe-

297 2019 472 2089 ρὰτια
519 2031 743 2071 ccxvxxx.
781 2015 1015 2072 Proinde
1063 2017 1296 2087 singulis
1335 2016 1759 2072 milliarensibus
1805 2023 1886 2069 at-

293 2109 595 2163 tribuenda
633 2118 760 2163 sunt
787 2109 1017 2180 κεράτια
1059 2109 1273 2179 singula
1299 2124 1421 2163 cum
1457 2107 1748 2171 dodrante,
1781 2107 1883 2161 hoc

285 2207 394 2256 est
424 2215 549 2253 cum
583 2200 811 2254 semisse
833 2207 885 2254 ct
909 2199 1246 2272 quadrante;
1283 2198 1492 2253 solidus
1521 2213 1652 2253 vero
1676 2197 1873 2251 millia-

285 2291 454 2347 rensi
497 2293 800 2346 aestimatur
831 2293 853 2345 1
880 2293 1010 2362 8/9,
1046 2301 1104 2347 ut
1137 2308 1305 2363 supra
1335 2292 1537 2346 dictum
1567 2300 1671 2346 est.

385 2378 650 2450 Scaliger,
683 2380 823 2435 libro
853 2379 927 2434 De
957 2397 1010 2434 re
1046 2380 1386 2445 Nummaria,
1411 2378 1792 2436 milliarensem
1810 2377 1888 2432 ait

291 2483 435 2526 esse
468 2468 769 2524 δωδέκατον
797 2472 891 2526 τοῦ
915 2472 1270 2544 νομίσματος,
1293 2483 1346 2526 et
1381 2471 1604 2526 Suidam
1637 2471 1885 2540 corrigit,

294 2562 405 2630 qui
435 2561 661 2616 δέκατον
697 2579 819 2619 esse
861 2565 1143 2619 docuerat.
1180 2564 1551 2633 Eumdemque
1591 2571 1645 2617 et
1674 2563 1887 2619 duabus

295 2653 433 2708 auri
481 2653 699 2724 siliquis
750 2656 1008 2721 valuisse,
1056 2665 1111 2712 et
1158 2657 1328 2713 fuisse
1362 2657 1766 2724 didrachmum,
1817 2656 1888 2710 ob

298 2760 457 2808 eam,
491 2761 653 2813 quam
692 2747 825 2813 dixi,
872 2750 1159 2814 rationem,
1212 2749 1356 2818 quod
1406 2748 1689 2819 δικέρατον
1727 2747 1884 2810 foret,

299 2843 370 2889 et
399 2835 633 2888 duarum
668 2835 994 2905 siliquarum
1029 2837 1446 2892 aestimationem
1476 2834 1718 2894 haberet.
1753 2848 1884 2902 qua-

301 2939 440 2979 rum
472 2925 700 2994 singulae
747 2924 1007 3004 drachma
1055 2934 1312 2994 argentea
1347 2924 1608 2978 valerent.
1651 2922 1807 2988 Quod
1840 2921 1885 2976 si
1914 2953 1956 3010 ο

299 3014 442 3084 quis
473 3000 765 3084 diligenter!
786 3022 1042 3069 excutere
1077 3015 1225 3078 velit,
1263 3015 1458 3068 l'alsunx
1493 3022 1548 3069 et
1591 3012 1885 3067 absurdum

298 3119 441 3159 esse
465 3104 714 3173 reperiet.
752 3102 970 3158 Falsum
1004 3111 1107 3164 est,
1145 3104 1390 3172 inquam,
1427 3110 1480 3158 et
1509 3101 1742 3170 siliquas
1767 3101 1888 3153 auri

295 3195 547 3265 singulis
597 3194 836 3249 valuisse
887 3195 1166 3248 drachmis
1205 3195 1497 3263 argenteis,
1547 3203 1600 3247 et
1653 3192 1888 3247 solidum

295 3301 442 3342 xxxv
478 3284 757 3340 drachmis
785 3285 1110 3357 aestimatum
1147 3283 1336 3340 fuisse.
1373 3284 1505 3350 Qua:
1535 3284 1695 3338 ambo
1727 3283 1888 3338 simul

287 3395 434 3436 (2556
469 3392 594 3432 vera
629 3393 737 3431 non
768 3384 1016 3446 ροεειιιιι.

379 3468 601 3522 Etenim
635 3469 849 3536 triplex,
881 3467 1025 3537 quod
1057 3466 1122 3520 ad
1153 3482 1390 3536 praesens
1421 3467 1728 3522 institutum
1762 3467 1888 3522 atti-

291 3567 422 3622 net,
461 3557 616 3611 aurei
663 3556 915 3620 Romani,
968 3559 1060 3627 qui
1112 3565 1298 3626 postea
1343 3558 1551 3612 solidus
1585 3558 1886 3629 appellatus

293 3660 413 3712 est,
457 3648 658 3702 modus
704 3649 771 3702 ab
815 3648 1146 3704 doctissimxs
1179 3649 1589 3716 juriscoxxsultis
1624 3651 1690 3704 ad
1717 3650 1886 3706 Justi-

293 3740 463 3796 niani
497 3740 691 3794 saltem
725 3747 969 3809 tempora
1000 3740 1276 3794 deﬁnitur.
1328 3739 1543 3796 Primus
1588 3742 1884 3810 antiquior,

295 3827 358 3882 in
396 3838 517 3895 quo
549 3826 798 3894 quaterni
838 3828 890 3880 in
922 3827 1137 3880 unciam
1168 3829 1286 3880 auri
1323 3829 1685 3891 cudebantur.
1720 3831 1773 3883 in
1816 3830 1888 3884 li-

294 3917 467 3972 bram
499 3931 712 3981 vaxxx;
758 3918 892 3971 alter
919 3918 1064 3972 circa
1103 3918 1448 3974 Constantini
1492 3928 1727 3983 aetatem,
1764 3937 1886 3975 cum

296 4005 527 4074 septeni
574 4005 627 4058 in
661 4005 877 4059 unciam
923 4005 1080 4060 solidi
1121 4007 1366 4074 percussi
1418 4017 1564 4070 sunt,
1600 4007 1653 4059 ixx
1695 4007 1885 4060 libram

294 4113 538 4160 uxxw,
577 4105 636 4150 ut
679 4113 744 4152 ex
783 4098 877 4152 lib.
926 4114 940 4151 ι
975 4099 1095 4152 cod.
1137 4098 1344 4153 Theod.
1386 4098 1459 4151 De
1491 4098 1762 4167 ponderat.
1795 4113 1889 4168 pa—

293 4197 421 4253 tet;
461 4188 658 4242 tertius
691 4203 720 4240 a
751 4187 1131 4242 Valentiniano
1160 4189 1511 4254 constitutus,
1546 4193 1600 4242 ixx
1632 4204 1740 4259 quo
1770 4189 1889 4243 sexxi

1985 1736 2397 1808 propOrtionem
2442 1739 2562 1791 auri
2604 1737 2796 1801 fuisse,
2833 1755 2952 1807 quae
2991 1747 3076 1794 est
3113 1740 3174 1793 2|
3213 1740 3284 1794 ad
3321 1741 3369 1794 1.
3406 1740 3560 1806 Quod

1985 1831 2225 1884 immane
2258 1839 2311 1884 et
2347 1830 2580 1900 prodigii
2633 1831 2812 1885 simile
2856 1838 2979 1896 est;
3015 1846 3138 1884 nam
3173 1833 3240 1886 ad
3287 1847 3560 1886 suxnnxum

1985 1921 2406 1991 quatuordecinx
2453 1921 2742 1983 duntaxat,
2793 1928 2846 1976 et
2877 1936 2944 1974 co
2970 1923 3205 1992 amplius
3237 1925 3446 1993 argenti
3478 1939 3564 1978 se-

1987 2009 2148 2073 libra,
2185 2010 2301 2062 auri
2337 2010 2532 2063 libram
2568 2019 2806 2063 taxatanx
2847 2026 2990 2076 esse,
3026 2014 3183 2067 iidem
3230 2013 3361 2068 facit
3396 2013 3565 2068 lioto-

1986 2113 2244 2161 mannus,
2275 2099 2439 2169 idque
2463 2100 2680 2155 Arcadii
2702 2109 2754 2155 et
2788 2099 3010 2155 Honorii
3039 2111 3301 2178 tempore.
3332 2103 3470 2158 Tum
3504 2115 3565 2160 ut

1988 2189 2118 2242 illud
2160 2190 2562 2255 concedamus,
2618 2195 2841 2248 totidem
2893 2181 3248 2256 didrachmis.
3308 2197 3411 2250 hoc
3461 2207 3548 2251 est

1989 2279 2128 2334 1008
2173 2283 2292 2335 auri
2341 2282 2536 2336 lihram
2585 2284 2909 2337 aestimatam
2961 2286 3148 2348 fuisse,
3186 2286 3383 2342 falsum
3411 2290 3562 2343 aliud

1987 2373 2112 2436 erit,
2159 2373 2276 2426 auri
2317 2374 2544 2443 siliquas
2593 2375 2730 2427 duas
2771 2375 3075 2429 didraclxmi
3122 2379 3297 2446 pretio
3349 2388 3564 2436 taxatas

1991 2477 2114 2518 esse
2146 2480 2160 2517 :
2197 2477 2321 2516 nam
2355 2463 2400 2518 si
2443 2463 2670 2533 siliquas
2707 2463 2841 2518 1728
2871 2480 2966 2535 per
3017 2467 3389 2523 nxilliarcxxses
3427 2469 3564 2524 1008

1989 2553 2310 2622 distribuas,
2355 2555 2556 2626 singuli
2604 2556 2906 2625 siliquaml
2945 2557 3046 2627 5/7
3088 2557 3352 2613 duntaxat
3399 2562 3552 2616 aufe-

1992 2654 2130 2699 rent.

2060 2736 2323 2804 Superest
2353 2736 2572 2790 tertium
2611 2736 2743 2790 illud
2771 2746 3012 2808 tempus,
3038 2740 3102 2793 ad
3127 2742 3280 2810 quod
3316 2741 3562 2814 Scaliger

1992 2826 2340 2896 potissimum
2376 2828 2687 2897 reSpexisse
2733 2829 2986 2895 videtur;
3019 2845 3144 2883 nam
3182 2832 3248 2885 de
3278 2834 3456 2886 solido
3481 2836 3563 2888 lo-

1991 2919 2198 2987 quitur,
2244 2918 2552 2987 cujusmodi
2587 2920 2704 2974 seni
2742 2920 2795 2973 in
2843 2922 3058 2974 unciam
3094 2923 3386 2992 quadrant.
3420 2927 3564 2981 unde

1989 3015 2042 3062 et
2072 3009 2283 3062 sextula
2317 3010 2651 3061 nominatur.
2682 3009 2858 3079 Atque
2901 3011 3004 3063 hac
3041 3022 3318 3081 postrema
3350 3016 3563 3070 ratione

1992 3100 2205 3154 solidus
2251 3102 2495 3166 sextulas
2540 3101 2719 3155 aufert
2754 3119 2898 3154 xxxv.
2965 3104 3244 3172 Siquidem
3294 3107 3347 3158 in
3393 3107 3562 3176 priori

1991 3191 2206 3260 siliquis
2225 3192 2510 3246 constabat
2529 3208 2708 3253 xxxvx,
2743 3193 2794 3246 ixx
2831 3193 3067 3247 secunda
3090 3196 3303 3265 siliquis
3323 3197 3400 3250 20'
3430 3199 3560 3268 4/7.

1990 3279 2274 3336 Postrema
2310 3282 2478 3352 igitur
2509 3283 2688 3336 solido
2729 3284 2960 3352 siliquas
3000 3287 3248 3340 attribuit
3277 3303 3426 3344 xxxv.
3462 3287 3567 3343 Ve-

1990 3387 2111 3425 rum
2140 3389 2318 3442 neque
2348 3382 2460 3426 tunx
2495 3373 2708 3443 siliquae
2732 3375 2852 3428 duae
2891 3375 3196 3430 didracluxxi
3231 3381 3406 3447 pretio
3438 3395 3566 3434 cen-

1991 3467 2101 3522 seri
2153 3474 2424 3536 possunt,
2471 3482 2650 3533 neque
2695 3468 3050 3523 xnilliarcnsis
3080 3471 3194 3524 sive
3243 3472 3564 3527 duodecima

1991 3573 2118 3628 pars
2172 3557 2333 3612 solidi
2387 3556 2704 3611 didraclxmo
2757 3558 2917 3611 valet.
2968 3557 3102 3611 Nam
3152 3560 3197 3612 si
3247 3561 3313 3612 72
3360 3578 3459 3630 per
3494 3565 3566 3618 24

1993 3649 2448 3717 nxxxltiplicentur,
2501 3646 2774 3700 drachma:
2821 3647 3059 3700 coxxiieut
3097 3651 3149 3701 in
3199 3652 3316 3704 auri
3366 3654 3562 3706 lilnaxn

1993 3737 2154 3800 1728,
2195 3737 2537 3791 miliarenses
2585 3735 2690 3790 861
2729 3756 2741 3790 :
2777 3745 2910 3806 quot
2943 3747 3068 3790 sxxxxt
3118 3739 3393 3810 δικέρατα.
3427 3741 3563 3794 Nam

1991 3828 2222 3896 siliquas
2255 3828 2308 3881 ixx
2347 3828 2484 3880 libra
2521 3843 2644 3884 esse
2692 3831 2898 3884 scimus
2932 3830 3101 3896 1728;
3134 3831 3410 3886 drachma:
3434 3850 3563 3888 vero

1990 3919 2214 3974 totidem
2247 3919 2418 3972 libras
2447 3921 2746 3974 coniiciunt
2779 3936 2930 3973 xvxxx.
2972 3922 3043 3974 Ita
3083 3923 3200 3975 auri
3234 3923 3371 3978 libra
3405 3935 3564 3980 octo—

1990 4012 2164 4066 decim
2213 4012 2485 4081 argenteis
2529 4013 2751 4072 valebit.
2796 4013 2941 4082 quod
2983 4025 3066 4068 est
3118 4015 3442 4071 inauditum.
3480 4017 3562 4071 ΟΞ»

1989 4117 2083 4158 eas
2120 4117 2319 4160 causas
2347 4119 2484 4156 vana
2519 4111 2603 4158 est
2647 4104 2735 4156 illa
2765 4103 3026 4175 Scaligeri
3071 4105 3336 4172 delinitio,
3362 4109 3560 4162 millia-

1991 4210 2208 4249 rensem
2243 4194 2621 4249 didracbmum
2669 4195 2859 4256 fuisse.
2905 4205 2957 4250 ct
2990 4197 3153 4250 simul
3195 4197 3410 4253 duabus
3441 4202 3560 4254 auri

290 4296 370 4335 ex
407 4279 578 4332 uncia
607 4280 748 4342 cusi.
783 4295 813 4333 e
842 4279 978 4333 libra
1011 4295 1181 4344 ικιιι,
1211 4280 1303 4348 qui
1331 4287 1384 4333 ct
1417 4279 1673 4348 deinceps
1706 4279 1887 4334 obser-
1919 4286 1963 4341 Ι)
1995 4285 2212 4354 siliquis
2236 4286 2496 4340 valxxisse.
2532 4284 2754 4340 Accedit
2772 4295 2823 4339 et
2859 4285 3202 4346 Glossarum,
3233 4304 3368 4358 quas
3397 4305 3562 4359 supra

291 4380 475 4425 vatus
524 4370 759 4424 videtur.
801 4369 964 4440 Atqui
1012 4370 1064 4422 in
1110 4369 1308 4439 triplici
1352 4371 1441 4423 illa
1477 4371 1632 4425 solidi
1678 4370 1890 4425 ratione

294 4461 423 4515 duo
461 4461 552 4513 illa
588 4461 846 4530 Scaligeri
884 4460 1218 4514 ﬁrmamenta
1256 4460 1557 4514 consistere
1587 4469 1886 4530 nequcuxxt.

295 4552 470 4619 Quod
500 4560 563 4606 ut
593 4553 943 4606 manifestum
984 4553 1092 4613 iiat,
1121 4552 1250 4605 illud
1280 4552 1333 4606 ixx
1372 4552 1562 4621 primis
1588 4553 1772 4606 aninxo
1808 4569 1890 4608 re-

295 4644 634 4716 petendum,
689 4642 1004 4696 drachmam
1055 4659 1149 4697 sex
1180 4643 1372 4699 obolos
1417 4645 1717 4710 contixxere,
1756 4645 1891 4698 obo.

297 4738 427 4790 lum
467 4737 697 4804 siliquas
742 4743 874 4789 tres.
922 4735 996 4788 lta
1032 4736 1164 4789 ﬁunt
1217 4736 1271 4791 in
1314 4737 1627 4794 drachmam
1678 4738 1891 4808 siliqua:

293 4843 474 4893 xvxtt,
509 4829 566 4881 in
617 4830 832 4882 unciam
876 4842 1052 4894 cxuv,
1084 4844 1203 4898 qua:
1243 4828 1532 4884 draclxmas
1581 4838 1703 4884 octo
1735 4845 1888 4884 com-

293 4922 596 4993 plectitur.
633 4918 794 4975 Libra
833 4921 1063 4990 siliquas
1093 4922 1333 4975 continet
1365 4922 1522 4976 1728.

379 5012 499 5068 Jam
531 5029 644 5084 quo
674 5023 920 5082 texxxpore
945 5013 1094 5068 aurei
1121 5013 1173 5065 in
1197 5013 1412 5067 unciam
1431 5014 1679 5082 quaterni
1699 5029 1890 5084 percu-

287 5105 611 5170 tiebantur,
625 5120 655 5160 e
669 5106 802 5159 libra
817 5121 1002 5166 vaxxx,
1017 5105 1212 5175 singuli
1226 5105 1441 5176 quidem
1460 5108 1608 5162 aurei
1623 5123 1748 5161 xxxv
1766 5108 1890 5161 dra-

288 5197 513 5259 chmis,
547 5197 663 5251 sive
696 5196 940 5250 denariis
969 5196 1222 5250 aastimati
1245 5205 1372 5252 sxtnt
1397 5214 1410 5262 ;
1439 5213 1751 5267 quanquam
1773 5197 1889 5251 scio

289 5303 427 5342 xxv
450 5297 504 5340 et
534 5302 563 5338 a
596 5285 787 5350 Dione,
826 5294 880 5340 et
913 5287 982 5340 ab
1016 5288 1138 5342 aliis
1163 5288 1438 5358 imputari.
1476 5287 1580 5342 Sed
1618 5297 1675 5340 ut
1707 5305 1888 5359 μικρο-

279 5373 477 5442 λογίςι
506 5375 945 5444 circunxscripla,
991 5377 1284 5430 rotundum
1331 5378 1563 5431 maxime
1601 5394 1886 5432 nxxxxxerum

284 5474 720 5530 cmisectemur,
769 5482 891 5518 xxxv
935 5467 1284 5521 denariorum
1316 5484 1515 5523 aureus
1556 5469 1700 5523 luit:
1744 5478 1889 5524 crat-

282 5573 432 5632 quo:
457 5573 566 5612 tum
615 5559 954 5628 duodecupla
989 5559 1105 5611 auri
1147 5559 1211 5611 ad
1246 5571 1530 5628 argentum
1582 5563 1891 5632 proportio,

560 5651 828 5711 ΡΑτιιοι.
876 5655 920 5712 0
935 5673 992 5714 ιι,
1046 5655 1247 5716 XLIII.

1992 4377 2568 4440 comxx'xemoravimus,
2610 4375 3108 4431 luculentissixxxum
3150 4379 3279 4432 illud
3316 4383 3566 4436 testimo-

1993 4465 2164 4527 nium,
2189 4482 2298 4534 quo
2318 4465 2743 4521 milliarensibus
2779 4468 2970 4536 siliqua
3003 4469 3269 4523 duntaxat
3304 4487 3408 4524 uxxa
3440 4490 3562 4527 cum

1992 4557 2281 4620 dodrante,
2310 4557 2394 4610 vel
2429 4559 2606 4612 tribus
2627 4559 3030 4626 quadrantibus
3058 4562 3378 4629 imputatur.
3407 4580 3564 4617 num-

1993 4649 2097 4704 nxis
2125 4665 2256 4703 vero
2287 4649 2478 4704 solidis
2498 4649 2609 4704 fere
2636 4666 2848 4711 novexu,
2879 4651 3243 4705 xnilliarexxscs
3278 4653 3376 4706 1‘25
3403 4661 3562 4719 ;qxxi-

1993 4739 2096 4794 bus
2144 4739 2373 4810 κεράτια
2408 4746 2717 4807 congruunt
2755 4737 2881 4800 2I8,
2927 4754 3034 4792 non
3070 4740 3196 4805 250,
3227 4751 3285 4794 ut
3320 4741 3562 4813 Scalige-

1992 4829 2147 4883 riana
2176 4829 2490 4898 conjectura
2527 4828 2852 4898 postulabat.

2063 4919 2234 4990 Roget
2289 4920 2488 4988 aliquis
2527 4938 2540 4973 :
2575 4919 2783 4988 ecquod
2824 4921 3038 4975 demum
3081 4923 3431 4978 milliarexxsis
3479 4940 3565 4977 ar-

1992 5013 2170 5082 gentei
2219 5012 2451 5082 pondus,
2477 5027 2540 5067 ac
2567 5014 2824 5080 prctiuxxx,
2856 5029 3045 5083 quicve
3075 5015 3139 5066 ad
3174 5031 3403 5069 aureuux
3435 5017 3564 5070 soli-

1991 5102 2143 5166 dum,
2174 5118 2238 5158 ac
2286 5104 2445 5158 solidi
2493 5111 2676 5174 partes
2731 5106 3012 5174 proportio
3062 5103 3268 5158 fuerit?
3298 5105 3560 5175 Equidem

1990 5195 2126 5248 nihil
2158 5205 2308 5250 certo
2340 5211 2404 5250 ea
2452 5195 2519 5249 de
2566 5210 2624 5248 re
2659 5211 2832 5263 neque
2873 5195 3138 5248 aﬂirmarc
3175 5196 3290 5264 ipse
3317 5213 3561 5266 possum,

1993 5304 2169 5356 ncqxxe
2199 5288 2268 5340 ab
2315 5288 2428 5353 ullo
2471 5287 2726 5340 aﬂirxxxari
2756 5303 2915 5355 posse
2943 5288 3150 5355 judico.
3181 5287 3384 5340 Pendet
3419 5293 3562 5342 enim

1989 5397 2052 5435 ea
2088 5395 2176 5434 res
2207 5395 2270 5432 ex
2305 5379 2463 5433 solidi
2499 5378 2730 5446 priuxunx
2772 5379 3135 5433 aestimatione
3159 5397 3172 5445 ;
3198 5388 3312 5432 txxxxx
3348 5395 3411 5433 ex
3445 5383 3564 5434 auri

1991 5472 2057 5525 ad
2106 5481 2392 5540 argentum
2436 5472 2650 5525 ratione
2683 5490 2695 5525 :
2730 5470 2872 5534 quod
2925 5478 3215 5540 utrxxmque
3262 5470 3565 5537 diversum,

1991 5579 2051 5615 ac
2077 5579 2211 5632 pene
2243 5562 2592 5617 arbitrarium
2614 5560 2736 5617 fuit.
2766 5563 3174 5618 Verumtamen.
3198 5571 3252 5614 ιιι
3289 5561 3341 5615 in
3372 5563 3569 5618 obscu-

3187 5653 3256 5716 19
