4028 6220
443 211 545 272 bo"!

1564 202 1904 259 APPENDIX
1946 203 2491 270 DlSSERTATlONU
2503 213 2571 268 M.

3578 210 3697 266 588

443 329 659 385 rissima
716 342 776 382 re
827 333 991 397 atque
1040 323 1319 391 ambigua,
1361 320 1694 389 conjecturae
1748 321 2013 391 probabili
2050 327 2093 383 A
2125 325 2417 385 drachmas
2459 328 2810 390 exhauriant,
2831 325 3111 381 habebunt
3145 323 3348 395 singuli
3374 321 3693 378 drachmam

443 424 594 478 locus
633 437 755 477 esse
789 427 987 492 potest.
1021 418 1151 483 Quae
1181 413 1489 482 eujusmodi
1539 413 1671 467 mihi
1695 415 1749 467 in
1780 422 2015 468 mentem

443 519 670 581 venerit,
703 517 892 587 paucis
924 513 1164 582 aperiam
1197 528 1209 563 :
1240 508 1351 577 Ego
1381 522 1506 562 vero
1538 508 1897 562 milliarenses
1921 522 2013 561 ar-

444 615 620 668 bitror
644 614 711 666 ab
737 608 1008 679 argenteis
1034 604 1371 659 didraclnnis
1414 601 1676 671 paulatim
1706 610 1886 654 ortum
1918 616 2013 654 ac-

443 705 692 774 cepisse;
724 700 925 755 etenim
972 696 1133 750 initio
1157 710 1280 749 cum
1331 693 1484 748 aurei
1528 692 1779 763 quaterni
1812 694 1865 745 in
1909 706 2012 744 un-

444 796 582 850 ciam
612 798 1050 862 percuterentur,
1078 802 1143 843 ac
1171 786 1371 856 singuli
1406 800 1533 838 xxw
1567 783 1865 847 drachmis,
1898 782 2014 836 sive

443 900 517 938 xu
569 882 908 938 didrachmis
954 881 1223 939 valerent,
1277 885 1390 931 tres
1436 876 1555 929 auri
1612 874 1843 943 siliquae,
1895 890 2013 943 qur

440 984 568 1029 sunt
606 975 834 1045 κεράτια
866 989 930 1028 ex
959 971 1148 1028 lsidori
1184 970 1511 1024 auctoritate
1544 967 1673 1031 duo,
1708 965 2012 1019 didrachmi

446 1068 619 1138 pretio
678 1066 1063 1121 censebantur.
1138 1061 1304 1115 Erant
1359 1062 1548 1121 enim,
1620 1058 1695 1111 uti
1761 1058 2012 1126 superius

440 1159 800 1217 ostendimus,
834 1157 1043 1226 siliqua:
1086 1154 1141 1207 in
1177 1168 1345 1206 aureo
1377 1168 1563 1215 xxxvr,
1601 1150 1803 1204 ceratia
1839 1162 1963 1202 xxw
1997 1166 2008 1200 :

445 1265 617 1320 quare
655 1260 765 1302 tum
814 1248 1098 1317 δικέρατος
1145 1254 1260 1298 erat
1299 1250 1591 1312 argenteus
1636 1240 2008 1294 didrachmas.

449 1342 647 1395 Postea
694 1340 762 1394 de
800 1340 961 1393 solidi
1016 1339 1129 1391 sive
1163 1336 1313 1389 aurei
1362 1333 1619 1405 pondere,
1664 1347 1728 1386 ac
1778 1330 2007 1400 proinde

442 1433 691 1486 nonnihil
739 1433 902 1486 etiam
949 1431 1014 1484 de
1044 1430 1228 1483 valorc
1264 1428 1391 1482 sive
1424 1426 1788 1481 arstimatione
1830 1423 2013 1477 detra-

438 1536 608 1578 ctum.
643 1522 905 1587 Quamvis
945 1522 1090 1575 enim
1126 1534 1416 1573 aureorum
1436 1516 1668 1587 pondus
1703 1515 1756 1568 in
1789 1529 1913 1569 eum
1948 1512 2012 1566 li-

439 1630 561 1668 nem
607 1615 923 1681 plerumque
951 1612 1251 1671 minuatur,
1284 1624 1346 1663 ae
1371 1611 1560 1678 plures
1592 1609 1645 1661 in
1679 1607 1871 1661 libram
1910 1620 2009 1659 cu-

2127 432 2312 479 unam,
2344 427 2398 473 et
2424 433 2586 471 unam
2621 416 2731 471 fere
2758 416 2996 481 tertiam,
3026 416 3131 470 hoc
3162 424 3249 470 est
3275 415 3469 468 obolos
3502 428 3699 482 prope-

2125 507 2346 560 modum
2398 516 2543 569 octo,
2593 508 2707 562 sive
2751 507 2977 576 siliquas
3020 514 3309 575 argenteas
3350 520 3501 558 xxiv.
3544 504 3695 570 Quod

2124 600 2444 668 siliquaruin
2480 600 2600 653 auri
2639 600 2867 654 duarum
2914 597 3144 667 pretium
3180 612 3307 652 esse
3337 595 3571 664 debuit;
3602 596 3701 651 sed

2124 691 2169 744 si
2213 693 2331 745 auri
2362 692 2427 745 ad
2469 701 2752 762 argentum
2784 691 2925 744 ratio
2961 690 3062 743 ista
3092 689 3310 753 fuisset,
3337 688 3584 742 nibil‘ex
3615 703 3705 744 so-

2125 782 2356 837 lidorum
2390 793 2558 838 aucto
2597 784 2653 838 in
2696 784 2888 837 libram
2916 797 3147 836 numero
3179 781 3699 839 ﬁseuslucraretur.

2123 874 2204 929 0b
2228 875 2278 927 id
2310 876 2487 946 majus
2519 884 2899 947 argenteorum
2923 874 3260 945 singulorum
3288 874 3459 929 fuisse
3481 874 3707 944 pondus

2123 966 2379 1022 arbitror.

2182 1056 2569 1112 'llotomannus
2590 1057 2685 1110 lib.
2709 1056 2787 1110 De
2807 1073 2861 1112 re
2885 1056 3204 1110 Nummaria
3234 1070 3355 1126 pag.
3379 1056 3510 1120 547,
3529 1057 3707 1125 impp.

2120 1148 2339 1201 Arcadii
2378 1156 2433 1201 et
2467 1145 2691 1200 llonorii
2725 1146 3064 1215 temporibus
3089 1144 3473 1198 animadvertit
3497 1143 3706 1197 libram

2118 1238 2238 1291 auri
2277 1236 2689 1306 quatuordeeim
2744 1234 2952 1304 argenti
3008 1234 3163 1289 libris
3220 1248 3282 1287 ac
3322 1232 3445 1287 fere
3495 1233 3708 1287 selibra

2118 1327 2439 1381 aestimatam
2474 1327 2660 1390 fuisse,
2705 1340 2776 1382 ex
2805 1325 2910 1394 leg.
2957 1338 2995 1387 ι,
3031 1338 3082 1377 c.
3131 1322 3205 1377 De
3236 1336 3349 1392 arg.
3381 1330 3523 1390 pret.
3560 1321 3709 1375 Nam

2119 1418 2255 1471 libra
2288 1418 2500 1488 algenti
2554 1416 2741 1487 quinis
2803 1415 2987 1470 aureis
3014 1415 3211 1471 solidis
3260 1423 3517 1478 laniatur,
3558 1415 3709 1469 libra

2118 1516 2297 1563 autem
2344 1507 2461 1561 auri
2504 1507 2720 1561 duobus
2761 1515 2815 1559 ct
2864 1506 3207 1576 septuaginta
3248 1504 3439 1561 solidis
3484 1504 3707 1559 aureis.

2117 1598 2324 1653 Glossze
2352 1613 2480 1652 vero
2516 1613 2679 1668 supra
2715 1598 2893 1651 citatae
2941 1598 3343 1665 preportionem
3393 1595 3542 1649 illam
3606 1610 3709 1649 ex—

436 1707 657 1766 dantur,
699 1712 756 1756 ut
790 1703 843 1756 in
879 1703 1070 1757 liscum
1108 1717 1172 1755 ex
1216 1716 1278 1754 ea
1311 1716 1368 1754 re
1400 1700 1533 1754 lucri
1571 1699 1774 1769 aliquid
1807 1698 2002 1752 redun-

2114 1689 2288 1744 actius
2323 1691 2555 1745 retinere
2582 1688 2851 1752 videntur,
2881 1696 3111 1758 quaeest
3140 1688 3303 1742 unius
3333 1686 3401 1741 ad
3427 1694 3710 1756 quatuor.

434 1795 522 1848 det
548 1810 560 1856 ;
604 1808 712 1845 non
744 1800 925 1845 tamen
954 1790 1144 1845 eadem
1175 1789 1333 1843 solidi
1370 1789 1611 1852 levioris,
1643 1803 1763 1857 qua:
1792 1786 2010 1856 gravio-

433 1889 513 1939 ris
552 1885 761 1937 taxatio
790 1898 913 1938 esse
946 1890 1143 1953 potest.
1176 1881 1393 1952 Alioqui
1439 1880 1668 1934 nimium
1704 1879 1888 1947 iniqua
1924 1878 2004 1930 lex

432 1985 601 2038 esset,
640 1986 694 2030 et
732 1976 985 2029 immanis
1018 1974 1135 2028 auri
1172 1974 1237 2026 ad
1288 1981 1571 2041 argentum
1614 1970 1919 2041 proportio,
1952 1979 2010 2022 ut

436 2070 597 2133 paulo
625 2073 751 2118 ante
781 2062 1299 2118 demonstravimus.
1334 2059 1520 2129 Neque
1558 2067 1737 2112 tamen
1774 2058 1891 2127 pari
1915 2056 2011 2111 de-

424 2164 713 2209 cremento
749 2154 906 2241 solidi
934 2152 1147 2221 pondus
1175 2167 1240 2205 ac
1266 2154 1497 2221 pretium
1526 2158 1610 2205 cst
1640 2150 2007 2214 imminutum,

436 2255 494 2300 ut
522 2262 669 2309 cum,
698 2240 926 2315 exempli
952 2260 1140 2308 causa,
1171 2242 1378 2297 solidus
1407 2243 1542 2297 duas
1571 2250 1858 2312 argenteas
1884 2240 2011 2293 dra-

432 2339 622 2392 chmas
645 2336 927 2407 penderet,
980 2351 1044 2389 ac
1094 2351 1219 2388 xxiv
1268 2334 1546 2387 drachmis
1592 2334 1815 2391 valeret,
1862 2339 2011 2399 post-

433 2444 597 2497 quam
645 2428 710 2480 ad
765 2428 1149 2495 scrupulorum
1198 2434 1435 2494 quatuor
1489 2425 1702 2492 pondus
1742 2432 1843 2476 aest
1885 2422 2007 2476 red.

441 2528 617 2581 actus,
662 2532 725 2571 ac
765 2516 924 2569 tertia
974 2524 1126 2584 parte
1171 2514 1508 2576 deeurtatus,
1558 2530 1667 2566 non
1703 2513 1913 2575 eadem,
1951 2520 2008 2563 ut

434 2612 650 2680 opinor,
686 2606 1041 2677 proportione
1084 2604 1242 2659 solidi
1293 2605 1525 2675 pretium
1572 2621 1601 2657 a
1653 2620 1779 2656 xxiv
1814 2604 1879 2657 ad
1913 2619 2002 2656 xvr

431 2698 724 2754 dracbmas
753 2697 1056 2752 descendit.
1095 2697 1307 2765 Alioqui
1351 2696 1558 2749 nullum
1592 2696 1818 2749 omnino
1849 2711 2005 2749 cum.

434 2791 687 2861 pendium
720 2806 783 2844 ex
827 2805 891 2843 eo
926 2789 1176 2858 princeps
1221 2787 1442 2842 faceret.
1481 2785 1676 2841 Verum
1722 2788 1870 2855 jnsta
1904 2787 2004 2839 ali-

430 2899 537 2952 qua
578 2890 631 2938 et
674 2881 956 2936 moderata
999 2881 1365 2935 aestimatione
1400 2887 1615 2933 taxatus
1650 2887 1733 2933 est
1776 2894 2002 2941 aureus,

433 2984 491 3029 ut
524 2982 670 3031 esset
698 2974 1057 3028 nihilominus
1092 2975 1267 3040 major
1289 2987 1450 3041 quam
1479 2978 1637 3025 antea
1671 2971 1789 3023 auri
1815 2973 1879 3024 ad
1911 2986 2003 3023 ar-
2036 3003 2076 3058 C

431 3076 651 3137 gentum
693 3065 996 3134 preportio.

498 3157 749 3209 Diximus
772 3153 1118 3209 Constantini
1144 3152 1256 3207 fere
1281 3152 1479 3207 saeculo
1498 3167 1786 3207 aureorum
1812 3168 2005 3206 nume-

429 3261 551 3298 rum
602 3246 657 3296 in
708 3244 901 3295 libram
949 3242 1298 3295 vehementer
1350 3251 1571 3295 auctum
1623 3242 1811 3308 fuisse,
1845 3250 1905 3296 ut
1938 3244 2005 3296 ad

429 3350 630 3388 Lituiv
656 3334 984 3403 perveniret,
1012 3342 1174 3401 atque
1216 3333 1285 3384 ita
1313 3341 1505 3401 quarta
1534 3331 1643 3386 fere
1676 3342 1828 3401 parte
1867 3349 2005 3403 pon-

428 3428 533 3480 dus
570 3440 864 3478 aureorum
909 3424 1344 3477 imminneretur.
1385 3421 1578 3477 Postea
1622 3423 1725 3477 sub
1760 3422 2005 3477 Valenti-

441 3520 605 3572 niano
633 3532 727 3571 sex
761 3517 813 3569 in
846 3516 1065 3569 unciam
1102 3516 1273 3567 taxati
1310 3522 1461 3579 sunt,
1505 3515 1555 3566 in
1597 3514 1787 3567 libram
1829 3530 2000 3571 Lxxn.

428 3607 545 3662 llue
596 3608 762 3678 igitur
813 3614 1078 3675 tempore,
1132 3619 1254 3658 cum
1318 3621 1444 3657 xxw
1510 3606 1737 3673 siliquas
1793 3606 2002 3660 solidus

426 3700 711 3772 penderet,
745 3706 877 3769 quot
917 3697 1146 3768 κεράτια
1181 3714 1245 3752 ex
1278 3696 1469 3751 lsidori
1505 3696 1819 3752 definitione
1848 3704 2001 3752 vetus

429 3795 732 3855 anlei‘ebat,
781 3792 1034 3861 suspicor
1077 3790 1291 3845 duabus
1342 3790 1462 3843 auri
1504 3790 1720 3859 siliquis
1757 3790 1998 3860 argentei

427 3889 591 3940 unius
632 3885 863 3955 pretium
905 3884 1215 3937 indictum:
1259 3884 1348 3951 qui
1398 3881 1617 3951 quidem
1660 3883 1884 3936 minime
1920 3883 2001 3936 di-

424 3980 720 4031 drachmus
745 3984 910 4037 esset,
949 3974 1043 4028 sed
1072 3973 1126 4025 in
1149 3972 1453 4026 didraclnni
1482 3973 1659 4026 locum
1690 3974 1995 4029 successis-

423 4078 527 4135 set,
575 4083 639 4122 ac
683 4065 910 4138 proinde
956 4065 1251 4134 bisiliqnus
1292 4066 1450 4131 foret,
1498 4065 1576 4119 uti
1611 4066 1752 4135 apud
1786 4070 1999 4121 veteres

423 4177 623 4216 aureus
657 4159 1011 4213 didrachmas
1054 4158 1340 4227 δικέρατος
1377 4157 1497 4221 fuit,
1532 4167 1803 4227 quatenus
1831 4160 1999 4231 κερά-

419 4272 534 4307 τιον
565 4269 595 4305 a
622 4253 819 4320 siliqua
850 4250 1203 4303 discernitur.
1245 4250 1380 4302 Cum
1423 4257 1604 4302 autem
1642 4251 1874 4304 subinde
1906 4269 1998 4303 κε-

2111 1779 2320 1847 deeim;
2363 1797 2486 1834 nam
2536 1780 2653 1834 auri
2696 1780 2873 1835 solido
2911 1780 3270 1835 milliarenses
3312 1787 3714 1849 permutantur

2113 1873 2226 1927 fere
2272 1873 2708 1943 quatuurdeCim,
2743 1888 2866 1927 cum
2909 1887 3049 1926 cxxv
3096 1871 3457 1927 milliarenses
3502 1872 3713 1927 solidis

2111 1978 2307 2019 novem
2334 1964 2568 2017 valeant.
2610 1961 2741 2018 Esto
2775 1964 2939 2033 igitur
2967 1963 3084 2015 auri
3122 1961 3189 2015 ad
3231 1969 3517 2031 argentum
3553 1964 3715 2019 ratio

2112 2068 2171 2112 ut
2200 2057 2366 2111 unius
2402 2057 2469 2110 ad
2505 2056 2940 2126 quattuordecim.
2973 2056 3113 2110 Tum
3144 2056 3251 2112 864
3284 2058 3522 2127 siliquae,
3560 2068 3715 2129 quot

2113 2152 2167 2205 in
2200 2152 2335 2205 libra
2362 2151 2478 2204 auri
2515 2158 2642 2205 sunt
2671 2150 3075 2220 δικέρατα,.ρρι“
3104 2150 3171 2204 14
3200 2150 3536 2215 dividantur,
3561 2164 3715 2205 con-

2112 2250 2339 2312 surgent
2367 2243 2421 2295 in
2457 2256 2897 2310 unamquamque
2946 2242 3137 2294 libram
3183 2242 3424 2311 argentei
3458 2242 3527 2297 61
3568 2244 3712 2313 5/7.

2113 2335 2406 2406 Fingamus
2425 2350 2542 2389 esse
2560 2334 2651 2388 62.
2668 2333 2707 2387 li
2738 2334 2785 2389 si
2814 2332 2883 2386 ad
2908 2333 3293 2387 drachmarum
3311 2334 3630 2403 legitimum
3656 2337 3714 2390 in

2112 2430 2252 2482 libra
2282 2443 2566 2482 numerum
2597 2428 2910 2497 exigantur,
2939 2427 3136 2496 singuli
3168 2428 3381 2496 pondus
3406 2426 3717 2484 habebunt

2111 2519 2384 2573 drachma:
2409 2518 2894 2584 unius,obolorum
2921 2517 3110 2581 trium,
3132 2530 3179 2572 et
3198 2520 3319 2589 9/31
3348 2521 3515 2574 unius
3544 2522 3713 2577 oboli

2108 2612 2226 2666 sive
2270 2610 2549 2665 drachma:
2606 2613 2809 2677 unius,
2859 2612 3183 2681 siliquarum
3237 2614 3331 2678 10;
3374 2629 3498 2682 quae
3565 2627 3716 2669 sunt

2102 2702 2324 2771 siiiquze
2369 2703 2459 2757 ‘28.
2507 2700 2606 2756 llic
2650 2700 2875 2767 modus,
2941 2713 3103 2771 atque
3149 2702 3415 2770 ejusmodi
3471 2703 3715 2772 pondus

2110 2807 2232 2847 esse
2287 2793 2460 2862 potuit
2529 2801 2915 2862 argenteorum
2974 2793 3121 2846 circa
3200 2792 3569 2848 Valentiniani
3660 2812 3719 2850 et

2111 2884 2329 2937 Arcadii
2360 2891 2624 2953 tempora,
2650 2884 2850 2953 quibus
2879 2884 2946 2937 ad
2973 2884 3038 2937 72
3066 2883 3364 2937 solidorum
3394 2900 3718 2941 numerum

2112 2973 2399 3029 deductam
2431 2976 2549 3029 auri
2575 2976 2767 3029 libram
2801 2984 2959 3029 antea
2987 2975 3225 3030 diximus
3262 2994 3276 3030 :
3306 2984 3420 3029 tum
3454 2977 3717 3043 scilicet,

2110 3083 2237 3121 cum
2270 3067 2485 3122 duabus
2518 3070 2633 3120 auri
2666 3068 2884 3137 siliquis
2920 3070 3160 3137 argentei
3188 3067 3389 3137 singuli
3414 3069 3719 3134 valerent,

2108 3174 2172 3211 ac
2230 3158 2440 3213 solidus
2493 3158 2721 3228 siliquas
2774 3159 3321 3228 penderet-quatuor
3365 3168 3418 3213 et
3466 3159 3714 3229 viginti.

2107 3241 2296 3312 Neque
2326 3252 2509 3297 tamen
2545 3244 2599 3297 in
2638 3260 2703 3297 eo
2736 3245 2949 3314 pondus
2989 3255 3367 3314 argenteorum
3409 3250 3712 3304 constitit.

2109 3332 2215 3389 Sed
2252 3350 2472 3388 rursum
2507 3343 2662 3389 sexta
2697 3334 2808 3390 fere
2848 3345 3003 3405 parte
3034 3336 3289 3390 diminuti
3333 3343 3488 3404 sunt,
3536 3346 3615 3393 ut
3656 3343 3716 3395 in

2107 3425 2227 3479 auri
2288 3426 2479 3479 libram
2543 3440 2651 3479 non
2704 3425 2817 3495 jam
2865 3425 2969 3480 864
3020 3425 3309 3495 argentei,
3372 3426 3473 3481 sed
3536 3430 3717 3486 mille

2106 3518 2367 3587 deinceps
2390 3517 2807 3586 imputarentur.
2829 3515 2981 3583 Quod
3006 3525 3299 3586 utrumque
3324 3523 3474 3572 certa
3498 3518 3715 3590 aliqua

2102 3609 2431 3663 auctoritate
2468 3607 2816 3661 ﬁrmandum.
2854 3606 3115 3661 Scribunt
3157 3606 3367 3663 Glossa:
3415 3607 3717 3667 Basilica.

2097 3717 2225 3756 rum
2252 3701 2392 3771 apud
2416 3699 2712 3756 Meursium
2751 3700 3113 3756 milliarenses
3137 3699 3422 3755 duodecim
3442 3716 3714 3759 aureum

2102 3794 2362 3857 solidum,
2386 3793 2490 3846 hoc
2518 3802 2599 3846 est
2624 3792 2827 3845 ceratia
2855 3806 2983 3843 xxrv
3010 3791 3206 3853 valere,
3228 3791 3332 3845 ecl.
3367 3806 3531 3845 mn.
3568 3794 3715 3865 Χρὴ

2099 3885 2410 3955 γινώσκειν,
2445 3882 2612 3936 ὅτιτὸ
2656 3882 2714 3934 ἓν
2748 3882 2999 3951 κεράτιον
3048 3880 3261 3949 φόλλεις
3304 3882 3409 3933 εἰσὶ
3446 3879 3712 3950 δώδεκα,

2100 3974 2220 4044 ἢτοι
2255 3971 2582 4045 μιλιαρισίου
2617 3970 2679 4024 τδ
2711 3971 2881 4040 ἥμισυ
2903 3987 2917 4001 ’
2946 3969 3018 4021 τὰ
3057 3967 3150 4022 οὖν
3186 3969 3249 4039 ιβ’
3295 3970 3532 4038 κεράτιὲ
3584 3976 3711 4029 εἱσι

2100 4067 2431 4138 νομίσματος
2477 4065 2683 4134 ἦμισυο
2729 4062 2787 4115 τὸ
2831 4060 2939 4132 γὰρ
2978 4061 3238 4132 ἀκέραιον
3279 4062 3710 4136 ώμισμίέχει

2104 4157 2406 4227 μιλιαρῐσια
2442 4154 2528 4224 ιβ’,
2556 4155 2674 4224 ἤτοι
2712 4155 2939 4223 κεράτια
2976 4150 3060 4222 ιβ’.
3090 4154 3217 4207 Item
3257 4153 3395 4206 κατὰ
3432 4155 3709 4229 νόμισμα

2099 4250 2354 4319 λαγχάνει
2400 4246 2705 4318 μιλιαρίσια
2752 4245 2837 4315 ιβ’.
2900 4245 3039 4299 Tum
3105 4246 3247 4301 idem
3287 4254 3344 4301 et
3380 4244 3708 4307 Cedrenus

420 4346 581 4414 ράτια
613 4358 709 4411 pro
750 4340 966 4407 siliquis
995 4340 1305 4408 promiscue
1334 4339 1593 4407 usurpari
1633 4350 1812 4408 empta
1842 4350 1991 4404 sunt,
2029 4348 2073 4403 ο
2101 4339 2409 4404 conﬁrmat,
2452 4339 2543 4408 qui
2592 4337 2869 4408 δικέρατον
2926 4352 3025 4406 pro
3077 4336 3397 4392 milliarensi
3442 4341 3704 4412 accipit.

416 4439 581 4487 etiam
631 4439 921 4501 argenteus
960 4431 1048 4484 ille
1079 4430 1363 4498 δικέρατος
1409 4438 1494 4484 est
1546 4430 1789 4494 habitus,
1845 4433 1991 4501 quod

416 4525 645 4593 siliquas
692 4524 848 4585 duas,
895 4520 1007 4574 sive
1048 4520 1274 4590 κεράτια
1308 4521 1529 4576 valeret.
1567 4522 1887 4592 llujusmodi
1938 4526 1993 4581 in

415 4619 608 4673 libram
640 4625 797 4671 erant
822 4615 926 4670 854
959 4634 971 4670 :
1009 4625 1137 4669 sunt
1168 4614 1312 4668 enim
1346 4615 1558 4685 siliquae
1583 4618 1637 4670 in
1670 4617 1805 4671 libra
1832 4618 1987 4672 17:28.

415 4710 701 4776 Quodnam
765 4718 944 4763 autem
999 4706 1198 4776 singuli
1254 4707 1469 4775 pondus
1513 4708 1825 4773 habuerint,
1883 4727 1990 4764 non

345 4825 349 4829 -
414 4799 631 4854 aliunde
678 4814 841 4868 quam
889 4812 955 4851 ex
1011 4797 1129 4849 auri
1175 4794 1243 4847 ad
1296 4806 1582 4864 argentum
1636 4796 1988 4865 pr0pomione

413 4892 627 4946 deliniri
662 4896 857 4959 potest.
898 4886 1194 4957 Fingamus
1237 4887 1427 4941 eodem
1462 4888 1555 4941 illo
1587 4898 1828 4955 tempore
1856 4890 1992 4941 duo-

412 4985 696 5055 deenplain
732 4982 1031 5037 exstitisse.
1065 4981 1199 5033 Cum
1241 4995 1371 5049 ergo
1417 4980 1535 5032 auri
1568 4981 1705 5033 libra
1750 4981 1853 5034 864
1897 4999 1986 5035 ar-

410 5078 622 5145 genteis
665 5075 988 5136 aestimetur,
1026 5087 1147 5141 quae
1178 5079 1307 5125 sunt
1350 5076 1561 5140 argenti
1606 5073 1756 5126 libra:
1793 5088 1905 5139 xu;
1938 5074 1984 5128 si

410 5184 507 5238 per
541 5168 606 5220 l2
630 5180 916 5221 numerum
944 5165 1095 5217 illum
1128 5163 1364 5226 dividas,
1393 5164 1627 5217 conﬁunt
1657 5165 1709 5217 in
1740 5163 1983 5230 singulas

411 5261 621 5328 argenti
662 5259 833 5312 libras
860 5256 1101 5327 argentei
1128 5271 1297 5317 Lxxn,
1327 5264 1459 5324 quot
1502 5256 1651 5308 aurei
1692 5255 1745 5307 in
1789 5255 1980 5307 libram

412 5354 696 5405 incurrunt
728 5370 738 5403 :
767 5365 831 5403 ac
881 5359 991 5403 tum
1023 5364 1099 5403 χιι
1132 5348 1397 5417 argentei,
1430 5346 1589 5402 solidi
1620 5348 1850 5415 pretium
1888 5363 1982 5400 ex-

409 5450 643 5505 :equant.
670 5442 1019 5510 Singulorum
1044 5455 1171 5494 vero
1198 5439 1410 5508 pondus
1443 5455 1506 5493 ex
1536 5438 1686 5492 librae
1713 5446 1982 5508 argentea:

410 5536 818 5598 comparatione
836 5532 1131 5601 colligitur.
1162 5529 1331 5584 liabet
1352 5531 1491 5584 rnittt
1514 5529 1648 5583 libra
1672 5532 1979 5600 ponderalis

409 5618 700 5680 dracbmas
733 5636 876 5680 xcvr.
904 5622 1086 5689 Quare
1124 5637 1246 5676 cum
1288 5623 1531 5691 argentei
1570 5636 1720 5676 Lxxn
1752 5623 1974 5679 totidem

2098 4433 2439 4502 Quapropter
2467 4447 2590 4487 cum
2625 4431 2835 4501 siliqua:
2859 4431 2970 4486 sint
3000 4431 3052 4484 in
3087 4431 3224 4485 libra
3257 4429 3419 4494 1728,
3444 4448 3707 4493 necesse

2097 4537 2181 4583 est
2212 4527 2527 4599 δικεράτους
2558 4534 2846 4595 argenteos
2888 4524 2941 4577 in
2976 4523 3093 4578 auri
3143 4524 3338 4578 libram
3385 4526 3706 4585 incurrere

2097 4620 2223 4682 864,
2250 4635 2479 4687 quorum
2516 4618 2713 4687 singuli
2751 4617 2962 4686 pondus
3004 4617 3201 4670 habent
3248 4627 3521 4687 argentea:
3555 4622 3705 4677 dra-

2096 4712 2269 4764 cinna:
2322 4709 2507 4769 unius,
2538 4716 2591 4762 et
2635 4709 2919 4765 obolorum
2960 4710 3122 4763 trium
3157 4717 3209 4765 et
3244 4712 3403 4764 unius
3435 4714 3702 4783 siliqmc,

2095 4804 2209 4858 sive
2233 4801 2302 4855 28
2326 4802 2669 4870 siliquarum.
2693 4801 2847 4856 Unde
2872 4801 3129 4870 quoniam
3156 4802 3273 4855 auri
3306 4802 3525 4873 siliqua:
3558 4806 3703 4865 dua:

2093 4894 2301 4962 argenti
2344 4894 2558 4963 siliquis
2598 4894 2779 4948 valent
2812 4894 2901 4957 28,
2939 4896 3055 4949 auri
3116 4895 3324 4965 siliqua:
3355 4896 3426 4949 24
3457 4906 3701 4969 argenti

2091 4984 2348 5036 valebunt
2376 4983 2497 5037 556.
2534 4981 2664 5048 Qua:
2699 5000 2796 5053 per
2828 4985 2895 5039 ΞΒ
2925 4985 3112 5039 divise
3153 4988 3283 5038 dant
3317 4987 3405 5041 12.
3450 4985 3705 5047 Duode-

2091 5075 2195 5127 cim
2228 5075 2391 5145 igitur
2432 5076 2671 5145 argentei
2717 5090 2803 5137 eo,
2832 5092 2941 5145 quo
2976 5078 3111 5140 dixi,
3152 5078 3392 5146 pondere
3424 5083 3577 5148 cusi,
3611 5085 3702 5142 24

2090 5165 2209 5218 auri
2235 5166 2463 5234 siliquas
2486 5167 2756 5229 valebant,
2774 5168 2887 5222 sive
2913 5169 3147 5223 solidum
3172 5186 3419 5235 aureum,
3445 5182 3500 5227 et
3527 5177 3700 5231 δικέςο

2090 5271 2241 5326 ρατοι
2276 5258 2491 5324 proprie
2517 5258 2873 5323 vocabantur,
2899 5259 3237 5315 didraclnnis
3266 5263 3511 5319 minores
3546 5280 3696 5323 crto

2088 5348 2323 5416 siliquis.
2366 5346 2484 5401 Jam
2526 5364 2657 5403 vero
2698 5364 2763 5403 ex
2813 5348 3090 5405 Glossario
3139 5352 3203 5406 Β.
3248 5352 3307 5405 Ρ.
3358 5355 3690 5424 Sismmuti,

2085 5438 2231 5510 quod
2264 5441 2516 5508 superius
2547 5439 2890 5503 adduximus,
2929 5451 3095 5510 patet,
3127 5459 3271 5497 cxxv
3300 5446 3691 5508 milliarcnses

2087 5538 2372 5601 argenteos
2404 5546 2596 5585 novem
2632 5530 3022 5600 propemodum
3057 5534 3250 5590 solidis
3306 5539 3516 5594 valere.
3550 5538 3685 5603 Qua

2084 5621 2299 5680 ratione
2342 5636 2487 5677 uxn
2530 5622 2688 5679 solidi
2724 5624 2976 5682 millcnos
3016 5627 3242 5697 exigunt
3272 5628 3685 5687 ιιιὶιιὶξιτριιδςιε.
