4028 6220
335 224 434 282 589

1552 226 1645 283 DE
1675 224 1903 282 FOLLE
1953 220 2368 281 MILIARENSI.

3469 234 3571 288 590

331 337 642 395 Detractum
699 348 785 396 est
843 339 1011 412 igitur
1063 338 1132 397 de
1181 350 1562 413 argenteorum
1620 341 1897 412 pondere,
1930 347 1973 402 Α
2005 339 2166 393 modo
2204 346 2257 392 et
2313 336 2570 392 dcnarius
2604 344 2763 391 antea
2802 336 2951 393 libra
2982 340 3147 395 unius
3185 350 3241 396 et
3284 346 3568 405 unciarum

325 432 567 502 indeque
609 432 972 488 milliarcnses
1015 434 1274 503 appellari
1313 434 1495 503 capti,
1541 442 1897 504 posteaquam

328 521 478 576 mille
508 522 562 576 in
590 536 814 577 auream
849 523 1041 577 libram
1075 524 1324 593 imputati
1358 530 1503 579 sunt.
1540 522 1742 576 Horum
1770 535 1900 575 vero

327 611 395 667 ad
425 613 638 683 argenti
672 612 865 667 libram
898 612 1191 677 rationem,
1222 627 1290 667 ac
1322 614 1535 684 pondus
1566 612 1754 668 eadem
1788 613 1896 676 via,

325 716 493 771 quam
525 703 778 771 superius
822 702 1142 767 institimus,
1188 702 1316 758 licet
1361 703 1655 774 inquirere.
1703 703 1899 757 Miltia-

327 809 518 848 renses
572 795 628 848 in
681 796 892 865 argenti
934 797 1101 852 libras
1147 798 1561 867 quatuordecim
1610 799 1725 852 sive
1768 798 1899 850 dra-

328 884 521 940 chmas
557 886 716 953 1541,
751 887 1135 957 percutiuntur
1164 890 1331 943 mille.
1374 887 1585 943 Habent
1622 904 1752 959 ergo
1785 890 1900 944 sin-

327 975 442 1044 guli
472 975 793 1031 drachmam
824 993 1012 1039 uuam,
1037 986 1099 1033 et
1136 988 1398 1049 praterea
1429 980 1619 1036 obolos
1652 982 1809 1046 duos,
1838 987 1900 1034 et

330 1066 436 1137 1/5
450 1068 696 1138 siliqua;
721 1068 822 1124 hoc
849 1075 935 1124 est
972 1069 1200 1139 siliquas
1226 1069 1297 1123 24
1323 1071 1445 1140 1/5.
1474 1069 1583 1126 Sed
1603 1072 1673 1125 21
1691 1072 1902 1141 siliqua

329 1168 642 1217 sumantur.
685 1159 852 1216 iidem
887 1162 1129 1233 argentei
1172 1163 1552 1232 superioribus
1598 1163 1903 1234 δικεράτοις

331 1251 578 1306 minores
622 1234 753 1305 sunt
793 1260 946 1307 sexta
978 1253 1095 1309 fere
1122 1254 1214 1307 sui
1256 1262 1436 1324 parte,
1468 1254 1735 1325 majorum
1768 1270 1901 1309 vero

332 1341 591 1409 septima.
625 1339 861 1397 Proinde
890 1341 936 1397 si
965 1342 1034 1396 28
1061 1343 1273 1414 siliqua
1295 1344 1414 1397 auri
1446 1344 1659 1414 siliquis
1688 1343 1900 1401 duabus

330 1431 714 1497 astimantur,
752 1432 807 1486 in
857 1431 1290 1503 quartadecupla
1330 1434 1449 1489 auri
1500 1434 1569 1489 ad
1618 1444 1898 1505 argentum

329 1522 710 1591 proportione,
737 1523 810 1577 24
841 1525 1051 1594 argenti
1082 1525 1321 1595 siliqua,
1354 1527 1474 1580 auri
1515 1528 1712 1597 siliqua
1755 1529 1901 1582 vale-

325 1611 470 1665 bunt
503 1612 527 1664 1
564 1612 689 1681 5/6.
711 1614 886 1683 Atque
903 1615 1089 1669 eadem
1108 1616 1390 1686 proportio
1407 1617 1464 1671 in
1491 1618 1763 1688 argenteis
1787 1618 1901 1672 sin-

322 1703 475 1773 gulis
524 1703 672 1757 inter
729 1719 852 1760 sese
909 1708 1238 1775 comparatis
1264 1708 1510 1763 cernitur
1560 1727 1574 1763 :
1646 1723 1768 1781 qua
1814 1718 1903 1764 est

322 1810 675 1849 summarum
714 1796 995 1866 ipsarum,
1058 1814 1178 1869 qua
1236 1801 1524 1870 utrobique
1576 1802 1632 1855 in
1692 1803 1901 1873 argenti

319 1884 506 1939 libras
555 1887 975 1955 quatuordecim
1031 1891 1380 1945 conveniunt.
1420 1887 1494 1947 Ut
1534 1894 1679 1947 enim
1726 1894 1903 1949 mille-

314 1977 525 2032 narius
552 1992 813 2034 numerus
834 1980 1061 2050 septima
1088 1981 1199 2037 fere
1227 1984 1312 2039 sui
1339 1991 1513 2054 parte,
1539 1984 1644 2039 hoc
1672 1994 1755 2039 est
1781 1985 1902 2049 156,

309 2067 510 2136 major
538 2076 623 2124 est
661 2084 827 2139 quam
856 2069 986 2135 864,
1037 2072 1195 2142 cujus
1243 2081 1395 2129 sexta
1445 2073 1558 2129 fere
1598 2088 1727 2144 pars
1776 2084 1904 2128 sunt

311 2158 469 2214 156:
500 2159 579 2213 ita
607 2158 677 2213 28
699 2160 909 2232 siliqua
941 2172 1204 2232 superant
1235 2162 1306 2217 24
1348 2166 1579 2234 septima
1606 2164 1693 2219 sui
1726 2173 1904 2235 parte,

308 2265 533 2320 nempe
555 2250 611 2314 4,
646 2267 767 2320 qua
798 2261 881 2307 est
910 2261 1062 2309 sexta
1098 2269 1225 2323 pars
1252 2254 1342 2309 24.
1376 2254 1740 2321 Quamobrem
1770 2270 1896 2310 cum

309 2342 571 2395 duarum
607 2342 926 2412 siliquarum
975 2344 1092 2398 auri
1128 2348 1359 2416 pretium
1408 2347 1652 2417 argentei
1700 2347 1903 2417 singuli

307 2450 440 2489 non
485 2442 794 2504 exaquent,
824 2434 920 2492 sed
962 2436 1176 2493 duabus
1206 2438 1455 2508 septimis
1492 2439 1657 2494 unius
1691 2440 1906 2509 siliqua:

310 2526 523 2579 minus
581 2525 858 2591 habeant,
908 2542 1017 2581 non
1060 2526 1172 2596 jam
1224 2543 1300 2582 xu
1368 2528 1641 2599 argenteis
1698 2528 1906 2584 solidus

311 2613 724 2676 astimahitur,
748 2612 843 2669 sed
876 2615 1289 2684 quatuordecim
1324 2614 1456 2671 fere.

401 2704 617 2759 Verum
648 2704 910 2762 Glossarii
941 2706 1031 2762 ille
1056 2707 1210 2762 locus
1254 2707 1565 2761 accuratius
1595 2706 1905 2778 expenden-

312 2798 437 2852 dus
492 2805 657 2864 atque
713 2797 1070 2853 illustrandus
1116 2798 1348 2854 videtur.
1398 2796 1495 2853 Est
1542 2798 1688 2854 enim
1754 2813 1946 2854 scruu

316 2892 533 2959 pulosa
582 2898 636 2943 et
678 2889 841 2943 anxia
894 2890 1246 2946 minutiarum
1282 2891 1393 2945 illic
1438 2890 1652 2945 tractio.
1702 2888 1909 2945 Follem

317 2983 510 3051 igitur
539 2978 809 3035 allirmant
847 2996 1114 3036 summam
1141 2997 1265 3037 esse
1301 2989 1679 3052 argenteorum
1712 2981 1911 3036 millia-

316 3072 589 3125 rensium
640 3085 815 3125 cxxv:
870 3085 1104 3140 quorum
1154 3071 1384 3141 quilibet
1435 3071 1688 3140 siliquam
1742 3084 1908 3124 unam

321 3164 507 3218 habet
546 3177 673 3216 eum
711 3163 1011 3228 dodrante,
1052 3162 1155 3218 hoc
1185 3174 1269 3217 est
1312 3178 1473 3217 unam
1509 3162 1823 3227 dimidiam,
1857 3169 1912 3217 et

325 3268 509 3307 unam
541 3259 802 3321 praeterea
841 3261 1111 3323 quartam.
1154 3253 1211 3307 '0
1240 3252 1296 3306 δὲ
1329 3254 1511 3323 φόλλις
1538 3252 1778 3325 ἀργύρια
1800 3270 1911 3307 τοι·

325 3344 485 3398 αὕτα
520 3350 662 3414 pars"
698 3342 733 3397 ἃ
760 3343 970 3397 ποιοῦσι
1000 3344 1225 3415 κεράτια
1260 3351 1384 3415 σιη’,
1412 3345 1507 3399 καὶ
1532 3342 1806 3414 νούμμους
1834 3343 1909 3397 θ’⁶

328 3438 464 3507 ἦτοι
500 3434 640 3505 πρὸς
668 3434 728 3487 τὸ
762 3434 856 3488 νῦν
888 3434 1120 3506 κρατοῦν
1164 3434 1467 3507 μιλιαρίσια
1510 3434 1609 3505 ρθ’,
1634 3434 1729 3488 καὶ
1757 3434 1914 3505 νούμ-

334 3544 485 3598 μους
508 3527 578 3591 Θ¹,
604 3526 861 3597 γινόμενα
886 3528 945 3580 ὲν
968 3528 1285 3598 χαράγμασι
1316 3525 1623 3595 νομίσματα
1647 3521 1688 3578 0'
1731 3524 1912 3594 μιλια-

337 3620 522 3689 ρίσιον
556 3617 639 3677 ἓν.
666 3616 896 3687 νοῦμμοι
924 3617 987 3671 θ’.
1034 3616 1132 3671 Hic
1160 3617 1434 3688 νούμμους
1472 3632 1581 3671 non
1611 3616 1808 3672 usitata
1839 3616 1916 3672 si-

337 3708 701 3779 gniﬁcatione
727 3708 846 3760 ἀντὶ
878 3705 971 3759 τοῦ
1012 3706 1363 3777 νομίσματος,
1408 3720 1509 3776 pro
1550 3704 1723 3759 solido
1766 3704 1916 3759 vide-

341 3801 479 3855 licet
536 3806 592 3853 et
646 3812 816 3853 aureo
870 3798 1145 3869 sumpsit,
1207 3794 1662 3867 quemadmodum
1716 3794 1917 3850 eadem

342 3891 557 3945 Glossa
594 3888 865 3959 νούμμους
891 3888 959 3943 τὰ
993 3888 1301 3959 νομίσματα
1330 3889 1773 3960 interpretantur.
1811 3886 1918 3943 Sed

346 4000 450 4054 pro
495 3982 741 4036 minutiis
777 3982 889 4036 sive
938 3982 1273 4051 ponderum,
1323 3981 1437 4037 sive
1485 3981 1914 4044 nummulorum,

347 4089 475 4145 qua
504 4073 770 4127 duodena
812 4072 867 4125 in
918 4072 1171 4142 siliquam
1220 4071 1548 4136 incurrunt,
1600 4071 1679 4124 uti
1730 4070 1915 4125 statim

350 4166 575 4235 planum
629 4161 895 4220 elliciani:
947 4161 1187 4233 νόμισμα
1236 4176 1365 4216 vero
1418 4161 1635 4232 proprie
1683 4159 1919 4217 solidum

350 4254 651 4323 appellant,
688 4267 810 4322 qua
850 4251 950 4305 fuit
1004 4252 1203 4309 usitata
1242 4252 1392 4307 illius
1443 4253 1706 4323 acceptio.
1764 4253 1923 4309 Glos-

2004 432 2168 482 trium
2203 428 2416 497 pondus
2462 436 2615 493 erat;
2660 430 2745 483 vel
2779 432 3092 486 tenuissimi
3122 435 3351 501 nummi,
3385 438 3572 506 cujus-

2003 518 2149 573 modi
2210 519 2266 573 in
2329 519 2583 589 siliquam
2636 537 2745 587 xu,
2782 522 2837 575 in
2884 522 3167 596 δικέρατον
3218 538 3570 599 argenteum,

2006 626 2132 663 χκιν
2183 610 2349 663 taxati
2398 622 2542 665 sunt.
2591 611 2833 681 Cumque
2874 614 3135 685 χάραγμα
3171 620 3439 689 νόμισμα,
3486 624 3570 675 vel

2003 700 2236 766 solidus,
2286 702 2502 772 siliquis
2532 711 2743 757 constet
2783 720 2940 769 xxxv,
2998 722 3186 760 novem
3244 725 3378 762 vero
3411 712 3570 766 solidi

2004 791 2218 860 siliquis
2248 808 2403 847 et:va
2439 794 2834 851 :milliarenscs
2858 812 3018 859 cxxv,
3044 801 3205 868 paulo
3232 801 3353 869 plus
3380 804 3568 859 solidis

2003 896 2196 936 novem
2224 884 2584 949 astimantur,
2614 901 2807 955 nempe
2832 887 3043 943 duabus
3093 893 3322 961 amplius
3354 895 3567 965 siliquis

2001 981 2056 1028 et
2088 972 2372 1029 dodrante.
2396 974 2473 1028 Ex
2496 991 2603 1045 quo
2634 980 2879 1046 sequitur
2903 980 3260 1039 milliarcnses
3281 997 3567 1056 argenteos

1999 1063 2169 1125 mille,
2206 1064 2420 1133 siliquis
2453 1066 2572 1119 auri
2597 1067 2777 1120 valere
2813 1069 2973 1134 1750,
3009 1074 3099 1139 qui
3136 1082 3265 1129 sunt
3304 1078 3464 1132 solidi
3490 1080 3557 1134 72

2002 1161 2052 1208 et
2088 1154 2299 1224 siliqua
2326 1155 2416 1218 22,
2452 1173 2560 1227 quo
2602 1159 2921 1227 siliquarum
2958 1178 3184 1219 nurnero
3229 1167 3416 1224 libram
3467 1188 3567 1226 att-

2002 1258 2151 1298 ream
2186 1247 2477 1301 cxcedunt.
2526 1247 2660 1301 Nam
2696 1250 2739 1303 si
2788 1251 3020 1306 solidum
3056 1271 3178 1309 xxrv
3220 1260 3435 1331 siliquis
3470 1265 3565 1320 de-

2004 1333 2184 1395 ﬁnias,
2216 1333 2286 1388 72
2320 1337 2504 1402 solidi,
2534 1347 2668 1408 quot
2695 1340 2751 1393 in
2780 1340 2973 1395 libram
3009 1348 3125 1400 ensi
3158 1358 3307 1414 sunt,
3339 1354 3566 1426 siliquas

2003 1423 2257 1478 auferunt
2301 1425 2441 1481 1728
2481 1446 2493 1480 :
2555 1430 2754 1498 quibus
2804 1435 3067 1489 accedunt
3121 1439 3240 1493 dua
3277 1452 3330 1496 et
3376 1423 3567 1516 viginti

2004 1516 2323 1585 superﬂua,
2386 1534 2508 1587 qua
2564 1530 2944 1589 argenteorum
3000 1529 3360 1587 millenarium
3407 1541 3562 1606 perﬁ-

2007 1612 2179 1662 ciunt.
2205 1609 2337 1664 Nam
2367 1612 2579 1681 siliqua
2614 1614 2752 1668 1728
2786 1617 3144 1676 milliarcnses
3172 1623 3436 1681 duntaxat
3467 1629 3569 1684 987

2003 1709 2056 1753 et
2083 1700 2189 1769 5/7
2207 1703 2449 1772 exigunt,
2488 1706 2753 1774 siquidem
2790 1709 3002 1779 siliqua:
3034 1714 3170 1767 1750
3212 1718 3572 1778 milliarenses

2005 1792 2074 1845 12
2095 1792 2201 1862 4/7
2220 1796 2503 1864 requirunt
2528 1815 2542 1850 :
2578 1808 2634 1852 ut
2654 1802 3024 1870 unusquisque
3055 1806 3283 1876 siliquas
3300 1810 3436 1867 duas
3465 1829 3571 1867 uno

2003 1887 2301 1954 quadrante
2323 1890 2507 1944 minus
2537 1890 2753 1958 habeat,
2772 1908 2867 1948 seu
2900 1897 3150 1966 siliquam
3185 1917 3346 1957 unam
3372 1914 3425 1958 et
3442 1908 3567 1977 5/1.

2003 1978 2182 2046 Atque
2205 1978 2307 2032 hoc
2338 1988 2517 2049 pacto,
2544 1982 2589 2036 si
2625 1985 2923 2039 constituta
2952 1989 3059 2044 illis
3086 1996 3422 2062 temporibus
3449 2001 3567 2052 auri

2004 2067 2073 2121 ad
2120 2078 2404 2138 argentum
2456 2076 2737 2143 proportio
2769 2080 3197 2151 quartadecupla
3245 2090 3566 2156 retineatur,

2003 2156 2162 2212 divisi
2191 2157 2292 2211 987
2333 2160 2692 2219 milliarcnses
2718 2182 2815 2235 per
2845 2170 2913 2223 14
2944 2170 3149 2227 dabunt
3177 2175 3231 2229 in
3262 2178 3429 2235 libras
3456 2182 3571 2236 sin-

2004 2250 2159 2319 gulas
2191 2250 2551 2310 milliarcnses
2586 2255 2699 2311 fere
2741 2258 2807 2314 70
2838 2262 2959 2331 1/2.
2991 2263 3093 2329 Qui
3117 2282 3181 2320 ex
3210 2266 3484 2327 drachmis
3503 2273 3571 2326 96

2006 2341 2223 2397 deducti
2256 2345 2469 2414 pondus
2522 2350 2820 2418 unicuique
2870 2355 3188 2412 milliarensi
3257 2362 3571 2432 relinquunt

2006 2429 2282 2487 drachma
2328 2435 2530 2500 unius,
2576 2445 2629 2491 et
2683 2440 3003 2509 siliquarum
3054 2459 3149 2499 sex
3186 2445 3317 2514 fere,
3345 2429 3448 2505 hoc
3491 2463 3575 2506 est

2014 2522 2339 2593 siliquarum
2375 2525 2465 2581 24.
2509 2527 2670 2597 Atqui
2706 2539 2834 2585 tunc
2868 2532 3211 2592 miliarenses
3238 2540 3384 2594 mille
3411 2545 3575 2611 paulo

2014 2612 2139 2682 plus
2168 2612 2286 2666 auri
2311 2613 2449 2669 libra
2467 2615 2775 2671 conﬁcient.
2796 2618 3062 2684 Quocirca
3077 2623 3365 2679 videndum
3386 2643 3454 2681 an
3481 2644 3577 2698 per

2010 2701 2141 2755 illud
2165 2710 2379 2772 tempus
2404 2705 2613 2759 solidus
2638 2709 2797 2774 paulo
2822 2710 2943 2776 plus
2961 2711 3031 2763 24
3054 2714 3266 2782 siliquis
3294 2718 3572 2785 penderet,

2012 2792 2113 2846 hoc
2135 2801 2217 2847 est
2246 2803 2504 2862 praterea
2552 2796 2731 2867 22/72
2774 2799 2890 2854 sive
2924 2801 2982 2853 11
2992 2802 3098 2868 /56
3152 2805 3311 2860 unius
3342 2808 3570 2876 siliqua}.

2010 2884 2118 2938 Aut
2149 2894 2295 2940 certe
2324 2901 2390 2940 ex
2430 2887 2549 2941 auri
2585 2888 2719 2944 libra
2752 2898 2946 2959 prater
2974 2892 3043 2945 72
3092 2895 3318 2962 solidos,
3353 2908 3573 2967 septua-

2014 2976 2254 3045 gesimus
2281 2978 2475 3033 tertius
2516 2978 2706 3041 levior,
2741 2996 2804 3033 ac
2833 2980 3157 3051 siliquarum
3195 2990 3573 3043 tantummodo

2011 3062 2084 3118 22
2127 3066 2563 3133 percutiebatur;
2602 3077 2659 3122 ut
2702 3084 2827 3123 cum
2873 3071 3295 3129 milliareusibus
3341 3077 3575 3135 millenis

2013 3157 2130 3210 auri
2163 3157 2299 3211 libra
2331 3158 2548 3228 penitus
2577 3159 2973 3230 adaquaretur.
3004 3162 3185 3234 Pergit
3215 3166 3573 3231 Glossarium,

2016 3255 2071 3302 et
2100 3248 2457 3304 milliarcnses
2491 3250 2629 3305 istos
2662 3251 2789 3310 125,
2825 3253 2869 3306 si
2904 3252 2971 3306 ad
3016 3269 3279 3309 novorum
3312 3272 3577 3313 canonem

2015 3340 2332 3410 exigantur,
2379 3356 2499 3396 esse
2547 3340 2677 3395 dicit
2726 3341 2862 3407 109,
2917 3357 2980 3396 ac
3028 3360 3280 3401 nummos
3324 3360 3579 3416 praeterea

2014 3447 2247 3497 novem;
2299 3432 2441 3487 unde
2484 3432 2615 3487 ﬁunt
2654 3434 2811 3488 solidi
2854 3434 2967 3489 sive
3004 3438 3313 3508 νομίσματα
3365 3457 3577 3506 novem,

2016 3538 2140 3578 cum
2174 3538 2284 3578 uno
2317 3524 2675 3590 tuilliarensi,
2711 3536 2763 3580 et
2792 3528 3031 3581 nummis
3082 3528 3190 3583 illis
3225 3530 3451 3599 reliquis
3480 3548 3582 3586 ne.

2015 3629 2157 3669 vem.
2190 3614 2321 3680 Qua
2355 3617 2517 3671 verba
2562 3618 2699 3671 satis
2743 3618 2985 3673 indicant
3018 3621 3251 3674 reditum
3290 3632 3475 3691 postea
3512 3626 3577 3677 ad

2018 3704 2379 3758 milliarcnses
2430 3705 2552 3760 illos
2586 3707 2902 3778 δικεράτους
2948 3708 3137 3764 fuisse.
3187 3710 3321 3763 Nam
3379 3716 3582 3767 ceratia

2017 3791 2123 3845 218
2155 3792 2200 3845 si
2231 3792 2285 3845 in
2327 3791 2428 3847 109
2466 3793 2724 3862 partiare,
2761 3795 2892 3849 dant
2927 3797 3218 3866 unicuique
3258 3800 3579 3856 milliarcnsi

2019 3881 2247 3951 siliquas
2291 3883 2411 3937 auri
2451 3883 2627 3939 duas:
2672 3884 2979 3954 cujusmodi
3025 3888 3350 3959 μιλιαρίςιον
3391 3893 3450 3945 τὸ
3490 3894 3585 3946 νῦν

2020 3972 2277 4045 κρατοῦν,
2316 3975 2513 4044 inquit,
2548 3977 2653 4031 hoc
2687 3985 2771 4032 est
2799 3978 2941 4047 ejus,
2975 3995 3085 4049 quo
3121 3983 3416 4048 scribebat.
3450 3995 3583 4040 tem-

2020 4063 2174 4131 poris
2217 4064 2538 4134 proprium,
2594 4066 2771 4135 majus
2818 4078 2936 4124 erat
2985 4070 3199 4139 priore,
3250 4074 3412 4141 paulo
3463 4077 3588 4145 plus

2023 4151 2254 4222 septima
2286 4163 2457 4223 parte.
2493 4154 2671 4219 Quare
2701 4157 2747 4210 si
2780 4156 2883 4212 109
2923 4159 3191 4227 ejusmodi
3233 4177 3424 4217 novem
3460 4165 3588 4218 soli-

2025 4242 2125 4297 dos
2154 4242 2434 4306 exhibent,
2464 4243 2535 4297 72
2581 4246 2741 4301 solidi
2785 4247 2900 4303 sive
2944 4249 3082 4304 libra
3125 4251 3282 4319 auri,
3324 4253 3430 4308 872
3470 4257 3591 4311 mil-

353 4346 560 4399 sarium
592 4344 811 4399 llenrici
841 4343 1101 4413 Stephani
1130 4344 1389 4415 νόμισμα,
1423 4346 1656 4408 solidus;
1682 4352 1756 4411 et,
1788 4346 1913 4400 sali-

2026 4334 2288 4389 liarenses
2315 4334 2527 4391 eﬂiciet.

353 4437 491 4501 dus,
532 4436 794 4507 νόμισμα.
844 4433 989 4489 Idem
1033 4443 1087 4490 et
1118 4436 1379 4506 χάραγμα
1427 4437 1770 4500 nominatur,
1801 4452 1922 4506 quae

356 4538 442 4587 est
466 4530 683 4599 proprie
712 4528 885 4586 forma
924 4537 979 4583 et
1006 4525 1228 4597 effigies,
1260 4541 1422 4597 quam
1453 4528 1616 4581 etiam
1644 4527 1738 4581 τοῦ
1776 4526 1926 4597 νομι-

360 4637 563 4691 σματος
590 4634 695 4674 vox
726 4618 1001 4688 exprimit,
1032 4625 1253 4673 auctore
1286 4617 1452 4673 Suida
1478 4633 1492 4681 ;
1517 4632 1657 4673 cxxv
1687 4618 1925 4687 argentei

361 4713 719 4768 milliarcnses
760 4710 964 4765 ceratia
1006 4708 1265 4780 colligunt
1298 4724 1528 4774 ccxvut,
1573 4716 1628 4765 et
1672 4722 1927 4763 nummos

364 4818 436 4866 ix,
469 4804 566 4873 qui
621 4807 751 4857 sunt
798 4798 1095 4855 secundum
1132 4799 1475 4863 hodiernum,
1518 4799 1713 4870 inquit,
1744 4813 1926 4865 usum,

365 4894 847 4957 milliarcnsescrx,
868 4901 921 4947 et
947 4892 1151 4946 nummi
1178 4892 1334 4945 solidi
1365 4908 1440 4955 ix,
1464 4907 1587 4946 cum
1616 4891 1930 4947 milliarcnsi

367 4999 471 5037 uno
509 4991 565 5040 et
605 4982 847 5037 nummis
893 4982 1083 5036 tribus.
1114 4980 1268 5047 Quod
1304 4996 1403 5050 ego
1438 4980 1517 5036 sic
1560 4981 1927 5048 interpretor:
1954 4986 1973 5019 ι

368 5076 726 5130 milliarcnses
767 5073 965 5141 singuli
1002 5073 1231 5143 pretium
1259 5074 1457 5128 habent
1498 5088 1675 5127 aurea
1721 5073 1934 5142 siliqua

369 5167 529 5221 unius
555 5173 609 5220 et
626 5162 1015 5236 quadrantium
1047 5162 1229 5216 trium.
1258 5160 1383 5216 Ideo
1407 5177 1547 5215 cxxv
1574 5160 1934 5215 milliarcnses

369 5258 596 5328 siliquas
632 5270 830 5309 aureas
859 5253 1040 5308 valent
1069 5267 1267 5307 ccxvm
1292 5268 1413 5307 cum
1446 5251 1622 5306 tribus
1662 5250 1936 5320 quadran-

368 5350 533 5405 tibus.
596 5346 712 5403 llos
770 5346 1104 5417 quadrantes
1160 5343 1398 5399 nummis
1456 5358 1648 5397 novem
1724 5342 1934 5398 deﬁnit.

368 5439 603 5494 Proinde
648 5439 846 5507 siliqua
881 5435 1167 5491 duodecim
1200 5448 1452 5489 nummos
1489 5434 1668 5497 habet,
1699 5448 1932 5503 quorum

370 5529 611 5585 dodrans
644 5531 761 5585 sive
785 5540 898 5585 tres
919 5528 1247 5599 quadrantes
1270 5535 1400 5583 sunt
1433 5541 1646 5581 novem.
1691 5524 1937 5595 Suntque

372 5622 602 5687 nummi,
634 5622 720 5679 vel
777 5621 1136 5693 ponderalcs,
1172 5620 1250 5675 uti
1300 5619 1434 5684 dixi,
1482 5618 1743 5685 minutiae,
1796 5634 1937 5692 quo-

2100 4426 2207 4481 llas
2267 4443 2614 4483 nummorum
2660 4430 2851 4498 tricas,
2913 4447 2977 4486 ac
3029 4433 3289 4493 minutias
3332 4454 3440 4494 non
3476 4441 3596 4495 sine

2028 4519 2211 4589 aliquo
2238 4521 2470 4575 fortasse
2494 4521 2755 4575 lectorum
2784 4523 2963 4587 tadio,
2993 4529 3369 4597 SCI‘lelllOsills
3400 4547 3597 4587 excus-

2028 4612 2222 4666 simus.
2261 4607 2458 4664 Verum
2496 4610 2628 4665 tanti
2659 4609 2764 4663 fuit
2789 4650 2803 4675 ,
2840 4612 3191 4669 milliarcnsis
3220 4630 3283 4668 ac
3329 4616 3493 4681 follis,
3526 4619 3595 4671 de

2030 4701 2231 4771 quibus
2265 4701 2375 4771 agit
2414 4700 2501 4754 hic
2553 4700 2912 4770 Epiphanius,
2956 4703 3085 4767 vim,
3141 4706 3430 4775 originem,
3465 4726 3594 4779 pro-

2031 4794 2423 4862 prietatemque
2455 4806 2785 4860 cognoscere
2817 4811 2829 4847 :
2863 4801 2976 4847 tum
3019 4795 3377 4853 inveteratum
3418 4802 3592 4873 illum,

2033 4892 2088 4938 et
2126 4899 2157 4936 a
2200 4881 2477 4953 Scaligero
2530 4883 2815 4952 probatum
2871 4901 3136 4950 errorem,
3181 4890 3248 4945 de
3277 4891 3597 4951 didrachmo

2035 4974 2351 5030 milliarcnsi
2392 4990 2454 5028 ac
2486 4976 2883 5031 tetradraclmio
2908 4977 3031 5033 folle
3060 4982 3404 5037 convincere.
3441 4985 3599 5050 Quod

2035 5068 2102 5123 de
2126 5066 2251 5122 folle
2285 5076 2407 5137 post
2440 5068 2597 5137 paulo
2623 5069 2925 5123 docebitur.
2945 5070 3021 5124 Ad
3057 5074 3439 5129 milliarcnsem
3470 5093 3598 5131 vero

2035 5160 2180 5229 quod
2231 5162 2445 5218 attinet,
2516 5175 2703 5213 eorum
2764 5177 2883 5229 quas
2934 5162 3196 5217 hactenus
3243 5172 3368 5217 sunt
3415 5166 3603 5237 dispu-

2038 5262 2149 5306 tata
2198 5268 2407 5306 summa
2450 5252 2519 5305 sit
2565 5271 2576 5304 :
2620 5252 3003 5307 milliarcnsem
3067 5262 3381 5323 argenteum
3435 5257 3603 5312 fuisse

2040 5359 2341 5401 nummum.
2372 5358 2479 5396 non
2513 5342 2911 5405 didraclmium,
2973 5345 3065 5399 sed
3114 5347 3394 5415 aliquanto
3425 5349 3604 5403 mino-

2039 5452 2174 5499 rem,
2201 5436 2292 5508 qui
2327 5436 2462 5489 alias
2490 5436 2701 5489 duabus
2733 5439 2851 5490 auri
2885 5436 3119 5504 siliquis,
3157 5439 3292 5493 alias
3325 5439 3483 5508 paulo
3506 5441 3608 5493 ml-

2041 5543 2174 5582 nore
2213 5526 2387 5598 pretio
2418 5535 2751 5596 permutatus
2776 5538 2876 5589 est,
2909 5528 3205 5599 itidemque
3238 5530 3405 5585 levior
3444 5532 3601 5599 alias,

2043 5618 2177 5673 alias
2208 5618 2424 5689 gravior
2450 5616 2677 5673 exstitit.
2717 5616 2793 5673 Ac
2820 5626 2933 5672 tum
2965 5632 3086 5673 cum
3127 5618 3294 5675 levior
3316 5616 3454 5689 .l'uit,
3486 5615 3611 5671 mil-
