4028 6220
493 195 582 248 ΞΤΞΗ

1610 187 1943 242 ΛΡΡΕΝΟΠ
1991 188 2049 240 bl

2174 189 2614 245 IRTATIONUM.
3585 191 3674 242 .‘Lfa'l

498 310 680 361 tesima
720 323 846 376 pars
903 307 1002 362 fuit
1057 325 1232 362 aui-ere
1272 309 1442 370 librae,
1493 305 1635 358 unde
1677 305 2002 376 μιλιαρίσιον
2045 323 2071 359 a
2110 319 2145 372 Α
2181 315 2346 371 retur,
2379 323 2441 362 ex
2468 315 2640 369 certo,
2668 313 2723 358 ut
2755 312 2998 375 apparet,
3036 319 3370 359 nummorum
3397 319 3564 373 genere
3584 311 3676 360 col-

496 403 717 466 tlrzeeis,
742 421 769 457 a
790 404 995 457 Latinis
1025 398 1368 454 miliiareusis
1405 396 1661 464 appellari
1690 399 1869 467 C(Dpil.
1894 397 2064 463 Quam

495 499 658 550 etiam
688 498 758 552 ob
784 510 1002 550 causam
1053 489 1248 542 λεπτὸν
1281 487 1544 560 ἀργύριον
1593 497 1842 542 vocatum
1873 499 1973 552 est,
2012 495 2070 541 ut

498 601 526 637 ιι
555 585 889 646 didracbmo,
933 580 1013 632 vel
1055 576 1322 646 gravioris
1356 577 1612 645 ponderis
1657 589 1912 646 argenteo
1958 577 2068 629 dis-

497 686 758 743 creparet.
798 673 1060 725 Castorum
1099 668 1365 736 ejusmodi
1404 668 1822 721 milliarensiutn
1858 667 2070 736 Species

499 763 747 817 militaris
779 761 944 812 fuisse
980 759 1212 819 videtur,
1252 757 1393 826 quod
1432 758 1746 811 donativum
1780 773 1842 810 ac
1875 758 2073 825 stipen-

499 858 646 908 dium
673 856 724 906 in
745 868 806 906 co
830 866 1025 921 genere
1053 852 1474 919 persolveretur,
1503 865 1714 902 necnon
1762 850 2071 917 sparsioncs

500 955 552 998 ct
583 944 918 1009 erogationes
965 942 1017 993 in
1045 941 1300 1009 populum
1337 940 1524 994 eodem
1549 940 1640 992 illo
1675 938 1886 1001 fierent,
1921 945 1978 990 ιιι
2005 953 2070 990 ex

499 1035 718 1088 Novella
749 1031 1064 1095 Justiniani,
1094 1047 1254 1100 quam
1298 1047 1462 1100 supra
1492 1032 1870 1100 produximus,
1907 1043 2072 1099 appa-

500 1136 598 1176 ret.
633 1122 768 1175 Hinc
802 1121 1187 1192 στρατιωτικὸν
1223 1120 1381 1189 δόμα,
1424 1121 1506 1172 vel
1537 1120 1706 1190 δῶρον
1742 1119 2072 1188 Ισὶῃίιιιιςιιιίιιδ

497 1215 906 1280 interpretatur,
948 1218 1000 1262 ct
1035 1210 1242 1262 (ilossm
1274 1224 1395 1261 cum
1429 1225 1494 1262 co
1531 1209 1639 1261 fere
1659 1223 1870 1261 omnes.
1910 1206 2072 1259 Glos-

493 1305 696 1356 sarium
730 1301 786 1354 P.
807 1300 1109 1353 Sirmondi:
1140 1299 1442 1351 Στιπὲνδιον
1478 1299 1511 1368 ἢ
1543 1297 1838 1367 τριϐοὗτον,
1870 1298 1930 1348 τὸ
1967 1297 2072 1348 ἀπὸ

490 1393 701 1447 λεπτῶν
748 1391 1024 1463 ἀργυρίων
1093 1390 1473 1458 συναγόμενον.
1541 1388 1667 1443 Item
1728 1406 1740 1442 :
1793 1387 2072 1440 Στιπένδια

492 1486 706 1552 λέγεται
741 1483 809 1535 τὰ
841 1482 1075 1550 Bap/532a
1101 1519 1113 1539 .
1155 1479 1242 1532 διὰ
1282 1480 1340 1531 τὸ
1375 1479 1482 1531 ἀπὸ
1515 1478 1724 1530 λεπτῶν
1749 1476 2073 1543 συνάγεσθαι.

494 1575 792 1646 ἀργυρίων.
824 1574 901 1625 Τὰ
936 1573 1073 1626 αὔτα
1094 1572 1146 1622 δὲ
1171 1571 1263 1622 καὶ
1285 1569 1541 1640 τριϐοὖτα
1574 1569 1810 1633 λέγεται,
1848 1567 1953 1622 ἀπὸ
1979 1566 2072 1619 τοῦ

497 1663 818 1716 ἐπικλᾶσθαι
878 1666 985 1726 τοῖς
1046 1661 1512 1722 καταϐάλλουσιν,
1570 1662 1602 1731 ἦ
1655 1660 2068 1733 ἐπιμερίζεσθαι
2105 1645 2141 1699 ⁸

496 1758 610 1817 τοῖς
639 1754 1013 1826 στρατιώταις.
1055 1753 1192 1823 Ergo
1212 1752 1543 1822 stipendium
1586 1767 1615 1803 a
1659 1754 1819 1821 stipe,
1859 1752 1960 1805 hoc
1983 1759 2069 1806 est

499 1846 782 1900 minutulis
845 1845 1102 1905 nununis,
1138 1860 1259 1914 qum
1298 1844 1470 1897 λεπτὰ
1514 1843 1750 1912 ἀργύρια
1779 1850 2066 1897 vocantur.

498 1935 738 1988 Tametsi
776 1935 1194 1989 milliarensium
1227 1934 1420 1988 modus
1436 1934 1570 1988 satis
1591 1948 1816 2003 magnus
1836 1932 2066 1988 videtur.

501 2027 608 2080 Sed
642 2027 996 2081 nihilominus
1029 2035 1083 2080 et
1138 2026 1278 2079 inter
1308 2025 1480 2078 λεπτά
1515 2034 1831 2080 numeratus
1862 2033 1965 2079 est.
1999 2023 2070 2079 De

498 2118 715 2179 λεπτοῖς
766 2117 1012 2187 sequenti
1061 2117 1260 2186 capite,
1312 2116 1402 2170 ubi
1448 2117 1515 2170 de
1563 2117 1687 2170 folle
1727 2115 2069 2177 disserimus,

501 2209 734 2278 amplius
766 2218 974 2278 agetur.
1013 2207 1136 2262 "me
1177 2224 1280 2263 nos
1319 2208 1518 2278 partim
1572 2208 1886 2277 conjectura
1927 2206 2068 2270 freti,

501 2301 698 2369 partim
731 2301 1035 2354 ce;tissima
1093 2299 1414 2354 Glossarum
1461 2307 1702 2354 veterum
1743 2301 2071 2355 auctoritate

499 2391 636 2452 nixi,
669 2390 737 2442 de
771 2389 1089 2444 milliarensi
1126 2389 1472 2457 protulimus.
1507 2389 1678 2442 Erunt
1713 2391 1804 2459 qui
1833 2390 2070 2444 certiora

503 2481 735 2533 fortasse
779 2478 1081 2532 conferent.
1119 2479 1326 2542 Quibus
1363 2494 1468 2530 non
1501 2481 1666 2532 modo
1705 2495 1812 2532 non
1857 2479 2068 2533 invide-

502 2571 701 2630 bimus,
735 2568 826 2621 sed
865 2568 995 2621 illud
1033 2568 1168 2620 citra
1197 2568 1502 2621 convicium
1532 2577 1584 2622 et
1617 2569 2067 2624 obtrectationem

503 2658 548 2711 si
589 2657 832 2720 fecerint,
855 2656 998 2727 quod
1021 2672 1161 2726 avgre
1192 2674 1222 2710 a
1245 2659 1518 2727 plerisque
1553 2659 1842 2728 impetrare
1866 2661 2069 2729 possis,

507 2747 867 2802 libentissime
901 2748 952 2800 id
991 2764 1090 2802 nos
1127 2760 1481 2816 accepturos;
1533 2750 1615 2803 sin
1651 2758 1929 2820 utcunque
1957 2767 2070 2807 me-

511 2840 642 2890 liora
677 2837 982 2897 docuerint,
1019 2852 1343 2892 assensurus
1365 2856 1488 2894 esse
1529 2842 1869 2910 pollicemur.

511 2927 792 2995 Epiplianii
829 2926 891 2981 de
946 2927 1072 2988 felle
1112 2929 1255 2982 locus
1304 2929 1616 2998 expenditur
1653 2948 1716 2984 ac
1747 2933 2068 2988 declaratur.

579 3017 764 3080 Follis,
817 3019 990 3088 inquit
1042 3019 1412 3089 Epiphanius,
1469 3023 1751 3077 ταλάντιον
1789 3026 2068 3093 καλεῖται;

507 3118 695 3175 estque
738 3107 958 3175 duplex,
991 3109 1244 3161 nimirum
1281 3109 1495 3165 duobus
1527 3126 1592 3165 ex
1644 3115 1914 3181 argenteis
1945 3131 2074 3170 con-

507 3199 687 3259 11.ιιιιιι,
708 3198 798 3267 qui
829 3205 955 3252 sunt
973 3213 1135 3252 curm
1165 3199 1394 3254 denarii.
1433 3201 1604 3256 Paulo
1624 3213 1748 3257 ante
1767 3205 1996 3270 dixerat,
2015 3209 2074 3260 τὸ

507 3290 928 3357 ἐ-ιργύσιον,οιιιιι
958 3306 1081 3345 esse
1115 3307 1420 3354 nummum,
1453 3294 1545 3361 qui
1581 3310 1609 3346 a
1657 3294 1934 3360 Romanis,
1973 3299 2074 3354 hoc

505 3391 587 3432 est
643 3380 1288 3449 Constantinopolitanis,
1357 3384 1710 3440 niilliarensis
1745 3388 2070 3454 appellatur.

506 3469 660 3523 Nunc
691 3487 752 3524 ex
785 3471 994 3526 duobus
1033 3473 1304 3540 argenteis
1341 3473 1461 3526 istis
1495 3483 1749 3529 constare
1781 3475 1960 3529 follem
1986 3491 2074 3530 as-

508 3573 739 3616 severat.
783 3561 895 3617 lloe
930 3563 1106 3630 ipsum
1143 3561 1426 3632 Epiphanii
1454 3567 1617 3620 verba
1651 3546 1759 3635 prae
1788 3583 1846 3621 se
1870 3567 2072 3634 ferunt,

508 3656 612 3707 nisi
646 3655 802 3707 aliter
831 3655 1145 3723 castiganda
1177 3655 1481 3708 videantur.
1519 3656 1675 3721 Quod
1716 3658 1864 3712 varie
1909 3673 1937 3710 a
1970 3661 2075 3726 ple-

507 3746 693 3812 risque
725 3751 1016 3797 tentatum.
1056 3743 1299 3813 Sealiger
1333 3744 1385 3797 in
1417 3754 1670 3813 postumo
1693 3746 1874 3800 libello
1908 3745 1984 3800 De
2022 3764 2074 3800 re

511 3831 830 3885 Nummaria
881 3849 930 3900 p.
972 3833 1061 3896 56,
1099 3833 1454 3902 Epiphanium
1486 3835 1564 3889 sic
1585 3835 1854 3898 emendat,
1891 3847 1946 3889 ut
1975 3852 2074 3906 pro

506 3925 806 3986 ταλάντιον,
838 3924 1117 3993 βαλάντιον
1136 3934 1358 3994 reponat
1384 3942 1398 3985 ;
1427 3933 1538 3978 turn
1574 3941 1670 3993 pro
1713 3933 1794 3997 ση¹
1823 3927 2071 3998 δηνάρια,

510 4015 610 4064 huc
647 4020 730 4066 est
759 4027 946 4076 cortu,
980 4021 1124 4083 σπη’,
1159 4029 1491 4067 uccxxxvm.
1532 4013 1736 4070 Follem
1769 4016 1948 4086 itaque
1974 4017 2074 4070 du-

510 4105 655 4169 plum
684 4118 804 4156 esse
842 4103 934 4154 τοῦ
969 4103 1333 4174 μιλιαρησίου,
1377 4118 1437 4156 ac
1468 4105 1926 4160 tetradraehmum
1960 4108 2075 4160 exi-

507 4193 709 4255 stimat,
726 4193 978 4259 quoniam
996 4194 1372 4258 milliarenses,
1387 4203 1443 4244 ut
1460 4194 1710 4250 vidimus.
1730 4195 2076 4250 didrachmos

2173 398 2331 461 lecta,
2362 406 2415 450 et
2447 397 2499 448 in
2530 412 2695 449 unum
2727 395 2937 448 inclusa
2974 394 3173 457 follem,
3200 409 3296 448 usu
3317 405 3483 463 postea
3512 393 3678 448 factum

2171 497 2274 550 est,
2305 498 2362 542 ιιι
2393 489 2546 544 folles
2581 489 2743 542 etiam
2776 488 3000 556 singulm
3028 485 3118 538 τοῦ
3153 486 3496 555 ἀθροίσματος
3513 493 3679 554 partes,

2173 594 2234 633 ac
2259 581 2465 633 nummi
2499 581 2598 648 ipsi
2627 588 2966 632 vocarentur.
2988 578 3221 646 Denique
3241 577 3376 644 quod
3405 579 3464 628 ad
3485 575 3680 648 Epipha-

2173 671 2246 723 nii
2275 686 2540 725 summam
2572 673 2844 740 octoginta
2867 669 3118 722 denarios
3133 668 3353 730 addidit,
3370 683 3570 721 causam
3591 669 3686 722 nul-

2172 761 2278 814 lam
2311 769 2402 814 aut
2437 761 2645 824 habuit,
2679 770 2770 813 aut.
2803 775 2964 828 quam
3002 759 3238 817 haberet,
3287 758 3527 812 OStendit.
3560 757 3688 810 Hotoo

2173 869 2406 907 manuus
2434 853 2526 904 lib.
2570 852 2644 905 De
2675 868 2727 904 re
2764 849 2980 903 Numm.
3001 849 3142 903 hunc
3165 850 3337 918 ipsum
3356 848 3692 918 Epiphaniilo-

2173 955 2294 994 eum
2331 957 2438 994 non
2476 956 2667 1009 capere
2703 956 2821 994 sese
2871 943 2988 993 sine
3041 939 3263 1008 ambage
3303 940 3582 1008 profitetur.
3609 940 3690 992 Alii

2173 1031 2300 1100 quid
2339 1032 2405 1085 de
2435 1033 2525 1084 illo
2565 1033 2802 1085 sentiant
2826 1031 3071 1085 dicturos
3098 1045 3156 1084 se
3183 1029 3466 1098 aliquando
3499 1032 3693 1100 promit-

2175 1130 2310 1176 tunt.
2355 1123 2464 1191 F-go
2495 1124 2625 1175 nihil
2675 1124 2727 1176 iu
2792 1122 3074 1191 Epiphanii
3120 1123 3297 1176 verbis
3342 1124 3691 1184 animadverto,

2175 1213 2315 1281 quod
2358 1220 2465 1264 tam
2502 1212 2643 1279 impe
2667 1212 2817 1263 'itum
2865 1221 2916 1263 et
2954 1211 3324 1264 inextricabile
3349 1210 3508 1264 videri
3535 1212 3694 1280 possit,

2175 1314 2226 1355 ut
2265 1301 2632 1355 vadimonium
2668 1311 2951 1371 propterea
2974 1302 3274 1354 deseratur.
3296 1300 3403 1355 Hoc
3437 1302 3565 1354 enim
3597 1301 3693 1354 sim-

2175 1394 2408 1462 pliciter,
2441 1407 2502 1446 ac
2535 1395 2672 1446 citra
2735 1394 2898 1446 ullam
2943 1391 3373 1446 emendationem
3411 1400 3460 1446 et
3498 1391 3696 1460 interpo-

2177 1486 2424 1538 lationem
2461 1484 2639 1554 colligi
2675 1500 2737 1538 ex
2784 1483 2888 1538 illis
2937 1492 3113 1552 potest
3150 1483 3389 1537 :Follem
3429 1490 3694 1551 argenteum

2175 1592 2295 1630 esse
2317 1591 2621 1638 nummum,
2658 1573 2800 1643 quod
2825 1574 3079 1627 talentum
3095 1590 3315 1644 parvum
3332 1573 3524 1627 dictum
3546 1571 3694 1631 fuerit,

2171 1683 2234 1722 ex
2275 1666 2550 1736 argenteis
2589 1665 2801 1719 duobus
2833 1664 3145 1727 conflatum,
3177 1665 3233 1718 in
3269 1677 3376 1733 quo
3403 1661 3590 1716 denarii
3619 1660 3698 1713 mi-

2171 1757 2342 1810 nutnli
2400 1762 2757 1809 numerantur
2794 1768 2981 1816 ccvm,
3029 1754 3132 1807 hoc
3179 1760 3261 1808 cst
3299 1754 3350 1806 ιιι
3400 1752 3608 1822 singulis
3626 1765 3696 1804 ar.

2171 1847 2376 1916 genteis
2415 1862 2522 1901 etv.
2550 1845 2659 1900 Cur
2691 1845 2949 1899 talentum
2979 1845 3250 1915 ejusmodi
3276 1859 3519 1899 nummus
3543 1842 3688 1912 appel-

2171 1937 2312 1992 latus
2334 1922 2516 2002 fuerit,
2557 1937 2640 1990 vel
2679 1937 2892 1990 nescire
2944 1953 3028 1991 me
3077 1936 3224 1999 dico,
3258 1937 3465 2006 quando
3512 1934 3560 1988 id
3599 1933 3699 2004 Epi-

2172 2029 2402 2099 phanius
2440 2030 2630 2093 tacuit,
2665 2027 2751 2081 vel
2799 2041 3021 2082 causam
3057 2029 3304 2098 aliquam
3335 2030 3701 2098 rcperio.qaam

2173 2133 2280 2174 non
2309 2119 2538 2188 probare
2575 2117 2750 2185 magis
2789 2117 3059 2187 quispiam
3108 2119 3305 2188 possit,
3353 2133 3506 2185 quam
3533 2116 3704 2168 ratione

2175 2217 2327 2261 certa
2378 2207 2644 2262 refellere.
2676 2207 2820 2262 Idem
2876 2215 2931 2260 et
2975 2207 3042 2262 de
3079 2207 3323 2264 denariis
3353 2208 3454 2262 illis
3482 2221 3702 2266 asseram,

2173 2312 2408 2366 quorum
2439 2297 2623 2352 varius
2682 2297 2824 2366 apud
2855 2297 3100 2352 diversas
3151 2299 3399 2353 nationes
3431 2312 3550 2352 usus
3590 2297 3706 2350 aesti-

2176 2389 2449 2456 matioque
2515 2388 2635 2441 fuit.
2691 2389 2828 2442 Cum
2868 2399 2974 2442 tam
3009 2387 3167 2443 facile
3200 2389 3416 2460 defungi
3458 2389 3551 2443 loci
3589 2387 3706 2440 illius

2174 2475 2622 2545 interpretatione
2652 2477 2830 2538 liceat,
2865 2485 3045 2531 tamen
3099 2493 3169 2531 ne
3218 2478 3414 2532 frustra
3445 2486 3517 2530 tot
3544 2475 3705 2530 eruditi

2175 2564 2422 2619 homines
2450 2569 2505 2620 in
2532 2582 2596 2620 eo
2624 2567 2903 2621 laborasse
2951 2576 3111 2637 atque.
3132 2568 3416 2624 haesitasse
3442 2568 3706 2623 videantur.

2176 2671 2277 2712 nos
2311 2657 2412 2726 ipsi
2434 2672 2652 2727 quoque
2683 2658 2916 2727 simplici
2965 2658 3057 2710 illa
3083 2659 3470 2721 declaratione,
3497 2667 3544 2712 et
3579 2656 3712 2710 obvia

2177 2749 2398 2802 minimc
2421 2749 2682 2813 contenti,
2725 2750 2859 2802 alias
2899 2750 3363 2819 exeogitavimus,
3399 2765 3526 2820 quas
3561 2747 3711 2816 singil-

2178 2838 2326 2892 latim
2357 2854 2678 2908 percensere
2694 2854 2904 2900 omnes,
2933 2849 3094 2910 atque
3121 2856 3422 2911 exponere,
3446 2841 3556 2911 plus
3577 2838 3710 2896 [{Bdlio

2177 2945 2338 2999 quam
2370 2930 2624 2984 utilitatis
2668 2930 2960 2984 lectoribus
2993 2932 3196 2985 afferet.
3251 2932 3413 2988 Unam
3445 2934 3593 3004 igitur
3618 2945 3713 3000 pro-

2175 3037 2370 3091 ponam
2405 3030 2494 3073 aut
2523 3022 2770 3082 alteram,
2798 3023 2841 3074 si
2885 3022 3016 3075 illud
3051 3023 3104 3074 in
3141 3024 3337 3092 primis
3371 3025 3707 3078 admonuero:

2174 3115 2227 3166 in
2258 3113 2630 3182 manuscripto
2647 3112 2768 3166 cod.
2789 3112 3036 3168 biblioth.
3065 3129 3175 3183 reg.
3200 3117 3366 3183 paulo
3395 3117 3537 3170 aliter
3565 3115 3711 3168 totum

2174 3203 2322 3256 illutn
2374 3203 2606 3272 concipi.
2643 3202 2719 3255 Ita
2746 3205 2888 3258 enim
2920 3206 3180 3274 scriptum
3211 3205 3620 3276 reperiztbo'nng
3635 3204 3711 3256 ὅσα

2176 3293 2405 3345 πάντιον
2437 3292 2704 3346 καλεῖται.
2738 3294 2967 3348 Διπλοῦν
3005 3295 3059 3347 δέ
3083 3297 3217 3358 ἐστι,
3260 3299 3362 3350 ὑπο
3390 3296 3476 3349 δύο
3497 3295 3710 3365 ἀργύριον

2176 3381 2548 3449 συγκείμενον,
2579 3381 2627 3432 οἳ
2651 3382 2888 3448 γίνονταί
2922 3397 3002 3433 σοι
3033 3388 3078 3433 κ’
3101 3383 3351 3454 δηνάρια.
3375 3382 3485 3437 Non
3515 3380 3606 3451 oq',
3633 3383 3712 3431 hoc

2173 3479 2255 3524 est
2287 3485 2470 3532 cortu,
2499 3472 2736 3534 denarii,
2761 3475 2852 3527 sed
2885 3488 2951 3526 xx
2991 3473 3102 3525 folli
3139 3473 3273 3526 huic
3303 3483 3622 3544 arrogantur.

2244 3563 2372 3628 Ουιὲ
2407 3564 2566 3617 lectio
2603 3565 2732 3617 mihi
2771 3580 2878 3617 non
2913 3573 3314 3618 contemnenda
3349 3569 3565 3621 videtur.
3591 3564 3713 3628 Qut?-

2173 3653 2318 3707 circa
2351 3654 2491 3708 follis
2531 3655 2672 3724 apud
2704 3655 3061 3724 Epiphanium
3107 3672 3372 3711 mumnus
3414 3665 3492 3712 est
3526 3674 3581 3710 ex
3605 3657 3712 3707 duo-

2175 3744 2276 3799 bus
2306 3747 2574 3814 argenteis
2608 3749 2942 3816 compositus
2977 3770 2987 3803 ε
3020 3764 3155 3817 quos
3203 3752 3555 3804 milliarenses
3587 3742 3716 3798 intel-

2177 3836 2413 3903 ligimus,
2444 3853 2673 3905 quorum
2707 3839 2904 3908 singuli
2936 3840 3186 3894 denarios
3221 3843 3406 3896 decem
3451 3838 3712 3894 continent.

2183 3924 2444 3980 Denarios
2475 3942 2602 3980 vero
2635 3943 2742 3980 non
2785 3937 2995 3983 veteres
3036 3931 3158 3985 illos
3202 3941 3258 3983 et
3310 3931 3599 3991 Romanos,
3638 3924 3715 3979 scd

2187 4018 2426 4073 minores
2456 4020 2665 4090 aliquos
2699 4036 2984 4087 nummos;
3027 4022 3117 4091 qui
3144 4032 3196 4076 et
3229 4023 3352 4078 ideo
3383 4022 3577 4076 denarii
3603 4033 3714 4072 nun—

2176 4109 2356 4177 cupati
2394 4111 2662 4171 videntur,
2693 4114 2835 4181 quod
2867 4113 3089 4167 totidem
3143 4113 3196 4166 in
3243 4121 3552 4185 argenteum
3586 4125 3716 4164 ιιιιιιιι

2176 4212 2322 4251 mum
2363 4211 2748 4270 competercnt.
2791 4204 2898 4258 Cur
2928 4215 3105 4256 autem
3147 4206 3336 4259 talenti
3375 4207 3520 4274 parvi
3550 4213 3715 4256 nomen

507 4283 790 4336 constituit
821 4300 832 4345 ;
860 4281 1057 4336 habere
1081 4297 1208 4335 vero
1226 4281 1504 4345 denarios,
1531 4283 1632 4335 hoc
1663 4295 1744 4336 est
1771 4285 2070 4340 minutulos
2105 4295 2148 4350 1)
2177 4290 2224 4342 ei
2279 4306 2500 4346 nmnmo
2544 4295 2614 4348 sit
2665 4295 2995 4362 impositum,
3031 4311 3209 4349 causae
3259 4299 3563 4366 complures
3598 4292 3711 4346 divi~

506 4386 761 4425 nummos
793 4385 1118 4423 ccuxxvtu.
1153 4370 1255 4424 Sed
1280 4372 1332 4423 in
1367 4387 1428 4423 ea
1466 4369 1723 4439 Scaligeri
1755 4375 2074 4442 conjectura

508 4463 740 4528 primum
801 4459 930 4513 illud
965 4467 1048 4514 est
1083 4475 1110 4511 a
1144 4461 1302 4514 nobis
1347 4463 1613 4530 superiori
1646 4465 1822 4531 capite
1853 4466 2077 4523 validis-

505 4556 642 4606 sime
661 4550 976 4615 refutatum,
992 4551 1133 4620 quod
1162 4551 1518 4606 milliarenses
1535 4553 1884 4610 didrachmas
1909 4557 2075 4613 fuisse

507 4643 782 4707 defendit;
825 4645 1088 4704 alterum,
1130 4643 1271 4713 quod
1314 4659 1410 4712 pro
1451 4643 1751 4711 ταλάντιον,
1795 4647 2074 4718 βαλάντιον

507 4737 656 4805 legit,
690 4750 879 4790 vereor
931 4742 987 4787 ut
1044 4734 1289 4788 obtinere
1329 4734 1544 4802 possit:
1577 4738 1776 4790 etenim
1824 4741 2073 4806 quamvis

511 4830 654 4882 follis
685 4829 824 4881 idem
858 4828 948 4887 sit,
980 4825 1122 4894 quod
1157 4826 1342 4880 Greece
1378 4825 1680 4895 βαλάντιον,
1716 4829 2071 4881 nihilominus

510 4935 537 4971 a
567 4918 769 4972 Gruzcis
797 4917 1080 4986 βαλαντίου
1109 4931 1208 4968 vox
1245 4932 1350 4969 non
1380 4915 1512 4980 folli,
1554 4927 1609 4971 ut
1651 4919 1942 4984 singularis
1987 4924 2070 4970 est

509 5023 788 5067 nummus,
829 5005 1146 5073 imponitur,
1207 5004 1300 5058 sed
1339 5013 1395 5057 ut
1439 5017 1522 5059 est
1554 5007 1795 5074 pecunia:
1832 5020 2066 5068 summa,

507 5105 562 5150 et
624 5107 966 5147 nummorum
1007 5091 1296 5160 ἄθροισμα,
1341 5093 1422 5145 vel
1477 5093 1733 5162 σταθμός,
1775 5100 1833 5145 ιιι
1864 5090 2069 5146 Glosste

506 5185 835 5256 significant.
882 5183 954 5237 De
997 5181 1121 5236 folle
1162 5191 1419 5250 argenteo
1450 5198 1670 5237 nummo
1701 5199 1875 5252 neque
1917 5199 2069 5236 men-

507 5279 710 5333 tionem
764 5275 866 5328 illae
899 5274 1142 5337 faciunt,
1202 5289 1377 5343 neque
1419 5274 1698 5345 βαλάντιον
1741 5273 2066 5343 appellatum

503 5387 624 5426 esse
649 5376 799 5439 puto,
849 5367 1062 5421 tametsi
1098 5373 1154 5419 ut
1200 5365 1250 5419 id
1287 5366 1533 5438 analogia
1561 5368 1792 5436 quadam
1841 5383 2068 5436 usurpa-

507 5470 618 5515 tttm
657 5461 837 5525 fuerit,
863 5474 968 5511 non
998 5457 1152 5513 valde
1179 5473 1494 5528 repugnent.
1525 5459 1660 5512 Cum
1684 5459 1826 5512 enim
1854 5460 2066 5528 prOprie

509 5550 649 5607 fellis
677 5559 826 5605 certa
869 5551 956 5604 illa
1011 5565 1355 5607 munmorum
1388 5549 1440 5602 ὁλ
1495 5550 1542 5619 ξι,
1575 5563 1638 5602 ac
1672 5565 1884 5604 sununa
1919 5551 2064 5605 dice-

2180 4382 2296 4434 nari
2331 4394 2574 4452 possunt.
2607 4383 2779 4437 Veluti
2810 4387 2952 4454 quod
2985 4388 3190 4440 denarii
3223 4389 3312 4440 isti
3346 4390 3399 4441 in
3431 4404 3518 4442 sex
3551 4387 3714 4439 iterum

2178 4471 2398 4529 ehalcos
2437 4475 2594 4530 divisi
2642 4476 2881 4530 fuerint:
2918 4479 2991 4530 ita
3034 4486 3092 4531 ut
3137 4478 3191 4532 in
3226 4480 3602 4532 milliarenseni
3630 4487 3715 4528 cxx

2177 4565 2562 4631 convenirent;
2616 4574 2748 4635 quot
2806 4567 2859 4620 in
2914 4569 3174 4621 talentum
3224 4567 3543 4638 Epiphanii.
3598 4562 3716 4633 quod

2175 4669 2312 4707 cxxv
2353 4657 2611 4709 librarum
2659 4667 2762 4721 cst,
2815 4660 3004 4712 Atticm
3054 4661 3211 4714 minae
3265 4669 3587 4731 congruunt.
3629 4656 3718 4709 Aut

2176 4743 2287 4794 haec
2318 4744 2498 4809 igitur,
2527 4755 2619 4798 aut
2652 4749 2754 4801 alia
2787 4751 3050 4818 qumpiam
3085 4751 3355 4817 ejusmodi
3392 4753 3529 4805 ratio
3563 4749 3716 4806 fuerit.

2173 4845 2272 4882 cur
2310 4832 2492 4886 talenti
2535 4852 2728 4892 nomen
2760 4841 2812 4893 in
2843 4849 3098 4909 argenteo
3143 4842 3267 4895 folle
3291 4843 3566 4896 resederit.
3601 4838 3719 4892 Sane

2172 4936 2293 4974 cum
2329 4921 2660 4994 Epiphanius
2695 4929 2871 4984 follem
2909 4933 3103 4985 asserit
3131 4932 3268 4986 duos
3299 4943 3578 5000 argenteos
3604 4942 3723 4984 com-

2173 5010 2356 5078 plecti,
2388 5015 2512 5068 licet
2547 5027 2832 5086 argenteos
2873 5036 2981 5074 non
3017 5023 3375 5078 milliarenses
3427 5024 3718 5088 intelligere.

2175 5101 2277 5154 hoc
2309 5111 2394 5156 est
2423 5105 2681 5172 minores,
2711 5123 2772 5162 ac
2805 5125 2912 5180 non
2948 5111 3211 5180 legitimos
3251 5114 3393 5175 illos,
3437 5113 3528 5167 sed
3561 5109 3722 5164 didra-

2169 5193 2380 5257 ehmos,
2411 5198 2500 5262 qui
2544 5198 2595 5251 in
2631 5215 2730 5254 usu
2766 5201 3125 5257 nihilominus
3159 5213 3361 5259 essent.
3397 5203 3559 5257 Plura
3597 5199 3721 5255 enim

2167 5282 2272 5335 τῶν
2302 5285 2556 5356 ἀργύρων
2597 5306 2793 5358 genera
2851 5291 3090 5357 fuerunt,
3135 5311 3362 5365 quorum
3424 5295 3517 5349 uni
3548 5291 3723 5346 millia-

2170 5375 2343 5429 rensis
2394 5379 2716 5434 vocabulum
2770 5383 3042 5450 inditum;
3107 5403 3211 5440 non
3270 5397 3450 5440 tamen
3506 5378 3721 5453 aigentci

2169 5479 2356 5517 onmcs
2413 5470 2774 5526 niilliarenses
2823 5475 3094 5542 appellati.
3141 5475 3266 5531 Ideo
3300 5477 3439 5530 follis
3481 5474 3723 5529 Ietradra-

2171 5554 2362 5608 ιε1ιιιςιιε
2391 5571 2510 5612 esse.
2537 5561 2730 5628 potuit,
2759 5576 2824 5616 ex
2859 5562 3074 5619 duobus
3103 5565 3432 5621 didraclunis
3473 5558 3720 5631 composi-
