4028 6220
338 308 446 366 593

1583 319 1670 374 DE
1709 320 1929 376 FOLLE
1969 321 2384 379 llllLlAllliNSl.
3505 333 3605 388 tm

336 431 452 488 tus,
480 423 629 494 quod
659 430 713 479 et
741 424 1015 498 Scaligcro
1044 427 1220 484 visqu
1254 438 1358 494 est,
1391 431 1485 486 sed
1519 431 1652 487 falsa
1695 434 1925 497 ratione,

2046 435 2285 505 ςτοτέλης
2312 436 2483 503 λέγει,
2526 436 2794 508 τέσσαρας
2839 437 2932 490 καὶ
2967 438 3135 491 εἴκοσι
3179 437 3484 510 νούμμους·
3547 443 3608 494 τὸ

336 517 600 584 quoniam
627 517 789 572 solidi
822 519 1055 588 pretium
1091 536 1215 574 xxiv
1253 521 1547 579 drachmas
1580 540 1702 580 esse
1749 524 1927 579 credi-

336 608 441 674 dit,
471 616 525 663 et
551 609 785 663 duarum
817 612 933 666 auri
961 611 1289 682 siliquarum
1307 612 1602 670 drachmas
1630 616 1788 675 duas.
1815 617 1928 670 sive

338 693 734 752 milliarensem
767 715 957 754 unum.
994 701 1156 771 Atqui
1190 703 1399 774 siliqua:
1451 704 1507 758 in
1554 706 1730 760 solido
1775 714 1929 759 erant

338 803 495 852 xxiv,
531 789 586 842 in
613 789 936 845 didrachmo
974 809 1161 848 xxxvr.
1208 793 1440 852 Proinde
1474 798 1591 850 auri
1638 799 1918 867 proportio

339 877 409 932 ad
449 887 734 949 argentum
769 881 928 937 fuerit
995 892 1053 938 ut
1090 885 1155 939 l8
1202 887 1269 940 ad
1329 888 1379 952 l,
1411 889 1555 958 quod
1607 889 1822 944 abunde
1875 890 1926 943 in

340 972 612 1039 superiori
640 973 816 1042 capite
858 975 1153 1030 refutatum
1183 985 1287 1033 est.
1322 977 1476 1046 QuOd
1522 981 1567 1035 si
1616 997 1682 1036 ex
1718 982 1930 1038 duobus

339 1060 613 1126 ejusmodi
662 1064 932 1132 argenteis
1001 1064 1338 1122 didrachmis
1399 1071 1685 1124 constabat
1745 1071 1922 1133 follis,

338 1150 534 1205 obolos
569 1152 819 1222 capiebat
855 1171 1004 1221 xx'tv,
1035 1165 1167 1225 quot
1214 1159 1420 1214 scilicet
1469 1161 1525 1214 in
1576 1161 1751 1215 solido
1805 1169 1932 1216 sunt

336 1240 576 1309 siliqua.
613 1240 793 1306 Quare
818 1258 941 1297 cum
978 1246 1186 1300 solidus
1218 1249 1406 1302 talenti
1443 1250 1662 1305 nomine
1691 1251 1761 1306 sit
1794 1251 1927 1306 alle-

338 1341 486 1396 ctus,
520 1333 600 1387 uti
623 1341 816 1404 postea
849 1335 1081 1402 dicetur,
1119 1340 1297 1408 potuit
1329 1348 1382 1394 et
1412 1341 1552 1396 idem
1579 1343 1692 1396 ΐοιΙί
1733 1360 1933 1400 nomen

341 1424 592 1490 attribui,
625 1425 884 1494 quoniam
917 1430 1138 1485 totidem
1186 1431 1242 1486 in
1280 1447 1346 1487 eo
1375 1443 1734 1489 censerentur
1765 1437 1933 1500 oboli,

337 1523 478 1586 quot
504 1517 562 1572 in
596 1519 774 1574 solido
805 1521 1035 1590 siliquae.
1069 1523 1251 1594 Atque
1295 1525 1438 1580 haud
1464 1529 1579 1582 scio
1612 1545 1680 1582 an
1717 1545 1822 1582 non
1858 1529 1937 1582 id—

338 1613 529 1680 ipsum
556 1619 738 1666 vetera
770 1613 859 1666 illa
895 1612 1131 1669 Matthzei
1164 1615 1404 1679 Scholia,
1440 1635 1561 1690 qua:
1599 1636 1665 1674 ex
1700 1620 1936 1676 Budensi

332 1701 538 1756 codice
573 1711 729 1758 antea
783 1697 1147 1768 laudavimus,
1188 1709 1518 1776 persuadere
1550 1711 1784 1779 possint,
1817 1727 1938 1779 qua:

2030 525 2086 577 δὲ
2120 525 2344 596 ὕστερον
2365 527 2704 581 δυοκαίδεκα.
2738 528 3021 584 Talentum
3053 545 3180 586 ecce
3206 546 3337 586 xxw
3364 548 3614 586 nummo—

2031 632 2150 669 rum
2186 618 2426 681 exstitit;
2457 620 2548 688 qui
2586 619 2782 688 singuli
2827 621 2972 674 velut
3022 621 3181 675 mina:
3217 622 3400 676 talenti
3438 623 3610 678 mino-

2033 709 2110 763 ris
2141 719 2343 764 essent.
2379 709 2580 764 Scribit
2619 713 2763 764 enim
2797 711 2992 768 Suidas
3028 714 3168 784 apud
3200 714 3418 768 eosdem
3455 715 3612 770 Sicu-

2034 800 2147 861 los,
2200 801 2259 852 τὸ
2301 802 2397 870 μὲν
2448 802 2670 872 ἀρχαῖον
2715 801 2882 856 fuisse
2927 805 3072 872 μνῶν
3113 804 3209 870 κδ’,
3262 807 3378 858 νυνὶ
3418 807 3473 859 δὲ
3523 804 3607 877 ιβ’.

2033 891 2352 960 Quanquam
2395 910 2490 961 pro
2531 893 2695 963 μνῶν,
2747 895 2990 965 Scaliger
3045 897 3303 968 νούμμων
3344 900 3607 954 rescribit.

2034 985 2102 1034 At
2165 983 2384 1038 totidem
2443 985 2588 1038 oboli
2642 986 2695 1038 in
2751 988 3154 1041 telradraclnno
3209 991 3446 1044 fuerunt.
3493 992 3612 1045 l‘ari

2034 1088 2162 1143 ergo
2212 1075 2335 1143 jure
2387 1075 2692 1138 ταλὰντιον,
2741 1078 2972 1145 alicujus
3023 1082 3225 1150 pepuli,
3274 1098 3335 1136 ac
3385 1083 3614 1138 fortasse

2036 1164 2356 1235 Cypriorum
2398 1167 2815 1232 consuetudine,
2847 1170 2988 1224 follis
3020 1172 3456 1229 tetradraclnnus
3484 1193 3620 1233 nm:—

2037 1258 2222 1324 cupari
2280 1257 2477 1325 potuit.
2538 1256 2821 1311 Postremo
2868 1262 3304 1331 quandoquilem
3349 1282 3411 1318 ex
3463 1266 3611 1322 Glos-

2037 1351 2182 1401 sario
2215 1347 2441 1403 Nomico
2474 1350 2604 1404 illud
2636 1351 2920 1416 habemus,
2959 1351 3137 1406 follem
3171 1370 3290 1408 esse
3323 1355 3484 1426 ὁλκὴν
3523 1359 3610 1428 ἀρ·

2037 1439 2238 1509 γυρίων
2265 1455 2424 1505 cxxv,
2459 1458 2579 1510 qum
2617 1443 2866 1513 κεράτια,
2921 1444 3034 1499 sive
3090 1445 3317 1515 siliquas
3363 1449 3479 1501 auri
3528 1468 3616 1502 va-

2039 1521 2149 1588 lent
2176 1549 2404 1596 ccxvm,
2430 1537 2777 1607 cogitandum
2813 1539 3006 1606 eta‘ptid
3040 1539 3324 1608 Epiphanii
3367 1540 3526 1593 \'t‘.il)1l
3557 1543 3620 1592 ad

2039 1644 2158 1682 eam
2216 1627 2536 1684 Glossarum
2600 1629 2985 1683 auctoritatem
3048 1631 3311 1700 exigenda
3368 1633 3506 1696 sint,
3567 1645 3618 1686 tn

2041 1721 2274 1789 primum
2316 1738 2413 1791 pro
2451 1722 2542 1774 δύο
2575 1722 2850 1792 ἀργυρίων
2883 1724 3124 1790 legamus
3178 1729 3306 1794 pxs'.
3351 1722 3486 1776 Tum
3531 1742 3622 1793 pro

327 1801 607 1849 staterem
643 1803 958 1865 argenteum
1010 1797 1478 1853 tetradraclimum
1534 1802 1801 1873 στατῆρος
1829 1818 1929 1856 no-

2046 1819 2120 1882 ςην
2155 1812 2404 1883 δηνάρια,
2432 1814 2536 1884 σιη’
2573 1814 2822 1884 κεράτια,
2860 1814 2961 1867 nisi
3007 1814 3143 1869 forte
3190 1818 3416 1889 κεράτια
3461 1820 3622 1872 etiam

326 1901 465 1941 men
498 1886 903 1950 ideo,sortitum
929 1904 1050 1944 esse
1073 1889 1443 1961 dicunt,quod
1474 1891 1722 1947 bifariam
1754 1893 1933 1949 divisa

323 1980 507 2034 uncia
560 1988 614 2034 et
675 1981 730 2035 in
789 1981 926 2036 duas
978 1983 1158 2038 lances
1207 1983 1504 2052 imposita,
1570 1985 1935 2054 mquilibrium

322 2071 548 2127 faciat:
577 2072 740 2126 Ὅθεν
777 2077 840 2144 τῇ
885 2075 1172 2146 leaf/{Bonis}.
1223 2074 1316 2128 τοῦ
1358 2075 1600 2141 κανόνος,
1652 2075 1793 2130 κατὰ
1837 2077 1934 2150 τὴν

318 2165 430 2217 τοῦ
484 2164 654 2232 ζυγοῦ
701 2165 919 2235 ἰσότητα
967 2167 1175 2237 στατὴρ
1223 2167 1520 2237 ἐπεκλήθη.
1561 2167 1694 2221 Nam
1754 2177 1808 2223 et
1868 2170 1935 2224 ad

318 2256 611 2309 ταλάντου
641 2272 830 2312 vocem
863 2274 924 2312 ac
964 2258 1237 2312 notionem
1275 2258 1418 2311 istud
1452 2259 1675 2323 alludit;
1729 2267 1782 2314 et
1833 2261 1934 2314 τά·

318 2349 557 2410 λαντον,
587 2348 812 2418 perinde
851 2363 914 2403 ac
956 2349 1217 2420 στατῆρα,
1247 2351 1505 2402 trutinam
1547 2366 1668 2404 esse
1705 2351 1934 2410 scimus,

318 2437 419 2492 οι)
479 2437 536 2491 id
587 2452 715 2508 ergo
767 2437 1048 2492 ταλάντων
1105 2438 1269 2502 follis,
1311 2440 1358 2493 si
1401 2439 1618 2510 quidem
1669 2441 1938 2495 tetradra-

321 2549 336 2578 ι
363 2529 546 2582 limus
568 2537 704 2591 erat,
730 2528 989 2598 appellari
1017 2531 1208 2598 potuit.
1237 2530 1434 2584 Suidas
1457 2545 1693 2600 quoque,
1719 2535 1936 2588 tametsi

323 2627 610 2690 corrupta
659 2619 805 2675 illius
851 2621 1016 2675 verba
1059 2629 1206 2683 sunt,
1259 2623 1520 2677 nonnulla
1573 2625 1762 2680 eodem
1815 2641 1934 2696 spe-

325 2711 558 2765 ctantia
586 2711 779 2765 scribit
810 2710 864 2764 in
897 2726 1033 2767 voce
1075 2711 1320 2776 Ὀϐολόςθ
1353 2715 1425 2766 Τὸ
1464 2715 1519 2768 δὲ
1560 2707 1823 2769 τάλαντον
1845 2717 1938 2770 τοῦ

325 2803 616 2876 ἀργυρίου
639 2805 745 2858 τῶν
770 2803 884 2868 νῦν,
911 2804 1171 2876 τέσσαρα,
1192 2805 1284 2857 καὶ
1313 2805 1647 2878 νομίσματος
1673 2813 1722 2877 η’
1746 2807 1837 2860 καὶ
1863 2814 1935 2872 ς’.

325 2896 454 2950 Sed
487 2895 698 2949 lubrica
731 2905 810 2950 est
848 2896 1170 2966 plerumque
1222 2895 1404 2951 Suidze
1443 2897 1619 2963 ﬁdes;
1664 2899 1809 2967 quod
1857 2899 1940 2952 in-

326 2987 566 3041 terdum
620 2988 786 3042 tacito
827 2988 1069 3052 nomine,
1111 2997 1396 3044 auctorum
1447 2991 1591 3044 nuda
1639 2991 1804 3045 verba
1847 2991 1937 3046 de-

329 3081 567 3137 scribit.
622 3079 766 3136 Sane
819 3081 959 3135 idem
1012 3081 1101 3136 ille
1147 3081 1492 3148 scholiastes,
1525 3089 1584 3136 ut
1640 3091 1798 3138 antea
1844 3081 1941 3138 do-

330 3173 592 3238 cuimus,
627 3181 884 3228 staterem
923 3179 1238 3243 argenteum
1283 3173 1556 3245 significat
1587 3181 1806 3229 centum
1846 3174 1941 3230 de-

333 3265 538 3321 narios
609 3265 902 3334 colligere;
968 3279 1202 3334 quorum
1285 3265 1481 3335 singuli
1540 3280 1606 3318 1.x
1661 3266 1944 3321 continent

337 3375 531 3421 asses,
560 3367 722 3428 prout
749 3358 921 3412 altera
953 3357 1116 3413 lectio
1149 3357 1409 3427 concipit.
1440 3356 1554 3411 lloc
1587 3358 1749 3411 modo
1771 3373 1864 3413 sex
1889 3357 1943 3412 in

337 3456 562 3504 statere
618 3455 748 3502 sunt
801 3448 1006 3502 assium
1052 3447 1242 3512 millia,
1273 3455 1406 3516 quot
1461 3447 1514 3501 in
1567 3447 1771 3501 talento
1820 3447 1947 3502 dra-

339 3540 548 3594 chma.
606 3537 824 3594 Scimus
873 3545 1054 3593 autem
1113 3538 1299 3592 talenti
1354 3553 1550 3592 nomen
1606 3554 1712 3594 non
1767 3538 1943 3592 solum

341 3631 571 3702 exiguis
610 3630 860 3695 summis,
894 3645 1084 3683 verum
1137 3630 1300 3684 etiam
1348 3629 1652 3684 minoribus
1706 3631 1947 3685 nummis

341 3740 417 3780 ex
453 3738 561 3778 usu
598 3720 963 3792 quorumdam
997 3721 1322 3791 populorum
1356 3720 1586 3775 inditum
1632 3719 1818 3775 fuisse.
1847 3719 1948 3777 Fe-

347 3828 472 3872 stus
516 3813 937 3884 Neapolitanum
987 3815 1250 3869 talentum
1305 3829 1399 3868 sex
1439 3813 1723 3868 denarium
1770 3814 1942 3868 facit:

349 3906 770 3977 Syracusanum
805 3906 965 3960 trium
1015 3902 1299 3959 denarium
1334 3920 1346 3957 :
1390 3902 1721 3974 Rheginum,
1759 3903 1948 3959 Victo-

350 3998 504 4053 riati.
566 3996 758 4053 Pollux
811 3997 907 4051 lib.
960 3994 1280 4066 tx,cap.6:
1319 3995 1392 4048 Τὺ
1439 3996 1621 4065 μέντοι
1669 3995 1946 4049 Σικελικὸν

352 4090 620 4144 τάλαντον
666 4089 947 4158 ἐλάχιστον
977 4087 1148 4158 ἴσχυε.
1181 4087 1253 4140 Τὸ
1284 4087 1381 4158 μὲν
1415 4087 1658 4157 ἀρχαῖον,
1691 4085 1765 4150 ὡς
1805 4087 1948 4156 Ἀρι-

427 4222 508 4291 (a)
552 4219 890 4291 Scripseram
929 4219 996 4274 de
1035 4218 1354 4274 milliarensi
1413 4234 1667 4283 nummo,
1704 4227 1757 4291 et
1788 4234 1949 4289 supe-

355 4290 508 4346 riora
542 4290 657 4360 jam
687 4291 799 4360 illa
839 4298 1241 4360 commentatus
1270 4304 1434 4360 cram
1472 4305 1538 4342 ex
1577 4290 1848 4345 veteribus
1888 4293 1943 4344 ι’.

361 4358 644 4416 Sirmo‘ndi
669 4359 903 4422 Glossis,
928 4374 1065 4428 quas
1123 4359 1212 4412 ille
1251 4358 1563 4413 dimidiatas
1612 4375 1674 4412 ae
1727 4360 1947 4414 mutilas

358 4430 549 4485 Romae
592 4430 981 4499 descripserat,
1006 4445 1128 4482 cum
1173 4444 1272 4483 nec
1321 4430 1543 4499 opinato
1575 4429 1706 4482 mihi
1737 4428 1945 4483 Glossa:

358 4501 644 4556 Basilicam
673 4497 872 4554 oblata:
897 4507 1045 4561 sunt,
1092 4515 1123 4553 a
1172 4499 1368 4553 Carolo
1412 4497 1643 4552 Labba-o
1667 4509 1790 4554 ante
1826 4499 1946 4568 plu-

359 4587 451 4628 res
481 4587 660 4625 annos
675 4571 867 4640 editae,
900 4584 1130 4640 quarum
1164 4570 1427 4640 hactenus
1454 4568 1665 4638 copiam
1709 4584 1814 4622 non
1850 4571 1946 4625 ha-

361 4643 610 4697 bueram.
645 4639 756 4696 llas
791 4656 915 4693 cum
966 4639 1120 4692 avide
1152 4639 1524 4709 perlegissem,
1560 4648 1768 4709 etcum
1797 4640 1944 4707 prio-

363 4713 518 4767 ribus
551 4711 658 4766 illis
687 4711 940 4764 conferre
966 4708 1275 4777 cmpisSem,
1306 4725 1428 4761 cum
1454 4709 1555 4761 alia
1593 4708 1850 4778 pleraque
1890 4709 1942 4762 in

363 4782 487 4837 istis
517 4781 742 4840 oll‘endi,
767 4795 890 4850 qua:
917 4780 970 4832 in
996 4780 1198 4834 nostris
1218 4779 1504 4832 exstabant
1528 4779 1860 4900 squanquam
1891 4780 1945 4832 in

363 4853 554 4900 multis
582 4853 814 4900 alterum
845 4851 1015 4900 altero
1045 4847 1376 4900 Glossarium
1406 4863 1529 4900 amo
1553 4850 1637 4900 ius
1666 4855 1802 4900 eratl
1831 4855 1945 4900 tum

363 4853 554 4906 multis
582 4847 814 4905 alterum
845 4851 1015 4903 altero
1045 4847 1376 4904 Glossarium
1406 4847 1637 4916 amplius
1666 4855 1802 4916 erat)
1831 4855 1945 4901 tum

363 4923 515 4978 illum
547 4923 750 4990 ipsum,
782 4935 942 4986 quem
961 4921 1244 4990 integrum
1282 4920 1532 4990 ascripsi,
1569 4918 1636 4972 de
1692 4916 1816 4990 folle
1866 4919 1947 4970 lo—

363 5008 486 5048 cum
514 5010 528 5045 :
562 4989 624 5044 ac
652 4989 1006 5060 praetereade
1035 4989 1348 5060 milliarensi
1381 4989 1607 5060 alterum
1633 5002 1764 5060 sane
1793 4989 1946 5041 lucu-

365 5063 596 5121 lentum,
631 5057 726 5130 qui
779 5061 832 5113 in
876 5059 1262 5130 Sirmondiano
1291 5057 1664 5130 desideratur.
1731 5057 1804 5112 De
1839 5074 1949 5130 quo

366 5127 687 5204 priusquam
719 5144 880 5204 agere
920 5130 1141 5198 incipio,
1178 5129 1244 5204 de
1283 5128 1426 5204 follis
1462 5127 1802 5204 glossemate
1850 5129 1948 5204 ad-

365 5197 676 5259 inonendus
706 5197 790 5255 cs't
829 5200 1015 5262 lector,
1035 5197 1288 5268 quaedam
1316 5198 1369 5251 in
1393 5197 1950 5268 Labbzeanis‘Glossis

369 5273 632 5327 mendose
659 5269 898 5337 concipi,
933 5266 1154 5337 qttzeex
1193 5269 1397 5337 nostris
1427 5266 1761 5320 emendanda
1801 5279 1945 5322 sunt.

366 5344 516 5397 Inter
553 5356 690 5410 quas
730 5336 1065 5410 praecipuum
1105 5336 1385 5410 est,_qnod
1433 5351 1709 5410 perperam
1755 5338 1806 5410 in
1843 5339 1950 5410 illis

365 5403 633 5481 δετερωὶιι
659 5403 766 5481 cst',
789 5403 913 5479 ἠτοί
937 5408 1071 5481 προς
1096 5403 1271 5481 τὸνῠν
1299 5403 1530 5481 κρατοῦν
1556 5405 1737 5481 μίλλια
1762 5406 1825 5461 0'.
1862 5405 1954 5461 Le-

368 5476 606 5552 gendum
649 5476 932 5552 enim'cst
973 5476 1276 5549 μιλιαρίσια
1329 5476 1765 5552 pO',_pqstul:mte
1826 5493 1953 5530 sen-

369 5543 543 5606 t'entia
570 5570 583 5604 :
619 5566 744 5603 nam
775 5543 1141 5602 milliarenses
1165 5546 1478 5612 posterioris
1511 5543 1696 5598 forma:
1719 5561 1829 5608 crx,
1863 5564 1953 5599 κε-

373 5624 536 5693 ράτια
575 5620 1127 5693 ccxvltrcontin‘cnt.
1181 5615 1309 5693 Item
1359 5614 1676 5693 paulo-ante
1717 5618 1953 5693 male_in

372 5684 567 5746 iisdem
598 5691 723 5759 legi,
757 5689 847 5743 ubi
884 5689 950 5743 de
997 5687 1123 5759 folle
1151 5684 1430 5759 ponderali
1463 5686 1674 5759 agitur,
1709 5685 1954 5759 singulos

370 5759 491 5831 eius
524 5754 780 5818 denarios
807 5759 1006 5834 habere
1038 5754 1225 5829 λίτραν
1246 5763 1314 5839 α’2
1343 5755 1434 5808 καὶ
1467 5754 1688 5824 οὑγγίας
1718 5754 1812 5824 ιγ’(
1846 5754 1952 5813 lle-

2037 1903 2266 1974 δηνάρια
2322 1906 2687 1960 nominentur.
2749 1905 2886 1959 Tam
2951 1906 3095 1959 enim
3159 1907 3298 1962 follis
3363 1909 3623 1963 talentum

2038 2005 2264 2066 parvu’m
2291 1995 2522 2059 dicetur,
2563 1997 2709 2066 quod
2738 2014 2876 2052 cxxv
2907 2006 3194 2067 argenteos
3229 2000 3467 2053 minutos
3495 2016 3626 2054 cou-

2039 2086 2195 2148 tinel,
2231 2093 2360 2154 quot
2394 2086 2543 2139 libra:
2595 2087 2784 2154 majori
2841 2102 2903 2141 ac
2953 2087 3228 2156 ponderali
3284 2089 3487 2141 talento
3524 2089 3622 2141 tr-i-

2039 2179 2296 2232 buuntur.
2329 2177 2433 2232 Sed
2461 2179 2512 2231 in
2549 2179 2614 2232 iis
2638 2180 2891 2233 omnibus
2924 2181 3092 2233 nihilo
3122 2181 3240 2249 plus
3273 2181 3428 2234 nobis
3459 2198 3621 2250 quam

2039 2283 2242 2321 meram
2279 2267 2649 2334 conjecturam
2695 2283 2758 2320 ac
2800 2266 3191 2319 divinationem
3235 2267 3622 2335 permittimus,

2041 2373 2107 2412 ne
2142 2359 2264 2427 quis
2306 2359 2420 2411 haec
2469 2373 2498 2410 a
2547 2359 2703 2410 nobis
2750 2359 2888 2411 bona
2926 2357 3027 2411 lide
3063 2373 3123 2410 ae
3172 2359 3313 2411 serio
3347 2374 3444 2426 pro
3483 2357 3625 2411 veris

2039 2458 2093 2504 et
2122 2451 2416 2518 compertis
2449 2449 2611 2502 allata
2647 2450 2982 2518 suspicetur.

2113 2538 2187 2592 Ex
2224 2539 2288 2592 iis
2318 2554 2445 2592 vero
2481 2538 2713 2592 maxime
2756 2538 2884 2591 illud
2922 2538 3239 2607 amplector,
3273 2538 3360 2591 hic
3393 2539 3573 2592 ltzereo
3608 2557 3622 2592 :

2042 2628 2242 2684 Follem
2276 2628 2558 2698 Epiphanii
2593 2637 2907 2697 argenteum
2933 2645 3054 2683 esse
3081 2645 3360 2682 nummum
3395 2629 3624 2683 duorum

2041 2729 2418 2790 argenteorum
2453 2719 2692 2783 λεπτῶν,
2722 2721 2811 2790 qui
2866 2727 2918 2773 et
2953 2720 3311 2775 milliarenses
3344 2737 3464 2775 esse
3499 2735 3626 2790 ρος-

2043 2819 2187 2875 sunt,
2215 2811 2575 2865 :estimatione
2614 2825 2678 2863 ac
2723 2810 2979 2878 pondere,
3015 2826 3246 2878 quorum
3290 2813 3487 2881 singuli
3531 2813 3624 2866 de-

2042 2917 2160 2956 cem
2189 2901 2442 2956 denarios
2471 2900 2671 2954 habent
2703 2918 2714 2953 :
2745 2900 2820 2954 ita
2851 2907 2909 2952 ut
2941 2899 3083 2954 follis
3125 2909 3170 2952 κ’
3210 2901 3436 2973 δηνάρια
3470 2901 3625 2954 coili-

2044 3001 2152 3058 gat,
2193 3007 2312 3061 qua:
2355 2999 2436 3046 est
2477 2991 2832 3060 manuscripti
2877 2990 3082 3045 codicis
3127 3008 3238 3062 reg.
3305 2993 3484 3046 lectio.
3518 2992 3626 3046 Aut

2047 3083 2092 3138 si
2134 3083 2383 3153 vulgatus
2432 3098 2692 3138 numerus
2739 3083 3057 3139 retinendus
3091 3085 3360 3147 videatur,
3400 3085 3626 3154 quilibet

2047 3177 2395 3231 milliarensis
2431 3191 2518 3230 etv
2545 3176 2797 3230 denarios
2843 3178 3079 3247 colliget,
3120 3177 3260 3232 follis
3298 3193 3483 3231 ccvm.
3519 3177 3624 3231 Sed

2045 3284 2160 3340 reg.
2219 3270 2424 3324 codicis
2478 3269 2780 3324 auctoritas
2828 3270 3186 3338 pracferenda.
3242 3269 3316 3322 lta
3366 3272 3484 3324 sine
3518 3270 3627 3323 ullo

2046 3359 2172 3413 luco
2210 3368 2262 3413 et
2290 3360 2631 3430 ambagibus,
2667 3376 2800 3415 suns
2826 3369 2908 3414 est
2938 3361 3352 3422 obscurissimo,
3389 3369 3444 3415 ut
3472 3361 3628 3429 vulgo

2046 3451 2297 3515 habetur,
2330 3451 2616 3522 Epiphanii
2650 3453 2770 3506 loco
2800 3453 3084 3508 restitutus
3115 3455 3277 3506 nitor.
3313 3453 3424 3507 lloc
3467 3454 3630 3522 igitur

2046 3544 2284 3600 contenti
2317 3544 2508 3606 simus,
2543 3544 2669 3598 dum
2711 3544 2856 3598 aliud
2899 3561 2998 3598 nos
3043 3545 3290 3607 doceant,
3325 3545 3415 3615 qui
3445 3545 3628 3598 omnia

2049 3650 2107 3690 se
2138 3637 2278 3691 scire
2315 3635 2502 3690 dicunt
2525 3643 2579 3690 et
2611 3637 2743 3688 mira
2775 3636 3100 3705 pollicentur
3129 3635 3230 3706 (a).

2172 3769 2249 3824 De
2276 3769 2403 3838 folle
2429 3787 2584 3832 (creo,
2624 3771 2839 3823 minutis
2867 3787 2929 3822 ac
2954 3769 3169 3838 reliquis
3195 3771 3504 3824 nummulis.

2119 3899 2322 3971 Duplex
2359 3901 2500 3972 apud
2531 3901 2892 3971 Epiphanium
2941 3901 3085 3956 follis
3125 3917 3293 3972 genus
3327 3910 3431 3968 est,
3467 3911 3526 3956 ut
3561 3919 3627 3958 ex

2048 3993 2166 4063 ejus
2198 3995 2378 4048 verbis
2411 4002 2670 4064 apparet;
2700 4011 2822 4048 nam
2864 4003 2956 4048 aut
2985 3993 3126 4047 κατὰ
3162 3994 3253 4046 τὸν
3286 3995 3630 4066 ἀργυριεμόν

2050 4070 2381 4154 usurpatur;
2410 4094 2501 4139 aut
2531 4085 2669 4138 κατὰ
2692 4087 2781 4138 τὸν
2809 4085 3161 4160 δηναρισμὸν,
3187 4085 3288 4140 hoc
3308 4094 3412 4151 est,
3441 4095 3499 4140 ut
3528 4104 3628 4158 ego

2050 4218 2303 4290 cteenim
2336 4219 2388 4273 in
2427 4217 2826 4274 Sirmondianis
2851 4220 3077 4289 οὐγγίας
3105 4227 3170 4290 γ’.

2123 4287 2291 4344 Venio
2316 4306 2478 4360 nunc
2504 4292 2568 4343 ad
2614 4287 2993 4345 milliarensem
3021 4311 3034 4344 :
3060 4287 3127 4344 de
3156 4306 3262 4360 quo
3281 4288 3464 4344 haecin
3490 4289 3632 4345 Lab-

2051 4359 2256 4446 bmanis
2283 4359 2484 4446 ‘r'cperi
2524 4379 2536 4414 :
2570 4361 2915 4446 ἓξιλιαρίσιον
2942 4362 3032 4446 ..τὸ
3085 4359 3348 4446 χιλιοστρν
3386 4363 3491 4446 ’τῆς
3537 4361 3630 4414 τοῦ

2051 4429 2242 4550 Ξρόνου
2283 4429 2486 4499 λίτραςο
2524 4429 2675 4500 μέλλε
2708 4429 2816 4500 γὰρ
2857 4433 2906 4483 οἱ
2942 4429 3199 4498 Ῥωμαῖοι
3240 4431 3309 4482 τὰ
3344 4429 3486 4500 χίλια
3535 4449 3633 4484 κα-

2082 4499 2220 4550 οὖσι.
2252 4501 2343 4550 καὶ
2365 4499 2506 4550 οὕτω
2533 4498 2989 4550 κατεκεοιιὰζτωσε
3021 4501 3080 4550 τὸ
3108 4501 3270 4550 ποτὸν
3290 4501 3387 4550 τίε
3414 4503 3598 4550 λίτοαε
3615 4519 3628 4532 ο

2082 4498 2220 4571 οὖσι,
2252 4501 2343 4571 καὶ
2365 4498 2506 4571 optio
2525 4498 2989 4571 ίκατεκερμᾶτωσε
3021 4501 3080 4571 τὸ
3108 4501 3270 4553 ποτὸν
3290 4498 3387 4568 τῆς
3414 4503 3628 4571 λίτρας·

2053 4569 2139 4622 ἵνα
2161 4570 2228 4621 δι’
2252 4568 2412 4622 αὑτοῦ
2437 4569 2675 4639 σώζηται
2702 4568 2934 4638 enim
2963 4570 3299 4639 μιλιαρῆςεα,
3323 4573 3463 4624 ὥστε
3494 4568 3632 4624 ἐντατὰ

2053 4639 2293 4708 νόμισμα
2332 4639 2620 4708 λαγχάνειν
2657 4641 2976 4708 μιλιαρήσια
3013 4640 3092 4691 ιδ’.
3139 4640 3460 4707 Magnopere
3502 4659 3633 4693 sane

2053 4709 2270 4776 gavisus
2297 4723 2438 4772 sum,
2473 4709 2616 4776 quod
2645 4710 2762 4760 sine
2800 4709 2909 4760 ullo
2937 4718 3177 4772 auctore,
3211 4716 3371 4774 atque
3410 4726 3471 4761 ex
3515 4712 3631 4763 sola

2054 4779 2365 4845 conjectura
2395 4780 2460 4832 de
2481 4778 2691 4847 origine
2719 4779 2965 4847 vocabuli
3015 4779 3172 4832 istius
3213 4778 3626 4841 allirmareram,

2057 4850 2105 4900 id
2157 4864 2239 4901 me
2278 4855 2463 4913 postea
2512 4846 2714 4901 in'illis
2765 4846 2974 4902 Glossis
3029 4847 3319 4903 invenisse,
3374 4849 3630 4902 nimirum

2055 4917 2176 4971 ideo
2203 4918 2546 4971 milliarenses
2575 4918 2871 4986 appellatos
2901 4934 3042 4981 esse,
3068 4919 3210 4988 quod
3238 4918 3436 4970 millcni
3467 4919 3520 4972 in
3544 4934 3634 4972 au-

2057 5003 2201 5042 ream
2238 4989 2430 5042 libram
2464 4990 2881 5058 imputarentur.
2918 4989 3324 5058 (lorrigendnm
3347 4988 3488 5039 enim
3524 4999 3629 5052 est,

2054 5067 2108 5113 et
2142 5074 2236 5126 pro
2264 5059 2455 5128 χρόνον
2477 5056 2666 5129 λίτρας
2693 5058 2760 5118 α’,
2797 5059 2896 5129 leg.
2941 5061 3185 5128 χρυςίου.
3213 5056 3430 5109 Addunt
3477 5058 3631 5111 insn-

2060 5145 2172 5198 per.
2203 5129 2609 5198 quatuordecim
2658 5130 3079 5182 milliarensibus
3131 5143 3352 5198 aureum
3383 5129 3629 5198 solidum

2056 5197 2336 5251 mstimari.
2368 5200 2483 5263 Qua
2516 5198 2744 5259 ratione,
2771 5206 2826 5250 ut
2857 5199 2909 5250 in
2946 5199 3136 5260 libram
3165 5197 3280 5249 auri
3316 5197 3495 5260 solidi,
3525 5201 3633 5253 duo

2057 5276 2109 5321 ct
2142 5269 2479 5336 septuaginta
2529 5268 2771 5335 percussi
2813 5267 2939 5325 sint,
2980 5283 3040 5319 ac
3073 5265 3268 5336 singuli
3304 5270 3634 5332 quatuorde-

2057 5338 2162 5390 cim
2208 5335 2395 5405 plenos
2426 5337 2782 5390 milliarenses
2813 5336 3118 5397 habuerint,
3164 5335 3322 5405 paulo
3357 5338 3474 5404 plus
3513 5341 3637 5392 mil-

2060 5407 2196 5461 lenis
2223 5411 2273 5459 in
2300 5407 2489 5459 libram
2514 5406 2794 5458 incurrent
2817 5425 2828 5459 :
2855 5416 3015 5460 erunt
3036 5407 3178 5460 enim
3207 5405 3376 5463 1008;
3409 5424 3533 5462 nam
3565 5409 3635 5463 7i

2060 5491 2155 5541 per
2187 5475 2984 5545 quatuordecim_multiplicata
3011 5475 3141 5529 dant
3179 5475 3337 5528 1008.
3373 5475 3466 5529 Sin
3513 5481 3635 5534 mil-

2059 5543 2459 5618 hmos'prmcise
2490 5543 2677 5618 solidis
2716 5543 3070 5618 72'imputes,
3115 5545 3336 5618 «ΙιινιςιὶςΔ
3359 5549 3503 5601 mille
3540 5565 3634 5618 per

2062 5616 2148 5688 72,
2195 5613 2796 5688 singulimilliarenscs
2849 5613 3170 5688 obtinebunt
3205 5617 3269 5688 1⁸5
3313 5613 3362 5688 ξ,
3404 5619 3502 5670 hoc.
3540 5613 3640 5673 'est

2063 5685 2174 5741 fere
2201 5687 2266 5740 M
2291 5684 2306 5753 ξ
2337 5685 2430 5741 sed
2456 5684 2523 5757 de
2550 5684 2976 5757 milliarensium
3019 5684 3378 5743 :estimatioue
3412 5703 3472 5740 ac
3500 5703 3636 5757 pou-

2063 5757 2191 5816 dere
2219 5759 2438 5830 copiose
2463 5756 2517 5810 in
2546 5755 2638 5810 illo
2663 5755 2780 5812 loco
2803 5756 3184 5815 disseruimus.
