4028 6220
502 336 607 391 595
1618 324 1958 394 APPENDtx
1996 338 2630 397 DlSSERTATlONUM.
3600 343 3685 405 596

497 450 848 519 interpretor,
890 451 977 506 vel
1006 466 1108 521 pro
1150 456 1403 520 argenteo
1443 463 1665 506 nummo
1707 453 1961 519 sumitur,
1992 453 2076 509 vel
2105 460 2152 518 Α
2182 469 2346 524 porro
2374 453 2584 509 decima
2616 449 2915 524 quondam,
2950 456 3136 521 postea
3174 448 3377 508 decima
3422 460 3558 508 sexta
3584 469 3688 524 pars

497 551 599 609 pro
632 555 791 595 aereo.
824 539 918 595 Est
951 541 1091 595 enim
1129 538 1379 609 δηνάριον
1422 541 1819 597 recentioribus
1867 542 2071 601 Gnccis
2185 546 2418 609 denarii,
2460 544 2577 599 sive
2629 543 2907 598 drachma:
2937 541 3141 597 fuerit:
3172 541 3247 596 ita
3294 541 3459 597 chalci
3500 552 3608 599 octo
3644 547 3689 602 iu

498 631 720 686 levioris
753 631 957 684 uunuui
996 630 1227 700 species,
1256 630 1323 685 de
1351 646 1455 700 qua
1500 641 1623 701 post
1668 635 1828 703 paulo
1871 634 2070 691 dicam.
2177 637 2340 691 obolo
2376 644 2526 700 sunt,
2576 636 2630 690 in
2664 635 2856 688 chalco
2887 632 3080 698 λεπτά,
3111 633 3222 689 sive
3265 634 3463 688 minuta
3497 642 3689 704 septem.

497 719 624 775 ldeo
647 719 973 790 δηναρισμὸς
1005 720 1173 774 sectio
1196 730 1278 776 est
1314 722 1520 775 nummi
1550 723 1783 792 alicujus
1818 724 1873 778 in
1903 740 2075 779 aereas
2176 728 2243 782 Et
2273 738 2455 783 tamen
2485 727 2627 797 apud
2668 726 2936 781 lsidorum
2967 726 3110 780 ultra
3140 725 3356 781 cbalcos
3396 740 3498 779 non
3532 740 3693 796 proce-

497 810 729 880 spccies,
770 811 1111 883 ἀργυρισμός
1152 812 1205 865 in
1249 824 1553 884 argenteas.
1596 813 1700 869 Sed
1744 813 2066 885 δηναρισμὸς

2175 819 2343 874 ditur.
2403 818 2692 884 Quadrans
2746 817 2957 872 denarii
3015 824 3207 887 quarta
3257 831 3399 885 pars,
3452 815 3694 870 unciarum

497 903 765 972 duplicem
791 904 935 974 capit
958 919 1198 959 sensum.
1223 902 1356 958 Nam
1398 914 1492 959 aut
1525 921 1701 961 atreus
1732 921 1991 961 nummus
2018 906 2074 960 in
2176 909 2343 964 trium
2368 909 2499 966 olim
2532 907 2762 965 exstitit.
2790 906 3064 978 Hesychia
3084 913 3276 976 quarta
3301 920 3423 974 pars
3450 913 3528 960 est
3554 904 3694 971 follis,

496 995 582 1049 sui
605 994 823 1064 generis
852 1011 1126 1061 nummos,
1168 997 1273 1051 hoc
1304 1003 1385 1051 est
1436 1012 1609 1052 aereos
1656 996 1939 1061 dividitur,
1979 1006 2074 1052 aut
2174 1012 2269 1060 aut
2300 1003 2465 1058 etiam
2533 1000 2748 1055 λεπτόν.
2782 999 3122 1071 Epiphanius
3158 998 3353 1055 siclum
3381 997 3696 1068 quadrantem

497 1094 786 1151 argenteus
813 1093 972 1156 atque
1005 1103 1202 1144 aureus
1232 1089 1288 1143 in
1315 1103 1507 1145 cereos.
1538 1087 1779 1145 Possunt
1810 1088 1956 1145 enim
1990 1089 2074 1143 bi-
2174 1096 2461 1162 nominat;
2501 1093 2745 1150 Isidorus
2786 1092 2965 1147 uncia:
2998 1098 3247 1161 quartam
3282 1097 3481 1159 partem
3521 1103 3698 1159 appen-

497 1174 690 1230 fariam
731 1178 806 1232 illi
841 1177 1115 1234 distribui.
1150 1178 1270 1234 lmo
1302 1195 1503 1237 aureus
1555 1179 1865 1236 trifariam:
1893 1180 2074 1235 nimi-

497 1285 617 1323 rum
650 1268 704 1323 in
736 1286 929 1327 aureas
952 1272 1192 1327 minores
1224 1274 1455 1342 species,
1483 1281 1769 1345 argenteas
1796 1282 1849 1330 et
1877 1289 2069 1332 aereas.

501 1356 568 1412 Ut
595 1359 640 1413 si
669 1359 792 1429 quis
825 1360 1059 1415 solidum
1110 1362 1166 1415 in
1206 1363 1509 1427 tremisses,
1543 1363 1629 1418 vel
1670 1364 1927 1421 denarios
1976 1379 2075 1419 au-

495 1465 641 1513 reos,
672 1459 765 1504 aut
798 1452 934 1506 alios
959 1452 1225 1522 ejusmodi
1256 1454 1485 1510 leviores
1517 1455 1708 1525 partiri
1749 1457 1898 1511 velit.
1928 1455 2068 1512 Tum

495 1542 550 1594 in
574 1542 931 1598 milliarcnses
956 1551 1049 1597 aut
1066 1543 1355 1600 drachmas
1374 1554 1659 1616 argenteas
1680 1562 1774 1613 ;ac
1797 1554 2073 1617 postremo

495 1632 553 1686 in
580 1648 708 1695 aera,
747 1633 829 1688 vel
857 1634 1097 1690 chalcos.
1130 1635 1199 1688 At
1240 1637 1343 1690 hoc
1373 1637 1495 1691 loco
1522 1652 1646 1691 cum
1679 1639 1747 1693 ab
1767 1637 2072 1709 Epiphanio
2173 1622 2355 1699 lorum
2384 1642 2527 1696 ratio
2565 1640 2636 1695 sit
2671 1640 2900 1701 incerta,
2938 1622 3102 1706 utque
3139 1634 3278 1689 nihil
3304 1650 3366 1689 ex
3404 1633 3527 1688 iisce
3552 1630 3698 1694 tricis,

492 1724 638 1779 follis
686 1725 825 1777 κατὰ
870 1726 1201 1797 δηναρισμόν
1247 1728 1328 1782 vel
1371 1728 1711 1800 ἀργυρισμόν
1754 1731 2014 1785 tribuitur
2052 1750 2065 1786 :

2175 1750 2239 1791 ac
2280 1733 2550 1796 minutiis,
2606 1729 2712 1785 nisi
2772 1738 2975 1784 temere
3038 1725 3380 1798 pronuntiari
3431 1724 3604 1796 possit.
3645 1719 3702 1777 Ut

492 1832 604 1871 non
634 1817 773 1873 idem
801 1827 885 1872 est
916 1795 1061 1874 follis
1099 1795 1291 1889 genus,
1315 1795 1423 1877 sedi
1444 1795 1727 1892 pri'or,vqui
1754 1826 1875 1877 κατ’
1904 1824 2075 1895 ἀργυ-
2105 1795 2147 1850 Β
2176 1841 2286 1882 non
2317 1795 2543 1880 interimi
2580 1821 2712 1876 illud
2761 1821 3032 1883 omittam,
3065 1818 3215 1889 quod
3260 1817 3326 1873 ad
3370 1832 3477 1872 rem
3514 1829 3703 1885 magno-

496 1907 693 1977 ρισμόν
722 1917 958 1975 secatur,
987 1921 1278 1981 argenteus
1312 1920 1396 1967 est
1429 1911 1571 1968 follis
1613 1913 1751 1969 duos
1788 1922 2075 1985 argenteos
2174 1933 2303 1991 pere
2324 1917 2474 1981 facit,
2492 1914 2727 1970 easdem
2767 1912 3012 1967 diversos
3043 1910 3185 1981 apud
3228 1909 3451 1981 populos
3490 1919 3704 1962 nummo-

494 2000 815 2066 continens;
868 2003 1138 2070 posterior
1188 2019 1362 2059 terens
1406 2014 1491 2061 est
1547 2021 1826 2070 nummus,
1876 2006 1973 2076 qui
2020 2009 2076 2061 in
2174 2023 2319 2075 rum,
2357 2019 2759 2066 mensurarum,
2788 2017 2850 2057 ac
2874 2001 3179 2072 ponderum
3214 1992 3589 2071 appellationes
3613 2008 3705 2049 non

496 2089 634 2146 (11105
684 2090 914 2156 λεπτούς
964 2092 1259 2161 dividitur;
1313 2110 1440 2150 nam
1490 2097 1537 2152 si
1591 2097 1737 2152 follis
1786 2106 2076 2168 argenteus
2174 2097 2394 2154 easdem
2425 2096 2701 2159 notiones,
2733 2106 2798 2146 ac
2840 2096 3139 2162 potestates
3170 2089 3450 2152 habuisse,
3485 2084 3571 2141 sed
3602 2080 3710 2136 alibi

493 2183 988 2256 κατάδηναρισμόν
1022 2186 1374 2249 divideretur.
1414 2189 1597 2259 plures
1625 2205 1787 2259 quam
1820 2190 1959 2245 duos
1983 2189 2075 2242 λε·
2174 2187 2367 2257 majori
2414 2184 2796 2246 aestimatione,
2866 2181 2993 2235 alibi
3026 2181 3239 2234 minore
3282 2178 3444 2233 fuisse
3475 2172 3708 2245 praeditas.

494 2274 664 2336 πτούς
695 2279 1019 2333 contineret.
1057 2277 1131 2333 De
1165 2279 1267 2334 hoc
1296 2281 1461 2350 igitur
1489 2282 1778 2351 posteriori
1809 2280 1955 2347 folle,
1981 2285 2076 2353 qui
2173 2280 2349 2349 Cujus
2387 2278 2465 2334 rei
2499 2277 2711 2332 infinita
2757 2282 2886 2331 sunt
2921 2274 3192 2342 exempla,
3220 2271 3288 2325 in
3318 2270 3506 2341 quibus
3546 2267 3713 2321 immo-

495 2376 548 2422 cl
576 2383 751 2422 terens
787 2378 889 2430 est,
927 2369 1030 2423 hoc
1071 2369 1125 2423 in
1171 2370 1351 2440 capite
1378 2372 1786 2438 disputandum.
1820 2372 1923 2437 Qui
1954 2374 2076 2442 qui-
2174 2372 2283 2427 rari
2330 2372 2567 2426 otiosum
2616 2375 2719 2433 est,
2775 2382 2839 2421 ac
2871 2366 3149 2436 putidum;
3185 2378 3323 2417 nam
3372 2360 3508 2432 quod
3547 2356 3606 2411 ad
3637 2355 3711 2407 λε-

496 2458 617 2511 dem
643 2458 793 2512 varie
820 2459 888 2511 ab
916 2459 1233 2513 auctoribus
1261 2461 1636 2515 circumscribi
1679 2462 1835 2516 solet.
1875 2461 2073 2518 Suidas
2174 2462 2365 2528 πτούς,
2396 2475 2628 2531 quorum
2656 2460 2745 2513 hic
2780 2457 2983 2513 mentio
3017 2464 3122 2520 est,
3158 2453 3451 2524 speciatim
3486 2448 3711 2521 pertinet,

495 2556 549 2602 ct
572 2547 959 2617 Moschopulus
985 2548 1197 2617 φόλλεις
1219 2550 1435 2613 ὀϐολούς
1456 2551 1900 2619 interpretantur.
1927 2550 2071 2606 Idem
2172 2553 2297 2624 quis
2335 2553 2402 2607 de
2430 2567 2495 2607 eo
2535 2566 2733 2621 genere
2759 2549 2892 2604 certi
2925 2544 3133 2618 aliquid
3163 2543 3477 2601 asseverct?
3507 2536 3709 2608 Epipha-

499 2638 737 2693 Suidas:
779 2639 1073 2710 Ἀσσάρια,
1108 2640 1301 2696 ὀϐολοί.
1359 2641 1512 2707 Quod
1556 2657 1623 2696 ex
1673 2642 1965 2698 Plutarcho
2016 2644 2066 2697 in

2171 2646 2301 2701 nius
2334 2644 2490 2699 folles
2520 2641 2661 2695 κατὰ
2685 2639 3038 2711 δηναρισμόν,
3067 2637 3209 2693 duos
3233 2651 3365 2692 esse
3392 2631 3601 2694 λεπτούς
3627 2629 3709 2683 ait.

496 2728 779 2783 Publicola
826 2739 1103 2801 sumptum
1156 2732 1388 2796 videtur.
1447 2732 1622 2788 Erunt
1680 2749 1810 2805 ergo
1862 2735 2066 2804 φάλλεις

2175 2738 2233 2793 Si
2272 2736 2434 2792 iidem
2476 2732 2665 2788 λεπτοί
2716 2732 2828 2788 sint
2872 2746 2937 2785 ac
2986 2728 3178 2795 λεπτά,
3227 2734 3437 2797 septem
3478 2730 3620 2778 erunt
3664 2720 3713 2773 in

497 2820 754 2892 ἀσσάρια.
782 2821 1096 2878 Eustathius
1132 2822 1185 2876 in
1220 2824 1311 2879 lib.
1349 2840 1363 2878 ι
1405 2824 1595 2888 Iliad.,
1637 2840 1759 2896 pag.
1794 2826 1916 2893 156,
1948 2842 2066 2881 cum

2174 2830 2383 2894 chalco,
2431 2828 2488 2883 in
2533 2826 2714 2891 obolo,
2747 2822 2841 2894 qui
2890 2822 3110 2877 chalcos
3157 2818 3329 2875 habet
3375 2826 3512 2879 octo,
3551 2809 3712 2865 λεπτοί

498 2914 688 2968 obolos
720 2913 947 2969 dixisset
988 2915 1042 2969 in
1090 2914 1406 2970 drachmam
1456 2916 1713 2983 imputari
1750 2932 1866 2982 sex,
1905 2918 2075 2987 subji-
2173 2936 2284 2986 Lvi,
2318 2920 2373 2975 in
2402 2916 2659 2975 drachma
2694 2927 2979 2970 cccxxxvt.
3010 2908 3175 2966 Fiunt
3207 2908 3268 2964 in
3313 2906 3554 2962 drachma
3580 2900 3713 2956 folles

498 3005 572 3059 cit
599 3023 613 3058 :
644 3006 703 3057 Οἱ
733 3004 788 3057 δὲ
810 3004 1061 3067 τοιοῦτοι,
1086 3005 1160 3068 ὡς
1187 3005 1353 3070 εἰκὸς,
1377 3006 1551 3060 ὀϐολοὶ
1581 3008 1756 3079 χρόνῳ
1787 3007 1880 3062 τοῦ
1905 3008 2066 3077 ὕψους

2176 3008 2460 3082 Epiphanii
2493 3021 2715 3070 cuvtu,
2752 3004 2807 3061 in
2844 3003 3004 3059 obolo
3044 3015 3236 3056 xxvu).
3268 2999 3373 3055 Sed
3400 2996 3561 3050 λεπτά
3590 2989 3715 3061 apud

500 3094 913 3164 ὑποσπώμενοι,
956 3098 1046 3149 καὶ
1093 3096 1233 3149 κατὰ
1279 3097 1471 3167 μικρὸν
1528 3099 2066 3166 ὑποκαταϐαίνοντες,

2175 3102 2422 3158 eumdem
2467 3098 2682 3154 diversa
2728 3103 2889 3161 sunt;
2922 3109 3049 3149 nam
3073 3091 3248 3146 λεπτὰ
3292 3091 3542 3190 ταλάντου
3569 3096 3710 3190 supra

499 3188 624 3249 τοὺς
656 3186 877 3257 ὕστερον
904 3188 1210 3250 ταπεινοὺς,
1238 3188 1331 3240 καὶ
1378 3188 1728 3258 πετηλώδεις,
1766 3190 1857 3245 καὶ
1894 3191 1970 3254 ὡς
2008 3190 2066 3244 ἄν

2176 3186 2515 3250 memoravit,
2543 3184 2649 3238 alia
2677 3185 2784 3238 τῶν
2806 3179 3102 3251 ἀσσαρίων.
3141 3176 3367 3233 Scholia
3390 3178 3440 3231 in
3463 3172 3634 3229 Matth.
3658 3184 3713 3224 ex

496 3297 580 3343 τις
614 3281 750 3350 ἐρεῖ,
782 3280 1067 3342 ἐπιπέδους
1108 3280 1368 3351 ἐποίησαν
1405 3281 1623 3346 ὀϐολοὺς
1668 3284 1796 3345 τοὺς
1851 3283 2066 3355 λεγομέ-

2173 3280 2411 3336 Budensi
2443 3277 2635 3333 codice
2661 3274 2893 3337 λεπτούς
2922 3272 2979 3327 in
3018 3270 3272 3335 denario,
3310 3285 3429 3341 quae
3456 3278 3533 3322 est
3569 3269 3713 3320 state-

498 3389 621 3435 vou;
656 3371 886 3440 φόλλεις.

2170 3374 2251 3429 ris
2300 3368 2689 3427 tetradrachmi
2742 3364 3043 3422 centesima
3090 3378 3240 3434 pars,
3301 3360 3565 3418 drachmae
3604 3369 3712 3414 xxv,

569 3462 646 3517 lla
673 3462 880 3518 Glossze
930 3480 1092 3533 supra
1123 3465 1301 3519 citata:
1323 3465 1708 3522 milliarensem
1740 3484 1908 3523 unum
1931 3506 1946 3532 ,
1976 3469 2069 3540 qui
2172 3464 2248 3519 ait
2286 3476 2407 3519 esse
2438 3462 2644 3517 decem.
2696 3458 2778 3513 Ad
2810 3458 2927 3512 haec
2974 3453 3140 3509 Marci
3177 3470 3279 3546 xu,
3318 3452 3419 3546 .42,
3449 3442 3715 3546 vidu.a.ill.1‘t

498 3554 727 3626 κεράτια
763 3555 871 3610 duo
918 3557 1079 3621 valet,
1128 3555 1348 3612 follibus
1396 3566 1648 3614 constare
1682 3575 1810 3614 xxiv
1848 3536 2068 3624 docent,
2172 3555 2385 3624 πτωχή,
2437 3551 2490 3605 id
2542 3557 2625 3607 est
2668 3548 2929 3611 mendica,
2965 3546 3021 3603 in
3063 3541 3514 3633 gazophylacium
3556 3536 3718 3633 injecit

500 3657 666 3702 unum
717 3663 847 3703 vero
878 3648 1150 3718 κεράτιον,
1185 3648 1405 3706 follibus
1438 3651 1616 3705 valere
1664 3666 1763 3706 xu.
1804 3650 1907 3707 Sed
1959 3668 2066 3707 non

2170 3643 2343 3698 λεπτὰ
2370 3641 2483 3705 δύο,
2516 3641 2545 3695 ὅ
2575 3640 2692 3692 ἐστι
2739 3636 3056 3709 κοδράντης.
3094 3633 3235 3706 Ergo
3271 3633 3418 3688 follis
3458 3629 3596 3727 idem.
3627 3629 3717 3727 erit

500 3740 731 3809 quilibet
783 3741 927 3795 oholi
976 3740 1129 3796 folles
1172 3741 1402 3796 habendi
1455 3749 1617 3809 sunt;
1665 3742 1759 3798 sed
1815 3743 2071 3799 minutis-
2171 3750 2296 3791 cum
2327 3734 2651 3804 quadrante.
2691 3728 2932 3783 Hilarius
2962 3729 3015 3780 in
3054 3724 3249 3796 psalm.
3275 3738 3501 3785 cxxviu,
3531 3719 3717 3809 minuta

498 3832 661 3898 simi;
708 3846 832 3886 nam
878 3832 1071 3888 oholus
1114 3833 1335 3903 proprie
1381 3833 1427 3889 si
1479 3842 1750 3901 sumatur,
1798 3835 2071 3891 drachma
2172 3829 2276 3884 ista
2334 3823 2511 3879 vidum
2567 3820 2823 3877 denarios
2875 3816 3016 3873 duos
3072 3816 3494 3908 ἰηιθτρτθίδίυξν
3551 3806 3721 3908 0399'“

497 3937 626 3993 pars
662 3930 745 3978 est
785 3934 958 3989 sexta,
1001 3902 1232 3994 siliquas
1262 3924 1470 3980 habens
1501 3934 1632 3981 tres.
1670 3925 1909 3983 Proinde
1941 3943 2067 3983 cum
2170 3930 2323 3981 V000,
2360 3930 2465 3985 qua
2492 3924 2546 3968 Cl
2580 3910 2787 3967 nummi
2822 3909 2899 3964 im
2930 3917 3412 4002 cellsef‘l‘f'vflufls
3445 3902 3716 4002 53mlsz

498 4028 664 4069 aurea
710 4014 925 4084 siliqua,
975 4015 1273 4071 secundum
1312 4016 1710 4089 duodecuplam
1762 4021 2066 4091 proportio-

2172 4024 2277 4063 nus
2319 4007 2460 4077 apud
2507 4004 2708 4059 Lucam
2753 4018 2875 4073 cap.
2922 4017 2956 4055 Χ
3007 3999 3314 4056 stabulario
3358 3998 3413 4052 in
3454 3998 3629 4065 aegroti
3664 4000 3719 4041 ac

496 4119 642 4169 nem,
673 4105 959 4161 duodecim
989 4106 1204 4176 siliquis
1244 4108 1514 4178 argenteis
1538 4086 1735 4175 valeat,
1762 4086 2066 4165 continebit

2172 4101 2346 4155 saucii
2398 4105 2648 4168 sumptus
2677 4095 2942 4166 erogavit,
2984 4109 3106 4165 qua}
3151 4092 3387 4164 δηνάρια
3433 4089 3524 4144 δύο
3565 4086 3719 4140 Lucas

496 4204 783 4266 argenteos
825 4196 1015 4250 obolos
1037 4204 1290 4264 quatuor.
1314 4176 1481 4254 iValet
1524 4207 1728 4263 autem,
1773 4208 1829 4253 ut
1860 4201 2069 4257 Glossze
2172 4188 2427 4260 πρβεηίηο
2481 4184 2587 4242 sed
2628 4200 2735 4239 "0“
2787 4184 2928 4239 idem
2973 4183 3181 4237 nummi
3233 4195 3411 4251 genus
3460 4176 3720 4243 υιτοὺῑαυο

498 4284 767 4349 scribunt,
801 4284 958 4339 folles
986 4300 1085 4339 xu.
1116 4285 1260 4355 Ergo
1284 4287 1476 4341 obolus
1510 4296 1797 4357 argenteus
1835 4298 1946 4346 tres
1972 4290 2066 4345 fol-

2170 4279 2379 4335 denarii
2428 4292 2561 4332 voce
2606 4273 2965 4345 signiﬁcatur.
3004 4270 3172 4325 Multo
3220 4271 3371 4325 enim
3423 4268 3598 4324 minus
3628 4267 3718 4320 est.

497 4375 577 4428 les
610 4373 950 4428 continebit:
984 4374 1229 4445 adeoque
1254 4375 1398 4431 follis
1433 4386 1688 4448 argentea
1712 4379 1817 4434 erit
1844 4381 2062 4451 siliqua.

2169 4372 2316 4442 quod
2348 4368 2598 4425 mendica
2628 4366 2830 4422 femina
2881 4364 2949 4420 de
2982 4378 3081 4418 sua
3112 4369 3441 4434 paupertate
3473 4359 3533 4411 in
3558 4365 3720 4452 arcam

499 4462 603 4518 Sed
651 4464 915 4519 leviorum
967 4481 1314 4520 nummorum
1360 4469 1753 4536 appellationes
1801 4450 2063 4529 confundi
2099 4463 2433 4529 ῡίῐηωίείιν
2488 4476 2651 4531 quam
2708 4457 2855 4529 ψιοά
2918 4455 3041 4528 Pius
3100 4455 3190 4509 me
3251 4450 3629 4536 Samaril9““§
3674 4450 3719 4494 in

2171 1189 2305 1244 dere
2344 1186 2560 1248 scribit,
2589 1185 2695 1240 hoc
2720 1190 2803 1239 est
2825 1182 3116 1237 drachmas
3142 1180 3300 1235 duas.
3338 1176 3633 1248 Hesychius,
3654 1183 3698 1233 et

2171 1293 2238 1335 ex
2304 1292 2371 1333 eo
2427 1275 2659 1339 Suidas,
2715 1272 3015 1343 κοδράντην
3075 1271 3154 1324 ait
3219 1284 3345 1325 esse
3399 1267 3457 1321 τὸ
3509 1269 3622 1331 πᾶν,
3668 1265 3698 1338 ἢ

2171 1369 2344 1425 λεπτὰ
2400 1368 2514 1423 δύο.
2565 1366 2712 1422 idem
2771 1364 3076 1436 Hesychius
3136 1362 3394 1432 ἀσσάριον
3447 1369 3499 1415 et
3537 1358 3698 1412 λεπτόν

2172 1477 2341 1519 unum
2375 1460 2630 1530 idemque
2677 1472 2800 1513 esse
2843 1455 3027 1519 docet,
3060 1463 3114 1509 et
3149 1453 3338 1508 talenti
3385 1467 3472 1507 sex
3508 1449 3697 1505 millesi-

2172 1569 2316 1609 mam
2348 1559 2579 1623 partem.
2606 1548 2770 1603 Vides
2802 1562 2964 1617 quam
2998 1547 3192 1623 horum
3224 1545 3461 1599 omnium
3482 1557 3699 1597 nummu.

495 4560 727 4613 invncem
778 4566 833 4611 et
864 4558 1117 4627 usurpari
1156 4559 1464 4630 promiscue
1510 4562 1721 4631 solent,
1758 4564 1925 4620 veluti
1972 4567 2069 4624 de-

498 4649 657 4714 narii,
690 4648 856 4713 oboli,
898 4648 1094 4714 chalci,
1136 4649 1343 4715 λεπτοε,
1389 4651 1503 4708 sive
1535 4653 1726 4721 λεπτά»,
1775 4657 1970 4711 minuti
2013 4668 2068 4714 et

497 4739 733 4804 minuta,
769 4737 1123 4808 quadrantes.
1170 4756 1305 4809 aera,
1334 4740 1510 4807 folles,
1558 4746 1708 4811 aerei,
1759 4745 2064 4811 follaerales,

495 4836 549 4883 et
590 4830 643 4882 id
676 4844 848 4900 genus
900 4828 1011 4893 alii,
1044 4829 1245 4898 quibus
1294 4846 1407 4885 non
1451 4848 1653 4905 magno
1691 4848 1825 4889 sane
1871 4834 2067 4888 discri-

496 4921 661 4983 mine,
694 4934 871 4991 neque
892 4927 1041 4974 certa
1072 4935 1136 4974 ac
1176 4925 1453 4979 constanti
1486 4927 1721 4994 ratione,
1765 4928 2064 4996 scriptores

494 5008 813 5066 abutuntur.
851 5006 1215 5074 Quamobrem
1268 5010 1404 5065 nihil
1454 5012 1767 5076 absurdius,
1815 5009 2067 5066 fallacius

494 5102 631 5155 nihil
684 5110 789 5165 est,
840 5113 1002 5170 quam
1049 5114 1116 5153 ex
1150 5106 1348 5167 vetere,
1407 5117 1472 5157 ac
1525 5101 1803 5171 prioribus
1864 5100 2065 5155 usitata

495 5192 710 5245 saeculis
774 5189 1179 5244 nummulorum
1230 5191 1297 5245 ad
1359 5193 1714 5258 drachmam,
1777 5192 2066 5249 unciamve

494 5283 862 5354 proportione,
920 5281 1272 5349 eorumdem,
1326 5284 1636 5356 cujusmodi
1701 5284 2064 5356 posteriorum

495 5389 598 5430 usu
666 5372 995 5439 scriptorum
1061 5370 1251 5439 fuerit,
1320 5375 1533 5444 pondus
1612 5383 1666 5430 et
1741 5375 2061 5431 aestimatio-

492 5481 615 5520 nem
679 5462 999 5532 concipere,
1059 5472 1118 5518 ut
1168 5465 1214 5519 si
1263 5470 1387 5536 quis
1420 5468 1660 5531 obolum,
1712 5469 1838 5539 quia
1912 5476 2065 5523 sexta

493 5568 619 5624 pars
643 5552 917 5608 drachmaz
947 5552 1067 5622 fuit,
1100 5554 1287 5610 eadem
1314 5555 1382 5611 ad
1407 5564 1716 5628 argenteam
1748 5557 2065 5613 drachmam

493 5644 706 5699 ratione
735 5652 997 5713 perpetuo
1046 5644 1412 5701 definiendum
1444 5648 1739 5713 existimet,
1776 5664 1901 5704 cum
1934 5645 2064 5702 Plu-

496 5734 713 5789 tarchus
742 5742 795 5786 ct
825 5732 1023 5789 Suidas
1057 5747 1237 5790 assem
1267 5735 1488 5791 obolum
1516 5752 1639 5794 esse
1668 5738 1889 5807 dicunt;
1922 5737 2063 5796 assis

569 5826 585 5856 ¹
613 5822 775 5878 Marc.
802 5838 899 5878 xu.
927 5822 1011 5876 42.

2170 4553 2361 4626 a'groti
2411 4549 2726 4604 alimoniam
2759 4562 2824 4602 ac
2852 4545 3194 4602 curationem
3223 4542 3484 4599 contulit.
3513 4535 3617 4594 Sed
3643 4546 3724 4626 nee

2169 4623 2276 4715 que
2317 4642 2473 4697 Bedae
2513 4653 2737 4711 possum
2789 4639 3062 4704 assentiri,
3114 4637 3208 4708 qui
3250 4636 3318 4690 ad
3372 4635 3525 4689 illum
3574 4623 3721 4715 Marci

2169 4714 2347 4790 locum
2400 4730 2576 4786 viduae
2624 4730 2836 4784 minuta
2889 4730 2998 4787 duo
3041 4729 3403 4802 quadrantem
3451 4739 3574 4783 esse
3618 4714 3723 4776 sicli

2167 4830 2343 4894 putat,
2382 4819 2487 4874 hoc
2531 4826 2617 4875 est
2654 4818 2845 4874 obolos
2893 4821 3179 4890 quinque;
3214 4818 3325 4873 imo
3369 4831 3498 4877 vero
3550 4809 3727 4868 obolos

2166 4930 2299 4981 sex;
2346 4927 2473 4969 nam
2527 4912 2699 4968 siclus
2730 4912 2924 4968 obolos
2971 4910 3178 4982 colligit
3210 4925 3362 4974 xxiv,
3399 4908 3516 4964 sive
3540 4898 3725 4958 drach»

2166 5020 2286 5062 mas
2310 5021 2384 5071 vr,
2426 5020 2660 5076 quarum
2685 5005 2911 5077 singulae
2937 5012 3067 5060 sunt
3094 5001 3367 5068 ὲξὼϐολοι.

2238 5095 2346 5152 Sed
2386 5104 2469 5152 est
2502 5094 2798 5152 absurdius
2842 5096 3036 5159 multo,
3069 5092 3214 5164 quod
3250 5108 3357 5147 non
3385 5085 3592 5146 nemini
3623 5082 3727 5155 pla.

2169 5188 2353 5243 cuisse
2401 5203 2577 5257 nuper
2619 5188 2814 5249 didici;
2862 5187 3037 5241 λεπτά
3076 5187 3169 5239 illa
3215 5185 3325 5241 duo
3361 5181 3559 5245 viduae,
3601 5186 3726 5245 quos

2168 5277 2410 5334 Hilarius
2435 5278 2691 5333 denarios
2716 5286 2895 5343 vocat,
2920 5292 3044 5333 esse
3075 5276 3333 5332 denarios
3356 5275 3480 5329 illos
3508 5278 3722 5327 veteres,

2168 5369 2343 5423 unciae
2374 5374 2580 5438 partem
2632 5375 2913 5435 octavam;
2943 5382 3176 5438 quorum
3220 5366 3329 5420 duo
3375 5362 3722 5434 quadrantem

2168 5460 2464 5517 semuncia:
2512 5457 2769 5513 reddunt.
2818 5456 2909 5513 Sic
2950 5460 3095 5514 enim
3150 5455 3512 5513 ratiocinatur
3552 5449 3723 5513 τρυε-

2167 5553 2358 5619 drans,
2397 5552 2488 5622 qui
2518 5551 2657 5607 duos
2693 5552 2933 5606 minutos
2967 5550 3169 5605 habere
3215 5548 3415 5603 dicitur
3463 5544 3519 5598 in
3559 5540 3725 5593 Evan-

2167 5645 2374 5717 gelio‘,
2431 5643 2687 5699 delinitur
2729 5642 2903 5697 uncize
2947 5656 3075 5713 pars
3106 5647 3338 5713 quarta,
3381 5634 3497 5690 duo
3540 5624 3722 5688 minuti

2167 5746 2297 5797 sunt
2328 5739 2383 5797 in
2413 5735 2733 5810 quadrante,
2766 5735 2847 5792 sic
2878 5735 3120 5791 minutus
3158 5742 3348 5792 octava
3378 5742 3513 5801 pars
3536 5720 3721 5784 uncis.
