4028 6220
423 338 529 396 597

1652 332 1739 389 DE
1775 332 1997 393 FOLLE
2032 337 2448 399 MILIARENSI.

3564 360 3669 417 598

422 455 484 501 ut
514 445 624 500 duo
668 442 888 509 minuti,
921 452 1136 514 quarta.
1182 442 1318 502 Octo
1351 446 1518 518 igitur
1569 450 1765 505 minuti
1799 452 1852 504 in
1901 469 1995 507 un-
2022 457 2073 514 Α.
2097 454 2218 509 dem
2284 455 2631 515 denariorum
2684 476 2747 517 ac
2801 462 3187 520 drachmarum
3240 467 3430 525 millia.
3486 468 3668 538 Quare

419 550 563 589 ctam
590 532 906 599 incurrunt,
935 542 997 588 ut
1025 543 1151 591 octo
1182 536 1491 603 drachmas;
1530 548 1583 594 et
1615 540 1696 595 sic
1724 544 1991 609 minutus,

418 632 476 679 ct
507 624 793 689 drachma,
830 626 915 679 vel
957 624 1215 681 denarius
1254 634 1381 681 sunt
1427 627 1744 699 ισοδύναμα.
1779 630 1903 686 Haec
1946 636 1993 689 si

422 730 549 771 vera
577 722 763 770 essent
786 755 801 780 ,
840 716 887 770 si
927 715 1145 780 λεπτόν,
1181 717 1489 785 cujusmodi
1530 719 1639 773 dtto
1671 722 1831 776 vidua
1864 739 1993 792 pro-

415 806 571 876 iecit,
606 806 751 860 idem
784 815 929 861 esset
956 821 1080 861 cum
1117 795 1373 877 argenteo
1400 809 1648 874 denario,
1686 813 1767 865 vel
1802 814 1994 867 drach-

420 913 530 962 ma,
577 913 688 953 non
741 899 1053 968 paenitenda
1105 914 1238 955 sane
1281 901 1497 970 largitio
1547 904 1637 956 illa
1674 903 1846 969 foret;
1894 922 1993 961 nec

416 1004 535 1045 eam
581 988 920 1044 muliercula:
969 990 1146 1045 solum
1199 992 1543 1053 mendicitas.
1594 995 1687 1049 sed
1734 1002 1788 1049 et
1829 1011 1988 1051 suum

414 1096 635 1150 quoque
679 1082 914 1150 pretium
957 1082 1405 1139 commendaret:
1440 1084 1694 1138 nimirum
1743 1088 1812 1151 si,
1845 1088 1989 1157 quod

412 1172 665 1245 proxime
700 1181 826 1229 ante
857 1174 1062 1228 dictum
1100 1186 1204 1239 est,
1250 1184 1458 1229 tantum
1509 1177 1761 1232 mendica
1797 1180 1989 1235 mulier

411 1272 717 1335 crogasset,
750 1273 1014 1334 quantum
1048 1265 1103 1320 in
1136 1268 1323 1337 :rgroti
1371 1270 1683 1324 alimoniam
1724 1286 1789 1327 ac
1824 1288 1987 1327 cura-

408 1357 617 1411 tionem
644 1372 675 1411 a
716 1357 955 1427 benigno
996 1358 1091 1412 illo
1139 1358 1490 1414 Samaritana
1529 1369 1614 1416 est
1654 1364 1982 1433 impensum.

407 1447 676 1513 Quocirca
705 1462 814 1502 non
846 1448 1013 1503 dubia
1047 1457 1131 1505 est
1163 1449 1466 1520 ἀλογιστία,
1498 1469 1620 1523 quze
1647 1470 1711 1509 ex
1743 1471 1809 1510 eo
1834 1466 1982 1522 nata,

406 1537 555 1605 quod
594 1538 845 1603 λεπτοὺς,
895 1539 981 1594 vel
1009 1538 1184 1595 λεπτά
1225 1541 1427 1613 ubique
1462 1559 1567 1614 pro
1603 1545 1837 1603 denariis
1870 1550 1984 1606 sive

402 1625 680 1680 drachmis
723 1630 977 1699 usurpari
1004 1628 1140 1685 falso
1189 1632 1381 1695 credit,
1423 1633 1650 1705 ejusque
1695 1639 1797 1693 sibi
1834 1655 1985 1695 com-

399 1716 599 1780 menti,
655 1718 801 1787 quod
859 1718 1205 1776 doctissimos
1264 1723 1427 1778 etiam
1496 1727 1778 1797 ignorasse
1826 1729 1977 1796 dicit;

399 1809 788 1864 auctoritatem
819 1810 1078 1867 vindicat.
1113 1812 1226 1869 Hoc
1255 1832 1385 1872 vero
1414 1826 1467 1873 et
1506 1818 1813 1889 ignoratum
1854 1838 1978 1878 esse

395 1897 674 1956 hactenus
706 1900 899 1967 fateor,
942 1913 1001 1959 et
1023 1905 1262 1977 ignorari
1310 1911 1481 1965 multo
1527 1913 1701 1983 magis
1734 1927 1980 1967 commu-

389 1990 553 2045 nium
583 1992 888 2049 litterarum
917 1996 1159 2063 interest,
1182 2014 1342 2069 quam
1365 2001 1420 2055 in
1449 2002 1621 2058 lucem
1651 2002 1849 2059 efferri.
1882 2003 1979 2057 Est

388 2085 547 2139 enim
597 2084 975 2143 falsissimum.
1032 2089 1166 2156 Quis
1220 2092 1330 2146 duo
1389 2094 1479 2147 illa
1537 2095 1712 2150 vidum
1766 2096 1978 2150 minuta

388 2177 564 2231 aliter
600 2177 853 2247 accipiat,
887 2195 1049 2249 quam
1089 2197 1186 2251 pro
1215 2183 1429 2239 duobus
1457 2188 1693 2254 mreolis,
1736 2190 1977 2245 minimi-

388 2284 509 2338 que
546 2270 709 2339 pretii
744 2273 1065 2338 nummulis,
1100 2273 1204 2329 hoc
1235 2283 1323 2331 est
1357 2278 1582 2343 cbalcis,
1616 2282 1804 2351 quales
1852 2292 1975 2339 octo

387 2359 449 2413 in
492 2360 659 2413 obolo
704 2366 1106 2419 numerantur?
1132 2365 1291 2423 Certe
1332 2369 1716 2426 tenuissimum
1761 2376 1972 2429 nummi

386 2466 575 2521 genus
601 2450 768 2508 fuisse
806 2455 949 2509 ratio
982 2456 1100 2526 ipsa
1136 2462 1445 2529 persuadet.
1480 2463 1717 2535 Cyrillus
1766 2468 1973 2523 minuta

386 2540 488 2594 illa
532 2541 727 2599 obolos
759 2546 1015 2615 appellat.
1062 2547 1277 2618 Ergone
1311 2552 1519 2608 denarii
1551 2560 1793 2626 argentei
1846 2568 1974 2614 sunt

388 2631 568 2697 oboli,
615 2636 757 2703 quod
806 2637 1049 2693 eamdem
1095 2642 1204 2697 τῶν
1243 2643 1452 2699 λεπτῶν
1500 2663 1687 2703 vocem
1733 2648 1972 2707 Hilarius

386 2723 655 2782 denarios
686 2728 1117 2799 interpretatur?
1141 2733 1312 2806 Nugae
1333 2752 1495 2793 mera:
1522 2748 1671 2794 sunt.
1708 2741 1971 2800 Denarios

389 2819 540 2872 enim
573 2818 811 2879 Hilarius
847 2838 947 2893 pro
977 2827 1191 2882 zereolis
1218 2831 1524 2899 usurpavit,
1564 2839 1622 2886 ut
1651 2839 1703 2888 et
1732 2833 1970 2906 Epipha-

391 2911 545 2974 nius,
598 2912 724 2966 dum
770 2915 912 2968 κατὰ
961 2916 1292 2990 δηναρισμόν
1333 2923 1560 2992 opponit
1592 2924 1663 2990 ei,
1705 2926 1852 2996 quod
1889 2937 1971 2983 est

391 3000 537 3054 κατὰ
579 3002 672 3055 τὸν
708 3004 1047 3075 ἀργυρισμόν
1078 3026 1091 3061 :
1123 3007 1284 3078 idque
1321 3013 1482 3066 etiam
1528 3013 1629 3068 sibi
1662 3014 1969 3074 idiotismus

394 3100 592 3145 noster
624 3094 837 3150 ascivit.
874 3094 1028 3162 Quod
1068 3114 1193 3152 vero
1232 3101 1587 3170 quadrantem
1624 3104 1733 3160 duo
1764 3107 1855 3161 illa
1878 3108 1967 3162 λε·
1996 3125 2045 3184 c

392 3183 506 3236 τ·πά
531 3182 749 3240 Marcus
775 3190 1041 3254 nominat,
1074 3205 1174 3245 cur
1200 3192 1377 3248 uncia:
1406 3195 1590 3264 potius
1606 3212 1766 3266 quam
1799 3198 1965 3267 oboli,

394 3269 506 3327 imo
540 3275 704 3329 etiam
743 3278 918 3333 chalci
951 3280 1308 3350 quadrantem
1346 3285 1715 3340 arbitremur?
1743 3287 1881 3343 Octo
1911 3290 1966 3345 in

394 3361 657 3419 drachma
685 3368 859 3424 chalci
894 3383 1053 3439 sunt;
1080 3376 1301 3430 totidem
1325 3392 1355 3430 a
1388 3379 1663 3435 nonnullis
1692 3380 1745 3434 in
1776 3381 1967 3435 chalco

398 3458 608 3514 minuta
631 3468 967 3523 statuuntur.
994 3464 1126 3520 Tam
1163 3468 1327 3539 igitur
1354 3468 1531 3523 chalci
1561 3468 1689 3535 duo,
1722 3469 1888 3535 oboli,
1916 3481 1968 3528 et

392 3548 564 3605 λεπτά
604 3552 733 3616 duo,
786 3556 958 3611 chalci
1001 3558 1358 3628 quadrantem
1391 3560 1614 3623 faciunt,
1652 3576 1815 3632 quam
1866 3579 1967 3617 un-

392 3644 508 3711 ciae,
542 3646 905 3715 quadrantem
933 3649 1139 3706 denarii
1174 3651 1303 3715 duo,
1337 3653 1419 3707 vel
1443 3652 1737 3709 drachuma.
1781 3653 1967 3727 Itaque

391 3735 613 3792 chalcos
648 3738 735 3792 aio
766 3740 904 3796 duos
937 3757 1079 3807 esse,
1129 3744 1231 3798 hoc
1266 3756 1351 3799 est
1396 3745 1539 3798 oboli
1580 3746 1959 3816 quadrantem,

388 3817 623 3885 λεπτούς
677 3822 800 3878 illos
847 3825 1039 3881 viduae.
1112 3825 1270 3893 Quod
1317 3838 1369 3882 et
1415 3827 1638 3886 Latinus
1696 3831 1967 3901 interpres

390 3912 632 3980 agnovit,
674 3914 765 3983 qui
804 3912 963 3971 Lucae
1002 3933 1115 3983 xxI,
1149 3919 1241 3975 ubi
1265 3920 1453 3975 eadem
1488 3920 1715 3976 historia
1764 3938 1956 3977 narra-

388 4007 495 4066 tur,
521 4003 698 4058 λεπτὰ
729 4008 906 4072 vertit,
941 4024 1049 4064 aera
1098 4011 1301 4064 minuta
1338 4012 1466 4076 duo,
1506 4027 1702 4083 nempe
1743 4013 1960 4082 χαλκια.

391 4085 546 4146 Unde
577 4099 634 4165 et
673 4094 1012 4165 χαλκολ6γοι,
1045 4110 1388 4154 azrusratores
1412 4116 1431 4154 :
1466 4116 1588 4155 nam
1626 4101 1824 4172 χαλκός
1866 4117 1964 4173 pro

388 4178 537 4230 omni
568 4183 982 4237 nummulorum
1008 4200 1204 4255 genere
1233 4188 1436 4256 passim
1469 4188 1757 4257 accipitur.

459 4311 568 4370 Sed
593 4316 761 4385 clare,
793 4319 1006 4390 inquit,
1039 4320 1141 4375 hoc
1183 4321 1519 4393 Epiphanius
1554 4323 1683 4380 dum
1716 4324 1789 4381 ita
1817 4326 1961 4383 scri-

387 4401 498 4459 bit:
533 4405 763 4472 Siclum,
792 4411 884 4479 qui
905 4418 961 4465 et
992 4412 1267 4481 quadrans
1298 4426 1524 4470 vocatur
1544 4457 1558 4480 ,
1594 4417 1769 4472 uncia:
1793 4432 1959 4488 quar-

386 4503 497 4550 tam
526 4513 651 4554 esse
682 4510 889 4569 panem
918 4543 933 4567 ,
969 4505 1192 4560 stateris
1227 4506 1544 4571 semissem,
1576 4522 1641 4563 ac
1668 4509 1960 4567 drachmas

384 4591 669 4646 continere
688 4592 847 4648 duas.
870 4593 1033 4659 Duas,
1066 4595 1261 4666 inquit,
1287 4598 1577 4655 drachmas
1606 4600 1744 4655 dixit
1768 4611 1963 4658 auctor

382 4680 511 4749 ille,
546 4700 673 4753 qua:
713 4686 804 4740 alii
834 4688 1062 4743 minuta.
1099 4689 1215 4745 Hoc
1243 4706 1374 4746 vero
1411 4709 1689 4763 nunquam
1725 4694 1962 4766 Epipha-

384 4773 508 4829 uius
538 4774 717 4840 dixit,
767 4776 1061 4834 drachmas
1096 4780 1234 4836 duas
1286 4782 1531 4851 ejusdem
1581 4800 1704 4842 esse
1742 4788 1958 4857 generis

381 4881 508 4921 cum
544 4867 765 4931 λεπτοῖς
801 4869 911 4923 illis
943 4871 1206 4926 mendica:
1258 4874 1627 4931 mulierculae:
1679 4879 1823 4947 quod
1876 4887 1961 4935 est

378 4959 614 5023 ἄτοπον,
648 4968 702 5012 et
737 4958 1060 5016 inauditum.
1098 4962 1318 5019 Scimus
1345 4976 1592 5033 quartam
1628 4972 1801 5024 uncia:
1829 4986 1959 5039 par-

380 5059 487 5105 tem
515 5051 811 5107 drachmas
837 5068 961 5108 esse
986 5053 1159 5110 duas:
1189 5070 1327 5125 quas
1355 5072 1454 5112 cur
1470 5058 1807 5129 Epiphanius
1833 5078 1958 5119 cum

377 5142 516 5198 siclo
562 5142 886 5207 confundat,
913 5158 1134 5200 causam
1176 5161 1277 5202 suo
1307 5149 1427 5203 loco
1458 5148 1816 5207 reddidimus.
1852 5153 1957 5209 Sed

382 5235 478 5291 bas
526 5236 670 5293 duas
710 5237 1001 5294 drachmas
1035 5240 1246 5294 minuta
1300 5256 1423 5297 esse
1460 5241 1570 5297 duo
1599 5282 1615 5308 ,
1648 5244 1958 5314 cujusmodi

380 5326 541 5381 vidua
594 5327 652 5381 in
697 5327 1146 5398 gazophylacium
1196 5328 1417 5392 intulit,
1453 5346 1631 5400 neque
1669 5332 1955 5401 probatum

382 5416 492 5473 illic
524 5429 627 5481 est,
656 5433 834 5488 neque
863 5420 1335 5489 argumentatione
1366 5422 1476 5476 ulla
1512 5430 1689 5493 potest
1726 5422 1884 5479 edici.

446 5554 519 5608 At
552 5569 679 5610 ecce
723 5562 918 5610 auctor
958 5562 1043 5611 est
1076 5554 1413 5627 Hesychius,
1444 5556 1638 5610 λεπτόν
1676 5573 1798 5614 esse
1832 5558 1955 5625 ἑξα-

382 5646 744 5715 κισχιλιοστδν
785 5646 1069 5701 ταλάντου.
1105 5644 1246 5717 Ergo
1275 5662 1367 5702 sex
1400 5647 1567 5702 millia
1596 5646 1705 5701 τῶν
1742 5647 1954 5704 λεπτῶν

385 5737 435 5793 in
466 5734 678 5790 talento
712 5736 1081 5792 continentur.
1117 5732 1255 5792 Sunt
1290 5745 1468 5795 autem
1504 5737 1555 5793 in
1587 5739 1792 5794 talento
1824 5740 1956 5795 tuti-

2097 544 2238 600 idem
2264 550 2635 605 estminutum
2672 567 2794 607 cum
2832 554 3111 609 drachma.
3140 558 3253 613 lloc
3276 569 3354 616 est
3390 564 3666 632 probatio-

2096 637 2186 691 nis
2237 647 2434 708 eaput;
2473 648 2636 711 atque
2673 643 2847 713 ipsum
2885 654 3063 702 tamen
3121 649 3475 709 levissimum.
3528 653 3662 710 Nam

2098 728 2359 783 talentum
2391 732 2531 800 apud
2559 733 2881 801 llesyebium
2919 753 3023 793 non
3069 738 3339 808 ingentem
3389 745 3535 797 illam
3570 762 3665 816 pe-

2092 820 2267 872 cunize
2300 837 2609 887 summam,
2645 842 2764 895 quae
2804 842 2895 881 sex
2932 830 3277 885 denariorum
3312 835 3477 888 millia
3520 852 3665 891 com-

2092 908 2384 976 plectitur,
2445 914 2539 968 sed
2600 918 2831 969 solidum
2887 932 3110 972 aureum
3164 922 3460 991 significat;
3496 935 3554 979 ut
3608 930 3661 983 in

2090 997 2230 1054 libro
2260 1000 2336 1055 De
2377 1020 2431 1056 rc
2479 1003 2798 1060 Nummaria
2836 1006 3078 1078 Scaliger
3107 1012 3507 1071 animadvertit.
3558 1016 3663 1072 Sed

2091 1087 2342 1161 Hesycbii
2398 1096 2561 1148 verba
2614 1099 2924 1151 necessario
2980 1100 3085 1152 huc
3138 1104 3455 1158 ascribenda
3501 1116 3658 1164 sunt:

2089 1180 2404 1252 Κοδράντης
2426 1224 2439 1245 ,
2471 1185 2647 1255 inquit
2673 1228 2686 1250 ,
2718 1187 2778 1240 τὸ
2805 1190 2912 1241 πᾶν
2939 1230 2953 1253 ,
2990 1190 3020 1261 ἢ
3058 1191 3116 1243 τὸ
3144 1192 3399 1264 τέταρτον
3437 1196 3538 1266 τῆς
3565 1199 3687 1267 φά).-

2088 1270 2255 1337 λεως,
2288 1274 2319 1345 ἢ
2368 1275 2583 1329 λεπτόν.
2621 1279 2694 1331 Τὸ
2734 1279 2791 1331 δὲ
2835 1280 3029 1334 λεπτὸν
3073 1282 3528 1355 tamquam»;
3567 1308 3661 1343 τα-

2086 1361 2276 1416 λάντου
2302 1381 2314 1394 ·
2347 1367 2374 1417 ὃ
2409 1369 2524 1420 ἐστι
2572 1369 2808 1441 νόμισμα
2851 1372 2946 1438 ἓν,
3000 1373 3029 1444 ἦ
3069 1374 3253 1429 κόκκοι
3292 1383 3459 1449 τρεῖς.
3499 1381 3570 1433 Τὸ
3602 1383 3659 1435 δὲ

2082 1452 2339 1509 τάλαντον
2370 1457 2547 1529 λίτραι
2582 1462 2774 1515 ἑκατὸν
2812 1463 2983 1517 εἴκοσι
3032 1466 3215 1521 πέντε.
3256 1469 3315 1521 '0
3352 1470 3407 1523 δὲ
3437 1474 3662 1543 κοδράν-

2082 1561 2184 1613 της
2234 1548 2541 1618 νομίσματα
2601 1552 2747 1622 τρία.
2789 1554 2845 1607 Ὀ
2894 1555 2948 1609 δὲ
2988 1556 3214 1628 ἔσχατος
3261 1561 3559 1632 κοδράντης
3603 1565 3662 1617 τὸ

2083 1634 2339 1706 τέταρτον
2367 1639 2464 1709 τῆς
2493 1640 2749 1708 φόλλεως.
2777 1642 2895 1697 Mox
2920 1663 2931 1699 :
2975 1646 3315 1719 Κοδρὰντης,
3350 1652 3410 1704 τὸ
3445 1655 3551 1707 πᾶν
3575 1696 3589 1719 ,
3624 1656 3657 1726 ἢ

2082 1723 2254 1778 λεπτὰ
2283 1726 2408 1793 δύο,
2436 1728 2497 1781 τὸ
2528 1730 2583 1782 δὲ
2618 1731 2812 1786 λεπτὸν
2848 1734 3323 1806 ὲξακισχιλιοστῶεθ
3361 1744 3655 1800 ταλάντων.

2013 1788 2257 1880 BQuam
2318 1817 2431 1872 haec
2486 1822 2775 1890 perplexa,
2824 1840 3096 1897 quamque
3146 1831 3211 1883 ad
3273 1835 3656 1891 auctoritatem

2083 1903 2208 1958 novi
2271 1911 2563 1963 commenti
2626 1912 2737 1967 sint
2806 1914 3025 1980 inania,
3093 1936 3252 1976 nemo
3319 1939 3425 1978 non
3490 1927 3653 1984 videt.

2080 1993 2449 2059 Quadrantem
2481 1998 2625 2055 follis
2652 2017 2775 2057 esse
2800 2014 3050 2073 quantam
3083 2019 3288 2077 partem
3311 2016 3529 2081 asserit,
3560 2026 3663 2071 aut.

2080 2085 2369 2141 minutum.
2405 2088 2601 2146 Postea
2627 2094 2980 2162 quadrantem
3015 2099 3124 2152 duo
3152 2100 3321 2156 λεπτά
3349 2106 3650 2164 continere.

2081 2174 2390 2234 Secundum
2427 2183 2661 2252 priorem
2698 2188 2959 2243 rationem
3014 2193 3291 2259 quadrans
3321 2197 3497 2250 sexies
3530 2198 3652 2252 mil-

2077 2264 2266 2322 lesima
2300 2283 2428 2337 pars
2456 2273 2558 2327 erit
2604 2275 2793 2331 talenti
2820 2293 2833 2341 ;
2864 2281 3190 2347 posteriori,
3223 2292 3306 2337 ter
3340 2286 3650 2353 millesima,

2076 2357 2203 2426 quia
2220 2358 2415 2413 λεπτὸν
2442 2363 2900 2435 ὲξακισχιλιοοτὺν
2922 2371 3183 2425 ταλάντου
3211 2374 3428 2429 dicitur.
3451 2376 3651 2433 Deinde

2075 2451 2222 2519 quod
2250 2453 2355 2507 erit
2378 2454 2619 2526 νόμισμα
2646 2459 2776 2512 illud
2803 2460 2897 2513 ἕνῖ)
2921 2460 3136 2518 ldemne
3157 2480 3278 2519 cum
3306 2469 3653 2536 quadrante?

2074 2543 2157 2596 An
2188 2545 2371 2613 potius
2422 2561 2544 2601 Cum
2576 2548 2789 2621 λεπτῷῖ
2823 2554 2892 2606 At
2926 2553 3158 2610 subinde
3199 2558 3509 2629 νομίσματα
3546 2562 3657 2615 trial

2075 2634 2433 2701 quadrantem
2466 2653 2590 2693 esse
2611 2639 2819 2694 definit.
2853 2641 2993 2712 Ergo
3034 2647 3311 2714 quadrans
3337 2662 3463 2703 Sunt
3491 2653 3649 2722 νομι-

2075 2742 2254 2794 σματα
2302 2727 2443 2794 tria,
2488 2739 2542 2783 et
2596 2732 2862 2786 nomisma
2906 2751 3096 2789 unum.
3145 2738 3287 2793 Idem
3345 2744 3645 2812 quadrans,

2074 2832 2243 2871 unum
2290 2818 2393 2872 erit
2430 2821 2738 2886 minutum,
2778 2830 2831 2877 et
2883 2824 2992 2879 duo
3023 2828 3253 2881 minuta.
3294 2832 3424 2896 Qua:
3464 2838 3646 2889 omnia

2073 2908 2335 2963 mendosa
2361 2950 2375 2973 ,
2415 2910 2848 2978 inextricabilis,
2882 2930 2945 2971 ac
2980 2921 3334 2976 tumultuarie
3383 2939 3651 2995 congesta

2074 3007 2238 3062 sunt;
2274 3015 2449 3071 neque
2500 3002 2569 3057 ad
2605 3006 2727 3058 novi
2766 3007 3004 3077 figmenti
3054 3013 3428 3069 testimonium
3463 3018 3646 3073 valere

2072 3099 2322 3158 possunt.
2357 3091 2568 3148 Etenim
2600 3097 2644 3150 si
2677 3112 2773 3166 pro
2815 3115 2912 3163 eo,
2952 3103 3097 3171 quod
3132 3104 3435 3177 Hesychius
3464 3110 3647 3175 docet,

2071 3181 2265 3236 λεπτόν
2322 3200 2443 3240 esse
2497 3194 2704 3255 partem
2771 3192 2957 3246 talenti
3032 3196 3208 3250 sexies
3275 3200 3643 3267 millesimam,

2072 3273 2195 3329 ideo
2225 3291 2413 3333 verum
2455 3287 2574 3343 est,
2616 3279 2814 3335 λεπτόν
2858 3284 2996 3339 idem
3033 3302 3155 3342 esse
3192 3303 3315 3343 cum
3350 3292 3643 3360 drachma,

2072 3363 2198 3432 quia
2252 3368 2514 3422 talentum
2575 3372 2812 3428 Atticum
2868 3392 2962 3431 sex
3025 3378 3410 3438 drachmarum
3474 3386 3644 3442 millia

2068 3457 2363 3515 continet:
2428 3476 2551 3517 cum
2624 3465 2764 3521 idem
2836 3466 3138 3540 Hesychius
3205 3475 3464 3530 talentum
3515 3478 3647 3534 deti-

2068 3546 2182 3600 niat
2240 3549 2392 3606 libris
2452 3568 2630 3619 cxxv,
2691 3556 2794 3612 hoc
2863 3570 2946 3614 est
3016 3562 3177 3616 minis
3232 3563 3428 3618 Atticis
3496 3582 3640 3633 cxx;

2070 3638 2250 3708 sitque
2310 3640 2534 3712 duplum
2587 3645 2653 3701 ad
2715 3648 2979 3711 Atticum,
3046 3652 3276 3722 ideoque
3353 3656 3641 3711 duodecim

2069 3728 2236 3783 millia
2266 3731 2652 3789 drachmarum
2675 3738 2980 3794 Atticarum
3010 3744 3263 3813 colligat;
3286 3747 3447 3814 quale.
3472 3747 3641 3803 fuisse

2068 3831 2235 3887 supra
2286 3820 2526 3878 diximus
2570 3825 2994 3883 Alexandrinum
3035 3833 3336 3900 talentum;
3384 3850 3483 3891 cur
3530 3853 3639 3893 non

2067 3907 2255 3963 eodem
2286 3909 2409 3978 jure
2432 3915 2815 3973 concludimus
2853 3918 3048 3973 λεπτόν
3075 3938 3197 3978 esse
3235 3924 3637 3990 didrachmum.

2066 4001 2323 4070 quoniam
2364 4018 2460 4057 sex
2496 4005 2943 4063 didrachmorum
2984 4013 3153 4065 millia
3204 4016 3468 4069 talentum
3507 4017 3639 4072 illud

2065 4091 2353 4153 continet,
2415 4091 2483 4147 de
2543 4110 2647 4163 quo
2702 4094 3012 4168 Hesychius
3069 4101 3346 4172 loquitur?
3389 4105 3639 4170 Quanam

2064 4194 2198 4234 vero
2230 4181 2423 4237 fiducia
2462 4183 2513 4239 id
2548 4201 2612 4240 ex
2648 4185 2742 4240 illa
2777 4190 3106 4246 auctoritate
3140 4194 3318 4263 scligit
3343 4236 3357 4260 ,
3401 4196 3547 4265 quod
3582 4198 3638 4251 in

2065 4284 2179 4325 rem
2211 4287 2365 4326 suam
2398 4273 2576 4331 facere
2609 4286 2794 4347 putat:
2837 4280 2889 4335 id
2921 4284 3151 4353 respuit,
3183 4284 3328 4355 quod
3373 4288 3418 4341 ei
3461 4290 3637 4357 potis-

2066 4359 2265 4416 simum
2293 4364 2650 4422 adversetur?
2680 4368 2791 4424 Cur
2817 4374 2962 4426 enim
2995 4373 3063 4429 de
3096 4376 3298 4432 talento
3326 4380 3505 4434 Attico
3533 4379 3638 4436 lle-

1990 4468 2035 4523 ι)
2064 4452 2313 4523 sychium
2347 4456 2491 4529 loqui
2526 4461 2707 4530 potius
2747 4462 2995 4531 affirmet,
3018 4482 3141 4521 cum
3172 4468 3364 4523 λεπτόν
3399 4473 3473 4525 ait
3511 4471 3638 4539 ἐξα-

2065 4546 2425 4615 κισχιλιοστόν
2476 4567 2598 4606 esse
2634 4553 2935 4623 ταλάντου,
2988 4571 3150 4627 quam
3209 4560 3384 4615 eidem
3434 4563 3638 4619 diserte

2065 4634 2307 4705 loquenti
2332 4642 2661 4713 testantique
2695 4644 2853 4699 fidem
2882 4646 3095 4707 habeat.
3124 4663 3182 4702 se
3211 4650 3472 4705 talentum
3505 4654 3635 4707 illud

2063 4726 2386 4799 intelligere,
2421 4736 2563 4803 quod
2612 4735 2838 4805 duplum
2892 4738 2964 4792 sit
3009 4739 3211 4802 Attici,
3245 4748 3298 4794 et
3345 4742 3631 4799 duodecim

2062 4817 2449 4876 drachmarum
2483 4824 2725 4881 millibus
2771 4830 3024 4884 constet?
3063 4828 3245 4885 Redeo
3274 4832 3439 4902 igitur
3462 4833 3527 4887 ad
3553 4835 3630 4898 id,

2062 4912 2205 4981 quod
2251 4915 2410 4983 paulo
2462 4924 2589 4971 ante
2639 4933 3069 4989 proposueram,
3116 4931 3170 4979 et
3204 4924 3464 4979 talentum
3506 4927 3631 4981 istic

2060 5019 2183 5058 esse
2220 5003 2344 5059 dico
2390 5006 2624 5063 solidum
2659 5026 2921 5077 aureum,
2958 5015 3073 5070 sive
3123 5015 3381 5088 νόμισμα.
3421 5016 3632 5089 Quippe

2061 5097 2404 5154 nomismatis
2438 5116 2539 5154 vox
2574 5105 2876 5160 recentiore
2904 5108 3103 5161 sreculo
3143 5108 3208 5161 ad
3244 5125 3467 5165 aureum
3501 5112 3634 5165 soli-

2060 5186 2188 5241 dum
2214 5190 2533 5261 plerumque
2575 5196 2941 5266 restringitur.
2983 5196 3157 5268 Hujus
3181 5240 3194 5262 ,
3228 5203 3272 5255 si
3301 5202 3441 5255 κατὰ
3469 5202 3629 5273 δηνα-

2060 5280 2256 5352 ρισμόν
2288 5291 2520 5347 secetur,
2545 5286 2723 5340 sexies
2750 5288 3033 5342 millesima
3057 5305 3183 5359 pars
3208 5300 3291 5347 est
3324 5291 3625 5362 quadrans.

2058 5372 2151 5441 qui
2186 5381 2237 5427 et
2282 5374 2578 5439 denarius,
2614 5384 2669 5431 et
2706 5380 3004 5445 minutum,
3052 5388 3106 5435 et
3157 5382 3278 5437 aliis
3318 5385 3629 5453 promiscue

2059 5465 2286 5520 vocibus
2319 5468 2661 5537 exprimitur.
2697 5468 2883 5524 Solent
2914 5471 3061 5525 enim
3087 5513 3100 5536 ,
3137 5482 3195 5528 ut
3230 5483 3387 5529 antea
3424 5475 3630 5547 signifi-

2056 5556 2301 5612 cavimus
2326 5598 2339 5621 ,
2376 5558 2691 5627 permisceri
2728 5560 2977 5624 invicem,
3011 5569 3064 5616 et
3096 5562 3357 5617 confundi
3390 5565 3627 5636 appella-

2058 5649 2234 5704 tiones
2288 5649 2391 5705 illae
2421 5666 2769 5705 nummorum
2800 5651 2987 5707 vilium
3012 5696 3027 5721 ,
3064 5672 3239 5729 neque
3288 5657 3626 5731 singularum

2060 5740 2367 5812 preprietas
2386 5742 2602 5815 'ubique
2640 5742 2924 5801 retinetur.
