4028 6220
550 331 648 386 5f)

1641 336 1983 391 APPENDIX
2020 336 2645 394 DISSERTATIONUM.

3625 343 3717 399 600

613 454 796 522 itaque
841 453 1117 521 quadrans
1157 448 1291 503 alias
1337 445 1510 499 λεπτὰ
1565 445 1656 499 δύο
1704 447 2102 516 complectitur,

2210 447 2324 501 sive
2376 448 2662 503 milliarisii
2700 449 3102 518 ὑποσπώμενοι,
3135 456 3193 504 et
3218 447 3715 514 ὑποκαταϐαίνοντες,

540 547 674 599 alias
706 560 803 614 pro
851 542 1028 610 λεπτῷ
1079 540 1334 595 sumitur.
1388 538 1708 607 Quanquam
1756 539 2105 593 verisimilius

537 644 622 691 cst
648 637 699 687 in
727 632 908 702 priore
936 633 1052 683 loco
1078 629 1424 683 scribendum
1452 644 1593 692 esse,
1617 637 1674 681 ιιι
1699 629 1750 681 in
1780 629 2101 696 posteriore,

536 724 567 792 ἢ
616 724 707 773 δύο
759 720 959 782 λεπτά,
1015 734 1111 787 pro
1158 719 1191 787 ἢ
1226 719 1438 770 λεπτόν.
1467 718 1598 771 Nam
1642 720 1706 771 ad
1740 718 1903 771 Marci
1942 720 2103 772 verba

538 809 842 875 respexisse
894 806 1128 859 videtur.
1176 807 1394 858 Actum
1437 806 1581 859 follis
1634 806 1922 874 Epiphanii
1970 820 2106 874 qua-

536 898 703 950 drans
730 897 834 948 erit
867 895 1158 965 ilcsychii:
1193 896 1319 949 licet
1348 896 1513 961 hujus
1539 896 1705 957 follis,
1737 912 1899 964 quam
1934 896 2100 959 illius,

534 993 606 1045 εἰ
644 992 845 1055 major:
880 992 1004 1058 quia
1034 988 1179 1043 follis
1223 990 1364 1057 apud
1407 989 1736 1059 llesychium
1766 988 1938 1040 λεπτά
1972 1003 2103 1041 con-

533 1080 729 1133 tim-bit
756 1088 883 1143 octo
904 1120 917 1143 ,
965 1089 1020 1133 et
1049 1081 1189 1131 idtm
1224 1083 1329 1133 erit
1359 1080 1593 1133 fortasse
1619 1095 1742 1134 cum
1784 1080 1963 1133 obolo.
1997 1078 2102 1132 \‘e-

532 1188 652 1225 run
704 1172 1008 1240 cujusmodi
1061 1171 1169 1225 sint
1220 1171 1507 1239 utrobique
1559 1170 1733 1233 folles,
1771 1178 1862 1222 aut
1910 1171 2098 1236 λεπτά,

532 1269 643 1313 tam
676 1260 893 1314 difficile
929 1268 1013 1313 est
1045 1260 1295 1328 assequi,
1330 1275 1490 1328 quam
1523 1259 1713 1313 inutile
1754 1259 1895 1313 scire
1924 1300 1935 1322 ,
1977 1274 2103 1328 pro-

537 1353 787 1405 nuntiare
816 1366 943 1404 vero
970 1350 1317 1403 temerarium
1364 1365 1427 1403 ac
1453 1349 1763 1405 ridiculum.
1790 1348 1894 1402 Sed
1930 1350 2101 1402 talen-

533 1450 647 1494 tum
684 1441 823 1511 apud
853 1440 1179 1511 Hesychium
1206 1456 1327 1495 esse
1367 1441 1600 1495 solidum
1635 1456 1741 1493 non
1774 1440 1947 1495 solum
1979 1438 2101 1492 ideo

536 1534 813 1601 probabile
861 1541 942 1588 est
968 1575 981 1598 ,
1015 1534 1142 1600 quia
1194 1531 1426 1600 idipsum
1461 1533 1536 1583 ait
1575 1547 1697 1585 esse
1736 1532 1973 1601 νόμισμα
2004 1530 2061 1581 ’ἐν
2084 1568 2097 1591 ,

534 1639 719 1677 verum
752 1623 937 1689 etiam,
969 1625 1112 1692 quod
1144 1639 1206 1677 ex
1239 1622 1568 1677 Cassiodoro
1600 1624 1740 1678 idem
1773 1632 1950 1692 potest
1983 1622 2099 1675 col-

534 1714 644 1782 ligi.
669 1712 840 1781 Cujus
865 1714 917 1765 in
945 1714 1036 1767 lib.
1082 1729 1120 1780 ι,
1156 1713 1313 1783 epist.
1356 1714 1439 1776 10,
1476 1714 1586 1766 ΙιὶὩο
1615 1713 1779 1766 verba
1808 1721 1966 1766 sunt:
1995 1710 2099 1766 Sea;

534 1804 706 1857 millia
745 1806 1084 1859 denariorum
1117 1804 1346 1858 solidum
1376 1821 1485 1857 esse
1520 1804 1813 1858 voluerunt.
1849 1803 1951 1858 Ubi
1996 1802 2103 1855 Ho-

535 1908 824 1949 tornannus
854 1894 1078 1958 frustra,
1110 1910 1199 1949 sex
1228 1896 1670 1957 milliarisiorum,
1702 1910 1800 1964 pro
1826 1894 1991 1947 millia
2014 1894 2103 1947 de-

533 1986 830 2047 nariorum,
867 1985 1148 2053 legendum
1174 1985 1425 2053 conjicit;
1459 2000 1581 2037 nam
1614 1984 1883 2039 duodenis
1914 1985 2104 2038 millia-

537 2073 703 2136 risiis,
730 2088 836 2127 non
870 2090 985 2139 sex,
1015 2074 1175 2143 vulgo
1200 2074 1409 2128 solidus
1437 2074 1761 2127 aestimatur.
1797 2074 2101 2127 Retinenda

535 2165 766 2234 proinde
811 2166 1022 2235 vulgata
1053 2164 1231 2221 lectio.
1265 2164 1343 2216 Ex
1380 2180 1485 2234 qua
1523 2181 1617 2219 sex
1651 2164 1819 2217 millia
1851 2164 2104 2217 denario-

536 2257 712 2310 lorum
752 2258 806 2310 iu
835 2258 1068 2310 solidum
1108 2257 1372 2325 imputata
1402 2256 1696 2318 discimus,
1735 2270 1855 2323 qua:
1900 2255 1966 2307 ah
1999 2252 2104 2308 lle-

534 2348 725 2416 sychio
752 2347 927 2400 λεπτά
959 2355 1239 2401 vocantur.
1277 2345 1390 2399 lloc
1426 2347 1583 2400 modo
1619 2346 1663 2399 si
1703 2345 1985 2399 duodecim
2016 2360 2104 2400 so-

536 2438 645 2490 lido
688 2438 1049 2491 milliarenses
1101 2436 1503 2498 attribuantur,
1561 2436 1761 2503 singuli
1807 2436 2101 2503 quingenta

537 2529 781 2592 minuta,
832 2529 914 2582 vel
968 2528 1198 2598 δηνάρια.
1243 2528 1518 2595 colligent.
1569 2526 1723 2590 Quod
1765 2541 1862 2579 cur
1902 2526 2100 2579 mirum

537 2617 877 2673 llotomanuo
905 2618 1197 2683 videretur,
1248 2633 1428 2672 causa:
1484 2618 1616 2671 nihil
1649 2625 1766 2670 erat
1813 2636 1824 2670 :
1882 2633 2003 2671 cum
2047 2619 2100 2671 iu

535 2718 833 2766 nostratem
877 2726 1133 2774 aureum,
1165 2712 1257 2780 qui
1287 2710 1533 2764 Romano
1560 2711 1727 2780 duplo
1763 2710 1874 2764 fere
1926 2711 2105 2763 minor

538 2799 661 2864 fuit,
701 2800 885 2869 plures
924 2800 1085 2855 etiam
1121 2800 1361 2855 minutiae
1384 2800 1593 2868 possint
1623 2801 1924 2864 incurrere,
1958 2801 2003 2855 si
2038 2802 2103 2855 ad

537 2892 754 2948 infimas
793 2908 1139 2947 nummorum
1186 2894 1377 2948 sordes
1420 2894 1561 2945 κατὰ
1591 2893 1921 2963 δηναρισμόν
1964 2891 2107 2946 redi-

535 2989 751 3049 gantur,
779 2996 917 3049 quas
946 2982 1103 3046 vulgo
1122 2982 1386 3042 maculas,
1421 2983 1631 3047 obolos,
1667 2983 1829 3049 pilas,
1856 2991 1948 3035 aut
1982 2983 2104 3036 aliis

538 3072 588 3123 id
624 3086 795 3140 genus
817 3070 1117 3133 vocabulis,
1142 3071 1431 3139 appellant,
1471 3070 1545 3123 Ex
1575 3088 1639 3124 eo
1678 3088 1807 3125 vero
1854 3072 1994 3125 ratio
2024 3073 2103 3124 iu-
2132 3109 2173 3166 Ο

537 3174 699 3226 super
722 3158 945 3211 evidens
973 3167 1091 3220 est,
1128 3159 1197 3212 ob
1237 3174 1398 3227 quam
1445 3161 1632 3213 talenti
1687 3177 1882 3215 nomen
1924 3162 2099 3215 solido

535 3248 608 3302 sit
638 3248 971 3315 impositum.
1003 3246 1243 3315 Nempe,
1301 3249 1445 3316 quod
1484 3248 1706 3301 totidem
1746 3251 2100 3303 minutiarum

535 3350 600 3390 ac
625 3334 1032 3390 denariolorum
1074 3337 1245 3389 millia
1284 3337 1790 3406 comprehenderet,
1826 3347 1957 3408 quot
1978 3338 2103 3393 dra-

536 3424 818 3479 chmarum
859 3426 1095 3479 Atticum
1120 3466 1133 3489 ,
1176 3441 1240 3479 ac
1278 3428 1499 3497 vulgare
1530 3428 1815 3483 talentum.
1849 3429 2099 3500 Reliqua,

533 3531 655 3586 qua:
696 3516 837 3585 apud
875 3514 1202 3585 llesychium
1242 3528 1580 3585 sequuntur,
1618 3520 1904 3589 peregrina
1951 3530 2099 3586 sunt,

536 3617 589 3662 et
619 3608 961 3662 accumulata
993 3615 1227 3672 temere,
1262 3618 1318 3662 ut
1350 3611 1401 3663 in
1433 3610 1728 3667 Glossariis
1772 3613 2005 3678 assolet,
2048 3614 2103 3667 in

534 3715 657 3771 qua:
686 3702 867 3765 variae,
897 3715 960 3753 ac
990 3702 1280 3755 contrariae
1310 3703 1627 3771 plerumque
1664 3719 1854 3759 vocum
1889 3721 2105 3759 earum-

534 3791 657 3846 dem
698 3793 949 3846 notiones
982 3807 1046 3846 ex
1080 3792 1311 3847 diversis
1351 3794 1666 3850 auctoribus
1713 3795 1954 3849 collectae
2001 3795 2105 3850 sub

539 3898 649 3937 uno
675 3883 928 3938 lemmate
957 3885 1161 3954 passim
1193 3885 1556 3940 inculcantur.

606 3971 786 4027 Nihilo
816 3977 999 4043 itaque
1028 3976 1373 4031 ratiocinatio
1404 3978 1506 4031 ista
1542 3977 1817 4049 doctiores
1839 3980 1984 4034 viros
2006 3977 2105 4032 do-

534 4063 813 4119 ctissimos
846 4064 1005 4119 ellicit
1026 4104 1040 4129 ,
1079 4074 1137 4119 ut
1168 4067 1340 4119 λεπτά
1360 4078 1645 4137 argenteos
1678 4070 1934 4125 denarios
1958 4085 2100 4134 esse,

536 4155 651 4208 sive
689 4155 1001 4219 drachmas,
1051 4156 1194 4225 quod
1248 4158 1511 4213 hactenus
1549 4160 1891 4228 ignorabant,
1952 4161 2105 4215 dein-

531 4262 659 4315 ceps
681 4247 1001 4315 intelligant.
1027 4245 1143 4300 Non
1174 4249 1303 4303 illud
1338 4250 1556 4317 quidem
1588 4251 1909 4316 iuliciamur,
1936 4254 2105 4323 ἀργύ-

533 4353 626 4405 ρια
657 4335 829 4387 λεπτά
863 4350 960 4403 pro
989 4338 1259 4404 argenteis
1284 4342 1523 4393 nummis
1552 4342 1747 4410 accipi,
1782 4352 1840 4395 ut
1869 4345 1919 4396 in
1943 4344 2101 4400 Glos-

2208 546 2269 590 nt
2298 553 2421 591 cum
2447 540 2727 593 Eustathio
2753 540 2968 608 loquar,
3009 539 3291 608 propagati
3326 538 3551 593 fuerunt.
3589 541 3719 594 Δικὲο

2208 646 2359 698 paro:
2404 631 2608 682 nummi
2653 630 2893 699 argentei
2943 630 3151 699 priores
3192 626 3472 682 duodecim
3524 629 3723 683 solidum

2207 718 2495 772 faciebant.
2526 717 2692 787 Igitur
2715 734 2907 772 novem
2939 719 3127 772 solidis
3154 718 3544 786 respondebant
3568 734 3726 787 argen-

2206 809 2275 862 tei
2308 822 2459 861 cvm.
2504 807 2751 862 Totidem
2790 808 2949 863 solidi
2988 807 3225 879 ἀργύρια
3272 808 3461 869 λεπτά,
3493 809 3598 863 sive
3626 808 3727 861 mil-

2206 898 2465 951 liarenses
2512 900 2793 951 continent
2850 913 3007 952 cxxv.
3056 900 3234 963 Quare
3281 908 3559 967 argenteus
3607 898 3729 967 prior

2203 989 2314 1053 ille,
2351 989 2441 1057 qui
2477 987 2798 1059 φερώνυμος
2830 999 2913 1043 est
2960 990 3258 1058 appellatus
3309 988 3595 1058 δικέρατος,
3633 988 3731 1040 ιιιὶι-

2205 1080 2522 1139 liareusem.
2579 1080 2692 1133 sive
2736 1080 2996 1149 ἀργύριον
3036 1078 3227 1133 λεπτόν
3283 1081 3517 1135 continet
3560 1096 3727 1140 unum,

2202 1179 2256 1225 et
2286 1172 2507 1239 insuper
2555 1172 2798 1240 ejusdem
2853 1171 3066 1239 i7jl08.
3096 1171 3219 1225 Ideo
3266 1170 3455 1223 λεπτόν
3512 1172 3605 1225 hoc
3657 1186 3732 1239 po-

2204 1262 2407 1314 sterius
2463 1270 2707 1314 vocatur.
2786 1259 2877 1312 Sic
2933 1261 3171 1329 argentei
3222 1260 3483 1330 Philippei
3519 1260 3731 1314 niinutuli

2204 1351 2343 1418 apud
2380 1349 2687 1418 Vopiscum.
2730 1350 2886 1415 Quod
2931 1358 3111 1403 autem
3150 1350 3212 1402 τὸ
3264 1350 3476 1414 λεπτόν,
3511 1351 3586 1404 vel
3613 1352 3636 1402 ὁ
3661 1350 3731 1402 λε-

2205 1440 2339 1503 πτός
2394 1441 2637 1495 solitarie
2678 1447 2893 1510 sumpta
2945 1448 3259 1511 argenteum
3316 1456 3583 1495 nummum
3618 1440 3731 1509 apud

2203 1538 2481 1583 auctorem
2540 1530 2689 1582 illum
2760 1529 3086 1599 significent,
3144 1544 3207 1583 ac
3263 1530 3398 1582 citra
3450 1528 3730 1583 substantivi

2203 1621 2438 1674 nominis
2471 1620 2849 1689 adjectionem,
2890 1636 2995 1674 non
3028 1629 3231 1674 temere
3260 1620 3487 1673 inficiari
3517 1620 3734 1672 audeam.

2205 1710 2339 1765 lllud
2381 1712 2515 1774 scio,
2547 1728 2612 1766 ex
2643 1711 2709 1766 iis
2753 1712 3009 1765 omnibus
3039 1726 3159 1781 quae
3192 1711 3261 1763 ad
3296 1711 3347 1764 id
3381 1709 3732 1765 ostendendum

2210 1802 2369 1855 allata
2400 1810 2549 1864 sunt,
2585 1801 2720 1855 nihil
2757 1800 3024 1869 ejusmodi
3077 1801 3391 1870 persuaderi
3426 1815 3574 1869 posse
3606 1816 3616 1849 :
3648 1800 3734 1850 imo

2210 1906 2338 1947 vero
2375 1892 2651 1946 contraria
2674 1892 2853 1947 omnia
2881 1892 3082 1960 colligi.
3115 1891 3231 1944 Nisi
3258 1890 3394 1945 forte
3425 1892 3475 1943 in
3510 1890 3594 1943 illo
3617 1889 3731 1957 ipso,

2209 1998 2317 2051 quo
2364 1986 2429 2037 de
2483 1984 2680 2052 agitur,
2730 1981 3014 2051 Epiphanii
3058 1982 3176 2035 loco
3216 1982 3443 2044 λεπτούς
3492 1989 3737 2050 argenteos

2210 2089 2331 2128 esse
2381 2074 2635 2128 denarios
2681 2073 2955 2128 somniare
3006 2072 3149 2125 licet.
3202 2070 3367 2136 Quod
3399 2085 3461 2123 ex
3508 2084 3629 2122 nova
3668 2068 3739 2119 illa

2210 2166 2457 2219 doctrina
2486 2205 2500 2227 ,
2556 2166 2857 2234 iisdemque
2905 2164 3186 2232 principiis
3235 2164 3505 2216 aliirmare
3556 2174 3743 2214 necesse.

2210 2264 2311 2309 est.
2337 2252 2454 2307 Non
2477 2255 2616 2308 enim
2647 2252 2712 2305 τὰ
2738 2251 2928 2315 λεπτά,
2958 2251 3038 2306 vel
3073 2252 3198 2312 τοὺς
3229 2249 3465 2310 Leucad;
3492 2244 3742 2316 aliquando

2210 2361 2310 2414 pro
2344 2346 2615 2415 argenteis
2645 2345 2895 2414 usurpari
2926 2344 3319 2397 tantummodo
3367 2341 3578 2405 suadet;
3622 2337 3739 2409 quod

2211 2437 2387 2505 ipsum
2442 2445 2621 2491 tamen
2673 2436 2997 2489 auctoritate
3030 2436 3209 2504 aliqua
3272 2435 3585 2489 fulciendum
3628 2438 3737 2484 erat.

2213 2528 2316 2582 Sed
2346 2542 2516 2581 :ereos
2548 2526 2718 2581 fuisse
2751 2544 3004 2583 nummos
3034 2529 3263 2581 omnino
3303 2536 3475 2597 negat,
3522 2523 3648 2596 quod
3674 2532 3738 2578 est

2212 2618 2585 2672 falsissimum.
2611 2617 2745 2670 Nam
2777 2619 2861 2672 vel
2897 2618 2985 2670 hic
3016 2618 3131 2687 ipse
3156 2618 3320 2671 locus
3357 2616 3618 2687 Epiplianii
3639 2614 3741 2673 τοὺς

2211 2708 2441 2771 λεπτούς
2470 2724 2641 2763 aereos
2695 2724 2817 2764 esse
2859 2723 3115 2763 nummos
3149 2709 3433 2763 evidenter
3459 2709 3637 2778 arguit.
3668 2704 3740 2757 Si-

2213 2799 2429 2868 quidem
2482 2799 2629 2853 aliud
2686 2808 2768 2854 est
2819 2798 2959 2852 κατά
2995 2800 3344 2871 ἀργυρισμὸν
3392 2800 3579 2864 dividi,
3619 2797 3740 2852 aliud

2213 2890 2351 2942 κατὰ
2382 2889 2710 2960 δηναρισμὸν
2742 2907 2752 2941 :
2797 2898 2850 2944 et
2880 2890 2980 2943 hoc
3007 2893 3288 2959 posterius
3316 2893 3453 2948 idem
3496 2902 3571 2946 est
3607 2900 3741 2960 atque

2213 2979 2460 3039 adaerari,
2496 2980 2609 3033 sive
2641 2980 2693 3032 in
2732 2995 2901 3034 mreas
2929 2980 3147 3049 species
3180 2981 3457 3036 distribui.
3499 2981 3617 3035 Cum
3660 2980 3741 3048 igi-

2212 3078 2300 3124 tur
2332 3069 2509 3124 follem
2545 3070 2678 3124 dicit
2702 3073 2823 3123 κατ’
2854 3072 3195 3141 ἀργυρισμόν
3224 3072 3285 3127 in
3318 3070 3739 3143 argenteos,xaz&

2205 3158 2537 3227 δηναρισμόν
2576 3158 2628 3210 in
2668 3158 2896 3221 λεπτούς
2929 3158 3118 3219 dividi,
3155 3159 3425 3228 profecto,
3457 3164 3497 3215 si
3521 3159 3633 3229 quid
3668 3173 3740 3212 sa-

2207 3249 2417 3317 pimus,
2471 3249 2701 3312 λεπτούς
2760 3257 2920 3319 negat
2976 3257 3266 3319 argenteos
3326 3267 3444 3308 esse
3498 3264 3739 3312 nummos,

2207 3354 2376 3393 aereos
2400 3337 2618 3393 fatetur.

2280 3429 2386 3486 Sed
2418 3440 2475 3485 ut
2500 3432 2565 3486 ad
2618 3430 2798 3486 follem
2850 3440 3115 3496 revertar,
3154 3434 3320 3503 cujus
3356 3444 3529 3505 partes
3560 3439 3671 3488 sunt
3701 3430 3740 3480 ot

2207 3524 2413 3587 λεπτοί,
2442 3540 2510 3578 ne
2539 3524 2670 3577 illud
2701 3524 2916 3593 quidem
2950 3526 3201 3594 superior
3246 3527 3343 3580 illa
3373 3527 3605 3582 doctrina
3642 3537 3743 3593 pro—

2208 3612 2321 3672 bat,
2348 3610 2494 3679 quod
2524 3626 2850 3681 magnopere
2879 3613 3049 3667 videri
3075 3614 3244 3683 cupit,
3268 3616 3409 3669 idem
3435 3631 3547 3669 esse
3571 3612 3740 3673 follem,

2208 3716 2272 3755 ac
2294 3702 2604 3755 sestertium
2634 3718 2866 3768 aereum,
2900 3712 3171 3773 quatenus
3220 3707 3504 3760 sestertius
3542 3700 3743 3759 uncialis

2210 3792 2329 3859 fuit,
2384 3793 2547 3863 idque
2587 3793 2931 3850 Constantini
2964 3804 3018 3850 et
3057 3796 3347 3867 Epiphanii
3382 3799 3589 3853 sreculo.
3630 3794 3741 3848 Natu

2210 3886 2371 3948 ratio,
2407 3900 2513 3955 qua
2552 3886 2698 3940 istud
2727 3886 2905 3941 evinci
2936 3896 3111 3958 putat,
3152 3889 3339 3945 inanis
3365 3904 3445 3945 est
3468 3906 3526 3944 ac
3558 3885 3739 3941 frivola.

2207 3974 2531 4047 Hesychius,
2557 3978 2653 4043 ait,
2684 3978 3037 4047 quadrantem
3067 3995 3187 4035 esse
3209 3983 3401 4035 scribit
3433 3983 3490 4034 τὸ
3521 3982 3743 4048 τέταρτον

2206 4065 2297 4117 τοῦ
2330 4066 2565 4135 φὸλλεως
2600 4088 2611 4121 :
2646 4068 2925 4138 quadrans
2952 4071 3026 4123 illi
3056 4071 3260 4126 dicitur
3302 4074 3367 4127 de
3400 4074 3600 4127 duabus
3638 4070 3747 4123 dra—

2209 4156 2386 4213 chmis
2424 4174 2436 4209 :
2476 4166 2600 4213 octo
2626 4158 2901 4215 drachma:
2934 4164 2986 4215 in
3016 4164 3197 4217 uncia.
3239 4163 3333 4218 Sic
3356 4165 3476 4219 dua:
3504 4162 3744 4218 drachma:

2208 4257 2402 4317 quarta
2450 4264 2577 4319 pars
2613 4251 2807 4319 unciae,
2844 4252 2923 4306 vel
2959 4252 3124 4319 follis,
3161 4254 3244 4308 vel
3274 4256 3536 4309 sestertii.
3572 4253 3742 4307 Verum

2208 4340 2332 4409 quis
2356 4341 2457 4394 hoe
2488 4342 2562 4395 illi
2586 4343 2855 4408 concedit,
2886 4342 3212 4414 llesychium
3242 4346 3308 4401 de
3342 4347 3633 4416 quadrante
3660 4356 3741 4396 un-

530 4422 608 4477 sis
651 4422 757 4474 illis
806 4421 1197 4487 Basilicorum,
1246 4442 1367 4495 quae
1408 4428 1595 4483 solidis
1636 4446 1825 4485 novem
1868 4434 2104 4505 ἀργύρια
2137 4437 2181 4495 D
2209 4432 2305 4483 cia:
2344 4431 2488 4499 loqui
2540 4432 2720 4499 potius
2746 4447 2905 4501 quam
2952 4433 3116 4498 oboli,
3160 4436 3242 4489 vel
3287 4436 3545 4490 alterius?
3600 4432 3742 4499 Quin-

529 4510 702 4563 λεπτά
733 4510 980 4565 tribuunt
1007 4528 1165 4567 cxxv.
1195 4513 1299 4569 Sed
1323 4517 1509 4571 eodem
1532 4520 1690 4573 modo
1707 4520 1876 4577 λεπτά
1906 4524 2101 4579 dicun-

532 4614 639 4666 tur,
671 4618 778 4672 quo
812 4602 1104 4659 drachmas
1133 4605 1268 4661 alias
1306 4623 1426 4663 esse
1459 4609 1680 4675 λεπτάς,
1716 4614 1850 4670 alias
1879 4617 2104 4687 παχείας

529 4702 722 4749 auctor
770 4702 853 4749 est
905 4694 1238 4767 Hesychius,
1294 4699 1349 4753 in
1405 4718 1535 4755 voce
1586 4704 1893 4760 Aemuléov
1925 4724 1937 4737 ο
1994 4710 2105 4771 Τὰς

525 4786 796 4857 δραχμὰς,
829 4788 1028 4854 λεπτὰς
1060 4792 1156 4861 μὲν
1186 4792 1285 4855 τὰς
1318 4793 1631 4859 ὲξωδόλους,
1666 4798 1893 4867 παχείας
1920 4798 1976 4849 δὲ
2006 4798 2104 4861 τὰς

530 4876 691 4930 πλέον
747 4878 997 4948 ἐχούσας.
1046 4881 1150 4935 Sed
1200 4898 1308 4935 noa
1364 4885 1546 4937 statim
1599 4901 1940 4955 consequens
1997 4896 2097 4952 est,

526 4969 698 5024 λεπτά
759 4985 858 5038 pro
915 4971 1191 5025 drachmis
1244 4973 1597 5041 simpliciter,
1658 4993 1721 5030 ac
1772 4978 1889 5031 sine
1952 4978 2097 5046 adje-

528 5061 706 5116 ctione
759 5060 923 5115 sumi.
968 5061 1434 5125 Quemadmodum
1489 5074 1774 5134 propterea
1822 5066 1966 5134 quod
2019 5074 2098 5119 ta-

529 5152 735 5204 lentum
781 5151 927 5204 aliud
980 5159 1100 5204 erat
1143 5153 1511 5222 commodum,
1546 5156 1633 5210 cui
1685 5158 1817 5210 nihil
1877 5157 2091 5225 deerat;

527 5238 675 5291 aliud
708 5253 987 5307 magnum,
1022 5240 1106 5293 cui
1138 5252 1421 5308 supererat
1450 5260 1460 5294 :
1493 5259 1600 5296 non
1638 5244 1759 5299 ideo
1788 5260 1948 5298 voces
1990 5246 2094 5300 illa:

527 5346 797 5399 magnum,
840 5330 924 5385 vel
965 5329 1316 5393 commodum,
1355 5332 1675 5400 simpliciter
1704 5345 1976 5404 usurpatae
2011 5345 2095 5389 ta-

529 5421 732 5475 lentum
787 5422 1113 5493 significant.
1172 5422 1253 5476 Ad
1299 5424 1547 5478 eumdem
1594 5426 1813 5480 modum
1860 5428 2097 5499 ἀργύρια

527 5510 700 5565 λεπτά
747 5513 953 5569 Glossa:
1009 5515 1291 5569 nominaut
1344 5515 1583 5571 minores
1626 5528 1931 5589 argenteos,
1978 5529 2094 5575 uta

531 5601 827 5672 majoribus
880 5606 1282 5671 discernantur,
1338 5608 1527 5676 quales
1570 5617 1725 5663 crant
1766 5610 2091 5676 didrachmi,

521 5690 871 5760 vel‘argentei
908 5693 1170 5762 majores;
1199 5713 1227 5749 a
1270 5697 1468 5765 quibus
1523 5697 1813 5753 millenarii
1856 5703 2085 5767 nummi,

2206 4520 2369 4573 etiam
2398 4536 2521 4575 cum
2546 4521 2737 4574 λεπτόν
2765 4538 2883 4577 esse
2910 4518 3123 4577 dicatur
3152 4524 3291 4578 idem
3311 4534 3475 4595 atque
3493 4524 3740 4581 drachma.

2206 4613 2482 4678 quadrans
2511 4628 2639 4666 vero
2678 4614 2851 4667 λεπτά
2902 4615 3009 4669 duo
3067 4618 3379 4686 contineat;
3439 4619 3576 4673 follis
3628 4628 3741 4685 qua-

2204 4706 2427 4755 drantes
2462 4702 2619 4765 duos,
2659 4719 2841 4759 nonne
2870 4706 3062 4762 iisdem
3086 4724 3149 4763 ex
3184 4710 3489 4780 principiis,
3513 4716 3663 4777 atque
3688 4720 3740 4757 ex

2200 4790 2387 4845 eadem
2440 4790 2696 4862 llesycliii
2744 4800 3103 4866 auctoritate,
3156 4804 3529 4865 convincitur,
3587 4800 3739 4853 follem

2202 4888 2326 4934 octo
2352 4881 2632 4939 drachmis
2660 4896 2934 4953 constare,
2976 4891 3090 4945 sive
3127 4893 3409 4947 denariis?
3447 4892 3560 4945 Non
3602 4887 3741 4958 igitur

2195 4971 2306 5040 jam
2343 4988 2516 5029 aereus
2568 4992 2827 5034 nummus
2857 4981 2983 5045 erit,
3027 4982 3123 5036 sed
3174 4992 3480 5052 argenteus,
3515 4996 3637 5036 sane
3663 4992 3739 5031 ve-

2199 5064 2442 5131 grandis,
2477 5066 2531 5119 in
2555 5081 2664 5134 quo
2695 5070 2931 5122 sestertii
2962 5080 3123 5123 erunt
3169 5088 3347 5136 xxxu;
3394 5072 3585 5125 nedum
3618 5066 3737 5121 follis

2200 5154 2342 5208 idem
2371 5157 2474 5209 erit
2499 5171 2560 5209 ac
2584 5162 2870 5215 sestertius
2901 5176 3097 5216 aereus.
3124 5162 3281 5227 Quod
3312 5172 3489 5217 utrum
3524 5174 3614 5231 per
3637 5169 3737 5211 sese

2200 5262 2385 5300 verum
2421 5263 2593 5303 necne
2623 5251 2713 5315 sit,
2742 5253 2878 5306 nihil
2911 5253 2999 5307 hic
3019 5254 3246 5308 aﬂirmo.
3280 5255 3390 5308 Hoc
3418 5270 3613 5323 pugno,
3635 5259 3738 5318 qua?

2198 5338 2263 5391 ad
2298 5338 2350 5390 id
2388 5341 2785 5395 ostendendum
2822 5344 2983 5397 allata
3018 5354 3167 5408 sunt,
3201 5360 3262 5399 ea
3295 5360 3448 5399 cassa
3482 5352 3533 5396 et
3576 5338 3733 5396 inanhi

2197 5444 2320 5484 esse
2352 5430 2610 5495 maxime,
2641 5440 2695 5487 et
2733 5434 2839 5487 alia
2871 5436 3073 5502 omnia,
3114 5451 3275 5506 quam
3328 5449 3557 5504 quorum
3593 5440 3734 5486 causa

2196 5518 2456 5590 producta
2489 5529 2635 5585 sunt,
2658 5525 2883 5579 ellicere.

2268 5612 2671 5669 Coucludamus
2715 5615 2896 5684 igitur,
2928 5617 3110 5673 follem
3152 5634 3347 5675 aereum
3372 5632 3437 5671 ex
3473 5607 3729 5685 Epiphanii

2198 5715 2377 5761 mente
2410 5705 2801 5780 tenuissimum
2831 5709 3109 5765 exstitisse
3156 5724 3455 5773 nummum,
3498 5704 3586 5777 qui
3613 5702 3728 5756 duos
