4028 6220
349 333 426 391 ιοι
1277 331 1462 388 DION.
1503 333 1844 390 PETAHUS
1879 336 2039 393 ADV.
2081 337 2244 392 MAT.
2299 337 2653 396 SIMONIUM.

3470 335 3575 388 011;!

340 447 573 513 λοπτούς,
623 446 739 504 sive
785 448 994 504 minuta
1038 447 1148 503 duo
1187 451 1511 516 contineret,
1557 460 1616 504 ut
1657 450 1799 505 idem
1843 460 1895 506 et
1927 462 1974 511 Α
1999 451 2306 521 exemplum
2336 451 2468 505 illud
2499 452 2642 506 inter
2667 464 2731 506 ea
2760 453 3073 521 promiscue
3094 452 3349 518 collocat,
3376 454 3430 508 in
3459 457 3581 524 qui-

337 540 594 611 quadrans
620 539 793 592 Marci
822 541 1170 608 evangelista:
1214 541 1389 610 possit
1425 541 1626 613 videri.
1651 542 1894 605 Λεπτούς

335 649 486 707 porro
511 637 736 690 aureolos
760 649 903 698 esse,
931 634 1046 690 sive
1075 635 1320 699 chaleos,
1342 635 1650 704 cujusmodi
1680 634 1733 687 in
1765 636 1897 688 obo-

337 731 438 782 lum
470 737 590 781 octo
633 735 994 780 numerantur
1041 744 1054 780 :
1106 735 1164 778 ut
1215 735 1497 796 propterea
1533 726 1642 779 duo
1687 725 1893 786 λεπτοί,

332 819 612 891 κοδράντης
640 825 693 872 et
720 833 749 871 a
780 816 982 883 Marco,
1008 825 1061 872 et
1083 817 1150 872 ab
1179 816 1450 888 l-lesycbio
1485 824 1892 888 nuncupentur.

563 954 634 1007 De
663 921 810 1023 [ollis
840 953 1149 1022 ὁμωνυμίᾳ
1185 961 1234 1006 et
1269 952 1631 1022 ambiguitate.

395 1090 526 1148 Cum
571 1098 684 1143 tam
727 1089 943 1146 diversa
990 1090 1262 1146 sit.follis
1309 1088 1670 1160 significatio,
1732 1097 1792 1142 ut
1843 1095 1897 1142 et

329 1181 600 1252 ἄθροισμα
627 1194 1000 1239 nummorum,
1037 1186 1089 1233 ct
1125 1186 1436 1248 argenteos,
1467 1187 1521 1232 et
1545 1192 1715 1232 tereos
1737 1193 1893 1230 num-

326 1288 438 1327 mos
458 1272 751 1341 exprimat,
807 1271 866 1324 lit
896 1285 1311 1340 nonnunquam,
1347 1278 1406 1324 ut
1439 1284 1499 1325 ea
1527 1284 1658 1324 voce
1687 1271 1766 1324 sic
1797 1284 1894 1322 au-

327 1371 499 1419 ctores
533 1363 853 1427 abutantur,
890 1370 950 1415 ut
984 1377 1094 1431 quo
1118 1362 1185 1416 de
1210 1377 1406 1431 genere
1439 1361 1780 1431 potissinunn
1815 1363 1896 1414 in-

327 1454 595 1524 telligendi
626 1452 760 1514 sint,
805 1453 1122 1522 conjectura
1157 1452 1376 1522 assequi
1420 1451 1637 1506 dillicile
1673 1453 1762 1507 sit.
1811 1451 1900 1504 ln-

323 1546 530 1601 terdum
557 1560 690 1600 vero
717 1561 785 1600 ex
819 1547 895 1600 rei
930 1546 1125 1616 ipsius,
1166 1545 1234 1600 de
1279 1559 1387 1615 qua
1439 1544 1638 1614 agitur,
1677 1552 1895 1610 natura,

324 1638 366 1693 si
423 1638 545 1708 quis
597 1638 878 1708 paululum
919 1638 1177 1692 adhibeat
1221 1636 1437 1706 judicii,
1491 1637 1640 1692 nullo
1677 1638 1896 1707 negotio

321 1729 668 1784 discernitur.
710 1727 888 1797 Hujus
934 1729 1010 1783 rei
1057 1729 1304 1798 exempla
1348 1745 1456 1783 non
1491 1744 1661 1798 pauca
1695 1744 1895 1798 suppe-

2003 542 2106 597 bus
2146 541 2294 596 follis
2342 541 2556 604 obolus,
2606 540 2691 593 vel
2744 556 2920 595 aereus
2969 556 3090 596 esse
3141 541 3364 608 dicitur,
3410 551 3468 595 ut
3498 550 3580 596 est

2001 631 2144 702 apud
2175 630 2610 701 _MoscliOpulum
2663 647 2726 685 ac
2782 630 3029 686 Suidam.
3097 633 3293 699 Tales,
3341 635 3447 688 hoc
3495 642 3581 688 est

1999 723 2146 786 terei,
2206 722 2419 776 fuerunt
2490 723 2604 785 illi,
2655 737 2888 792 quorum
2950 725 3192 778 meminit
3239 727 3580 794 Augustinus

1998 814 2094 868 lib.
2126 831 2273 868 χχιιι
2306 814 2380 868 De
2411 817 2548 868 civit.
2584 831 2704 885 cap.
2750 815 2803 869 8.
2848 816 2966 881 Quo
3004 817 3056 869 in
3091 818 3212 870 loco
3257 817 3580 872 miraculum

2004 906 2271 975 quoddam
2311 915 2581 969 recenset,
2619 916 2784 976 atque
2828 908 3114 961 historiam
3151 907 3412 962 Florentii
3457 923 3580 962 sar—-

2008 997 2156 1060 roris,
2211 997 2448 1053 hominis
2499 1000 2860 1068 egentissimi,
2910 1003 2999 1068 qui
3057 1001 3122 1054 ad
3164 1018 3233 1055 xx
3277 1010 3576 1072 martyrum

1999 1089 2318 1143 memoriam
2357 1105 2548 1153 orans,
2584 1091 2868 1159 pecuniam
2905 1092 2972 1144 ad
3011 1104 3189 1146 vestes
3215 1093 3476 1146 emendas
3509 1093 3579 1147 ab

2000 1177 2106 1231 illis
2133 1179 2425 1246 postulavit
2459 1197 2470 1230 :
2508 1196 2723 1248 eumque
2757 1179 3131 1241 discedentem,
3169 1181 3363 1248 inquit,
3399 1181 3580 1233 adole-

2000 1277 2221 1328 scentes,
2275 1269 2364 1336 qui
2425 1268 2670 1331 aderant,
2718 1270 3046 1337 cxagitantes
3109 1269 3575 1339 prosequebantur,

1998 1361 2152 1425 quasi
2190 1376 2221 1412 a
2258 1360 2580 1429 martyribus
2625 1361 3012 1430 quinquagenos
3047 1361 3218 1428 folles,
3251 1363 3383 1414 unde
3430 1364 3576 1416 resti-

1999 1461 2225 1503 mentum
2245 1460 2452 1514 emeret,
2475 1452 2758 1520 petivisset.
2788 1452 2909 1504 Mox
2929 1451 3018 1504 ille
3035 1451 3320 1506 discedens
3345 1452 3576 1521 ejectum

1998 1539 2053 1592 in
2104 1541 2286 1593 littore
2337 1540 2545 1610 piscem
2579 1541 2847 1610 ingentem
2895 1543 3114 1610 reperit,
3149 1557 3308 1609 quem
3359 1543 3576 1598 cuidam

1997 1646 2173 1700 coquo
2201 1634 2462 1688 trecentis
2498 1633 2717 1687 follibus
2751 1633 3014 1688 vendidit.
3055 1632 3178 1686 Haec
3213 1631 3577 1702 Augustinus.

2005 1721 2147 1776 Sane
2179 1722 2333 1778 folles
2403 1725 2490 1777 isti
2527 1740 2634 1777 non
2672 1724 2911 1793 argentei
2952 1732 3099 1785 sunt,
3137 1731 3196 1775 ut
3229 1723 3424 1791 opinor
3468 1722 3582 1790 (ue—

320 1822 452 1871 tum.
491 1815 603 1870 Sed
638 1816 874 1886 insignia
923 1816 1158 1870 maxime
1202 1827 1351 1880 sunt,
1396 1834 1518 1888 quae
1551 1834 1618 1874 ex
1646 1818 1894 1873 Theodo-
1929 1801 1969 1854 Β
1999 1829 2105 1883 que
2133 1813 2277 1868 enim
2312 1815 2449 1868 tanti
2507 1815 2675 1883 piscis
2734 1829 2875 1868 unus
2904 1829 2932 1866 a
2979 1828 3155 1882 coquo
3200 1813 3581 1871 redimeretur,

321 1908 469 1961 siano
499 1907 694 1963 codice
737 1907 1002 1963 adversus
1026 1908 1551 1978 jurisconsultorum
1598 1913 1895 1982 principem

321 1997 374 2052 in
406 1999 789 2068 superioribus
821 1999 1268 2056 adduximus.’ln
1303 2004 1505 2071 quibus
1534 2019 1656 2058 cum
1701 2013 1898 2059 caatera

321 2090 449 2145 satis
468 2091 801 2160 explicatam
822 2092 1090 2145 rationem
1116 2093 1366 2161 habeant,
1393 2096 1602 2164 primus
1635 2097 1724 2150 ille
1749 2097 1899 2152 locus

319 2181 383 2236 de
417 2181 899 2251 Appellationibus
939 2185 1271 2248 temerariis,
1307 2188 1509 2255 quibus
1538 2203 1644 2240 xxx
1692 2187 1899 2255 [allium

316 2272 478 2325 multa
502 2271 740 2338 dicitur,
769 2272 1058 2342 ambiguus
1089 2290 1212 2330 esse
1257 2284 1454 2344 potest.
1488 2277 1586 2342 Qui
1623 2285 1801 2332 tamen
1834 2295 1901 2332 ex

316 2363 836 2434 iurisconsultorum
870 2382 995 2428 usu,
1028 2375 1082 2421 et
1106 2382 1287 2420 causa:
1328 2367 1502 2435 ipsius
1530 2369 1725 2422 merito
1753 2369 1899 2438 diju-

315 2450 578 2506 tlicandus
616 2459 722 2506 est.
763 2451 832 2507 Ut
878 2455 962 2508 vel
999 2471 1105 2507 xxx
1134 2456 1242 2508 sint
1282 2458 1525 2524 argentei
1557 2459 1789 2521 nummi,
1817 2459 1899 2513 ve!

317 2541 567 2605 totidem,
652 2544 730 2596 uti
791 2544 1072 2608 diximus,
1125 2560 1474 2601 nummorum
1533 2548 1895 2619 ἀθροίσματα.

317 2631 462 2700 Apud
492 2631 931 2687 Alexandrinum
960 2651 1088 2688 vero
1118 2635 1435 2702 C/n'onicon,
1467 2638 1555 2691 ubi
1600 2639 1655 2692 in
1686 2655 1898 2694 summa

317 2736 536 2777 annona:
564 2723 862 2786 charitate,
889 2727 1045 2794 panis
1080 2727 1300 2784 follibus
1322 2729 1542 2785 venisse
1564 2731 1742 2786 tribus
1771 2732 1903 2785 dici-

316 2821 416 2875 tur,
450 2814 622 2870 folles
674 2831 783 2870 non
813 2832 1030 2884 aureos,
1060 2820 1154 2888 qui
1196 2821 1328 2874 nulli
1378 2820 1433 2874 in
1475 2836 1655 2875 rerum
1705 2831 1900 2876 natura

316 2905 552 2972 fuerunt,
613 2907 708 2962 sed
741 2917 1029 2978 argenteos
1069 2910 1421 2979 interpretor,
1453 2911 1558 2966 hoc
1606 2919 1690 2966 est
1739 2927 1901 2968 senos

317 2997 583 3052 milliaren
599 3013 710 3053 ses.
1170 2994 1180 3005 ’

2003 1921 2197 1975 nempe
2213 1907 2486 1961 sexcentis
2508 1906 2954 1968 tnilliarensibus,
2982 1915 3074 1958 aut
3099 1905 3395 1975 majoribus
3418 1905 3581 1958 etiam

2001 1995 2292 2064 argenteis,
2327 1995 2417 2064 qui
2443 1995 2486 2050 si
2523 1995 2827 2048 didraclnni
2856 1994 3079 2056 fuerint,
3116 1995 3261 2048 mille
3291 2008 3354 2047 ac
3377 1993 3579 2046 ducen-

2002 2094 2088 2141 tos
2110 2087 2364 2140 denarios
2387 2095 2677 2156 argenteos
2709 2086 2986 2154 reddunt),
3008 2102 3194 2138 verum
3217 2086 3340 2138 terei
3371 2084 3578 2138 nummi

2002 2177 2172 2231 fuisse
2199 2177 2474 2240 videntur,
2517 2176 2742 2231 a’terius
2779 2177 2936 2245 plane
2978 2176 3202 2244 speciei,
3240 2192 3399 2246 quam
3434 2175 3579 2229 Con-

2002 2269 2325 2324 stantiniani
2364 2268 2464 2331 illi,
2511 2283 2741 2338 quorum
2794 2269 2897 2321 tria
2945 2269 3112 2321 miliia
3167 2284 3263 2337 per
3300 2267 3580 2322 universas

2001 2359 2214 2423 Africzr,
2248 2357 2512 2413 Numidiae
2563 2375 2626 2412 ac
2665 2359 3003 2412 Mauritania:
3045 2359 3318 2413 Ecclesias
3343 2360 3576 2427 impera-

2002 2455 2088 2503 tdr
2114 2450 2204 2503 ille
2233 2449 2534 2503 distribuit.
2564 2448 2743 2514 Quare
2770 2451 2928 2502 ambo
2957 2451 3046 2502 illa
3075 2451 3320 2518 exen'ipla
3355 2450 3580 2502 minime

2003 2540 2386 2596 confundenda
2423 2541 2663 2594 fuerunt.
2691 2539 2845 2606 Quod
2871 2540 3011 2595 idem
3041 2551 3093 2595 et
3123 2541 3190 2595 de
3225 2540 3443 2593 follibus
3474 2539 3580 2594 illis

2001 2631 2420 2702 quadringentis
2454 2631 2728 2686 aestimare
2771 2631 2916 2695 licet,
2948 2647 3087 2700 quos
3131 2631 3339 2684 Lueilla
3389 2631 3579 2686 claris-

2003 2724 2142 2779 sima
2173 2722 2371 2777 femina
2403 2738 2499 2791 pro
2542 2722 2792 2790 Majorini
2838 2722 3185 2778 ordinatione
3227 2723 3407 2784 dedit;
3442 2737 3581 2791 quo—

2003 2830 2123 2870 rum
2164 2816 2218 2868 in
2245 2830 2412 2869 causa
2439 2815 2846 2869 Donatistarum
2889 2815 3144 2883 frequens
3167 2815 3407 2869 occurrit
3432 2831 3583 2870 men-

2003 2908 2100 2970 tio,
2144 2915 2204 2961 ut
2249 2906 2393 2975 apud
2447 2907 2586 2975 Aug.
2638 2905 2731 2959 lib.
2778 2921 2836 2958 Ill
2891 2915 3075 2959 contra
3114 2905 3376 2960 Crescent.
3429 2905 3582 2959 Ridi-

2006 2999 2128 3053 cule
2158 2998 2303 3052 enim
2333 2996 2489 3051 folles
2512 2997 2648 3049 istos
2670 2995 2913 3064 ejusdem
2939 2997 3151 3065 generis
3177 3011 3298 3049 cum
3325 2995 3580 3049 trecentis

381 3086 665 3145 Eusebius
694 3089 787 3144 lib.
815 3106 846 3143 ι
873 3089 1018 3145 Hist.
1057 3105 1177 3162 cap.
1204 3091 1256 3153 6,
1287 3091 1707 3146 Constantinum
1737 3092 1902 3148 refert
1930 3127 1972 3185 Β
2005 3087 2112 3141 illis
2151 3102 2274 3141 esse
2309 3085 2537 3150 dixeris,
2579 3086 2780 3155 quibus
2811 3085 3016 3154 piscem
3047 3097 3224 3139 sarlor
3252 3085 3341 3138 illc
3366 3099 3584 3152 permu-

316 3175 616 3234 Caeciliano
638 3180 1062 3251 Carthaginensi
1089 3183 1349 3252 episcopo
1381 3183 1486 3236 tria
1519 3183 1727 3237 follium
1773 3185 1900 3239 mil-

318 3268 384 3322 lia
421 3272 477 3325 in
535 3271 940 3327 Africanarum
995 3275 1401 3343 provinciarum
1455 3273 1728 3330 Ecclesias
1777 3291 1901 3331 ero-

315 3359 484 3428 ganda
515 3361 766 3416 misisse.
803 3363 879 3416 lbi
910 3362 1195 3433 τρισχίλιοι
1241 3362 1454 3431 φόλλεις
1510 3364 1730 3419 totidem
1780 3380 1904 3420 sac-

320 3451 421 3504 culi
467 3460 641 3517 sunt,
698 3469 1176 3524 nummorumque.
1220 3452 1407 3525 Neque
1444 3455 1592 3509 enim
1644 3453 1906 3510 eruditis-

321 3538 457 3595 simo
485 3541 606 3598 viro
639 3541 1254 3612 astipulatoraccedam
1291 3562 1305 3600 :
1337 3544 1430 3614 qui
1461 3544 1528 3600 de
1566 3543 1695 3599 folle
1715 3559 1902 3615 agens,

2006 3176 2163 3230 tavit.
2203 3175 2386 3240 Quare
2435 3175 2501 3228 ad
2553 3185 2842 3246 argenteos
2906 3173 3062 3229 folles
3110 3174 3381 3242 pertinere
3426 3180 3583 3242 puto:

2009 3268 2207 3323 Eadem
2240 3269 2294 3322 in
2319 3268 2532 3322 caeteris
2561 3268 2845 3337 exemplis,
2876 3283 2996 3337 qum
3025 3268 3229 3336 passim
3261 3275 3580 3328 occurrunt,

2008 3361 2314 3415 adhibenda
2348 3361 2532 3414 cautio
2569 3366 2674 3425 est,
2707 3367 2765 3412 ut
2802 3375 2902 3427 pro
2937 3357 3240 3429 argumenti
3273 3357 3500 3414 ratione,
3528 3363 3584 3408 et

2008 3469 2074 3508 ex
2109 3453 2377 3509 orationis
2415 3451 2711 3524 ἀκολουθίᾳ
2741 3453 3096 3506 divinandum
3131 3452 3224 3514 sit,
3259 3451 3326 3506 de
3354 3466 3462 3522 quo
3490 3451 3585 3504 fol-

2010 3547 2082 3602 lis
2109 3561 2307 3617 genere
2332 3561 2512 3602 sermo
2535 3546 2606 3601 ab
2639 3545 2960 3600 auctoribus
2990 3544 3328 3599 instituatur.

341 3733 2536 3761 Μ

1294 3900 1950 4015 DIONYSII
2027 3824 2617 4022 PETAVII

1619 4124 1662 4179 E
1699 4121 2086 4179 SOCIETATE
2118 4123 2283 4180 JESU

328 4282 731 4346 ELENCHUS
769 4279 1630 4343 DISPUNCTIUNCULARUM
1661 4279 1898 4420 ἨκοΤέΙέ

1725 4383 1742 4420 ι
1895 4375 1898 4404 ι

2002 4281 2363 4421 ἑδῗξΜΟΝΙΙ
2390 4281 2488 4343 DE
2521 4283 3024 4346 ΡΕΕΝΙΤΕΝΤΙᾹΞ
3079 4285 3263 4346 RITU
3308 4287 3588 4349 VETEIU

1725 4383 1766 4420 LV
1803 4383 2152 4421 DUIJLDDIA
2161 4408 2174 4422 .

1039 4525 1147 4595 (Cf.
1188 4525 1390 4581 Petavii
1427 4526 1725 4582 Diatribam
1747 4527 1812 4582 de
1833 4527 2153 4597 paenitentia
2187 4527 2293 4582 ritu
2330 4530 2489 4583 veteri
2515 4529 2567 4583 in
2600 4528 2884 4601 Ecclesia.)

329 4760 786 4818 Rerercndissimo
819 4762 872 4815 in
906 4758 1120 4816 Christo
1146 4759 1300 4813 Patri
1328 4759 1562 4815 Gabrieli
1597 4761 1970 4885 Albaspitnqzob
1998 4763 2372 4888 Aurgliancnsi
2418 4763 2704 4834 Episcopo,
2745 4763 3036 4834 Dionysius
3077 4764 3327 4818 Petavius
3355 4781 3383 4817 e
3414 4764 3588 4818 Socie-

1832 4850 1863 4886 a
1890 4849 1916 4886 e
1979 4850 2072 4887 esu
2151 4873 2162 4885 .

1832 4849 1916 4886 ate
1940 4849 2072 4887 Jesu
2105 4849 2162 4887 δ.

392 4951 552 5015 Quod
588 4951 647 5003 in
676 4949 991 5002 clericorum
1030 4946 1252 5017 querelis
1275 4955 1325 5000 et
1341 4949 1712 5002 controrersiis
1751 4959 1926 5002 cetera
1961 4948 2215 5003 Ecclesite
2234 4949 2365 5017 jura
2383 4949 2757 5016 prwscribunt,
2785 4947 2994 5002 Prtesul
3022 4949 3363 5018 amplissime,
3401 4958 3455 5000 ut
3487 4949 3591 5013 cpi-

328 5042 468 5108 scopi
494 5058 552 5094 se
585 5039 814 5094 arbitrio
835 5040 1137 5110 judicioque
1165 5037 1460 5092 sistant:id
1488 5039 1540 5091 in
1563 5039 1659 5091 hac
1701 5040 1930 5109 quadam
1963 5041 2056 5094 lite
2078 5050 2262 5094 nostra
2304 5027 2526 5094 libenter
2570 5042 2638 5094 ad
2691 5051 2737 5094 te
2767 5043 2913 5095 renio
2957 5043 3284 5111 studioseque
3327 5041 3590 5109 facturus.

327 5139 631 5191 Accusatus
664 5136 801 5188 enim
835 5152 866 5188 a
893 5135 1083 5188 clerico
1116 5144 1205 5187 tuo
1231 5135 1453 5188 clericus
1473 5144 1520 5187 et
1552 5134 1661 5202 ipse
1689 5137 1954 5205 quondam
1990 5145 2110 5190 tuus
2141 5153 2158 5190 :
2193 5147 2303 5189 tum
2347 5136 2669 5206 injuriarum
2703 5137 2755 5190 in
2785 5145 2831 5190 te
2863 5137 2999 5198 falso
3038 5146 3087 5189 et
3114 5135 3375 5188 immerito
3409 5145 3592 5200 postu-

329 5231 490 5296 latus,
519 5249 632 5284 non
661 5231 848 5295 alium,
880 5247 1040 5300 quam
1075 5231 1299 5298 teipsum
1337 5230 1463 5283 mihi
1483 5229 1745 5300 judicent,
1774 5232 1878 5283 into
1914 5248 2034 5286 vero
2067 5231 2396 5301 defensorem
2434 5248 2496 5284 ac
2540 5241 2822 5299 patronum
2858 5231 3092 5301 qitwsivi.
3131 5228 3320 5282 Editus
3350 5239 3424 5283 est
3451 5229 3590 5282 enim

330 5336 525 5386 paucos
559 5331 686 5376 ante
720 5339 920 5376 menses
958 5322 1214 5376 obscurus
1242 5321 1460 5391 quidam
1502 5320 1710 5376 libellus
1743 5339 1776 5374 a
1808 5320 2086 5376 Maturino
2125 5322 2388 5382 Simonio,
2427 5323 2832 5376 Aurelianensis
2879 5320 3132 5374 Ecclesia:
3163 5320 3360 5374 decano
3390 5336 3407 5372 :
3437 5323 3588 5388 cujus

336 5412 527 5472 species
560 5421 614 5464 et
653 5413 928 5480 inscriptio
973 5413 1184 5484 quidem
1217 5413 1328 5479 ipsa
1374 5411 1867 5480 dispunctiunculas
1903 5415 2078 5467 nescio
2113 5429 2246 5482 quas
2275 5413 2340 5465 de
2383 5412 2702 5478 paenitentia;
2735 5415 2844 5464 ritu
2885 5420 3051 5464 vetere
3080 5411 3135 5463 in
3163 5409 3405 5464 Ecclesia
3433 5410 3590 5478 polli-

332 5516 497 5559 cetur.
529 5505 644 5561 Sed
677 5509 729 5562 in
753 5510 998 5576 epistola,
1025 5525 1184 5578 quam
1215 5509 1271 5560 in
1300 5507 1473 5576 fronte
1497 5507 1593 5561 tibi
1621 5511 1790 5577 operis
1821 5510 2114 5578 inscripsit,
2145 5516 2424 5577 postquam
2456 5507 2743 5561 verissimis
2776 5516 2824 5560 te
2856 5505 3128 5570 laudibus,
3160 5515 3214 5558 at
3239 5505 3389 5576 longe
3404 5507 3590 5559 merita

335 5608 424 5650 tuo
461 5599 782 5666 minorilus,
815 5604 1042 5667 ornavit,
1074 5603 1138 5657 de
1164 5619 1242 5656 me
1270 5605 1350 5655 ita
1377 5603 1612 5672 queritur
1645 5619 1662 5656 :
1696 5603 1830 5656 Cum
1861 5603 2080 5672 ingenui
2113 5603 2185 5656 sit
2209 5601 2377 5655 animi
2411 5600 2679 5672 profiteri,
2711 5615 2805 5670 per
2831 5615 2970 5670 quos
2999 5601 3318 5671 profeceris,
3351 5600 3587 5669 idipsum

336 5691 498 5746 factis
533 5692 657 5747 suis
683 5710 789 5750 non
826 5696 1084 5766 probas-9
1113 5695 1426 5762 Pctavium;
1449 5697 1555 5766 ’qui
1588 5711 1709 5758 qua:
1741 5697 1794 5750 in
1819 5695 2036 5752 schedis
2066 5695 2178 5752 tuis
2201 5711 2229 5749 a
2269 5711 2330 5751 se
2365 5698 2501 5751 lecta
2519 5711 2642 5752 esse
2667 5695 2821 5760 dicit,
2853 5711 2940 5762 ea,
2973 5707 3024 5750 te
3047 5711 3315 5766 nusquam
3343 5694 3587 5759 laudato,

339 5784 631 5852 publicare
662 5790 1024 5846 antcvcrtcrit.
1059 5789 1228 5860 Caput
1268 5801 1344 5846 est
1377 5791 1472 5846 lwc
1503 5791 1862 5848 accusationis
1898 5791 2068 5862 illius,
2100 5793 2437 5864 crimimsquc
2478 5796 2687 5848 nostri:
2727 5801 2844 5847 tum
2876 5791 3042 5848 libelli
3073 5787 3433 5848 conscribendi
3465 5786 3588 5854 ﬁnis
