4028 6220
443 299 549 366 603
1764 297 1945 356 DION.
1987 300 2028 355 Ρ

2062 301 2335 360 .TAVIUS
3563 310 3653 366 θοι

439 431 510 469 un
536 432 648 470 cus.
678 413 900 488 Reliqua
932 415 1224 485 disputatio
1253 415 1444 481 omnis,
1478 433 1636 488 quam
1661 428 1851 486 septem
1885 422 2146 489 capitibus
2177 423 2567 491 complectitur,
2599 420 2919 477 accessionis
2947 424 3119 478 locum
3146 425 3327 481 habet.
3353 423 3532 497 itaque
3552 430 3658 480 lan-

438 509 602 576 guida
630 517 730 572 est,
759 525 820 561 ac
844 507 1029 561 debilis
1067 505 1210 560 illius
1247 506 1312 560 de
1349 510 1455 561 ritu
1479 510 1797 576 paenitentia:
1836 527 2152 582 consequens
2193 515 2388 579 oratio,
2422 522 2472 567 et
2502 522 2560 566 ut
2592 525 2782 568 cwtera
2818 530 2923 566 non
2953 511 3142 576 desint,
3175 513 3324 567 nuda
3363 526 3411 568 et
3457 517 3662 584 simplici

441 603 756 655 auctoritate
786 600 1028 661 dicentis,
1061 617 1163 653 non
1191 600 1592 670 probationibus
1615 606 2036 675 argumentisque
2066 605 2278 672 nititur,
2310 615 2366 659 ut
2389 605 2583 660 indicio
2614 607 2705 672 sit,
2739 623 2839 660 non
2872 606 3128 674 pra'cipue
3157 605 3216 658 id
3244 605 3397 659 illum
3426 617 3662 676 agentem,

438 696 508 749 ad
546 696 767 748 alterius
796 695 1029 747 instituti
1061 697 1389 750 occasionem
1420 699 1522 751 ista
1571 700 1868 768 scripsisse.
1901 698 2013 770 Ego
2044 717 2164 755 vero
2204 709 2483 771 postquam
2520 710 2718 754 attente
2765 700 3137 770 diligenterque
3175 699 3544 767 circumspexi,
3568 717 3664 753 me-

435 803 534 855 que
557 789 611 840 in
636 803 810 841 omnes
837 798 1015 856 partes
1059 791 1378 861 cogitatione
1407 795 1656 860 converti,
1686 794 1980 866 intelligere
2021 813 2123 851 non
2151 812 2386 864 possum,
2418 812 2521 866 qua
2555 812 2610 849 re
2644 795 2902 848 adductus
2929 793 3038 855 ille,
3073 809 3237 886 quem
3262 810 3425 863 neque
3453 792 3512 848 de
3548 794 3666 848 facie

435 883 685 935 hactenus
715 883 853 946 novi,
883 900 1045 954 neque
1074 902 1192 938 cum
1217 902 1276 940 eo
1306 902 1460 940 usum
1489 887 1744 957 aliquem,
1770 906 1834 942 oc
1865 907 1928 944 ne
1971 890 2223 944 levissimi
2254 891 2461 960 quidem
2498 891 2756 944 sermonis
2797 889 3165 944 commercium
3198 883 3383 952 habui,
3417 889 3562 958 cujus
3585 889 3666 942 de-

434 975 587 1043 nique
615 990 800 1028 nomen
829 975 1066 1040 aliunde,
1097 995 1256 1047 quant
1296 994 1362 1033 ex
1387 979 1972 1049 dispunctiuncularum
2006 982 2369 1050 inscriptione,
2401 998 2506 1036 non
2543 981 2727 1048 didici,
2765 982 2841 1034 ita
2878 982 2933 1035 in
2975 997 3056 1034 me
3086 980 3404 1035 commoveri
3435 981 3665 1047 potuerit,

435 1076 544 1118 tam
575 1074 630 1117 ut
668 1065 1003 1120 incredibilia
1047 1067 1110 1121 de
1143 1085 1222 1124 me
1253 1087 1350 1123 sua
1381 1071 1474 1124 illa
1505 1073 1734 1140 epistola
1773 1072 2027 1144 uulgaret.
2071 1072 2326 1144 Equidem
2357 1073 2615 1128 decanum
2645 1072 3046 1128 Aurelianensis
3094 1069 3354 1126 Ecclesia:
3392 1087 3492 1125 non
3529 1071 3667 1126 modo

434 1161 800 1217 Christianum
826 1174 875 1218 et
905 1163 1257 1232 Catholicum,
1277 1168 1366 1221 sed
1391 1169 1553 1223 etiam
1586 1171 1759 1224 virum
1791 1168 1981 1223 bonum
2001 1187 2063 1224 ac
2090 1171 2309 1239 probum
2340 1187 2452 1226 esse
2477 1179 2678 1232 statuo,
2707 1187 2867 1241 neque
2889 1167 3213 1224 Christiana:
3242 1167 3392 1238 legis,
3420 1175 3470 1220 et
3497 1166 3668 1220 divina:

432 1254 782 1326 fraterneque
814 1256 1091 1312 charitatis
1120 1258 1362 1313 oblitum.
1400 1260 1572 1331 Atque
1615 1277 1675 1316 eo
1711 1261 1879 1332 magis
1909 1261 2164 1327 admiror,
2201 1259 2255 1312 id
2303 1263 2498 1325 a'tatis,
2531 1259 2844 1330 prudentiae,
2876 1258 3080 1313 ordinis
3119 1274 3184 1310 ac
3211 1255 3489 1326 dignitatis
3515 1254 3669 1308 homi-

436 1364 575 1412 nem,
609 1365 711 1402 non
735 1349 908 1402 dicam
941 1351 1051 1405 haec
1081 1351 1302 1421 ﬁnxisse
1328 1352 1392 1407 de
1428 1370 1528 1419 me,
1556 1353 1647 1408 sed
1700 1355 2038 1423 undecunque
2069 1353 2278 1408 tandem
2321 1363 2553 1423 accepta,
2595 1363 2706 1407 tam
2739 1351 3025 1407 credidisse
3056 1349 3240 1420 facile,
3278 1357 3338 1402 ut
3370 1348 3490 1402 aliis
3525 1348 3666 1401 etiam

431 1441 746 1509 persuadere
790 1443 1033 1500 voluerit.
1076 1445 1219 1500 Nam
1244 1447 1372 1518 quid
1412 1464 1472 1503 eo
1518 1450 1759 1514 crimine,
1792 1446 1930 1518 quod
1958 1448 2104 1503 nobis
2140 1449 2344 1518 objicit,
2389 1451 2577 1504 vanius
2607 1457 2711 1513 est,
2743 1456 2837 1501 aut
2864 1446 3056 1501 minori
3100 1445 3342 1500 veritatis
3371 1442 3535 1511 specie
3559 1457 3671 1496 con.

431 1539 712 1608 junctum?
741 1539 972 1596 Schedas
1016 1559 1095 1598 me
1125 1552 1268 1609 tuas,
1301 1543 1510 1599 Prcesul
1557 1545 1901 1616 amplissime,
1933 1554 2211 1614 antequam
2250 1543 2778 1599 Animadversiones
2809 1551 3020 1597 nostras
3058 1542 3290 1608 ederem,
3333 1539 3512 1609 legisse
3535 1536 3666 1590 dicit.

434 1634 590 1700 Quod
622 1635 771 1705 longe
793 1635 952 1690 aliter
979 1637 1190 1702 habere,
1225 1656 1328 1694 non
1353 1648 1408 1694 tu
1435 1641 1546 1710 ipse
1571 1639 1725 1696 modo
1745 1641 1886 1702 scis;
1911 1637 2002 1694 sed
2035 1639 2218 1692 amicis
2246 1639 2406 1694 etiam
2433 1638 2629 1692 nostris
2659 1653 2722 1691 ea
2754 1637 2819 1691 de
2847 1652 2900 1690 re
2932 1634 3276 1706 querentibus
3307 1632 3487 1701 palam
3518 1638 3666 1684 testa-

434 1738 517 1783 tus
541 1747 594 1784 es
621 1746 640 1784 :
673 1733 885 1786 tametsi
915 1732 1137 1787 schedas
1178 1751 1259 1788 tne
1290 1734 1478 1801 leqisse
1501 1744 1622 1790 tuas
1654 1750 1759 1789 non
1791 1735 1881 1788 ille
1903 1732 2112 1804 quidem
2135 1732 2268 1788 dicit
2295 1741 2496 1804 aperte,
2521 1732 2613 1786 sed
2639 1731 2845 1802 oblique
2876 1738 2926 1786 et
2959 1729 3189 1797 captiose
3231 1726 3488 1796 loquitur,
3511 1731 3565 1776 ut
3591 1719 3670 1790 qui

433 1824 606 1979 mi?“
634 1833 833 1880 αηεητε
859 1826 1024 1894 ἱρεῖαι
1062 1827 1218 1883 verba
1258 1839 1595 1899 percurrunt,
1625 1829 1764 1884 illud
1791 1831 1965 1899 ipsum
2012 1828 2283 1899 ofﬁrmari
2312 1835 2521 1898 putent,
2563 1836 2719 1897 atque
2754 1823 3019 1896 ejusmodi
3047 1825 3111 1879 de
3143 1822 3302 1878 nobis
3345 1819 3680 1891 suspicionem.

433 1927 501 1964 au
528 1921 699 1967 erant.

433 1921 699 1967 auferant.

501 2001 705 2057 Rursus
733 2004 781 2058 si
809 2003 874 2057 de
905 2013 1012 2057 tant
1037 2007 1313 2074 perspicua
1342 2007 1585 2076 falsitate
1618 2007 1934 2078 redarguere
1957 2009 2223 2078 quispiam
2253 2008 2408 2062 illaut
2443 2007 2689 2069 voluerit,
2716 2022 2777 2060 eo
2805 2005 3087 2075 confugere
3113 2005 3310 2072 possit,
3341 2019 3444 2056 non
3466 2016 3519 2054 se
3545 1997 3672 2053 sche-

431 2091 528 2146 das
563 2095 694 2148 istas
727 2111 760 2148 a
790 2094 938 2149 nobis
969 2095 1170 2150 dixisse
1207 2112 1318 2151 esse
1348 2097 1533 2165 lectas,
1561 2098 1676 2164 sed,
1718 2101 1856 2169 quod
1899 2099 1952 2152 in
1983 2097 2187 2152 schedis
2223 2099 2328 2152 tuis
2379 2098 2489 2166 ipse
2533 2097 2759 2169 legisset,
2792 2095 2855 2150 de
2880 2112 2981 2165 quo
3011 2111 3314 2149 sermonem
3357 2109 3489 2162 sa’pe
3522 2101 3670 2144 tecum

430 2185 751 2252 habuissem,
783 2189 838 2242 id
873 2206 952 2243 me
983 2189 1134 2245 edere
1160 2192 1216 2246 in
1244 2192 1428 2262 vulgus
1457 2194 1818 2248 antevertisse.
1859 2194 1928 2247 At
1959 2210 2052 2264 ego
2079 2211 2160 2247 me
2184 2203 2354 2247 tecum
2397 2193 2593 2262 fateor,
2630 2209 2750 2246 cum
2796 2191 2920 2246 aliis
2948 2190 3012 2245 de
3049 2190 3205 2245 rebus
3246 2206 3365 2260 qua:
3391 2189 3458 2243 ad
3488 2186 3672 2242 doctri-

431 2295 555 2332 nam
575 2279 853 2346 pertinent,
888 2289 996 2332 tum
1018 2280 1081 2334 de
1114 2281 1484 2335 ecclesiasticis
1507 2282 1743 2337 moribus
1765 2293 1816 2337 et
1868 2283 2192 2354 antiquitate
2220 2299 2322 2336 non
2353 2299 2477 2336 raro
2502 2281 2837 2350 disputasse;
2863 2299 2925 2335 ac
2958 2280 3023 2334 de
3046 2282 3347 2341 nonnullis,
3373 2295 3486 2351 quea
3514 2277 3670 2330 minus

431 2367 684 2424 hab'ebam
713 2362 1005 2436 explicata,
1040 2372 1328 2437 qua'sisse;
1373 2389 1466 2426 nec
1509 2374 1820 2428 mediocrem
1858 2389 1986 2426 sane
2030 2373 2266 2440 fructum
2313 2388 2378 2426 ex
2425 2373 2522 2427 hoc
2554 2391 2655 2429 usu
2703 2384 2790 2428 tuo
2822 2390 2888 2427 ac
2919 2373 3181 2442 colloquio
3228 2371 3446 2442 cepisse,
3476 2383 3583 2423 cum
3611 2366 3678 2418 iis

428 2462 610 2524 etiam,
641 2478 758 2530 qua:
783 2471 888 2516 ate
933 2464 1402 2532 respondebantur.
1427 2467 1622 2534 partim
1665 2468 1951 2519 assentirer
1979 2467 2208 2533 penitus,
2239 2467 2434 2533 partim
2467 2469 2633 2537 fretus
2674 2470 2922 2539 wquitate
2964 2469 3400 2537 humanitateque
3447 2474 3534 2518 tua
3557 2477 3668 2515 cou-

433 2553 744 2608 tradicerem
773 2572 786 2608 :
820 2571 944 2607 nam
982 2571 1100 2608 cum
1141 2555 1294 2610 hodie
1337 2567 1386 2610 tc
1425 2573 1574 2612 nemo
1604 2573 1776 2611 rerum
1806 2555 2022 2610 illarum
2069 2559 2289 2612 scientia
2321 2568 2370 2613 et
2401 2561 2779 2614 exercitatione
2816 2570 3049 2629 superet,
3091 2568 3200 2612 tum
3254 2557 3479 2612 candore
3515 2553 3598 2608 illo
3622 2557 3667 2606 et

433 2649 695 2717 facilitate
724 2649 945 2718 miriﬁce
977 2659 1233 2718 prwstas,
1264 2658 1323 2702 ut
1345 2667 1548 2714 eorum,
1576 2667 1691 2721 qua:
1714 2652 1978 2721 sapienter
2017 2653 2236 2717 asseris,
2266 2669 2392 2720 non,
2419 2663 2475 2707 ut
2519 2654 2634 2717 ille,
2664 2654 2756 2722 qui
2780 2663 2966 2708 contra
2990 2670 3069 2707 me
3095 2654 3336 2720 scripsit,
3379 2650 3670 2705 auctoritate

431 2743 551 2798 sola
579 2741 739 2812 fidem
767 2751 1106 2813 extorqueas,
1145 2743 1236 2796 sed
1269 2742 1490 2797 liberum
1511 2743 1697 2812 cuique
1711 2742 2008 2812 judicium,
2033 2755 2082 2798 et
2116 2744 2372 2814 integras,
2400 2761 2517 2815 qute
2560 2745 2704 2810 velit,
2737 2745 2919 2799 tuendi
2949 2760 3014 2800 ac
3055 2744 3373 2812 disputandi
3404 2751 3567 2813 partes
3595 2757 3673 2794 re-

433 2837 662 2908 linquas.
701 2838 852 2903 Quod
885 2839 952 2890 ad
977 2853 1039 2892 ea
1065 2854 1181 2892 vero
1204 2839 1450 2906 pertinet,
1475 2855 1592 2908 qua:
1633 2837 1698 2892 de
1722 2839 2053 2908 pwnitentin,
2083 2838 2246 2909 deque
2265 2841 2468 2896 cwteris
2497 2839 2749 2895 Ecclesia
2778 2839 2988 2906 ritibus,
3025 2840 3080 2893 in
3123 2838 3506 2908 Epiphanianis
3543 2834 3662 2889 Ani-

432 2933 906 2989 madversionibus
936 2942 1316 2987 commentatus
1342 2949 1482 2994 sum.
1511 2950 1572 2988 ea
1598 2950 1679 2988 me
1712 2935 1846 3000 scio,
1871 2932 2001 2988 DEI
2046 2951 2140 3003 ope
2171 2951 2233 2988 ac
2255 2935 2527 3003 beneﬁcio.
2557 2951 2656 2986 non
2695 2932 2908 2988 aliunde
2951 2934 3100 2997 mihi,
3128 2949 3296 3003 quam
3330 2935 3500 2987 labore
3524 2940 3568 2983 et
3594 2930 3669 2981 in-

431 3025 641 3080 dustria
671 3043 810 3094 utea,
837 3026 1062 3080 assidua
1102 3027 1339 3079 Veterum
1369 3027 1610 3091 lectione,
1641 3027 1843 3096 aliquot
1875 3042 2138 3081 annorum
2172 3042 2272 3081 usu
2310 3043 2374 3080 ac
2403 3025 2744 3080 meditatione
2781 3027 3059 3096 peperisse.
3097 3023 3340 3078 Possunt
3369 3018 3671 3091 dispunctori

433 3117 833 3184 accusatorique
867 3131 976 3167 meo
1004 3115 1068 3170 de
1101 3116 1348 3185 singulis,
1376 3133 1493 3186 quae
1521 3117 1634 3170 illic
1699 3119 1943 3182 tractaui,
1990 3118 2276 3188 capitibus,
2310 3118 2522 3172 easdem
2563 3118 2712 3181 illas,
2743 3117 2930 3188 quibus
2965 3133 3092 3170 usus
3142 3133 3283 3180 sum,
3330 3115 3668 3172 auctoritates,

432 3208 598 3278 iisque
635 3208 802 3262 multo
849 3208 1025 3276 plures
1071 3210 1122 3263 in
1154 3209 1475 3265 adversariis
1507 3213 1635 3266 meis
1663 3221 1878 3267 notatas
1917 3229 1981 3266 ac
2020 3214 2340 3282 perscriptas
2382 3212 2688 3276 ostendere,
2726 3229 2858 3282 quas
2892 3228 2958 3266 ex
2998 3212 3338 3268 Tertulliano
3361 3256 3375 3279 ,
3408 3208 3666 3280 Cypriane,

433 3299 739 3368 cwterisque
762 3299 1016 3355 Patribus
1043 3310 1093 3355 et
1121 3303 1360 3372 antiquis
1392 3303 1629 3358 conciliis
1653 3321 1717 3358 ac
1741 3304 2058 3369 canonibus,
2100 3315 2156 3360 ut
2191 3306 2510 3368 Scriptorem
2551 3322 2802 3376 quemque
2840 3305 3090 3376 legebam.
3118 3305 3366 3359 studiose
3397 3303 3567 3358 multis
3589 3297 3670 3351 ab-

435 3389 556 3444 hinc
595 3393 752 3446 anuis
785 3391 1204 3448 observaveram.
1247 3395 1352 3450 Sed
1380 3412 1540 3466 neque
1575 3396 2012 3468 χρηστομαθείας
2055 3399 2212 3462 istas,
2240 3415 2399 3469 neque
2427 3400 2474 3453 si
2493 3397 2623 3468 quid
2659 3413 2724 3452 ex
2753 3396 2861 3452 illis
2902 3398 3087 3452 solerti
3126 3399 3362 3462 ratione,
3397 3404 3485 3449 aut
3515 3389 3670 3458 conjc'

435 3492 589 3536 ctura
613 3482 833 3549 deduxi,
860 3487 994 3538 tanti
1021 3487 1248 3554 a'stimo,
1275 3497 1332 3540 ut
1355 3503 1451 3557 pro
1473 3487 1808 3542 tantillarum
1843 3506 2017 3545 rerum
2043 3490 2358 3545 vindicanda
2384 3490 2716 3558 possessione
2735 3488 3097 3559 suscipiendas
3124 3488 3429 3543 simultates
3450 3496 3494 3540 et
3526 3482 3670 3536 alter-

436 3575 666 3629 cationes
700 3577 1020 3640 existimem,
1054 3578 1246 3633 nedum
1275 3588 1332 3632 ut
1362 3594 1426 3633 ex
1455 3581 1654 3634 incerta
1676 3579 1919 3651 falsaque
1948 3583 2244 3650 suspicione
2272 3591 2472 3636 certam
2519 3582 2719 3635 nomini
2747 3581 2976 3650 alicujus
3020 3581 3297 3649 infamiam
3346 3576 3670 3642 invidiamque

435 3664 778 3722 consciscam.
809 3668 888 3720 Ac
912 3670 1148 3724 ocltnam
1168 3671 1260 3724 ille
1286 3673 1494 3738 saltem,
1515 3675 1840 3744 amplissime
1870 3671 2275 3746 doctissimeque
2307 3674 2540 3740 Prmul,
2559 3674 2972 3729 moderationem
3003 3674 3207 3727 imitari
3229 3674 3385 3728 vellet
3417 3688 3436 3726 :
3462 3668 3670 3740 quicum

438 3757 913 3816 luculentissimum
953 3780 1015 3817 ac
1046 3764 1475 3820 laudatissimum
1504 3765 1639 3820 illud
1668 3783 1795 3835 opus
1823 3767 2299 3822 ecclesiasticarum
2329 3769 2746 3823 observationunt
2776 3779 2892 3838 post
2933 3768 3455 3824 Animadversiones
3481 3770 3666 3819 nostra!

436 3855 634 3921 ederes,
668 3857 732 3913 de
768 3861 943 3931 plagio
971 3859 1063 3914 illo
1096 3876 1159 3915 tte
1193 3861 1374 3915 littera
1399 3861 1610 3932 quidem
1637 3871 1950 3934 conquestus
1977 3877 2067 3928 es;
2095 3863 2235 3934 quod
2255 3863 2448 3919 recenti
2471 3881 2548 3930 re,
2579 3875 2627 3920 et
2657 3863 2726 3919 ab
2751 3881 2832 3930 eo,
2858 3864 2981 3934 cuja
3019 3863 3290 3928 limo-eral,
3321 3863 3438 3933 ﬁeri
3464 3857 3668 3916 maxim

437 3953 792 4008 conveniebat.

511 4047 589 4102 Tu
620 4065 763 4114 vero,
791 4066 910 4104 cunt
944 4052 1101 4106 certis
1137 4051 1202 4106 de
1237 4050 1496 4120 capitibus
1527 4060 1711 4105 contra
1747 4059 1906 4121 atque
1932 4065 2027 4122 ego
2049 4052 2299 4117 sentires,
2319 4053 2455 4108 nillil
2489 4053 2544 4107 in
2575 4070 2671 4108 nos
2703 4068 2884 4122 aspere
2914 4062 3108 4116 tamen,
3144 4051 3569 4116 inclementerque
3591 4041 3666 4096 di-

437 4144 609 4199 xisti:
637 4155 792 4216 atque
822 4146 900 4199 ita
929 4156 1076 4200 tuam
1106 4147 1261 4200 homo
1292 4163 1396 4200 non
1442 4148 1615 4200 minus
1645 4147 1898 4214 prudens,
1927 4163 2089 4209 quam
2129 4149 2392 4213 eruditus,
2431 4149 2726 4218 opinionem
2759 4147 3060 4218 explicasti,
3094 4155 3150 4198 ut
3183 4137 3558 4224 existimationi
3586 4149 3672 4188 no-

438 4246 566 4294 stra
603 4238 957 4305 amicitiaque
992 4253 1257 4306 parceres.
1305 4238 1379 4291 De
1402 4238 1501 4291 hac
1531 4239 1584 4290 in
1613 4253 1694 4290 me
1737 4238 1953 4292 lenitate
1981 4241 2060 4292 uti
2097 4240 2224 4309 jure
2263 4239 2356 4292 tibi
2402 4240 2693 4293 maximam
2736 4239 2967 4308 gratiam
2997 4234 3198 4301 habeo;
3239 4237 3319 4289 ita
3363 4227 3665 4304 dispunctori

440 4350 551 4389 meo
576 4350 879 4402 succensere
904 4349 1139 4402 possunt,
1192 4335 1281 4397 qui
1312 4332 1549 4387 eamdem
1589 4332 1772 4386 aliena
1807 4335 1860 4387 in
1906 4349 2069 4389 causa
2099 4352 2202 4390 non
2234 4334 2467 4400 adhibet,
2493 4351 2648 4405 quam
2678 4335 2732 4388 in
2779 4343 2869 4387 tua
2909 4332 3002 4386 tibi
3044 4333 3287 4385 decoram
3327 4340 3378 4385 et
3421 4333 3668 4384 nonestam

439 4432 661 4501 putasti.
695 4430 1049 4497 Quamobrem
1081 4429 1219 4500 quod
1247 4441 1433 4484 contra
1469 4446 1547 4485 me
1595 4438 1854 4500 utcunque
1885 4429 1974 4485 ille
2005 4431 2251 4497 scribere,
2293 4443 2342 4486 et
2375 4441 2558 4486 errata
2585 4447 2701 4486 mea
2745 4431 3009 4500 castigare
3044 4428 3224 4492 voluit,
3269 4445 3370 4481 non
3400 4425 3544 4479 modo
3575 4433 3662 4471 non
3732 4424 3737 4433 '

442 4527 784 4597 reprehendo,
812 4525 901 4580 sed
930 4543 1135 4598 quoquo
1161 4528 1339 4581 animo
1377 4525 1563 4596 fuerit,
1595 4525 1785 4580 bonam
1811 4527 1863 4580 in
1890 4537 2098 4595 portent
2131 4530 2357 4597 accipio.
2397 4526 2556 4581 Video
2579 4528 2713 4580 enint
2749 4525 2803 4579 id
2844 4535 2891 4579 et
2932 4525 3286 4578 communium
3323 4525 3561 4578 interesse
3588 4513 3665 4566 lil-

443 4628 697 4681 ternrum,
728 4627 775 4672 et
827 4616 1039 4672 honeste
1082 4636 1143 4672 ac
1185 4616 1531 4672 laudabiliter
1564 4632 1714 4686 posse
1752 4617 1892 4686 fieri,
1926 4635 2044 4672 cum
2085 4636 2232 4674 nemo
2269 4619 2361 4682 sit,
2393 4619 2484 4688 qui
2507 4626 2600 4671 aut
2632 4617 2813 4686 aliqua
2841 4632 2895 4670 re
2917 4631 3020 4669 non
3053 4624 3246 4684 peccet,
3286 4624 3376 4667 aut
3412 4614 3473 4666 ab
3509 4617 3667 4664 errore

441 4729 561 4779 suo,
588 4713 666 4768 sic
693 4722 946 4784 tauquam
981 4712 1142 4771 male.
1167 4729 1228 4767 ac
1252 4712 1433 4768 morbo
1453 4728 1508 4767 se
1537 4712 1770 4784 quodam
1800 4715 1960 4768 eximi
1998 4723 2180 4783 optare
2205 4729 2307 4767 non
2331 4711 2535 4766 debeat.
2561 4711 2718 4766 Hunc
2751 4713 2914 4782 igitur
2942 4708 3290 4780 redarguendi
3318 4709 3418 4763 mei
3445 4709 3664 4760 conatum

444 4807 556 4877 fero
597 4825 698 4862 non
749 4809 944 4863 invitus
980 4824 998 4862 :
1035 4807 1130 4862 hoc
1161 4825 1474 4877 conqueror,
1503 4809 1615 4862 sine
1642 4808 1845 4878 injuria
1876 4808 2318 4878 contumeliaque,
2357 4823 2476 4860 cunt
2521 4817 2716 4877 posset,
2750 4808 2919 4877 magis
2967 4805 3110 4860 istud
3152 4807 3323 4874 ipsum
3356 4802 3572 4857 noluisse
3594 4793 3669 4864 fa-

443 4917 577 4956 cere.
609 4900 850 4955 Alterum
873 4899 1010 4954 enim
1040 4899 1315 4954 tolerabile
1339 4910 1440 4965 est,
1476 4910 1534 4953 ut
1567 4899 1704 4966 dixi,
1738 4898 1962 4954 alterum
1988 4897 2289 4966 cujusmodi
2332 4899 2421 4964 sit,
2447 4915 2511 4954 ne
2538 4900 2584 4954 is
2617 4916 2649 4953 a
2679 4914 2760 4952 me
2797 4898 3050 4953 violatum
3086 4913 3140 4952 se
3175 4907 3338 4967 putet,
3373 4895 3488 4950 nolo
3519 4887 3664 4943 verbis

445 4997 574 5051 meis
597 4996 908 5065 exprimere.
936 4993 1194 5064 Equidem
1220 4993 1360 5066 quod
1394 4994 1647 5048 adversus
1673 4993 1984 5056 catholicos,
2010 4999 2058 5045 et
2102 4991 2252 5046 illius
2297 4995 2592 5061 prtesertim
2625 4991 2830 5048 ordinis
2875 4994 3016 5048 viros
3057 5009 3192 5062 aegre
3218 4993 3449 5046 adducor
3478 4996 3531 5041 ut
3551 4981 3666 5040 scri-

448 5093 592 5154 bant,
627 5093 788 5148 etiam
831 5091 1146 5154 lacessitus;
1173 5089 1459 5162 quamlibet
1489 5091 1728 5159 iniquam
1757 5089 1871 5158 ejus
1911 5085 2358 5156 reprehensionem
2391 5105 2496 5143 non
2545 5089 2716 5142 solum
2749 5089 3010 5157 patienter
3041 5087 3300 5151 tulissem,
3331 5098 3499 5140 verum
3526 5077 3665 5133 etiam

450 5187 627 5251 tacite,
658 5187 705 5241 si
737 5186 988 5240 hactenus
1019 5191 1242 5239 conatus
1274 5182 1366 5237 ille
1399 5181 1722 5252 procederet,
1755 5189 1812 5234 ut
1852 5179 1908 5233 in
1948 5175 2212 5247 probabili
2240 5179 2550 5250 quaestione,
2594 5188 2781 5234 contra
2823 5179 3122 5247 opinionem
3172 5185 3429 5240 nostram,
3461 5186 3555 5226 non
3579 5162 3664 5218 ad.

451 5298 629 5336 versus
674 5290 842 5346 tuam,
881 5281 1093 5337 Praesul
1143 5278 1490 5349 amplissime,
1525 5279 1630 5332 imo
1675 5291 1796 5330 vero
1846 5288 2176 5328 communem
2225 5273 2480 5328 Ecclesitc
2515 5273 2815 5328 doctrinam
2853 5274 3069 5328 veniret.
3119 5271 3234 5325 Hoc
3279 5272 3414 5326 enim
3458 5259 3662 5321 restabtll

453 5388 636 5439 unum,
668 5382 725 5427 ut
755 5375 809 5427 in
855 5373 1137 5444 plerisque.
1175 5389 1294 5444 qua:
1331 5371 1676 5440 pronuntiare
1722 5370 1856 5424 satis
1897 5367 2103 5428 habuit,
2145 5384 2247 5421 non
2293 5367 2462 5420 solum
2497 5383 2530 5422 a
2567 5367 2672 5420 tuis
2713 5366 2866 5435 ipsis,
2897 5382 3119 5436 quorum
3153 5381 3208 5420 se
3248 5365 3496 5418 vindicem
3532 5361 3665 5420 αισα

453 5466 789 5534 interpretem
817 5466 970 5536 facit,
1005 5467 1215 5535 scriptis
1241 5475 1290 5521 et
1320 5466 1637 5520 auctoritate
1661 5463 1948 5524 recederet,
1975 5459 2064 5518 sed
2090 5477 2121 5514 a
2147 5459 2412 5515 communi
2437 5458 2819 5514 catholicorum
2827 5458 3036 5528 judicio
3059 5473 3368 5528 magnopere
3395 5447 3662 5508 dissideret.

355 5593 358 5598 -
455 5559 628 5630 Caput
665 5571 742 5615 est
773 5565 1059 5618 secundum
1088 5562 1700 5632 dispunctiuncularum,
1735 5577 1838 5631 quo
1872 5558 1998 5632 quid
2027 5557 2096 5613 sit
2131 5557 2265 5612 dare
2302 5555 2705 5627 pmnilentiam,
2738 5555 2894 5624 plane
2923 5553 3215 5617 contraria,
3247 5568 3310 5606 ac
3345 5562 3487 5606 tuum
3511 5552 3556 5599 et
3581 5537 3663 5593 Ec-

455 5653 630 5712 clesice
661 5653 852 5727 dogma
884 5656 1007 5724 fert,
1041 5658 1250 5712 ratione
1275 5655 1504 5725 prudens
1556 5671 1624 5708 an
1647 5655 1948 5720 imprudens
2001 5653 2262 5722 exposuit.
2303 5649 2503 5707 Omitto
2549 5667 2687 5704 nunc
2731 5659 2940 5714 caetera,
2971 5665 3088 5719 qua:
3129 5657 3176 5704 te
3207 5649 3263 5701 in
3312 5663 3395 5712 ea,
3427 5635 3660 5713 quamin-

458 5747 708 5819 scriptant
740 5745 940 5801 nomini
973 5755 1061 5804 tuo
1093 5763 1342 5819 apparere
1379 5746 1538 5813 volui,
1571 5745 1928 5816 disputatione
1971 5745 2136 5816 legere
2168 5742 2330 5810 malo,
2357 5757 2512 5812 quam
2542 5755 2605 5795 ex
2635 5739 2779 5799 brevi
2807 5741 2904 5796 hac.
2935 5737 3158 5812 epistola
3189 5739 3386 5794 cursim
3417 5729 3666 5790 (erilem!!!-
