4028 6220
255 238 333 297 003

1337 227 1703 285 ADVERSUS
1738 226 1903 284 MAT.
1946 228 2223 285 SIMONIU
2236 228 2305 284 M.

3371 244 3478 302 606

255 366 543 424 cognoscere.
572 348 746 417 Quam
778 348 984 420 quidem
1014 346 1302 402 diatribant
1343 358 1580 403 nostram
1612 350 1850 420 quisquis
1877 359 2077 404 attente
2115 367 2177 403 ac
2210 349 2470 417 patienter
2496 348 2787 417 exceperit;
2814 365 2916 403 non
2945 349 3116 403 minus
3144 349 3212 403 ad
3236 351 3471 420 iniquam

251 444 584 518 depellendam
627 444 1074 507 criminationem,
1106 442 1378 497 honestam
1418 444 1591 506 nobis,
1629 461 1788 514 quam
1827 444 1896 497 ad
1941 455 2111 511 luant,
2138 454 2188 498 et
2242 442 2493 497 Ecclesia’
2526 444 2961 514 propugnandant
2997 445 3475 516 illustraudamque

247 540 542 602 doctrinam,
570 537 713 605 piant
746 550 808 588 ac
849 535 1201 588 necessariam
1241 533 1405 602 fuisse
1428 534 1718 604 judicabit.
1755 535 1796 589 Α
1837 546 1883 590 te
1925 553 2064 600 vero,
2102 535 2311 589 Prtcsul
2358 536 2700 602 amplissime,
2745 546 3004 602 postremo
3050 536 3183 590 illud
3224 542 3458 604 postulo,

245 631 368 701 quod
388 630 784 697 impetraturum
818 642 899 679 me
931 640 1044 679 esse
1070 624 1276 694 conﬁdo
1296 643 1315 689 ;
1345 634 1400 679 ut
1434 636 1619 680 contra
1658 629 2030 682 criminatores
2076 645 2213 681 meos
2245 628 2504 698 integrant
2532 628 2658 680 mihi
2692 637 2838 681 tuum
2874 629 3108 681 animum
3155 630 3462 685 benevolen-

244 727 452 791 tiamque
490 738 759 775 conserves
790 737 808 774 :
845 732 954 774 tum
1002 730 1057 773 ut
1089 721 1151 773 de
1189 738 1267 775 me
1306 721 1536 775 vicissim
1583 723 1677 775 tibi
1716 723 2021 793 polliceare,
2076 724 2336 792 fautorem
2389 740 2468 776 me
2513 724 2785 792 dignitatis
2822 734 2945 786 tua',
2978 742 3101 786 non,
3140 734 3192 776 ut
3224 725 3463 793 quidam,

243 817 410 868 alienis
437 814 807 887 dispungeudis
839 814 1134 883 laboribus,
1179 814 1271 869 sed
1316 832 1458 870 more
1505 819 1638 872 bona
1668 818 1955 888 proboque,
2021 818 2252 885 tuendis,
2308 818 2480 888 quoad
2521 818 2662 882 licet,
2702 819 3027 873 monimentis
3065 821 3169 873 tuis
3215 830 3465 889 perpetuo

247 910 476 981 furuum.
506 906 650 962 Vale.

249 1065 325 1083 —

327 1058 3460 1083 MM

521 1188 1187 1283 ELENCHUS'
1228 1190 2238 1284 DlSPUNCTIONUM
2314 1193 2599 1281 MAT.
2677 1190 3159 1283 SIMONII

1025 1339 1115 1396 DE
1154 1338 1632 1398 ΡΕΕΜΤΕΝΤΙᾸΕ
1670 1341 1838 1397 RITU
1878 1341 2137 1397 VETERI
2176 1340 2244 1396 1N
2303 1340 2662 1398 ECCLESIA.

1820 1536 1865 1595 Α
1896 1541 2257 1604 cognomento
2286 1547 2381 1587 rex
2420 1530 2603 1586 dictus
2649 1530 2746 1595 sit,
2778 1530 2926 1585 velut
2966 1528 3021 1583 in
3060 1535 3221 1601 gente
3251 1528 3474 1592 Marcia,

841 1545 1072 1603 CAPUT
1112 1547 1153 1601 1.

235 1680 629 1751 Dispuuctiones
651 1695 805 1751 super
849 1677 1046 1733 Novati
1082 1691 1131 1733 et
1168 1679 1458 1734 Novatiani
1494 1679 1796 1734 nominibus

293 1748 553 1806 discussaz.
592 1748 924 1814 Ostenditur,
968 1767 1066 1803 non
1112 1767 1173 1803 ea
1208 1751 1504 1817 promiscue
1547 1750 1796 1816 usurpari

294 1822 483 1874 debere.
555 1818 846 1873 Novatiani
896 1836 990 1872 cur
1056 1819 1298 1873 damnati
1355 1836 1450 1887 pro
1496 1820 1795 1881 lttcreticis;

292 1894 446 1961 deque
490 1907 564 1961 eo?
598 1890 954 1961 dispunctoris
1007 1890 1283 1961 conﬂictus
1334 1905 1531 1950 secum,
1584 1898 1632 1944 et
1676 1906 1795 1942 cum

291 1958 442 2015 R.’D.
475 1958 808 2027 Albaspinazi
850 1960 1152 2025 sententia;
1199 1976 1316 2026 qua:
1350 1969 1398 2014 et
1442 1961 1561 2029 ipsa
1601 1976 1799 2029 propu-

291 2040 493 2101 gnatur.

292 2162 481 2216 Mirum
522 2160 581 2214 in
611 2159 732 2231 ipso
763 2157 960 2228 capitis
999 2155 1172 2223 aditu,
1216 2172 1317 2213 nec
1354 2160 1576 2229 vulgare
1619 2176 1798 2230 παρα-

234 2253 537 2324 κινδύνευμι
570 2272 586 2305 :
625 2266 746 2305 cum
776 2249 885 2304 duo
929 2264 994 2303 ac
1023 2249 1225 2304 diversi
1255 2249 1457 2305 iuerint
1478 2250 1720 2307 Novatus
1744 2260 1798 2306 et

235 2347 582 2411 Novatianos;
616 2345 888 2412 iidemque
918 2342 1115 2411 patria,
1139 2343 1405 2407 moribus,
1427 2343 1797 2412 institutisque

236 2439 506 2494 dissimiles
538 2457 550 2492 :
585 2445 769 2490 tamen
802 2435 896 2504 qui
928 2449 1093 2488 unum
1127 2449 1193 2488 ex
1234 2433 1501 2488 ambobus
1524 2431 1794 2487 conﬂave-

234 2529 313 2591 rit,
349 2542 449 2582 non
497 2534 596 2581 aut
640 2540 825 2580 errare
877 2525 1077 2595 ipsum,
1131 2532 1225 2577 aut
1280 2523 1511 2579 miscere
1554 2522 1693 2577 alios
1733 2537 1796 2575 ac

235 2618 566 2674 confundere.
604 2616 739 2682 Quis
784 2615 886 2668 hoc
932 2612 1159 2684 aenigma
1210 2613 1509 2668 dissolvat?
1558 2611 1793 2675 Constet,

238 2707 415 2779 inquit,
460 2708 599 2763 duos
645 2708 827 2777 fuisse,
879 2721 1102 2777 quorum
1150 2704 1289 2757 alter
1322 2699 1614 2766 Romanus,
1661 2705 1797 2756 alter

237 2799 497 2866 Africanus
526 2800 657 2869 fuit.
691 2797 752 2852 Et
792 2806 969 2851 tamen
995 2814 1010 2851 :
1039 2793 1213 2859 Nulli,
1248 2793 1446 2862 inquit,
1478 2793 1532 2846 in
1562 2809 1620 2846 eo
1643 2808 1796 2845 erra-

236 2897 360 2954 runt,
390 2889 523 2959 quod
548 2888 691 2942 duos
714 2887 838 2941 illas
869 2887 923 2941 in
948 2901 1110 2939 unum
1144 2883 1469 2938 miscuerint.
1510 2882 1630 2937 Non
1656 2896 1792 2936 auro
1823 2872 1864 2927 Β

236 2986 404 3033 contra
430 2979 661 3034 charum
690 2977 940 3033 duxerim
965 2976 1069 3031 hoc
1086 2974 1405 3046 mysterium
1438 2987 1789 3045 cognoscere.

236 3069 421 3126 Amabo
452 3080 522 3133 te,
568 3069 669 3123 Vir
705 3067 938 3135 erudite,
974 3066 1103 3138 quid
1131 3081 1254 3122 esse
1286 3072 1448 3137 putas
1489 3065 1629 3119 duos
1658 3064 1796 3118 iuvi-

236 3175 339 3215 cem
390 3160 774 3216 confundere?
820 3158 1012 3213 Nonne
1071 3173 1191 3227 quae
1238 3156 1407 3211 unius
1452 3156 1527 3209 ita
1574 3153 1795 3226 propria

236 3260 367 3319 sunt,
416 3260 473 3308 ut
516 3252 589 3307 ad
635 3253 866 3305 alterum
910 3249 1134 3304 minime
1172 3246 1521 3309 conveniant,
1568 3245 1623 3299 in
1670 3257 1795 3300 eum

236 3345 395 3414 ipsum
425 3343 755 3409 transferre;
791 3356 1011 3407 nomen,
1055 3356 1248 3410 genus,
1287 3340 1454 3405 dicta,
1490 3337 1651 3403 facta,
1688 3352 1795 3391 ca:-

238 3444 338 3490 tera
380 3435 624 3505 denique
682 3432 990 3503 promiscue
1037 3430 1275 3486 habere?
1316 3429 1521 3485 Confer
1576 3428 1795 3483 Grzecos

237 3527 345 3582 illos
390 3526 730 3595 Latinosque
769 3524 1087 3593 scriptores,
1139 3538 1277 3591 quos
1324 3521 1379 3576 in
1428 3517 1669 3575 Diatriba
1711 3518 1796 3573 vel

238 3614 404 3677 citavi.
433 3616 516 3670 vel
548 3614 717 3670 omisi
752 3630 765 3666 :
803 3626 915 3668 rem
945 3609 1277 3681 ipsissimam
1312 3609 1545 3664 videbis.
1583 3609 1652 3660 At
1675 3606 1799 3662 vide

238 3707 602 3762 subtilitatem.
634 3701 758 3757 Non
784 3704 1126 3763 miscuerunt.
1156 3701 1353 3770 inquit,
1378 3700 1505 3770 quia
1534 3702 1798 3751 duntaxat

239 3813 385 3850 unum
421 3804 701 3851 noverant.
746 3793 1124 3865 Argutissime.
1157 3790 1358 3861 Nempe
1391 3790 1537 3861 μίξις
1565 3790 1797 3844 duorum

236 3895 329 3943 est.
377 3886 579 3942 Verum
623 3885 755 3955 quid
808 3898 1033 3939 necesse
1084 3888 1188 3948 est,
1236 3882 1428 3936 ambos
1484 3880 1797 3950 singillatim

240 3978 472 4048 cognitos
516 3975 766 4032 habere?
799 3973 934 4029 Nam
974 3973 1022 4029 si
1064 3981 1461 4045 cognoscerent
1500 3986 1565 4026 ae
1597 3972 1802 4026 discer-

238 4085 354 4126 nere
384 4080 635 4141 possent,
671 4067 916 4139 profecto
959 4081 1070 4123 non
1115 4065 1534 4122 confunderent.
1567 4064 1712 4135 Ergo
1742 4070 1802 4117 ut

241 4161 393 4231 aliqui
427 4162 539 4217 duo
577 4159 840 4216 confundi
882 4159 1210 4230 miscerique
1242 4160 1519 4227 dicantur,
1563 4168 1619 4213 tu
1654 4158 1803 4227 ejus-

238 4253 372 4306 modi
400 4253 774 4307 conditionem
810 4250 973 4314 feres,
1006 4267 1128 4321 qua:
1160 4266 1228 4306 ne
1253 4250 1659 4305 confundantur
1689 4249 1804 4318 ipsa

240 4342 502 4410 perﬁciat?
544 4342 692 4409 Quid
733 4340 1005 4397 alienius?
1036 4342 1179 4397 Duos
1215 4340 1355 4395 inter
1401 4356 1459 4396 se
1498 4339 1803 4411 Cyprianos

238 4426 524 4500 Gregorius
579 4429 960 4485 Nazianzenus
1011 4430 1211 4499 aliique
1267 4428 1671 4492 confuderunt,
1734 4442 1803 4481 an

233 4520 473 4591 singulos
536 4538 703 4579 nosse
744 4524 900 4593 prius
954 4521 1217 4592 oportuit,
1261 4535 1425 4593 quam
1475 4518 1808 4575 confundere

240 4615 587 4683 putarentur?

302 4703 438 4759 Illud
488 4720 625 4761 vero
674 4705 799 4775 quis
851 4704 947 4760 tibi
991 4704 1255 4760 concedat
1296 4720 1311 4758 :
1354 4701 1569 4758 Nemini
1628 4701 1810 4771 fraudi

238 4788 470 4860 [unum
498 4808 517 4847 :
550 4794 868 4864 Africanum
903 4792 1191 4855 Novatum,
1222 4802 1271 4846 et
1300 4790 1665 4846 Navatianum
1698 4790 1810 4845 Ilo-

241 4897 468 4949 utanttm,
508 4883 873 4939 Novatianum
910 4891 961 4938 et
1004 4882 1273 4937 Novatum
1312 4883 1656 4951 appellavisse
1685 4899 1810 4952 pro-

243 4974 429 5030 miscue
453 4984 505 5031 et
536 4975 941 5045 indiﬁ‘erenter?
971 4973 1115 5030 Sane
1140 4972 1318 5029 fraudi
1367 4974 1439 5028 ita
1474 4988 1583 5027 non
1622 4972 1807 5042 fuerit,

247 5072 299 5117 ot
320 5065 386 5121 ad
415 5081 645 5122 causam
674 5068 869 5137 capitis
896 5066 1168 5139 pertineat
1204 5083 1217 5120 :
1257 5064 1325 5119 ab
1362 5079 1550 5120 errore
1578 5080 1714 5121 vero
1747 5080 1810 5121 ac

244 5157 663 5222 reprehensione
709 5159 859 5213 nulla
922 5164 1017 5211 tua
1087 5155 1438 5227 grammatica
1493 5155 1809 5213 vindicabit.

260 5245 438 5311 Verba,
469 5248 678 5317 inquis,
702 5248 919 5318 paulum
967 5247 1257 5308 declinata,
1303 5248 1445 5301 varie
1480 5258 1525 5301 et
1554 5247 1813 5317 multipli-

248 5335 370 5389 citer
396 5340 738 5405 reducuntur,
772 5350 863 5394 aut
899 5339 1175 5409 porrectis,
1203 5348 1293 5393 aut
1334 5339 1573 5411 adjectis,
1604 5349 1695 5393 aut
1724 5340 1813 5394 de-

252 5427 447 5491 tractis,
471 5438 565 5481 aut
596 5430 904 5497 permutatis
935 5430 1126 5483 litteris
1154 5430 1456 5500 syllabisve.
1488 5431 1632 5504 Ergo
1667 5431 1811 5487 idem

250 5514 351 5570 erit
368 5533 486 5582 rex,
524 5520 669 5589 quod
694 5522 936 5593 regulus,
966 5520 1209 5590 regillus,
1253 5528 1602 5606 regillianus;
1628 5530 1689 5580 ut
1717 5521 1811 5597 qui

321 5626 401 5699 (⁸)
428 5628 898 5692 Animadversion.
934 5649 987 5704 p.
1011 5631 1134 5688 226.

1896 1625 2109 1680 caeteris
2134 1639 2351 1693 quoque
2388 1621 2831 1692 cognominibus,
2864 1636 2986 1691 qua:
3018 1619 3258 1674 indidem
3294 1619 3466 1673 decli-

1896 1725 2024 1768 nata
2073 1722 2221 1781 sunt,
2267 1714 2523 1783 appellari
2559 1713 2818 1782 potuerit.
2857 1710 3069 1766 Nemini
3117 1712 3243 1764 item
3301 1709 3474 1763 fraudi

1897 1806 2083 1871 fuerit,
2121 1803 2393 1858 Victorem
2426 1802 2749 1858 historicum
2778 1803 3051 1872 appellare
3097 1799 3471 1862 Victorinmn,

1895 1895 2193 1956 Catonem,
2256 1894 2483 1956 Catum,
2544 1892 2790 1958 Catium,
2845 1892 3173 1956 Catienum,
3235 1890 3472 1959 ἀδιαφό-

1898 2002 2006 2054 ρως
2043 1998 2333 2053 usurpare.
2364 1982 2599 2053 Reliqua
2626 1983 2869 2052 ejusdem
2888 1984 3101 2054 generis
3133 1992 3185 2037 et
3215 1980 3470 2037 absurdi-

1895 2076 2025 2131 tatis
2055 2076 2269 2130 omitto.

1966 2165 2298 2221 Novatianos
2345 2164 2400 2217 in
2435 2162 2676 2218 Diatriba
2710 2162 2787 2232 (α)
2819 2161 3011 2231 scripsi
3060 2162 3155 2231 jus
3184 2160 3467 2216 relaxandi

1896 2266 2118 2330 peccata
2148 2258 2216 2312 ab
2251 2257 2494 2313 Ecclesia
2528 2253 2801 2326 quondam
2842 2253 3190 2323 abjudicasse
3220 2272 3234 2308 :
3272 2253 3476 2322 Quippe

1895 2349 2105 2403 unicam
2138 2349 2291 2402 illam
2324 2358 2658 2417 peccatorum
2693 2345 3075 2415 indulgentiam
3125 2346 3179 2397 in
3224 2343 3477 2398 Ecclesia:

1897 2441 2121 2494 arbitrio
2158 2440 2377 2500 versari,
2416 2456 2534 2508 quw
2563 2453 2654 2505 per
2686 2437 3001 2503 baptismum
3033 2435 3316 2489 obtinetnr.
3352 2434 3477 2490 Haec

1897 2537 1949 2583 te
1984 2528 2176 2583 fateris
2217 2528 2291 2599 (b)
2328 2543 2439 2581 non
2479 2526 2799 2596 intelligere.
2853 2525 2992 2591 Quid
3050 2524 3287 2579 faciam?
3342 2525 3474 2577 Illud

1897 2636 2031 2675 sane
2067 2629 2219 2675 tuum
2259 2636 2368 2673 non
2402 2635 2666 2688 assequar
2700 2636 2713 2670 :
2752 2616 3046 2682 Novatum,
3080 2619 3185 2671 sive
3222 2616 3475 2670 Novatia-

1898 2730 2042 2779 mtm,
2074 2713 2345 2766 haereticos
2376 2711 2607 2775 habitos,
2641 2722 2795 2780 atque
2835 2711 2899 2763 ab
2934 2710 3180 2764 Ecclesia
3215 2711 3477 2765 catholica

1897 2806 2223 2875 proscriptos
2273 2805 2458 2873 fuisse,
2491 2802 2630 2874 quod
2675 2802 2882 2858 nullum
2929 2802 2998 2856 ad
3033 2803 3209 2868 lapsos
3247 2805 3480 2856 reconci-

1896 2895 2100 2949 iiattdos
2130 2894 2582 2965 condonandaque
2626 2903 2839 2963 peccata
2865 2894 2963 2961 jus
2997 2894 3053 2946 in
3089 2893 3332 2947 Ecclesia
3364 2910 3481 2948 esse

1896 2994 2277 3052 asseverarent,
2313 2986 2544 3039 sinuosa:
2577 2983 2884 3053 quwstionis
2914 2983 3221 3051 disceptatio
3254 2993 3352 3037 est.
3387 2982 3479 3037 Vi-

1896 3075 2041 3131 deris
2090 3076 2194 3130 hoc
2247 3090 2477 3145 arguere
2524 3075 2681 3137 velle,
2732 3074 2876 3145 quod
2919 3073 3030 3127 dixi
3072 3072 3382 3129 :Novatum
3426 3081 3479 3127 et

1895 3165 2259 3221 Novatianum
2310 3166 2599 3222 haereticos
2641 3164 2879 3231 habitos,
2916 3174 3079 3237 atque
3112 3165 3180 3219 ab
3234 3164 3478 3220 Ecclesia

1897 3258 2237 3330 proscriptos
2268 3274 2411 3322 esse,
2460 3259 2604 3329 quod
2636 3258 2845 3313 nullum
2888 3257 2957 3311 ad
2987 3256 3347 3313 condonanda
3384 3257 3479 3311 de-

1898 3351 2027 3404 licta
2071 3351 2164 3417 jus
2213 3349 2267 3403 in
2326 3347 2569 3405 Ecclesia
2616 3363 2738 3403 esse
2769 3347 3037 3403 dicereut.
3093 3345 3157 3400 Et
3189 3355 3370 3401 tamen
3425 3345 3479 3400 id

1900 3437 2121 3492 concilii
2153 3436 2457 3493 Tridentini
2492 3437 2820 3491 auctoritate
2867 3451 2932 3488 ac
2964 3450 3097 3489 voce
3128 3434 3475 3504 comprobas.

1900 3528 2123 3584 Gratum
2169 3536 2254 3584 est
2286 3529 2387 3583 hoc
2415 3526 2675 3583 ollicium.
2708 3528 2775 3581 At
2805 3526 2980 3596 Imjus,
3014 3526 3114 3589 ais,
3148 3525 3302 3578 verba
3347 3524 3482 3580 nihil

1902 3620 2049 3676 aliud
2086 3632 2300 3687 sonant,
2330 3638 2489 3693 quam
2519 3623 2657 3675 inter
2698 3629 2915 3674 creteros
2953 3616 3377 3671 Novatianorum
3404 3633 3483 3670 er—

1904 3729 2068 3777 rores,
2093 3722 2140 3767 et
2173 3712 2310 3765 hunc
2340 3713 2525 3781 fuisse.
2557 3712 2639 3765 An
2683 3709 2831 3764 aliud
2866 3708 3141 3763 dicimus?
3192 3706 3322 3777 Pag.
3353 3706 3483 3775 227,

1901 3807 2065 3860 verba
2112 3812 2302 3858 nostra
2337 3813 2467 3858 sunt
2498 3823 2510 3857 :
2544 3800 2698 3869 Quod
2730 3801 2976 3861 clavium,
3024 3808 3082 3852 ut
3125 3807 3341 3863 vocant,
3387 3814 3484 3867 po-

1904 3906 2143 3952 testatem
2171 3894 2421 3949 Ecclesia:
2460 3910 2523 3947 ac
2550 3890 2909 3947 sacerdotibus
2933 3890 3285 3953 detraherent,
3319 3898 3374 3943 ut
3404 3904 3485 3943 re-

1901 3988 2069 4057 liquos
2114 3984 2414 4040 earumdem
2462 4000 2665 4038 errores
2713 3984 2980 4048 omittam,
3025 3980 3317 4035 Novatiani
3364 3990 3485 4034 tan-

1902 4096 2063 4151 quam
2110 4077 2342 4132 lta‘retici
2390 4075 2636 4129 damnati
2667 4082 2809 4127 sunt.
2844 4071 2957 4127 Hoc
2993 4073 3240 4127 refellere
3285 4087 3348 4126 ac
3392 4088 3486 4127 ue-

1906 4184 2033 4241 gare
2074 4169 2340 4223 intererat
2388 4168 2539 4236 ejus,
2578 4165 2668 4235 qui
2711 4163 3155 4235 Dispunctionem
3199 4163 3484 4219 scriberet.

1983 4262 2050 4315 At
2076 4262 2241 4316 etiam
2278 4260 2456 4332 μάτην
2484 4257 2823 4331 πτερυγίζει,
2854 4270 2906 4313 et
2943 4259 2996 4312 in
3026 4257 3261 4329 seipsam
3299 4258 3479 4311 incur-

1914 4353 1988 4405 rit
2017 4360 2109 4406 tua
2138 4352 2457 4421 disputatio,
2500 4358 2554 4405 et
2585 4351 2639 4405 in
2672 4350 2722 4406 id
2755 4350 2899 4421 quod
2932 4357 3230 4420 oppugnat,
3286 4350 3369 4404 vel
3400 4351 3485 4403 iu-

1909 4445 2017 4499 vita
2055 4443 2338 4498 relabitur.
2381 4442 2520 4508 Quid
2546 4450 2650 4506 est,
2684 4442 2830 4512 quod
2874 4458 2904 4496 a
2945 4451 3140 4513 quarta
3178 4442 3398 4512 pagina,
3434 4447 3489 4495 et

1908 4532 2187 4603 deinceps,
2220 4530 2286 4585 ad
2323 4533 2484 4587 linem
2515 4549 2691 4603 usque
2736 4534 2933 4603 capitis
2978 4534 3210 4603 probare
3258 4531 3491 4587 niteris?

1908 4624 2117 4695 Opinor
2164 4623 2337 4678 illud:
2378 4640 2485 4678 non
2524 4625 2593 4677 ob
2644 4640 2813 4678 unum
2859 4624 3003 4678 hunc
3042 4639 3307 4687 errorem,
3341 4621 3483 4692 quod

1909 4715 2330 4771 relaxandorum
2393 4715 2684 4769 criminum
2734 4716 2847 4785 jus,
2884 4722 3318 4785 potestatemque
3368 4714 3486 4767 cla-

1907 4806 2076 4872 vium,
2118 4822 2284 4876 penes
2321 4804 2619 4861 Ecclesiam
2653 4822 2775 4863 esse
2814 4816 3056 4878 negaret,
3100 4822 3200 4877 pro
3233 4805 3493 4859 bmretico

1912 4898 2157 4955 habitum
2204 4914 2329 4955 esse
2372 4898 2760 4954 Novatianum.
2811 4900 2928 4954 Hoc
2978 4914 3155 4969 neque
3201 4912 3301 4969 ego
3348 4895 3491 4959 dixi,

1911 5001 2089 5059 neque
2140 4988 2481 5043 contrarium
2528 4988 2906 5044 demonstrare
2937 5003 3075 5058 opus
3109 4987 3332 5042 omnino
3366 4984 3490 5038 fuit.

1913 5078 2115 5137 Verum
2150 5081 2430 5152 quomodo
2481 5082 2615 5138 illud
2664 5083 2997 5154 persuadeas
3047 5083 3291 5149 demum,
3326 5095 3494 5151 porro

1912 5169 2215 5225 videamus.
2257 5169 2513 5241 Cypriani
2564 5173 2744 5227 locum
2790 5173 2976 5235 affers,
3011 5174 3103 5242 qui
3136 5173 3206 5226 ab
3249 5171 3491 5225 Antonio

1915 5258 2305 5329 interrogatus,
2334 5276 2491 5331 quam
2530 5260 2756 5315 ltwresin
2792 5262 3124 5317 Novatianus
3156 5263 3487 5316 introduxis-

1914 5358 2013 5414 set,
2061 5349 2135 5403 ita
2164 5351 2496 5419 respondet:
2530 5351 2682 5407 Scias
2711 5371 2805 5408 nos
2839 5356 3010 5421 primo
3044 5356 3095 5408 in
3134 5356 3248 5410 loco
3280 5369 3371 5408 nec
3398 5369 3493 5406 cu-

1913 5441 2083 5494 riosos
2113 5456 2225 5495 esse
2254 5440 2456 5510 debere,
2482 5445 2611 5515 quid
2636 5446 2725 5501 ille
2747 5445 2955 5516 doceat,
2982 5464 3098 5503 tum
3121 5447 3254 5517 [oris
3283 5446 3489 5501 doceat.

1916 5529 2168 5602 Quisquis
2216 5532 2305 5590 ille
2335 5544 2435 5605 est,
2479 5546 2529 5595 et
2579 5537 2962 5612 qualiscunque
3004 5550 3103 5609 est,
3152 5538 3501 5596 Christianus

1987 5643 2065 5717 (ι)
2096 5645 2225 5724 Pag.
2259 5648 2313 5705 5.
