4028 6220
461 302 565 359 607

1779 299 1958 356 DION.
2002 297 2342 354 PETAVIUS

3500 277 3502 279 ’
3582 307 3673 363 eos

465 425 699 481 nonest,
724 419 818 487 qui
843 419 892 471 in
924 418 1125 473 Christi
1153 415 1388 470 Ecclesia
1421 432 1520 471 non
1550 425 1648 472 est.
1685 418 1785 471 llic
1819 419 2028 472 scilicet
2060 470 2063 480 η

2169 418 2232 488 ῆς
2263 415 2552 487 καθολικῆς
2577 417 2668 469 καὶ
2699 414 3054 486 ἁποστολικῆς
3085 414 3413 488 Ἐκκλησεας
3442 419 3672 489 δόγμασι.

463 507 720 576 Cypriani
775 508 926 561 locus
961 508 1014 561 in
1064 521 1185 558 cum
1234 520 1263 557 a
1311 516 1363 559 te
1401 505 1561 560 linem
1616 506 1928 570 adducitur,
1974 515 2031 559 ut

464 599 746 663 ostendas,
783 598 946 650 alium
981 597 1289 666 quempiam
1311 596 1382 650 ob
1415 611 1679 659 errorem,
1705 612 1865 665 quam
1889 596 2032 666 quod

465 690 699 743 clavium
753 689 846 756 jus
897 687 1153 742 Ecclesiae
1195 688 1522 753 detraheret,
1571 689 1882 742 haereticum
1915 703 2034 743 esse

463 779 781 848 judicatum.
812 778 924 833 lloe
972 780 1116 833 enim
1153 789 1407 848 tanquam
1449 794 1478 831 a
1528 794 1614 833 me
1659 779 1896 848 positum
1931 795 2032 848 op-

470 885 709 940 pugnare
753 871 997 924 volcbas.
1055 870 1172 924 Jam
1227 886 1356 925 vero
1397 870 1525 940 quid
1578 871 1810 925 alienius
1861 872 1928 925 ab
1974 886 2037 926 ea

469 959 756 1030 hypothesi
799 959 1161 1029 institutoque
1191 959 1581 1028 diSputationis
1621 967 1747 1024 tuae,
1781 976 1942 1030 quam
1976 961 2039 1014 il-

469 1051 560 1103 lud
612 1051 865 1120 Cypriani
904 1051 1317 1106 testimonium?
1364 1050 1505 1106 Doce
1543 1052 1688 1106 enim
1731 1054 1816 1107 vel
1865 1054 2040 1108 littera

469 1151 714 1196 notatum
755 1143 809 1196 in
858 1143 925 1197 iis
977 1143 1159 1197 verbis
1207 1144 1370 1196 alium
1421 1145 1730 1214 quempiam
1776 1160 2038 1210 errorem,

469 1243 694 1304 propter
735 1249 897 1304 quem
956 1233 1242 1288 lnereticus
1298 1235 1485 1290 haberi
1538 1235 1816 1291 meruerit.
1879 1237 2045 1308 Negat

471 1325 780 1394 Cyprianus
812 1326 1082 1378 curiosius
1131 1325 1540 1394 inquirendum,
1571 1329 1730 1398 cujus
1771 1331 1844 1385 sit
1873 1331 2044 1386 haere-

474 1417 553 1470 sis
587 1425 778 1470 auctor
806 1417 916 1480 ille,
950 1416 1041 1484 qui
1073 1415 1125 1468 in
1157 1415 1399 1472 Ecclesia
1428 1434 1535 1473 non
1561 1419 1776 1484 doceat,
1808 1422 1912 1476 hoc
1939 1430 2044 1488 est,

475 1506 567 1574 qui
604 1521 662 1559 se
701 1505 768 1558 ab
819 1520 881 1558 ea
933 1505 1232 1560 schismate
1277 1506 1544 1561 diviserit.
1601 1507 1676 1563 De
1721 1524 1907 1565 errore
1957 1520 2050 1565 aut

476 1596 667 1650 liceresi
714 1595 854 1664 ipsa,
887 1595 1196 1664 cujusmodi
1246 1598 1334 1661 sit,
1368 1599 1566 1667 quidve
1597 1601 1895 1665 contineat,
1931 1619 2052 1657 ver-

479 1687 604 1740 bum
663 1686 893 1739 nullum.
949 1686 1083 1739 Nam
1137 1698 1190 1741 et
1237 1688 1469 1742 alterum
1523 1689 1735 1760 dogma,
1790 1693 1935 1761 quod
1987 1708 2049 1747 ex

2134 507 2400 573 τουτέστι,
2437 507 2530 560 καὶ
2561 507 2821 577 διγὰμους
2872 511 3166 572 κοινωνεῖν,
3223 511 3319 563 καὶ
3367 514 3476 574 τοῖς
3519 514 3570 566 ὲν
3615 514 3683 584 τῷ

2136 596 2361 666 διωγμῷ
2395 599 2913 668 παραπεπτωκόσιν.
2970 597 3093 652 I’ra:
3125 601 3371 654 omnibus
3400 615 3566 657 autem
3609 623 3680 661 eos

2137 689 2332 756 scripto
2362 688 2600 756 proﬁteri
2625 696 2844 756 oportet,
2876 688 3014 758 quod
3037 692 3396 755 consentiant,
3421 702 3468 746 et
3489 710 3681 762 sequan-

2140 784 2226 827 tur
2262 775 2511 845 dogmata
2562 775 2816 831 Ecclesiae
2861 777 3136 831 catholica:
3177 789 3228 832 et
3275 781 3611 847 apostoliew:
3643 783 3690 834 id

2140 877 2238 930 est,
2267 879 2318 922 et
2347 883 2463 922 cum
2499 868 2725 938 digamis
2755 871 3158 934 communicare,
3195 880 3247 924 et
3282 873 3366 925 Itis
3399 874 3560 940 quiin
3586 891 3679 942 per-

2143 961 2404 1014 secutione
2431 960 2566 1027 lapsi
2597 969 2738 1013 sunt.
2770 959 2900 1024 Quae
2927 960 3038 1015 sint
3069 961 3288 1016 decreta
3321 962 3413 1015 illa
3441 963 3688 1032 Ecclesia,

2141 1067 2245 1104 vox
2290 1051 2536 1104 τουτέστι
2591 1050 2838 1119 subjecta
2888 1051 3194 1121 signiﬁcat;
3253 1069 3451 1123 nempe
3496 1055 3600 1121 illa,
3635 1072 3691 1111 ex

2143 1141 2340 1211 quibus
2374 1142 2593 1197 tertium
2637 1157 2808 1211 genus
2851 1143 3078 1207 erroris,
3112 1143 3242 1197 novi
3274 1143 3512 1208 scilicet,
3548 1161 3638 1199 nec
3666 1162 3691 1200 a

2146 1232 2304 1287 nobis
2352 1233 2750 1296 animadversi,
2803 1231 3042 1289 conﬂare
3078 1234 3324 1288 voluisti.
3392 1233 3534 1289 Sane
3587 1251 3690 1290 cum

2147 1321 2442 1390 peculiaris
2483 1321 2682 1392 aliquis
2715 1337 2870 1377 error
2921 1321 3210 1377 Novatiani
3247 1334 3600 1393 quaereretur,
3643 1338 3693 1380 ut

2148 1431 2259 1469 non
2290 1415 2411 1471 ideo
2442 1416 2865 1471 condemnatum
2917 1432 3016 1486 pro
3067 1418 3330 1474 barretico
3364 1419 3534 1474 fuisse
3564 1410 3695 1474 men-

2151 1513 2376 1570 strares,
2407 1507 2551 1576 quod
2582 1508 2673 1576 jus
2705 1509 2938 1562 clavium
2975 1508 3315 1578 abjudicaret
3348 1510 3418 1565 ab
3447 1510 3693 1575 Ecclesia,

2152 1613 2262 1650 non
2294 1613 2518 1667 possum
2551 1614 2656 1652 non
2708 1600 2898 1654 mirari
2951 1602 3129 1656 denuo
3177 1601 3454 1672 ejusmodi
3484 1618 3511 1654 a
3555 1610 3604 1656 te
3643 1618 3695 1656 ex

2154 1687 2262 1742 illis
2289 1691 2516 1743 canonis
2564 1690 2748 1744 verbis
2783 1692 3150 1761 exsculptum,
3185 1692 3334 1760 quod
3365 1692 3430 1745 ab
3475 1691 3698 1746 Ecclesite

477 1771 872 1831 commentario
900 1776 1177 1831 Ambrosii
1210 1778 1264 1830 in
1299 1777 1473 1847 Epist.
1507 1778 1536 1832 I
1570 1781 1638 1833 ad
1663 1780 1903 1836 Corinth.
1929 1799 2048 1852 cap.
2085 1762 2126 1814 Β
2153 1776 2375 1831 decretis
2405 1777 2666 1847 deficeret.
2700 1779 2754 1834 Id
2785 1781 2927 1834 enim
2960 1798 3065 1836 non
3099 1797 3274 1836 unum
3307 1784 3538 1852 aliquem
3572 1797 3702 1838 erro-

478 1881 552 1930 vu,
605 1865 922 1934 colligitur:
959 1867 1063 1933 Qui
1117 1867 1433 1936 fornicatur,
1481 1872 1640 1923 etiam
1692 1873 1743 1924 in
1793 1873 2054 1940 Spiritum

477 1965 720 2008 sanctum
768 1973 1002 2024 peccare,
1037 1970 1246 2026 propter
1285 1977 1444 2028 quam
1487 1979 1706 2016 causam
1736 1965 1932 2017 scissus
1978 1976 2057 2019 est

2155 1883 2291 1933 rem,
2326 1867 2419 1922 sed
2455 1869 2667 1951 inﬁnita
2707 1885 2952 1925 errorum
2983 1872 3161 1941 capita
3195 1887 3302 1928 suo
3338 1874 3536 1928 ambitu
3575 1889 3702 1928 cont-

2156 1959 2430 2029 plectitur.
2472 1959 2740 2025 Quocirca
2782 1962 3065 2016 verissima
3103 1971 3190 2016 est
3234 1963 3472 2019 assertio
3498 1964 3580 2016 illa
3621 1977 3701 2015 no-

479 2044 544 2096 ab
575 2044 838 2110 Ecclesia,
880 2064 988 2101 non
1023 2052 1101 2103 sic
1127 2050 1504 2120 accipiendum
1540 2062 1642 2117 est,
1665 2061 1723 2106 ut
1747 2055 1817 2108 ob
1849 2054 1898 2107 id
1923 2071 2060 2125 pra:-

479 2137 594 2191 cise
635 2137 915 2206 judicatus
957 2141 1030 2195 sit
1063 2141 1372 2207 hazreticus,
1409 2144 1553 2212 quod
1589 2145 1721 2199 illud
1761 2155 2052 2202 assereret.

483 2225 682 2282 Verum
710 2230 854 2299 quod
881 2242 1105 2300 peccata
1130 2233 1185 2286 in
1213 2233 1477 2304 Spiritum
1508 2244 1757 2290 sanctum
1787 2237 2058 2306 ejusmodi

481 2329 701 2388 putaret
734 2336 878 2388 esse,
933 2332 990 2377 ut
1026 2326 1256 2379 relaxari
1296 2326 1444 2379 nullo
1483 2327 1644 2380 modo
1686 2339 1945 2397 possent;
1981 2331 2064 2383 id-

485 2425 593 2479 que
626 2427 691 2464 ex
746 2412 1025 2482 Evangelii
1071 2417 1400 2470 auctoritate
1455 2433 1740 2486 perperam
1787 2419 2060 2473 intellecta

484 2497 794 2554 conlectum
823 2502 1092 2565 crederet,
1130 2503 1508 2556 fornicationis
1538 2503 1677 2556 inter
1709 2512 1906 2558 caetera
1935 2518 2062 2572 pec-

485 2597 666 2643 catum
695 2606 758 2644 eo
783 2607 946 2646 sensu
978 2608 1040 2646 ac
1073 2603 1251 2648 mente
1287 2604 1478 2648 contra
1517 2594 1778 2664 Spiritum
1812 2611 1934 2650 esse
1960 2595 2059 2650 do-

485 2681 633 2748 cuit,
673 2690 730 2736 ut
761 2684 1136 2739 ecclesiastico
1167 2686 1290 2755 jure
1329 2701 1392 2740 ac
1434 2695 1700 2756 potestate
1730 2688 1931 2741 remitti
1964 2703 2062 2742 ne-

486 2773 872 2844 quiret.Quam
894 2777 964 2831 ob
992 2791 1211 2831 causam
1236 2777 1527 2832 divortium
1552 2779 1726 2848 primo
1749 2778 1874 2835 fecit
1899 2798 1912 2834 :
1943 2788 2060 2834 tum

486 2880 674 2922 errore
696 2867 908 2936 plenius
929 2871 1170 2939 cognito,
1194 2883 1259 2922 eo
1297 2869 1640 2937 potissimum
1671 2871 1908 2938 nomine,
1952 2887 2052 2942 pro
2166 2871 2315 2925 sum.
2345 2863 2491 2932 quod
2516 2878 2624 2917 ηοη
2655 2863 2830 2919 εοιυιιι
2860 2874 3177 2934 peccatores
3203 2868 3276 2922 ad
3306 2867 3702 2924 communionem

491 2959 747 3015 heretico
808 2961 1102 3016 damnatus
1151 2968 1254 3014 est.
1315 2959 1517 3014 Horum
1581 2962 1766 3032 prius,
1827 2963 1880 3016 id
1944 2971 2050 3031 est,
2166 2953 2532 3008 admittendos
2579 2969 2686 3008 non
2719 2963 3009 3025 putarent,
3071 2957 3168 3011 sed
3217 2959 3372 3028 quod
3425 2973 3490 3012 ne
3519 2953 3704 3009 admitti

491 3052 751 3117 schisma,
780 3066 890 3104 non
926 3052 1178 3114 haeresin,
1227 3051 1411 3106 verbis
1458 3053 1593 3106 iisee
1642 3051 2064 3107 Commentario-
2093 3089 2134 3148 ο
2167 3045 2387 3114 quidem
2416 3046 2734 3117 absolvique
2768 3064 2930 3119 posse
2970 3049 3279 3108 crederent.
3313 3052 3579 3106 Postremo
3600 3062 3704 3099 cum

491 3158 612 3194 rum
656 3152 846 3194 auctor
881 3141 1085 3196 indicat
1112 3162 1124 3197 ;
1155 3152 1366 3210 propter
1406 3160 1564 3213 quam
1616 3161 1832 3198 causam
1865 3147 2065 3202 δείμας
2098 3136 2134 3148 "
2168 3136 2676 3205 dispunctiuneulas
2727 3147 2848 3195 tuas
2893 3141 2946 3194 in
2978 3156 3101 3196 eum
3136 3142 3306 3198 linem
3353 3141 3621 3211 scripsisse
3662 3144 3708 3189 te

2159 2057 2292 2114 stra,
2332 2049 2420 2104 cui
2459 2051 2541 2105 vel
2572 2051 2775 2106 invitus
2816 2053 2929 2121 ipse
2958 2051 3284 2124 suﬂ'ragaris
3322 2073 3334 2109 :
3369 2053 3622 2107 Novatum
3651 2067 3704 2105 ac

2160 2137 2516 2192 Novatianum
2549 2141 2619 2193 ob
2647 2141 2699 2194 id
2732 2142 3004 2210 praecipue
3038 2143 3336 2198 haereticos
3364 2158 3487 2198 esse
3511 2141 3704 2205 iudica-

2160 2234 2278 2293 tos;
2309 2227 2455 2296 quod
2489 2228 2787 2282 remittendi
2819 2238 3149 2296 potestatem,
3182 2240 3244 2284 ut
3283 2231 3601 2285 Tridentiua:
3626 2245 3710 2298 sy-

2161 2317 2288 2372 nodi
2318 2318 2494 2372 verbis
2523 2327 2664 2383 utar,
2701 2321 3042 2386 pertinaciter
3075 2337 3354 2391 negarent.
3405 2321 3575 2375 Prima
3603 2321 3710 2389 qui-

2161 2410 2283 2463 dem
2333 2409 2549 2463 illorum
2598 2411 2666 2464 ab
2714 2411 2958 2465 Ecclesia
3007 2413 3316 2482 disjunctio
3359 2429 3387 2466 a
3445 2413 3706 2467 schismate

2162 2506 2340 2552 ortum
2388 2499 2604 2564 habuit,
2655 2503 2898 2554 nondum
2952 2503 3170 2573 vulgata
3223 2509 3448 2574 penitus
3499 2503 3702 2564 halrcsi,

2162 2590 2305 2658 quod
2337 2589 2594 2661 Cypriani
2627 2592 2824 2646 allatus
2863 2607 2892 2645 a
2935 2602 2983 2646 te
3014 2594 3169 2648 locus
3205 2595 3440 2651 indicat.
3476 2593 3628 2658 Quem
3660 2600 3706 2643 ut

2164 2681 2220 2734 in
2254 2695 2313 2734 re
2346 2679 2626 2747 facillima,
2660 2681 2992 2753 minimeque
3037 2689 3377 2746 necessaria,
3427 2681 3705 2754 compendi.-

2168 2769 2347 2826 l‘acere
2379 2771 2625 2840 potuisti.
2659 2772 2727 2824 At
2754 2772 2995 2828 haeretici
3025 2775 3095 2830 ob
3119 2775 3171 2829 id
3205 2777 3484 2847 praecipue
3505 2770 3706 2844 judicati

491 3242 569 3286 est
598 3232 663 3286 ab
695 3231 956 3286 Ecclesia.
989 3233 1057 3287 At
1087 3233 1230 3288 inter
1262 3249 1362 3288 nos
1393 3249 1502 3288 non
1533 3234 1600 3290 de
1629 3235 1942 3300 schismate,
1971 3238 2066 3291 sed

493 3321 747 3392 dogmate
777 3331 830 3376 et
863 3323 1055 3377 ha:resi
1102 3325 1479 3379 controversia
1532 3331 1635 3381 est.
1680 3324 1798 3391 Qua
1835 3342 1893 3382 re
1933 3328 2068 3384 nihil

495 3427 717 3467 causam
744 3419 892 3467 tuam
923 3414 1076 3469 locus
1107 3415 1196 3470 ille
1227 3416 1496 3471 sublevat.

565 3502 638 3555 At
664 3517 793 3557 ecce
819 3519 832 3556 :
865 3501 1012 3570 Tres,
1049 3504 1250 3572 inquis,
1282 3505 1616 3573 potissimum
1644 3503 2070 3562 Novatianorum

497 3608 702 3647 errores
747 3610 918 3648 canon
964 3595 996 3649 8
1048 3593 1285 3648 Nicazna:
1319 3596 1508 3665 synodi
1549 3597 1874 3667 perstringit.
1923 3599 2070 3654 Cedo

498 3684 680 3753 quos?
712 3685 923 3740 Primus
958 3693 1064 3751 est,
1109 3685 1250 3756 quod
1293 3702 1346 3740 se
1391 3685 1652 3742 Catharos
1688 3701 2068 3758 nuncuparent.

502 3775 728 3830 lliccine
771 3784 865 3830 tuo
901 3776 1109 3846 judicio
1163 3794 1316 3832 error
1363 3787 1466 3842 est,
1500 3786 1593 3832 aut
1626 3780 1869 3849 haeresis,
1915 3783 2072 3851 cujus

502 3868 677 3935 gratia
715 3867 1004 3922 haereticus
1041 3868 1110 3922 sit
1142 3867 1476 3924 Novatianus
1511 3869 1771 3924 habitus?
1803 3870 1938 3937 Quis
1972 3888 2074 3926 nu-

502 3955 651 4020 dam,
687 3956 984 4025 quamlibet
1032 3956 1285 4011 stolidam
1335 3968 1388 4013 ct
1435 3961 1697 4014 insulsam
1743 3963 2063 4031 appellatio-

504 4061 648 4111 nem,
683 4047 788 4102 nisi
819 4047 948 4116 quid
991 4048 1166 4102 subsit
1197 4048 1366 4111 aliud,
1399 4065 1496 4119 pro
1533 4051 1790 4106 haeretico
1823 4053 2076 4121 dogmate

504 4139 872 4192 condemnet?
913 4138 1049 4192 Tum
1083 4140 1216 4193 illud
1262 4141 1511 4197 attendas
1546 4144 1740 4210 velim;
1791 4153 1848 4196 ut
1879 4159 1944 4198 eo
1980 4160 2078 4199 no-

507 4227 652 4280 mine
695 4243 793 4296 pro
820 4229 1095 4283 bmrcticis
1129 4231 1298 4283 habiti
1350 4231 1459 4285 sint
1496 4231 1806 4296 Novatiani,
1839 4235 1985 4304 quod
2019 4250 2077 4289 se

506 4320 774 4376 Catharos
816 4323 1106 4386 vocabant,
1140 4323 1278 4376 nihil
1309 4323 1410 4376 hoc
1440 4325 1507 4378 ad
1552 4325 1818 4379 Novaturn
1863 4329 1942 4381 vel
1972 4326 2078 4381 No-

2169 3227 2342 3292 dicas,
2371 3235 2431 3282 ut
2459 3227 2526 3282 R.
2556 3228 2617 3282 D.
2645 3230 2995 3301 Albaspinaei,
3031 3232 3447 3290 Aurelianensis
3473 3227 3714 3301 episcopi.

2169 3333 2329 3388 quem
2381 3318 2608 3373 honoris
2655 3335 2822 3375 causa
2867 3321 3112 3385 nomino,
3153 3323 3413 3377 eximiam
3447 3321 3510 3375 de
3548 3329 3707 3386 perve-

2171 3410 2335 3465 tustis
2364 3409 2622 3466 Ecclesiae
2647 3411 2953 3468 rationibus
2980 3413 3287 3468 doctrinam
3324 3429 3388 3469 ac
3418 3407 3705 3466 sententiam

2172 3516 2203 3555 a
2237 3511 2566 3572 praepostera
2614 3518 2734 3557 mea
2778 3503 3035 3573 Opinione
3086 3503 3436 3569 vindieat-es;
3480 3500 3593 3555 vide
3628 3511 3708 3549 au-

2173 3607 2280 3646 non
2314 3591 2369 3646 in
2398 3607 2566 3648 causa
2599 3593 2888 3648 manifeste
2922 3595 3312 3662 praevaricatus
3346 3592 3526 3650 fueris.
3553 3587 3709 3654 Neque

2173 3683 2319 3737 enim
2389 3682 2536 3739 aliud
2566 3683 2966 3738 eruditissimus
2996 3684 3085 3737 ille
3117 3686 3316 3753 praesul
3350 3681 3542 3743 docuit,
3572 3687 3710 3747 quam

2175 3774 2320 3846 quod
2369 3783 2692 3845 usurpatum
2743 3790 2772 3828 a
2803 3791 2889 3830 me
2933 3775 3310 3845 reprehendis.
3360 3773 3558 3829 Etenim
3596 3767 3710 3824 libro

2177 3866 2416 3920 secundo
2463 3863 2891 3919 Observationum
2944 3865 3459 3929 Ecclesiasticarum,
3500 3875 3610 3929 cap.
3633 3854 3709 3914 9|.

2179 3971 2301 4026 pag.
2333 3954 2457 4020 ⁸512,
2500 3958 2572 4009 ita
2625 3970 2730 4009 non
2761 3956 2942 4010 minus
2975 3971 3103 4011 vere
3140 3970 3305 4025 quam
3335 3956 3492 4010 docte
3527 3954 3712 4040 senten-

2179 4039 2306 4093 tiam
2355 4054 2507 4093 suam
2550 4041 2782 4109 explicat
2823 4061 2835 4095 :
2885 4041 2999 4105 Quo
3059 4052 3228 4096 autem
3287 4045 3486 4095 minore
3539 4039 3712 4104 negotio

2177 4144 2240 4182 ex
2283 4129 2389 4184 illis
2431 4130 2825 4200 difﬁcultatibus
2880 4148 3139 4202 emergere
3183 4135 3418 4203 possint,
3474 4128 3712 4184 advertat“

2180 4233 2396 4291 oportet,
2458 4223 2872 4278 Novatianorum
2925 4241 3156 4279 errorem
3219 4245 3347 4286 tton_
3380 4229 3429 4279 in
3490 4239 3544 4276 eo
3590 4216 3707 4285 posi-

2183 4325 2330 4379 tum,
2377 4315 2514 4385 quod
2560 4315 2807 4379 dicerent,
2865 4332 3028 4384 neque
3085 4317 3290 4385 lapsum
3345 4331 3500 4387 neque
3535 4319 3710 4364 exeam.

507 4412 785 4464 γειιίςιηωη
834 4415 1145 4482 pertinere;
1180 4415 1272 4483 qui
1319 4423 1501 4469 uirum
1549 4431 1607 4471 se
1639 4417 1932 4471 Caumrum
1982 4434 2076 4488 ap-
2111 4423 2152 4477 ι)
2182 4406 2504 4458 municatnm
2548 4405 2600 4457 in
2662 4416 2824 4460 morte
2879 4422 2910 4458 a
2967 4408 3193 4475 peccatis
3254 4387 3709 4468 lilnzrandumtsed

508 4501 724 4572 pellarit
764 4518 1029 4574 unquam,
1082 4513 1340 4560 constare
1370 4521 1478 4560 non
1511 4509 1770 4561 arbitror.
1804 4510 1967 4578 Atqui
2010 4510 2076 4564 de

508 4603 731 4650 auctore
784 4595 903 4666 ipso
951 4605 1113 4651 secta:
1149 4596 1360 4653 Novato
1407 4599 1492 4653 vel
1519 4597 1845 4664 Novatiano,
1879 4605 2080 4657 nonde

507 4687 628 4757 ejus
661 4687 968 4760 discipulis,
1023 4706 1086 4744 ac
1113 4692 1393 4761 partiariis
1443 4692 1682 4762 loqueris
1715 4693 1829 4764 (a);
1865 4702 1918 4746 et
1956 4709 2081 4747 vero

509 4780 657 4850 loqui
681 4780 871 4846 debes,
913 4784 1214 4852 prmsertim
1247 4797 1372 4837 cum
1409 4785 1482 4838 ita
1515 4791 1791 4853 postremo
1830 4784 2076 4851 colligis:

511 4873 777 4928 Gradibus
829 4876 1006 4944 itaque
1033 4876 1207 4941 potius
1238 4892 1394 4944 quam
1415 4876 1673 4944 prwcipiti
1695 4890 1873 4935 cursu,
1899 4873 2082 4926 cecidit

512 4958 794 5024 Novatus;
826 4962 1101 5015 secundus
1131 4975 1306 5027 error,
1336 4961 1473 5031 quod
1510 4979 1541 5014 a
1571 4962 1843 5015 cat/taliae
1873 4970 1920 5014 et
1957 4977 2082 5028 apo-

511 5055 714 5109 stolica:
764 5053 1015 5108 Ecclesia:
1059 5055 1280 5107 decretis
1328 5054 1644 5123 deﬁcerent;
1692 5056 1912 5118 tertius,
1946 5054 2082 5125 quod

512 5147 843 5214 digamorum
875 5155 924 5201 et
962 5146 1230 5212 lapsorum
1258 5147 1674 5200 communionem
1714 5145 1916 5214 penitus
1954 5144 2082 5213 reji-

515 5247 709 5292 cerent.
752 5239 920 5292 Miror
942 5255 1042 5309 pro
1084 5238 1300 5294 duobus
1344 5253 1408 5292 ac
1458 5239 1690 5293 diversis
1722 5236 2083 5308 dogmatibus,

516 5337 570 5381 et
601 5331 883 5386 erroribus
927 5331 1168 5398 obtrudi,
1221 5331 1311 5401 qui
1365 5331 1418 5384 in
1466 5345 1677 5386 canone
1727 5329 1818 5383 illo
1868 5327 2088 5383 Nicaeae

517 5428 618 5486 pro
649 5437 759 5475 uno
786 5431 839 5477 et
886 5423 1074 5477 eodem
1121 5424 1412 5478 habentur.
1450 5421 1624 5477 Verba
1659 5421 1874 5476 concilii
1909 5439 1923 5474 :
1977 5420 2091 5492 Πρὸ

523 5503 737 5561 πάντων
787 5510 850 5582 δὴ
903 5511 1106 5565 τούτων
1149 5512 1480 5584 ὁμολογῆσαι
1536 5513 1732 5575 αὐτοὺς
1803 5509 2092 5580 ἐγγράφως

521 5598 807 5668 προσήκει,
847 5604 928 5656 ὅτι
982 5603 1356 5676 συνοήςονται,
1402 5603 1496 5656 καὶ
1527 5601 1950 5674 ἀκολουθήσουσι
1981 5601 2092 5661 τοῖς

549 5778 555 5790 ι
593 5708 672 5781 (α)
710 5711 835 5788 Pag.
866 5717 919 5772 6.

2180 4497 2450 4551 Inereticos
2507 4496 2620 4549 ideo
2679 4496 2904 4561 habitos,
2971 4497 3108 4565 quod
3161 4499 3526 4565 opinarentur,
3574 4488 3709 4540 Πεαηι

2181 4591 2349 4655 ipsum
2383 4585 2633 4640 Ecclesia:
2657 4603 2816 4656 neque
2844 4586 3294 4646 remittendorum,
3335 4599 3490 4656 neque
3512 4577 3710 4632 retinen-

2181 4680 2367 4733 dorum
2399 4690 2732 4746 peccatorum
2773 4681 3080 4749 capitalium
3105 4689 3414 4748 potestatem
3447 4673 3711 4741 copianth

2183 4771 2385 4839 fecisse.
2425 4770 2548 4826 Haec
2601 4773 2710 4835 ille,
2759 4780 2813 4828 ct
2862 4773 2928 4828 iis
2976 4772 3153 4826 aliinia
3186 4770 3483 4840 compluria
3525 4768 3712 4852 antecov

2183 4861 2329 4916 denti
2376 4865 2597 4934 capite:
2633 4881 2753 4934 qure
2802 4874 2858 4919 et
2904 4865 3213 4920 certissima
3261 4871 3408 4928 sunt,
3449 4865 3498 4913 et
3536 4855 3710 4934 nostris

2186 4953 2294 5008 illis
2335 4964 2726 5018 consentanea,
2756 4971 2876 5024 (piae
2924 4963 2980 5008 tu
3041 4953 3414 5024 reprehendis,
3444 4946 3530 5018 qui
3567 4932 3708 5034 ne.

2186 5042 2317 5097 illud
2345 5061 2509 5098 unum
2541 5045 2809 5114 praecipue
2833 5043 3028 5113 dogma
3051 5043 3334 5099 Novatiani
3358 5055 3452 5111 pro
3479 5032 3707 5125 ῐιὲἳΐςξίθξδ

2186 5134 2354 5187 habiti
2391 5134 2674 5188 videantur
2705 5135 2873 5204 (quod
2916 5150 3037 5202 ego,
3067 5131 3222 5200 juxta
3268 5146 3330 5185 ac
3358 5116 3708 5185 revercudisst-

2189 5241 2311 5280 mus
2353 5225 2441 5280 ille
2490 5227 2710 5295 praesul,
2743 5225 3124 5295 atlirmabam),
3157 5224 3478 5292 multiplices
3526 5212 3732 5288 illorum,

2189 5330 2402 5370 errores
2435 5314 2626 5383 fuisse,
2665 5315 2824 5370 nobis
2849 5315 3046 5384 objicis
3075 5314 3173 5384 (b).
3207 5311 3312 5367 Sed
3343 5307 3568 5381 ejusdem
3599 5303 3707 5365 Pw

2191 5407 2324 5460 sulis
2352 5405 2653 5460 doctrinam
2692 5407 2939 5475 sequenti
2969 5405 3147 5474 capite
3194 5404 3352 5475 longe
3394 5391 3627 5471 apertius,
3651 5387 3704 5430 ac

2192 5495 2388 5550 minori
2419 5495 2601 5564 specie
2641 5497 2884 5552 veritatis
2914 5507 3218 5564 oppugnas.

2270 5705 2339 5774 (ὁ)
2370 5704 2496 5772 Pag.
2531 5703 2582 5770 5,
2607 5703 2658 5759 6.
