4028 6220
337 92 414 146 ποί,
1433 89 1796 147 semesos
1838 90 1996 144 nar.
2044 92 2394 154 smostuu.

933 206 1159 261 CAPUT
1202 210 1263 262 11.

318 339 592 408 Explicato
645 343 770 409 quid
830 344 897 393 sit
959 343 1088 395 dare
1145 346 1533 410 ponitenthm,
1589 345 1884 401 Innocentii

385 414 529 464 locus
585 411 892 484 illustratur
942 428 1212 479 perperam
1276 417 1328 468 in
1392 416 1886 484 Dispunctiunculis

383 488 643 545 acceptus.
701 480 1063 550 Dispunctoris
1114 500 1310 543 secum,
1365 495 1412 538 et
1449 480 1561 538 cui»
1610 487 1885 541 Catholica

382 551 661 625 sententia,
696 550 1037 625 pugna.‘Sed_
1065 563 1113 604 et
1154 571 1270 625 cum
1304 553 1362 606 Ii.
1410 555 1472 606 Ι).
1514 556 1883 625 Albuspinn'o;

381 620 533 695 cujus
563 619 804 695 doctrina
829 621 1149 687 defenditur.
1199 623 1270 675 De
1298 635 1484 689 quarto
1519 619 1687 692 gradu
1719 619 1887 695 paeni-

376 688 579 740 (entire.
616 687 922 749 Ostensum,
951 703 1222 762 perpetuos
1265 687 1318 744 in
1351 711 1410 746 eo
1426 687 1739 762 pamitentes
1774 699 1885 750 lice-

380 761 515 809 sisse
562 775 956 825 nonnunquam.
989 761 1129 832 _Sub
1184 772 1402 815 mortem
1439 761 1885 832 reprtrsentatam

378 825 502 902 olim
537 827 704 893 fuisse
735 830 1150 883 communionem
1184 848 1200 883 :
1234 833 1385 902 idque
1411 851 1476 886 ea:
1508 825 1722 889 Nica'ni
1755 854 1852 892 con
1875 867 1886 878 -

374 895 492 948 cilii
527 909 713 950 meme.

377 1025 604 1083 Lemma
633 1032 830 1100 capitis
870 1034 1135 1091 secundi:
1181 1036 1510 1102 Quibusnam
1547 1051 1881 1107 peccatorum

303 1119 603 1183 generibus,
645 1133 694 1174 et
721 1133 977 1190 quatenus
1023 1136 1210 1194 negata
1238 1131 1535 1184 communio
1579 1134 1645 1185 sit
1687 1136 1738 1185 in
1783 1134 1882 1186 Ec-

305 1210 466 1262 clesia
524 1213 705 1266 reteri.
753 1214 925 1278 Quam
979 1217 1086 1270 vim
1146 1219 1346 1274 habeat
1401 1223 1516 1279 haec
1572 1225 1880 1295 inscriptio,

309 1315 486 1368 quove
518 1304 745 1370 prtetixa
778 1305 868 1367 sit,
907 1306 1156 1362 dixinare
1187 1325 1294 1364 non
1335 1327 1580 1381 possum.
1617 1313 1753 1368 Nam
1786 1326 1879 1370 aut

305 1391 555 1461 subjecta
579 1394 946 1464 disputationi
971 1403 1222 1470 sequenti
1256 1405 1484 1459 materia
1517 1417 1621 1471 est,
1651 1419 1703 1461 et
1731 1425 1879 1464 sum-

306 1497 390 1534 ma
430 1498 628 1536 eorum
664 1487 1106 1555 comprehensio,
1143 1508 1264 1561 quae
1305 1495 1358 1547 in
1403 1495 1508 1550 isto
1550 1499 1727 1565 capite
1763 1507 1878 1552 tra-

303 1581 555 1640 ctantur;
588 1586 680 1631 aut
708 1578 850 1647 ejus,
879 1582 1022 1650 quod
1049 1597 1362 1652 oppugnare
1403 1587 1658 1654 instituit,
1684 1592 1878 1660 capitis

305 1674 715 1733 argumentum,
754 1671 868 1723 sive
905 1673 966 1723 τὸ
1001 1673 1337 1743 κρινόμενον.
1382 1675 1645 1732 Neutrum
1685 1680 1876 1736 borum

303 1755 635 1824 dispunctor
681 1759 752 1814 ibi
791 1763 1060 1830 praestitit.
1108 1764 1329 1835 Legesis
1373 1777 1534 1838 caput
1579 1774 1781 1840 ipsum,
1826 1781 1879 1826 et

303 1849 380 1901 vel
411 1850 727 1913 minimam,
765 1853 812 1906 si
847 1862 1022 1922 potes,
1054 1855 1180 1910 inde
1215 1866 1421 1926 partem
1453 1861 1572 1929 ejus
1599 1865 1876 1932 exsculpe,

305 1937 447 2006 quod
478 1939 774 2008 inscriptio
801 1942 918 2011 ipsa
952 1943 1214 1999 minatur.
1247 1945 1389 2001 Nihil
1419 1949 1507 2003 hic
1537 1951 1603 2005 de
1629 1963 1878 2020 peccato-

302 2044 420 2082 rum
465 2033 789 2106 generibus,
839 2035 1041 2104 quibus
1083 2046 1178 2092 aut
1212 2049 1602 2108 repraesentata
1647 2044 1739 2106 sit,
1785 2054 1878 2101 aut

303 2129 496 2190 negata
532 2125 872 2190 communio,
920 2126 1132 2182 οἴκοθεν
1173 2133 1386 2199 attulit;
1435 2135 1569 2188 nihil
1603 2151 1768 2206 super
1815 2155 1876 2194 ea

302 2227 358 2266 re
387 2215 738 2283 propositum
771 2232 802 2269 a
824 2219 984 2274 nobis
1017 2220 1098 2274 vel
1127 2221 1407 2279 levissime
1441 2227 1657 2282 refellit.
1700 2229 1875 2284 Pauca

303 2303 550 2372 quaedam
587 2315 766 2368 vexat.
803 2325 900 2363 nec
934 2311 1025 2364 illa
1065 2328 1197 2368 sane
1237 2315 1444 2383 καίρια.
1498 2315 1638 2383 Pax,
1678 2319 1872 2390 inquit,

301 2393 404 2446 sive
443 2397 816 2450 reconciliatio
846 2416 963 2453 cum
1004 2401 1262 2469 Ecclesia,
1302 2424 1418 2475 quae
1436 2409 1709 2464 absolutio
1742 2414 1877 2467 dici-
1906 2431 1914 2435 ·

302 2491 406 2547 tur,
432 2485 498 2537 ab
522 2483 874 2544 Eucharistia
901 2492 1055 2562 longo
1082 2495 1360 2552 intervallo
1382 2512 1680 2569 separatur.
1701 2503 1877 2561 Credo

299 2575 614 2642 periculum
651 2587 788 2643 crat,
819 2597 886 2635 ne
920 2585 1046 2653 quis
1070 2587 1474 2646 absolutionem
1508 2609 1645 2662 cum
1667 2596 1876 2651 Eucha-

302 2664 450 2719 ristia
499 2667 893 2736 confunderet,
943 2674 1022 2728 sic
1061 2679 1221 2746 quasi
1273 2681 1630 2749 pharmacum
1678 2688 1876 2758 aliquis

304 2755 439 2811 idem
468 2774 602 2815 esse
627 2775 689 2814 ac
710 2765 996 2820 sanitatem
1025 2769 1322 2834 existimet,
1348 2782 1442 2826 aut
1462 2775 1553 2844 jus
1575 2777 1640 2830 ad
1666 2794 1876 2836 annuos

3449 116 3556 170 (r10

1910 215 1950 265 Α
1980 215 2107 280 ιρὶδι
2161 218 2215 278 5,
2244 235 2364 289 cap.
2405 219 2474 273 ἓξ
2503 219 2567 274 Et
2599 222 2694 276 Itoc
2737 226 3016 292 quaesitum
3055 236 3154 291 est,
3192 227 3386 298 inquit,
3429 233 3556 302 quid

1987 307 2050 358 de
2084 308 2164 359 his
2211 312 2476 363 observari
2519 313 2720 377 debent,
2766 317 2856 384 qui
2889 326 3006 384 post
3042 317 3363 384 baptismum
3413 324 3556 376 omni

1989 408 2217 467 tempore
2257 403 2650 458 incontinentiw
2680 415 2728 459 et
2766 408 3120 475 roluptatibus
3157 411 3344 476 dediti,
3381 413 3556 466 inex-

1989 499 2152 545 tremo
2186 495 2290 561 ﬁne
2334 496 2450 549 vita:
2489 513 2599 551 sua:
2645 500 3006 565 paenitentiam
3046 501 3204 554 simul
3239 511 3288 555 ct
3325 504 3556 564 reconci—

1989 581 2258 633 liationem
2291 587 2671 639 communionis
2699 599 3005 654 exposcunt.
3040 589 3117 642 De
3151 591 3232 643 Itis
3267 591 3557 646 observatio

1984 671 2130 735 prior
2157 670 2362 736 durior,
2391 676 2654 740 posterior
2677 676 3045 730 interveniente
3078 680 3446 733 misericordia
3473 682 3556 734 in-

1987 761 2236 814 clinatior
2265 773 2362 816 est.
2401 764 2544 817 Nam
2575 766 2896 820 consuetudo
2938 770 3082 836 prior
3123 771 3310 833 tenuit,
3345 780 3398 823 ut
3433 787 3556 824 con-

1986 850 2254 903 cederetur
2273 853 2346 904 eis
2365 855 2691 920 pazniteutia,
2713 855 2802 907 sed
2815 859 3110 911 communio
3129 872 3426 928 negaretur,
3450 872 3554 916 etc.

2059 941 2154 993 llic
2188 943 2504 1009 [iimtiitetxtia
2542 947 2689 999 aliud
2723 949 2946 1002 omnino
2980 966 3101 1004 csse
3132 954 3368 1009 videtur.
3392 968 3555 1023 quam

1989 1031 2217 1084 interior
2279 1035 2368 1087 ille
2423 1051 2644 1098 sensus,
2697 1039 3016 1108 afllatusque
3071 1047 3243 1098 Sancti
3292 1047 3552 1116 Spiritus.

1985 1120 2170 1191 Neque
2211 1125 2355 1176 enim
2402 1125 2448 1180 is
2492 1128 2560 1181 ab
2593 1128 2910 1185 hominibus
2946 1133 3214 1204 indulgeri
3247 1139 3326 1191 vel
3370 1142 3554 1209 negari

1987 1222 2182 1284 potest,
2221 1232 2379 1282 quem
2411 1218 2513 1271 nisi
2547 1220 2700 1287 prius
2727 1223 3090 1292 accepissent,
3123 1227 3225 1281 hoc
3263 1232 3554 1298 quodcun-

1985 1321 2089 1373 que
2130 1314 2235 1372 est,
2269 1308 2412 1376 quod
2449 1309 2516 1363 ab
2549 1311 2862 1367 hominibus
2894 1318 3258 1383 pra-standum
3291 1329 3375 1375 cst
3416 1337 3555 1378 nun-

1985 1413 2148 1466 quam
2186 1406 2454 1466 peterent.
2489 1401 2648 1455 Aliud
2674 1411 2756 1457 est
2782 1405 2961 1474 itaque
2993 1407 3334 1475 pamitentia,
3360 1411 3427 1466 de
3448 1427 3554 1481 qua

1983 1488 2225 1557 pontifex
2260 1489 2538 1557 loquitur:
2580 1507 2775 1562 nempe
2803 1494 2896 1562 jus
2927 1503 2974 1550 et
3019 1506 3261 1566 potestas
3296 1501 3558 1558 obeundae

1984 1580 2340 1647 paenitentize,
2373 1581 2644 1651 siquidem
2671 1598 2700 1636 a
2735 1585 2825 1638 leti
2867 1585 3118 1644 faucibus
3151 1591 3292 1660 eripi
3329 1602 3382 1646 et
3422 1609 3558 1649 con-

1983 1669 2261 1724 valescere
2308 1673 2585 1740 potuerint
2614 1691 2627 1726 :
2673 1690 2792 1742 qum
2822 1684 3065 1744 potestas
3093 1679 3213 1736 sine
3246 1682 3413 1738 dubio
3445 1685 3555 1739 ritu

1983 1761 2172 1830 aliquo
2204 1763 2366 1817 nobis
2398 1765 2605 1834 ignoto,
2647 1776 2700 1821 et
2736 1767 3117 1826 benedictione
3148 1772 3552 1834 conferebatur.

1983 1852 2098 1908 Hoc
2137 1856 2357 1925 inquam
2399 1867 2485 1912 est
2519 1861 2877 1928 paenitentiam
2905 1863 3224 1929 concedere;
3257 1868 3400 1923 inter
3432 1885 3555 1939 pa:-

1981 1949 2220 2003 nitentcs
2253 1950 2487 2019 aliquem
2527 1953 2825 2015 ascribere,
2868 1956 2974 2008 ritu
3007 1957 3100 2010 illo
3139 1973 3205 2011 ac
3239 1961 3552 2016 caerimonia

1981 2034 2284 2090 formulave
2313 2054 2419 2106 qua
2468 2040 2520 2092 in
2575 2043 2958 2109 pmnitentium
2997 2060 3212 2116 gregem
3261 2049 3431 2118 recipi
3469 2050 3551 2106 fas

1979 2136 2148 2182 esset.
2184 2127 2260 2182 Tu
2296 2130 2457 2184 aliter
2481 2133 2674 2187 sentis.
2724 2132 2987 2203 Equidem
3029 2153 3135 2192 non
3179 2139 3416 2204 invideo,
3451 2158 3552 2198 nec

1982 2217 2240 2274 insector.
2269 2219 2377 2273 Sed
2401 2231 2582 2276 tamen
2607 2223 2674 2277 de
2701 2223 3000 2279 Innocentii
3035 2228 3154 2282 loco
3180 2246 3343 2298 porro
3363 2233 3553 2302 dispu-

1981 2313 2182 2361 temus.
2215 2308 2516 2373 Quaesitum
2558 2322 2641 2367 est
2671 2312 2740 2367 ab
2771 2314 3058 2383 Exuperio,
3093 2319 3222 2386 quid
3249 2319 3316 2374 de
3351 2323 3418 2375 iis
3449 2335 3554 2375 sta-

1987 2398 2247 2451 tuendum
2276 2407 2442 2463 esset.
2477 2403 2570 2471 qui
2607 2413 2728 2472 post
2770 2407 3097 2474 baptismum
3129 2411 3274 2464 oui’ni
3308 2419 3553 2482 tempore

1979 2489 2385 2545 incontinentiae
2410 2492 2598 2558 dediti,
2636 2497 2687 2548 in
2722 2503 2966 2551 extremo
2989 2499 3114 2554 vitae
3146 2516 3258 2555 sua:
3286 2507 3552 2570 paauten-

1983 2579 2111 2632 tiam
2126 2588 2178 2634 et
2193 2585 2629 2639 communionem
2647 2589 2942 2654 postulant.
2959 2589 3272 2659 ltespondct
3287 2592 3554 2650 Innoceno

1981 2671 2110 2736 tius,
2148 2662 2485 2740 superiorum
2526 2683 2828 2745 temporum
2866 2682 3315 2736 consuetudinem
3368 2695 3552 2740 auste-

1979 2762 2178 2815 riorem
2194 2763 2381 2826 fuisse.
2398 2773 2454 2819 ut
2468 2767 2546 2821 eis
2563 2768 3395 2838 concedereturpa:niteutia,sed
3410 2790 3551 2830 com-

303 2844 552 2904 beneficii
602 2849 817 2907 fructus
863 2857 1181 2924 capiendos,
1231 2875 1358 2913 cum
1410 2863 1683 2922 fructibus
1721 2870 1874 2939 ipsis,

1984 2855 2170 2908 munio
2213 2867 2524 2925 negaretur.
2564 2859 2679 2912 Hoc
2733 2860 2803 2913 ita
2856 2861 3179 2930 dispunctor
3227 2865 3551 2935 interpreta-

301 2949 636 3008 annonaque
665 2942 984 2999 confundat.
1011 2946 1183 3002 Nemo
1214 2951 1293 3004 sic
1323 2951 1490 3008 hebes
1521 2955 1641 3021 fuit,
1687 2970 1745 3014 ut
1777 2964 1874 3018 ab-

301 3027 640 3082 solutionem
680 3029 1080 3089 Eucharistiam
1113 3053 1235 3093 esse
1263 3042 1528 3100 crederet.
1566 3046 1750 3118 Itaque
1785 3068 1879 3108 ne-

303 3132 404 3183 que
435 3127 491 3170 ut
523 3120 746 3188 [acilius
782 3123 1214 3194 intelligeremus,
1242 3148 1419 3202 neque
1451 3143 1506 3188 ut
1541 3141 1767 3192 omnino
1793 3143 1876 3196 in-

302 3209 699 3275 Ieiligeretnus,
728 3214 1082 3270 laborandum
1111 3219 1233 3273 fuit.
1255 3222 1546 3294 Sequitur:
1573 3229 1874 3296 Sciendum,

303 3300 440 3363 apud
471 3299 856 3357 Innocentium
888 3309 940 3360 in
972 3308 1213 3378 Epistula
1243 3315 1308 3367 ad
1339 3316 1684 3387 Exuperium,
1714 3328 1878 3391 pleni-

301 3391 536 3454 tentiam,
591 3392 993 3461 absolutionem,
1033 3404 1510 3462 reconciliationem
1551 3416 1877 3469 communio-

299 3479 396 3542 nis,
432 3480 837 3538 Eucliaristiam
865 3505 966 3542 non
990 3493 1308 3562 signi/icore.
1345 3499 1479 3563 Quis
1505 3502 1610 3558 hoc
1632 3505 1878 3573 ignorat?

301 3564 402 3622 Sed
437 3579 634 3629 tamen
666 3577 793 3644 quid
834 3583 1150 3647 pamitentia
1179 3586 1270 3652 sit,
1299 3588 1455 3656 juvat
1487 3564 1719 3650 discere.
1759 3598 1878 3652 Pa:-

297 3659 548 3723 nitentia,
605 3663 802 3732 inquit,
850 3668 901 3720 id
943 3681 1042 3738 est,
1087 3677 1371 3740 paenitendi
1416 3685 1622 3752 cupido,
1667 3691 1877 3757 quando

299 3763 474 3804 recens
522 3753 705 3807 adhuc
753 3757 1048 3817 Saluatoris
1089 3759 1294 3822 calebat
1330 3789 1509 3839 cruor,
1548 3777 1744 3833 donum
1788 3783 1878 3836 Dei

293 3851 428 3905 erat,
477 3845 633 3912 quod
667 3849 858 3903 animis
890 3853 1130 3921 ﬁdelium
1179 3861 1520 3922 illabebatur.
1563 3869 1703 3934 Quid
1733 3891 1878 3929 nunc

299 3942 600 4001 postquam
637 3951 802 3991 cruor
824 3941 913 4000 ille
945 3945 1194 4002 refrixit?
1221 3950 1358 4004 Num
1391 3953 1485 4009 Dei
1517 3957 1715 4014 donum
1749 3978 1873 4019 esse

295 4021 498 4076 desiit?
543 4026 633 4080 An
680 4027 958 4102 Pelagiani
993 4038 1197 4094 erimus
1244 4042 1425 4108 hodie,
1474 4057 1532 4101 ut
1574 4053 1875 4118 plenitendi

297 4116 624 4183 cupidinem
669 4123 887 4179 aliunde
914 4143 1074 4196 quam
1101 4146 1166 4186 ex
1206 4133 1296 4189 Dei
1329 4136 1472 4192 dono
1505 4116 1757 4198 constare
1789 4161 1878 4201 ve-

1983 2952 2069 2996 tur
2087 2943 2192 3016 (b):
2222 2944 2361 2998 Nam
2377 2947 2617 3001 sceviente
2632 2952 3046 3016 persecutionum
3063 2954 3314 3018 procella,
3331 2956 3421 3023 qui
3433 2971 3516 3018 pas
3529 2984 3547 2996 -

1981 3036 2222 3098 nitentia,
2238 3045 2392 3106 prout
2409 3046 2520 3089 erat
2539 3039 2732 3091 donum
2753 3039 2866 3101 Dei,
2886 3041 3218 3110 aﬂlalantur.
3241 3046 3550 3099 concedeba-

1983 3137 2070 3176 tur
2085 3126 2156 3177 eis
2180 3127 2517 3193 pwnitentia;
2545 3129 2596 3179 id
2613 3137 2710 3190 est,
2733 3131 3090 3196 paenitentiam
3109 3131 3256 3185 illam
3291 3133 3550 3200 approba-

1982 3215 2069 3269 bat
2104 3216 2377 3271 Ecclesia:
2411 3219 2500 3272 sed
2534 3221 2644 3273 sine
2674 3233 3008 3288 peccatorum
3040 3223 3388 3281 absolutione.
3419 3226 3551 3281 Red-

1983 3308 2097 3360 dita
2141 3325 2256 3362 eero
2296 3308 2545 3364 Ecclesia:
2576 3325 2724 3377 pace,
2757 3315 3196 3379 communionem,
3247 3317 3300 3368 id
3336 3327 3435 3381 est,
3468 3335 3550 3372 ve-

1981 3401 2122 3456 niam
2148 3418 2238 3455 seu
2281 3413 2615 3470 peccatorum
2648 3403 3031 3460 absolutionem
3061 3409 3401 3463 morientibus
3430 3410 3549 3464 dari

1980 3491 2213 3559 placuit;
2246 3504 2291 3545 et
2324 3495 2374 3546 in
2399 3510 2458 3546 eo
2488 3495 2746 3547 damnata
2780 3505 2878 3557 est,
2918 3496 3007 3548 sed
3041 3498 3191 3566 longo
3224 3497 3430 3551 demum
3463 3502 3548 3554 in-

1981 3583 2225 3644 teroallo,
2277 3582 2701 3638 Novatianorum
2744 3585 2981 3650 Iiwresis,
3022 3589 3158 3656 quod
3209 3591 3547 3645 morientibus

1981 3676 2184 3730 veniam
2213 3692 2312 3728 non
2334 3677 2654 3728 retentarent.
2680 3675 2920 3730 Primum
2947 3677 3079 3730 illud
3102 3679 3410 3745 cujusmodi
3440 3691 3546 3744 est,

1981 3766 2284 3819 concedere
2329 3767 2728 3832 paenitentiam,
2776 3782 2899 3820 esse
2938 3767 3140 3820 donum
3184 3768 3317 3821 illud
3359 3785 3551 3839 appro-

1979 3855 2110 3909 bare
2138 3855 2252 3917 Dei,
2286 3871 2394 3925 quo
2428 3864 2745 3924 peccatores
2789 3856 2952 3909 amati
2993 3859 3158 3911 sunt?
3189 3858 3323 3924 Quis
3357 3861 3436 3916 sic
3470 3862 3551 3916 lo-

1979 3948 2205 4016 quitur?
2237 3948 2527 4003 Concedere
2556 3949 2703 4002 enim
2736 3957 2822 4004 est
2858 3949 3064 4018 aliquid
3108 3951 3366 4014 tribuere,
3404 3955 3546 4023 quod

1982 4040 2037 4094 in
2077 4039 2218 4108 ejus,
2259 4040 2351 4109 qui
2387 4040 2649 4109 indulget,
2694 4047 2961 4109 potestate
2995 4051 3264 4098 versatur.
3320 4043 3417 4099 llic
3453 4047 3546 4116 qui

1981 4133 2049 4187 ad
2105 4133 2476 4200 pmnitentiam
2526 4132 2926 4202 impetrandam
2960 4133 3044 4187 ‘ad
3100 4134 3420 4200 Ecclesium,
3463 4140 3545 4195 vel

301 4202 509 4260 limus?
577 4208 725 4275 Erat,
777 4214 971 4284 inquit,
1019 4220 1215 4275 donum
1265 4224 1385 4289 Dei,
1441 4232 1649 4299 quando
1704 4253 1876 4290 recens
1910 4213 1953 4266 Β
1984 4225 2292 4280 sacerdotes
2319 4227 2550 4287 accedit,
2574 4227 2700 4294 quid
2730 4243 2953 4284 necesse
2976 4229 3156 4295 habet,
3197 4231 3248 4285 id
3278 4233 3382 4287 sibi
3416 4248 3550 4287 con-

299 4298 470 4353 adlmc
491 4303 799 4361 Saluatoris
819 4309 1024 4363 calebat
1051 4329 1227 4368 cruor.
1255 4315 1392 4389 Ergo
1413 4298 1614 4377 donum
1653 4326 1744 4381 Dei
1773 4347 1876 4382 non

299 4399 381 4442 est
415 4391 522 4446 hoc
556 4399 841 4463 tempore?
873 4399 1132 4468 Sequitur
1162 4406 1436 4473 ἀπόδειξις
1456 4427 1520 4465 ex
1554 4413 1751 4478 Leone,
1779 4419 1880 4470 Au-

300 4481 556 4547 gustino,
590 4482 989 4542 Eucharistiam
1030 4507 1058 4544 a
1085 4498 1400 4563 pcenitentia
1429 4500 1665 4557 ditl‘crre.
1696 4505 1881 4562 Tanta:

297 4569 460 4625 molis
500 4582 648 4636 erat,
688 4573 740 4627 id
783 4586 1044 4646 astruere,
1079 4591 1172 4637 aut
1221 4591 1570 4654 persuadere,
1608 4599 1879 4663 poeniten-

299 4660 429 4713 tiam
464 4663 678 4718 donum
712 4682 835 4722 esse
877 4670 988 4734 Dei,
1035 4688 1100 4725 ac.
1142 4675 1275 4729 citra
1316 4679 1710 4738 absolutionem
1747 4689 1882 4742 Oblt-

301 4753 452 4805 neri!
494 4751 714 4810 Norunt
746 4756 849 4812 hoc
885 4761 940 4814 in
964 4761 1169 4818 scholis
1205 4767 1490 4838 theologim
1527 4773 1757 4838 tirones,
1788 4777 1880 4844 qui

299 4846 690 4910 paenitentiam
725 4851 863 4907 alias
897 4869 1120 4910 sensum
1165 4861 1355 4926 animi,
1381 4877 1443 4915 ac
1468 4873 1629 4918 certa:
1663 4866 1878 4923 virtutis

301 4933 546 4989 ollicium
579 4953 697 4994 esse
726 4939 1070 5010 didicerunt;
1109 4962 1229 5016 quae
1262 4948 1571 5018 cujusmodi
1612 4953 1706 5018 sit,
1742 4957 1884 5011 inter

301 5040 359 5078 sc
394 5027 676 5097 hodieque
713 5040 945 5088 certant.
985 5038 1138 5105 Apud
1181 5041 1558 5098 Innocentium
1602 5060 1728 5100 vero
1770 5063 1882 5117 pm-

303 5117 600 5171 nitentiam
624 5122 755 5174 nihil
787 5138 929 5187 esse,
968 5135 1166 5192 praeter
1197 5127 1348 5182 illum
1387 5133 1556 5189 animi
1589 5149 1878 5190 manerem

305 5221 367 5260 ac
390 5207 604 5263 donum
628 5211 739 5277 Dei,
777 5231 894 5270 cras
927 5217 1154 5285 fortasse
1185 5217 1418 5294 credam,
1458 5245 1563 5283 non
1602 5226 1753 5280 hodie
1773 5226 1880 5296 (a);

307 5308 465 5355 tuum
506 5311 573 5356 ut
599 5306 688 5360 tibi
713 5307 1050 5364 redhibeam.
1077 5309 1428 5390 Innocentius
1455 5323 1526 5386 ad
1555 5320 1881 5394 Exuperium

379 5463 455 5529 (κζ)
487 5459 613 5532 ι’ίεε.
647 5466 702 5519 16
719 5502 731 5515 .

1983 4319 2100 4372 cedi
2137 4325 2336 4387 petere,
2381 4319 2522 4387 quod
2543 4319 2653 4388 jam
2694 4321 2761 4374 ab
2794 4322 2904 4386 illo,
2936 4324 3026 4392 qui
3065 4325 3195 4378 dare
3223 4333 3420 4393 potest,
3455 4339 3550 4380 ac-

1983 4411 2227 4479 ceperit?
2284 4409 2484 4464 Deinde
2527 4427 2626 4465 cur
2676 4412 2955 4468 admittere
3003 4415 3405 4484 paenitentiam,
3457 4423 3550 4469 aut

1984 4500 2275 4569 approbare
2305 4517 2412 4555 non
2437 4501 2597 4563 dixit.
2621 4502 2714 4556 sed
2746 4505 3045 4559 concedere
3063 4505 3086 4557 ‘t
3105 4503 3305 4558 Verum
3335 4507 3549 4559 omitta-

1985 4600 2094 4657 tur,
2121 4592 2167 4645 si
2211 4591 2378 4656 lubet,
2417 4593 2564 4646 verbi
2612 4593 2715 4646 ista
2750 4593 3045 4647 conﬂictio.
3093 4593 3322 4665 Reliqua
3373 4599 3549 4653 omnis

1985 4685 2357 4755 interpretatio
2384 4684 2547 4737 nimis
2572 4684 2819 4754 ambigua
2853 4693 2955 4739 est.
2981 4684 3124 4739 Volo
3156 4686 3284 4738 mihi
3321 4703 3548 4756 respon-

1982 4779 2133 4838 deas,
2163 4775 2288 4844 quid
2331 4776 2432 4830 ista
2471 4773 2670 4840 velint;
2709 4776 2948 4830 moriente
2980 4778 3394 4846 persecutionum
3427 4793 3546 4844 pro-

1981 4868 2164 4921 cella?
2213 4866 2405 4922 Utrum
2449 4876 2626 4921 tolum
2677 4867 2806 4920 illud
2845 4877 3058 4938 tempus
3098 4869 3388 4938 intelligas,
3441 4886 3548 4938 quo

1987 4960 2230 5015 Ecclesia
2269 4976 2335 5014 cx
2369 4962 2657 5016 intervallo
2691 4960 2916 5030 iactata,
2962 4970 3016 5015 et
3061 4959 3548 5014 intermitteutthus

1986 5052 2426 5121 persecutionum
2486 5053 2741 5122 procellis
2793 5052 3086 5108 identidem
3142 5061 3403 5120 quassata
3455 5051 3546 5114 sit,

1984 5145 2127 5214 quod
2169 5143 2236 5197 ad
2273 5159 2472 5199 annum
2510 5144 2620 5197 fere
2657 5145 2780 5206 510,
2833 5153 2885 5198 et
2931 5159 2996 5197 eo
3041 5143 3294 5212 amplius,
3353 5142 3546 5196 lenuit.

1986 5232 2111 5288 llaec
2148 5233 2292 5286 enim
2333 5232 2772 5302 persecutionum
2804 5238 3049 5299 tempora
3073 5236 3234 5294 sunt;
3262 5242 3369 5282 non
3399 5229 3546 5291 quod

1991 5324 2268 5396 perpetuis
2318 5333 2371 5379 et
2414 5322 2690 5379 continuis
2739 5323 2871 5380 iisce
2925 5321 3179 5393 procellis
3237 5315 3546 5374 conﬂictata

2063 5474 2133 5529 lbi
2159 5471 2287 5532 Pas.
2315 5473 2400 5526 11.
