4028 6220
505 225 606 279 (ill

1818 213 2002 270 DION.
2066 208 2407 268 PETAVIUS

3616 221 3711 278 612

502 329 693 397 fuerit,
732 330 826 385 sed
856 332 1003 401 quod
1036 331 1089 385 in
1126 344 1315 385 corum
1360 338 1674 399 temporum
1721 335 1903 396 partes
1933 340 2085 396 gras-
2117 330 2161 385 Α
2192 323 2548 379 morientibus
2573 324 2950 380 tantummodo
2978 327 3261 395 relaxavit,
3296 329 3349 383 in
3375 344 3535 401 eoque
3557 330 3712 389 Nova-

506 419 651 475 satio
683 419 797 473 haec
832 419 1050 475 hostilis
1084 418 1353 472 incubuit.
1391 416 1604 471 Totone
1629 416 1794 487 igitur
1816 416 1908 470 illo
1941 422 2078 469 tem-

501 528 657 584 pore,
692 529 890 583 nempe
916 513 1131 567 duobus
1164 510 1271 565 illis
1292 510 1532 565 tribusve
1552 508 1790 575 saeculis,
1809 505 2077 578 ejusmodi

515 604 685 660 fuisse
711 604 1056 674 disciplinam
1081 601 1334 657 Ecclesia:
1362 616 1573 665 censes,
1611 607 1668 655 ut
1691 599 2078 670 paenitentibus

496 690 839 766 'qnibuslibet
884 691 1196 746 communio
1246 698 1563 761 negaretur;
1613 697 1670 744 ut
1705 690 1851 744 nulla
1886 703 2079 759 pecca-

505 793 685 839 torum
724 782 1070 837 absolutione
1110 782 1334 846 tributa,
1369 783 1486 837 sola
1520 781 1837 852 paenitentia
1882 793 2079 834 conce-

504 873 767 929 deretur?
791 877 894 927 hoc
923 881 1029 935 est.
1055 882 1114 926 ut
1148 875 1396 944 exponis,
1423 874 1818 942 approbaretur
1851 872 2077 925 interior

506 965 597 1019 ille
648 978 864 1028 sensus,
917 962 1181 1016 divinitus
1235 963 1513 1015 hominum
1573 962 1772 1015 animis
1819 961 2072 1028 injectus.

506 1054 626 1109 Non
654 1055 801 1107 aliud
833 1054 1295 1123 interpretationis
1328 1063 1431 1107 tum
1458 1054 1618 1108 verba
1648 1068 1756 1123 prae
1786 1068 1843 1107 se
1873 1052 2072 1115 ierunt,

502 1162 623 1214 qua:
653 1147 951 1216 generatim
1000 1144 1217 1207 docent,
1266 1144 1461 1198 amatis
1491 1144 1598 1198 illis
1632 1145 1773 1198 dono
1812 1144 1901 1197 llei
1949 1158 2075 1211 pec-

502 1249 749 1291 calorum
780 1236 1177 1290 absolutionem
1211 1236 1433 1290 minime
1458 1250 1581 1290 esse
1605 1248 1943 1295 concessam,
1976 1232 2071 1287 sed

506 1330 788 1398 probatam
815 1326 1080 1380 duntaxat
1113 1326 1508 1396 pmnitentiam.

575 1420 652 1473 Ex
684 1435 791 1488 quo
819 1434 1162 1489 cmisequens
1195 1426 1297 1481 est,
1331 1417 1460 1471 nulli
1496 1422 1619 1486 post
1660 1415 1872 1485 lapsmn
1914 1430 2068 1470 com-

506 1513 848 1571 munionem,
886 1509 936 1564 id
973 1518 1077 1576 est,
1125 1510 1524 1565 absolutionem
1570 1507 1739 1562 fuisse
1781 1508 2069 1563 redditam.

505 1601 655 1656 Itane
692 1610 807 1655 toto
834 1602 928 1654 illo
960 1610 1204 1671 tempore
1235 1600 1505 1669 pmnitens
1540 1611 1700 1651 nemo
1726 1612 1849 1650 eum
1886 1596 2072 1650 Eccle-

2189 418 2462 470 tianormn
2502 416 3069 472 damnavithmresim.
3100 418 3216 473 Non
3246 420 3410 491 igitur
3432 421 3537 476 hac
3560 426 3707 479 solum

2184 516 2438 578 arguunt,
2461 509 2657 577 priscis
2684 508 2792 563 illis
2823 510 3161 578 temporibus
3201 512 3364 566 nullis
3384 515 3591 567 omnino
3616 529 3711 584 pa:-

2188 597 2508 658 nitentibus,
2548 607 2736 666 postea
2774 611 2905 651 vero
2944 598 3283 652 moribundis
3329 598 3599 667 duntaxat,
3630 603 3713 657 ab-

2184 686 2507 741 solutionem
2556 701 2679 742 esse
2720 687 3062 756 permissam,
3110 686 3204 743 sed
3242 702 3306 742 ea
3352 703 3576 760 quoque,
3614 707 3714 761 qua

2185 792 2309 849 pag.
2337 778 2405 832 l3
2434 777 2685 841 disseris,
2719 777 2847 831 dum
2871 777 2985 832 haec
3010 777 3310 833 Innocentii
3336 780 3493 834 verba
3519 799 3531 834 :
3554 796 3714 852 negata

2185 869 2372 921 merito
2402 869 2699 922 communio
2730 878 2833 933 est,
2865 884 3112 923 concessa
3142 872 3464 939 paenitentia,
3497 890 3555 927 ne
3575 885 3717 929 totam

2181 959 2389 1026 penitus
2436 969 2738 1029 negaretur,
2795 960 2847 1013 in
2898 959 3041 1014 hanc
3089 963 3416 1017 sententiam
3464 964 3715 1034 explicas:

2184 1048 2521 1102 Pwnitentiw
2573 1051 2950 1118 approbatione
3007 1066 3099 1120 per
3147 1054 3440 1108 Ecclesium
3489 1057 3719 1111 vinculum

2178 1143 2735 1195 excommunicationis
2780 1141 3101 1211 solvebatur,
3148 1161 3265 1198 cum
3314 1158 3486 1200 tamen
3532 1148 3718 1203 absolu-

2182 1228 2256 1280 tio
2291 1246 2393 1281 non
2427 1229 2808 1283 concederetur.
2841 1231 2995 1295 Quod
3041 1230 3293 1287 universe
3337 1232 3507 1303 deque
3543 1251 3712 1305 genere

2182 1320 2561 1388 ptenitcntium
2599 1323 2747 1375 omni
2796 1332 2956 1391 putas
3002 1323 3432 1393 intelligendum.
3480 1326 3714 1381 Innocen-

2183 1412 2291 1465 tius
2325 1413 2469 1466 enim
2504 1411 2571 1466 de
2596 1413 2939 1481 temporibus
2987 1414 3096 1470 illis
3124 1416 3385 1485 loquitur,
3420 1417 3607 1486 quibus
3632 1435 3715 1474 se-

2181 1502 2346 1555 uiente
2386 1505 2804 1569 persecutionum
2849 1506 3102 1572 procella,
3150 1508 3318 1564 nullis
3359 1509 3571 1564 omnino
3607 1525 3716 1565 con-

2182 1608 2393 1648 cessam
2426 1595 2826 1650 absolutionem
2858 1611 2981 1651 esse
3007 1596 3215 1653 dixisti.

501 1693 584 1748 sia
624 1692 1010 1746 reconciliatus
1042 1697 1149 1753 est,
1180 1703 1338 1743 nemo
1360 1687 1413 1740 in
1448 1686 1717 1756 integrum
1749 1683 2074 1739 restitutus?
2102 1678 2149 1733 Β
2246 1684 2385 1773 gum
2433 1686 2600 1757 igitur
2627 1685 2695 1742 de
2736 1694 2828 1741 tua
2874 1696 3055 1744 mente
3104 1704 3169 1744 ac
3204 1691 3474 1747 sententia
3514 1699 3715 1758 constet,

500 1777 710 1831 exclusi
743 1778 798 1831 in
839 1789 1160 1847 perpetuum
1203 1775 1272 1830 ab
1300 1774 1563 1839 Ecclesia,
1596 1784 1650 1830 et
1692 1773 2077 1828 communione

508 1883 722 1937 usuque
768 1875 1235 1922 sacramentorum
1283 1866 1523 1928 luerunt,
1584 1864 1676 1934 qui
1735 1863 1902 1919 semel
1941 1862 2078 1916 deli-

501 1960 777 2030 querant?
802 1959 1018 2013 Diceret
1054 1958 1245 2013 saltem
1274 1972 1369 2011 eos
1405 1956 1732 2011 nominatim
1768 1954 1834 2007 ad
1871 1963 2073 2008 tantam

502 2050 851 2107 severitatem
882 2056 1160 2117 exceptos,
1191 2047 1284 2117 qui
1319 2046 1644 2118 gravissima
1684 2044 1931 2114 quaedam
1981 2043 2078 2097 lla-

501 2140 637 2210 gitia
672 2139 1101 2203 commisissent,
1148 2138 1291 2208 quod
1328 2139 1382 2191 in
1429 2136 1631 2206 triplici
1663 2134 1953 2190 criminum
1994 2150 2079 2205 ge-

502 2248 633 2287 nere
665 2233 1056 2287 vetustissimis
1090 2232 1355 2285 duntaxat
1389 2229 1729 2299 temporibus
1760 2229 2073 2282 institutum

502 2321 556 2375 in
590 2320 831 2376 Ecclesia
865 2320 1036 2375 fuisse
1075 2322 1254 2389 capite
1292 2319 1407 2379 illo,
1444 2320 1588 2388 quod
1630 2318 1951 2388 dispunctor
1978 2318 2074 2371 de-

501 2412 703 2480 signat,
753 2411 1116 2465 ostendimus.
1162 2411 1233 2462 At
1279 2411 1604 2478 pcenitentes
1648 2425 1861 2474 omnes,
1910 2416 1963 2463 et
2003 2410 2073 2463 ob

505 2501 762 2571 quaelibet
826 2500 1116 2555 criminum
1168 2516 1364 2569 genera
1417 2500 1733 2570 ptenitentia
1788 2501 2070 2565 multatos,

505 2591 852 2646 absolutione
895 2591 1389 2659 communioneque
1448 2591 1503 2645 in
1551 2592 1943 2661 sempiternum
1981 2607 2075 2645 ca-

516 2680 719 2743 ruisse,
740 2695 918 2750 neqne
939 2695 1122 2734 verum
1143 2689 1246 2744 est,
1270 2686 1465 2749 nenae,
1496 2689 1555 2734 ut
1579 2679 1852 2736 levissime
1872 2681 2070 2745 dicam,

510 2770 832 2842 persuaderi
866 2771 1076 2826 ratione
1109 2771 1219 2825 ulla
1260 2770 1339 2826 vel
1370 2772 1695 2826 auctoritate
1728 2779 1924 2842 potest.
1969 2771 2077 2827 Re-

505 2874 682 2933 petam
720 2864 951 2921 iterum:
990 2862 1103 2918 lloc
1133 2865 1223 2918 illa
1266 2872 1357 2918 tua
1401 2864 1538 2918 ratio
1582 2863 1807 2919 delinire
1837 2864 2071 2927 videtur,

505 2956 648 3025 quod
688 2956 896 3010 nemini
947 2954 1299 3024 probaveris:
1339 2954 1537 3023 priscis
1576 2954 1682 3008 illis
1713 2954 2070 3024 temporibus.

506 3048 707 3116 quibus
742 3046 1056 3114 persecutio
1080 3044 1271 3104 saeviit,
1314 3046 1521 3097 nullum
1575 3045 1666 3112 qui
1700 3045 1920 3114 quidem
1948 3060 2075 3114 gra-

506 3141 627 3192 vius
680 3135 1016 3197 attendisset,
1060 3133 1163 3187 hoc
1209 3140 1312 3195 est,
1372 3134 1750 3202 pmnitentiam
1804 3135 2075 3204 publicam

510 3234 714 3296 ageret,
756 3224 990 3285 absolvi,
1042 3224 1411 3288 reconciliari,
1467 3224 1841 3278 communioni
1895 3240 2079 3279 saera-

511 3319 820 3386 mentisque
852 3315 1064 3370 restitui
1108 3315 1369 3385 potuisse.
1402 3314 1536 3369 Nam
1582 3316 1848 3389 ἀορίστως
1878 3328 1929 3372 et
1966 3317 2080 3371 inli-

507 3408 620 3461 nite
658 3406 850 3467 doces,
893 3404 1152 3459 sccviente
1204 3405 1647 3475 persecutionum
1699 3407 1935 3476 procella
1988 3408 2074 3471 iis,

508 3498 601 3568 qui
636 3497 969 3568 paenitentia:
1012 3497 1174 3559 dono,
1208 3496 1263 3549 id
1303 3505 1409 3561 est,
1452 3497 1627 3551 intimi
1674 3513 1839 3553 sensu
1872 3498 2078 3553 doloris

508 3599 667 3643 erant
694 3587 880 3651 atllatl,
932 3585 1308 3657 paenitentiam
1348 3585 1566 3655 quidem
1619 3586 1765 3640 illam
1811 3589 2079 3657 approba-

509 3686 643 3744 tam,
679 3677 780 3735 sed
819 3680 939 3732 sine
967 3686 1316 3747 peccatorum
1340 3674 1705 3731 absolutione.
1736 3675 1926 3742 Addis,
1956 3678 2078 3731 red-

507 3769 624 3823 dita
664 3767 911 3822 Ecclesia:
941 3782 1089 3837 pace,
1116 3768 1342 3826 veniam,
1385 3782 1476 3821 seu
1503 3776 1835 3835 peccatorum
1868 3768 2081 3823 absolu-

512 3862 707 3915 tionem
731 3859 1076 3913 morientibus
1106 3859 1229 3911 dari
1266 3857 1563 3926 placuisse;
1604 3868 1651 3913 et
1682 3860 1738 3912 in
1766 3876 1826 3914 eo
1855 3859 2081 3914 damna-

512 3961 623 4005 tam
654 3968 787 4014 esse,
814 3951 904 4005 sed
937 3950 1092 4020 longo
1120 3950 1420 4017 intervallo,
1461 3949 1886 4003 Novatianorum
1910 3952 2079 4005 lucre-

511 4044 636 4109 sint,
682 4042 820 4112 quod
866 4042 1206 4096 morientibus
1240 4043 1445 4095 cateiam
1491 4059 1596 4096 non
1638 4042 1959 4097 reluxarent.
2004 4042 2079 4096 Ita

513 4146 637 4187 sero
666 4130 887 4185 tandem
918 4146 1038 4184 mos
1070 4130 1159 4183 ille
1191 4131 1245 4183 in
1270 4129 1568 4185 Ecclesium
1602 4131 1952 4186 introductus
1975 4139 2078 4194 est,

514 4232 575 4275 ut
610 4220 1003 4291 paenitentibus
1041 4220 1357 4275 communio
1407 4221 1759 4287 redderetur;
1807 4238 1987 4293 neque
2027 4222 2080 4276 id

2179 1776 2320 1832 hanc
2346 1792 2449 1847 ego
2474 1789 2735 1844 mentem,
2765 1780 2903 1834 hanc
2927 1781 3253 1836 sententiam
3276 1793 3419 1836 tuam
3440 1791 3492 1837 et
3510 1786 3714 1851 veritati,

2178 1878 2233 1924 et
2265 1870 2615 1940 antiquorum
2645 1872 2983 1939 auctoritati,
3010 1881 3063 1928 et
3090 1871 3352 1929 Ecclesia:
3390 1875 3633 1939 moribus,
3663 1891 3718 1929 ne

2177 1960 2308 2031 quid
2341 1961 2565 2033 gravius
2600 1961 2802 2023 dicam.
2839 1977 2979 2032 nego
3003 1977 3127 2018 esse
3154 1973 3590 2020 consentaneam.
3624 1966 3718 2021 lloc

2176 2052 2322 2107 enim
2358 2054 2680 2117 constituto,
2726 2068 2909 2108 causa:
2956 2053 3091 2107 nihil
3138 2065 3386 2123 apparet,
3433 2069 3531 2110 cur
3562 2054 3717 2109 Nova-

2177 2142 2311 2195 tiani
2365 2141 2661 2197 divortium
2716 2157 2837 2196 cum
2883 2139 3128 2196 Ecclesia
3166 2141 3448 2197 Catholica
3488 2142 3714 2198 facerent.

2186 2232 2329 2299 Quid
2353 2233 2495 2287 enim
2529 2241 2632 2298 est,
2678 2233 2822 2303 quod
2861 2233 3115 2287 haeretica
3147 2234 3251 2289 ista
3296 2233 3454 2289 factio
3481 2234 3717 2305 praecipue

2179 2325 2496 2395 pugnabat?
2529 2324 2736 2395 Opinor
2765 2325 2947 2394 lapsos
2973 2333 3315 2395 caaterosque
3342 2334 3634 2396 peccatores
3662 2323 3716 2378 ad

2180 2413 2437 2469 Ecclesiae
2482 2430 2669 2484 pacem
2709 2423 2762 2471 et
2795 2418 3231 2472 communionem
3266 2417 3483 2473 nolebat
3513 2417 3714 2472 admitti.

2175 2504 2293 2559 Non
2337 2506 2458 2561 illos
2498 2520 2527 2559 a
2567 2521 2663 2577 spe
2690 2507 2864 2562 venia:
2910 2523 2974 2562 ac
3018 2507 3211 2562 salutis
3240 2507 3593 2563 excludebat:
3622 2521 3713 2561 non

2175 2594 2412 2649 alllatum
2463 2594 2614 2649 illum
2664 2594 2977 2665 donumque
3028 2596 3153 2662 Dei,
3203 2596 3318 2653 hoc
3363 2606 3445 2653 est
3494 2596 3716 2650 intimum

2175 2685 2341 2738 animi
2394 2700 2685 2741 mmrorem
2731 2700 2796 2741 ac
2857 2686 3228 2756 paenitentiam
3281 2704 3314 2742 a
3368 2687 3716 2758 peccatoribus

2176 2776 2586 2844 abjudicabant.
2652 2777 2762 2831 lmo
2821 2776 3181 2831 hortabantur
3226 2779 3300 2833 ad
3359 2776 3715 2849 paenitentiam,

2177 2869 2424 2939 adeoque
2451 2868 2835 2938 painitentiam
2860 2870 3260 2935 concedebant,
3321 2871 3427 2926 hoc
3450 2878 3529 2925 est
3556 2882 3719 2939 appro-

2178 2959 2401 3013 babant.
2441 2958 2709 3014 Socrates.
2733 2957 3070 3015 Novatianus
3115 2960 3184 3016 de
3231 2971 3461 3017 auctore
3497 2956 3719 3014 factionis

2179 3048 2409 3110 Novato.
2446 3051 2540 3104 lib.
2576 3067 2649 3114 tv,
2683 3066 2801 3120 cap.
2841 3050 2924 3114 15,
2968 3066 3222 3115 narrans,
3267 3052 3555 3122 scripsisse
3582 3048 3725 3103 refert

2181 3141 2357 3211 ipsum
2397 3142 2517 3203 ταῖς
2550 3143 2823 3212 πανταχοῦ
2863 3143 3227 3215 Ἐκκλησίαις,
3249 3144 3337 3214 μὴ
3360 3143 3594 3214 δέχεσθαι
3620 3141 3726 3202 τοὺς

2179 3231 2564 3295 ὲπιτεθυκότας
2596 3233 2675 3296 εἰς
2696 3234 2764 3286 τὰ
2792 3234 3064 3303 μυστήρια
3083 3249 3097 3264 ο
3140 3234 3276 3287 ἀλλὰ
3302 3234 3623 3307 προτρέπειν
3643 3231 3724 3302 μὲν

2180 3323 2376 3386 αὐτοὺς
2404 3324 2483 3386 εἰς
2511 3323 2820 3393 μετάνοιαν,
2854 3324 2953 3392 τὴν
2984 3323 3040 3375 δὲ
3067 3323 3422 3394 συγχώρησιν
3446 3324 3724 3393 ἐπιτρέπειν

2179 3413 2298 3485 Θεῴ
2332 3413 2410 3485 τῷ
2455 3414 2737 3485 δυναμένῳ
2794 3416 2885 3467 καὶ
2929 3415 3177 3479 ἐξουσίαν
3236 3416 3420 3486 ἔχοντι
3460 3413 3725 3483 συγχωρεῖν

2180 3505 2570 3575 ἁμαρτήματα.
2603 3503 2869 3557 Universis
2905 3503 3178 3567 Ecclesiis,
3220 3520 3284 3557 ne
3333 3503 3504 3573 lapsos
3542 3502 3604 3555 ad
3632 3515 3726 3568 my-

2181 3596 2345 3648 steria
2380 3596 2688 3664 reciperent,
2716 3596 2805 3649 sed
2842 3605 2899 3648 ut
2942 3596 3085 3664 ipsos
3127 3593 3195 3648 ad
3234 3595 3589 3663 paenitentiam
3622 3591 3725 3642 hor-

2183 3695 2444 3750 tarentur,
2476 3685 2863 3740 absolutionem
2895 3701 3013 3739 vero
3043 3684 3151 3739 Deo
3179 3687 3560 3754 permitterent,
3585 3680 3725 3751 quiet

2180 3788 2349 3847 potest
2372 3786 2423 3832 et
2456 3777 2768 3846 facultatem
2799 3778 2952 3832 habet
2982 3788 3195 3847 peccata
3228 3776 3549 3832 condonare.
3571 3771 3727 3828 Pumi-

2183 3870 2405 3925 tentiam
2451 3870 2617 3940 igitur
2649 3870 3041 3936 concedebant,
3094 3869 3196 3924 hoc
3228 3878 3341 3933 est,
3387 3865 3728 3941 approbabant

2180 3959 2486 4016 Novatiani.
2521 3960 2676 4027 Quod
2707 3969 2760 4015 ct
2805 3960 3080 4015 Ambrosii
3106 3961 3271 4015 verba
3311 3961 3420 4016 ista
3451 3957 3728 4030 signiﬁcant

2183 4050 2278 4106 lib.
2310 4066 2348 4114 ι,
2390 4048 2467 4103 De
2486 4052 2688 4118 paenin,
2723 4049 2934 4119 capuﬂ.
2963 4049 3103 4115 Quid
3144 4060 3319 4103 autem
3363 4050 3568 4114 durius,
3590 4058 3728 4118 quam

2182 4150 2238 4192 ut
2284 4141 2520 4194 indicant
2563 4141 2952 4209 pmnitentiam,
2980 4157 3137 4210 quam
3181 4156 3284 4193 non
3330 4140 3604 4196 relaxent?
3637 4144 3726 4191 etc.

2184 4230 2285 4297 Qui
2333 4231 2690 4299 paenitentiam
2754 4230 3034 4286 concedere
3075 4232 3210 4287 nihil
3247 4247 3375 4289 esse
3419 4238 3568 4302 putat
3603 4222 3728 4283 aliud

512 4310 732 4381 quidem
787 4311 985 4380 quovis
1033 4322 1296 4378 tempore,
1342 4311 1436 4365 sed
1482 4311 1539 4364 in
1576 4312 1770 4367 mortis
1814 4312 2080 4367 duntaxat
2113 4331 2155 4385 ι)
2184 4336 2347 4391 quam
2376 4320 2580 4376 donum
2623 4321 2751 4375 illud
2801 4320 2917 4385 Dei,
2961 4329 3017 4377 et
3062 4322 3312 4393 illapsum
3357 4324 3412 4378 in
3454 4316 3729 4393 peccatoris

516 4401 776 4471 periculo.
815 4399 955 4470 Ergo
994 4401 1069 4453 ita
1108 4400 1391 4469 disputas:
1424 4399 1622 4457 Primis
1644 4401 2081 4458 Christianorum

516 4491 880 4562 temporibus,
906 4507 1028 4562 qua:
1060 4492 1536 4563 persecutionibus
1565 4502 1724 4548 erant
1751 4493 1969 4560 infesta,
2003 4495 2084 4548 af-

516 4587 657 4641 tlatis
685 4584 790 4640 illis
820 4598 882 4638 ac
911 4583 1298 4654 paenitentibus
1330 4590 1579 4654 negatam
1607 4583 1874 4651 t'unditus,
1900 4586 1984 4640 vel
2027 4586 2081 4640 in

524 4679 771 4750 periculo
805 4677 1021 4741 mortis,
1070 4677 1464 4732 absolutionem
1493 4692 1507 4730 :
1540 4677 1749 4732 reddita
1780 4693 1910 4732 vero
1944 4664 2086 4732 tran-

519 4771 812 4839 quillitate.
856 4770 993 4825 solis
1016 4771 1376 4825 morientibus
1398 4785 1520 4824 csse
1548 4786 1890 4836 concessam,
1923 4780 2088 4844 atque

519 4877 587 4916 es
620 4877 685 4915 eo
718 4863 836 4914 solo
863 4862 1061 4931 capite,
1102 4861 1245 4929 quod
1278 4863 1472 4916 saltent
1507 4863 1867 4918 morientibus
1891 4880 1991 4932 pax
2034 4874 2087 4918 et

523 4951 895 5005 reconciliatio
940 4951 1293 5013 tribueretur,
1328 4951 1661 5007 Novatianos
1693 4970 1815 5009 esse
1852 4954 2087 5007 damna—

524 5050 628 5097 tos.
678 5040 829 5095 llanc
870 5051 1016 5095 tuam
1059 5042 1361 5096 orationem
1402 5058 1467 5096 ac
1498 5053 1732 5101 mentem
1774 5062 1879 5100 non
1911 5048 2087 5099 solum

526 5134 637 5197 illa,
668 5150 790 5203 quae
823 5146 891 5186 ex
925 5146 1046 5202 pag.
1084 5131 1140 5197 Ξ,
1184 5133 1364 5197 retuli,
1404 5133 1815 5201 demonstrant;
1866 5137 1954 5190 ubi
2001 5152 2107 5209 as—_

524 5224 685 5287 seris,
722 5224 965 5277 swviente
988 5223 1408 5289 persecutionum
1433 5226 1666 5293 procella
1695 5228 1994 5295 poenitentes
2024 5228 2092 5281 ad

528 5316 702 5368 solum
742 5316 1099 5389 penitentiam
1135 5314 1397 5371 adntissos
1428 5318 1539 5372 sine
1577 5334 1666 5388 spe
1701 5320 2091 5374 reconciliatio-

523 5402 649 5460 nis:
699 5404 842 5463 quod
894 5412 1003 5458 tam
1049 5406 1115 5459 de
1147 5408 1297 5463 sanis
1344 5424 1408 5461 ac
1449 5410 1778 5477 valentibus,
1821 5427 1981 5481 quam
2028 5414 2095 5468 de

535 5491 877 5549 moribundis
899 5498 1124 5564 accipis.
1155 5496 1398 5567 Subjicis
1424 5500 1592 5563 enim,
1618 5501 1891 5571 disparem
1916 5520 1978 5556 ac
2004 5504 2097 5557 mi-

538 5578 731 5633 liorem
783 5586 1232 5644 consuetudinem
1281 5588 1513 5644 subinde
1549 5600 1841 5662 receptam,
1875 5609 1994 5663 quae
2030 5596 2095 5651 de

2186 4411 2429 4466 animum
2497 4412 2731 4482 probare
2783 4412 3051 4478 dolorem,
3105 4412 3443 4470 Novatianos
3498 4408 3730 4467 fatebitur

2185 4501 2526 4558 concessisse
2578 4502 2978 4571 pmnitentiam,
3042 4502 3288 4572 adeoque
3339 4503 3477 4558 nihil
3530 4502 3626 4555 bac
3674 4509 3730 4551 es

2186 4603 2339 4665 parte
2364 4609 2392 4648 a
2419 4594 2705 4648 catholicis
2737 4592 3115 4663 discrepasse;
3148 4610 3272 4647 nam
3311 4593 3459 4664 quod
3502 4593 3590 4661 jus
3617 4583 3729 4643 illud

2187 4694 2417 4755 peccata
2441 4683 2749 4738 remittendi
2786 4699 2953 4754 penes
2984 4684 3284 4739 Ecclesiam
3306 4700 3431 4741 esse
3466 4676 3730 4738 Novatiani

2189 4789 2448 4847 praeterea
2473 4783 2828 4846 negaverunt.
2856 4776 3249 4833 aﬂirmantibus
3280 4778 3585 4839 catholicis,
3616 4770 3730 4826 nihil

2190 4869 2257 4923 ad
2306 4885 2417 4923 rem
2455 4869 2732 4938 pertinet:
2777 4868 3036 4937 primum,
3086 4870 3214 4938 quia
3264 4868 3533 4939 superiori
3577 4862 3735 4934 capite

2191 4975 2387 5029 negare
2415 4960 2564 5016 visus
2588 4976 2667 5022 cs,
2697 4957 3028 5012 Novatianos
3053 4960 3182 5014 illud
3220 4960 3374 5013 initio
3396 4957 3659 5015 docuisse,
3688 4956 3734 5003 cl

2191 5054 2448 5121 gradibus
2498 5052 2825 5120 quibusdam
2858 5067 2923 5106 eo
2966 5051 3183 5105 demum
3215 5051 3546 5123 pervenisse.
3578 5046 3736 5111 Quale

2193 5143 2368 5210 primo
2396 5143 2489 5194 illo
2516 5143 2570 5193 in
2610 5144 2814 5197 erroris
2843 5144 3036 5211 gradu,
3065 5143 3225 5197 velim
3259 5141 3607 5211 respondeas.
3651 5146 3736 5186 θυι·

2192 5246 2252 5286 se
2300 5229 2636 5286 Novatianus
2675 5248 2703 5285 a
2750 5234 3035 5288 catholicis
3079 5233 3201 5288 ideo
3247 5232 3565 5304 segregarit,
3609 5220 3733 5297 ψιοά

2197 5322 2369 5391 lapsis
2402 5338 2588 5391 pacem
2622 5324 2687 5378 ad
2717 5327 2923 5381 veniam
2959 5326 3301 5382 tribuendam
3348 5341 3456 5379 non
3488 5321 3734 5376 crederet.

2196 5412 2238 5468 si
2260 5412 2398 5466 idem
2425 5414 2571 5467 etab
2594 5415 2834 5472 Ecclesia
2860 5417 3158 5473 factitatum
3180 5417 3360 5473 fuerit.
3381 5414 3600 5473 Deinde.
3625 5409 3734 5481 quia

2196 5504 2262 5558 de
2288 5505 2430 5559 tacto
2462 5508 2615 5576 prius
2656 5524 2818 5578 quam
2849 5508 2917 5565 de
2956 5510 3079 5579 jure
3113 5519 3259 5563 mota
3291 5519 3371 5563 est
3398 5507 3467 5561 ab
3495 5505 3596 5559 illis
3622 5514 3731 5555 con-

2198 5597 2483 5654 troversia.
2514 5597 2693 5656 Doceo
2728 5599 2838 5670 jam
2886 5599 3239 5657 falsissiumm
3281 5614 3423 5663 esse,
3467 5594 3605 5670 quod
3639 5590 3731 5646 dis.
