4028 6220
296 125 377 184 613

1378 120 1747 179 ADVERSUS
1784 121 1948 180 MAT.
1992 123 2351 182 SIMONIUM.

3411 143 3507 197 GH

284 252 489 318 punctor
529 255 642 297 non
692 240 784 297 ille
816 238 1036 311 quidem
1071 240 1303 311 probat;
1349 242 1445 297 sed
1492 241 1835 313 Pythagoreo
1862 248 1908 304 Α
1938 244 2340 312 persecutionis
2367 245 2533 315 editi;
2563 249 2765 318 quibus
2782 266 2945 307 suum
2974 253 3247 325 plerisque
3269 259 3507 325 peccatis

279 352 408 393 more
439 334 777 408 pronuntiat,
824 333 1209 403 peccatoribus
1240 333 1411 389 solam
1457 335 1576 389 sine
1605 334 1829 389 absolu-

276 431 405 482 tione
449 423 708 478 tributam
767 437 892 477 esse
946 422 1348 492 paenitentiam.
1406 422 1824 487 Tertullianus,

273 515 440 579 credo,
469 512 535 566 iis
576 512 713 581 ipsis
746 512 1088 580 temporibus
1115 510 1321 577 ﬂoruit,
1354 513 1555 582 quibus
1581 528 1828 581 persecu-

272 605 410 661 tionis
442 600 669 670 procella
709 600 975 667 swviebat,
1022 600 1287 669 quibusve
1343 608 1597 670 negatam
1651 599 1828 669 paeni-

281 694 500 752 tentibus
537 692 762 747 omnino
795 706 980 761 pacem
1018 698 1315 747 asseverat.
1361 692 1429 745 At
1470 691 1562 747 ille
1605 692 1700 746 lib.
1750 690 1825 746 De

273 785 551 858 prwscript.
579 781 911 837 Marcionem
938 781 1247 846 Ponticum,
1275 798 1434 852 quem
1465 791 1688 853 propter
1714 792 1827 838 stu-

267 894 409 950 prum
453 877 740 945 cujusdam
780 875 1009 946 virginis
1051 876 1120 929 ab
1154 875 1411 931 Ecclesiae
1440 877 1823 932 communione

268 970 525 1039 abjectum
561 983 684 1024 esse
712 967 873 1031 dixit,
910 966 1089 1030 docet,
1115 967 1181 1021 ad
1211 982 1396 1037 pacem
1427 968 1819 1023 admittendum

264 1059 503 1114 Ecclesiae
528 1059 718 1124 fuisse,
746 1058 855 1113 nisi
888 1066 1068 1113 morte
1090 1066 1401 1129 przevcntus
1430 1068 1593 1116 esset.
1626 1058 1819 1114 Pacem

262 1153 412 1222 igitur
436 1158 515 1205 tot
553 1151 644 1205 ille
681 1150 982 1205 sceleribus
1019 1160 1314 1220 coopertus
1348 1158 1404 1205 et
1440 1148 1660 1205 infamis
1711 1151 1820 1205 ine-

264 1241 524 1297 resiarcba
590 1256 655 1295 ac
688 1241 1007 1310 sacrilegus.
1032 1242 1142 1297 nisi
1172 1251 1349 1297 morte
1379 1242 1523 1297 illam
1567 1252 1818 1299 antever-

261 1334 419 1396 tisset,
465 1331 759 1387 obtineret.
808 1330 1131 1387 Tertulliani
1164 1334 1329 1388 verba
1367 1343 1500 1390 sunt
1533 1350 1653 1406 cap.
1704 1337 1813 1391 30:

259 1423 587 1477 Pastmodum
639 1421 885 1477 Marcion
932 1425 1294 1492 paenitentiam
1346 1425 1641 1494 confessus,
1697 1442 1815 1480 cum

254 1512 535 1566 conditioni
567 1512 710 1566 data:
759 1513 861 1568 sibi
891 1515 1139 1578 occurrit,
1175 1516 1252 1568 ita
1279 1532 1460 1586 pacem
1488 1498 1811 1586 repepturus,

1928 336 2267 404 paenitentiae
2316 345 2531 407 tempus
2576 340 2938 410 describitur,
2992 352 3047 399 et
3090 346 3144 399 in
3184 347 3289 399 line
3349 349 3507 417 μέθε-

1932 421 2033 490 ξις,
2090 426 2405 480 communio
2450 427 2829 498 absolutioque
2864 431 3207 499 proponitur.
3240 433 3505 502 Serapion

1929 512 2021 569 ille
2067 514 2372 579 confessor,
2429 518 2590 585 cujus
2639 520 2885 573 meminit
2937 520 3209 577 Eusebius
3265 522 3362 576 lib.
3424 538 3505 587 vr,

1921 619 2049 673 cap.
2094 605 2187 670 26,
2222 605 2427 662 Eccles.
2476 609 2665 662 histor.
2704 610 2850 679 quod
2893 611 3054 667 idolis
3113 613 3504 679 sacriﬁcasset,

1927 695 2017 749 diu
2050 696 2310 765 reiectus,
2342 698 2445 752 sub
2476 699 2656 769 ipsum
2691 702 2883 756 mortis
2911 709 3127 772 tempus
3157 703 3222 758 ad
3248 719 3503 759 commu-

1930 786 2147 840 nionem
2182 787 2449 843 Dorninici
2485 790 2734 859 corporis
2763 799 2847 846 est
2871 793 3147 848 admissus
3176 811 3189 847 :
3220 795 3365 863 quod
3388 809 3416 846 a
3445 812 3505 851 se

1925 878 2248 931 mandatum
2271 895 2394 934 esse
2426 880 2720 952 Dionysius
2744 883 3145 938 Alexandrinus
3172 887 3337 939 refert
3360 887 3501 956 apud

1924 965 2270 1022 Eusebium:
2319 971 2567 1041 Ἐντολῆς
2615 973 2708 1024 ὑπ’
2757 972 2890 1042 ἐμοῦ
2939 974 3258 1046 δεδομένης,
3302 977 3498 1047 inqttLt,

1921 1056 2047 1119 τοὺς
2079 1058 2583 1129 ἀπαλλαττομένους
2615 1061 2707 1114 τοῦ
2745 1062 2879 1131 βίου,
2928 1067 2975 1117 εἰ
3019 1066 3241 1131 δέοιντο,
3284 1071 3377 1122 καὶ
3406 1072 3503 1139 μά-

1921 1146 2077 1202 λιστα.
2118 1151 2166 1201 εἰ
2200 1152 2293 1202 καὶ
2335 1152 2596 1221 πρότερον
2653 1154 3027 1220 ἱκετεύσαντες
3074 1158 3308 1229 τύχοιεν,
3354 1163 3508 1232 ἀφίε-

1930 1238 2076 1292 σθαι.
2113 1238 2374 1293 Mandata
2407 1258 2439 1293 a
2475 1259 2553 1295 me
2579 1243 2743 1307 edito,
2776 1255 2836 1297 ut
2866 1248 3198 1313 moribundi,
3249 1253 3294 1304 si
3324 1252 3376 1304 id
3407 1269 3498 1321 po-

1928 1328 2227 1395 stularent,
2270 1332 2565 1398 prwsertim
2599 1336 2645 1386 si
2691 1344 2849 1388 antea
2876 1337 3284 1405 supplicassem,
3322 1341 3497 1397 absol-

1922 1429 2186 1473 verentur.
2218 1419 2454 1477 Proinde
2481 1437 2588 1477 non
2617 1424 2842 1479 dubium
2870 1435 2975 1490 est,
3001 1428 3133 1497 quin
3162 1440 3286 1484 ante
3310 1446 3494 1500 pacem

1917 1504 2173 1563 Ecclesia:
2197 1511 2489 1576 redditam,
2517 1528 2697 1583 neque
2729 1522 2883 1570 tanto
2910 1526 3032 1587 post
3060 1517 3489 1576 Novatianorum

242 1605 299 1657 .si
323 1614 534 1659 releras
563 1621 787 1675 quoque,
830 1621 959 1677 quos
988 1580 1800 1675 perditioni.audissem-Eccita?

1916 1606 2096 1652 ortum
2150 1599 2459 1670 intervallo,
2520 1606 2864 1663 moribundis
2916 1624 3021 1679 pax
3078 1619 3128 1664 ct
3179 1614 3498 1668 communio

253 1694 336 1747 sia!
362 1694 680 1760 restitueret,
722 1704 892 1749 morte
919 1706 1215 1765 prtercntus
1249 1705 1347 1752 est.

311 1785 385 1838 Ad
415 1786 534 1840 haec
572 1787 698 1855 quis
728 1786 919 1842 eodem
954 1788 1157 1842 saeculo
1195 1789 1393 1855 nescit,
1434 1789 1804 1859 nequidquam

246 1874 565 1929 reclamante
588 1872 927 1928 Tertulliano
963 1874 1077 1945 jam
1135 1874 1415 1941 lueretico,
1451 1890 1637 1945 pacem
1673 1891 1809 1929 nue-

246 1967 353 2022 cbis
392 1974 523 2036 post
569 1966 947 2037 paenitentiam
993 1981 1023 2020 a
1066 1964 1384 2039 Zephyrino
1430 1969 1707 2037 pontifice,
1756 1980 1809 2023 et

246 2058 522 2113 catholicis
553 2058 726 2113 fuisse
750 2072 1072 2113 concessam
1093 2058 1387 2114 ‘tNondum
1419 2058 1675 2116 Ecclesiae
1703 2074 1808 2130 pax

236 2161 351 2205 erat
383 2150 622 2215 reddita,
652 2158 701 2205 et
736 2152 1189 2221 persecutionum
1220 2151 1400 2205 adhuc
1424 2152 1663 2222 procella
1707 2167 1809 2207 sae-

246 2240 427 2307 viebat,
465 2256 601 2295 cum
636 2241 853 2296 veniam
892 2255 991 2296 seu
1023 2250 1375 2311 peccatorum
1408 2241 1804 2298 absolutionem

243 2331 367 2387 vivis
389 2333 623 2403 perinde
650 2349 713 2388 ac
738 2333 1101 2390 morientibus
1124 2335 1364 2391 ostendit
1391 2334 1669 2391 Ecclesia:
1707 2349 1807 2389 nec

238 2422 397 2478 solum
443 2422 838 2495 penitentiam
883 2423 1229 2492 approbavit,
1275 2422 1369 2477 sed
1418 2430 1472 2477 et
1517 2437 1702 2493 pacem
1742 2436 1806 2475 ac

236 2516 732 2571 reconciliationem
793 2516 1198 2570 communionis
1252 2515 1501 2569 indulsit.
1550 2513 1693 2568 Vixit
1751 2520 1805 2566 et

245 2605 475 2663 saeviente
498 2609 949 2678 persecutionum
981 2606 1240 2676 procella,
1274 2606 1515 2660 nondum
1545 2604 1804 2659 Ecclesia:

247 2696 441 2750 reddita
479 2712 641 2767 pace,
686 2695 1019 2767 Cyprianus,
1064 2697 1257 2752 iisdem
1300 2696 1502 2765 quibus
1542 2683 1800 2748 Novatia-

246 2800 421 2840 norum
467 2787 701 2843 haeresis
743 2794 933 2841 exorta
964 2794 1050 2842 est
1080 2787 1440 2856 temporibus.
1480 2785 1681 2840 Scribit
1714 2786 1802 2838 ille

1915 1688 2166 1741 restituta
2200 1690 2384 1754 fuerit,
2417 1694 2564 1762 quod
2592 1702 2646 1749 et
2677 1696 2880 1765 passim
2913 1698 3221 1769 Cyprianus
3258 1717 3492 1774 usurpa-

1912 1785 2028 1833 tum
2060 1794 2091 1833 a
2130 1796 2190 1835 se
2220 1788 2456 1836 testatur
2490 1785 2543 1838 in
2575 1787 2843 1856 epistolis.

1986 1868 2109 1936 Quo
2176 1873 2348 1943 magis
2403 1874 2648 1929 admiror
2682 1892 2752 1933 ea
2814 1886 2863 1933 te
2918 1878 3179 1935 scientem
3227 1883 3491 1949 scribere,

1911 1978 2031 2032 quae
2074 1972 2180 2016 tam
2213 1974 2399 2034 aperte
2435 1965 2779 2034 Tertulliani,
2824 1969 3102 2040 Cypriani,
3151 1975 3490 2043 reliquorum

1910 2053 2155 2106 Omnium
2190 2056 2523 2125 scriptorum
2551 2066 2605 2111 et
2642 2073 2915 2113 canonum
2949 2064 3263 2118 auctoritati
3328 2082 3488 2136 repu-

1909 2151 2100 2213 gnent,
2139 2152 2198 2197 ut
2223 2145 2291 2200 de
2320 2161 2509 2201 eorum
2541 2147 2780 2204 falsitate
2807 2150 2984 2206 cuivis
3018 2151 3105 2206 vel
3138 2154 3491 2211 mediocriter

1908 2234 2104 2287 barum
2155 2251 2336 2291 rerutn
2382 2238 2709 2310 intelligenti
2755 2250 2993 2296 constet.
3044 2242 3187 2310 Quid
3217 2246 3363 2316 quod
3396 2263 3489 2301 ea-

1915 2331 2038 2385 dem
2082 2331 2175 2385 illa
2222 2342 2313 2387 tua
2353 2334 2608 2389 doctrina
2653 2350 2777 2390 cum
2822 2338 2911 2401 iis,
2949 2354 3070 2407 qua:
3097 2340 3272 2408 primo
3306 2343 3488 2411 capite

1915 2426 2205 2490 docueras,
2264 2425 2716 2481 manifestissime
2780 2429 3025 2498 pugnat?
3086 2430 3220 2484 Nam
3279 2432 3332 2485 in
3393 2434 3486 2487 illo

1913 2519 2113 2587 capite,
2139 2533 2260 2587 pag.
2281 2517 2334 2579 6,
2358 2516 2639 2571 decretum
2671 2518 2803 2572 illud
2828 2518 3055 2573 Romani
3076 2522 3318 2587 concilii,
3339 2524 3483 2593 quod

1907 2604 2195 2659 Novatiani
2225 2614 2470 2674 temporc
2494 2604 2828 2659 celebratum
2852 2616 2955 2671 est,
2987 2624 3051 2663 ex
3083 2608 3321 2664 Eusebio
3355 2628 3484 2681 pro-

1908 2696 2034 2760 fers,
2068 2696 2221 2763 quod
2259 2694 2548 2756 Nouatum,
2594 2694 2807 2764 ejusque
2854 2696 3087 2758 fautores
3128 2710 3279 2753 tanta
3303 2718 3485 2770 super-

1904 2784 1991 2837 bia
2033 2785 2268 2854 inﬂatos,
2310 2793 2357 2836 et
2401 2794 2652 2853 quotquot
2702 2784 2848 2837 illius
2890 2786 3342 2841 inltumanissima'
3369 2803 3418 2845 et
3449 2810 3483 2846 a

242 2878 493 2944 epistolam
526 2879 603 2932 ad
630 2879 1016 2942 Antunianum,
1047 2892 1167 2948 qua
1185 2885 1269 2932 est
1300 2878 1335 2931 2
1370 2877 1493 2931 libri
1522 2892 1612 2931 tv:
1650 2874 1792 2928 Nam
1823 2903 1866 2961 ο
1902 2878 2142 2945 fraterna
2197 2875 2458 2929 cbaritatc
2490 2876 2834 2930 alienissima:
2874 2879 3106 2946 opinioni
3156 2884 3481 2937 assentiren-

242 2973 284 3017 et
312 2966 533 3029 moechis,
578 2967 781 3037 inquit,
819 2984 851 3021 a
889 2966 1036 3021 nobis
1073 2968 1392 3035 paenitentia:
1433 2976 1631 3035 tempus
1670 2982 1797 3018 con-

240 3058 446 3121 ceditur,
470 3071 517 3113 et
552 3075 663 3128 pax
688 3059 873 3111 datur.
904 3059 1034 3113 item
1064 3078 1077 3113 :
1118 3058 1285 3112 Miror
1316 3067 1510 3120 autem,
1540 3058 1798 3127 quosdam

240 3150 308 3200 sic
345 3148 636 3203 obstinatos
690 3165 822 3214 esse,
879 3158 935 3202 ut
972 3148 1207 3201 dandam
1257 3150 1420 3217 lapsis
1461 3165 1564 3203 non
1615 3160 1796 3218 putent

236 3240 604 3303 paenitentiam,
658 3249 750 3293 aut
815 3238 1180 3307 penitentibus
1231 3241 1530 3294 existiment
1592 3241 1795 3293 veniam

237 3328 605 3399 denegandam.
640 3329 904 3385 Prazlerea
939 3332 1075 3385 libro
1096 3329 1356 3401 delapsis
1388 3331 1441 3384 id
1476 3347 1640 3385 unum
1672 3347 1796 3401 que-

238 3419 379 3482 ritur,
412 3423 549 3492 qnod
590 3431 712 3474 ante
749 3422 963 3487 expiata
1002 3421 1215 3483 delicta,
1268 3429 1388 3475 ante
1425 3421 1794 3490 exliomologe-

235 3510 307 3562 sin
366 3511 564 3581 factam
610 3512 873 3577 criminis,
917 3521 1039 3565 ante
1092 3522 1372 3581 purgatam
1419 3513 1792 3568 conscientiam

233 3605 478 3673 sacriﬁcio
520 3614 575 3660 et
615 3621 775 3658 manu
804 3603 1118 3666 sacerdotis,
1165 3612 1285 3658 ante
1317 3604 1574 3673 o/fensam
1608 3605 1794 3675 placa-

233 3701 325 3745 tam
342 3695 672 3765 indignantis
692 3694 901 3748 Domini
912 3704 960 3748 et
979 3695 1247 3757 minantis,
1262 3710 1441 3763 pacem
1456 3706 1643 3765 putant
1657 3714 1789 3761 esse,

229 3800 369 3851 quam
398 3788 619 3856 quidam
653 3785 818 3842 verbis
848 3786 1131 3855 fallacibus
1168 3786 1457 3840 venditant.
1492 3786 1565 3840 De
1596 3803 1705 3857 quo
1734 3798 1788 3842 et

228 3876 343 3930 alibi
371 3881 579 3947 passim
614 3878 958 3947 expostulat,
998 3877 1233 3931 maxime
1260 3877 1421 3946 epist.
1452 3878 1538 3942 10,
1571 3883 1638 3930 ad
1674 3878 1791 3933 Cle-

230 3978 354 4029 ram,
381 3974 435 4021 et
464 3982 553 4038 ep.
580 3966 649 4021 12
668 3975 722 4023 et
743 3982 830 4037 ep.
852 3967 941 4030 i5,
975 3967 1096 4021 libri
1118 3981 1201 4020 Ill.
1226 3966 1390 4036 Atep.
1427 3966 1514 4033 il,
1534 3975 1657 4036 post
1681 3970 1792 4037 ple-

228 4069 339 4108 nam
370 4059 751 4127 paenitentiam
795 4066 1074 4129 stupratas
1103 4058 1344 4128 virgines
1373 4058 1781 4129 exhomologesi

232 4145 362 4202 facta
389 4151 574 4207 redire
607 4151 671 4205 ad
702 4150 1006 4205 Ecclesiam
1044 4150 1328 4220 permittit.
1362 4148 1505 4217 Quin
1526 4150 1687 4206 etiam
1718 4152 1789 4207 ob

1903 2982 2009 3035 tur,
2052 2973 2104 3025 in
2148 2971 2327 3024 eodem
2373 2987 2614 3033 numero,
2663 2987 2767 3039 quo
2812 2972 2903 3040 qui
2946 2982 3098 3026 erant
3136 2974 3201 3027 ab
3243 2975 3479 3031 Ecclesia

1897 3062 2102 3117 exclusi
2130 3062 2312 3115 haberi
2336 3062 2510 3130 jubet.
2560 3060 2694 3127 Qua:
2738 3072 2820 3116 est
2855 3061 3269 3121 inlmmanitatis
3323 3069 3478 3135 plena

1902 3155 2005 3209 ista
2039 3154 2334 3214 sententia,
2383 3163 2606 3223 propter
2648 3170 2811 3222 quam
2852 3155 3144 3211 damnatus
3178 3167 3260 3212 est
3295 3157 3479 3213 Novao~

1897 3244 2026 3296 tus?
2065 3240 2274 3311 Opinor
2325 3242 2441 3301 illa,
2488 3256 2652 3310 quam
2694 3240 2886 3295 eodem
2937 3244 3113 3312 capite
3138 3244 3231 3307 55,
3269 3246 3365 3301 lib.
3398 3262 3475 3311 vr,

1901 3331 2042 3386 Ilist.
2075 3332 2258 3386 cretes.
2307 3332 2451 3388 unde
2497 3333 2603 3388 ista
2652 3333 3063 3403 deprompsisti,
3108 3335 3273 3391 refert
3314 3338 3482 3394 Ense.

1898 3424 2061 3488 bins;
2109 3422 2257 3493 quod
2306 3438 2457 3492 spem
2507 3438 2721 3478 onmem
2773 3423 2946 3478 venia:
3004 3424 3171 3494 lapsis
3219 3428 3472 3497 eriperet.

1896 3512 2020 3568 Ideo
2036 3514 2294 3567 damnato
2310 3513 2630 3576 Novatiano,
2653 3521 2920 3567 statutum
2937 3524 3041 3577 est,
3064 3526 3120 3569 ut
3143 3518 3303 3572 ii.lem
3335 3521 3473 3588 lapsi

1894 3605 2237 3676 pmnitentite
2279 3605 2691 3661 medicamentis
2723 3607 2927 3671 curari,
2958 3621 3023 3660 ac
3050 3609 3270 3662 sanitati
3313 3612 3469 3665 resti-

1896 3697 1970 3752 tui
2015 3704 2258 3767 possent.
2287 3694 2405 3763 Jam
2436 3703 2550 3749 tum
2575 3712 2730 3766 ergo,
2763 3704 2822 3751 ut
2849 3705 3096 3767 apparet,
3130 3698 3197 3751 ab
3224 3698 3470 3758 Ercfcsia

1893 3786 2166 3841 catholica
2201 3786 2336 3854 lapsi
2367 3794 2715 3855 peccatorum
2748 3788 3148 3842 absolutionem
3184 3799 3310 3843 sunt
3336 3806 3471 3845 con-

1894 3881 2091 3937 secuti.
2139 3880 2304 3950 Atqui
2351 3880 2455 3935 lioc
2503 3881 2621 3950 ipso
2668 3881 2913 3936 secundo
2960 3880 3471 3951 dispunctiunculao

1893 3989 2014 4027 rum
2055 3971 2254 4041 capite,
2297 3987 2420 4041 pag.
2452 3972 2506 4037 9,
2539 3973 2781 4026 stcriente
2793 3974 3211 4040 persecutionum
3239 3975 3469 4043 procella

1894 4062 2312 4131 pmnitentibus,
2345 4061 2395 4114 id
2418 4072 2525 4125 est,
2560 4061 2704 4115 dono
2735 4062 2827 4115 illo
2867 4060 2955 4116 Dei
2988 4062 3182 4116 amatis
3219 4072 3466 4133 negatam

1895 4155 2094 4210 asset-is
2125 4154 2558 4218 absolutionem,
2615 4153 2826 4207 reddita
2856 4170 2975 4209 vero
3018 4153 3267 4209 Ecclesia:
3316 4172 3463 4224 pare,

224 4236 531 4309 ingruentes
565 4243 1007 4313 persecutiones.
1047 4241 1379 4312 pmnitentitc
1417 4244 1789 4299 contrahenda
1821 4254 1867 4314 ι)
1893 4246 2331 4311 communionem,
2375 4244 2429 4299 id
2459 4254 2558 4309 est,
2592 4248 2794 4300 reniam
2827 4263 2917 4300 seu
2942 4256 3276 4313 peccatorum
3310 4246 3463 4301 abso-

224 4332 406 4397 spatia,
443 4344 497 4389 et
523 4349 718 4404 pacem
763 4334 929 4405 lapsis
972 4335 1468 4404 repraesentandam
1498 4352 1642 4401 esse,
1693 4338 1789 4393 de-

218 4422 386 4475 cernit
418 4440 507 4493 ep.
539 4424 632 4479 54.
667 4422 772 4479 Sed
805 4440 1018 4489 vereor,
1052 4441 1117 4479 ne
1143 4424 1401 4495 Cypriani
1435 4428 1789 4484 auetoritahs

221 4526 468 4573 acervare
503 4518 675 4572 nimis
707 4518 928 4589 longum
961 4532 1023 4572 ac
1058 4533 1523 4587 supervacaneum
1554 4520 1645 4575 sit.
1678 4518 1790 4575 Plc-

218 4619 293 4657 na:
313 4621 440 4664 sunt
462 4611 617 4664 enim
651 4610 798 4665 illius
823 4610 1068 4681 epistola:
1089 4610 1414 4666 certissimis
1437 4612 1788 4668 evidentissi—

218 4696 419 4767 misque
468 4701 826 4764 testimoniis,
861 4716 927 4755 ex
967 4701 1168 4772 quibus
1212 4709 1494 4771 appareat,
1548 4705 1789 4758 sarriente

215 4791 441 4852 procella
513 4796 928 4861 persecutionis,
990 4802 1335 4865 peccatorum
1392 4796 1785 4851 absolutionem

217 4881 610 4943 pmnitentihus
641 4885 930 4946 indullam,
955 4885 1092 4939 vivis
1114 4901 1267 4955 teque
1288 4900 1351 4938 ac
1385 4886 1743 4940 morientibus
1768 4907 1781 4942 :

218 4986 381 5043 neque
413 4992 605 5031 verum
635 4995 777 5043 esse,
805 4980 949 5050 quod
992 4978 1224 5045 scribis;
1274 4980 1426 5051 longo
1460 4980 1788 5036 demumirt—

217 5068 426 5122 ten-allo
477 5068 906 5125 Novatianorum
962 5073 1183 5127 ltwrcsin
1240 5073 1402 5140 fuisse
1453 5072 1781 5138 damnatam,

215 5162 340 5213 Quod
369 5162 715 5216 morientibus
752 5166 952 5216 veniam
982 5181 1082 5217 non
1112 5166 1433 5218 relaxarent.
1477 5163 1631 5231 Quod
1677 5166 1783 5218 trti-

216 5261 316 5309 que
343 5248 651 5307 Novatiano
678 5254 855 5309 adhuc
887 5256 1202 5325 superstite,
1243 5255 1350 5309 imo
1377 5265 1502 5310 ante
1532 5254 1785 5310 Novaria-

217 5354 362 5402 num.
390 5344 446 5399 in
478 5343 723 5403 Ecclesia
763 5365 885 5404 esse
925 5349 1151 5412 factum,
1196 5350 1331 5405 satis
1364 5359 1647 5407 ostensum
1676 5360 1778 5405 est.

217 5439 486 5491 Accedant
520 5442 677 5495 modo
728 5441 976 5512 Gregorii
1022 5441 1389 5517 tltaunmturgi
1439 5444 1783 5513 aliorumque

221 5527 619 5591 pwnitcnttalcs
671 5546 931 5593 canones,
964 5539 1245 5603 grassante
1311 5535 1489 5597 adhuc
1541 5530 1779 5641 WW1!“

1887 4340 2139 4395 lationem
2167 4342 2508 4396 morientibus
2535 4343 2657 4395 dari
2689 4342 2976 4410 placuisse;
3003 4352 3052 4396 et
3084 4344 3137 4397 in
3158 4358 3218 4397 ea
3249 4342 3469 4397 damna-

1889 4440 1995 4484 tam
2027 4448 2156 4496 βεδε,
2198 4432 2288 4484 sed
2317 4432 2472 4500 longo
2503 4434 2802 4498 intervallo,
2838 4432 3265 4487 Novatianorum
3297 4435 3467 4487 luere-

1888 4524 1992 4582 sin,
2025 4523 2162 4592 quod
2203 4524 2545 4577 morientibus
2584 4526 2787 4577 veniant
2827 4541 2930 4577 non
2970 4525 3294 4578 relaxarcnt.
3349 4524 3463 4578 Non

1887 4615 2066 4668 allnnn
2101 4616 2253 4683 nigro
2282 4614 2615 4669 contrarium
2665 4613 2835 4684 magis
2887 4622 3008 4675 est,
3060 4630 3221 4683 quam
3267 4615 3463 4681 prioris

1887 4705 2081 4773 capitis
2132 4705 2415 4772 doctrina},
2468 4705 2789 4774 posterioris
2834 4705 3126 4759 sententia.
3188 4704 3246 4759 Si
3301 4704 3463 4772 longo

1889 4805 2011 4865 post
2062 4795 2345 4849 Novatiani
2375 4806 2590 4865 tempus
2626 4795 2935 4856 intervallo,
2984 4809 3049 4848 ac
3091 4794 3240 4848 finita
3276 4810 3461 4864 persc—

1886 4890 2125 4956 culione,
2166 4888 2420 4943 damnata
2454 4896 2537 4942 est
2572 4886 2857 4941 Novatiani
2888 4886 3143 4948 limresis;
3181 4887 3283 4940 hoc
3318 4887 3458 4955 ipso,

1885 4979 2029 5049 quod
2076 4979 2438 5034 morientibus
2481 4977 2749 5033 duntaxat
2801 4978 2956 5033 venia
3006 4977 3276 5046 permissa
3330 4975 3456 5041 fuit,

1885 5070 2161 5140 quomodo
2211 5085 2397 5124 verum
2441 5077 2545 5131 est,
2589 5069 2732 5139 quod
2762 5086 2825 5125 ex
2866 5067 3101 5124 Eusebio
3127 5075 3179 5121 et
3216 5066 3459 5121 llomano

1886 5160 1980 5213 illo
2028 5161 2264 5213 concilio
2319 5161 2484 5229 (quod
2534 5161 2719 5230 utique
2762 5158 3160 5229 persecutionis
3218 5166 3459 5227 tempore

1883 5261 1968 5307 est
2000 5252 2291 5317 habitum),
2336 5252 2496 5306 modo
2535 5252 2847 5321 proferebas
2875 5270 2888 5304 :
2917 5250 3456 5314 inhumanissimam,

1886 5351 1936 5397 et
1974 5357 2003 5396 a
2048 5342 2290 5396 fraterna
2337 5342 2609 5397 cbaritatc
2662 5343 3050 5397 alienissimam
3106 5341 3297 5396 Novati
3336 5345 3457 5413 opi-

1884 5438 2124 5498 nionem,
2183 5438 2395 5492 vivente
2449 5438 2627 5491 adhuc
2683 5437 2823 5507 ipso,
2874 5436 3189 5491 damnatam
3244 5436 3455 5492 fuisse?

1884 5528 2221 5588 Novatianus
2255 5530 2400 5587 enim
2441 5530 2608 5597 lapsis
2640 5531 2809 5588 venite
2841 5546 2990 5596 spem
3020 5540 3248 5590 eatenus
3278 5528 3451 5589 solum
