4028 6220
504 236 616 288 6'5

1818 222 2004 279 DLON.
2048 220 2394 276 PETlel'S

3604 210 3695 264 616

502 346 845 411 εἰοιιηιιοιιει,
889 358 1161 416 quatenus
1188 344 1400 398 absolvi
1431 356 1528 396 eos
1559 341 1627 394 ab
1657 339 1900 395 Ecclesia
1935 349 2087 394 veta-
2115 349 2161 403 Α
2192 340 2435 408 ejusdem
2466 339 2730 392 sententia
2752 337 3039 391 convenire
3064 338 3156 406 qui
3184 338 3396 407 pot:st?
3428 335 3576 394 Doces
3590 354 3695 398 nos.

509 451 633 503 tat;
666 444 1003 511 paenitentia:
1033 448 1212 491 autent
1248 434 1502 486 affectum
1526 433 1700 492 illunt,
1735 434 1848 485 sive
1877 432 2085 484 donum

508 533 622 596 bei,
653 548 715 584 ac
761 545 1071 592 manerem,
1120 534 1213 579 aut
1259 524 1522 593 quidquid
1558 523 1773 576 tandem
1805 522 1939 575 illud
1968 530 2080 585 est,

506 623 651 691 quod
704 623 1033 691 pcenitentes
1069 618 1208 669 citra
1247 616 1646 669 absolutionem
1679 614 2088 683 consequeban-

509 726 619 773 tur,
656 712 1016 780 approbaltat,
1065 716 1121 759 ιιι
1156 724 1221 761 ex
1264 706 1492 760 Socrate
1529 708 1623 761 lib.
1653 722 1726 770 tv,
1763 721 1885 775 cap.
1920 706 2004 768 1⁸5,
2035 713 2088 758 et

506 803 758 853 Ambros.
792 798 885 850 lib.
920 814 958 860 ι,
988 795 1065 849 De
1088 797 1363 863 pwnitent.
1400 809 1524 863 cap.
1558 793 1612 856 2,
1650 794 1704 847 in
1744 794 2090 845 Animadvero

505 892 766 951 sionibus,
807 904 929 957 cap.
979 888 1029 940 l.
1086 887 1341 941 Diatribm
1381 887 1448 942 de
1490 888 1814 957 paenitentia
1862 885 2091 939 demon-

506 979 820 1033 stravimus.
876 977 1055 1042 Quare
1096 977 1241 1047 quod
1287 978 1341 1030 in
1388 978 1624 1031 concilio
1662 977 1909 1030 Romano
1934 976 2090 1029 dam-

506 1076 697 1122 natum
728 1065 1019 1119 Novatiatti
1054 1070 1243 1135 dogma
1272 1082 1335 1121 ex
1375 1066 1607 1122 Eusebio
1638 1083 1759 1137 cap.
1794 1068 1845 1127 1,
1884 1066 2088 1129 fateris,

508 1162 651 1215 istud
683 1161 858 1229 ipsum
892 1168 998 1223 est,
1031 1159 1177 1228 quod
1231 1176 1335 1213 non
1390 1161 1495 1213 nisi
1551 1162 1710 1229 longo
1760 1166 1885 1227 post
1937 1158 2090 1210 illum

507 1254 796 1306 intervallo
847 1254 1111 1320 rejeetum
1171 1267 1234 1305 ac
1291 1252 1659 1321 proscriptum
1708 1266 1866 1311 esse,
1921 1249 2092 1302 altero

505 1342 687 1410 capite
729 1342 1114 1405 demonstras;
1163 1342 1417 1410 quodque
1446 1342 1497 1393 in
1533 1340 1775 1394 Ecclesia
1824 1340 2092 1392 catholica

508 1435 604 1486 illo
638 1435 776 1501 ipso,
815 1450 924 1501 quo
952 1435 1268 1486 damnatum
1294 1434 1476 1501 primo
1508 1434 1686 1499 capite
1714 1432 1925 1491 dixisti,
1957 1438 2095 1482 tent-

510 1539 664 1592 pore,
709 1525 954 1576 moribus
996 1532 1158 1592 atque
1205 1540 1303 1577 usu
1352 1524 1767 1591 comprobatum
1805 1520 1923 1573 fttit.
1970 1518 2092 1572 llzec

510 1623 641 1668 sunt
672 1613 968 1667 ἁσύστειτα.
1004 1614 1259 1679 Quandiu
1295 1614 1697 1683 persecutionis
1740 1612 1895 1665 furor
1938 1611 2095 1664 eﬂ‘er-

2188 446 2308 500 pag.
2344 431 2400 491 8,
2458 430 2854 498 pmnitentiam,
2903 428 2969 481 de
3005 443 3112 497 qua
3160 443 3454 483 sermonem
3502 429 3701 486 instituit

2192 518 2568 583 Innocentius,
2613 534 2737 571 cum
2766 534 2884 573 eam
2936 518 3067 572 dicit
3108 519 3235 572 olim
3284 526 3465 588 negata
3493 534 3702 575 commu-

2190 614 2353 667 nione
2385 612 2554 666 fuisse
2604 626 2941 673 concessam,
2972 626 3093 665 esse
3119 611 3393 678 prendendi
3424 611 3702 679 cupidinem,

2192 705 2307 759 sive
2341 704 2539 757 donum
2579 702 2694 764 Dei,
2730 702 2868 770 quod
2906 702 3095 753 animi:
3142 700 3375 768 ﬁdelium
3404 702 3704 756 illabebntlr.

2192 796 2258 851 Η.
2295 796 2356 849 D.
2410 796 2790 864 Albaspinaeus
2820 795 2912 847 lib.
2948 811 2983 847 tt
3019 793 3231 848 Obserc.
3279 809 3399 863 cap.
3439 795 3489 855 3,
3533 811 3580 864 p.
3606 796 3709 861 228,

2191 888 2397 942 donum
2440 887 2571 940 illud
2600 886 2693 940 Dei
2719 896 2773 940 et
2816 885 3072 949 amatum,
3108 885 3342 939 fructum
3380 901 3495 939 esse
3536 896 3709 949 censet,

2191 987 2246 1033 et
2294 978 2567 1041 effectum,
2616 977 2762 1048 quod
2811 994 2876 1030 ex
2924 977 3295 1032 benedictione
3328 978 3639 1045 pmnitentiaa
3670 978 3713 1031 in

2193 1071 2405 1125 animos
2451 1070 2811 1124 redundabat.
2858 1068 3038 1138 Pergit
3076 1069 3289 1131 deinde,
3335 1077 3389 1122 et
3436 1069 3567 1123 inter
3611 1069 3714 1132 alia,

2193 1178 2314 1233 qua:
2361 1164 2428 1215 de
2468 1162 2808 1231 pcenitentiae
2843 1177 2943 1214 usu
3002 1176 3134 1214 sane
3167 1160 3439 1213 recondita
3484 1168 3532 1214 et
3558 1162 3715 1231 exqui-

2195 1256 2298 1307 sita
2331 1255 2598 1323 disputat,
2646 1253 3049 1321 prenitcntiatn,
3090 1252 3142 1305 id
3166 1260 3268 1315 est,
3308 1259 3504 1307 statum
3538 1252 3717 1320 profes-

2195 1346 2516 1413 sionemque
2550 1344 2785 1413 publicae
2825 1344 3176 1411 poenitentia,
3204 1358 3368 1412 quam
3398 1342 3649 1397 laboribus
3674 1352 3717 1398 et

2188 1436 2531 1489 cruciatibus
2555 1436 2761 1500 definit,
2798 1452 2968 1503 genus
2994 1435 3269 1504 quoddam
3299 1435 3565 1505 religionis
3582 1434 3719 1488 fuisse

2195 1530 2415 1599 probat,
2451 1529 2506 1581 in
2537 1528 2680 1596 quod
2716 1529 2949 1582 solemni
2971 1544 3091 1582 sese
3123 1541 3249 1581 voto
3280 1528 3519 1581 homines
3547 1526 3715 1581 astrin-

2197 1625 2410 1687 gerent,
2463 1619 2622 1687 cujus
2655 1618 2871 1687 quidem
2910 1618 3167 1688 religione
3205 1619 3315 1671 voti
3358 1633 3509 1672 nemo
3541 1628 3720 1671 tenere-

512 1706 669 1767 ltuit;
735 1706 838 1759 hoc
886 1715 1003 1771 est,
1060 1706 1371 1768 Novaliani,
1429 1704 1686 1773 Cypriani
1739 1710 1793 1756 et
1844 1701 2094 1765 Romani,

2208 1717 2307 1772 lttr,
2361 1710 2465 1762 nisi
2515 1708 2579 1760 ab
2627 1708 2864 1760 Ecclesia
2913 1718 3179 1775 acceptum
3216 1717 3267 1760 et
3313 1717 3486 1759 ratum
3524 1706 3723 1758 habitum

512 1798 669 1867 cujus
708 1798 954 1849 meminit
1006 1797 1299 1862 Eusebius,
1344 1802 1502 1848 aetate
1546 1793 1789 1855 concilii,
1839 1800 2094 1861 peccato-

515 1906 632 1943 runt
685 1889 958 1941 absolutio
1002 1904 1067 1942 ne
1106 1889 1157 1941 itt
1188 1888 1379 1941 mortis
1424 1888 1641 1955 quidem
1688 1884 1928 1937 articulo
1967 1898 2097 1936 eon-

524 1994 679 2033 t-essa
722 1989 824 2041 est,
869 1987 924 2030 ut
972 1996 1093 2049 pag.
1144 1979 1178 2031 2
1219 1980 1413 2048 capitis
1462 1978 1620 2031 istius
1666 1976 2099 2043 asseriszeaque

514 2070 808 2124 catholicae
860 2069 1122 2125 Ecclesia:
1179 2069 1493 2138 disciplina,
1558 2074 1783 2121 auctore
1835 2073 1909 2129 te,
1974 2065 2094 2118 fuit.

530 2160 748 2217 Falsum
784 2172 868 2216 est
896 2162 1084 2231 igitur,
1134 2163 1278 2232 quod
1327 2163 1380 2214 itt
1433 2162 1611 2230 capite
1665 2159 1863 2228 primo,
1897 2172 2018 2228 pag.
2044 2156 2096 2223 6,

524 2254 759 2321 posuisti
797 2272 812 2317 ;
847 2254 900 2305 in
935 2254 1179 2306 llomano
1214 2253 1450 2306 concilio
1482 2252 2013 2311 inltun-anissintant,
2045 2262 2100 2305 et

526 2363 553 2396 a
591 2347 862 2399 cltatitate
911 2347 1151 2398 fraterna
1202 2345 1591 2397 alienissimam
1635 2345 1946 2413 opinionem
1992 2341 2101 2395 No-

521 2438 722 2489 vatiani
765 2452 889 2490 esse
936 2436 1271 2490 damnatam.
1327 2435 1444 2488 Non
1472 2436 1618 2488 enim
1669 2436 1897 2487 alteram
1948 2434 2101 2488 dices

524 2527 633 2579 illic
680 2525 995 2577 damnatam
1043 2523 1233 2589 luisse,
1267 2539 1429 2593 quam
1466 2539 1587 2593 quae
1627 2524 1795 2592 lapsis
1824 2524 1878 2576 in
1907 2523 2101 2603 mortis

520 2616 765 2685 periculo
813 2616 1255 2669 communionem
1308 2615 1539 2684 negabat
1592 2622 1647 2668 et
1701 2615 1934 2679 veniam,
1976 2629 2099 2667 cum

521 2709 789 2777 ejusmodi
843 2718 1007 2761 secta:
1054 2706 1217 2763 istius
1264 2722 1507 2761 errorem
1561 2705 1730 2762 fuisse
1786 2722 1908 2777 pag.
1946 2704 1981 2758 2
2024 2704 2103 2757 fa-

521 2812 686 2855 teare.
727 2799 879 2866 Quod
913 2801 959 2855 si
993 2816 1181 2853 verum
1226 2811 1310 2855 est
1370 2800 1494 2863 hoc,
1552 2800 1694 2870 quod
1727 2801 1903 2869 primo
1927 2800 2101 2868 capite

520 2895 743 2956 scribis,
808 2909 835 2946 a
881 2894 1115 2947 concilio
1167 2906 1291 2946 esse
1337 2891 1634 2957 decretum,
1690 2901 1901 2945 utesse
1944 2906 2103 2944 nemo

525 2986 770 3055 prndets
826 2984 1149 3052 negaverit;
1211 2991 1324 3034 tum
1381 2990 1437 3033 tu
1489 2998 1618 3036 vero
1676 2985 1907 3036 alterum
1970 2981 2101 3036 illud

522 3077 723 3146 capitis
765 3076 993 3128 secundi
1040 3080 1303 3125 retractes
1350 3086 1576 3126 necesse
1609 3080 1693 3125 est
1726 3092 1737 3125 :
1772 3080 1897 3125 ante
1925 3075 2104 3127 reddi-

522 3177 635 3219 tam
693 3166 953 3216 Ecclesia:
999 3177 1209 3230 pacem,
1254 3177 1323 3214 ne
1368 3163 1729 3217 morientibus
1758 3164 1977 3233 quidem
2018 3182 2110 3218 ve—

528 3259 669 3311 niant
708 3255 940 3307 relaxari
968 3252 1346 3306 consuevisse.

604 3346 757 3399 Nunc
804 3344 933 3397 illud
978 3342 1285 3407 ostendam,
1334 3342 1476 3412 quod
1511 3342 1563 3395 in
1596 3342 1714 3411 ipso
1746 3342 1877 3395 mihi
1911 3343 2109 3412 capitis

535 3438 700 3505 ltnjtts
734 3438 987 3489 lemmate
1014 3436 1344 3505 prtescripsi,
1379 3447 1429 3488 te
1461 3436 1513 3486 in
1543 3433 1768 3489 secundi
1806 3435 1883 3487 ttti
1917 3435 2110 3505 capitis

529 3528 907 3597 disputatione
951 3534 1144 3579 contra
1183 3525 1573 3585 certissimam,
1621 3532 1675 3577 et
1720 3524 2111 3577 ecclesiastica:

532 3620 656 3673 lidei
722 3619 1023 3689 pietatique
1075 3624 1498 3671 consentaneum
1552 3614 1618 3669 Il.
1667 3614 1727 3669 D.
1778 3614 2109 3684 Albaspintei

532 3713 719 3767 Aurel.
780 3712 952 3780 episc.
1017 3710 1329 3764 doctrinam
1396 3708 1630 3763 decretis
1684 3723 1926 3778 pugnare
1978 3708 2107 3762 tuis.

536 3807 753 3861 Scribis
800 3806 1019 3875 pagina,
1070 3804 1147 3857 ttti
1200 3804 1404 3857 dictum
1448 3811 1550 3867 est,
1597 3802 1926 3855 undecima:
1961 3800 2110 3855 Non-

533 3899 638 3953 nisi
673 3894 879 3950 reddita
915 3894 1170 3949 Ecclesia:
1207 3909 1357 3963 pace,
1392 3904 1443 3947 et
1477 3894 1636 3962 longo
1670 3894 1955 3945 intervallo
1989 3900 2111 3961 post

535 3990 893 4043 Nnvatianunt
922 4027 936 4053 ,
974 3986 1335 4040 morientibus
1378 3985 1673 4039 relaxatam
1718 4000 1839 4039 csse
1876 3984 2108 4046 veniam,

533 4098 597 4137 ac
630 4088 746 4132 tttm
786 4081 1003 4133 demunt
1040 4077 1467 4132 Novatianorttm
1497 4077 1807 4129 damnatam
1840 4076 2107 4141 ltmresitn,

534 4171 678 4238 quod
734 4168 1096 4221 morientibus
1128 4170 1342 4220 veniant
1379 4174 1657 4235 negarent.
1696 4166 2111 4221 lleverendissi-

536 4280 657 4314 lllllS
688 4278 716 4312 e
745 4260 1026 4313 contrario
1074 4259 1293 4326 pra-sul.
1344 4259 1437 4311 lib.
1483 4274 1517 4309 ιι
1560 4258 1686 4312 Obs.
1715 4274 1835 4326 cap.
1861 4259 1951 4321 90,
1985 4257 2112 4312 Cor-

2196 1809 2354 1854 csset.
2399 1798 2465 1852 Id
2500 1808 2673 1852 autem
2704 1797 2861 1865 ﬁebat
2898 1814 2962 1851 ea
2990 1813 3178 1850 manus
3223 1798 3549 1864 impositionc
3581 1808 3626 1849 et
3655 1810 3726 1849 oe-

2198 1891 2518 1952 nedictione,
2553 1908 2656 1960 qua
2680 1891 3039 1957 paenitentiam
3074 1891 3387 1957 imperabat,
3436 1898 3483 1943 et
3519 1888 3728 1942 concede-

2204 1982 2315 2037 bat.
2348 1982 2599 2053 Reliqua,
2632 1999 2700 2036 ne
2729 1982 2831 2037 sint
2864 1983 3093 2052 longior,
3128 1982 3340 2035 ontitto.
3372 1980 3498 2046 Qua-
3521 1988 3567 2035 te
3591 1979 3731 2033 miror

2202 2076 2723 2129 animadvertentem
2754 2083 2847 2127 aut
2882 2076 2983 2128 ista
3007 2075 3247 2128 scribere
3274 2075 3510 2143 potuisse
3538 2092 3550 2126 :
3578 2070 3731 2125 Pani-

2204 2169 2422 2219 tentiam
2475 2168 2753 2219 concedere
2799 2165 2940 2219 idem
2993 2180 3114 2219 esse
3148 2179 3211 2217 ac
3262 2165 3463 2218 donum
3513 2163 3647 2222 illud,
3689 2170 3733 2213 et

2203 2261 2453 2314 intimum
2501 2259 2802 2328 approbare
2845 2257 3158 2327 Pmnitentis
3192 2255 3469 2319 aﬂ'ectum,
3516 2264 3600 2307 aut
3630 2267 3732 2306 cum

2203 2353 2276 2404 ita
2326 2350 2561 2405 sentires
2611 2365 2673 2403 ac
2737 2350 3021 2414 scriberes,
3075 2348 3177 2402 hoc
3235 2358 3294 2403 te
3352 2353 3467 2418 ipso
3522 2346 3733 2417 praesulis

2206 2442 2343 2493 tanti
2400 2441 2706 2494 doctrinam
2767 2440 3029 2494 illustrari
3075 2455 3138 2494 ac
3188 2441 3334 2494 tueri
3394 2440 3545 2506 velle,
3596 2438 3736 2491 fuisse

2204 2526 2531 2596 professum.
2570 2525 2704 2579 Nam
2745 2527 3116 2596 prenitentiam
3151 2527 3303 2580 illaut
3340 2525 3611 2597 ipsant,de
3648 2538 3736 2594 qua

2205 2616 2561 2671 Innocentius
2608 2618 2738 2686 agit,
2775 2618 3040 2672 latissime
3086 2618 3445 2684 demonstrat,
3476 2619 3658 2672 donum
3692 2615 3740 2667 il-

2206 2705 2295 2759 lud
2349 2704 2443 2759 Dei
2492 2705 2868 2761 benedictione
2912 2721 3009 2761 sua
3068 2706 3371 2775 peperisse,
3423 2722 3523 2760 non
3588 2707 3740 2774 ipsum

2205 2798 2409 2851 donum
2453 2797 2622 2852 fuisse
2662 2798 3059 2866 pmnitentiam.
3093 2796 3235 2852 Doce
3282 2814 3385 2852 nos
3433 2798 3603 2867 igitur,
3631 2791 3741 2864 quid

2210 2890 2265 2943 in
2313 2890 2421 2945 illis
2446 2890 2629 2944 verbis
2661 2890 2771 2943 tuis
2826 2903 2889 2942 ac
2935 2888 3223 2944 sententiis
3256 2890 3442 2943 arcani
3474 2902 3651 2943 sensus
3688 2897 3743 2937 ac

2209 2983 2475 3037 reconditi
2541 2984 2741 3048 lateat;
2792 2991 2846 3036 et
2897 2982 3197 3037 orationem
3258 2990 3408 3036 tuam
3456 2980 3520 3035 ab
3569 2978 3744 3034 erroris

2214 3074 2348 3126 tanti
2392 3073 2728 3142 suspicione,
2768 3089 2835 3128 ne
2885 3073 3015 3141 quid
3048 3072 3195 3126 aliud
3245 3073 3447 3131 dicam.
3489 3070 3620 3142 quod
3655 3068 3745 3123 diti

2215 3180 2375 3234 posse
2411 3165 2657 3234 profecto
2688 3166 2856 3230 vides,
2895 3166 2937 3219 si
2965 3175 3138 3235 potes,
3167 3165 3367 3220 exime.
3402 3164 3584 3219 Fateor
3601 3163 3743 3221 enim,

2214 3270 2300 3308 me
2342 3256 2541 3323 saepius
2578 3256 2665 3309 illa
2703 3264 3051 3319 tracmntem,
3084 3264 3138 3310 et
3171 3258 3225 3309 in
3254 3272 3449 3311 omnes
3486 3268 3649 3325 partes
3678 3252 3746 3304 in-

2214 3348 2605 3414 terpretatione
2638 3353 2972 3408 versantem,
3010 3346 3146 3399 niltil
3185 3348 3449 3401 hactenus
3494 3346 3746 3403 extricare,

2213 3451 2322 3504 qtto
2358 3444 2466 3489 tant
2506 3438 2806 3507 perspicua:
2837 3435 3090 3491 falsitatis
3138 3437 3345 3491 invidia
3392 3435 3611 3492 devitari
3643 3446 3748 3503 pos-

2215 3526 2332 3579 sit:
2368 3544 2490 3580 nam
2547 3529 2690 3597 quod
2746 3543 2913 3583 unum
2969 3540 3274 3598 supererat,
3334 3540 3393 3584 ut
3444 3530 3493 3583 id
3543 3526 3751 3582 sensisse

2218 3613 2487 3679 viderere,
2545 3616 2599 3669 in
2656 3617 2776 3686 ipso
2808 3627 2943 3671 testu
2997 3632 3060 3671 ae
3113 3618 3328 3673 fervore
3374 3615 3751 3688 persecutionis,

2216 3702 2386 3771 lapsis
2415 3705 2620 3757 aditum
2660 3706 2725 3759 ad
2763 3721 2949 3775 pacem
2994 3714 3047 3760 et
3080 3709 3578 3763 reconciliationem
3612 3707 3755 3759 inter-

2215 3795 2431 3849 clusum
2485 3794 2674 3857 fuisse,
2716 3813 2827 3866 quo
2860 3799 3067 3867 majore
3111 3815 3233 3852 cunt
3280 3800 3485 3870 impetu
3522 3795 3673 3852 animi
3700 3801 3755 3847 et

2213 3885 2409 3940 ardore
2457 3896 2733 3941 certamen
2775 3897 3120 3958 repeterent;
3152 3898 3341 3959 postea
3378 3903 3503 3944 vero
3540 3900 3660 3957 pace
3700 3881 3755 3935 ad

2211 3988 2426 4048 tempus
2466 3978 2723 4034 Ecclesia:
2754 3982 3027 4043 restituta,
3060 3982 3248 4036 mitius
3284 3996 3412 4036 cum
3459 3983 3562 4036 illis
3598 3986 3756 4032 actum

2214 4070 2419 4137 fuisse;
2456 4074 2604 4142 quod
2645 4075 2874 4143 epistola
2922 4074 2991 4128 52
3041 4074 3357 4129 institutum
3393 4091 3419 4128 a
3462 4089 3519 4129 se
3562 4069 3757 4142 Cypria-

2212 4182 2315 4221 nus
2368 4178 2598 4224 testatus
2650 4177 2767 4235 est;
2823 4170 2949 4232 hoc,
3005 4168 3251 4238 inquam,
3310 4168 3457 4237 quod
3506 4165 3757 4221 verissime

2212 4259 2396 4313 dicere
2431 4261 2675 4330 potuisti,
2722 4276 2900 4330 neque
2932 4261 3139 4315 dixisse
3190 4270 3261 4325 te,
3294 4276 3477 4330 neque
3525 4256 3755 4314 sensisse.

538 4354 731 4405 nclium
811 4352 903 4418 qtti
972 4349 1260 4401 Novatiani
1314 4357 1369 4401 et
1426 4351 1821 4417 persecutionis
1879 4358 2121 4418 tempore
2152 4354 2194 4409 D
2226 4352 2402 4420 palam
2442 4362 2526 4407 est
2567 4370 2632 4406 ex
2686 4354 2775 4417 iis,
2810 4370 2930 4423 qua:
2963 4353 3190 4425 subjicis
3223 4372 3235 4407 :
3274 4352 3497 4406 Reddita
3540 4347 3757 4404 Ecclesia:

536 4448 694 4501 vixit.
754 4444 1037 4496 concilium
1084 4457 1396 4494 conrocasse
1446 4442 1667 4504 scribit,
1730 4442 1783 4493 in
1832 4458 1932 4511 quo
1980 4442 2112 4495 illud

537 4544 801 4587 doctczum
848 4551 910 4587 ac
953 4535 1308 4603 prie/initum,
1358 4543 1414 4585 ut
1459 4550 1575 4585 cum
1620 4532 1687 4584 ad
1727 4534 1911 4586 mortis
1955 4549 2114 4603 usque

537 4630 673 4683 diem
708 4630 1065 4697 paenitentiam
1098 4627 1494 4695 produxisscnt,
1533 4628 1913 4679 communionis
1944 4628 2115 4696 parti-

538 4724 675 4789 cipes
725 4723 1070 4792 c/ﬁccrcntnr.
1130 4721 1270 4791 Ergo
1319 4720 1715 4791 persecutionis
1760 4729 2021 4790 tempore,
2062 4734 2116 4774 et

538 4824 665 4868 ante
699 4816 961 4868 redditum
998 4815 1257 4868 Ecclesia:
1290 4830 1501 4883 pacem,
1550 4815 1668 4882 ipso
1702 4812 1878 4865 adhuc
1925 4828 2115 4879 super-

540 4907 665 4959 stite
690 4906 1014 4966 Nttvatiatto,
1037 4906 1395 4958 morientibus
1420 4908 1710 4957 relaxatam
1737 4919 1857 4957 esse
1880 4902 2111 4962 veniam,

540 4997 605 5050 ll.
646 4998 840 5067 prtcsnl
868 4997 1146 5051 existimat
1178 5013 1190 5049 :
1223 4996 1367 5064 quod
1404 5006 1457 5047 ttt
1498 5011 1624 5049 sero
1652 4994 1890 5056 tandem,
1916 5006 1979 5044 ac
2003 5006 2111 5043 non

540 5091 646 5143 nisi
698 5105 830 5159 pace
884 5091 1204 5148 constituta,
1240 5093 1293 5138 et
1325 5086 1505 5155 longo,
1553 5094 1611 5137 nt
1644 5084 1903 5152 loqueris,
1942 5083 2111 5134 inter-

541 5182 680 5233 vallo
718 5193 875 5250 putas
916 5196 1039 5234 esse
1072 5192 1426 5231 concessum.
1465 5177 1649 5229 Utritts
1680 5174 1897 5226 tandem
1928 5172 2113 5240 Opinio

542 5273 901 5341 probabitur?
943 5271 1119 5325 Credo
1166 5286 1230 5322 tte
1264 5278 1315 5323 te
1357 5269 1532 5337 ipsum
1577 5266 1794 5336 quidem
1837 5264 2115 5317 dubitatu-

541 5379 683 5429 rum,
735 5367 866 5433 quin
912 5366 1122 5419 veriora
1154 5363 1508 5416 doctissimus
1559 5359 1780 5431 pracsul,
1836 5358 1943 5410 imo
1981 5358 2114 5425 qttin

544 5458 693 5528 solus
740 5459 855 5527 ipse
902 5472 1047 5522 vera,
1086 5465 1142 5509 tu
1175 5472 1241 5510 tte
1272 5456 1574 5526 probabilia
1624 5452 1841 5522 quidem
1876 5458 1987 5504 toto
2022 5450 2115 5504 illo

540 5550 719 5613 Capite
743 5546 1055 5615 scripseris.
1082 5568 1093 5585 ι

612 5637 751 5692 Ecce
798 5639 1025 5693 alterum
1069 5648 1219 5693 tuum
1267 5637 1332 5693 de
1383 5634 1701 5701 pwttitentia
1750 5635 1942 5697 dogma
1992 5648 2113 5689 cum

2218 4459 2366 4511 pace,
2389 4446 2822 4511 communionem,
2858 4446 2909 4497 id
2937 4456 3033 4509 est,
3061 4448 3261 4499 veniam
3290 4443 3627 4499 morientibus
3655 4436 3756 4490 dari

2219 4539 2519 4604 placuisse;
2552 4549 2601 4592 et
2638 4542 2687 4591 in
2729 4554 2787 4590 co
2823 4537 3131 4591 damnatam
3162 4554 3292 4602 esse,
3321 4539 3412 4590 sed
3446 4538 3594 4604 longo
3618 4534 3757 4585 inter-

2224 4628 2383 4685 callo.
2434 4626 2852 4679 Nooatianorum
2886 4628 3127 4691 Ita'resin,
3165 4627 3300 4696 quod
3336 4625 3663 4681 morientibus
3693 4634 3755 4671 ve-

2222 4719 2365 4768 nium
2422 4733 2523 4768 non
2582 4718 2905 4771 rclaxarcnt.
2967 4719 3122 4774 Pacis
3178 4720 3321 4772 illaut
3385 4716 3758 4772 restitutionem

2222 4808 2477 4860 Ecclesia:
2508 4807 2730 4873 lactant,
2762 4819 2815 4862 et
2841 4811 3151 4864 damnatam
3182 4811 3457 4865 contraria
3481 4804 3760 4871 mitiorique

2221 4899 2616 4953 consuetudine
2639 4898 3067 4957 Novatianorum
3101 4904 3355 4969 ltmresin,
3384 4904 3542 4971 longo
3569 4898 3756 4952 demum

2223 4991 2506 5046 intervallo
2532 4992 2798 5046 defendis.
2837 4994 2913 5063 At.
2940 4996 3051 5057 illa,
3085 5010 3245 5064 quam
3281 4994 3546 5055 dicebam,
3582 4980 3757 5041 severi-

2221 5084 2351 5137 tatis
2393 5100 2456 5138 ac
2490 5086 2724 5140 lenitatis
2756 5086 3067 5148 alternatio,
3113 5102 3221 5141 non
3268 5087 3429 5155 longo
3477 5074 3756 5135 intervallo,

2220 5174 2316 5228 sed
2360 5175 2412 5226 itt
2454 5176 2571 5243 ipso
2621 5175 2933 5230 Novatiana’.
2984 5178 3206 5231 haeresis
3256 5186 3397 5239 ortu,
3442 5176 3497 5227 in
3544 5163 3755 5223 Ecclesia

2222 5274 2495 5335 suscepta,
2522 5267 2667 5319 illius
2688 5267 2947 5319 smvitiattt
2973 5266 3456 5334 crudelitatemque
3485 5256 3755 5319 damnavit.

2225 5354 2358 5408 Mira
2409 5366 2537 5409 sunt
2590 5355 2773 5424 igitur,
2828 5362 2881 5408 et
2929 5356 3287 5423 meoiudicio
3348 5355 3503 5416 falsa,
3557 5361 3668 5420 qua:
3710 5350 3755 5394 ιιι

2222 5448 2404 5503 verbis
2436 5446 2543 5499 illis
2590 5444 2867 5513 explicas;
2900 5445 2970 5499 ab
3002 5444 3302 5501 Innocentii
3336 5459 3460 5499 vero
3493 5452 3680 5501 mente,
3712 5438 3756 5484 οι

2222 5553 2326 5594 usu
2361 5538 2453 5590 illo
2498 5537 2717 5601 veteris,
2764 5552 2924 5607 quem
2967 5539 3210 5609 exponit,
3258 5536 3511 5594 Ecclesia:
3556 5539 3751 5608 prursth

2226 5632 2419 5688 aliena.
