4028 6220
297 189 385 249 617

1388 177 1753 235 ADVERSUS
1793 179 1954 234 MAT.
1996 177 2350 234 SIMONIUM.

3410 183 3518 240 618

356 298 582 364 Patavio,
618 296 796 369 inquit
820 295 920 370 (ιι),
951 311 1089 368 aqua
1113 295 1196 350 hic
1227 291 1407 351 lueret.
1431 295 1546 352 lmo
1572 311 1702 352 vero
1727 310 1844 366 pro-
1875 306 1921 360 Α
1947 310 2010 351 ac
2035 297 2466 352 reconciliationi
2515 295 2712 367 subjici
2770 297 2827 352 in
2857 298 3159 355 canonibus
3204 297 3420 370 μέθεξιν
3455 314 3520 356 ac

297 389 593 447 habiliorem
649 386 824 439 multo
871 391 926 439 ct
983 383 1373 452 expeditiorem
1421 383 1722 437 Innocentii
1768 382 1853 436 in-

298 476 718 549 terpretationem
768 474 969 528 attulit.
999 472 1357 536 Consuetudo,
1419 472 1494 526 ait
1548 473 1658 536 ille,
1709 473 1854 540 prior

297 569 465 632 tenuit,
493 577 548 620 ut
571 565 939 620 concederetur
973 564 1048 618 eis
1079 564 1403 632 paenitentia,
1437 562 1526 616 sed
1557 562 1852 616 communio

296 668 572 730 negaretur.
620 655 830 722 Quibus
869 654 1122 707 tandem?
1163 652 1365 722 Nempe
1408 653 1496 717 iis,
1547 653 1615 707 de
1653 652 1854 739 quibus

297 749 608 818 Exuperium
643 747 980 812 interrogare
1017 740 1150 796 dicit
1179 759 1192 794 ε
1229 739 1292 792 Et
1329 739 1424 794 hoc
1452 742 1727 810 quasitum
1753 748 1852 806 est,

296 842 404 911 quid
447 839 512 892 de
557 837 639 890 Itis
684 833 953 888 observari
999 831 1203 898 debeat,
1245 833 1336 901 qui
1378 840 1495 900 post
1538 831 1854 901 baptismum

297 933 424 987 onmi
464 941 692 997 tempore
744 923 1136 980 incontinentiae
1183 934 1232 977 et
1276 921 1629 991 uoluptatibus
1665 923 1852 986 dediti,

295 1027 343 1080 in
369 1034 595 1078 extremo
625 1021 729 1088 ﬁne
790 1018 908 1071 vitw
937 1031 1048 1069 sua:
1089 1015 1446 1083 paenitentiam
1489 1013 1650 1067 simul
1696 1021 1743 1066 et
1777 1029 1852 1064 re-

293 1111 700 1167 conciliationem
751 1100 1132 1161 communionis
1168 1111 1471 1171 exposcunt.
1513 1102 1593 1156 Ad
1624 1103 1738 1155 huic
1775 1101 1859 1153 ln-

294 1203 573 1258 nocentius
601 1218 615 1254 :
641 1199 717 1253 De
741 1199 820 1252 his
853 1198 1148 1252 observatio
1177 1195 1324 1264 prior
1343 1193 1546 1258 durior,
1584 1201 1691 1248 ete.
1720 1191 1857 1244 Tum

292 1305 344 1348 ut
371 1292 735 1347 concederetur
755 1291 852 1353 eis,
883 1295 1015 1352 etc.,
1041 1285 1311 1350 videlicet,
1343 1285 1435 1354 qui
1468 1283 1523 1336 in
1554 1290 1860 1337 extremum

296 1387 409 1438 vitae
454 1393 674 1451 tempus
731 1379 1111 1451 paenitentiam
1173 1375 1520 1432 distulerant.
1570 1372 1704 1438 Quis
1750 1387 1858 1424 non

294 1475 432 1528 videt
463 1474 534 1527 de
567 1473 661 1526 illo
706 1469 1084 1540 paenitentiam
1117 1481 1313 1538 genere
1346 1463 1720 1518 Innocentium
1755 1463 1861 1516 ista

293 1564 612 1636 scripsisse?
659 1565 726 1616 At
763 1565 791 1617 ὁ
828 1559 1247 1632 παρακεντητής
1277 1556 1343 1611 ad
1378 1571 1566 1610 omnes
1595 1554 1861 1624 peniten-

293 1664 368 1711 tes
398 1630 716 1709 innocentii
755 1630 940 1713 verba,
987 1647 1338 1718 prioremque
1388 1644 1534 1697 illam
1581 1642 1856 1696 duriorem
1888 1630 1931 1682 Β

292 1744 719 1800 observationem
778 1741 934 1810 jubet
990 1739 1204 1793 referri.
1269 1735 1559 1806 Nunquam
1621 1733 1857 1787 audiam.

295 1837 418 1890 Nam
463 1850 536 1889 ex
581 1847 648 1890 eo
677 1833 875 1886 ἄτοπον
908 1828 1040 1883 illud
1086 1827 1379 1897 sequitur:
1420 1824 1598 1878 nullos
1641 1837 1736 1892 per
1772 1821 1863 1875 illa

295 1923 694 1998 persecutionis
718 1930 964 1991 tempora
988 1919 1316 1990 poenitentes
1339 1915 1406 1969 ad
1435 1928 1652 1984 pacem,
1683 1912 1737 1965 id
1758 1922 1862 1978 est,

296 2013 694 2068 absolutionem
735 2016 790 2063 et
819 2007 1256 2062 communionem
1289 2003 1461 2058 fuisse
1492 2008 1763 2069 receptos,
1797 2014 1866 2055 ne

292 2103 342 2156 in
386 2103 506 2171 ipso
558 2099 777 2170 quidem
818 2098 1010 2152 mortis
1063 2094 1328 2165 periculo.
1370 2091 1486 2147 Hoc
1514 2099 1665 2154 Vero,
1702 2103 1864 2158 quam

296 2192 485 2246 falsum
532 2191 628 2258 sit,
661 2190 798 2244 satis
844 2189 1108 2241 hactenus
1139 2183 1498 2251 ostendimus,
1532 2197 1697 2255 quam
1741 2195 1866 2236 cum

294 2285 483 2354 pietate
544 2290 600 2336 et
640 2281 907 2334 catholica
965 2277 1070 2332 lide
1117 2283 1587 2338 consentaneum,
1631 2273 1868 2329 viderint

295 2389 521 2443 quorum
563 2381 646 2427 est
667 2386 728 2426 ea
765 2372 830 2426 de
858 2385 917 2424 re
937 2368 1227 2438 judicium.
1271 2365 1397 2419 Mihi
1425 2379 1705 2434 nunquam
1733 2378 1861 2433 per-

295 2465 575 2525 suadebis,
612 2477 788 2532 neque
817 2460 1110 2525 catholico,
1141 2458 1356 2527 opinor,
1379 2455 1540 2512 alicui
1566 2455 1828 2526 probabis
1849 2497 1866 2521 ,

299 2555 482 2624 primis
521 2554 634 2607 illis
676 2551 915 2617 saeculis,
955 2548 1339 2620 peccatoribus
1375 2547 1710 2618 quibuslibet
1746 2553 1869 2616 post

298 2646 630 2716 poenitentiae
674 2643 1032 2709 iunctionem,
1067 2639 1469 2696 absolutionem
1519 2647 1573 2694 ct
1613 2639 1870 2692 commu-

299 2740 512 2792 nionem
545 2753 669 2793 esse
694 2736 1035 2806 denegatam.
1061 2732 1330 2800 Quocirca
1365 2746 1539 2800 neque
1565 2745 1666 2800 nos
1690 2729 1868 2784 adhuc

297 2829 586 2884 Sententia:
625 2834 826 2882 nostrae
878 2825 1152 2895 paenituit,
1193 2837 1356 2893 quam
1397 2818 1455 2873 in
1497 2821 1865 2874 Animadvers.

300 2935 415 2990 pag.
457 2919 592 2982 250,
646 2917 744 2970 23!
776 2926 830 2971 et
871 2931 1022 2985 seqq.
1059 2915 1412 2984 exponimus;
1455 2918 1509 2966 et
1545 2926 1608 2965 ea
1653 2912 1870 2981 placere

299 3012 454 3066 nobis
483 3009 728 3078 amplius
754 3009 943 3076 cmpit,
980 3023 1045 3062 ex
1073 3022 1182 3076 quo
1208 3015 1356 3060 tuam
1381 3004 1527 3057 illam
1554 3002 1870 3058 didicimus.

365 3100 529 3153 Aliud
570 3111 599 3150 a
635 3097 988 3166 dispunctore
1033 3099 1199 3164 caput
1237 3091 1630 3162 disputationis
1676 3099 1878 3145 nostra:

299 3187 724 3259 reprehenditur
747 3185 845 3256 (b),
873 3185 1016 3254 quod
1050 3200 1102 3254 p.
1131 3183 1256 3249 232,
1283 3182 1667 3245 dubitaverim,
1695 3191 1876 3235 utrum

297 3288 564 3350 perpetua
611 3277 927 3345 pceuitentia
969 3273 1242 3328 damnatis
1290 3280 1602 3342 postremus
1651 3270 1875 3340 gradus,

298 3384 455 3438 quem
536 3366 798 3420 adstas»
838 3364 1126 3427 vocabant,
1176 3362 1453 3432 patuerit:
1503 3361 1558 3413 in
1611 3375 1719 3430 quo
1763 3360 1878 3412 sola

296 3472 520 3528 precum
567 3453 954 3508 communione
985 3451 1314 3520 gaudebant,
1345 3449 1587 3504 nondum
1615 3447 1881 3501 Euchari-

299 3551 414 3603 stiae
443 3545 751 3618 participes
782 3543 932 3597 iacti.
964 3541 1286 3610 Quanquam
1321 3555 1387 3595 eo
1433 3541 1607 3611 magis
1652 3540 1882 3594 inclina-

297 3641 437 3706 rim,
494 3649 564 3693 ut
621 3639 687 3694 ad
727 3646 981 3708 quartum
1031 3635 1181 3688 illum
1239 3632 1464 3686 minime
1510 3631 1879 3700 pervenerint.

297 3728 412 3783 Iloc
444 3746 534 3785 me
566 3728 842 3799 posterius
870 3734 1015 3780 recte
1043 3722 1284 3779 sensisse
1313 3721 1634 3790 dispunctor
1663 3720 1878 3774 asserit.

303 3821 444 3874 Nam
483 3824 560 3876 ad
605 3830 850 3891 quartum
879 3816 1103 3888 gradum
1132 3813 1316 3868 evectis
1349 3812 1612 3866 absolutio
1640 3827 1886 3864 concessa

302 3916 496 3979 (uerat,
522 3929 648 3982 qua:
670 3920 917 3980 perpetua
954 3907 1260 3976 paenitentia
1294 3903 1562 3957 damnatis
1597 3901 1887 3972 denegaba-

299 4010 406 4061 lttt'.
447 4002 656 4058 Utrum
699 4002 752 4054 iu
787 3999 949 4054 tertio
979 3996 1149 4066 gradu
1187 3995 1480 4057 absolutio,
1509 3992 1613 4046 hoc
1643 3999 1726 4046 est
1773 4006 1877 4060 pax

299 4103 352 4146 et
397 4092 788 4148 reconciliatio
845 4090 1048 4143 tributa
1099 4086 1284 4151 fuerit,
1327 4101 1394 4138 an
1443 4085 1499 4138 in
1554 4089 1752 4152 quarto
1804 4082 1890 4135 de-

301 4197 451 4236 mum
505 4193 565 4238 et
617 4183 892 4246 συστάσει,
935 4189 1223 4250 quaesrtum
1279 4185 1362 4232 est
1413 4192 1443 4231 a
1493 4176 1651 4231 nobis
1715 4173 1891 4242 capite

1954 391 2337 456 mysteriorum
2373 387 2840 458 participationem
2897 388 3012 444 sive
3041 389 3102 442 τὸ
3132 390 3335 443 τέλειον
3361 405 3374 441 :
3405 397 3520 444 tum

1953 474 2289 543 pmnitentiae
2318 483 2525 544 partem
2555 475 2888 546 gradumque
2927 475 3184 530 σύστασιν
3216 478 3427 543 haberi,
3459 493 3524 532 ac

1955 561 2280 617 nominatim
2314 565 2568 633 irrogari.
2609 565 2691 619 Ab
2720 581 2782 619 ea
2821 581 2922 620 nos
2959 567 3231 621 sententia
3261 567 3367 622 nisi
3400 569 3524 622 aliis

1956 654 2246 708 momentis
2263 654 2617 717 abstraxeris,
2639 670 2838 710 vereor
2864 665 2922 710 ut
2947 658 3280 727 persuadere
3315 660 3521 727 possis.

1959 739 2065 799 Sed
2108 758 2171 796 ea
2220 759 2279 799 re
2328 754 2532 811 tamen,
2573 746 2653 799 uti
2694 745 2939 813 iecimus,
2982 747 3037 802 in
3067 748 3246 804 medio
3286 751 3522 806 relicta:

1957 833 2230 902 (ignosces
2272 836 2438 900 enim,
2489 836 2706 906 Opinor,
2761 838 2809 893 si
2841 853 2962 892 cum
3016 840 3070 893 in
3099 855 3285 895 earum
3341 855 3526 895 rerum

1957 925 2333 979 tractationem
2380 926 2773 992 incumberem,
2810 942 2945 997 quas
2984 938 3162 997 antea,
3211 930 3357 1000 quod
3407 931 3534 1000 qui-

1959 1012 2083 1067 dem
2137 1014 2330 1079 sciam,
2387 1017 2628 1083 attigerit
2681 1032 2870 1083 nemo;
2927 1018 2983 1072 in
3031 1019 3098 1074 iis
3152 1027 3205 1074 et
3255 1021 3528 1076 similibus

1958 1101 2356 1168 quaestionibus
2387 1102 2591 1158 hmrcre
2645 1104 2833 1167 malui,
2864 1120 3026 1174 quam
3066 1108 3233 1162 tantis
3254 1108 3321 1164 de
3363 1109 3530 1164 rebus

1959 1201 2161 1246 temere
2187 1191 2479 1260 judicare.)
2539 1189 2644 1246 Sed
2675 1208 2738 1247 ea
2780 1195 3164 1248 controversiae
3204 1203 3356 1264 parte
3387 1212 3528 1266 prte-

1961 1283 2211 1338 termissa
2233 1324 2249 1349 ,
2283 1285 2429 1354 quod
2460 1291 2518 1338 tu
2553 1285 2689 1337 citra
2716 1284 3111 1340 dubitationem
3135 1287 3298 1339 ullam
3330 1289 3533 1342 asseris

1959 1374 2219 1441 perpetuis
2251 1374 2620 1441 paenitentibus
2663 1383 2984 1442 postremum
3031 1378 3256 1445 gradum
3295 1393 3401 1431 non
3435 1394 3534 1446 pa-

1963 1463 2158 1528 tuisse,
2203 1462 2257 1516 id
2289 1464 2475 1532 negari
2518 1463 2614 1518 tibi
2654 1479 2761 1518 non
2815 1465 3087 1520 immerito
3107 1474 3308 1536 potest.
3357 1469 3535 1537 Atque

1963 1561 2023 1607 ut
2055 1554 2123 1608 de
2159 1554 2266 1608 illis
2300 1554 2516 1608 interim
2543 1555 2861 1621 concedam,
2891 1557 2984 1625 qui
3020 1557 3085 1610 ad
3115 1557 3388 1631 publicam
3419 1574 3536 1628 pm-

1963 1644 2244 1699 nitentiam
2271 1644 2707 1710 admitterentur,
2739 1661 2901 1715 quam
2941 1647 3111 1707 semel
3137 1649 3403 1702 duntaxat
3442 1663 3540 1718 per

1962 1735 2052 1788 illa
2098 1742 2345 1804 tempora
2387 1750 2712 1791 concessam
2750 1736 2924 1792 fuisse
2955 1738 3279 1796 docuimus:
3311 1754 3538 1809 possum

1963 1825 2292 1890 ostendere,
2339 1826 2660 1892 nonnullos,
2703 1827 2800 1896 qui
2850 1835 2974 1897 post
3016 1829 3225 1883 obitam
3273 1831 3517 1900 paenitet:

1963 1918 2094 1970 tiam
2147 1926 2201 1971 et
2242 1919 2742 1974 reconciliationem
2797 1921 2997 1975 iterum
3041 1928 3423 1989 peccaverant,
3469 1921 3538 1973 ad
3631 1948 3641 1954 -

1964 2008 2136 2062 solam
2163 2007 2420 2062 σύστασιν
2451 2011 2506 2064 in
2553 2025 2716 2066 omne
2751 2010 2878 2065 vitae
2913 2019 3128 2082 tempus
3179 2011 3352 2067 fuisse
3379 2012 3543 2066 redu-

1965 2105 2120 2165 ctos;
2154 2099 2235 2153 sic
2263 2109 2327 2153 ut
2358 2100 2474 2154 sola
2504 2115 2628 2155 cum
2662 2100 2913 2156 ﬁdelibus
2949 2103 3199 2157 oratione
3225 2103 3402 2172 juncti
3438 2103 3546 2156 sub

1965 2189 2169 2243 exitum
2201 2189 2324 2244 vita:
2367 2205 2554 2260 pacem
2597 2199 2650 2246 et
2684 2193 3125 2247 communionem
3175 2193 3540 2263 perciperent.

1968 2279 2086 2344 Qua
2136 2281 2203 2335 de
2234 2295 2296 2336 re
2356 2283 2666 2338 luculentus
2719 2291 2898 2338 exstat
2943 2284 3127 2339 Siricii
3191 2301 3340 2355 papa:
3391 2286 3545 2340 locus

1967 2370 2130 2441 epist.
2159 2368 2200 2435 Ι,
2252 2385 2375 2424 can.
2411 2371 2464 2435 5,
2513 2371 2581 2426 de
2611 2371 2678 2426 iis
2707 2373 2823 2441 qui,
2869 2379 2990 2426 acta
3019 2374 3343 2443 poenitentia
3365 2375 3430 2429 ad
3457 2390 3546 2428 vo-

1972 2461 2164 2514 mitum
2195 2461 2426 2516 redeunt
2459 2479 2474 2516 :
2508 2461 2582 2515 De
2604 2461 2816 2531 quibus,
2848 2463 3046 2533 inquit,
3082 2464 3206 2530 quia
3225 2464 3343 2533 jam
3379 2465 3549 2533 stt/fu-

1968 2551 2114 2621 gium
2164 2567 2269 2604 non
2317 2552 2505 2605 habent
2541 2553 2847 2620 paenitendi,
2883 2570 2941 2607 eo
2988 2554 3238 2610 duximus
3277 2555 3551 2612 decernen-

1970 2643 2117 2708 dum,
2160 2653 2219 2695 ut
2255 2642 2372 2695 sola
2400 2642 2540 2694 intra
2565 2640 2858 2695 Ecclesium
2898 2641 3142 2711 ﬁdelibus
3172 2647 3409 2700 oratione
3422 2647 3552 2716 jun-

1976 2741 2189 2804 gantur,
2229 2740 2336 2789 etc.
2379 2731 2564 2796 Addit,
2603 2733 2707 2788 sub
2738 2733 2927 2786 horam
2971 2735 3166 2790 mortis
3206 2739 3549 2791 communio-

1973 2840 2095 2879 nem
2124 2837 2248 2879 esse
2273 2822 2626 2878 reddendam.
2664 2821 2842 2879 Habes
2879 2823 2968 2878 hic
2997 2833 3191 2893 quarto
3214 2826 3552 2896 pmnitentia:

1979 2913 2169 2982 gradu,
2205 2913 2310 2968 hoc
2355 2919 2440 2968 est
2487 2912 3076 2982 aestuosudarnnatos
3118 2916 3174 2969 in
3206 2924 3549 2986 perpetuum.

1979 3005 2100 3060 sine
2157 3003 2504 3059 absolutione
2547 3003 3072 3074 communionequc.
3119 3021 3281 3075 quam
3331 3007 3556 3062 nonnisi

1978 3095 2080 3152 sub
2122 3095 2330 3149 obitum
2383 3094 2758 3163 impetrarent.
2795 3093 2910 3148 Non
2955 3102 3040 3150 est
3072 3110 3201 3166 ergo
3233 3096 3553 3161 verisimile,

1979 3185 2124 3252 quod
2149 3187 2348 3256 jactas,
2379 3201 2477 3241 eos
2507 3185 2598 3253 qui
2639 3185 2695 3239 ln
2737 3186 2994 3239 συστάσει
3039 3187 3422 3253 versabantur,
3455 3189 3555 3241 ab-

1982 3275 2256 3332 solutione
2295 3273 2448 3344 prius
2496 3276 2804 3345 impertitos
2847 3291 2990 3332 esse.
3022 3276 3139 3333 Nisi
3168 3276 3310 3334 forte
3347 3279 3440 3348 qui
3490 3279 3556 3332 ad

1983 3367 2241 3420 vomitum
2287 3356 2588 3432 redierant,
2637 3366 2689 3420 id
2747 3368 2968 3436 impune
3016 3368 3152 3422 adeo
3183 3368 3449 3431 ferebant,
3499 3379 3560 3423 ut

1983 3459 2103 3514 sine
2164 3459 2486 3528 pmnitentia
2544 3459 2944 3514 absolutionem
2995 3459 3140 3513 illico
3193 3460 3555 3529 perciperent,

1984 3551 2250 3619 longeque
2284 3547 2625 3603 commodius
2663 3549 3013 3612 haberentur,
3054 3564 3215 3618 quam
3265 3551 3356 3619 qui
3384 3551 3557 3605 semel

1984 3638 2365 3707 deliquissent,
2417 3636 2562 3706 quod
2611 3651 2826 3692 onmem
2869 3637 3262 3693 absurditatem
3311 3649 3551 3708 superat.

2053 3730 2121 3782 At
2146 3729 2310 3783 etiam
2343 3729 2496 3782 illum
2529 3727 2600 3800 (ο)
2637 3729 2809 3782 nostri
2843 3716 3087 3792 miseret;
3130 3736 3268 3798 quod
3313 3730 3434 3783 huic
3469 3749 3548 3783 os-

1986 3822 2224 3886 sertioni,
2262 3836 2444 3890 pacem
2481 3829 2530 3874 et
2596 3819 3000 3881 absolutionem,
3044 3820 3282 3873 criminis
3322 3821 3560 3874 dolorem

1986 3923 2033 3966 et
2063 3913 2423 3981 paenitentiam
2467 3925 2576 3977 prae
2615 3926 2669 3964 se
2710 3909 2999 3978 ferentibus
3041 3905 3347 3978 denegatam
3371 3913 3557 3978 fuisse,

1989 4004 2250 4073 refragari
2295 4011 2558 4070 putemus,
2583 4001 2720 4067 quod
2778 3999 2999 4054 Nictena
3052 4002 3280 4071 synodus
3321 4017 3440 4056 can.
3496 4003 3562 4055 15

1990 4094 2215 4162 appellat
2245 4092 2472 4146 παλαιὸν
2504 4092 2599 4144 καὶ
2631 4091 2911 4145 κανονικὸν
2948 4092 3130 4161 νόμον,
3164 4108 3262 4161 quo
3289 4091 3561 4146 moribun-

1991 4186 2072 4238 dis
2103 4183 2338 4238 dandam
2377 4199 2490 4237 esse
2522 4198 2702 4251 pacem
2737 4184 3116 4252 prwscribitur.
3154 4183 3324 4238 Homo
3351 4184 3565 4239 miseri-

302 4283 598 4341 postremo
640 4272 916 4334 Diatribae,
953 4279 1006 4325 et
1051 4271 1306 4337 utrinque
1337 4268 1577 4322 rationes
1611 4278 1864 4334 expensze

1995 4293 2142 4340 cors,
2194 4291 2355 4346 quem
2409 4284 2519 4328 tam
2571 4275 2728 4330 facile
2780 4275 2965 4339 alieni,
3026 4283 3086 4328 ut
3134 4283 3310 4345 putat,
3358 4275 3566 4331 erroris

303 4366 511 4432 quibus
568 4365 821 4418 atiirmari
874 4363 1018 4417 istud
1062 4362 1317 4431 nogarive
1369 4368 1574 4429 posset.
1631 4356 1742 4410 lloc
1792 4370 1890 4424 ego

301 4457 743 4510 alterutram'iu
787 4464 991 4524 partem
1033 4454 1259 4508 delinire
1294 4450 1466 4512 uolui,
1518 4455 1572 4502 et
1605 4449 1671 4500 ad
1711 4446 1892 4500 crudi-

303 4560 489 4604 torum
563 4550 844 4603 hominum
903 4556 1065 4617 atque
1117 4543 1459 4614 antiquitatis
1508 4539 1892 4594 ecclesiastica:

299 4641 918 4710 consultorumjudicia
948 4637 1264 4709 provocavi.
1298 4635 1379 4689 Tu
1419 4633 1463 4687 si
1489 4649 1556 4688 ex
1589 4647 1654 4685 eo
1696 4646 1894 4699 genere

300 4731 606 4786 hominum
649 4747 726 4796 es,
773 4732 931 4785 velim
978 4730 1116 4782 Itane
1165 4726 1296 4780 mihi
1338 4723 1730 4779 dubitationem
1777 4722 1892 4774 exi-

301 4837 450 4883 mas,
488 4831 550 4876 et
577 4823 909 4892 conjecturis
937 4823 1004 4877 iis
1037 4836 1318 4886 occurras,
1351 4836 1472 4890 qua:
1502 4821 1696 4890 partim
1726 4821 1834 4874 illic
1865 4835 1893 4872 a

305 4928 392 4965 me
430 4916 741 4982 prepositze
771 4922 940 4977 sunt,
979 4915 1175 4983 partim
1207 4913 1329 4966 aliis
1359 4927 1424 4966 ex
1471 4911 1787 4965 auctoribus
1823 4911 1897 4963 af-

303 5001 440 5058 ferri
478 5014 736 5073 possuut.
774 5005 882 5074 Ego
921 5016 1042 5074 post
1074 5004 1468 5059 absolutionem
1522 5011 1894 5059 sacramenta-

304 5097 438 5155 lem.
479 5094 542 5146 id
585 5105 685 5158 est,
717 5100 1015 5166 perlectam
1053 5109 1241 5165 pacem
1283 5109 1346 5148 ac
1373 5093 1894 5154 reconciliationem,

305 5186 530 5254 optimo
590 5201 707 5252 jure
773 5187 943 5240 fuisse
995 5187 1322 5256 pmnitentes
1378 5189 1651 5253 arbitror;
1723 5199 1898 5253 neque

306 5278 630 5346 quidquam
676 5281 934 5334 habuisse
983 5279 1197 5347 reliqui,
1247 5279 1390 5348 quod
1431 5301 1524 5343 eos
1579 5298 1606 5336 a
1656 5292 1913 5334 commu-.

308 5367 487 5420 ninne
535 5365 801 5423 Dominici
839 5370 1082 5432 corporis
1113 5376 1339 5421 arceret.
1377 5372 1546 5437 Viam
1589 5374 1732 5430 enim
1779 5366 1895 5438 paci

386 5481 468 5542 (η)
502 5479 639 5547 I‘ug.
676 5483 757 5536 15.

380 5553 466 5621 (ι)
512 5550 646 5616 I‘ug.
684 5553 766 5604 15.

660 5649 919 5707 l’s'ruoc.
968 5648 1076 5705 Gn.
1128 5647 1170 5704 Χ
1186 5646 1334 5728 ΜΗ,

1995 4369 2238 4430 miseret,
2271 4383 2368 4421 cur
2397 4369 2451 4420 in
2491 4375 2807 4436 peccatores
2836 4384 2898 4421 ac
2927 4369 3256 4439 ptenitentcs
3294 4371 3374 4422 sic
3413 4383 3567 4424 acer-

1994 4471 2098 4514 bus
2142 4470 2194 4514 et
2245 4458 2485 4511 crudelis
2511 4467 2614 4518 est,
2653 4468 2710 4510 ut
2740 4474 2834 4512 eos
2864 4474 2988 4512 cum
3033 4459 3274 4512 Ecclesia
3327 4458 3567 4512 reconci-

1996 4553 2114 4604 liari
2173 4549 2500 4618 prohibeat?
2559 4550 2818 4618 Equidem
2862 4565 2983 4618 pag.
3029 4549 3154 4612 251,
3185 4557 3472 4617 postquam
3508 4549 3562 4602 in

1995 4641 2158 4695 certis
2183 4641 2505 4694 criminibus
2533 4647 2783 4708 negatam
2811 4638 3099 4707 aliquando
3125 4637 3563 4690 communionem

1995 4731 2239 4800 probavi,
2265 4731 2541 4800 paululum
2567 4729 2900 4792 addubitavi,
2925 4737 3180 4782 utrumne
3219 4728 3271 4781 in
3321 4728 3567 4797 periculo

1998 4821 2221 4891 quidem
2281 4821 2475 4876 mortis
2525 4835 2786 4876 concessa
2845 4819 3026 4875 fuerit.
3082 4818 3194 4874 lloc
3234 4834 3300 4873 ne
3348 4819 3567 4888 penitus

1999 4929 2322 4977 assererem,
2377 4913 2654 4983 prohiberi
2707 4928 2794 4968 me
2842 4911 2951 4966 dixi
2994 4901 3204 4968 canone
3244 4911 3338 4965 illo
3380 4910 3449 4963 15
3479 4907 3570 4962 Ni-

1997 5021 2169 5067 caeno,
2209 5005 2299 5058 ubi
2348 5003 2537 5059 Patres
2587 5004 2652 5058 de
2699 5004 3058 5058 morientibus
3092 5003 3468 5065 decreverunt,
3509 5008 3569 5053 ut

2000 5110 2066 5148 ne
2121 5094 2313 5148 ultimo
2365 5107 2427 5146 ac
2480 5094 2792 5148 necessario
2839 5094 3041 5146 viatico
3084 5091 3466 5161 privarentur,
3512 5091 3573 5144 in-

1998 5200 2170 5254 coque
2213 5193 2370 5238 vetus
2399 5193 2454 5238 et
2487 5185 2750 5237 canonica
2795 5183 2877 5237 let
2918 5190 3184 5236 servetur.
3232 5180 3355 5236 [hec
3403 5183 3568 5236 verba

2000 5275 2242 5338 concilii,
2299 5285 2443 5328 cetus
2497 5284 2547 5327 et
2601 5275 2855 5327 canonica
2915 5273 2996 5326 lea:
3049 5273 3396 5343 signiﬁcant,
3457 5279 3566 5327 ndn

2000 5366 2125 5436 χθὲς
2154 5365 2247 5418 καὶ
2273 5366 2481 5436 πρώην,
2519 5366 2610 5420 scd
2640 5367 2748 5436 jam
2782 5375 2894 5418 tum
2922 5366 3050 5419 olim
3085 5365 3138 5419 in
3171 5363 3412 5421 Ecclesia
3443 5378 3570 5418 cau-

2074 5477 2140 5548 (r)
2181 5475 2315 5551 Pag.
2357 5480 2438 5532 Η.

3187 5647 3264 5707 ‘20
