4028 6220
465 319 571 376 619

1763 302 1945 361 DION.
1980 302 2041 360 Pl

2144 304 2322 364 tVIUS
3568 302 3657 358 020

467 447 585 489 tum
611 445 756 495 esse,
794 428 873 485 uti
902 443 971 485 ne
992 423 1354 482 morientibus
1382 421 1696 478 communio
1726 431 2038 494 negaretur.
2074 432 2118 487 Α
2150 418 3027 495 appellaretur,qutemorihundis
3054 414 3427 489 i‘oeiiltentibus
3455 430 3660 473 commu-

468 524 688 596 Exeipit
729 522 994 577 adversus
1038 519 1145 573 ista
1193 515 1538 583 dispunctor,
1572 511 1850 568 Nicamam
1890 530 2042 582 syno-

468 617 595 668 dum
642 629 745 668 non
782 612 845 665 de
890 606 1145 675 apostatis
1192 613 1285 658 aut
1332 603 1820 666 rxcommunicatis,
1852 602 1944 657 sed
1979 602 2041 656 de

408 688 423 693 θ
465 699 835 773 paenitentibus
897 704 1108 751 tantum
1162 693 1468 754 paenitentia
1510 691 1732 746 solemni
1778 690 2040 759 defunctis

468 794 867 867 intelligendam
899 790 1094 845 venire.
1118 788 1284 843 Multa
1319 787 1492 855 gratis
1518 783 1864 840 concedenda
1891 793 2038 846 sunt,

470 902 705 961 quorum
756 885 802 939 si
846 883 916 937 ab
964 883 1058 936 illo
1107 880 1415 950 postuletur
1460 879 1623 940 ratio,
1675 877 1811 931 nihil
1848 883 2043 945 praeter

468 978 844 1049 conjecturam
906 972 1081 1043 possit
1143 969 1361 1025 aﬂ'erre.
1416 966 1698 1035 Ejusmodi
1748 972 1832 1021 est
1886 964 2039 1028 illud,

469 1066 614 1138 quod
651 1066 719 1119 de
743 1062 948 1117 Nicmni
992 1058 1219 1115 canonis
1258 1057 1527 1113 sententia
1573 1056 1859 1125 disputat:
1894 1052 2040 1123 quod

466 1177 536 1217 ne
565 1159 742 1229 ipsum
784 1155 1000 1225 quidem
1035 1159 1226 1206 contra
1266 1163 1369 1204 nos
1404 1148 1556 1211 facit,
1589 1163 1768 1218 neque
1807 1146 1874 1201 ad
1929 1161 2041 1200 rem

464 1249 724 1321 pertinet,
782 1247 891 1301 imo
926 1260 993 1299 ex
1023 1257 1089 1298 eo
1121 1240 1444 1311 superioris,
1497 1253 1661 1308 quam
1705 1235 2044 1307 Oppugnavi-

468 1356 611 1406 mus,
669 1334 955 1399 sententiae
1004 1333 1221 1389 falsitas
1276 1329 1644 1385 convincitur.
1683 1326 1884 1382 Demus
1914 1327 2040 1389 hoc,

466 1432 740 1486 Nicaenam
779 1424 1047 1498 synodum
1081 1435 1291 1478 canone
1318 1419 1411 1475 illo
1441 1419 1532 1481 l3,
1562 1433 1691 1489 quo,
1726 1433 1793 1473 ex
1820 1417 2043 1487 antiqua

464 1534 516 1579 et
538 1520 807 1578 canonica
836 1516 1142 1578 sanctione,
1176 1512 1435 1567 viaticum
1466 1510 1711 1580 adeoque
1750 1523 1942 1579 pacem
1990 1514 2044 1562 et

465 1612 868 1669 absolutionem
917 1606 1288 1663 morientibus
1336 1602 1605 1673 impertiri
1649 1601 1825 1671 jubet,
1870 1601 1938 1654 de
1977 1599 2043 1653 iis

465 1704 733 1758 duntaxat
770 1700 1150 1770 praescribere,
1182 1696 1276 1767 qui
1310 1694 1631 1766 pmnitentia
1681 1692 1912 1748 solemni
1959 1691 2045 1747 de-

468 1792 642 1848 functi
696 1800 868 1855 sunt;
912 1789 1150 1859 primum
1177 1802 1243 1842 ex
1268 1799 1335 1841 eo
1366 1797 1713 1853 consequens
1740 1789 1843 1843 est,
1886 1787 2045 1833 caete-

463 1900 583 1948 ros,
615 1883 707 1952 qui
738 1879 983 1937 nondum
1011 1876 1409 1948 paenitentibus
1437 1872 1665 1942 ascripti
1709 1872 1944 1935 fuerant,
1992 1877 2046 1924 et

465 1974 521 2027 in
552 1970 745 2025 mortis
813 1966 1062 2037 periculo
1139 1977 1327 2036 pacem
1402 1968 1686 2031 peterent,
1762 1970 2045 2027 nunquam

466 2062 830 2132 impetrasse;
864 2057 993 2128 quia
1025 2054 1260 2117 solemni
1291 2052 1615 2123 poenitentia
1645 2048 1891 2106 defuncti
1935 2062 2044 2102 non

464 2161 641 2209 erant.
677 2149 835 2217 Quod
860 2148 1078 2219 quidem
1116 2145 1346 2200 inliciari
1381 2158 1701 2213 possumus,
1744 2138 2045 2210 praesertim

465 2244 512 2301 si
544 2243 613 2299 de
636 2242 839 2307 citimis
864 2238 1083 2296 Nicaano
1104 2236 1344 2293 concilio
1366 2234 1705 2304 temporibus
1733 2235 2044 2302 loquamur.

465 2332 600 2400 Quis
654 2332 799 2388 enim
855 2329 1042 2385 credat
1092 2343 1213 2393 eos,
1269 2327 1362 2397 qui
1415 2333 1541 2395 post
1592 2325 1816 2381 unicum
1867 2324 2049 2378 scelus

466 2424 790 2487 admissum,
854 2428 1147 2491 antequam
1208 2418 1491 2483 obeundas,
1546 2418 1632 2472 vel
1692 2414 2047 2485 impetrandae

467 2514 801 2586 pmnitcntiaa
861 2513 1100 2583 spatium
1152 2509 1448 2570 haberent,
1497 2507 1551 2560 in
1601 2504 1852 2560 morbum
1910 2503 2048 2557 inci-

464 2607 698 2665 dissent,
745 2616 878 2674 pace
907 2616 971 2655 ac
999 2596 1445 2655 reconciliatione
1492 2593 1666 2650 fuisse
1707 2592 2046 2648 frustratos?

468 2692 583 2747 lloc
610 2690 717 2747 nisi
747 2688 1123 2746 vehementius
1179 2685 1475 2755 approbes,
1532 2696 1693 2737 nemo
1725 2681 1821 2735 tibi
1852 2688 2047 2751 sponte

465 2782 825 2840 concesserit.
859 2779 967 2836 Sed
998 2778 1284 2835 omittatur
1320 2775 1466 2831 istud
1501 2775 1556 2830 in
1591 2788 1854 2845 praesens.
1886 2771 2047 2829 Certe

468 2876 702 2931 alterum
733 2890 797 2928 ex
826 2872 1086 2944 Opinione
1151 2879 1206 2925 et
1252 2867 1703 2939 interpretatione
1734 2865 1839 2922 ista
1863 2866 2045 2935 sequi-

470 2977 581 3033 tur,
617 2965 763 3037 quod
804 2962 1076 3034 superiori
1106 2961 1208 3024 illi,
1246 2968 1306 3014 ut
1339 2958 1473 3021 dixi,
1529 2957 1816 3013 sententia:
1865 2954 2042 3010 refra-

469 3064 649 3126 gatur.
682 3052 881 3107 Aiebas
914 3051 1099 3116 modo,
1146 3048 1401 3103 saeviente
1446 3046 1683 3115 procella
1716 3045 2042 3114 persecutio-

470 3148 575 3210 nis,
604 3160 720 3211 eos,
749 3144 842 3213 qui
876 3141 1193 3213 poenitentia
1242 3138 1566 3193 delictorum
1612 3137 1830 3193 cmlitus
1873 3135 2038 3189 amati

468 3239 703 3302 fuerant,
746 3237 862 3293 sola
907 3233 1161 3288 Ecclesia:
1200 3229 1614 3301 approbatione,
1664 3229 1784 3283 sine
1828 3229 2044 3283 absolu-

466 3334 636 3397 tione,
680 3328 851 3384 fuisse
886 3333 1177 3381 contentos
1205 3342 1219 3379 :
1249 3338 1484 3393 cumque
1514 3321 1610 3375 diu
1640 3336 1709 3377 ne
1731 3319 2042 3375 moribundi

466 3424 687 3494 quidem
757 3419 973 3477 veniam
1030 3432 1094 3474 ac
1154 3430 1344 3488 pacem
1398 3413 1649 3469 obtinere
1701 3412 2040 3483 potuissent,

466 3525 657 3587 postea
695 3514 859 3581 longo
890 3511 1177 3565 intervallo
1218 3507 1535 3570 remissum,
1578 3511 1639 3559 ut
1681 3504 2042 3560 morientibus

464 3608 733 3662 duntaxat
779 3600 1055 3658 absolutio
1091 3599 1520 3670 permitteretur,
1569 3597 1752 3665 itaque
1782 3594 2042 3650 Novatia-

467 3714 663 3754 uorum
708 3695 962 3751 hatresim
1000 3692 1103 3748 hac
1137 3699 1346 3747 tantum
1387 3705 1456 3745 ex
1502 3695 1657 3759 parte
1704 3688 2035 3743 damnatam.

468 3790 593 3846 ΙΙωο
619 3789 736 3859 ipsa
772 3795 1038 3855 tempora,
1085 3782 1285 3851 quibus
1328 3788 1525 3852 negata
1562 3780 1648 3835 vel
1684 3779 2043 3834 morientibus

464 3876 901 3947 estcommunio,
920 3876 1077 3944 longe
1096 3870 1237 3927 infra
1253 3869 1510 3942 Cypriani
1526 3876 1742 3925 aetatem
1762 3868 2038 3923 incidunt:

465 3969 667 4039 quippe
710 3963 1052 4021 Novatianus
1092 3962 1239 4018 illius
1291 3972 1536 4032 tempore
1580 3960 1756 4026 vixit;
1814 3966 1873 4014 tu
1911 3973 2042 4013 vero

466 4060 630 4129 longo
682 4056 969 4111 intervallo
1025 4060 1147 4124 post
1200 4051 1489 4109 Novatiani
1538 4059 1715 4109 ortam
1769 4050 2039 4115 haeresim,

467 4151 702 4205 laxatam
733 4150 937 4205 asseris
968 4147 1373 4203 severissimam
1404 4144 1550 4199 illam
1585 4142 1845 4198 Ecclesia:
1874 4141 2043 4197 disci-

467 4241 691 4311 pfinam.
769 4238 1007 4292 Proinde
1079 4235 1337 4305 Cypriani
1402 4242 1687 4302 tempore,
1775 4234 2042 4304 longeque

470 4338 698 4400 postea,
768 4328 957 4381 nullus
1025 4325 1451 4392 quibuscunque
1517 4322 1913 4392 pmnitentibus
1975 4322 2039 4376 ad

2146 514 2367 569 nionem
2420 513 2634 577 tribuit,
2684 526 2868 565 nonne
2920 512 3005 563 vel
3047 519 3173 564 ante
3220 525 3317 563 Lxx
3368 523 3525 564 annos
3557 510 3663 573 ferri

2145 605 2369 659 debuit?
2423 602 2699 669 Quocirca
2747 601 2970 655 florente
3015 598 3285 669 Cypriane
3316 586 3661 667 Ecclesizejam

2143 703 2262 750 erat
2284 709 2386 749 usu
2418 702 2657 764 recepta.
2710 692 2791 745 ita
2835 691 3022 745 multis
3075 691 3249 747 modis
3281 692 3663 759 commentitium

2152 793 2256 851 est,
2292 786 2733 856 persecutionum
2762 792 3024 851 tempore,
3051 789 3104 836 et
3131 782 3285 850 longo
3316 790 3433 835 ante
3452 780 3666 835 Novatia-

2151 894 2280 933 num
2336 878 2647 942 intervallo,
2708 873 3109 944 paenitentibus
3163 874 3319 928 etiam
3368 872 3668 927 moribundis

2144 966 2582 1020 communionem
2617 978 2739 1022 esse
2768 963 3119 1031 denegatam.

2218 1058 2284 1110 At
2317 1057 2512 1126 objicis
2540 1074 2553 1109 :
2588 1054 2861 1125 Synodum
2892 1052 3247 1116 Sardiensem,
3301 1050 3506 1105 Nimim
3527 1062 3671 1119 poste-

2146 1149 2341 1202 riorem
2366 1186 2381 1208 ,
2429 1148 2485 1199 in
2532 1145 2766 1214 periculo
2814 1145 3003 1197 mortis
3051 1158 3240 1211 negare
3281 1142 3670 1195 connnunianem.

2144 1238 2287 1303 Quid
2336 1238 2496 1291 tum?
2532 1252 2600 1290 an
2647 1235 2767 1290 ideo
2813 1249 3013 1304 negare
3052 1240 3228 1302 potes,
3279 1231 3418 1286 istud
3455 1232 3614 1302 ipsum
3645 1245 3670 1285 a

2146 1329 2370 1383 Nicaeno
2392 1328 2623 1384 concilio
2651 1326 2820 1382 fuisse
2849 1324 3152 1390 decretum,
3181 1323 3322 1394 quod
3357 1338 3519 1376 canon
3554 1323 3674 1376 illius

2145 1431 2254 1475 tam
2286 1428 2473 1491 aperte
2505 1418 2786 1489 loquitur?
2830 1415 3041 1479 Nescis,
3071 1415 3411 1487 generalibus
3442 1416 3674 1469 interdum

2148 1512 2375 1582 regulis,
2430 1526 2555 1565 cum
2616 1510 2691 1563 ita
2741 1516 3051 1578 temporum
3109 1508 3387 1572 conditio,
3430 1506 3518 1560 'vcl
3567 1520 3676 1560 usus

2146 1601 2454 1670 disciplina!
2507 1600 2770 1670 postulat,
2821 1598 3067 1668 privatas
3120 1598 3384 1668 abrogare
3440 1598 3599 1666 leges,
3632 1602 3679 1649 ut

2146 1690 2289 1760 quod
2322 1690 2576 1745 universe
2603 1697 2824 1745 cautum
2859 1688 3056 1753 fuerat,
3090 1688 3138 1742 ei
3171 1690 3255 1741 vel
3288 1687 3504 1756 :equitas
3529 1686 3679 1740 detra-

2149 1784 2243 1838 hat
2279 1782 2506 1852 aliquid,
2564 1783 2651 1837 vel
2696 1781 2965 1837 severitas
3021 1781 3299 1852 apponat?
3339 1777 3428 1834 Est
3469 1778 3596 1833 enim
3636 1776 3681 1830 in

2150 1872 2409 1929 Ecclesia:
2442 1879 2709 1942 potestate
2744 1870 3107 1941 arbitrioque
3132 1885 3405 1925 canonum
3451 1884 3600 1932 usus;
3635 1873 3682 1920 ut

2147 1962 2364 2019 illorum
2421 1964 2751 2018 auctoritate
2803 1964 2976 2028 salva,
3034 1978 3197 2018 secus
3234 1977 3391 2031 quam
3441 1960 3475 2013 ii
3516 1959 3684 2024 ferant,

2148 2055 2397 2110 nonnihil
2448 2055 2770 2124 plerumque
2820 2061 3047 2107 statuat.
3092 2052 3232 2106 Nam
3269 2061 3321 2107 et
3349 2049 3573 2122 synodus
3610 2048 3686 2101 illa

2150 2146 2281 2201 Side
2314 2145 2643 2216 Pamphylia:
2675 2147 2858 2199 habita
2892 2153 3083 2201 contra
3115 2143 3496 2205 Massalianos,
3532 2139 3691 2195 Sardi-

2148 2239 2300 2293 censi
2332 2238 2622 2306 posterior,
2659 2236 2821 2306 cujus
2854 2252 2921 2291 ex
2956 2234 3173 2301 Photio,
3206 2251 3335 2305 pag.
3369 2233 3452 2299 18,
3476 2230 3692 2287 memini-

2148 2345 2292 2393 mus,
2320 2329 2388 2383 iis
2418 2329 2510 2399 qui
2543 2337 2668 2399 post
2715 2328 3064 2383 anathemate
3110 2327 3425 2381 damnatam
3474 2322 3689 2377 haeresim

2146 2420 2317 2485 illam,
2345 2430 2625 2490 utcunque
2659 2419 3034 2489 suspicionem
3071 2417 3192 2488 ejus
3229 2424 3421 2489 postea
3450 2414 3691 2473 dederint,

2146 2511 2587 2567 communionem
2640 2525 2709 2565 ne
2760 2511 2817 2565 in
2873 2511 3000 2565 vita:
3059 2510 3287 2580 quidem
3324 2508 3466 2563 exitu
3508 2506 3693 2570 tribuit,

2144 2602 2444 2670 quamlibet
2498 2610 2707 2657 mutata
2768 2603 3040 2657 sententia
3113 2601 3492 2672 pmnitentiam
3543 2596 3692 2668 parati

2147 2695 2262 2750 sint
2305 2694 2569 2764 profiteri.
2604 2695 2681 2748 Ac
2713 2693 2919 2749 videsis
2964 2709 3196 2749 acumen
3246 2694 3396 2747 illius
3436 2691 3695 2745 ratiocina-

2144 2786 2333 2840 tionis.
2390 2783 2646 2841 Nicamus
2696 2800 2872 2840 canon
2928 2785 3253 2839 undecimus
3308 2784 3393 2849 iis,
3448 2782 3533 2852 qui
3579 2780 3697 2835 citra

2144 2875 2256 2929 vim
2302 2889 2367 2929 ac
2411 2875 2797 2930 necessitatem
2847 2872 2950 2929 sub
3004 2873 3203 2928 Licinii
3258 2872 3537 2945 tyrannide
3579 2865 3698 2937 lapsi

2147 2966 2370 3031 fuerint,
2419 2967 2715 3021 duodecim
2755 2981 2929 3021 annos
2959 2966 3305 3036 pmnitentiae
3337 2965 3571 3037 pncﬂxit.
3601 2959 3699 3013 Hoc

2146 3066 2205 3113 tu
2239 3059 2427 3125 simili,
2462 3068 2626 3128 atque
2674 3058 2787 3114 illic
2831 3059 3027 3123 uteris,
3077 3060 3545 3131 argumentatione
3586 3066 3697 3125 pro-

2148 3150 2305 3206 babis
2338 3166 2621 3220 nunquam
2651 3165 2680 3204 a
2708 3151 2946 3206 concilio
2986 3150 3159 3206 fuisse
3194 3153 3489 3207 sancitum.
3536 3146 3701 3216 Siqui-

2145 3242 2269 3298 dem
2301 3241 2648 3298 Valentinum
2693 3242 2917 3298 Nicaano
2951 3244 3222 3314 posterius
3257 3260 3381 3299 can.
3414 3239 3699 3299 5dccrevit,

2144 3342 2206 3388 ut
2247 3336 2341 3405 qui
2393 3342 2518 3405 post
2566 3335 2897 3405 baptismum
2931 3335 3175 3405 profanis
3214 3335 3523 3390 dannonum
3552 3331 3704 3386 sacris

2144 3426 2338 3496 polluti
2398 3411 2667 3491 fuerint,1
2710 3426 3091 3496 paenitentiam
3145 3427 3213 3479 ad
3274 3435 3499 3482 mortem
3552 3435 3706 3491 usque

2145 3515 2471 3585 suscipiant.
2520 3514 2686 3584 Atqui
2742 3514 2881 3570 ratio
2933 3513 3158 3569 minime
3212 3516 3480 3581 procedit.
3539 3511 3707 3581 Neque

2144 3606 2310 3677 igitur
2374 3607 2463 3663 illa
2524 3622 2689 3677 quam
2756 3607 2821 3661 ad
2887 3607 3066 3662 simile
3133 3609 3413 3677 negotium
3476 3605 3702 3659 adhibes.

2143 3698 2353 3768 Pergis,
2408 3710 2460 3753 et
2506 3700 2609 3754 hoc
2655 3699 2960 3769 redarguis,
3011 3699 3155 3768 quod
3197 3716 3325 3770 pag.
3351 3699 3456 3753 254
3487 3698 3552 3753 de
3582 3693 3707 3749 ditii-

2143 3790 2346 3844 cillimo
2391 3791 2483 3845 illo
2524 3789 2781 3861 Cypriani
2808 3791 2925 3845 loco
2959 3806 3025 3845 ex
3055 3791 3214 3860 epist.
3260 3793 3328 3846 15
3360 3792 3706 3861 disputamus,

2143 3878 2235 3932 ubi
2303 3886 2529 3934 sanctus
2582 3879 2825 3948 pontifex
2883 3878 3073 3949 jubet,
3140 3888 3201 3933 ut
3262 3880 3359 3950 qui
3426 3878 3631 3936 libellos
3680 3889 3708 3929 a

2145 3970 2488 4040 martyribus
2541 3979 2895 4040 acceperunt,
2956 3969 3097 4041 apud
3161 3972 3571 4043 presbyterum,
3625 3971 3710 4021 aut

2143 4061 2191 4115 si
2229 4062 2350 4131 ejus
2400 4063 2556 4132 copia
2588 4061 2749 4129 desit,
2784 4062 2927 4133 apud
2956 4064 3249 4118 diacvnum
3278 4058 3708 4132 exhomologesin

2142 4147 2327 4204 delicti
2368 4150 2455 4205 sui
2503 4150 2731 4217 faciant,
2784 4160 2844 4205 ut
2887 4167 3054 4206 manu
3099 4153 3180 4208 eis
3232 4155 3289 4207 in
3344 4151 3706 4225 paenitentiam

2144 4238 2419 4311 imposita,
2450 4243 2670 4296 veniant
2700 4242 2764 4296 ad
2800 4244 3087 4298 Dominum
3116 4259 3240 4297 cum
3275 4262 3434 4314 pare.
3473 4244 3595 4298 Haec
3618 4253 3711 4311 ego

2144 4331 2525 4400 probabiliter,
2567 4334 2671 4389 nisi
2707 4333 2887 4399 fallor,
2920 4334 3000 4390 sic
3030 4336 3472 4406 interpretabar,
3516 4344 3573 4389 ut
3601 4348 3711 4387 cum

467 4417 768 4474 Ecclesiam
811 4424 867 4470 et
906 4413 1405 4469 reconciliationem
1437 4412 1619 4468 aditus
1649 4413 1841 4483 patuit.
1875 4413 2038 4481 Atqui
2074 4426 2115 4480 ι)
2146 4421 2346 4490 duplex
2385 4422 2600 4479 [τυριυε
2629 4424 2994 4480 absolutionis
3027 4424 3209 4489 fuerit,
3238 4433 3295 4480 ut
3323 4436 3379 4481 ει
3408 4442 3437 4481 a
3464 4422 3711 4497 ρεερειίε,

468 4507 830 4563 falsissimum
893 4504 948 4559 id
1007 4519 1172 4568 esse,
1243 4519 1368 4558 cum
1445 4512 1604 4559 antea
1663 4520 1733 4559 ex
1792 4504 2038 4573 ejusdem

466 4596 728 4672 Cypriani
760 4604 814 4652 et
847 4598 1078 4651 aliorum
1110 4606 1353 4651 veterum
1390 4597 1719 4651 auctoritate
1770 4604 2038 4650 monstra-

462 4694 668 4757 vimus,
706 4698 818 4746 tum
849 4706 914 4745 ex
944 4688 1251 4761 posteriore
1287 4690 1377 4743 illa
1424 4697 1517 4742 tua
1556 4688 1757 4743 Nicmni
1810 4692 2040 4745 canonis

463 4784 913 4855 interpretatione
964 4782 1329 4837 concluditur.
1370 4781 1428 4835 Si
1468 4780 1614 4835 enim
1639 4779 1855 4835 Nicrena
1912 4797 2039 4851 syn-

465 4877 606 4930 odus
668 4882 908 4931 veterem
970 4882 1025 4927 et
1111 4872 1433 4927 canonicam
1496 4870 1834 4926 sanctionem
1891 4871 2038 4923 illam

465 4974 663 5030 vocat,
724 4980 845 5034 quae
901 4962 1260 5016 moribundos
1319 4962 1641 5031 pmnitentes
1701 4962 2040 5016 absolutiOne

465 5057 659 5110 donari
702 5054 969 5125 praieipit,
1024 5067 1154 5108 sane
1192 5054 1351 5122 longe
1382 5060 1508 5106 ante
1542 5051 1822 5105 Mcaenum
1856 5052 2040 5103 concio

469 5148 622 5215 lium,
656 5158 943 5219 grassante
973 5144 1109 5198 adeo
1138 5145 1375 5213 procella
1402 5142 1825 5213 persecutionis,
1848 5140 2037 5194 saltem

470 5239 835 5293 morientibus
885 5234 1161 5290 absolutio
1208 5248 1473 5290 concessa
1531 5232 1716 5287 fuerit.
1759 5230 1906 5286 Obiit
1937 5230 2039 5299 Cy-

468 5331 693 5397 prianus
734 5346 879 5383 anno
931 5328 1135 5384 Christi
1164 5328 1288 5391 259,
1350 5325 1639 5380 Valeriano
1698 5333 1750 5379 et
1794 5323 2039 5377 Gallieno

469 5420 637 5488 impp.
683 5420 766 5474 Ab
796 5420 899 5472 hoc
933 5435 1076 5472 anno
1109 5419 1175 5474 ad
1219 5418 1511 5474 concilium
1544 5415 1842 5477 Nicamum,
1872 5416 2036 5469 inter-

467 5506 667 5560 vallum
698 5517 781 5564 est
819 5522 1090 5563 annormn
1142 5522 1297 5570 vat.
1338 5505 1406 5562 Ut
1452 5520 1583 5576 ergo
1634 5513 1776 5560 vetus
1816 5503 1905 5557 illa
1955 5504 2037 5557 lex

539 5678 616 5748 (α)
650 5680 775 5750 l’ag.
816 5682 895 5735 lii.

2145 4512 2248 4567 hoc
2277 4524 2380 4579 cst,
2416 4516 2576 4586 culpa
2625 4515 2742 4585 ipsa
2786 4527 2909 4586 post
2950 4518 3326 4588 paenitentiam
3377 4520 3714 4574 absolveren-

2146 4612 2269 4670 tur;
2313 4612 2366 4657 et
2412 4604 2466 4657 in
2498 4606 2772 4675 integrum
2822 4608 3061 4661 restituti
3111 4607 3179 4660 ad
3224 4608 3490 4663 Ecclesia:
3546 4603 3713 4659 Domi-

2145 4694 2368 4762 nicique
2426 4696 2873 4751 communionem
2943 4700 3193 4768 corporis
3258 4701 3713 4761 admitterentur;

2149 4794 2443 4853 utrumque
2480 4800 2575 4853 per
2600 4789 2888 4859 episcopos
2914 4799 3007 4843 aut
3036 4789 3355 4846 sacerdotes
3388 4792 3711 4849 obtinerent,

2144 4876 2373 4929 alterum
2414 4891 2561 4943 vero,
2596 4894 2721 4932 eum
2753 4880 3063 4936 sacerdotis
3093 4882 3250 4951 copia
3279 4890 3389 4937 non
3420 4893 3589 4945 esset,
3630 4894 3718 4951 per

2144 4968 2482 5024 diaconum:
2520 4972 2595 5035 ita
2653 4982 2714 5026 ut
2762 4974 3006 5028 nondum
3065 4978 3454 5030 sacramentali
3502 4974 3716 5028 absolu-

2144 5060 2291 5113 tione
2320 5073 2732 5132 percepta,cum
2769 5065 2839 5117 ita
2879 5067 3181 5120 necessitas
3214 5066 3399 5131 ferret,
3439 5080 3626 5136 pacem
3661 5076 3717 5114 ac

2146 5152 2649 5206 reconciliationem
2714 5165 3178 5225 assequerentur,
3243 5164 3295 5211 et
3360 5156 3717 5209 Eucliat'istite

2146 5241 2305 5310 partit
2326 5242 2438 5309 ipes
2469 5243 2665 5297 forent.

2215 5328 2350 5383 lluie
2389 5341 2496 5386 tam
2542 5347 2757 5403 apertre,
2797 5347 2901 5389 tam
2957 5338 3220 5392 hodierno
3255 5338 3372 5392 usui
3451 5352 3514 5390 ac
3560 5336 3715 5388 moli.

2144 5422 2245 5474 bus
2292 5432 2670 5481 consentanem
2701 5428 2894 5481 rationi
2938 5429 3065 5497 quid
3109 5429 3383 5500 opponis?
3428 5426 3596 5491 Salis,
3640 5428 3716 5478 ίιι·

2088 5588 2105 5591 Α
2144 5509 2282 5578 quit.
2328 5522 2501 5579 aperte
2543 5516 2797 5580 insinuat,
2841 5516 3235 5574 Eucharistiam
3277 5520 3472 5590 absque
3513 5516 3715 5571 absolu-
