2014 3110
145 2624 244 2645 ’.πεδ’
258 2624 287 2640 π-
306 2624 396 2649 usus

15 2624 79 2964 I
178 2694 215 2731 (ι)
301 2697 344 2727 1⁸-

131 9 169 40 681
680 2 864 32 ADVERSUS
884 2 967 30 MAT.
989 0 1166 30 SIMONIUM.

1698 1 1750 30 6‘2!

129 67 187 94 tione
201 63 302 99 percipi
315 61 441 99 potuine.
462 60 562 95 Quidni
577 61 629 89 hoc
645 66 736 97 aperte
753 62 883 97 proﬁtear
897 81 904 94 ,
922 64 945 94 Α
959 60 1145 95 susciperent,
1170 58 1227 94 lege
1251 57 1297 87 illa
1319 63 1487 92 tenerentur.
1512 60 1593 96 Atqui
1623 62 1749 91 universe

126 111 189 147 quod
204 119 238 138 ex
255 110 302 138 illo
317 109 448 146 Cypriani
466 108 527 136 loco
542 116 598 136 non
609 108 727 136 obscure
747 106 906 142 colligitur?

125 157 183 186 Nam
198 161 226 185 et
245 164 340 192 pacem
363 155 496 183 diaconus
512 154 558 181 ille
578 160 709 180 manuum
733 152 907 187 impositione

124 203 264 231 tribuebat.
287 200 334 230 Est
350 205 441 230 autem
455 208 507 236 pax
520 199 591 227 idem
607 206 669 226 cum
685 198 906 226 reconciliatione

124 249 174 277 sive
190 247 394 276 communione.
418 246 505 274 Porro
521 245 737 276 sacramentalis,
752 247 781 271 ut
795 247 904 275 vocant,

124 294 162 321 illa
175 301 231 321 non
247 293 297 320 fuit
308 301 315 326 ;
326 300 409 328 quam
432 292 508 320 solus
521 291 651 319 sacerdos
668 290 792 318 conferre
807 293 905 325 potest.

123 338 221 370 Restat,
236 342 266 365 ut
281 338 354 373 quod
373 337 429 365 dixi
442 341 520 365 extra
534 335 749 364 controversiam
768 335 814 368 sit,
835 334 906 369 quod

123 383 200 411 nullis
222 391 336 418 prorsus
355 381 503 410 contrariis
517 381 687 417 argumentis
699 380 800 408 elevas.
829 379 907 412 Quod

122 435 181 455 vero
203 428 320 460 subdis,
349 427 482 454 diaconos
504 426 706 454 Eucharistiam
735 425 908 453 ministrasse

121 473 238 508 quidem,
254 481 308 500 non
322 477 412 500 tamen
424 472 470 507 jus
486 472 519 499 ad
536 471 737 500 Eucharistiam
754 471 907 506 percipien~

121 518 177 546 dam
205 518 331 551 dedisse;
356 519 380 546 si
403 519 476 546 enim
499 518 565 545 illud
592 517 718 545 conferre
740 517 906 551 potuissent,

120 564 197 591 etiam
215 564 288 599 quod
304 563 395 591 minus
410 568 462 595 est,
480 563 678 590 absolutionem
702 562 826 597 potuisse
845 569 908 589 con-

120 609 229 642 cedere;
245 608 358 636 minime
377 609 506 636 callidum
521 613 563 636 est
577 608 755 645 ἐπιχείρημα.
771 606 838 634 Nam
858 607 908 634 ab-

119 654 224 682 solvere
238 654 413 689 ptnnitentes,
428 655 478 681 hoc
490 657 532 681 est
559 654 795 686 sacramentalem,
813 657 842 680 ut
858 660 907 680 vo-

120 703 190 731 cant,
206 699 407 727 absolutionem
428 699 571 734 impertiri,
595 698 751 726 sacerdotes
766 705 861 726 omnes
881 698 907 725 vi

119 745 223 773 ordinis
243 751 275 772 ac
290 748 427 780 potestate
445 749 580 779 poterant,
597 752 647 772 nsu
665 752 698 772 ac
718 744 909 779 jurisdictione
925 734 946 761 Β

117 789 167 816 soli
186 789 319 824 episcopi,
337 790 378 818 vel
394 797 426 817 eo
442 790 552 817 absente
564 793 609 816 aut
626 789 809 825 permittente,
822 797 910 817 sacer-

118 836 194 864 dotes
209 836 309 864 cateri.
330 836 369 863 lta
383 843 503 864 canones
518 835 622 872 antiqui
645 837 744 864 docent
758 845 765 862 :
781 843 797 863 e
809 836 909 870 quibus

119 881 239 909 occurrit
253 872 443 910 modo'concil.
464 882 558 909 Carth.
576 889 606 915 ιι,
618 889 680 909 can.
693 882 720 914 3,
736 881 764 914 ι,
775 885 802 908 et
813 881 907 909 Carth.

120 934 157 958 ul,
182 934 246 954 can.
262 927 307 955 52.
327 927 440 955 Diaconi
462 935 527 955 vero
542 927 638 962 utique
655 926 707 955 hoc
729 926 909 955 absolutionis

119 980 205 1008 genus
219 972 345 1000 conferre
366 980 422 1000 non
440 975 574 1007 poterant.
592 971 722 999 Poterant
743 975 833 999 autem
862 972 909 998 ab-

119 1021 196 1045 sente
212 1018 366 1050 sacerdote,
381 1025 412 1045 ex
427 1017 548 1053 episcopi
561 1016 699 1049 mandato‘,
710 1014 744 1044 ab
753 1023 910 1044 excommu—

120 1062 256 1091 nicuione
267 1068 294 1091 et
307 1063 432 1091 censuris
444 1063 602 1096 absolvere;
620 1066 701 1098 atque
710 1062 747 1089 ita
755 1066 908 1097 compotem

121 1108 298 1136 Eucharistite
322 1109 422 1142 facere,
448 1108 677 1144 quemadmodum
699 1113 727 1137 et
752 1107 833 1136 hodie
857 1116 908 1136 usu

119 1154 201 1182 venit.
220 1154 288 1182 Cum
300 1155 372 1183 enim
386 1154 534 1182 conﬁtendi
550 1155 629 1189 copia
648 1154 734 1187 deest,
754 1158 844 1189 potest
862 1155 908 1189 qui

118 1206 230 1228 causam
250 1198 343 1233 habet,
367 1207 417 1228 cur
436 1201 463 1228 id
482 1200 572 1232 faciat,
596 1200 664 1227 citra
683 1200 908 1228 sacramentalem

118 1246 329 1279 absolutionem,
351 1247 386 1274 ad
403 1245 566 1274 celebranda
585 1246 625 1273 vel
646 1244 833 1280 participanda
851 1253 909 1280 my-

121 1291 204 1318 steria
224 1291 272 1326 jus
295 1291 427 1327 accipere,
452 1292 525 1327 quod
547 1291 841 1322 excommunicatione,
867 1290 908 1318 vel

120 1344 201 1372 pcna
219 1337 272 1365 alia
286 1337 424 1373 perditum
443 1339 502 1366 sola
518 1338 600 1374 hujus
620 1336 787 1365 relaxatione
798 1341 909 1363 revoca-

120 1386 175 1410 tur.
187 1383 248 1410 Non
262 1383 350 1417 video,
364 1383 430 1419 quid
443 1384 491 1412 tibi
503 1384 553 1411 hac
562 1385 589 1411 in
601 1388 695 1412 nostra
708 1382 841 1411 sententia
855 1382 909 1409 dis-
922 1396 944 1425 ρ

122 1428 331 1464 μιίεεηροςεὶι,
352 1428 382 1456 Si
404 1429 470 1464 quid
489 1429 537 1456 tibi
561 1437 642 1457 secus
665 1428 795 1459 occurrit,
820 1426 909 1462 planis

122 1480 155 1501 ac
168 1473 272 1502 Latinis
289 1474 382 1503 verbis
403 1474 534 1510 exprime.
564 1473 705 1501 Postremo
724 1479 807 1500 vexas
832 1471 869 1508 (η)
882 1471 911 1498 il-

123 1515 182 1550 lud,
190 1518 259 1553 apud
267 1525 329 1554 pag.
340 1517 394 1546 230
410 1519 588 1553 scripseram:
600 1517 717 1545 Clinicus
727 1525 743 1544 α
762 1516 910 1544 sacerdotio

123 1561 209 1588 meri
222 1561 331 1594 solitos;
348 1562 398 1589 hoc
410 1567 460 1593 est,
472 1562 517 1597 qui
536 1562 695 1597 baptismum
709 1562 736 1589 in
747 1561 847 1589 obitum
863 1569 911 1588 us-

121 1611 388 1641 qlsproragusent,
412 1606 527 1642 adeoque
549 1607 576 1634 in
603 1606 760 1641 (egritudine
780 1606 911 1641 baptizati

121 1650 238 1685 [ιιι-ω.
255 1651 306 1680 llic
322 1659 388 1680 vero
402 1652 429 1679 in
447 1660 498 1680 nos
510 1652 596 1687 jocari
614 1652 724 1680 voluisti
739 1652 788 1680 :Sl
803 1653 837 1679 ad
852 1652 911 1679 οὶιὶς

123 1699 196 1728 tun.
210 1696 310 1733 inquis,
328 1705 416 1733 neque
438 1698 632 1733 prorogabant,
648 1705 663 1724 a
678 1697 832 1725 sacerdotio
857 1697 911 1724 uti-

125 1747 250 1776 wvnon
262 1743 442 1776 arcebantur;
459 1742 513 1771 nisi
534 1742 604 1770 forte
625 1747 686 1777 post
705 1742 808 1770 obitum
824 1750 912 1770 sacer-

127 1786 203 1815 «lotio
216 1787 317 1816 initiari
333 1791 470 1824 poterant.
486 1789 519 1815 At
532 1789 691 1823 baptismum
705 1789 731 1815 in
747 1788 847 1815 obitum
862 1796 910 1815 ur-

128 1839 337 1870 Wprorogarc,
347 1838 374 1861 ct
388 1834 416 1861 iu
437 1834 593 1869 trgritudine
614 1833 747 1869 baptizari
766 1833 844 1868 longe
860 1832 913 1860 dii-

130 1876 227 1907 ῐσιικ.
241 1879 342 1908 Verum
358 1880 421 1915 quis
443 1882 540 1913 nescit,
560 1887 623 1907 cum
645 1881 681 1907 ita
703 1880 824 1907 dicitur:
839 1887 853 1907 a
867 1887 913 1907 sa-

132 1924 239 1954 cerdotii
251 1926 385 1962 dignitate
398 1930 518 1954 remotos
531 1926 591 1953 illos
603 1925 697 1958 fuisse,
709 1926 755 1961 qui
767 1926 793 1953 in
808 1926 910 1953 obitum

134 1971 390 2007 “(Ithpliunum
403 1972 589 2005 distulissent;
604 1979 666 1999 eum
677 1972 777 2000 habere
787 1979 911 2003 sensum,

138 2019 166 2043 Il
183 2024 214 2046 ea
231 2019 339 2048 demum
363 2018 481 2046 infamia:
505 2021 570 2045 nota
586 2018 755 2053 plectantur,
775 2019 797 2046 si
815 2022 912 2054 praeter

957 113 1077 133 canones
1092 105 1163 133 sacri
1182 112 1229 132 eos
1247 112 1342 133 omnes
1360 106 1521 139 excludunt,
1537 107 1583 142 qui
1604 108 1662 135 sive
1677 111 1752 136 cate.

957 149 1084 178 chumeni
1103 154 1206 183 essent,
1223 150 1280 178 sive
1297 158 1352 178 non
1368 157 1471 185 essent,
1493 152 1524 179 in
1547 155 1643 180 morbo
1662 154 1751 189 bapti-

958 196 1011 223 zati
1036 196 1161 224 fuissent.
1190 197 1260 230 Quid
1281 197 1338 224 haec
1360 205 1442 232 porro
1457 198 1509 226 sibi
1530 199 1615 226 velint
1628 209 1634 226 ε
1647 196 1751 228 Incerta

958 244 1025 270 illud
1039 245 1131 271 comici
1145 252 1153 270 :
1167 244 1243 276 Quod
1261 253 1300 270 me
1315 245 1351 271 vis
1367 246 1446 280 cogit.
1468 246 1602 274 voluntate
1622 256 1673 274 non
1694 248 1749 274 im-

958 294 1077 324 petrent;
1089 294 1114 316 et
1127 290 1255 317 rationem
1270 290 1347 324 hujus
1361 292 1469 318 canonis
1482 292 1657 326 deprehendes
1669 302 1678 320 :
1693 298 1749 322 tum

959 335 1089 368 sciemus,
1107 343 1169 363 cum
1187 336 1305 371 teipsnm
1322 337 1557 372 inlcrprctaberis.

1263 403 1379 430 CAPUT
1400 403 1443 431 Ill.

962 456 1080 495 Purgato
1101 458 1133 495 (te
1146 458 1401 495 rillustri_rnrdinali
1418 459 1545 486 Petronio
1560 459 1751 495 Disptmctiun-

995 492 1235 530 culmcriminutio.
1252 493 1404 530 Rgtrartata
1419 495 1578 528 prrdi/ﬁcilis
1591 492 1668 530 super
1678 498 1752 524 illius

993 528 1114 563 opinione
1129 529 1250 561 qttwstio.
1267 528 1450 555 Pwnitentimn
1465 530 1596 563 publicam
1611 528 1649 559 uel
1664 533 1751 560 invitis

994 562 1111 601 onltlrztum
1130 570 1272 601 e_sse,__non
1292 562 1564 600 exambitam'oulgo,
1587 574 1618 593 ac
1639 568 1750 601 possint.

996 596 1033 622 De
1047 596 1163 630 perjurio
1178 597 1270 626 obiter.

995 649 1032 677 De
1047 651 1231 680 illustrissimo
1245 653 1380 680 cardinali
1404 653 1536 682 Perronio
1551 653 1654 683 frustra
1674 655 1753 684 nobis

959 695 1089 723 invidiam
1106 697 1196 725 facere
1208 699 1329 727 conaris.
1345 698 1439 735 Neque
1455 701 1527 728 enim
1542 701 1583 728 vel
1600 701 1692 729 littora
1707 709 1754 736 ap-

961 741 1074 775 pellatus
1092 742 1115 770 is
1131 746 1173 770 est
1191 750 1205 769 a
1222 751 1274 777 me,
1290 748 1336 772 aut
1350 745 1384 773 de
1403 745 1463 780 ejus
1486 746 1690 775 existimatione
1706 747 1754 776 de-

961 790 1088 814 tractum.
1105 786 1143 814 De
1160 788 1289 823 opinione
1305 789 1363 825 ipsa
1380 790 1418 817 ita
1436 790 1501 826 quid
1518 793 1649 820 sentirem
1669 800 1754 828 expo—

960 831 1013 864 sui,
1031 835 1060 858 ut
1075 833 1179 860 nomini
1194 841 1347 868 parcerem.
1363 833 1420 863 Hoc
1438 836 1460 864 si
1478 837 1582 865 crimen
1599 842 1652 871 est,
1664 846 1679 865 a
1692 847 1751 866 ma-

960 884 1076 911 gnorum
1094 877 1216 906 virorum
1233 881 1368 908 sententia
1389 881 1551 910 discedere:
1570 887 1627 910 tum
1643 887 1672 910 tu
1688 892 1752 919 pro-

960 922 1031 950 fecto
1045 922 1072 950 in
1090 923 1185 951 eadem
1199 932 1282 953 causa
1296 927 1460 960 versaberis,
1475 928 1521 964 qui
1534 929 1568 957 de
1579 930 1751 964 pwnitentia,

959 972 986 994 et
1002 967 1172 997 absolutione
1186 971 1309 1005 quaedam
1333 973 1468 1008 scripsisti
1491 974 1525 1002 ab
1541 975 1586 1008 iis,
1610 984 1670 1011 quae
1695 981 1753 1005 tres

961 1012 998 1040 illi
1013 1014 1177 1049 cardinales,
1194 1015 1385 1050 Bellarminus,
1412 1018 1547 1048 Baronius
1563 1026 1590 1049 et
1603 1021 1752 1051 Perronius

960 1058 1069 1093 docent,
1086 1059 1231 1094 plurimum
1246 1061 1420 1090 abhorrentia
1436 1073 1442 1091 :
1458 1064 1512 1092 imo
1527 1072 1590 1094 vero
1605 1074 1620 1094 a
1633 1075 1758 1095 summov

960 1111 1020 1131 rum
1037 1105 1208 1140 pomiﬁcum,
1224 1107 1367 1135 doctorum
1381 1110 1516 1142 omnium,
1528 1115 1609 1146 atque
1624 1111 1754 1141 Ecclesia:

960 1157 1042 1177 sensu
1068 1151 1151 1178 totius
1177 1152 1284 1185 aliena;
1307 1161 1424 1188 quorum
1456 1157 1588 1184 nonnulla
1618 1159 1753 1193 superiori

960 1195 1050 1229 capite
1071 1195 1261 1225 discussimus.
1288 1198 1395 1226 Atenim
1419 1199 1475 1227 haec
1501 1202 1582 1228 verba
1597 1202 1753 1238 (b):Atqm'

961 1249 1036 1267 neruo
1053 1245 1107 1268 tam
1125 1250 1213 1270 vecors
1227 1244 1288 1276 erit,
1306 1244 1351 1279 qui
1364 1244 1505 1273 humanius
1519 1255 1580 1273 cum
1596 1248 1652 1275 illis
1663 1253 1753 1275 artum

959 1290 1042 1321 putet,
1059 1287 1103 1322 qui
1125 1288 1152 1315 in
1169 1288 1259 1316 eadem
1280 1290 1376 1324 strpius
1399 1291 1581 1327 incurrissent,
1603 1298 1628 1320 et
1648 1295 1753 1329 quidem

960 1333 1091 1361 horrenda
1105 1334 1220 1370 flagitia,
1237 1343 1317 1370 quam
1335 1344 1394 1363 cum
1416 1337 1460 1370 iis,
1476 1337 1520 1372 qui
1538 1339 1618 1365 semel
1637 1347 1668 1366 ea
1681 1347 1753 1366 como

961 1378 1094 1406 misissent
1105 1388 1115 1412 ;
1126 1379 1196 1415 quod
1205 1388 1237 1407 ea:
1247 1380 1295 1407 illa
1306 1381 1426 1416 opinione
1434 1383 1617 1418 consequitur,-
1628 1386 1754 1414 acerbius

962 1423 996 1452 de
1016 1428 1092 1452 tanto
1106 1425 1165 1453 viro
1182 1425 1254 1453 dicta
1271 1430 1335 1454 sunt
1359 1435 1437 1461 quam
1455 1429 1566 1456 modesti
1581 1430 1694 1459 hominis
1710 1440 1754 1459 co-

961 1468 1045 1504 gitata
1058 1470 1127 1497 ratio
1143 1470 1301 1505 postularet.
1318 1470 1368 1499 llic
1378 1473 1521 1506 nimirum,
1538 1474 1582 1502 hic
1595 1476 1641 1504 ille
1653 1484 1754 1505 succus

962 1514 1092 1550 loliginis.
1114 1515 1182 1543 Puta
1197 1524 1240 1544 me
1260 1518 1341 1545 modo
1355 1518 1388 1546 de
1404 1519 1496 1554 iniqua
1508 1523 1555 1548 tua
1563 1521 1756 1551 criminatione

962 1559 1003 1588 sic
1016 1561 1148 1596 conqueri
1165 1571 1171 1589 :
1187 1561 1254 1595 Quis
1272 1566 1327 1590 tam
1343 1571 1439 1593 vecors
1454 1565 1516 1598 erit,
1534 1571 1564 1594 ut
1578 1568 1626 1603 qui
1642 1568 1755 1598 absumi

964 1606 1067 1641 aliquid
1082 1611 1109 1635 et
1125 1607 1187 1635 l'alsi
1202 1615 1235 1636 ex
1255 1608 1408 1645 cuiuspiam
1425 1611 1552 1646 opinione
1567 1614 1698 1649 consequi
1714 1615 1756 1642 di-

963 1652 1042 1685 xerit,
1059 1653 1093 1680 ab
1106 1660 1139 1680 eo
1157 1653 1315 1682 mendacem
1329 1659 1356 1682 et
1373 1656 1522 1684 absurdum
1538 1658 1668 1693 appellari
1682 1659 1757 1690 dicas

963 1697 1050 1730 illum,
1067 1698 1146 1733 cujus
1170 1699 1207 1727 sit
1230 1698 1343 1735 opinio?
1366 1700 1436 1728 Num
1453 1710 1497 1729 me
1520 1702 1580 1730 ideo
1595 1703 1623 1731 in
1635 1704 1682 1739 jus
1704 1706 1755 1733 ob-

963 1746 1036 1770 torto
1051 1742 1121 1770 collo
1138 1744 1237 1779 rapies,
1254 1745 1328 1780 quod
1348 1750 1375 1773 te
1390 1746 1478 1781 ipsum
1501 1748 1644 1777 vecordem
1667 1751 1757 1779 nomi-

963 1787 1061 1820 narim,
1078 1788 1215 1823 verboque
1231 1790 1368 1818 laeserim?
1386 1791 1467 1827 Atqui
1478 1797 1507 1820 ut
1518 1793 1585 1821 illud
1601 1795 1678 1830 prius
1692 1805 1756 1825 vere

964 1832 1115 1868 meritoque
1132 1833 1257 1861 dicturus
1272 1834 1382 1862 videor:
1403 1835 1443 1863 sic
1456 1837 1571 1864 alterum
1588 1839 1661 1866 istud
1677 1849 1756 1868 usur-

963 1886 1029 1913 pare
1042 1886 1131 1913 nequc
1145 1879 1226 1906 velim
1241 1880 1309 1915 ipse,
1325 1888 1413 1916 neque
1431 1887 1571 1917 propterea
1589 1884 1674 1912 videri
1690 1894 1754 1921 pos-

964 1930 1034 1954 sum,
1053 1922 1125 1957 quod
1148 1923 1226 1957 prius
1245 1924 1372 1951 dixerint.
1397 1924 1445 1951 Est
1466 1925 1538 1952 enim
1554 1927 1639 1957 aliud.
1660 1937 1754 1956 vecor-

965 1968 1025 1995 dem
1043 1968 1179 2003 appellare
1195 1976 1379 2004 quemquam;
1400 1970 1473 1997 aliud
1491 1971 1564 2006 quod
1579 1980 1611 2000 ex
1625 1973 1685 2007 ejus
1696 1983 1759 2003 sen-

965 2014 1048 2041 tentia
1073 2014 1200 2041 concludi
1226 2018 1316 2050 potest
1341 2015 1502 2048 absnrdum,
1525 2017 1598 2052 quod
1626 2019 1684 2054 ipse
1704 2028 1757 2048 non

138 2068 207 2097 ,μ
217 2067 243 2092 α
255 2064 410 2100 opinionem
424 2070 440 2090 η
455 2063 550 2090 morbo
564 2063 771 2091 convaluerint?
784 2064 836 2092 Eos
848 2072 912 2092 vero
928 2069 950 2096 Β
965 2059 1199 2090 animadverterit,
1221 2058 1247 2086 id
1268 2059 1401 2094 proﬁteri,
1419 2061 1543 2099 νςςοιειιὶε
1568 2070 1630 2091 esse
1655 2065 1756 2095 dicere.

139 2107 185 2142 (Ilii
196 2108 225 2138 II
240 2109 399 2146 qritudine
417 2109 545 2144 baptizati
562 2108 661 2141 torem,
677 2116 691 2135 a
706 2109 862 2136 sacerdotio
877 2117 916 2137 re-

139 2151 297 2188 m“.
313 2155 394 2183 docet
406 2162 493 2182 canon
512 2155 558 2183 ille
573 2154 726 2183 Neocaesar.
742 2162 792 2188 xu,
806 2158 832 2183 et
847 2154 914 2182 Cor-

141 2199 218 2229 ιῶυ
229 2206 297 2237 papa
309 2200 394 2235 Epist.
406 2200 441 2227 ad
455 2199 571 2227 Fabium
583 2201 733 2228 Antiochiae
744 2201 914 2236 episcopum,

142 2249 290 2280 ιι-ωιιι
307 2246 381 2283 ηιυά
396 2246 543 2274 Eusebium
562 2247 610 2274 lib.
630 2255 665 2279 VI,
682 2254 742 2282 cap.
757 2247 803 2279 55,
820 2247 866 2274 ubi
882 2247 916 2274 de

143 2287 234 2321 Μ
253 2291 365 2324 scribit,
396 2291 485 2327 ipsum
511 2296 607 2327 prater
633 2299 753 2319 canones
779 2291 914 2319 initiatmn

143 2333 219 2366 ῐιῑιιι
228 2338 382 2367 sacerdotio
405 2347 413 2366 :
439 2338 516 2365 Ἐπεὶ
534 2337 571 2374 μὴ
591 2338 649 2370 ὲεδν
673 2335 707 2373 ἦν
728 2338 775 2364 τὸν
790 2338 818 2364 ὲν
838 2337 917 2374 κλίνῃ

141 2379 261 2412 δάκω
275 2383 470 2420 πριχυθίντι,
483 2383 577 2419 ὥσπερ
589 2384 636 2410 καὶ
652 2380 740 2416 οὗτος,
758 2384 799 2416 εἰς
816 2383 916 2420 κλῆρόν

142 2429 336 2464 τικτινᾷιοιι.
351 2430 487 2464 Quoniam
501 2430 575 2465 nefas
586 2435 642 2458 erat
656 2438 725 2463 eum,
739 2431 785 2464 qui
797 2429 828 2457 ob
846 2438 918 2456 mor-

145 2470 342 2504 hlhiheula
354 2475 478 2512 perfusus
498 2481 547 2507 ut,
564 2475 714 2510 cujusmodi
738 2475 826 2510 fuerat
844 2477 894 2503 iste
909 2496 916 2508 ,

144 2514 179 2544 ἢ-
191 2518 426 2556 “cooptari.
450 2520 615 2557 Disponctor
632 2521 676 2549 hic
691 2521 785 2550 nescio
800 2521 866 2558 quid
884 2521 918 2549 de

145 2564 356 2596 Ma!-
370 2566 462 2604 llngit;
474 2567 552 2603 quasi
563 2567 614 2595 soli
626 2567 654 2599 ii,
668 2569 714 2603 qni
728 2567 918 2597 catechumcni

145 2611 287 2645 ωας-ιι
306 2619 396 2649 eoque
420 2616 494 2642 statu
517 2611 683 2648 baptismum
708 2615 736 2643 in
760 2613 920 2651 aegritudine

178 2694 215 2731 (ι)
224 2694 289 2734 Μ·
301 2697 344 2727 ⁸⁸-

968 2104 1038 2132 Ecce
1060 2108 1089 2132 tu
1103 2112 1164 2140 pag.
1185 2105 1218 2131 Μ
1233 2105 1357 2133 misereri
1373 2110 1399 2133 te
1416 2107 1515 2135 scribis
1531 2109 1595 2143 mei,
1612 2111 1685 2145 quod
1709 2120 1759 2147 ego

966 2158 999 2177 ex
1015 2149 1124 2177 Niceno
1137 2158 1241 2178 canone
1256 2151 1393 2187 colligam,
1405 2152 1470 2179 olim
1485 2153 1512 2180 in
1528 2155 1625 2182 mortis
1637 2156 1760 2190 periculo

967 2195 1185 2230 pmuitentibus,
1221 2194 1344 2230 adeoque
1380 2201 1522 2231 grassante
1550 2200 1758 2233 persecutione.

967 2241 1187 2268 communionem
1206 2249 1267 2269 esse
1284 2248 1455 2269 concessam.
1472 2242 1558 2276 Quam
1581 2248 1608 2271 tu
1628 2253 1675 2280 per
1692 2245 1760 2273 ludi-

968 2287 1057 2314 brium
1082 2287 1172 2322 corpis
1203 2287 1358 2322 opinionem
1385 2295 1494 2321 meam,
1523 2290 1615 2318 nescis
1635 2291 1759 2320 eamdem

968 2333 1063 2365 trium,
1087 2341 1156 2369 quos
1174 2334 1287 2362 honoris
1302 2342 1384 2362 causa
1400 2334 1551 2368 nominavi,
1567 2332 1759 2372 cardinalinm,

968 2386 1000 2405 ac
1012 2378 1130 2406 ﬁdelium
1143 2379 1264 2406 omnium
1282 2379 1415 2408 hactenus
1428 2379 1531 2407 fuisse?
1552 2379 1653 2408 Horum
1670 2386 1696 2410 te
1710 2383 1761 2418 igi-

969 2429 1023 2458 tur,
1046 2425 1159 2459 perinde
1180 2429 1209 2452 ut
1226 2425 1325 2456 nostri,
1348 2426 1479 2454 miseret:
1503 2434 1564 2461 qua:
1581 2434 1632 2454 vox
1648 2435 1710 2456 cum
1727 2436 1761 2457 ex

968 2475 1125 2506 contemptu
1141 2478 1173 2498 ac
1191 2471 1404 2506 reprehensione
1430 2472 1551 2507 proiecta
1568 2473 1613 2505 sit,
1632 2474 1761 2511 intelligis

968 2517 1109 2548 nimirum,
1133 2517 1167 2544 ad
1180 2524 1250 2552 quos
1273 2517 1318 2545 illa
1333 2521 1379 2545 tua
1404 2517 1591 2546 misericordia
1608 2520 1761 2549 cavillatio-

969 2571 1022 2599 que
1034 2562 1177 2598 pertineat.

1006 2610 1094 2644 Atque
1114 2611 1143 2635 ut
1164 2614 1268 2637 semota
1294 2609 1434 2644 paululum
1461 2609 1641 2639 illustrissimi
1664 2615 1692 2640 et
1707 2610 1759 2640 im-

1007 2698 1046 2735 (b)
1060 2698 1124 2734 Pas.
1145 2699 1190 2727 22.

1958 0 1990 1616 i

1993 1857 2014 2048 l
