4028 6220
445 275 558 332 ωδ

1758 255 1935 309 NON.
1973 251 2322 308 PETAVIL'S

3566 254 3671 310 ’624

441 386 769 445 mortalitate
803 378 1106 454 dignissimi
1147 375 1244 430 viri
1298 371 1622 427 auctoritate
1662 378 1714 424 et
1752 368 2009 438 amplitu-
2043 374 2084 428 Α
2118 365 2348 434 probare
2385 377 2467 416 me
2517 377 2624 416 non
2660 371 2820 431 posse
2873 359 2982 414 dixi
3007 401 3020 422 ,
3070 357 3359 414 faciliorem
3401 357 3462 413 ad
3504 375 3668 430 pacem

438 482 587 546 dine,
616 479 683 534 de
725 492 784 531 re
813 475 930 544 ipsa
967 482 1144 525 tecum
1176 467 1470 536 disputem,
1500 478 1614 518 rem
1665 463 1810 516 clare
1843 475 1906 513 ac
1945 458 2026 511 di-

443 571 619 627 lucide
667 562 1069 639 proponendam
1105 573 1226 613 esse
1262 557 1436 627 prius,
1479 554 1735 608 arbitror.
1776 550 2028 620 Scripse-

444 677 555 715 ram
592 653 953 712 Animadvers.
984 665 1107 720 pag.
1138 648 1244 702 236
1271 666 1284 702 :
1317 644 1702 701 Pteuitentiam
1753 641 2027 712 publicam

445 749 610 805 semel
645 754 856 799 tantum
893 740 961 795 ab
995 732 1240 793 Ecclesia
1275 735 1501 789 concedi
1543 733 1740 797 solere,
1776 731 1895 785 sine
1924 743 2031 797 qua

445 848 623 892 tamen
657 850 836 900 nemo,
871 832 962 903 qui
1000 828 1218 901 quidem
1251 841 1314 881 ea
1357 825 1589 880 crimina
1623 821 1989 877 commisisset
2016 857 2032 881 ,

445 929 644 995 quibus
681 921 1013 996 pcenitentim
1037 933 1208 990 genus
1236 915 1365 970 illud
1393 912 1757 983 inlligebatur.
1792 911 1858 963 ad
1887 921 2035 960 cont-

447 1017 762 1073 munionem
797 1009 1009 1065 admitti
1044 1015 1275 1076 poterat.
1312 1003 1386 1056 Ex
1418 1018 1483 1058 eo
1510 1016 1638 1057 vero
1666 996 2032 1070 pcrdillicilem

448 1111 718 1167 exsistere
771 1103 881 1158 dixi
937 1100 1292 1170 quaestionem
1332 1115 1345 1149 :
1387 1093 1517 1164 quid
1568 1093 1676 1148 illis
1723 1089 2036 1146 hominibus

451 1203 654 1256 factum
690 1197 782 1258 sit,
814 1194 906 1265 qui
937 1201 1058 1262 post
1090 1190 1324 1259 priorem
1351 1185 1731 1258 paenitentiam
1758 1182 1814 1235 in
1845 1180 2035 1235 eadem

453 1295 660 1348 scelera
691 1301 886 1343 rursus
916 1280 1303 1338 incurrerent?
1333 1292 1590 1333 verumne
1617 1276 1710 1337 sit,
1746 1273 1815 1328 ab
1847 1271 2037 1324 Eccle-

453 1385 535 1440 sia
564 1383 796 1450 rejectos
835 1377 956 1431 illos
995 1374 1230 1445 penitus.
1269 1386 1368 1425 nec
1406 1371 1472 1423 ad
1499 1369 1764 1438 privatam
1802 1365 2037 1433 aliquam

453 1479 732 1540 receptum
770 1465 1050 1526 habuisse,
1083 1461 1241 1531 cujus
1272 1457 1534 1514 beneﬁcio
1566 1457 1620 1510 in
1655 1457 1924 1521 integrum
1954 1466 2040 1505 re-

456 1563 607 1627 stitui
638 1556 902 1630 possent?
936 1555 1034 1609 llic
1058 1561 1235 1608 status
1263 1549 1652 1604 controversiae
1674 1546 1795 1602 fuit.
1828 1543 1904 1597 De
1927 1557 2035 1613 qua

455 1653 586 1725 quid
631 1666 693 1705 ex
729 1645 926 1717 nuperi
967 1642 1252 1714 cujusdam
1287 1638 1571 1709 scriptoris
1598 1636 1781 1691 verbis
1821 1641 1874 1688 ct
1913 1649 2041 1688 sen-

2128 464 2182 509 ct
2206 452 2697 509 reconciliationem
2726 451 2930 504 aditum
2955 451 3062 504 illis
3082 449 3340 519 patuisse,
3360 449 3447 518 qui
3469 451 3661 519 saepius.

2130 561 2291 616 quam
2341 545 2433 614 qui
2473 543 2638 597 semel
2685 541 2912 596 omnino
2962 549 3300 610 peccassent.
3352 538 3525 609 Neque
3567 556 3675 596 vero

2130 637 2403 707 publicam
2435 636 2578 689 illam
2608 633 3013 702 ptenitentiam,
3058 630 3216 700 cujus
3250 646 3317 685 ex
3351 630 3671 693 Tertulliano,

2132 727 2446 787 Ambrosio,
2471 725 2793 792 ca-terisque
2820 721 3076 777 Patribus
3105 720 3401 774 auctoritas
3427 723 3676 789 repetitur,

2133 817 2399 885 ejusmodi
2443 816 2634 876 fuisse,
2671 822 2727 868 ut
2759 829 2787 866 a
2815 813 3210 882 pmnitentibus
3239 811 3595 874 exambicnda,
3626 827 3676 866 ac

2135 924 2234 978 pro
2258 922 2451 978 magno
2476 906 2739 960 beneﬁcio
2769 904 3132 960 eblandienda
3164 903 3351 969 fuerit;
3391 903 3535 972 quasi
3561 919 3682 973 azgre

2138 999 2285 1052 illius
2317 997 2549 1050 facultas
2585 997 2654 1050 ab
2684 995 2959 1066 episcopis
3002 993 3146 1048 facta
3178 995 3267 1048 sit.
3305 993 3396 1047 Est
3420 994 3551 1047 enim
3585 995 3684 1049 luce

2139 1089 2366 1151 clarius,
2401 1088 2522 1142 illos
2549 1088 2720 1158 ipsos,
2755 1087 2954 1157 quibus
2983 1086 3315 1157 poenitentia
3355 1101 3517 1155 genus
3561 1083 3684 1140 istud

2140 1179 2182 1233 Τ
2187 1180 2538 1242 ertullianus,
2568 1178 2879 1248 Cyprianus
2915 1177 3117 1246 aliique
3153 1183 3477 1246 proponunt,
3505 1175 3564 1228 ad
3593 1187 3687 1243 pte-

2141 1271 2424 1324 nitentiam
2473 1268 2748 1338 publicam
2808 1267 2859 1321 vi
2898 1265 3290 1336 propemodum
3348 1279 3411 1318 ac
3441 1264 3687 1320 severitate

2140 1359 2413 1429 cogendos
2465 1357 2669 1419 fuisse,
2724 1371 2848 1411 cum
2901 1371 3021 1410 eam
3078 1355 3290 1408 amoliri
3339 1369 3401 1408 ac
3442 1353 3687 1423 deprecari

2141 1450 2289 1503 omni
2337 1463 2437 1518 ope
2471 1456 2523 1502 et
2557 1447 2767 1500 ratione
2820 1444 3212 1499 contenderent
3246 1451 3492 1498 :tantum
3525 1443 3686 1506 abest,

2142 1546 2202 1594 ut
2269 1554 2333 1594 ea
2407 1538 2638 1592 multum
2711 1536 3084 1606 ﬂagitantibus
3139 1535 3516 1606 grati-.12.!oco
3578 1548 3690 1587 con-

2144 1645 2299 1685 cessa
2329 1629 2420 1684 sit.

458 1700 626 1799 tentia
659 1700 840 1809 colligi
873 1700 1077 1806 possei,
1107 1733 1272 1786 tacito
1297 1700 1445 1785 illius
1470 1729 1710 1793 nomine,
1738 1725 2039 1794 subjicien-
2074 1700 2118 1753 Β
2214 1717 2332 1772 Νοη
2365 1733 2450 1772 me
2478 1717 2736 1788 praeterit,
2782 1715 3077 1770 nonnullos
3118 1712 3414 1783 aliquando
3443 1718 3694 1782 repertos,

368 1835 371 1837 ’
457 1835 586 1890 dum
637 1830 842 1902 putavi.
878 1825 1154 1895 Tu,quem
1203 1837 1304 1894 ego
1349 1820 1644 1890 prudenter
1684 1824 1738 1872 et
1789 1815 2042 1870 consulto

460 1927 742 1984 silueram,
777 1919 921 1990 quod
963 1917 1108 1970 illius
1133 1913 1445 1984 opinionem
1483 1925 1590 1964 non
1645 1908 1954 1978 probarem,
1987 1914 2046 1960 ut

461 2033 548 2073 me
581 2013 721 2086 apud
756 2013 873 2082 ejus
904 2006 1186 2080 dignitatis
1207 2001 1579 2070 doctrinaeque
1606 1999 1850 2054 fautores
1883 1999 1936 2050 in
1962 1997 2045 2050 in—

461 2109 664 2164 vidiam
705 2104 1030 2162 adduceres,
1081 2112 1274 2169 parum
1323 2094 1541 2164 quidem
1589 2096 1894 2161 opportune
1949 2103 2046 2142 no-

463 2198 707 2256 minasti.
760 2192 918 2261 Quod
975 2190 1178 2245 factum
1231 2201 1392 2241 nemo
1437 2183 1678 2255 prudens
1724 2180 2041 2235 laudaverit.

463 2290 732 2358 Quoniam
766 2287 930 2356 igitur
959 2281 1145 2336 invitis
1171 2294 1235 2333 ac
1263 2274 1685 2332 reclamantibus
1723 2271 1902 2333 nobis,
1949 2285 2045 2323 au-

466 2392 670 2436 ctorem
713 2379 853 2444 ejus,
897 2387 1060 2442 quam
1094 2381 1492 2439 oppugnamus,
1529 2363 1813 2418 sententiae
1858 2360 2044 2429 prodi-

467 2465 628 2530 disti;
658 2478 755 2533 age
799 2460 1105 2520 videamus,
1138 2456 1517 2524 cujuscunque
1551 2449 1771 2507 tandem
1808 2448 1896 2501 illa
1940 2447 2040 2514 sit,

466 2573 627 2630 quam
658 2571 688 2609 a
718 2553 872 2608 nobis
896 2566 1006 2604 non
1035 2547 1261 2619 probata
1290 2545 1483 2599 merito
1515 2542 1695 2596 fuerit.

537 2645 760 2716 Triplex
803 2655 973 2713 genus
1024 2635 1355 2709 paenitentia:
1397 2631 1727 2701 distinguit:
1765 2642 1890 2681 nam
1941 2624 2048 2679 alia

469 2749 551 2798 est
576 2739 815 2812 publica,
849 2734 918 2788 ob
958 2737 1177 2803 peccata
1220 2726 1471 2799 publica;
1513 2721 1617 2775 alia
1658 2721 1887 2790 privata,
1917 2731 2046 2786 pro-

469 2811 591 2906 pter
617 2831 831 2887 occulta
859 2832 1112 2898 peccata;
1155 2821 1309 2876 tertia
1350 2817 1420 2872 ob
1451 2815 1640 2870 eadem
1683 2811 1917 2873 occulta,
1952 2824 2052 2878 pu-

473 2901 615 2981 blice
656 2927 932 2989 suscepta.
965 2915 1246 2969 Postrema
1294 2908 1408 2960 hinc
1441 2920 1548 2958 non
1596 2901 1772 2956 cuivis
1818 2912 1880 2952 ac
1927 2912 2052 2968 pro-

2144 1811 2236 1881 qui
2287 1810 2620 1863 abundantia
2672 1809 2890 1879 pietatis
2932 1807 3257 1876 alllatusque
3300 1807 3464 1860 divini
3502 1848 3514 1871 ,
3561 1819 3697 1874 quem

2145 1903 2262 1956 dari
2293 1902 2361 1956 ab
2393 1900 2655 1967 Ecclesia,
2690 1899 2740 1952 id
2769 1908 2852 1954 est
2910 1899 3204 1969 approbari
3256 1899 3462 1962 dixisti,
3487 1913 3573 1952 eas
3613 1896 3700 1951 sibi

2148 2008 2340 2062 pcenas
2362 2002 2416 2046 et
2443 1992 2723 2045 cruciatus
2750 1991 2891 2044 ultro
2920 1989 3286 2058 deposcerent
3304 1980 3324 2044 ἐ
3354 1989 3548 2059 quique
3573 1987 3704 2042 freno

2147 2083 2350 2152 potius,
2383 2097 2544 2152 quam
2585 2082 2891 2136 calcaribus
2943 2081 3266 2151 indigerent.
3316 2081 3419 2142 Sed
3445 2081 3496 2135 id
3526 2081 3598 2134 uti
3625 2095 3698 2133 ra-

2147 2189 2266 2228 rum
2314 2175 2643 2244 minimeque
2689 2173 3067 2242 quatidianum
3133 2172 3270 2237 fuit,
3330 2174 3404 2226 ita
3447 2173 3701 2242 plerosque

2146 2266 2527 2336 ptenitentium
2563 2273 2774 2319 constat
2820 2264 3018 2319 invitos
3058 2263 3126 2317 ad
3167 2264 3444 2334 publicam
3478 2271 3697 2332 peccato-

2146 2373 2266 2410 rum
2298 2357 2670 2427 paenitentiam
2704 2356 2926 2411 adactos
2959 2355 3148 2420 fuisse,
3182 2355 3248 2410 ad
3297 2370 3520 2425 eamque
3554 2353 3705 2423 preci-

2148 2449 2274 2512 bus,
2324 2449 2508 2513 minis,
2561 2448 2892 2513 hortatibus,
2943 2446 3136 2500 crebra
3173 2455 3227 2500 et
3265 2445 3567 2500 vehementi
3608 2457 3712 2496 ora-

2145 2539 2294 2594 tione
2335 2538 2524 2594 Patrcs
2560 2538 2683 2592 illos
2715 2537 2994 2592 incitasse.
3027 2536 3124 2590 llic
3156 2551 3255 2606 ego
3301 2536 3564 2607 Cypriane
3587 2540 3708 2588 teste

2149 2647 2257 2685 non
2282 2637 2445 2694 utar;
2477 2643 2585 2698 quo
2619 2643 2778 2682 nemo
2809 2629 3027 2698 gravius
3051 2627 3104 2681 id
3132 2627 3280 2696 quod
3319 2627 3462 2693 dico,
3492 2626 3708 2680 luculen-

2149 2721 2370 2790 tiusque
2413 2722 2720 2774 conlirmat.
2765 2718 2930 2773 Plena
2981 2727 3110 2773 sunt
3151 2719 3303 2773 enim
3347 2719 3491 2773 illius
3536 2717 3712 2786 scripta

2151 2811 2624 2868 cohortationibus
2656 2826 2718 2865 ac
2763 2811 3002 2881 querelis
3047 2809 3360 2880 ejusmodi,
3409 2811 3598 2882 quibus
3632 2809 3716 2860 mi-

2153 2920 2306 2959 seros
2327 2905 2452 2964 illos
2475 2903 2540 2956 ad
2569 2901 3004 2972 amplectendam
3031 2901 3457 2972 obeundamque
3480 2901 3718 2971 pmnitcn-

475 3021 684 3073 miscue
722 3019 984 3068 concessa
1013 3023 1026 3072 ;
1061 3018 1160 3059 nec
1188 2999 1420 3068 amplius
1453 2993 1620 3049 semel
1651 2993 1704 3045 in
1743 2989 1890 3044 omni
1919 2991 2048 3042 vita.
2079 3036 2122 3090 ϐ
2155 2997 2306 3059 tiam,
2345 3009 2453 3048 non
2483 2993 2762 3048 blanditiis
2783 3007 2848 3046 ac
2874 2993 3092 3047 lenitate
3118 2993 3350 3058 mulcet,
3385 2993 3478 3047 sed
3501 2991 3714 3046 auctori-

474 3108 550 3160 Ea
582 3118 710 3160 vero
753 3097 959 3170 peccati
1003 3069 1216 3163 culpam
1251 3088 1456 3159 pariter
1484 3099 1548 3138 ac
1588 3095 1802 3153 pmnam
1838 3080 2053 3134 abster—
2079 3069 2122 3090 “¹

475 3195 652 3266 gebat.
691 3169 768 3244 Ad
802 3203 919 3243 eam
953 3197 1116 3255 porro
1149 3176 1560 3238 moderandam,
1614 3169 2054 3240 poenitentiarius

478 3259 568 3340 ille
591 3283 872 3354 presbyter
899 3273 1179 3345 appositus
1202 3275 1340 3330 erat,
1369 3279 1529 3334 quem
1557 3259 1841 3315 Nectarins
1866 3268 2055 3328 postea

477 3351 730 3437 sustulit;
765 3378 817 3424 et
837 3365 1087 3437 ejusdem
1120 3357 1529 3430 abrogationem
1565 3351 1803 3407 Nectarii
1835 3364 2054 3406 succes-

479 3483 571 3523 sor
599 3463 1021 3534 Clirysostomus
1064 3459 1240 3507 ratam
1288 3447 1496 3504 habuit.
1539 3443 1636 3497 llic
1679 3444 1824 3498 enim
1871 3439 2054 3493 audita

481 3560 633 3632 prius
665 3533 1043 3626 poenitentium
1074 3557 1260 3608 causa,
1291 3549 1344 3596 et
1371 3553 1559 3594 eorum
1603 3533 1923 3588 criminibus
1971 3547 2057 3585 se-

479 3628 627 3704 creta
677 3642 1024 3701 confessione
1077 3635 1346 3706 cognitis,
1397 3628 1746 3690 decernebat,
1805 3636 2056 3694 quaenam

481 3740 696 3814 publice
735 3731 1001 3807 proﬁteri,
1046 3744 1166 3800 quae
1203 3738 1382 3782 tacere
1415 3723 1536 3776 illos
1570 3724 1866 3790 oporteret.
1901 3713 2056 3814 Quod

481 3805 700 3904 quidem
729 3805 864 3883 nihil
897 3823 962 3879 ad
991 3820 1330 3892 judicialem,
1364 3815 1466 3868 hoc
1497 3819 1580 3866 est
1606 3805 2055 3864 saeramentalem

482 3897 882 3976 confessionem
905 3913 1165 3985 pertinet,
1194 3909 1289 3964 sed
1321 3906 1387 3960 ad
1428 3919 1568 3968 eam,
1600 3915 1721 3972 qua:
1753 3897 2060 3953 satisfacto-

483 4016 563 4067 ria
595 4010 936 4066 nominatur.
966 4003 1177 4058 Etenim
1220 4002 1368 4070 prior
1395 3997 1486 4050 illa
1518 4001 1727 4052 secreta
1762 3997 1814 4046 ct
1843 3988 2062 4042 auricu-

486 4105 616 4159 laris
655 4112 932 4169 nunquam
967 4095 1221 4162 abrogata
1258 4091 1381 4152 fuit,
1431 4085 1523 4142 sed
1559 4092 1820 4155 perpetuo
1863 4083 1914 4134 in
1954 4078 2061 4132 Ec-

485 4196 654 4251 clesia
693 4187 1083 4262 perseveravit,
1117 4171 1384 4250 hodieque
1411 4183 1740 4248 perseverat.
1767 4172 1889 4226 llzec
1915 4187 1975 4226 su
1988 4185 2062 4222 ‘n-

490 4285 673 4340 matim
714 4287 906 4333 auctor
947 4272 1221 4342 Opinionis
1266 4270 1431 4321 illius.
1467 4265 1509 4316 Δ
1540 4264 1738 4332 quibus
1783 4263 1904 4314 ideo
1944 4262 2060 4313 dis-

2157 3094 2266 3140 tate
2313 3100 2376 3138 ac
2412 3086 2736 3140 necessitate
2776 3084 3096 3154 compellit:
3135 3093 3248 3138 tttm
3290 3100 3482 3140 eorum
3520 3091 3720 3138 cuncta-

2157 3176 2332 3230 tiones
2358 3175 2557 3237 varias,
2597 3191 2659 3230 ac
2699 3176 3178 3245 tergiversationes
3211 3176 3483 3245 increpat,
3517 3174 3720 3230 severis-

2159 3267 2401 3337 simequc
2421 3267 2671 3336 castigat.
2702 3265 2806 3320 Sed
2833 3281 2918 3328 eo,
2945 3280 3009 3318 ac
3044 3265 3271 3335 reliquis
3303 3266 3549 3326 omissis,
3575 3279 3720 3317 unum

2159 3355 2309 3410 illum
2352 3340 2645 3427 proferam,
2688 3355 2846 3424 cujus
2878 3370 3009 3410 voce
3037 3371 3100 3408 ac
3132 3354 3402 3425 sull‘ragio
3443 3362 3626 3408 auctor
3649 3352 3723 3405 ille

2159 3449 2447 3502 contraria:
2475 3447 2747 3518 opinionis
2772 3462 2835 3500 ac
2869 3456 3130 3516 patronus
3172 3446 3412 3511 nititur;
3450 3456 3502 3502 et
3531 3443 3726 3516 quidem

2159 3538 2335 3592 locum
2361 3538 2508 3591 illum
2533 3552 2643 3606 pra:
2671 3537 2883 3590 cmteris
2910 3535 3197 3597 adducam,
3226 3536 3279 3588 in
3306 3553 3418 3606 quo
3443 3537 3509 3589 de
3535 3533 3725 3604 publica

2159 3629 2495 3682 occultorum
2536 3628 2802 3683 scelerum
2836 3627 3150 3697 pmnitentia
3199 3626 3402 3682 fecisse
3445 3627 3604 3682 verba
3637 3639 3726 3678 cre-

2161 3720 2329 3774 ditur.
2372 3718 2743 3775 Tcrtulliauus
2787 3720 2834 3774 is
2876 3719 3019 3782 crit,
3060 3719 3219 3786 cujus
3260 3733 3292 3772 e
3342 3719 3502 3784 libro,
3554 3716 3638 3786 qui
3665 3715 3730 3768 De

2160 3814 2468 3882 paxitcntiu
2520 3813 2858 3875 inscribitur,
2905 3813 3205 3866 sententias
3257 3811 3473 3881 aliquot
3528 3808 3727 3868 attulit,

2163 3921 2300 3976 quas
2325 3903 2393 3958 ad
2426 3905 2568 3958 istud
2619 3904 2888 3973 pertinere
2912 3918 3084 3971 genus
3127 3901 3362 3955 allirmat
3388 3921 3401 3955 :
3434 3901 3575 3955 unde
3605 3910 3654 3953 et
3683 3907 3729 3950 tu

2164 4000 2282 4068 ipse
2296 3997 2554 4051 nonnulla
2574 3995 2908 4064 prompsisti.
2927 3993 3100 4047 Verba
3126 4000 3253 4048 sunt
3284 3994 3493 4048 illiuse
3517 4007 3632 4060 cap.
3659 3989 3688 4042 9
3717 4004 3730 4041 :

2155 4088 2328 4155 Hujus
2364 4087 2525 4156 igitur
2578 4083 2820 4138 secunda:
2851 4093 2901 4135 et
2939 4083 3114 4144 unius,
3150 4091 3349 4148 quanto
3389 4085 3444 4134 in
3483 4094 3628 4134 arcto
3653 4092 3723 4129 ne-

2165 4179 2363 4247 gotium
2395 4187 2492 4238 est,
2533 4184 2677 4228 tanta
2709 4173 2978 4242 operosior
3005 4172 3247 4240 probatio
3274 4184 3378 4234 est,
3418 4182 3476 4224 ut
3513 4187 3611 4223 non
3632 4167 3733 4221 sola

2166 4271 2484 4324 conscientia
2514 4267 2849 4335 proferatur,
2892 4264 2980 4318 sed
3009 4265 3185 4332 aliqua
3217 4265 3382 4316 etiam
3424 4276 3550 4315 actu
3579 4259 3734 4312 admi-

489 4373 785 4434 scnsimus,
823 4363 968 4437 quod
993 4379 1053 4417 cx
1089 4376 1148 4414 ea
1185 4358 1432 4412 doctrina
1465 4361 1723 4422 sequatur
1753 4370 1764 4405 :
1796 4352 1936 4410 illos,
1967 4350 2052 4419 qui

2165 4363 2435 4414 nistretnr.
2492 4359 2619 4412 item
2655 4377 2665 4410 :
2707 4357 2772 4409 Et
2825 4356 3102 4424 temporali
3153 4355 3498 4424 aﬂtictatione
3560 4360 3734 4406 (eterna

489 4463 735 4538 graviora
788 4463 1010 4529 peccata
1068 4445 1650 4518 smpius'itcrassent,
1711 4441 2061 4496 tolerabilitui

489 4531 608 4613 esse
645 4550 974 4612 conditione,
1003 4558 1164 4616 quam
1204 4540 1294 4610 qui
1325 4537 1490 4593 semel
1533 4536 1585 4589 in
1619 4533 1766 4588 omni
1801 4534 1906 4587 vita
1937 4531 2066 4585 deli-

490 4650 757 4722 quissent.
793 4642 925 4697 Nam
970 4635 1287 4710 poenitentia
1331 4630 1546 4702 publica
1573 4636 1680 4680 tam
1723 4625 2064 4696 publicorum

491 4717 652 4812 quam
681 4737 1019 4792 occultorum
1052 4729 1366 4788 criminum,
1399 4721 1564 4777 semel
1591 4720 1850 4774 duntaxat
1883 4720 1934 4769 in
1965 4717 2064 4769 Ec-

492 4835 658 4888 clesia
708 4831 970 4901 permissa
1027 4823 1161 4886 fuit;
1214 4818 1356 4888 quod
1411 4815 1546 4868 adeo
1602 4827 1786 4865 verum
1831 4817 1948 4868 est,
2009 4817 2065 4858 ut

493 4899 814 4996 probatione
858 4933 966 4972 non
1008 4920 1181 4982 egeat.
1213 4910 1506 4979 Fingamus
1538 4905 1719 4975 igitur,
1760 4899 2064 4968 quempiam

494 4989 615 5084 post
640 5011 912 5083 publicam
943 5005 1013 5059 ob
1043 5010 1264 5072 peccata
1298 4998 1512 5067 publica
1544 4996 1625 5048 vel
1649 4993 1858 5045 occulta
1890 4989 2067 5058 pomi-

494 5077 722 5157 tentiam
775 5101 1069 5166 peractam,
1111 5090 1164 5142 in
1212 5088 1400 5141 eadem
1450 5099 1643 5138 rursus
1678 5079 1743 5133 ad
1796 5077 2065 5130 atrociora

495 5191 736 5268 prolabi;
774 5186 900 5257 quid
955 5185 1059 5239 isto
1083 5180 1213 5236 lict?
1261 5177 1317 5232 Si
1361 5177 1670 5247 opinionem
1704 5173 1846 5223 illam
1891 5169 2070 5236 sequi-

497 5263 655 5340 inur:
693 5295 886 5348 nempe
932 5277 998 5330 ad
1026 5273 1294 5329 occultam
1344 5279 1396 5324 et
1434 5266 1794 5322 auricularem
1835 5263 1947 5317 sive
1979 5276 2068 5315 sa-

496 5373 881 5432 cramentaletu
915 5376 1190 5438 receptum
1220 5364 1463 5427 habebit;
1498 5361 1616 5430 qua:
1648 5371 1922 5425 nunquam
1951 5355 2073 5408 sub-

499 5467 628 5531 lata,
654 5475 706 5519 et
740 5464 987 5517 videlicet
1029 5463 1220 5516 iterata
1256 5456 1451 5525 sacpius
1479 5463 1562 5507 est
1590 5470 1601 5504 :
1629 5464 1722 5520 per
1752 5463 1912 5517 quam
1947 5447 2070 5499 bre-

501 5559 650 5612 viore
697 5555 1045 5625 compendio,
1084 5553 1202 5607 sine
1229 5549 1441 5621 publica
1489 5546 1578 5598 illa
1625 5542 1895 5606 molestia,
1947 5553 2070 5591 cum

501 5646 744 5704 Ecclesia
775 5641 1238 5699 rcconciliabitur.
1269 5639 1378 5692 lloc
1405 5635 1567 5704 igitur
1597 5629 1726 5685 illud
1755 5638 1892 5692 erat,
1926 5627 2066 5696 quod

2166 4451 2426 4520 supplicia
2477 4467 2578 4502 non
2624 4450 2796 4500 dicunt
2829 4447 3135 4515 frustretur,
3179 4444 3269 4498 sed
3313 4453 3605 4512 erpungat,
3643 4448 3734 4494 ctc.

2169 4540 2222 4592 lu
2257 4541 2341 4593 his
2372 4548 2425 4592 ct
2449 4539 2569 4591 aliis
2599 4538 2840 4605 ejusdem
2874 4534 3156 4601 scriptoris
3180 4533 3335 4593 locis,
3374 4529 3736 4600 pmnitentiam

2169 4630 2439 4697 publicam
2477 4627 2546 4678 ob
2577 4635 2786 4680 secreta
2832 4633 3050 4694 peccata
3085 4630 3277 4692 sponte
3315 4629 3630 4689 susceptam
3671 4617 3744 4668 in.

2169 4720 2333 4787 telligi
2369 4732 2593 4780 censes;
2637 4734 2810 4785 neque
2843 4729 3085 4775 causam,
3121 4727 3221 4766 cur
3244 4713 3316 4764 ita
3348 4727 3602 4771 censeas,
3636 4722 3744 4775 ape-

2169 4811 2263 4863 ris.
2295 4808 2454 4878 Atqui
2482 4825 2758 4874 nunquam
2787 4807 2914 4861 illud
2940 4806 3170 4876 probare
3197 4805 3425 4873 poteris,
3451 4803 3520 4856 de
3544 4800 3744 4870 publica

2168 4900 2506 4953 occultorum
2566 4900 2856 4952 criminum
2912 4897 3123 4966 magis,
3183 4909 3345 4964 quam
3409 4894 3744 4963 publicorum

2170 4992 2512 5060 pmttitentia,
2545 4991 2691 5060 loqui
2724 4988 3142 5042 Tertullianum.
3173 4985 3346 5055 llujus
3375 4986 3525 5038 enim
3559 4980 3745 5041 oratio,

2172 5091 2229 5135 ut
2259 5091 2310 5136 et
2339 5083 2618 5151 Cypriani,
2646 5083 2711 5136 de
2739 5081 2982 5151 qualibet
3014 5079 3232 5149 publica
3268 5076 3598 5145 pcenitentia
3641 5086 3748 5141 pro-

2171 5171 2340 5234 cedit;
2375 5179 2428 5224 et
2460 5171 2630 5225 solius
2659 5179 2742 5224 est
2775 5169 3009 5232 arbitrii,
3050 5183 3158 5223 non
3195 5167 3443 5226 rationis,
3475 5180 3588 5218 non
3630 5175 3749 5216 con-

2167 5263 2392 5330 jectura:
2419 5262 2609 5315 saltem
2658 5263 2966 5328 levissitnm,
2995 5262 3139 5330 quod
3174 5260 3238 5312 ad
3271 5258 3496 5312 tertium
3532 5253 3662 5308 illud
3693 5264 3750 5302 ex

2173 5355 2369 5417 tribus,
2416 5370 2534 5423 quae
2575 5371 2736 5423 supra
2773 5355 3183 5425 proposuimus,
3219 5349 3561 5421 paenitentiae
3600 5358 3752 5416 gene-

2176 5445 2358 5507 ribus,
2395 5443 2714 5498 Tertulliani
2757 5447 2874 5500 loca
2919 5447 3008 5498 illa
3043 5444 3390 5511 rcstriugitis.
3430 5439 3646 5491 Amabo
3680 5444 3753 5489 te.

2175 5535 2310 5589 doce
2345 5551 2465 5598 nos,
2504 5536 2701 5604 quibus
2739 5537 3080 5607 argumentis
3113 5536 3283 5587 fretus
3323 5546 3426 5586 non
3459 5543 3626 5582 omne
3660 5538 3752 5594 pu-

2177 5627 2328 5681 blicze
2358 5627 2691 5696 poenitentiae
2722 5643 2894 5697 genus
2923 5627 3215 5696 intelligas,
3236 5624 3328 5680 sed
3355 5621 3502 5678 illam
3527 5626 3753 5676 areano-
