4028 6220
389 202 466 260 (:93

1484 197 1851 255 ADV‘ERSUS
1891 197 2052 256 ΜΛΤ.
2103 199 2456 260 ειΜῡΝιυΜ.

3493 215 3599 272 6‘26

375 338 470 378 nun
513 318 799 373 criminum
848 317 1167 373 nominatim
1216 317 1476 388 excipias.
1525 319 1723 376 Verum
1779 337 1876 389 age
1905 364 1918 387 ,
1952 325 1995 380 Δ
2024 321 2220 392 d‘gnus
2270 332 2372 378 est.
2415 323 2510 390 Te,
2559 324 2648 394 qui
2700 323 2763 377 ad
2813 323 2998 380 eadem
3047 326 3286 395 prudens
3327 343 3388 382 ac
3421 331 3603 384 εοῖριις

368 411 669 468 concedatur
698 410 803 464 hoc
843 411 959 475 tibi,
995 408 1138 480 quod
1169 410 1336 479 gratis
1368 412 1626 473 allii-mas,
1654 412 1766 483 jam
1805 414 1914 467 tuis

367 513 413 560 te
444 504 611 559 verbis
657 519 720 558 ac
751 502 1019 557 sententia
1061 503 1400 556 convincam.
1439 502 1555 556 Non
1603 509 1804 558 temere
1837 505 1917 560 ais

365 600 452 669 (α)
474 595 844 667 penitentiam
888 596 1056 658 illam,
1087 593 1154 648 de
1191 609 1296 664 qua
1327 594 1697 649 Tertullianus
1731 595 1801 649 ibi
1834 595 1915 649 lo-

364 691 544 758 quitur,
574 686 859 741 indultam.
892 684 1088 750 Quzero
1109 684 1206 740 abs
1229 692 1302 751 te,
1330 684 1524 753 ecquid
1550 685 1613 738 ad
1646 685 1915 754 publicam

363 782 490 833 illam
533 777 873 831 occultorum
917 775 1294 844 ptenitentiam
1336 775 1455 845 cogi
1490 775 1784 845 potuerint,
1839 791 1923 829 re-

363 885 577 939 veraque
610 869 784 923 coacti
826 868 956 930 sint,
991 866 1083 937 qui
1123 881 1231 921 non
1271 866 1488 936 publice
1542 866 1921 936 deliquissent.

364 961 534 1015 L'trum
573 962 720 1016 voles
746 961 901 1028 elige.
934 957 989 1012 Si
1015 969 1236 1014 coactos
1264 957 1488 1023 dixeris,
1522 959 1601 1014 sic
1630 968 1687 1012 ut
1722 960 1926 1028 absque

360 1054 558 1122 publica
603 1053 694 1106 illa
743 1050 1120 1106 satisfactione
1168 1050 1513 1104 reconciliari
1562 1051 1785 1106 minime
1835 1067 1927 1121 po-

359 1147 575 1199 tucrint:
614 1144 888 1213 quomodo
919 1159 1029 1198 non
1057 1152 1262 1198 temere
1294 1143 1433 1199 dicis
1466 1133 1754 1211 indultam,
1782 1147 1928 1216 quod

359 1245 496 1290 tanto
531 1235 802 1290 beneflcio
854 1235 1184 1304 pteniteutes
1234 1235 1510 1304 alliceret,
1567 1232 1625 1291 ut
1677 1239 1826 1307 ipsos
1875 1241 1928 1294 in

357 1342 467 1380 cum
495 1324 747 1395 gradum,
791 1340 951 1395 quem
994 1325 1266 1395 baptismo
1307 1329 1588 1384 consecuti
1633 1338 1809 1395 erant,
1847 1332 1931 1384 in-

359 1415 612 1484 legritaiis
638 1414 1073 1485 innocentiaeque
1094 1417 1410 1472 revocaret?
1445 1419 1656 1484 Quibus
1688 1422 1930 1475 auctoris

358 1506 522 1560 verbis
580 1507 804 1575 tuisque
846 1508 980 1563 satis
1014 1508 1340 1574 ostenditur,
1377 1517 1571 1578 sponte
1603 1525 1631 1563 a
1663 1511 1931 1580 paeniten-

357 1596 487 1649 tibus
510 1595 879 1659 ambieudam,
896 1604 948 1652 ct
971 1598 1160 1667 grati:e
1178 1598 1297 1652 loco
1317 1599 1712 1668 impetrandam
1740 1600 1928 1665 fuisse,

2025 413 2320 480 oll‘eudisti,
2362 417 2405 469 si
2456 424 2633 470 tamen
2683 415 3155 485 animadverteris,
3197 434 3468 475 excusare
3515 437 3605 475 vix

2021 522 2264 574 possunt.
2306 506 2488 580 Neque
2531 517 2709 560 tamen
2753 508 3042 563 inciviliter
3075 518 3129 564 et
3168 510 3463 567 inhumane
3493 520 3604 566 tra-

2022 596 2239 662 ducam,
2282 605 2375 652 aut
2426 597 2690 651 vecordem
2725 598 3025 667 appellabo,
3066 609 3122 654 ut
3150 602 3252 656 boc
3273 601 3450 672 ipsum
3479 618 3604 659 sen-

2025 687 2148 751 tias,
2192 699 2405 756 quantae
2457 689 2732 742 modestiae
2783 687 2873 752 sit,
2920 704 3082 758 quam
3137 697 3194 743 tu
3247 691 3378 744 mihi
3424 691 3607 746 detra.

2025 778 2130 841 his,
2169 795 2292 834 cum
2343 796 2411 834 ne
2462 795 2491 832 a
2537 789 2588 834 te
2623 779 2839 848 quidem
2886 781 3020 833 adeo
3062 788 3255 849 praeter
3291 782 3382 850 jus
3416 796 3481 835 ac
3512 781 3608 836 de-

2027 886 2214 924 corum
2242 887 2402 925 omne
2435 872 2723 926 lacessitus
2753 878 2805 923 ct
2837 870 3177 939 dispunctus,
3215 888 3517 942 repungere
3543 886 3608 927 ac

2030 962 2376 1016 maledictum
2417 972 2470 1016 et
2499 964 2884 1018 contumeliam
2916 979 3179 1032 reponere
3211 963 3495 1019 voluerim.

2101 1051 2174 1106 De
2204 1053 2442 1122 perjurio
2475 1054 2548 1124 (b)
2580 1070 2686 1108 non
2721 1056 2939 1124 penitus
2992 1055 3400 1118 allirmaveram,
3430 1056 3608 1111 nullas

2033 1162 2062 1200 a
2109 1147 2413 1202 canonibus
2446 1162 2636 1216 poenas
2681 1147 2758 1200 illi
2801 1147 3149 1210 constitutas,
3178 1149 3272 1202 sed
3321 1163 3414 1204 eas
3437 1137 3608 1202 [solas

2034 1240 2260 1310 intelligi
2311 1241 2579 1305 volebam,
2628 1256 2747 1311 quae
2807 1241 2977 1296 laicos
3032 1242 3360 1310 obligarent;
3410 1244 3609 1313 quibus

2033 1330 2348 1398 poenitentia
2405 1330 2643 1398 publica,
2685 1345 2792 1383 non
2839 1330 3076 1391 clericis,
3106 1333 3419 1400 przescripta
3468 1333 3607 1385 fuit:

2034 1427 2145 1472 tum
2191 1418 2257 1472 de
2296 1419 2484 1486 primis
2524 1417 2779 1473 Ecclesiae
2821 1405 3154 1488 temporibus
3196 1420 3490 1489 loquebar;
3543 1421 3609 1478 ad

2032 1524 2153 1578 qu<e
2177 1508 2464 1578 disciplina
2489 1509 2598 1573 illa,
2631 1510 2700 1563 de
2727 1525 2829 1579 qua
2859 1525 3045 1564 sermo
3070 1517 3207 1572 erat,
3237 1510 3453 1578 proprie
3487 1525 3610 1580 per-

2035 1600 2187 1653 tinet.
2236 1599 2419 1668 Itaque
2467 1599 2808 1656 Tiburiensis
2853 1601 2942 1654 ille
2983 1615 3156 1653 canon
3190 1601 3400 1654 alienus
3433 1607 3512 1654 est
3543 1600 3612 1653 ab

358 1702 446 1740 nec
495 1688 691 1743 iisdem
738 1697 915 1742 tamen
967 1690 1280 1758 petentibus
1337 1700 1538 1746 temere
1584 1708 1926 1750 concessam.

2035 1691 2136 1745 boc
2169 1692 2403 1762 negotio,
2432 1708 2541 1747 non
2567 1693 2742 1746 solum
2783 1692 2908 1762 quia
2951 1692 3018 1746 de
3059 1692 3194 1747 'solis
3233 1691 3446 1746 clericis
3474 1705 3613 1760 prte-

359 1777 501 1831 iiedii
546 1795 684 1849 ergo
724 1781 972 1849 superior
1017 1782 1107 1834 illa
1158 1782 1422 1851 quaestio:
1454 1783 1589 1852 quid
1637 1783 1704 1839 iis
1741 1792 1927 1854 postea

358 1869 571 1933 factum,
601 1872 646 1927 si
671 1883 793 1942 post
810 1873 1081 1942 publicam
1105 1874 1478 1942 paenitentiam
1502 1874 1689 1929 eadem
1716 1877 1927 1930 occulta

355 1957 774 2019 committerent,
824 1960 894 2014 ob
945 1974 1066 2030 quae
1116 1961 1300 2030 priore
1348 1963 1459 2027 illa,
1503 1977 1606 2017 nec
1656 1964 1926 2028 iteranda,

354 2046 581 2100 damnati
619 2047 858 2102 fuerant.

417 2137 468 2189 Si
509 2141 662 2192 enim
711 2139 1004 2193 auriculari
1039 2139 1405 2207 confessione,
1446 2149 1501 2198 et
1542 2153 1771 2205 secreta,
1808 2161 1929 2215 qua:

355 2238 559 2298 propter
590 2231 808 2284 occulta
833 2238 1054 2301 peccata
1083 2233 1402 2302 suscipitur,
1430 2248 1658 2303 quaeque
1688 2235 1928 2290 secunda

353 2327 426 2370 est
462 2321 523 2374 de
573 2321 775 2386 tribus,
814 2322 1135 2392 poenitentia
1191 2322 1414 2392 defungi
1461 2323 1698 2388 licuerit,
1751 2341 1930 2382 nonne

355 2411 704 2465 telerabiliori
738 2413 1052 2468 conditione
1093 2413 1325 2470 fuissent
1357 2415 1414 2480 ii,
1445 2416 1539 2486 qui
1573 2415 1774 2486 saepius
1804 2417 1932 2470 hor—

354 2503 505 2556 renda
541 2504 665 2567 illa,
703 2504 796 2558 sed
827 2505 1039 2559 occulta
1070 2506 1277 2560 scelera
1316 2515 1736 2575 perpetrassent,
1766 2523 1927 2582 quam

355 2594 435 2660 qui
476 2595 652 2649 semel
693 2595 748 2648 in
791 2595 976 2650 eadem
1014 2596 1412 2650 incurrissent?
1441 2597 1650 2667 Quippe
1681 2613 1803 2652 cum
1837 2599 1929 2653 isti

355 2699 450 2738 non
482 2686 610 2741 sine
640 2686 934 2741 multorum
966 2701 1234 2741 annorum
1259 2688 1505 2741 cruciatu
1541 2703 1606 2742 ac
1639 2689 1927 2758 supplicio,

356 2789 524 2840 pacem
559 2792 632 2830 ac
663 2777 1159 2831 reconciliationem
1195 2778 1418 2842 fuerint,
1450 2792 1549 2832 nec
1579 2778 1736 2832 aliter
1767 2795 1929 2848 quam

352 2865 552 2932 publica
589 2868 934 2936 poenitentia,
960 2869 1264 2933 consecuti,
1298 2869 1372 2922 illi
1410 2877 1760 2939 posteaquam
1792 2871 1931 2926 banc

351 2955 618 3020 obierant,
669 2964 891 3012 secretze
936 2958 1268 3026 paenitentiae
1312 2956 1573 3012 beneficio
1625 2959 1928 3029 expeditam

355 3049 486 3101 illam
516 3065 584 3104 ac
611 3051 910 3119 parabilem
943 3050 1253 3105 habuerint.
1296 3051 1393 3104 Sin
1437 3058 1540 3116 est,
1579 3061 1636 3105 ut
1664 3053 1729 3106 ad
1762 3053 1934 3121 publi-

349 3153 456 3188 eam
484 3139 868 3206 paenitentiam
910 3138 1030 3208 cogi
1071 3154 1179 3192 non
1229 3139 1524 3209 potuerint,
1557 3140 1651 3194 sed
1680 3142 1932 3209 precario

354 3227 522 3293 potius
555 3228 713 3282 illius
753 3236 1075 3297 potestatem
1123 3228 1553 3297 impetraverint,
1600 3245 1700 3284 cur
1743 3231 1796 3286 in
1842 3232 1933 3286 illo

349 3319 458 3386 ipso
490 3318 572 3374 De
617 3320 922 3388 plenitentia
964 3321 1101 3375 libro
1130 3318 1500 3375 Tertullianus
1536 3328 1643 3374 tam
1690 3321 1936 3392 impense

348 3409 410 3460 ad
451 3425 570 3463 eam
615 3409 1006 3478 capessendam
1039 3410 1288 3464 hortatus
1339 3411 1456 3465 est?
1498 3426 1597 3465 cur
1646 3412 1935 3482 plerosque

347 3501 698 3569 tergiversari
727 3517 788 3555 ac
830 3501 1086 3572 defugere
1132 3501 1416 3571 queritur?
1445 3517 1543 3556 cur
1579 3505 1840 3573 exemplis
1881 3512 1936 3558 et

354 3594 678 3659 rationibus,
716 3601 774 3646 ut
803 3593 891 3648 illa
925 3595 1090 3650 velint
1126 3595 1224 3658 uti,
1277 3603 1385 3648 tam
1418 3596 1576 3650 enixe
1612 3597 1935 3665 persuadet?

345 3679 472 3736 Nam
505 3690 642 3754 post
693 3683 803 3743 illa.
839 3699 958 3753 qua:
997 3692 1156 3739 antea
1197 3685 1381 3750 citavi,
1433 3687 1616 3740 statim
1667 3687 1887 3757 subjicit
1919 3709 1931 3745 :

348 3769 641 3844 Plerosque
671 3785 843 3827 tamen
873 3775 967 3828 hoc
997 3792 1147 3845 opus,
1180 3784 1238 3829 ut
1263 3776 1669 3845 publicationem
1704 3781 1808 3842 sui,
1843 3791 1934 3834 aut

343 3863 637 3934 sit/fugere,
669 3874 761 3917 aut
793 3867 856 3918 de
891 3867 978 3920 die
1012 3867 1066 3919 in
1101 3867 1238 3920 diem
1269 3868 1482 3937 di/ferre
1517 3885 1801 3938 praesumo,
1838 3890 1937 3941 pu-

341 3955 483 4008 doris
517 3959 696 4027 magis
729 3975 978 4012 memores
1027 3975 1183 4027 quam
1219 3959 1433 4013 salutis.
1472 3959 1624 4014 Facit
1663 3962 1850 4016 codem
1882 3970 1934 4018 et

341 4045 430 4102 ille
453 4049 640 4113 locus,
665 4064 824 4117 quem
849 4058 1042 4102 auctor
1065 4048 1290 4102 adduxit
1320 4066 1349 4105 e
1377 4051 1700 4105 duodecimo
1725 4051 1931 4120 capite:

344 4137 517 4207 Igitur
552 4157 680 4195 cum
707 4142 866 4204 scias,
902 4141 1148 4195 adversus
1176 4142 1462 4211 gehennam
1493 4153 1610 4211 post
1638 4145 1810 4210 prima
1839 4145 1936 4198 illa

343 4233 680 4287 intinctionis
716 4233 1004 4288 Dominicw
1038 4237 1380 4299 monimenta,
1412 4253 1522 4290 esse
1551 4237 1721 4291 adhuc
1757 4240 1808 4292 in
1841 4255 1932 4292 cx-

2030 1783 2241 1847 scribit,
2283 1799 2522 1852 quorum,
2564 1785 2777 1854 publica
2819 1784 3134 1853 paenitentia
3188 1799 3296 1838 non
3344 1783 3480 1847 fuit,
3519 1782 3613 1837 sed

2028 1877 2191 1930 ctiam
2225 1877 2351 1946 quia
2383 1877 2718 1946 temporibus
2761 1877 2868 1930 illis
2919 1877 3191 1931 recentior
3226 1885 3328 1932 est.
3361 1875 3438 1929 Ex
3467 1876 3612 1930 anti-

2028 1967 2150 2034 quis
2201 1982 2331 2021 sane
2370 1968 2672 2022 canonibus
2715 1967 2918 2033 nullus,
2963 1969 3054 2036 qui
3105 1967 3324 2036 quidem
3373 1967 3614 2036 probatae

2031 2054 2151 2108 fidei
2181 2065 2346 2120 esset,
2383 2056 2726 2120 occurrebat,
2760 2056 2853 2125 qui
2885 2057 3200 2109 nominatim
3230 2055 3470 2124 perjurio
3499 2071 3612 2126 poe-

2029 2161 2129 2200 nas
2159 2145 2474 2200 deccrncret
2508 2164 2519 2199 :
2552 2162 2728 2216 neque
2760 2147 2810 2202 id
2847 2155 3028 2200 tamen
3067 2154 3216 2201 certo
3245 2145 3613 2216 aliirmathuc

2028 2235 2162 2298 dixi,
2207 2235 2303 2291 sed
2357 2236 2411 2290 in
2446 2237 2749 2306 exemplum
2800 2246 3008 2292 tantum
3060 2239 3213 2292 attuli
3261 2247 3609 2308 peccatorum

2026 2325 2293 2397 gravium,
2322 2327 2521 2396 quibus
2552 2330 2830 2381 canonica:
2872 2328 3033 2382 nullae
3082 2342 3256 2397 prensa
3303 2329 3613 2383 constituta:

2028 2417 2299 2473 videntur.
2353 2417 2577 2475 Poteras
2640 2419 2966 2474 llerdensem
3019 2435 3284 2474 canonem
3343 2421 3374 2472 7
3437 2419 3610 2475 Tibu-

2029 2509 2197 2564 riensi
2229 2509 2295 2563 ad
2330 2511 2668 2580 propositum
2706 2518 2860 2564 tuum
2894 2510 3154 2580 aptiorem
3183 2509 3454 2581 proferre;
3491 2527 3612 2564 nam

2031 2600 2124 2670 qui
2157 2615 2222 2654 ex
2265 2599 2524 2654 Gratiano
2573 2609 2625 2655 et
2672 2600 2834 2656 lvone
2887 2614 3407 2666 commemorantur,
3447 2603 3616 2675 Euty-

2031 2689 2211 2743 cbiani
2242 2690 2327 2743 vel
2361 2689 2584 2744 Fabiani
2613 2706 2783 2759 papa),
2813 2700 2943 2756 etc.,
2992 2692 3146 2761 longe
3177 2693 3445 2747 citerioris
3477 2692 3617 2746 anti-

2033 2778 2255 2848 quitatis
2285 2779 2554 2833 videntur.
2595 2779 2815 2842 Verum,
2850 2780 2927 2832 uti
2967 2779 3098 2841 dixi,
3132 2779 3197 2833 de
3242 2795 3304 2833 ea
3353 2795 3408 2833 re
3448 2782 3615 2834 nolim

2034 2868 2325 2924 admodum
2357 2885 2619 2939 pugnare.
2658 2869 2721 2923 Et
2754 2869 2864 2923 licri
2895 2878 3092 2938 potest,
3121 2876 3179 2921 ut
3208 2884 3383 2922 canon
3417 2868 3616 2937 aliquis

2035 2975 2199 3029 super
2236 2974 2298 3014 ea
2344 2975 2403 3014 re
2437 2960 2704 3014 νειυδῑίοι·
2747 2966 3021 3023 occurrat,
3054 2975 3215 3029 quem
3266 2965 3460 3013 neuter
3514 2973 3614 3012 ΠΟ-

2036 3059 2204 3104 strum
2241 3049 2704 3105 animadverterit.
2792 3081 2798 3087 -

2650 3160 2876 3216 CAPUT
2911 3159 2998 3215 Ν.

2037 3251 2398 3318 Dispunctoris
2426 3261 2604 3306 errata
2636 3250 2739 3303 duo
2776 3253 3117 3320 castigantur.
3145 3247 3364 3303 Consuli
3388 3266 3620 3305 nonnun-

2195 3339 2354 3391 quam
2389 3339 2420 3373 a
2449 3331 2636 3374 senatu
2666 3321 2919 3373 ntandata
2953 3321 3174 3388 qua'stio
3200 3321 3463 3388 capitalis.

2106 3413 2280 3483 Caput
2333 3421 2485 3466 tuum
2534 3422 2788 3482 quartum
2839 3411 3054 3465 duabus
3099 3410 3622 3465 ballucinationibus

2035 3509 2117 3556 est
2147 3504 2394 3574 insigne:
2430 3503 2602 3572 prima
2626 3510 2707 3556 est
2741 3518 2862 3573 pag.
2899 3501 2989 3566 26,
3022 3501 3111 3554 ubi
3144 3512 3431 3570 postquam
3460 3517 3621 3571 argu-

2037 3596 2165 3647 tiam
2224 3609 2399 3649 meam
2460 3593 2702 3657 illusisti,
2755 3593 2917 3646 verba
2976 3593 3080 3645 ista
3127 3591 3406 3646 Socratis:
3450 3591 3516 3642 Ἦ
3563 3590 3622 3642 δὲ

2036 3685 2173 3755 γυνὴ
2227 3684 2593 3755 προϐαίνουσα
2639 3685 2730 3737 καὶ
2790 3682 2918 3737 ἄλλο
2967 3685 3212 3752 πταῖσμα
3255 3681 3452 3750 ἑαυτῆς
3489 3698 3622 3735 κατ-

2037 3778 2247 3846 ηγόρει,
2288 3791 2567 3844 perperam
2614 3775 3003 3844 interpretatus
3051 3790 3129 3828 cs.
3178 3772 3283 3827 Sed
3326 3776 3486 3826 verba
3529 3781 3620 3826 ttta

2038 3876 2256 3936 praestat
2304 3867 2490 3920 audire
2528 3885 2539 3918 :
2583 3871 2711 3920 Haec
2755 3865 2928 3927 verba,
2975 3865 3174 3932 inquis,
3209 3865 3622 3932 interpretantur

2038 3960 2320 4027 (nimirum
2367 3959 2639 4017 Petavius)
2673 3977 2684 4010 :
2720 3957 2846 4009 Ila-c
2886 3957 3094 4020 mulier,
3139 3973 3256 4009 cum
3301 3959 3350 4009 :‘n
3383 3957 3621 4011 obeunda

2034 4053 2336 4119 paenitentia
2381 4051 2582 4121 longius
2610 4048 2930 4118 procederet,
2967 4049 3190 4101 alterum
3231 4047 3378 4117 nefas
3410 4048 3621 4100 interim

2037 4144 2319 4207 commisit,
2350 4153 2399 4196 et
2447 4143 2667 4196 subinde
2699 4141 3006 4195 declaravit.
3054 4141 3119 4192 At
3164 4149 3348 4193 contra
3392 4141 3620 4208 oportuit

2040 4235 2105 4304 (si
2137 4236 2345 4289 verbum
2393 4235 2541 4289 verbo
2582 4234 2792 4288 reddere
2833 4233 2929 4302 ﬁdi
2982 4236 3287 4301 interpretes
3337 4232 3574 4301 velimus)
3600 4247 3620 4285 .'

340 4325 676 4398 ltomologesi
707 4328 936 4381 secunda
967 4328 1225 4393 subsidia,
1272 4347 1366 4384 cur
1405 4333 1631 4386 salutem
1661 4345 1806 4388 tuam
1845 4334 1934 4388 de-
1967 4337 2007 4390 D
2040 4325 2168 4380 Haec
2203 4328 2390 4381 mulier
2416 4328 2741 4393 exorbitans,
2780 4328 2884 4379 sire
2937 4327 3344 4395 transgrediens,
3374 4336 3421 4380 et
3471 4326 3620 4380 aliud

342 4417 517 4472 seris?
568 4434 669 4472 cur
709 4433 885 4470 cessas
932 4417 1144 4487 aggredi
1193 4419 1331 4488 quod
1383 4421 1522 4474 scias
1567 4420 1761 4474 mederi
1803 4421 1938 4477 tibi?

341 4507 586 4572 Apparet
618 4509 761 4572 inde,
794 4510 839 4564 si
873 4509 941 4564 de
989 4510 1207 4578 publica
1246 4518 1580 4563 secretorum
1617 4512 1934 4579 poenitentia

338 4611 522 4650 sermo
549 4605 660 4662 est,
692 4614 798 4652 non
834 4613 953 4653 eam
983 4598 1230 4653 beneficii
1274 4599 1448 4655 instar
1481 4602 1657 4669 spisse
1707 4615 1770 4653 ac
1797 4601 1935 4653 dilli-

333 4685 521 4740 dliter
555 4689 845 4754 indultum,
887 4690 980 4745 sed
1013 4691 1094 4745 vel
1146 4692 1330 4747 invitis
1360 4691 1595 4745 oblatam
1629 4691 1820 4756 fuisse,
1860 4693 1904 4748 si

337 4778 568 4844 quidem
605 4796 730 4834 cum
772 4780 1017 4836 Ecclesia
1066 4783 1456 4838 reconciliandi
1489 4784 1700 4840 forent:
1729 4801 1852 4839 nam
1886 4787 1932 4839 si

334 4871 502 4924 aliter
536 4881 597 4925 et
631 4888 725 4943 per
754 4873 1017 4942 privatam
1063 4875 1438 4943 paenitentiam
1480 4884 1722 4944 possent,
1771 4891 1933 4930 accu-

338 4960 502 5012 sandi
550 4977 658 5014 non
690 4972 869 5026 erant,
917 4964 962 5018 si
1011 4963 1254 5019 faciliore
1298 4965 1404 5018 isto
1444 4965 1684 5019 remedio
1715 4965 1933 5035 defungi

338 5053 601 5113 mallent,
627 5071 789 5124 quam
834 5055 927 5109 illo
960 5055 1057 5118 uti,
1104 5071 1212 5109 non
1261 5057 1574 5124 Operosiore
1625 5055 1805 5120 modo,
1838 5057 1933 5110 sed

337 5140 514 5194 etiam
552 5143 696 5211 quod
728 5160 836 5197 non
868 5154 1070 5199 temere
1100 5160 1276 5212 neque
1303 5146 1458 5201 facile
1487 5146 1557 5202 ab
1584 5147 1855 5216 episcopis
1881 5157 1935 5200 et

339 5234 734 5290 sarxnlrttibus
795 5237 1075 5306 impetrari
1125 5252 1286 5305 posse
1339 5239 1765 5310 cognoscerent?
1810 5237 1934 5293 llaec

339 5325 633 5393 παράδοξα
663 5339 716 5382 et
748 5330 924 5383 ἄτοπα
957 5346 1062 5382 non
1102 5329 1249 5382 illttm
1300 5337 1636 5395 commisisse
1667 5334 1798 5397 dixi,
1839 5329 1931 5402 qui

335 5411 596 5469 fortasse
645 5435 752 5473 non
802 5419 1282 5474 animadverterit:
1345 5421 1528 5510 itaque
1579 5425 1934 5490 excusatione

415 5589 500 5654 (α)
537 5587 665 5655 Ρὶὶέ.
709 5591 790 5646 18.

2035 4431 2303 4486 peccatum
2326 4435 2479 4471 sunnt
2514 4427 2761 4481 accusat;
2794 4419 2922 4472 dictt
2959 4423 3117 4485 enim,
3158 4418 3414 4487 quomodo
3446 4435 3620 4472 sccum

2035 4508 2303 4561 dormiens
2334 4508 2520 4574 fuisset
2565 4507 2812 4560 Ecclesia
2841 4507 3119 4560 diaconus.
3152 4505 3298 4560 itane
3337 4522 3443 4561 vox
3489 4525 3624 4576 προ-

2034 4599 2258 4661 ϐαίνειν,
2293 4599 2336 4653 si
2372 4599 2594 4650 verbum
2635 4598 2802 4650 verbo
2832 4598 3059 4651 reddere
3093 4597 3248 4659 velis,
3320 4597 3622 4651 exorbitare

2035 4705 2096 4745 ac
2127 4688 2423 4759 transgredi
2453 4688 2757 4757 significat;
2799 4695 2890 4740 aut
2932 4687 3074 4740 idem
3115 4699 3198 4740 est
3244 4687 3388 4754 quod
3438 4704 3620 4756 παριο

2035 4781 2278 4835 ϐαίνεινῖ
2303 4781 2425 4849 quis
2455 4794 2645 4833 novam
2676 4781 2817 4831 hanc
2844 4777 3254 4846 grammaticam
3297 4776 3466 4830 ferat?
3495 4795 3621 4848 προ-

2035 4873 2237 4926 ϐαίνειν
2272 4880 2418 4926 recte
2456 4880 2510 4926 ct
2549 4871 2616 4924 ab
2663 4869 3053 4940 interpretibus
3105 4875 3158 4922 et
3200 4883 3230 4920 a
3270 4869 3428 4923 nobis
3463 4884 3620 4922 acce-

2036 4973 2185 5033 ptum
2224 4971 2307 5018 est
2344 4978 2440 5033 pro
2492 4978 2578 5022 eo,
2623 4962 2766 5031 quod
2805 4969 2887 5016 est
2931 4959 3169 5030 progredi
3214 4975 3276 5012 ac
3323 4957 3616 5027 procedere.

2037 5053 2214 5108 Unum
2241 5053 2372 5107 illud
2397 5055 2449 5106 in
2473 5052 2970 5120 ChristOpborsnno
2990 5052 3113 5118 jure
3139 5049 3440 5117 displicuit,
3473 5049 3617 5117 quod

2034 5161 2064 5198 e
2129 5160 2230 5198 suo
2286 5144 2612 5198 vocabulum
2671 5143 2889 5211 adjecit,
2944 5143 2994 5193 in
3043 5139 3355 5208 ctutﬁtendo.
3405 5138 3621 5194 Puta-vit

2035 5237 2313 5290 mulierem
2354 5236 2404 5288 in
2454 5235 2664 5304 publica
2722 5233 3067 5288 confessione
3118 5232 3346 5286 dicenda
3390 5231 3620 5287 tacenda

2036 5329 2305 5395 vulgasse,
2357 5331 2410 5377 ct
2455 5324 2661 5377 crimen
2716 5323 2843 5376 illud
2906 5321 3106 5375 infame
3157 5321 3298 5375 inter
3335 5321 3439 5375 alia
3495 5336 3619 5391 pro-

2036 5418 2275 5479 fessum;
2320 5414 2463 5484 quod
2516 5429 2688 5484 neque
2728 5430 2909 5470 verum
2965 5424 3064 5487 est,
3103 5429 3276 5481 neque
3329 5414 3379 5466 iu
3430 5413 3618 5476 Grato!)

2109 5596 2182 5660 (b)
2212 5592 2344 5660 l‘ag.
2382 5595 2470 5650 2‘2.
