4028 6220
499 208 602 271 ου

497 336 828 393 continetur.
861 335 975 393 Hoc
1000 338 1235 410 primum
1264 345 1346 394 est
1383 335 1798 408 grammaticum
1833 336 2076 407 σφάλμα.

568 427 726 481 Aliud
752 439 992 486 erratum
1035 437 1186 485 tuum
1216 446 1229 484 :
1264 445 1384 500 pag.
1414 428 1483 483 29
1536 430 1715 500 carpis
1748 429 1901 495 illud,
1926 428 2071 499 quod

498 533 598 593 ego
628 519 892 586 dixeram,
934 534 963 573 a
998 528 1187 575 senatu
1222 521 1506 577 consulum
1536 520 1713 585 alteri,
1744 521 2075 577 ambobusve

497 610 810 678 capitalium
844 625 1134 664 causarum
1166 609 1531 679 cognitionem
1568 625 1690 666 esse
1737 610 2071 673 mandatam,

497 709 786 772 antequam
830 701 1045 771 publica
1076 703 1302 772 quaastio
1342 705 1784 757 constitueretur.
1834 701 1958 755 Non
1999 702 2075 757 ita

496 808 551 845 se
581 808 661 846 res
691 792 864 855 habet,
887 793 1088 863 inquis.
1117 792 1343 847 Senatus
1374 811 1641 863 nunquam
1660 792 1962 848 consulibus
1996 809 2074 846 re-

497 892 616 936 rum
643 885 950 953 capitalium
969 886 1312 957 cognitionem
1345 887 1626 941 commisit.
1650 885 1805 951 Quod
1833 894 1887 939 tu
1917 885 2075 940 dein-

495 989 624 1044 ceps
652 976 718 1028 ad
753 975 911 1031 finem
945 978 1139 1048 capitis
1186 993 1358 1049 usque
1403 977 1625 1048 probas.
1658 975 1724 1030 Et
1762 977 1868 1040 hic,
1891 979 1936 1032 si
1955 975 2076 1045 qui-

473 1066 615 1120 tdem
656 1067 1038 1137 εἰρωνεύεσθαι
1070 1078 1123 1123 et
1160 1069 1400 1123 cavillari
1446 1069 1664 1131 scirem,
1697 1074 1792 1121 aut
1828 1067 1934 1123 nisi
1976 1082 2078 1138 pu-

493 1157 708 1212 dentior
746 1160 1153 1232 modestiorque
1197 1176 1375 1216 essem
1402 1176 1566 1231 quam
1603 1171 1659 1216 tu
1697 1176 1784 1217 me
1815 1174 1937 1215 esse
1970 1159 2074 1226 vis,

491 1248 688 1303 bellam
732 1249 867 1305 mihi
905 1251 1131 1320 jocandi
1174 1252 1458 1306 materiam
1500 1253 1763 1308 obtulisti.
1807 1249 1959 1306 Unus
1988 1248 2078 1305 Ci—

494 1356 622 1396 cero
652 1341 888 1409 docebit,
919 1358 1081 1413 quam
1115 1351 1260 1399 recte
1292 1344 1395 1399 ista
1444 1344 1754 1414 scripseris.
1809 1341 1995 1397 Refert
2030 1341 2077 1396 is

492 1428 549 1487 in
574 1448 639 1489 eo
668 1433 827 1500 libro,
858 1436 948 1505 qui
977 1434 1051 1490 De
1089 1436 1250 1490 claris
1280 1436 1581 1490 oratoribus
1607 1435 1946 1498 inscribitur,
1985 1432 2076 1487 ubi

494 1522 564 1579 de
595 1524 761 1581 Lalio
783 1534 837 1581 et
870 1526 1038 1581 Galba
1071 1527 1382 1583 oratoribus
1407 1528 1537 1598 agit,
1567 1528 1696 1598 quid
1734 1526 1928 1581 Publio
1958 1523 2079 1579 Sci-

494 1615 657 1684 pione
691 1626 743 1672 et
771 1615 835 1673 D.
867 1616 1035 1677 Bruto
1072 1633 1217 1674 coss.
1269 1617 1456 1674 Romae
1500 1628 1711 1689 gestum
1756 1620 1847 1683 sit,
1878 1619 1932 1672 in
1964 1618 2078 1671 haec

495 1708 702 1764 verba:
742 1706 885 1763 Nam
938 1725 1054 1764 cum
1100 1709 1156 1765 in
1187 1710 1321 1765 silva
1366 1727 1467 1765 sua
1505 1711 1597 1782 (al.
1645 1709 1887 1779 Scantia)
1928 1709 2077 1778 facta

491 1802 660 1858 cwdes
698 1814 851 1869 esset,
891 1805 1100 1873 notique
1137 1804 1371 1859 homines
1412 1803 1694 1873 interfecti,
1738 1802 2077 1857 insimulare-

492 1904 679 1962 turque
712 1893 944 1964 familia,
986 1895 1185 1963 partim
1231 1896 1394 1950 etiam
1441 1894 1593 1950 liberi
1637 1894 1903 1950 societatis
1936 1893 2073 1962 ejus,

489 2000 606 2055 quae
629 1984 889 2053 picearias
916 1985 981 2040 de
1010 1984 1075 2039 P.
1108 1985 1372 2053 Cornelio,
1406 1984 1469 2039 L.
1495 1985 1753 2039 Mummio
1783 2000 1920 2039 coss.
1952 1982 2073 2038 red-

487 2077 720 2146 emisset,
745 2077 1031 2134 decrevisse
1060 2088 1322 2142 senatnm,
1354 2087 1411 2131 ut
1438 2095 1500 2134 ea
1531 2079 1594 2133 de
1628 2095 1681 2133 re
1709 2086 2075 2149 cognoscerent

487 2174 539 2219 et
570 2178 860 2227 statuerent
893 2170 1153 2225 consules.
1185 2170 1321 2225 Cum
1364 2170 1457 2224 illa
1496 2170 1563 2226 de
1608 2178 1799 2226 senatu
1831 2169 2076 2224 Romano

488 2266 542 2314 et
566 2260 887 2315 consulibus
927 2261 982 2315 iu
1014 2262 1321 2333 exemplum
1361 2261 1751 2317 ecclesiasticas
1779 2268 2078 2316 consuetu-

488 2347 634 2402 dinis
673 2347 943 2415 affet-rem,
970 2349 1252 2405 Ciceronis
1306 2350 1482 2405 locum
1519 2350 1670 2403 illum
1705 2349 1970 2403 habebam
2019 2347 2077 2402 in

488 2437 711 2504 animo;
746 2454 924 2507 neque
958 2438 1031 2491 ita
1058 2439 1188 2492 mihi
1212 2454 1590 2510 persuaseram
1617 2457 1630 2493 :
1659 2454 1690 2493 a
1724 2448 1916 2493 senatu
1955 2452 2077 2507 per-

491 2533 654 2597 petuo
687 2528 1005 2583 consulibus
1048 2536 1142 2583 aut
1187 2529 1305 2584 sine
1333 2545 1459 2599 pop.
1505 2528 1665 2582 Rom.
1702 2530 1859 2598 jussu
1906 2528 2076 2585 fuisse

490 2618 828 2683 mandatum,
861 2620 954 2673 sed
988 2619 1134 2691 quod
1180 2619 1235 2673 id
1287 2619 1581 2689 aliquando
1620 2619 1960 2691 contigisset,
2005 2618 2074 2675 ad

488 2710 798 2779 exemplum
830 2711 963 2767 satis
1008 2725 1132 2767 esse
1166 2711 1317 2767 duxi.
1363 2712 1432 2764 At
1477 2719 1537 2767 tu
1573 2727 1813 2782 prmceps
1848 2711 1902 2766 in
1926 2710 2074 2765 aliud

488 2809 793 2859 extremum
828 2803 1130 2868 ineurristi,
1159 2810 1218 2857 ut
1253 2804 1548 2873 generatim
1590 2804 1945 2874 pronuntiare
1973 2817 2073 2858 au-

488 2894 685 2949 deres:
731 2904 972 2951 senatum
1017 2884 1283 2964 nunquam
1321 2893 1623 2948 consulibus
1670 2912 1844 2949 rerum
1875 2896 2073 2965 capita-

492 2986 624 3040 lium
653 2987 1000 3058 cognitionem
1034 2985 1380 3040 commisisse.

563 3077 669 3133 Sed
718 3085 777 3132 ut
816 3077 884 3132 ad
916 3072 1303 3133 'Nectarianam
1342 3077 1490 3132 illam
1524 3077 1806 3134 historiam
1834 3076 2074 3144 redeam,

490 3170 724 3226 obsecro
769 3179 974 3238 te,quo
1020 3177 1360 3239 argumento,
1408 3184 1515 3238 qua
1568 3169 1884 3237 conjectura
1916 3169 2078 3225 nixus

490 3260 779 3316 mulierem
826 3260 987 3315 istam
1035 3261 1092 3315 in
1134 3260 1482 3317 confessione
1528 3261 1746 3330 publica
1791 3259 2076 3315 infandum

492 3351 627 3406 illud
648 3351 913 3421 flagitium
938 3352 1253 3423 propalasse
1283 3351 1568 3407 defendis?
1593 3350 1766 3419 Quem
1796 3359 2075 3406 auctorem

490 3443 779 3499 nominas?
802 3442 937 3497 Nam
961 3443 1215 3501 Socrates
1239 3453 1294 3503 et
1318 3444 1676 3509 Sozomenus,
1697 3444 1841 3500 unde
1862 3444 1974 3498 hac
2001 3443 2078 3497 hi-

441 3529 451 3540 ’
490 3534 661 3593 Storia
690 3535 949 3599 manavit,
977 3535 1111 3589 nihil
1137 3536 1243 3591 tale
1268 3541 1713 3592 commemorant.
1741 3534 1851 3590 Cur
1880 3534 1976 3589 tibi
1997 3534 2077 3592 sic

491 3630 617 3687 illos
648 3631 994 3703 interpretari
1018 3633 1219 3699 licebit,
1252 3640 1312 3687 ut
1349 3648 1415 3687 ex
1450 3643 1628 3689 mente
1660 3638 1772 3695 tua,
1797 3630 1940 3702 quod
1966 3646 2075 3686 non

491 3738 751 3795 expresse
774 3722 1038 3791 referunt,
1065 3724 1286 3794 affingas
1310 3732 1366 3781 ct
1380 3733 1601 3780 attexas
1626 3740 1641 3789 ;
1669 3724 1828 3779 nobis
1858 3738 2077 3779 eorum-

491 3814 615 3871 dem
640 3814 803 3870 verba
825 3815 1164 3886 simpliciter,
1183 3824 1237 3871 et
1263 3815 1562 3872 secundum
1591 3816 1828 3870 nativam
1858 3814 2073 3869 illorum

488 3905 598 3960 vim
616 3907 861 3976 accipere
879 3915 1041 3977 atque
1057 3906 1329 3979 explicare
1346 3907 1500 3962 nefas
1520 3906 1657 3961 erit?
1674 3906 1853 3973 Quare
1870 3905 2077 3961 diutius

490 3998 547 4055 in
571 3999 875 4054 refutandis
894 4000 1012 4055 istis
1037 4016 1143 4055 non
1167 4001 1517 4055 morabimur.
1543 3999 1616 4053 De
1635 4014 1843 4054 canone
1860 4008 2078 4054 conten-

489 4090 630 4151 tiosa
663 4105 749 4144 res
772 4097 876 4154 est,
898 4106 1075 4160 neque
1113 4092 1260 4161 quod
1301 4091 1383 4148 vis
1414 4090 1513 4164 (α),
1567 4089 1815 4160 ingratiis
1862 4089 2076 4143 obtine-

488 4179 595 4237 bis.
640 4178 775 4234 Nam
807 4188 862 4236 et
893 4181 1123 4235 subinde
1168 4182 1365 4235 κανόνα
1403 4198 1500 4252 pro
1540 4182 1653 4251 lege
1695 4190 1749 4235 et
1792 4179 2076 4235 sanctione

491 4268 743 4337 Sumpsit,
768 4283 889 4322 cum
927 4269 1149 4336 subjicit
1177 4286 1190 4323 :
1220 4265 1387 4332 Οὗτος
1414 4272 1443 4322 ὁ
1470 4268 1650 4323 κανὼν
1678 4272 1872 4340 κρατεῖ
1911 4268 2073 4340 μέχρι

490 4360 586 4413 νῦν
612 4360 671 4412 ὲν
708 4361 828 4421 ταῖς
853 4358 1037 4421 ἄλλαις
1071 4361 1339 4430 αἱρέσεσι.

1121 4468 1352 4525 CAPUT
1377 4470 1439 4525 γ.

490 4562 570 4621 De
597 4562 807 4635 publica
836 4564 1180 4633 confessione,
1210 4581 1325 4635 qua:
1356 4564 1506 4619 nulla
1546 4565 1699 4634 vulgo
1733 4566 1964 4620 moribus
1990 4583 2072 4619 re-

562 4644 738 4706 cepta.
772 4632 960 4706 Leonis
1008 4649 1158 4706 papa:
1217 4632 1511 4691 auctoritas
1564 4632 1834 4706 perperam
1872 4638 1928 4693 in
1956 4636 2071 4692 dis-

562 4705 956 4772 punctiunculis
995 4705 1207 4775 accepta
1236 4705 1334 4777 (b).

561 4818 844 4875 Publicam
887 4831 1236 4891 peccatorum
1283 4822 1684 4879 confessionem
1718 4824 1793 4878 ita
1825 4826 2070 4883 moribus

490 4910 749 4965 Ecclesiae
780 4919 1051 4981 receptam
1098 4911 1269 4967 fuisse
1319 4913 1371 4966 in
1407 4912 1649 4967 Diatriba
1695 4931 1977 4986 negamus,
2012 4928 2072 4974 ut

494 4998 548 5054 id
584 5000 699 5071 lege
731 5000 838 5054 ulla
868 5000 1265 5066 ecclesiastica,
1298 5010 1392 5056 aut
1416 5018 1479 5057 ea
1509 5007 2070 5078 consuetudine,qua3

494 5091 549 5145 in
585 5092 755 5163 legem
778 5092 1399 5155 abiisset,constitutum
1428 5094 1612 5151 fuerit.
1647 5096 1719 5151 De
1745 5114 1852 5170 qua
1882 5116 2067 5163 renon

492 5196 556 5236 ea
587 5190 848 5254 repetam,
877 5198 997 5255 qua:
1041 5184 1257 5254 plenius
1303 5185 1415 5241 illic
1457 5188 1788 5260 uberiusque
1833 5201 2068 5247 tractata

491 5281 640 5329 sunt.
680 5273 1010 5349 Dispunctor
1057 5293 1184 5333 vero
1228 5285 1438 5347 noster,
1470 5298 1594 5339 cum
1620 5282 1689 5339 de
1722 5299 1781 5342 re
1821 5288 1941 5359 ipsa
1972 5300 2069 5343 no-

675 5537 799 5608 l’ag.
830 5542 918 5595 27.

560 5536 641 5660 Sa)
675 5537 799 5608 Pag.
830 5542 917 5595 27.

586 5603 634 5662 ὓ)
669 5604 795 5676 Pag.
831 5610 917 5664 3|.

1824 210 2008 273 DION.
2048 209 2396 271 PETAVIUS
2439 272 2443 276 .

3607 232 3697 290 623

2111 335 2157 393 Α
2184 332 2393 387 biscum
2415 335 2616 390 sentire
2640 350 2698 393 se
2735 336 3056 407 profiteatur
3091 337 3163 410 (ε)
3196 339 3337 413 (nam
3374 340 3526 412 legem
3557 344 3695 402 ullam

2183 427 2240 478 in
2280 423 2522 483 Ecclesia
2566 426 2728 479 latam
2762 442 2883 482 esse
2913 443 3021 482 non
3052 436 3225 498 putat,
3262 444 3378 498 quae
3408 438 3603 499 peccata
3619 448 3695 501 pu-

2187 516 2327 571 blice
2351 515 2580 587 proferri
2633 518 2925 588 jusserit),
2972 525 3152 574 tamen
3200 521 3365 574 tacito
3391 528 3441 575 et
3461 514 3695 588 illitterato

2183 625 2455 667 consensu
2512 612 2892 682 episcoporum
2960 613 3233 668 laudatam
3298 614 3549 684 ejusmodi
3591 635 3698 675 con-

2182 700 2528 756 suetudinem
2560 716 2684 757 esse
2727 701 3022 773 pertendit.
3056 701 3165 758 Nec
3191 704 3580 774 animadvertit,
3611 710 3701 779 pri-

2182 807 2331 846 mum
2370 792 2423 847 id
2453 801 2647 849 contra
2696 808 2797 849 nos
2849 793 3027 849 facere
3055 795 3209 861 nihil,
3249 796 3342 865 qui
3387 795 3452 852 de
3498 798 3603 868 lege
3636 801 3703 854 vel

2182 896 2439 951 expressa
2471 883 2557 937 vel
2588 883 2756 938 tacita
2779 883 2946 938 locuti
2969 899 3192 950 sumus;
3220 886 3415 940 deinde
3431 901 3531 940 non
3553 888 3703 943 minus

2185 970 2262 1035 id,
2302 973 2449 1043 quod
2478 975 2696 1038 asserit,
2730 974 2907 1030 sancti
2946 973 3166 1042 Leonis,
3196 983 3251 1030 et
3275 976 3565 1031 Tridentiui
3594 992 3706 1031 con-

2184 1064 2296 1118 cilii
2328 1066 2511 1121 verbis
2539 1074 2594 1121 et
2622 1066 2940 1121 auctoritati
2962 1066 3249 1137 refragari.
3281 1067 3340 1122 D.
3365 1067 3470 1122 Leo
3491 1069 3632 1138 epist.
3650 1068 3705 1122 80

2184 1155 2457 1225 publicam
2494 1156 2641 1209 illam
2676 1166 3025 1227 peccatorum
3053 1156 3465 1225 professionem,
3494 1172 3637 1226 quam
3664 1157 3706 1210 in

2186 1251 2387 1320 angulo
2410 1251 2645 1320 quodam
2692 1249 2858 1307 Italiae
2890 1252 3145 1321 usurpari
3187 1252 3452 1313 audierat,
3491 1267 3723 1319 prmum:

2184 1345 2413 1414 ptionem
2448 1351 2633 1397 contra
2663 1343 3011 1411 apostolicam
3042 1343 3280 1413 regulam
3313 1341 3554 1412 appellat,
3580 1356 3709 1409 quant

2186 1452 2350 1505 nuper
2389 1435 2654 1505 agnoverit
2699 1452 2734 1488 a
2786 1433 3102 1506 quibusdam
3160 1434 3355 1488 illicita
3414 1432 3710 1499 usurpatione

2186 1527 2465 1589 committi.
2515 1526 2668 1583 Scire
2717 1526 2898 1595 velim,
2953 1541 3061 1597 qua
3091 1534 3150 1581 tu
3180 1526 3389 1583 ratione
3418 1523 3709 1587 contendas,

2188 1617 2461 1673 laudatam
2499 1617 2881 1689 episcoporum
2912 1631 3207 1683 consensu,
3236 1617 3340 1672 hoc
3360 1624 3461 1679 est.
3491 1614 3711 1671 Ecclesia:

2182 1707 2509 1762 auctoritate
2562 1706 2993 1776 comprobatam,
3052 1706 3505 1775 prwsumptionem
3551 1703 3710 1766 ullam,

2182 1814 2298 1870 qua:
2326 1807 2511 1852 contra
2542 1796 2888 1868 apostolicam
2920 1796 3155 1868 regulam
3191 1796 3379 1851 illicita
3416 1794 3714 1864 usurpatione

2182 1890 2467 1944 commissa
2508 1889 2599 1943 sit.
2648 1884 2787 1942 Tum
2833 1887 2878 1943 si
2909 1902 3019 1942 non
3067 1886 3207 1943 satis
3249 1885 3491 1941 consulte
3530 1884 3714 1954 publica

2182 1987 2552 2052 peccatorum,
2595 1980 2760 2035 etiam
2800 1992 3152 2044 arcanorum,
3188 1976 3461 2033 confessio
3498 1976 3603 2047 lege
3636 1973 3716 2026 ali-

2180 2087 2286 2142 qua
2326 2070 2609 2142 praescribi
2663 2070 2923 2140 potuerit,
2957 2076 3020 2123 ut
3061 2083 3129 2122 ex
3183 2067 3488 2123 Tridentini
3524 2064 3715 2120 concilii

2181 2164 2385 2228 verbis,
2428 2164 2696 2235 probante
2745 2170 2818 2228 te,
2872 2160 3219 2232 colligimus;
3287 2174 3464 2215 nonne
3504 2158 3635 2229 paris
3671 2164 3714 2209 et

2180 2255 2428 2326 ejusdem
2481 2252 2866 2325 imprudentiae
2909 2267 3033 2309 esse
3071 2251 3374 2317 videbitur,
3407 2250 3547 2303 illam
3571 2247 3715 2318 ipsam

2180 2347 2395 2417 publice
2429 2345 2721 2402 confitendi
2747 2344 3197 2400 consuetudinem
3245 2358 3356 2399 non
3396 2342 3609 2396 tolerare
3640 2350 3716 2391 so.

2178 2433 2333 2500 lum;
2363 2434 2509 2505 quod
2563 2450 2630 2489 ne
2681 2434 2860 2504 ipsum
2891 2433 3110 2506 quidem
3162 2440 3362 2489 contra
3398 2428 3714 2503 apostolicam

2181 2526 2423 2595 regulam
2454 2542 2517 2580 ac
2553 2527 2899 2596 prudentiam
2934 2527 3218 2581 tolerabile
3267 2526 3355 2590 sit,
3374 2523 3463 2580 sed
3479 2522 3717 2577 asciscere

2179 2616 2345 2672 etiam
2383 2630 2446 2671 ac
2468 2616 2728 2673 laudare?
2757 2616 3030 2689 Quidquid
3068 2617 3460 2671 auctoritatum
3490 2625 3716 2669 accumu-

2177 2706 2280 2771 las,
2313 2706 2389 2761 uti
2422 2706 2694 2777 publicam
2717 2714 3067 2777 peccatorum
3085 2703 3489 2760 confessionem
3510 2706 3715 2759 astruas.

2177 2797 2315 2852 nihil
2369 2806 2672 2868 promovet.
2727 2797 2934 2853 Horum
2977 2797 3178 2869 quippe
3209 2796 3413 2867 partim
3435 2792 3497 2847 de
3528 2786 3716 2860 publica

2178 2888 2272 2943 illa
2324 2886 2665 2957 professione
2711 2888 3034 2957 loquuntur,
3099 2901 3220 2956 quae
3274 2901 3381 2941 non
3440 2891 3542 2937 tam
3585 2890 3717 2939 voce.

2104 3016 2148 3079 ρ
2181 2999 2343 3055 quam
2370 2982 2529 3038 factis
2560 2982 2788 3052 ipsis,et
2814 2981 3001 3036 habitu
3023 2979 3431 3079 pusuitentium,
3450 2991 3511 3029 ac
3532 2974 3718 3079 luctuo-

2180 3074 2258 3129 sis
2286 3073 2541 3129 sordibus
2578 3070 2912 3136 continetur,
2944 3067 3220 3140 quomodo
3238 3076 3295 3123 et
3316 3059 3718 3131 exhomologesin

2179 3164 2434 3236 usurpari
2482 3163 2731 3229 scimus;
2780 3162 2979 3231 partim
3011 3160 3141 3232 quid
3173 3156 3468 3230 aliquando
3518 3164 3568 3209 et
3613 3163 3718 3204 raro

2177 3264 2387 3329 gestum
2416 3256 2508 3319 sit,
2540 3270 2649 3311 non
2676 3253 2805 3324 quid
2863 3254 3000 3323 lege,
3040 3252 3124 3309 vel
3148 3250 3431 3306 communi
3458 3258 3509 3304 et
3530 3243 3716 3300 laudata

2178 3347 2575 3404 consuetudine
2619 3347 2897 3404 sancitum
2925 3344 3113 3412 fuerit,
3154 3343 3476 3400 ostendunt.
3507 3338 3641 3393 Adde
3669 3340 3716 3389 et

2178 3443 2451 3513 publicam
2495 3440 2817 3496 nonnullam
2859 3439 3029 3495 fuisse
3054 3435 3481 3497 confessionem,
3508 3445 3605 3503 qua
3637 3442 3716 3498 ge-

2179 3532 2412 3587 neratim
2442 3542 2495 3587 et
2525 3532 2782 3587 universe
2802 3537 3122 3603 peceatores
3155 3542 3215 3583 se
3254 3543 3379 3584 esse
3406 3526 3678 3580 faterentur
3704 3534 3717 3571 :

2178 3624 2485 3693 cujusmodi
2528 3636 2687 3696 typus
2741 3631 2827 3679 est
2879 3622 2969 3677 ille
3027 3620 3419 3681 confessionis,
3467 3628 3613 3688 quem
3661 3623 3719 3663 cx

2179 3716 2407 3773 solemni
2463 3723 2519 3771 et
2572 3715 2812 3786 legitima
2842 3713 3094 3783 formula,
3127 3712 3183 3767 in
3210 3714 3335 3784 ipso
3372 3712 3543 3767 Missa:
3566 3705 3718 3765 aditu.

2178 3818 2457 3880 praeeunte
2506 3809 2815 3871 sacerdote,
2850 3808 3087 3878 populus
3121 3809 3390 3877 concipit.
3427 3804 3545 3858 llaec
3572 3808 3722 3870 pauca

2177 3905 2224 3958 si
2255 3902 2543 3973 diligenter
2571 3902 2953 3965 observentur,
2988 3900 3054 3953 ad
3088 3896 3528 3969 interpretandas
3556 3900 3722 3946 aucto-

2178 3994 2369 4050 ritates
2402 3994 2547 4058 illas,
2581 4008 2718 4062 quas
2746 3990 2949 4047 frustra
2975 3990 3249 4070 congeris,
3282 4004 3355 4045 ac
3386 3983 3625 4043 diluenda
3642 3990 3720 4033 tua

2176 4086 2360 4142 omnia
2391 4086 2529 4141 satis
2567 4085 2763 4140 idonea
2796 4091 2947 4139 sunt.
2984 4085 3046 4138 In
3070 4066 3269 4139 Leonis
3296 4077 3602 4138 testimonio
3628 4087 3721 4128 non

2176 4180 2353 4251 placet
2379 4179 2484 4234 ista
2513 4178 2765 4233 collectio
2789 4218 2802 4232 .
2822 4178 2961 4232 Cum
2995 4184 3180 4232 tantus
3199 4173 3445 4244 pontifex
3476 4170 3718 4242 publicam

2175 4271 2573 4326 confessionem
2646 4269 3106 4337 prwsumptionem
3163 4275 3357 4319 contra
3405 4259 3719 4333 apostolicam

2097 4343 2145 4401 Β
2176 4363 2434 4433 regulam,
2456 4362 2739 4433 etquidem
2755 4362 3001 4415 illicitum
3016 4359 3269 4431 appellet,
3292 4357 3421 4413 inde
3442 4348 3716 4412 concludis,

2172 4464 2385 4525 peccata
2430 4456 2589 4509 etiam
2646 4454 2854 4507 occulta
2900 4454 3206 4522 paznitentes
3249 4449 3491 4519 conﬁteri
3536 4443 3717 4502 solitos.

2173 4550 2249 4604 uel
2282 4565 2347 4604 ea:
2379 4550 2473 4603 hoc
2489 4549 2603 4604 loco
2634 4558 2832 4616 patere.
2858 4548 2941 4603 An
2978 4561 3087 4601 non
3126 4543 3244 4599 dixi
3270 4544 3492 4615 saepius,
3522 4551 3626 4593 non
3650 4533 3717 4588 sic

2173 4657 2205 4696 a
2240 4657 2327 4697 me
2376 4641 2649 4711 publicam
2682 4640 2869 4711 negari
2914 4637 3339 4701 confessionem,
3386 4641 3444 4689 ut
3480 4646 3541 4688 ea
3594 4639 3720 4682 nun-

2173 4753 2336 4808 quam
2366 4742 2625 4804 usurpata
2649 4734 2741 4798 sit,
2783 4731 2879 4789 sed
2911 4732 2993 4788 sic
3020 4738 3081 4788 ut
3117 4731 3233 4799 lege
3258 4730 3433 4793 nulla,
3464 4725 3547 4781 vel
3574 4718 3719 4776 tacita

2174 4832 2256 4887 vel
2307 4843 2587 4899 expressa,
2640 4834 2887 4895 recepta,
2940 4834 2994 4881 et
3040 4822 3436 4894 ptenitentibus
3486 4810 3717 4884 imposita

2177 4924 2377 4980 fuerit?
2413 4921 2615 4979 Deinde
2649 4920 2846 4975 Leonis
2886 4919 3048 4975 verba
3090 4918 3315 4987 legeres,
3342 4923 3397 4971 et
3426 4908 3719 4967 considera-

2174 5032 2262 5071 res
2295 5016 2576 5071 attentius.
2611 5011 2730 5069 Non
2771 5011 2987 5076 scribit,
3025 5010 3149 5064 olim
3171 5004 3622 5076 prmumptionem
3656 4992 3717 5048 il-

2175 5110 2282 5162 lam
2317 5110 2394 5164 sic
2426 5117 2705 5175 receptam,
2736 5115 2793 5158 ut
2823 5105 2876 5158 in
2926 5100 3351 5158 consuetudinem
3402 5094 3604 5155 abierit,
3634 5083 3717 5143 sed

2172 5216 2227 5253 se
2249 5213 2413 5266 nuper
2449 5196 2720 5267 agnovisse
2762 5194 2916 5257 dicit,
2950 5192 3088 5265 quod
3126 5209 3159 5245 a
3190 5188 3505 5262 quibusdam
3543 5179 3717 5236 illicita

2172 5287 2516 5357 usurpatione
2567 5288 2999 5342 committeretur.
3043 5283 3174 5350 Qum
3220 5282 3402 5345 verba,
3444 5288 3619 5345 nuper,
3648 5274 3713 5331 δι’»

2348 5545 2475 5617 Pag.
2507 5548 2591 5602 55.
