4028 6220
390 236 487 294 629

1515 252 1882 314 ADVERSUS
1910 258 2074 315 MAT.
2117 259 2448 320 SIMONIUM

3517 283 3626 341 630

380 368 413 450 τι
443 349 780 417 quibusdam,
810 368 919 409 non
950 357 1181 413 suadent
1218 368 1455 418 veterem
1494 374 1549 421 et
1587 370 1774 425 multis
1797 372 1956 427 annis
1987 377 2030 433 A
2061 374 2299 430 librosve
2327 376 2665 431 distinctam.
2702 376 2836 433 Nam
2870 379 2963 450 qui
2990 388 3046 437 tu
3088 382 3303 440 tandem
3330 385 3445 443 haec
3475 390 3625 448 illius

374 438 707 510 ignoratam,
734 453 826 499 aut
853 446 1253 505 dissimulatum
1276 454 1444 511 fuisse
1474 460 1948 519 consuetudinem.

373 528 447 584 Et
477 533 706 589 omnino
752 538 924 606 gratis
957 543 1201 607 argutari
1232 553 1337 610 est,
1361 560 1425 601 ex
1455 547 1558 604 hoc
1588 550 1785 608 Leonis
1833 554 1954 611 loco

372 621 613 691 publicas
660 626 1031 686 confessionis
1076 632 1266 699 ritum,
1295 636 1461 692 etiam
1484 654 1811 698 arcanorum
1840 646 1953 700 cri-

370 714 611 780 minum,
645 717 785 773 velle
808 722 1165 791 comprobare
1200 745 1213 781 :
1246 741 1404 796 quem
1434 730 1528 799 qui
1560 738 1720 788 tacito
1746 736 1953 803 episcoo

367 821 567 873 porum
624 824 882 866 consensu
921 814 1200 871 laudatum
1229 837 1341 875 esse
1378 822 1652 891 defendat,
1678 843 1869 898 parum
1905 832 1953 888 is

366 898 509 952 mihi
571 899 877 961 Tridentini
907 909 1147 973 concilii.
1194 926 1259 967 ac
1301 912 1498 971 Leonis
1535 917 1713 990 Magni
1745 921 1955 990 judicio

363 995 542 1058 atque
583 994 897 1049 auctoritati
933 998 1147 1057 deferre
1187 1004 1436 1073 videtur;
1468 1011 1562 1079 qui
1590 1021 1783 1067 contra
1819 1029 1951 1085 apo-

360 1080 631 1169 stolicam
690 1084 1038 1145 traditionem
1086 1097 1565 1166 praesumptionem
1596 1080 1869 1169 illicitam,
1893 1114 1954 1161 ut

359 1184 392 1221 a
425 1168 619 1228 Leone
638 1188 886 1244 vocatur,
921 1190 975 1235 et
1010 1198 1203 1252 parum
1241 1191 1571 1257 consultam,
1609 1196 1685 1248 uti
1716 1168 1952 1251 Triden-

358 1263 552 1317 tinum
575 1269 867 1324 concilium
891 1276 1161 1340 nominat,
1191 1281 1484 1350 rationem,
1518 1300 1789 1343 consensu
1832 1290 1951 1344 lau-

356 1352 558 1407 datam
584 1361 1048 1432 approbatamque
1077 1365 1321 1423 deﬁniat.

988 1519 1218 1577 CAPUT
1242 1522 1328 1579 Vl.

357 1624 1067 1714 ιοίξςξηεηειὶιυιςιιιιιξ⁸Ῑιςζδιι⁵
1110 1637 1462 1714 repreliensio,
1511 1656 1676 1714 super,
1704 1642 1948 1714 Origenis

430 1696 699 1783 historian;
730 1710 845 1780 tum.
867 1696 1217 1783 Italluci‘natio
1247 1707 1311 1783 de
1352 1696 1635 1783 Augustini
1660 1696 1952 1783 loeopri-

428 1766 630 1833 phanii
652 1766 796 1821 Pana
806 1770 942 1824 rium
961 1772 1025 1824 ab
1043 1774 1338 1845 Augustino
1365 1766 1577 1833 minime
1604 1798 1715 1836 esse
1734 1766 1946 1838 lectum.

426 1901 581 1966 Quid
601 1901 669 1955 ad
700 1903 1035 1971 paenitentia:
1063 1906 1413 1979 ritum,quod
1432 1919 1516 1968 est
1542 1914 1740 1969 lemma
1766 1916 1948 1986 operis

348 1998 405 2044 et
429 2000 848 2060 argumentum,
875 1993 1126 2067 Origenis
1160 1998 1344 2056 fabula
1379 2010 1611 2072 spectet,
1637 2020 1745 2060 non
1767 2007 1942 2063 video.

349 2080 469 2135 Sed
500 2082 641 2136 illud
664 2084 914 2140 videlicet
937 2087 1337 2158 dispunctionis
1360 2097 1666 2152 auetarium
1710 2107 1765 2155 et
1798 2116 1947 2156 man-

346 2170 498 2225 tissa
541 2172 667 2229 luit.
703 2174 756 2227 In
798 2191 908 2245 quo
947 2179 1074 2246 quis
1108 2196 1210 2249 pro
1248 2183 1511 2249 dignitate
1547 2188 1777 2243 miretur
1808 2192 1945 2248 adeo

346 2259 715 2333 indiligenter
743 2266 797 2320 id
830 2276 1013 2322 actum
1062 2286 1206 2337 esse,
1238 2274 1384 2343 quod
1436 2292 1545 2347 prze
1595 2286 1650 2335 te
1703 2280 1941 2348 ferebas,

346 2360 574 2407 utcurn
622 2369 709 2409 me
760 2358 1208 2429 reprehenderes,
1244 2380 1313 2420 ne
1356 2367 1459 2422 hoc
1493 2370 1714 2439 quidem
1746 2373 1945 2429 intelli-

343 2446 690 2515 gercs,quid
719 2462 819 2519 ego
847 2450 1155 2533 dixissem?
1187 2455 1438 2528 Origcnis
1468 2477 1655 2517 veram
1696 2480 1819 2521 esse
1853 2467 1941 2521 hi-

343 2536 595 2588 storiam
646 2537 813 2604 illam,
842 2555 1006 2611 quam
1048 2544 1385 2616 Epiphanius
1417 2553 1638 2620 retulit,
1668 2562 1722 2609 et
1742 2571 1772 2610 a
1799 2572 1940 2611 non-

343 2626 531 2681 nullis
561 2628 670 2697 piis
699 2638 753 2684 et
804 2634 1035 2690 eruditis
1062 2638 1193 2693 viris
1218 2654 1317 2709 pro
1357 2642 1662 2700 adulterina
1696 2645 1941 2718 falsaque

345 2737 461 2775 non
542 2733 692 2779 recte
746 2726 1008 2794 habitam,
1050 2732 1411 2790 Animadvers.
1449 2746 1757 2793 nostrarum
1812 2756 1936 2812 pag.

342 2813 483 2877 238,
526 2815 720 2869 solidis
770 2822 1107 2889 argumentis
1156 2826 1528 2894 probavimus.
1574 2828 1749 2883 Unum
1798 2839 1935 2898 erat,

345 2904 510 2973 quod
551 2906 625 2961 ab
651 2906 759 2963 illis
804 2913 1200 2980 opponebatur,
1237 2915 1380 2984 quod
1426 2917 1546 2986 plus
1572 2920 1785 2975 caeteris
1816 2936 1936 2975 mo-

344 2998 533 3052 menti
561 3013 628 3052 ac
683 3002 941 3071 ponderis
978 3004 1177 3061 habere
1231 3008 1530 3075 videretur,
1567 3027 1760 3081 nempe
1788 3013 1934 3082 quod

2045 3024 2137 3060 nos
2192 3008 2439 3059 continuo
2494 3006 2776 3074 subjiciens
2820 3020 2839 3059 :

344 3090 707 3160 Augustinus
756 3090 892 3145 nihil
948 3093 1015 3149 de
1045 3092 1295 3166 Origenis
1336 3098 1490 3169 lapsu
1534 3099 1627 3155 illo
1665 3103 1940 3157 memoriae

343 3178 718 3247 prodidisset,
743 3182 836 3250 qui
876 3198 959 3249 ea,
990 3199 1110 3254 quae
1138 3196 1327 3240 contra
1368 3188 1657 3259 Origenem
1700 3192 1939 3260 scripse-

343 3277 454 3332 rat,
503 3284 565 3322 se
591 3272 659 3323 ab
691 3270 994 3341 Epiphanio
1039 3283 1344 3330 mutuatum
1395 3294 1520 3334 esse
1573 3288 1802 3338 testatus
1835 3290 1939 3338 est.

342 3360 571 3414 Contra
605 3361 714 3416 hzec
746 3380 847 3419 nos
878 3366 951 3419 ita
982 3370 1452 3438 prarscripsimus:
1486 3387 1599 3428 non
1632 3373 1800 3429 videri
1833 3375 1943 3429 Au-

343 3453 648 3520 gustinum
707 3470 960 3523 magnum
1002 3457 1135 3511 illud
1192 3459 1259 3514 de
1303 3460 1602 3518 bmresibus
1652 3463 1942 3534 Epiphanii

339 3557 525 3611 opus,
551 3543 670 3596 sive
723 3543 1020 3599 Panarium
1054 3548 1273 3619 legisse,
1308 3552 1403 3606 sed
1431 3553 1552 3621 ejus
1603 3553 1938 3611 Breviarium

340 3642 397 3687 et
426 3632 717 3701 Epitomen
752 3638 1043 3705 quamdam
1070 3657 1084 3706 ;
1140 3641 1304 3711 idque
1326 3645 1493 3699 certis
1525 3652 1578 3700 et
1623 3646 1943 3706 indubitatis

268 3763 275 3769 .
339 3724 706 3793 argumentis
754 3729 1065 3784 convictum
1112 3747 1235 3787 esse
1288 3732 1550 3799 diximus,
1602 3738 1655 3791 in
1690 3739 1939 3808 epistola,

339 3826 473 3880 qua:
530 3811 599 3865 ad
651 3812 1085 3873 illustrissimum
1130 3822 1461 3878 cardinalem
1500 3823 1941 3897 Rupilucaldium

336 3905 544 3974 operis
572 3904 728 3961 initio
756 3910 971 3977 praeﬁxa
1003 3912 1214 3982 legitur.
1251 3912 1331 3969 'l‘u
1365 3918 1592 3971 multum
1626 3928 1849 3984 aestuas,
1884 3930 1944 3975 ut

338 3996 545 4051 lucere
569 3998 795 4054 meridie
818 4004 1165 4070 persuadeas.
1192 4004 1471 4062 Exscribis
1492 4010 1777 4078 Augustini
1802 4012 1939 4075 lora,

338 4103 409 4143 ex
441 4090 656 4159 quibus
685 4100 919 4158 constet,
954 4094 1242 4166 Epiphanii
1284 4098 1452 4155 libros
1482 4102 1743 4156 Aduersus
1775 4102 1940 4157 luere-

337 4196 428 4233 ses
468 4181 522 4235 ei
558 4182 809 4251 cognitos
860 4184 1047 4241 fuisse.
1102 4186 1326 4243 Poteras
1389 4191 1532 4245 hunc
1572 4192 1845 4260 laborem,
1888 4202 1938 4248 et

338 4274 592 4341 paginas
653 4275 788 4330 istas
827 4277 1112 4347 compendi
1144 4279 1344 4339 facere.
1376 4282 1419 4335 si
1444 4282 1621 4336 locum
1648 4282 1819 4347 illum,
1852 4283 1941 4337 ubi

2056 464 2743 534 interpretaberezNoster
2781 484 2899 523 vero
2950 468 3297 541 Epiphanius,
3354 486 3462 534 etc.
3513 481 3622 536 Sea

2056 554 2216 610 libros
2240 557 2399 610 etiam
2423 560 2758 627 conscripsit,
2790 559 3045 616 historica
3074 568 3380 622 narratione
3406 585 3624 627 comme-

2054 661 2269 700 morans
2291 651 2489 713 omnia,
2514 651 2661 703 nulla
2682 652 3036 718 disputatione
3056 656 3306 710 adversus
3329 658 3622 725 falsitatem

2053 752 2149 807 pro
2178 742 2394 795 veritate
2420 742 2716 797 decertans.
2766 742 2952 799 Breees
2986 761 3113 800 sane
3152 757 3273 801 sunt
3313 750 3367 803 lii
3410 750 3620 817 libelli;

2053 838 2103 882 et
2146 830 2193 883 si
2241 830 2295 883 in
2343 847 2502 883 unum
2560 832 2795 886 libellum
2848 834 3173 903 redigantur,
3214 852 3304 889 nec
3354 838 3464 905 ipse
3519 841 3622 894 erit

2055 920 2288 981 nostris,
2348 920 2426 973 vel
2469 920 2697 975 aliorum
2742 921 3054 991 quibusdam
3100 924 3249 980 libris
3292 924 3621 999 longitudine

2054 1011 2459 1078 comparandus.
2500 1012 2675 1080 Hujus
2716 1012 3019 1068 brevitatem
3054 1017 3100 1068 si
3133 1017 3282 1084 fuero
3311 1020 3367 1072 in
3394 1035 3622 1077 comme-

2054 1100 2327 1153 morandis
2374 1100 2657 1154 Itwresibus
2704 1102 2965 1167 imitatus,
3018 1104 3142 1173 quid
3196 1121 3231 1158 a
3282 1123 3362 1161 me
3416 1108 3620 1165 brevius

2052 1190 2322 1258 postulare
2361 1190 2437 1242 vel
2475 1199 2778 1259 exspectare
2820 1192 3031 1258 debeas,
3062 1209 3166 1247 non
3201 1193 3436 1249 habebis?
3464 1194 3530 1250 Et
3565 1198 3620 1253 in

2054 1278 2512 1335 Massalianorum
2566 1282 2760 1335 haeresi
2804 1296 2897 1335 sex
2934 1282 3058 1336 illos
3087 1281 3415 1340 brevissimae
3453 1287 3621 1343 libros

2054 1371 2307 1440 appellat.
2331 1370 2529 1437 Credo,
2559 1371 2605 1425 si
2637 1371 2946 1427 fusissimos
2970 1374 3095 1430 illos
3123 1374 3374 1430 adversus
3399 1376 3620 1433 Ita'reses

2053 1462 2482 1517 commentarios
2526 1462 2815 1532 Epiphanii
2868 1465 3089 1533 legisset
3141 1463 3515 1535 Augustinus;
3572 1469 3619 1523 si

2055 1552 2427 1621 amplissimas
2472 1552 2596 1608 illas
2628 1554 2696 1608 de
2732 1568 3063 1624 unaquaque
3104 1555 3527 1625 disputationes,
3568 1566 3623 1613 et

2054 1657 2246 1697 earum
2277 1644 2739 1713 oppugnationes,
2774 1655 3337 1717 argumentorumque
3366 1648 3622 1702 confuta-

2055 1734 2236 1789 tiones
2295 1735 2575 1800 vidisset,
2642 1738 2727 1791 vel
2799 1736 3159 1794 brevissimae
3223 1738 3346 1794 illos
3409 1737 3623 1795 libellos

2053 1824 2375 1893 appellaret,
2435 1832 2489 1880 et
2552 1825 2853 1896 longiorem
2919 1841 3077 1881 suum
3138 1838 3282 1895 esse,
3336 1844 3499 1899 quem
3555 1830 3622 1884 ad

2049 1915 2204 1981 Quod
2240 1914 2353 1989 vult
2399 1916 2563 1972 Deum
2605 1918 2902 1985 scribebat,
2951 1919 3330 1986 arbitraretur,
3369 1921 3451 1975 vel
3493 1936 3623 1975 cono

2049 2006 2257 2062 lutatas
2297 2007 2366 2061 ab
2408 2006 2715 2078 Epiphanio
2759 2016 2983 2077 negaret
3038 2008 3298 2075 haereses,
3354 2025 3456 2065 ncc
3511 2012 3620 2066 nisi

2047 2097 2369 2168 simpliciter
2410 2098 2713 2153 recensitos
2744 2099 2971 2167 diceret,
3005 2115 3069 2156 ac
3106 2103 3447 2171 perstrictus.
3513 2101 3620 2156 Sed

2046 2188 2249 2257 relege,
2284 2187 2543 2254 obsecro,
2573 2203 2696 2258 quae
2727 2188 2782 2243 in
2808 2191 3040 2259 epistola
3069 2207 3238 2261 super
3264 2207 3327 2247 ea
3356 2208 3415 2246 re
3440 2192 3620 2261 dispu-

2046 2286 2155 2333 tata
2183 2288 2331 2335 sunt.
2380 2280 2557 2350 Atque
2583 2286 2642 2334 ut
2669 2282 2980 2351 aequitatem
3016 2291 3263 2338 nostram
3298 2283 3576 2354 intelligas
3602 2323 3619 2351 ,

2045 2370 2251 2439 aspice,
2300 2384 2482 2424 annon
2524 2372 2673 2439 quod
2705 2373 2831 2426 dico
2850 2388 2915 2427 ex
2956 2373 3173 2438 iisdem,
3210 2388 3331 2443 qua:
3368 2383 3425 2428 ιιι
3457 2375 3621 2442 citas,

2042 2461 2339 2529 Augustini
2392 2462 2531 2517 locis
2589 2464 2837 2531 potueris
2883 2478 2948 2516 ac
2990 2462 3247 2518 debueris
3302 2479 3619 2534 agnoscere.

2044 2552 2119 2607 De
2146 2552 2497 2623 Origenianis
2538 2555 2791 2609 scribens
2821 2555 2926 2609 ista
2953 2569 3018 2609 ex
3044 2554 3352 2625 Epiphanio
3384 2567 3623 2610 comme-

2042 2652 2261 2699 morat:
2299 2644 2372 2699 De
2402 2645 2585 2714 quibus
2635 2644 2956 2713 Epiphanius
3000 2647 3213 2714 loquens
3254 2660 3273 2699 :
3296 2646 3620 2716 Origeniani,

2043 2735 2246 2804 inquit,
2307 2736 2587 2805 cujusdam
2625 2737 2867 2805 Origenis
2910 2735 3206 2804 discipuli:
3241 2739 3409 2805 turpis
3446 2746 3623 2792 autem

2040 2838 2163 2881 sunt
2216 2829 2576 2896 operationis;
2616 2829 2705 2881 isti
2747 2836 2870 2879 sunt
2920 2825 3153 2894 nefanda
3198 2827 3471 2895 facientes,
3525 2845 3623 2883 sua

2039 2933 2262 2985 corpora
2284 2917 2609 2985 corruptioni
2646 2916 2931 2971 trudentes.
2956 2916 3107 2969 Alios
3139 2925 3311 2969 autem
3343 2914 3624 2985 Origenia-

2895 3005 3204 3074 Origem'ani
3223 3047 3236 3071 ,
3284 3006 3473 3073 inquit,
3502 3006 3619 3072 alii,

2042 3096 2133 3166 qui
2174 3106 2222 3149 et
2264 3095 2573 3149 Adamantii
2622 3095 2931 3149 tractatoris
2980 3094 3125 3147 illius
3170 3103 3495 3160 sectatores;
3531 3096 3621 3163 qui

2042 3196 2090 3239 et
2151 3194 2478 3239 mortuorum
2546 3187 2982 3240 resurrectionem
3043 3196 3276 3256 negant,
3350 3185 3621 3240 Christum

2045 3288 2220 3332 autent
2279 3288 2329 3333 et
2388 3277 2649 3348 Spiritum
2724 3289 2967 3331 sanctum
3033 3288 3336 3332 creaturam
3401 3277 3621 3341 dicunt;

2041 3369 2353 3439 paradisum
2387 3380 2563 3423 autem
2596 3379 2643 3422 et
2675 3369 2855 3435 cwlos,
2901 3378 2950 3422 et
2985 3368 3097 3422 alia
3133 3385 3236 3422 non
3268 3367 3483 3422 credunt
3513 3384 3623 3423 esse

2043 3461 2333 3516 secundum
2366 3461 2622 3526 litteram,
2659 3460 2749 3514 sed
2774 3462 2825 3514 in
2851 3460 3128 3531 allegoria.
3158 3459 3287 3515 Ha'c
3324 3461 3531 3530 quidem
3558 3460 3623 3514 de

2046 3552 2268 3622 Origene
2298 3550 2623 3619 Epiphanius
2649 3550 2836 3619 refert.
2871 3549 3152 3605 Ilactenus
3182 3552 3526 3621 Augustinus
3553 3567 3620 3607 ex

2043 3659 2108 3697 eo
2136 3643 2325 3713 utique
2354 3642 2642 3713 Epiphanii
2684 3658 2849 3712 opere
2894 3642 3194 3705 transtulit,
3241 3643 3386 3712 quod
3435 3643 3621 3700 videre

2044 3742 2317 3803 potuerat.
2356 3734 2519 3803 Atqui
2557 3750 2664 3788 non
2702 3735 2765 3791 in.
2798 3748 2996 3801 magno
3028 3733 3119 3787 illo
3161 3732 3389 3787 l’anarii
3420 3749 3618 3801 opere,

2044 3824 2139 3877 sed
2186 3824 2241 3877 in
2288 3824 2747 3891 Auacephalwosi,
2788 3826 2902 3877 sive
2942 3823 3218 3876 lireviai'io
3262 3831 3316 3877 ct
3357 3824 3618 3893 Epitoms,

2043 3915 2269 3970 totidem
2316 3916 2502 3971 verbis
2554 3915 2739 3970 (Ira-ce
2785 3925 3049 3985 concepta
3076 3916 3161 3968 illa
3192 3918 3311 3986 ipsa
3344 3917 3616 3988 leguntur.

2042 4004 2181 4060 Vide
2240 4021 2362 4075 pag.
2418 4007 2521 4060 146
2614 4006 2745 4059 tomi
2812 4005 2878 4069 ll,
2943 4006 3207 4062 editionis
3273 4018 3510 4074 nostras,
3566 4016 3621 4063 et

2046 4096 2314 4167 Synopsin
2363 4098 2494 4151 torni
2540 4097 2696 4166 primi
2776 4098 2900 4151 libr.
2948 4114 3009 4162 ll,
3053 4113 3176 4168 pag.
3218 4099 3321 4155 398
3411 4099 3541 4156 tonti
3572 4102 3617 4165 l,

2043 4189 2172 4243 edit.
2223 4187 2492 4257 ejusdem.
2546 4186 2766 4241 Nullum
2819 4188 3003 4257 itaque
3047 4188 3274 4243 dubium
3317 4199 3419 4255 est,
3484 4191 3619 4260 quin

2044 4275 2383 4346 Augustinus
2435 4276 2502 4332 de
2554 4277 2669 4331 sola
2721 4276 3010 4348 Epiphanii
3062 4279 3493 4348 Anacepltalteosi
3539 4282 3620 4335 lo-

338 4362 675 4418 accuratius
705 4380 824 4419 eam
867 4383 977 4421 rem
1024 4375 1405 4434 tractaverant,
1440 4381 1491 4427 et
1520 4373 1584 4427 ad
1615 4389 1772 4443 quem
1801 4372 1937 4443 digi-
1967 4364 2015 4423 Ι)
2040 4375 2265 4439 quatur,
2304 4384 2367 4423 ac
2399 4368 2793 4439 disputationis
2832 4378 2997 4440 caput
3031 4367 3063 4424 6
3097 4372 3338 4426 otiosum
3372 4382 3425 4426 et
3456 4369 3619 4428 inane

341 4463 471 4507 tum
515 4454 877 4521 intenderam,
912 4460 965 4512 in
996 4462 1362 4516 Animadvers.
1411 4462 1477 4515 ad
1514 4462 1731 4534 Ot'igen.
1771 4465 1938 4519 her-

338 4548 551 4614 sim,p.
586 4546 713 4611 259,
755 4552 1041 4606 consulere
1080 4554 1368 4609 voluisses.
1419 4553 1536 4608 Non
1570 4556 1717 4610 enim
1757 4556 1935 4627 quod-

336 4653 579 4707 cunque
603 4640 669 4693 de
710 4642 1009 4699 lueresibus
1045 4660 1181 4715 opus
1209 4646 1497 4716 Epiphanii
1534 4646 1601 4702 ab
1625 4648 1935 4718 Augustino

334 4730 561 4784 lectum
626 4744 748 4783 esse
808 4732 891 4785 vel
945 4734 1156 4803 negavi,
1200 4736 1283 4789 vel
1313 4736 1379 4789 de
1406 4752 1471 4790 eo
1500 4735 1779 4802 dubitavi,
1837 4737 1933 4793 sed

335 4821 683 4872 luculentum
734 4822 869 4874 illud
926 4841 1053 4892 opus
1107 4826 1239 4890 dixi,
1287 4812 1341 4881 ei.
1381 4828 1741 4892 uberrimum,
1788 4831 1932 4899 quod

336 4908 655 4964 Panarium
727 4912 1063 4969 inscribitur.
1125 4915 1343 4974 Vidisse
1394 4920 1539 4973 enim
1595 4921 1814 4990 aliquod
1870 4937 1933 4975 ac

337 5001 560 5069 legisse
621 5003 847 5057 nimium
892 5015 1145 5074 constat;
1191 5026 1403 5079 nosque
1444 5010 1562 5065 loca
1591 5011 1778 5065 eadem
1817 5012 1929 5078 illa,

335 5108 479 5162 qua:
505 5100 562 5146 tu
588 5095 875 5160 describis,
932 5099 987 5153 in
1026 5100 1358 5157 dedicatoria
1399 5105 1624 5174 epistola
1651 5107 1935 5176 proposui-

339 5199 485 5237 mus
524 5200 586 5239 ac
618 5187 999 5246 discussimus.

426 5273 635 5332 Verum
682 5296 842 5335 nemo
891 5283 1024 5338 satis
1076 5285 1259 5337 mirari
1310 5284 1527 5355 poterit.
1560 5302 1623 5341 ert
1663 5287 1793 5358 ipsis
1818 5288 1931 5343 Atr«

342 5368 569 5438 gustini
601 5374 804 5439 verbis,
838 5391 961 5429 cum
998 5393 1061 5431 ea
1096 5380 1177 5432 vel
1227 5378 1497 5436 scriberes
1537 5381 1619 5435 vel
1667 5381 1928 5447 dictares,

342 5474 475 5512 non
502 5462 945 5521 animadvertisse
987 5474 1058 5532 te,
1096 5483 1258 5536 quam
1280 5470 1435 5536 justa‘
1462 5472 1704 5543 suspicio
1736 5472 1828 5530 sit.
1862 5472 1931 5524 ab

340 5550 667 5616 Augustino
690 5554 886 5614 lectum
909 5572 1015 5609 non
1038 5572 1158 5611 esse
1180 5557 1468 5620 Panarium
1500 5560 1810 5637 Epiphanii,
1832 5561 1926 5615 59‘]

350 5640 680 5711 Epitomen,
738 5654 788 5701 et
838 5641 1313 5717 Atiaeepltala'osim
1364 5662 1585 5723 ιοιίάριιι
1647 5661 1698 5712 in
1750 5664 1927 5710 tomus

2040 4461 2152 4525 sit;
2216 4474 2341 4514 nam
2402 4459 2469 4513 de
2534 4459 2741 4523 Decio,
2820 4462 2923 4515 sub
2976 4476 3085 4533 quo
3158 4462 3403 4533 ἀκμάσαι
3464 4470 3617 4534 putat

2038 4551 2349 4622 Origenem,
2380 4550 2615 4605 videnda
2646 4562 2774 4607 sunt
2805 4552 3052 4617 omnino,
3084 4568 3205 4622 qua:
3232 4554 3299 4608 de
3330 4553 3434 4607 loci
3469 4554 3617 4608 illius

2042 4643 2241 4698 mendo
2266 4645 2320 4697 in
2341 4643 2693 4713 imperatoris
2722 4644 2939 4697 nomine
2963 4644 3016 4695 in
3043 4643 3406 4698 Animadvers.
3436 4645 3619 4699 obser-

2037 4734 2304 4788 vavimus.
2336 4732 2405 4787 At
2448 4733 2713 4787 intextam
2749 4733 2816 4786 ab
2838 4732 3090 4801 Origenis
3120 4732 3617 4788 calumniatoribus

2036 4823 2323 4894 Epiphanii
2357 4824 2582 4893 scriptis
2624 4822 2773 4875 illam
2803 4838 2929 4878 esse
2971 4822 3247 4887 laciniam,
3292 4838 3413 4895 qua:
3434 4832 3519 4879 est
3549 4824 3618 4880 de

2034 4914 2284 4987 Origenis
2310 4917 2487 4986 lapsu,
2519 4930 2682 4985 quam
2727 4913 2887 4969 facile
2932 4914 3153 4977 dicitur,
3203 4921 3312 4969 tam
3356 4930 3386 4968 a
3440 4914 3599 4969 nobis

2034 5007 2195 5063 facile
2258 5016 2512 5077 negatur.
2563 5004 2666 5071 Qui
2719 5004 3007 5075 Epiphanii
3053 5006 3195 5075 stylo
3243 5005 3610 5070 consueverit,

2033 5100 2452 5169 germanissima
2496 5098 2609 5152 lucc
2648 5098 2819 5167 ipsius
2850 5112 2972 5152 esse
3015 5097 3201 5158 verba,
3238 5112 3344 5149 non
3379 5096 3609 5150 insititia

2028 5192 2317 5263 jndicahit.
2353 5190 2459 5246 Sed
2490 5206 2667 5261 neque
2697 5188 2765 5244 de
2801 5190 2973 5243 altera
3008 5189 3233 5251 lacinia,
3266 5202 3431 5257 quam
3462 5187 3611 5255 ejus-

2032 5285 2152 5339 dem
2180 5285 2420 5337 auctoris
2452 5282 2695 5350 epistola:
2732 5290 2928 5350 putant
2960 5281 3027 5333 ab
3056 5278 3412 5335 lcanoclastis
3447 5292 3608 5333 assu-

2035 5381 2166 5431 tam.
2200 5372 2333 5427 satis
2367 5372 2646 5441 explorata
2686 5386 2774 5425 res
2815 5372 3048 5425 videtur.
3085 5368 3287 5427 Verum
3320 5369 3421 5425 hoc
3450 5368 3599 5425 insti-

2036 5467 2134 5521 tuti
2163 5466 2392 5523 alterius
2424 5478 2486 5519 ae
2517 5462 2906 5534 disputationis
2943 5468 3045 5516 est.
