4028 6220
483 259 581 318 651

1059 371 1285 428 CAPUT
1336 370 1448 425 VII.

478 502 558 562 De
622 505 894 576 Theophili
962 507 1314 562 Alexandrini
1376 510 1603 564 decreto.
1667 507 1789 561 Non
1841 508 2048 562 eosdem

556 577 747 646 ubique
798 578 962 646 fuisse
1005 579 1178 641 ritus;
1226 578 1389 646 deque
1434 580 1501 632 iis
1548 579 1679 633 adeo
1711 594 1802 632 nec
1841 587 2047 640 temere,

549 663 642 700 nec
684 649 920 700 universe
955 648 1426 714 pronuntiandum,
1474 648 1628 711 velut,
1666 658 1844 702 utrum
1884 648 2048 701 nullis

548 716 780 788 omnino‘
801 716 1008 783 iejuniis
1041 718 1209 771 missa
1241 717 1502 771 celebrata
1533 719 1634 782 sit;
1667 716 1810 788 quod
1831 717 2050 785 dispun-

551 793 666 837 ctor
697 784 942 852 agit-mat.

552 911 731 983 Super
789 911 1078 985 Theophili
1142 915 1364 972 decreto
1434 916 1502 971 de
1569 915 2048 986 Theophaniorum

475 1004 728 1074 νηστίμῳ
773 1003 862 1059 die
913 1007 1176 1060 nonnulla
1229 1006 1517 1061 dubitandi
1578 1021 1743 1061 causa
1795 1007 1898 1062 fuit
1929 1007 2045 1078 (a):

474 1109 644 1165 quam
708 1105 763 1150 et
827 1096 1115 1166 inscriptio
1166 1106 1329 1168 auget
1387 1099 1526 1168 ipsa.
1587 1098 1810 1170 Legitur
1861 1101 2046 1154 enim:

473 1184 737 1254 θεοφίλου
769 1185 1224 1256 Ἀρχιεπισχόπου
1261 1186 1656 1258 Ἀλεξανδρείας
1671 1188 2053 1260 προσφώνησις

474 1273 584 1327 τῶν
632 1273 928 1342 θεοφανίων
965 1277 1297 1331 ἐπιστάντων
1323 1277 1379 1330 ἐν
1414 1277 1690 1348 Κυριακῇ.
1737 1276 1880 1332 Sane
1927 1279 2050 1332 haec

476 1363 815 1423 ἐπιστάντων
869 1365 925 1418 ὲν
971 1366 1248 1438 κυριακῇ,
1285 1367 1429 1421 haud
1461 1367 1597 1422 adeo
1624 1368 1692 1422 ad
1723 1368 2050 1423 sententiam

477 1464 629 1511 tuam
679 1455 948 1524 explicata
998 1457 1271 1513 videntur.
1343 1457 1482 1511 Tum
1554 1458 1766 1528 reliqua
1824 1459 2052 1514 canonis

483 1545 801 1614 scrupulum
845 1544 1073 1615 injicere
1108 1554 1362 1616 possunt.
1398 1545 1505 1600 Sed
1539 1546 1852 1614 φιλονείκως
1890 1546 1959 1600 de
1995 1561 2053 1601 re

483 1636 757 1695 levissima
791 1652 900 1692 non
927 1637 1218 1701 contendo,
1258 1639 1460 1692 νικάτω
1501 1639 1533 1708 ἡ
1585 1638 1830 1709 ἀλήθεια.
1866 1638 1919 1692 Si
1947 1637 2050 1692 mi-

484 1742 612 1806 aus,
641 1727 709 1779 τὰ
741 1727 927 1780 εἰκότα
955 1727 1176 1798 μᾶλλον.

553 1817 877 1889 Dejejunio
910 1827 965 1874 et
999 1820 1240 1893 statione
1293 1821 1549 1890 pervellis
1600 1823 1798 1886 obiter,
1849 1821 1944 1877 sed
1990 1837 2055 1878 ea

485 1915 678 1976 praeter
710 1921 825 1962 rem
861 1915 915 1964 et
945 1907 1126 1964 alieno
1167 1909 1287 1963 loco
1316 1919 1448 1964 sunt
1482 1911 1706 1980 injecta.
1757 1909 1901 1966 Sane
1933 1911 2057 1965 dili-

484 2005 673 2066 genter
704 1997 1008 2054 cavendum
1054 1999 1189 2055 illud
1235 2001 1395 2055 nobis
1441 2008 1550 2067 est,
1593 2018 1664 2058 ne
1709 2002 1961 2066 καθόλου,
2004 2012 2058 2058 ει

477 2086 693 2145 inﬁnite
726 2087 794 2144 de
823 2090 1215 2147 ecclesiasticis
1251 2092 1450 2148 ritibus
1483 2094 1760 2148 sententia
1799 2094 2055 2164 ιιι-ιεείρί-

478 2187 663 2246 tetur;
715 2188 771 2236 et
819 2197 940 2251 quae
994 2177 1299 2249 certorum,
1351 2184 1398 2239 si
1450 2184 1612 2252 forte,
1665 2196 1969 2256 temporum
2001 2193 2054 2240 ct

485 2269 852 2326 Ecclesiarum
909 2273 1158 2329 instituta
1216 2275 1464 2342 fuerunt,
1527 2295 1590 2333 ea
1643 2279 1710 2332 ad
1765 2280 2054 2335 universos

485 2372 593 2415 tam
658 2363 822 2417 facile
880 2366 1311 2422 transferantur.
1379 2367 1655 2436 Ejusmodi
1712 2376 1862 2421 tuum
1919 2370 2052 2422 illud

479 2465 604 2505 esse
634 2451 854 2506 videtur
879 2453 1253 2519 interdictum,
1282 2472 1390 2525 quo
1414 2458 1630 2518 statuis,
1654 2457 1798 2510 nullo
1824 2474 2053 2525 unquam

468 2539 668 2609 jejunii
695 2542 797 2608 die,
831 2544 990 2600 etiam
1034 2555 1186 2598 extra
1232 2546 1726 2616 Quadragesimam,
1769 2548 2051 2602 missarum

485 2632 751 2687 celebrata
797 2634 961 2702 fuisse
996 2636 1255 2691 solemnia
1285 2652 1302 2690 :
1341 2637 1484 2708 quod
1516 2638 1681 2694 nimis
1707 2639 1965 2695 audacter
2001 2647 2056 2694 et

473 2724 787 2792 generatim
834 2740 1141 2782 asseveras.
1181 2727 1310 2784 Esto
1342 2728 1511 2793 enim,
1545 2728 1599 2782 id
1632 2729 1688 2782 in
1727 2729 2058 2799 quibusdam

485 2814 745 2872 Ecclesiis
787 2815 1137 2873 observatum
1189 2819 1394 2874 fuerit:
1449 2819 1576 2889 quis
1612 2826 1668 2875 te
1698 2819 1841 2882 idem
1872 2819 2062 2876 docuit

555 2968 632 3039 (α)
659 2965 786 3038 Pag.
820 2971 910 3025 Η.

1813 257 1986 312 DlON.
2030 249 2323 308 PETAVIU
2333 250 2371 304 S‘

2074 378 2120 431 Α
2148 370 2351 437 ubique
2388 380 2450 420 ac
2481 368 2743 434 perpetuo
2773 373 2892 415 csse
2927 359 3237 414 servatum?
3260 355 3387 410 Nam
3435 357 3665 427 ἀορίστως

3570 246 3666 302 0'51

2151 469 2206 516 et
2239 460 2493 513 universe
2532 455 2812 510 decretum
2851 460 3002 505 tuum
3052 449 3315 518 concipis.
3359 447 3486 514 Quid
3530 450 3666 518 igitur

2150 549 2457 622 Augustino
2509 547 2698 610 facies,
2751 543 2844 613 qui
2903 541 3136 612 epistula
3182 541 3302 602 “8,
3347 555 3464 593 cum
3514 541 3669 595 varios

2149 658 2246 713 per
2291 641 2541 696 diversas
2569 637 2720 692 orbis
2753 633 3052 690 Christiani
3081 640 3265 702 partes
3291 631 3427 685 ritus
3462 632 3669 700 exponit,

2152 735 2226 788 ita
2274 732 2515 803 loquitur
2543 751 2555 784 :
2583 728 2725 782 Alibi
2766 726 2941 781 nullus
2996 724 3107 777 dies
3153 722 3529 784 intermittitur,
3588 737 3671 788 quo

2152 841 2254 879 non
2285 825 2573 892 o/feratur;
2625 818 2755 872 alibi
2800 816 3032 870 Sabbato
3085 823 3285 866 tantum
3319 822 3366 866 et
3405 811 3675 866 Dominico.’

2150 914 2308 988 Apud
2339 909 2689 966 Ambrosium
2719 921 2937 976 quoque
2964 919 3109 959 serm
3152 905 3219 958 54
3269 903 3508 971 legimus,
3535 903 3676 954 etiam

2153 1008 2206 1061 in
2239 1001 2688 1072 Quadragesiina,
2735 999 2822 1053 die
2865 996 3017 1051 onmi
3077 993 3398 1050 sacrificium
3445 993 3675 1054 oblatum,

2152 1105 2206 1154 et
2275 1112 2306 1150 a
2372 1091 2703 1164 quibusdam
2767 1087 3234 1143 communicatum
3299 1084 3480 1137 fuisse.
3555 1082 3680 1134 Adeo

2155 1189 2366 1250 varius,
2397 1200 2498 1243 nec
2527 1183 2712 1238 eadem
2765 1196 2826 1235 ac
2877 1177 3116 1249 generali
3181 1176 3295 1244 lege
3339 1175 3676 1241 constringcn~

2153 1280 2257 1335 dus
2291 1276 2661 1332 Ecclesiarum
2689 1273 2935 1327 omnium
2971 1285 3109 1325 usus
3144 1268 3341 1338 priscis
3381 1266 3678 1334 temporibus

2155 1367 2279 1422 fuit.
2323 1366 2478 1432 Quod
2508 1367 2690 1435 ipsum
2740 1370 2793 1416 et
2827 1362 2894 1416 de
2922 1359 3283 1414 Eucharistia:
3310 1357 3684 1426 participatione

2153 1459 2262 1516 dici
2297 1457 2590 1513 convenit:
2621 1470 2785 1524 quam
2821 1461 2877 1506 tu
2918 1451 3104 1515 nullis,
3157 1450 3243 1503 vel
3287 1457 3436 1503 extra
3467 1446 3685 1511 Quadra-

2153 1548 2651 1622 gesimam.jejunii
2703 1545 2900 1600 diebus
2945 1549 3292 1610 usurpatam,
3347 1539 3503 1592 nimis
3540 1537 3684 1590 couti-

2155 1645 2347 1699 denter
2377 1639 2600 1704 asseris,
2641 1646 2694 1693 et
2729 1635 2982 1690 videlicet
3030 1634 3144 1688 sola
3180 1631 3235 1685 id
3267 1630 3573 1684 auctoritate
3608 1635 3687 1681 tua

2157 1732 2474 1803 persuades.

2230 1822 2353 1876 Haec
2401 1831 2552 1884 sunt,
2602 1835 2722 1889 quae
2759 1833 2860 1888 pro
2907 1811 3463 1870 Animadversionibus
3497 1809 3686 1870 nostris,

2159 1921 2352 1968 contra
2409 1911 2916 1981 Dispunctiunculas
2967 1919 3112 1971 tuas,
3163 1903 3477 1976 opponenda
3512 1898 3696 1970 putavi-

2160 2019 2325 2070 mus,
2381 2020 2449 2059 ne
2507 2004 2578 2066 si,
2636 2002 2783 2072 quod
2838 2011 2898 2056 ut
2951 2000 3188 2053 facerem
3252 2006 3502 2050 auctores
3559 1997 3694 2045 erant

2160 2087 2352 2165 aliqui,
2387 2093 2790 2148 dissimularent
2835 2090 3075 2162 penitus,
3125 2087 3296 2142 nimis
3351 2085 3467 2138 illas
3499 2097 3526 2134 a
3560 2078 3695 2133 nobis

2158 2193 2545 2255 contemptus,
2595 2199 2660 2238 ac
2708 2198 2805 2254 pro
2865 2182 3038 2236 nihilo
3085 2180 3289 2234 ductas
3341 2192 3475 2240 esse,
3535 2186 3695 2242 posses

2158 2276 2446 2346 conqueri.
2481 2275 2538 2329 In
2576 2276 2677 2328 hac
2709 2289 2872 2344 porro
2904 2274 2986 2327 vel
3022 2270 3375 2343 purgatione,
3422 2265 3502 2320 v'cl
3533 2263 3698 2318 confu-

2158 2369 2364 2423 tatione
2399 2375 2610 2433 nostra,
2655 2367 2735 2421 sic
2769 2381 2798 2419 a
2825 2381 2911 2419 me
2935 2364 3272 2419 Christiana:
3296 2358 3559 2415 modestia:
3587 2355 3698 2408 cha-

2157 2459 2441 2528 rilatisque
2485 2459 2751 2513 rationem
2797 2456 3032 2511 habitam
3075 2469 3195 2510 esse
3242 2452 3473 2512 confido,
3523 2455 3576 2502 ut
3613 2447 3698 2497 hoc

2157 2550 2514 2612 nihilominus
2537 2551 2827 2620 intelligas,
2851 2549 3061 2604 felicius
3084 2557 3135 2602 te
3159 2548 3288 2602 aliis
3307 2549 3359 2601 in
3379 2544 3546 2606 rebus,
3562 2553 3697 2609 quam

2162 2642 2218 2695 in
2264 2640 2657 2711 dispungendis
2707 2636 3273 2694 Animadversionibus
3328 2634 3465 2700 istis,
3510 2641 3700 2700 Operam

2165 2733 2407 2801 potuisse
2436 2748 2654 2804 ponere.

839 3336 1584 3451 ADVERSUS
1669 3336 2407 3454 CLAUDIUM
2497 3335 3367 3452 SALMASIUM.

1778 3557 1882 3627 (cr.
1917 3558 2047 3612 hazr.
2077 3556 2218 3621 XIX,
2253 3573 2306 3628 p.
2332 3556 2446 3625 ιο.)

1117 3780 1344 3838 CAPUT
1394 3781 1435 3839 l.

498 3918 574 3974 De
615 3917 934 3973 Esseuorum
971 3924 1114 3970 secta
1147 3923 1196 3969 et
1229 3914 1550 3969 discrimine.
1598 3912 1845 3968 Ridicula
1892 3915 1955 3967 de
1985 3913 2066 3968 his

567 3988 858 4042 observatio
901 3985 1156 4040 Salmasii
1196 3993 1246 4039 et
1289 3983 1510 4040 Hesiodi
1539 3984 1866 4054 depravatio.
1909 3982 2067 4038 Philo

563 4056 784 4112 Iudaeus
825 4056 1150 4110 illustratur.

563 4168 745 4224 Solem
797 4167 1073 4238 appellare
1111 4167 1243 4221 Θεόν
1297 4167 1619 4236 simpliciter
1667 4181 1731 4220 ac
1781 4166 1928 4219 nullo
1968 4165 2066 4218 ad-

493 4257 706 4327 juncto,
741 4255 943 4324 passim
982 4254 1235 4307 Julianus
1271 4263 1438 4317 amat,
1479 4254 1729 4307 oratione
1762 4254 2066 4322 praesertim

495 4362 582 4414 ea,
616 4360 778 4415 quam
807 4345 875 4399 de
915 4345 1064 4398 illius
1110 4343 1268 4397 laude
1310 4345 1549 4413 scripsit.
1593 4343 1670 4396 Ita
1707 4355 1762 4398 et
1796 4343 2068 4414 Iosephus

495 4438 812 4493 nominasse
841 4435 1101 4500 creditur,
1144 4435 1241 4489 lib.
1288 4450 1349 4501 ιι,
1381 4451 1505 4505 cap.
1541 4436 1593 4500 7,
1631 4436 1704 4489 De
1737 4436 1936 4501 excid.,
1974 4438 2067 4492 ubi

493 4527 563 4581 de
594 4523 817 4580 Essenis
847 4524 976 4594 agit.
1023 4523 1133 4580 llos
1181 4524 1326 4578 enim
1368 4525 1534 4579 refert
1567 4541 1689 4580 cum
1723 4534 1965 4581 ventrem
1995 4528 2068 4581 le-

492 4624 706 4683 varent,
739 4626 1000 4672 excavata
1044 4616 1260 4684 scrobe,
1299 4617 1354 4672 in
1398 4632 1518 4672 eam
1570 4617 1819 4674 desidere
1852 4620 2064 4688 solitos,

491 4708 828 4767 circumfuso
859 4709 1012 4780 prius
1050 4709 1236 4780 pallio,
1263 4710 1338 4774 ὡς
1367 4711 1441 4782 μὴ
1469 4709 1568 4774 τὰς
1595 4711 1769 4779 αὐγὰς
1794 4711 2067 4783 ὑϐρίζοιεν

491 4799 585 4855 τοῦ
609 4797 765 4865 Θεοῦ,
788 4816 852 4854 ne
882 4799 984 4864 ,Dei
1011 4801 1176 4854 radiis
1225 4801 1481 4869 injuriam
1527 4801 1783 4869 facerent.
1803 4799 1937 4854 Nam
1974 4801 2067 4854 Dei

492 4893 714 4947 nomine
745 4892 991 4962 plerique
1038 4892 1202 4944 solem
1251 4892 1560 4966 intelligunt
1593 4911 1604 4947 :
1642 4902 1701 4946 ut
1734 4901 1788 4948 et
1823 4891 2067 4962 Scaliger

491 4982 551 5036 in
589 4981 818 5036 Elencho
855 4981 1152 5034 Triha’resii
1214 4995 1334 5051 cap.
1378 4983 1470 5045 Ξῖ,
1495 4993 1550 5038 ει
1591 4985 1818 5040 Drusius
1869 4985 1961 5038 lib.
2015 5000 2067 5039 Iv

491 5071 573 5127 De
603 5073 770 5128 tribus
791 5073 969 5136 sectis,
999 5088 1055 5142 p.
1076 5072 1204 5127 241.
1229 5072 1469 5129 Tametsi
1499 5092 1608 5132 non
1644 5077 1801 5146 plane
1827 5086 2062 5137 constat.

496 5170 681 5215 utrum
713 5162 882 5217 solem
909 5159 1006 5214 Dei
1036 5161 1303 5216 vocabulo
1336 5162 1425 5216 hic
1462 5162 1732 5234 .losephus
1763 5164 2003 5219 alfecerit
2047 5185 2060 5219 :

494 5253 797 5320 prtesertim
856 5267 982 5306 cum
1033 5250 1205 5306 Judaei
1260 5253 1440 5308 forent
1490 5254 1706 5318 Esseni,
1757 5256 1848 5325 qui
1895 5256 2063 5311 solem

492 5356 614 5398 esse
656 5343 828 5400 Deum
881 5350 1102 5413 putasse
1137 5359 1247 5398 non
1293 5345 1564 5400 videntur.
1615 5343 1730 5398 Non
1773 5345 2065 5401 absurdam

495 5441 675 5488 tamen
718 5436 936 5489 illorum
989 5435 1362 5505 conjecturam
1408 5437 1557 5504 facit,
1601 5438 1744 5506 quod
1787 5438 1927 5492 idem
1969 5436 2065 5492 Jo-

492 5521 696 5588 sephus
730 5534 951 5582 narrat;
1001 5526 1238 5583 Essenos
1281 5528 1336 5581 in
1379 5528 1548 5583 solem
1590 5527 1764 5596 patria
1817 5525 2063 5596 quaedam

494 5611 706 5667 cantica
741 5616 1026 5684 cecinisse,
1057 5618 1258 5690 quibus
1293 5626 1470 5674 ortum
1509 5619 1625 5683 eius
1654 5619 2016 5684 precabantur
2051 5634 2061 5669 :

2095 3789 2140 3850 ο
2171 3779 2441 3852 Πατρίους
2469 3779 2526 3832 δέ
2548 3796 2699 3844 τινας
2729 3780 2807 3843 εἰς
2840 3778 3001 3831 αὑτὸν
3035 3778 3220 3849 εὐχὰς,
3263 3778 3451 3851 ὥσπερ
3477 3779 3716 3832 ἱκετεύον·
3755 3753 3758 3756 λ

2173 3889 2266 3936 τες
2308 3871 2607 3926 ἀνατεῖλαι.
2651 3869 2790 3926 Tum
2833 3872 2925 3924 illa
2961 3871 3360 3942 qualiscunque
3407 3870 3717 3942 superstitio,

2172 3963 2316 4036 quod
2340 3963 2643 4018 naturalem
2685 3963 3016 4033 egestionem
3058 3963 3125 4017 ad
3160 3964 3356 4020 solaris
3397 3963 3606 4018 luminis
3645 3962 3719 4014 in-

2167 4057 2367 4126 juriam
2428 4056 2732 4110 traherent.
2795 4054 3102 4109 Salmasius
3148 4071 3274 4108 cum
3337 4057 3391 4108 in
3451 4051 3718 4110 Solinianis

2173 4147 2658 4203 Exercitationibus
2689 4146 2756 4202 de
2785 4147 2876 4201 illo
2902 4145 3125 4215 Josephi
3148 4147 3290 4209 loco,
3314 4147 3490 4216 deque
3520 4143 3720 4200 Essenis

2171 4246 2372 4309 ageret,
2398 4237 2470 4291 ita
2498 4236 2720 4306 pudoris
2756 4231 2842 4290 sui
2871 4242 2926 4290 et
2953 4235 3382 4290 existimationis
3410 4237 3605 4290 oblitus
3630 4239 3718 4294 est,

2171 4338 2231 4383 ut
2260 4345 2323 4385 ea
2361 4345 2485 4384 cum
2533 4329 2816 4393 scriberet,
2851 4329 3005 4398 pensi
3056 4328 3190 4382 nihil
3240 4330 3506 4386 habuisse
3548 4339 3723 4397 cogno«

2171 4435 2315 4476 scas.
2342 4421 2470 4489 Ejus
2500 4419 2945 4488 disputationem,
2992 4419 3215 4490 quando
3258 4435 3324 4476 ea
3366 4437 3427 4476 se
3473 4419 3621 4476 nobis
3646 4429 3721 4483 op-

2171 4510 2478 4581 portunitas
2521 4509 2741 4573 obtulit,
2787 4508 2876 4563 hic
2917 4509 3154 4565 breviter
3198 4510 3569 4579 inspiciemus.
3603 4503 3723 4559 Scri-

2169 4603 2251 4658 bit
2279 4604 2331 4656 in
2353 4601 2592 4656 Plinian.
2615 4601 2830 4654 exercit.
2861 4615 2914 4670 p.
2947 4599 3080 4666 διε,
3104 4599 3364 4668 Essenos,
3395 4603 3510 4671 qui,
3535 4606 3590 4652 ut
3616 4600 3723 4648 aute

2171 4693 2375 4748 dictum
2405 4700 2510 4754 est,
2550 4691 2607 4746 in
2636 4691 2843 4746 ventris
2885 4706 3051 4746 onere
3084 4691 3314 4746 levando
3348 4691 3627 4749 cavebant,
3666 4697 3725 4738 ne

2172 4784 2236 4838 ad
2285 4784 2389 4838 ista
2445 4781 2790 4850 Splendorem
2841 4782 2973 4836 solis
3026 4780 3398 4845 admitterent,
3453 4781 3504 4835 id
3555 4778 3725 4835 eodem

2175 4874 2371 4930 fecisse
2411 4873 2609 4937 modo,
2661 4889 2770 4943 quo
2831 4872 3101 4928 Hesiodus
3151 4881 3299 4928 vetat
3347 4883 3536 4928 contra
3581 4869 3727 4925 solem

2173 4972 2397 5017 stantem
2427 4962 2675 5032 mingere,
2709 4960 2799 5016 sed
2825 4962 2889 5015 de
2916 4970 3063 5016 nocte
3095 4971 3322 5027 tantum,
3354 4963 3442 5018 his
3468 4960 3722 5017 versibus:

2243 5073 2392 5144 ΜηδῘ
2434 5071 2562 5144 ἄντ’
2593 5072 2832 5144 ,ἠελίριο
2873 5074 3272 5144 τετραμμένος
3308 5073 3487 5142 ὀρθὸς
3519 5067 3728 5140 ὀμιχεῖν

2098 5120 2142 5173 ι)
2241 5120 3281 5214 Χέἔὲἀρὶαὶείᾶἓξςὲῐῃτῖιὲῖιῖἔῆῖιὲὶρᾎὶ
3309 5120 3726 5199 ἷὶἶτῖδάἱεῖὥέα.

2176 5251 2298 5305 llaec
2326 5251 2579 5308 Salmasii
2608 5255 2771 5310 verba
2799 5264 2947 5319 sunt,
2978 5256 3034 5312 in
3066 5256 3267 5326 quibus
3299 5266 3612 5326 germanum
3635 5246 3729 5304 cri-

2175 5344 2364 5408 ticum,
2397 5343 2501 5398 hoc
2531 5353 2635 5410 est,
2675 5346 2816 5401 aeris
2849 5353 2904 5400 et
2943 5347 3200 5417 exquisiti
3243 5346 3432 5417 judieii
3477 5352 3728 5414 gramma-

2174 5432 2342 5486 ticum
2379 5447 2665 5503 agnoscas.
2711 5434 3008 5491 Hesiodum
3044 5446 3199 5508 putat
3244 5439 3310 5494 iis
3351 5437 3600 5492 versibus
3645 5444 3727 5485 ve-

2175 5521 2364 5586 tuisse,
2421 5539 2488 5578 ne
2546 5526 2667 5593 quis
2717 5525 2783 5581 de
2823 5535 2982 5583 nocte
3040 5539 3232 5584 contra
3280 5528 3448 5584 solem
3495 5525 3727 5580 meierct.

2175 5612 2315 5678 Quid
2353 5614 2454 5670 hoc
2489 5617 2716 5673 monstri
2752 5624 2853 5684 est,
2877 5618 3146 5677 obsecro?
3183 5617 3429 5691 Nunquis
3473 5616 3538 5674 de
3583 5618 3726 5671 nocui
