2014 3110
1 2529 43 2880 |
162 2595 207 2636 (ι)
222 2597 283 2638 νει.
296 2601 345 2630 cu

126 0 218 29 siodus.
236 3 264 25 ut
283 0 335 26 ista
361 0 511 27 scriberet?
536 0 622 28 llomo
650 6 747 28 acutus
767 9 821 28 non
834 1 901 28 vidit

124 45 186 71 duos
201 44 259 71 illos
273 51 369 71 versus
382 49 409 71 ct
421 45 555 72 sententia
567 49 593 72 et
605 46 825 80 iuterpunctione
840 54 900 74 esse

123 89 268 117 distractos.
283 88 321 115 lla
335 97 399 124 ergo
416 90 558 125 legendum
574 94 615 118 cst
635 100 640 117 :

154 145 223 182 Μηδξ
241 145 303 182 drft'
323 146 436 182 ᾐελίοιο
455 147 653 181 τετραμμένος
673 148 757 181 ὀρθὸς
774 148 898 182 ὀμιχεῖν.

154 180 245 214 Αὐτὰρ
263 180 329 206 ἐπει
339 189 385 215 γκε
401 180 457 214 δύῃ
479 182 667 215 μεμνημένος·
686 183 749 208 ἐστ’
765 180 900 215 ἀκιόἰθτα,

151 215 219 248 Μήτ’
241 215 276 241 ἐν
294 214 363 248 ὀδῷ,
383 216 452 250 μήτ’
469 214 555 249 ἐκτὸς
578 217 650 244 ὁδοῦ
672 217 827 251 προϐάδην
849 214 900 244 oi)?

152 283 224 319 Μηδ⁸
252 285 490 320 ἀπογυμνωθείς.
526 286 675 320 Μακάρων
710 253 901 358 τῑὲρηῖιῖξὲες

758 330 864 349 ασσιν.

758 330 864 349 ασσιν.

144 376 168 404 Id
186 380 230 405 est
245 385 253 403 :

152 430 236 466 Neque
260 435 351 457 contra
369 430 450 457 solent
469 438 607 457 conversus
623 435 706 458 rectus
722 431 820 464 mejito.

148 465 228 492 Porro
243 474 303 492 cunt
313 466 445 496 occiderit,
459 474 556 492 memor
569 473 648 500 usque
661 465 694 491 all
709 468 845 496 orientem,

150 500 235 534 Neque
254 502 282 526 in
299 501 339 527 cia
352 508 432 534 neque
443 505 517 526 extra
529 502 596 527 viam
610 501 752 534 gradiendo
765 502 863 533 melas;

149 534 234 570 Neque
247 535 397 562 denudatus
411 542 419 561 .‘
439 535 547 562 deorum
567 537 654 570 utique
670 541 757 563 noctes
773 543 844 563 sunt.

118 593 169 618 liuo
179 596 240 618 sunt
256 591 283 618 in
298 591 340 618 his
354 592 477 619 versibus
494 593 606 619 monita.
624 592 716 620 Primo
728 601 807 620 versu
825 601 895 628 prae-

116 636 184 671 cipit,
208 644 243 664 ue
273 642 368 664 contra
393 637 478 665 solem
504 639 585 665 meiat
613 639 769 673 quispiam,
795 639 828 666 de
852 639 896 667 die

117 682 200 717 utique
219 689 255 709 ac
279 682 337 710 sole
364 683 483 710 lucente.
501 683 705 712 Posterioribus
725 685 814 712 tribus
830 686 896 712 bor-

116 733 191 761 tstur,
207 733 237 756 ut
257 736 291 756 ne
307 732 369 764 post
393 736 523 756 occasum
541 730 625 757 solem
649 738 681 757 ac
699 735 778 758 nocte
799 731 894 757 ambu-

115 774 188 802 lando
198 774 294 808 meiat,
310 779 357 802 aut
369 776 528 803 denudatus
542 785 549 804 :
567 776 638 810 quod
651 777 732 803 etiam
754 777 827 804 nocti
850 785 898 805 vo-

114 821 211 848 neratio
230 821 357 856 quzedam
378 821 531 849 adhibenda
547 822 591 848 sit.
612 821 669 848 Etsi
685 822 826 849 conﬁdens
843 826 894 853 est,

115 873 143 893 ac
154 867 284 894 mortales
301 874 356 902 prae
371 875 400 894 se
415 867 565 895 contemnit
577 875 690 900 omnes;
707 867 748 894 vir
764 868 842 895 aliter
857 871 897 894 ta-

115 919 170 939 men
184 912 243 940 fore
264 916 328 948 puto
345 920 407 939 cum
435 913 491 940 hinc
519 912 624 947 legerit,
653 913 719 947 quin
745 912 788 940 sui
814 912 897 940 vehe-

117 962 212 985 menter
228 957 331 992 pudeat
351 958 451 993 ipsum,
470 965 502 985 ac
519 958 625 985 levibus
650 958 767 984 aliorum
791 958 897 984 delictis

114 1003 255 1038 Iquiorcm
277 1011 308 1031 se
322 1004 449 1039 praebeat,
466 1011 527 1031 cum
550 1007 625 1030 tanto
642 1003 767 1038 graviora
784 1006 811 1030 et
827 1004 897 1029 into-

115 1048 263 1076 lerahiliora
277 1049 313 1076 ab
328 1056 358 1077 se
376 1048 497 1084 proiecta
518 1049 652 1083 cognorit.
680 1049 732 1076 Sed
753 1056 897 1083 pergamus

116 1101 199 1128 porro.
224 1094 337 1122 Falsum
360 1094 459 1122 deinde
479 1095 575 1122 scribit
598 1095 669 1122 idem
697 1094 746 1130 (α),
769 1094 841 1129 quod
863 1095 897 1122 ad

115 1141 290 1176 Epiphaniam
315 1145 440 1169 notatum
465 1146 507 1169 est
531 1150 557 1176 p.
591 1141 636 1172 57,
665 1139 825 1168 Essenorum
850 1141 898 1167 hoc

115 1186 193 1220 fuisse
208 1188 398 1222 propriumut,
408 1188 463 1214 sole
472 1188 582 1219 oriente,
592 1194 679 1221 preces
689 1187 837 1221 funderent.
848 1187 897 1214 Hic

116 1241 174 1262 vero
189 1234 342 1262 constricta
359 1237 466 1261 tenetur
480 1233 600 1261 hominis
617 1233 741 1268 ἀκρισία.
762 1233 829 1260 Nam
843 1234 898 1260 duo

115 1280 257 1313 commisit,
282 1287 344 1315 quae
366 1279 440 1306 nulla
469 1279 694 1314 tergiversatione
723 1279 899 1306 dissimulare

115 1323 217 1357 poterit.
233 1323 369 1355 Primum,
391 1323 464 1358 quod
484 1323 530 1350 ille
552 1322 650 1350 falsum
673 1326 760 1358 putat,
783 1323 898 1350 verissi-

115 1375 184 1396 mum
200 1373 255 1403 est,
274 1371 302 1396 et
319 1368 459 1396 aPhilone
475 1368 559 1396 claris
582 1376 614 1395 ac
639 1369 793 1403 perspicuis
808 1369 900 1396 verbis

114 1414 213 1443 editum
232 1415 305 1442 libro
317 1415 384 1451 Περὶ
402 1414 461 1450 βίου
477 1414 718 1450 θεωρητικοῦ,ρῐιε.
733 1415 796 1446 612,
809 1416 854 1443 tibi
867 1415 901 1443 de

114 1459 222 1488 Essem
235 1461 370 1489 latissime
388 1461 493 1488 scribit.
515 1460 603 1488 Verba
615 1461 689 1488 illius
705 1471 711 1488 :
725 1461 773 1492 Δὶς
792 1461 822 1487 δὲ
838 1461 900 1488 καθ’

114 1506 229 1543 εκάστην
254 1506 363 1543 ἡμέραν
387 1506 514 1534 εἰώθασιν
538 1506 682 1541 εὔχεσθαι,
705 1507 769 1542 περὶ
785 1507 834 1542 τὴν
851 1507 898 1540 Em,

113 1552 157 1578 καὶ
171 1553 237 1589 περὶ
251 1552 301 1588 τὴν
313 1553 448 1589 ἑσπέραν·
466 1553 542 1587 ἡλίου
560 1553 609 1588 μὲν
623 1552 788 1588 ἀνίσχοντος,
800 1552 902 1588 εὐημε-

115 1597 175 1631 ρίας
191 1598 348 1633 αἰτούμενοι
363 1598 412 1634 τὴν
427 1598 511 1631 ὅντως
525 1599 686 1634 εὐημερίαν,
706 1599 795 1633 φωτὸς
818 1599 901 1634 οὐρα-

113 1642 168 1670 νίου
181 1643 362 1680 τὴνδιάνοιαν
373 1643 462 1671 αὐτῶν
480 1644 699 1680 ἀναπλησθῆναι.
718 1644 764 1672 Bia
784 1652 902 1680 unoquo-

113 1695 161 1722 que
175 1689 220 1716 die
234 1690 339 1724 precari
362 1689 455 1723 solent,
479 1690 527 1716 sub
552 1698 678 1717 auroram
699 1695 724 1717 et
743 1698 875 1725 vesperam
891 1698 900 1716 :

113 1734 214 1763 Oriente
233 1735 338 1771 quidem
363 1736 418 1763 sole
445 1744 532 1763 veram
553 1736 636 1770 fausti
660 1736 713 1763 diei
736 1736 901 1771 faustitatem

113 1781 288 1814 postulantes,
306 1781 432 1808 nimirum
453 1786 481 1808 ut
503 1782 621 1815 ipsorum
641 1790 713 1809 mens
734 1782 832 1808 cretein
846 1782 902 1808 luce

113 1826 256 1861 repleatur.
276 1828 315 1856 lta
331 1835 383 1855 nos
403 1828 554 1863 εὐημερίας
570 1828 720 1863 εὐημερίαν
741 1828 902 1863 interpreta-

115 1878 197 1906 ntur,
221 1873 261 1900 uti
291 1873 369 1909 prius
397 1873 498 1908 felicem
533 1873 585 1900 diei
612 1881 734 1903 cursum;
767 1873 902 1908 posterius

112 1916 282 1952 [mallent
293 1926 326 1947 ac
337 1919 492 1954 felicitatem
507 1919 630 1946 absolute
645 1918 790 1953 signiticet.
805 1918 902 1946 Iamne

114 1962 330 1998 ’Idetlevitatis
341 1985 349 1998 ,
367 1968 415 1992 aut
433 1965 460 1992 id
476 1964 574 1992 falsum
589 1970 640 1998 est,
657 1965 786 1996 Essenos.
797 1965 902 1992 oriente
919 1960 940 1987 D

113 2008 186 2043 Iole,
203 2011 306 2046 precari
332 2010 529 2039 consuevisse?
556 2010 718 2045 Quanquam
752 2011 778 2037 id
803 2018 853 2046 ego
877 2010 905 2038 in

113 2054 391 2085 Ammonius
399 2056 594 2091 Epiphanianis
603 2064 657 2084 non
667 2064 681 2083 a
694 2063 736 2084 me
746 2056 906 2090 pronuntia-

113 2108 190 2136 ns,
207 2104 251 2132 led
266 2103 379 2140 Jouphi
401 2103 534 2139 Sealigeri
547 2103 713 2131 sententiam
728 2102 878 2130 referebam
896 2111 903 2129 :

113 2147 167 2183 11ιί
178 2149 340 2178 ItOsu-nos
355 2157 417 2177 cum
440 2149 550 2178 Essenis
565 2149 675 2177 eosdem
692 2148 822 2183 probaret
832 2155 904 2180 esse,

113 2193 260 2230 udisque
275 2198 358 2224 secta:
369 2194 478 2230 propria
493 2195 564 2222 inter
578 2202 608 2222 se
623 2193 807 2229 comparabat,
825 2198 906 2228 atque

112 2237 248 2276 “Quod
257 2241 324 2274 dixi,
331 2242 472 2277 proprium
479 2241 644 2269 Essenorum
654 2239 739 2267 tuisse
749 2247 781 2266 ex
792 2238 907 2266 Philone

114 2280 296 2315 IOI'Itrahat.
311 2285 402 2315 Locus
413 2290 456 2315 est
468 2294 528 2322 cap.
539 2286 575 2313 27
591 2285 742 2313 Triltteresii
758 2292 784 2319 p.
800 2284 864 2315 2|5.
878 2289 907 2311 ut

114 2328 169 2357 τοι
181 2334 388 2365 exeoeonstet,
413 2338 515 2359 caecum
533 2331 609 2358 illum
631 2331 658 2358 in
680 2329 906 2366 reprehendendo

116 2372 204 2409 15-“.
222 2383 348 2406 securum
375 2380 404 2406 et
429 2377 553 2406 veritatis
577 2381 603 2405 et
627 2378 729 2413 publici
750 2377 785 2406 de
804 2375 837 2405 se
858 2375 906 2412 ju-

115 2418 204 2449 ω

158 2462 258 2509 ἴση
270 2469 352 2505 hujus
366 2469 475 2506 generis
493 2474 588 2497 caetera
605 2477 778 2507 pertegamus
794 2479 801 2499 :
820 2476 836 2498 e
847 2467 908 2504 qui-

118 2507 183 2547 ”...
200 2507 310 2555 itii-lare
322 2514 395 2542 istud
413 2519 465 2547 est,
482 2514 552 2549 quod
569 2513 600 2543 de
624 2515 737 2560 EsSenis
755 2521 907 2551 eorumun

162 2595 207 2636 (ι)
222 2597 283 2638 νει.
296 2601 357 2630 ou.

953 6 1102 38 quaistioue
1117 10 1199 39 esset,
1216 5 1338 33 funditus
1351 7 1495 41 ignoravit.
1504 7 1561 34 Duo
1573 7 1739 35 Essenorum

952 57 1051 83 genera
1078 50 1199 82 fuerunt,
1223 51 1337 78 alterum
1363 52 1417 78 τῶν
1440 53 1608 88 πρακτικῶν,
1624 54 1739 80 alterum

951 94 1005 120 τῶν
1022 95 1206 131 θεωρητικῶν.
1224 97 1263 124 illi
1286 105 1381 125 rursus
1405 98 1529 125 bifariam
1556 99 1654 131 divisi;
1676 107 1738 126 nam

952 142 997 167 alii
1012 142 1114 178 ἄγαμοι
1131 147 1157 171 et
1174 144 1285 171 cmlibcs
1298 144 1417 177 fuerunt,
1429 145 1473 172 alii
1487 145 1590 179 nuptiis
1602 146 1737 180 impliciti.

952 186 989 214 De
1003 187 1172 216 Thcorcticis
1199 190 1274 217 solus
1291 189 1368 216 Philo
1394 191 1526 222 meminit,
1543 192 1611 218 libro
1626 193 1671 226 qui
1694 192 1738 218 in-

953 234 1084 261 scribitur
1098 235 1165 269 Ilspi.
1177 235 1234 269 βίου
1249 235 1415 270 θεωρητικοῦ
1429 236 1445 271 ἢ
1461 237 1557 263 ἱκετῶν
1568 237 1688 272 ἀρετῶν,
1704 238 1737 264 de

952 280 1058 307 caeteris
1073 288 1134 306 cum
1149 281 1205 314 ipse
1213 280 1290 307 Philo
1302 281 1419 308 breviter
1436 282 1504 308 libro
1511 281 1572 308 Ὀτι
1585 284 1637 314 πᾶς
1654 291 1738 309 σπου-

951 325 1025 356 δαῖος
1052 324 1202 359 ἐλεύθερος,
1220 330 1246 351 el
1272 326 1300 351 in
1328 326 1458 360 Apologia
1472 334 1520 361 pro
1535 327 1647 358 Iudaeis,
1660 328 1739 362 cujus

952 369 1134 404 fragmentum
1146 374 1236 398 exstat
1249 371 1319 405 apud
1333 370 1478 398 Eusebium
1489 373 1535 398 lib.
1547 381 1594 399 vui
1607 373 1643 399 De
1657 366 1750 408 prwp.’

951 423 1042 449 evang.
1058 412 1118 450 cap.
1139 416 1181 447 i2,
1196 420 1252 443 tum
1271 424 1334 443 vero
1350 416 1596 452 Joscphusaliquot
1612 418 1638 445 in
1657 419 1739 451 locis,

951 462 998 489 sed
1028 462 1152 497 inprimis
1167 463 1214 490 lib.
1235 471 1253 490 ιι
1280 463 1318 489 De
1343 463 1456 495 excidio,
1474 471 1534 498 cap.
1550 463 1578 495 6,
1604 472 1634 491 ex
1654 473 1741 499 eoque

951 506 1122 542 Porphyrius
1136 508 1182 534 lib.
1200 516 1236 539 ιν,
1254 508 1323 542 Περὶ
1343 508 1472 542 ἀποχῆς.
1486 509 1634 540 Quarsitum
1652 514 1693 537 est
1706 511 1740 537 ab

950 552 1064 580 eruditis
1072 553 1240 585 hominibus,
1249 554 1345 588 ecquid
1355 553 1504 580 Christiani
1514 553 1614 580 fuerint
1626 554 1738 581 Esseni:

951 605 1003 625 non
1021 598 1058 624 illi
1071 598 1180 632 quidem
1201 598 1311 633 Josephi
1328 599 1484 634 πρακτικοί,
1501 599 1548 625 sed
1568 598 1740 634 Οειυρητικοί,

951 647 1032 677 atque
1047 651 1062 670 a
1076 645 1135 671 solo
1146 644 1260 671 Philone
1275 645 1491 672 commemorati.
1506 645 1641 672 Eusebius
1661 645 1707 672 lib.
1721 652 1739 671 ιι

951 689 1020 716 Ilist.
1041 689 1263 723 ecclesiast.,cap.
1280 690 1321 721 l7,
1334 690 1504 716 Christianos
1517 688 1602 717 luisse
1616 690 1744 720 credidit,

951 743 983 763 ac
1000 736 1137 770 plerisque
1155 736 1291 769 persuasit
1311 744 1317 762 :
1334 735 1359 761 in
1375 732 1469 769 primis
1490 734 1654 769 Hieronymo
1672 735 1743 761 libro

951 781 989 808 De
1019 782 1110 815 script.
1140 781 1279 813 ecclec.,in
1299 779 1392 806 Marco
1414 783 1440 806 et
1463 779 1584 806 Philone.
1603 779 1742 814 Nugaruut

951 827 1007 858 alii,
1035 831 1065 854 ut
1094 826 1270 853 Philastrius.
1302 825 1361 852 Non
1392 829 1434 853 est
1459 825 1510 851 hoc
1538 825 1598 851 loco
1623 824 1741 851 instituti

950 872 1039 899 nostri
1063 872 1136 898 litem
1164 871 1233 898 hanc
1249 878 1422 905 componere.
1448 870 1573 897 Tentarit
1593 869 1618 896 id
1631 870 1742 903 jamdu-

950 917 1014 944 dum
1046 918 1187 945 Serrarius
1211 922 1313 949 noster,
1332 920 1428 943 contra
1450 916 1599 951 Josephum
1618 915 1740 950 Scalige-

951 969 1011 988 rum
1032 966 1059 988 et
1085 961 1236 995 Drusium;
1267 969 1383 996 quorum
1405 962 1529 996 ingentes
1550 960 1611 987 libri
1644 961 1693 987 hac
1709 960 1743 988 de

951 1014 1004 1033 una
1022 1007 1209 1034 controversia
1224 1007 1289 1034 editi
1306 1010 1434 1034 teruntur
1452 1007 1574 1034 omnium
1595 1006 1741 1033 manibus:

953 1058 982 1080 ut
994 1052 1107 1084 nemini,
1124 1053 1176 1080 nisi
1191 1053 1343 1079 litterarum
1359 1052 1478 1079 omnium
1495 1051 1620 1086 rudi,qui
1633 1051 1743 1086 quidem

952 1097 984 1124 de
1010 1097 1121 1125 Essenis
1152 1098 1253 1132 aliquid
1274 1098 1358 1129 norit,
1380 1097 1488 1125 nescire
1503 1097 1575 1124 istud
1598 1097 1696 1129 liceat;
1710 1095 1745 1123 de

952 1142 1121 1175 Philonianis
1147 1142 1260 1170 Esscnis
1283 1151 1315 1170 ac
1331 1142 1511 1175 Theorcticis,
1529 1142 1630 1170 nonde
1651 1143 1745 1170 alteris

951 1174 987 1215 ab
1004 1188 1124 1223 Josepbo
1140 1188 1286 1222 descriptis
1300 1188 1411 1223 ambigi.
1427 1195 1489 1215 cum
1505 1174 1653 1222 rqiimritur.
1665 1188 1744 1214 Clui-

952 1233 1035 1260 stiani
1067 1241 1153 1260 necne
1178 1233 1278 1259 iuerint
1302 1232 1408 1260 Esscui.
1435 1233 1468 1259 At
1493 1232 1545 1259 istc
1568 1231 1743 1267 (Salmasius)

953 1280 1034 1307 unius
1048 1279 1170 1314 Josephi,
1190 1284 1218 1307 et.
1237 1281 1271 1307 ab
1288 1287 1320 1307 eo
1341 1280 1438 1314 proditi
1459 1279 1558 1306 litteris
1580 1279 1744 1306 Essenorum

951 1325 1059 1359 generis
1071 1326 1203 1352 rationem
1219 1325 1313 1352 habuit
1326 1335 1332 1352 :
1347 1324 1468 1352 Philonis
1484 1332 1516 1351 ac
1523 1324 1744 1351 Theoreticorum

952 1371 1119 1399 Essenorum
1146 1379 1179 1399 ne
1208 1372 1297 1399 littera
1319 1371 1430 1406 quidem
1453 1371 1577 1398 meminit
1598 1379 1604 1396 :
1625 1377 1695 1405 quos
1711 1377 1746 1396 ue

953 1415 1034 1443 laudo
1055 1415 1165 1450 quidem
1185 1415 1423 1450 didicituuquam.
1436 1415 1500 1443 inde
1515 1419 1568 1447 est,
1586 1415 1659 1450 quod
1675 1414 1745 1449 falco

952 1469 1017 1487 ame
1035 1461 1163 1494 scriptum
1179 1461 1307 1491 credidit,
1320 1460 1439 1488 Essenos
1457 1461 1563 1488 oriente
1577 1462 1635 1488 sole
1650 1468 1745 1496 preces

952 1507 1069 1535 fundere
1084 1516 1092 1535 :
1106 1507 1170 1542 quia
1194 1515 1245 1534 non
1261 1507 1302 1534 llic
1315 1513 1363 1539 est,
1394 1507 1492 1542 inquit,
1514 1506 1621 1541 Iosephi
1641 1515 1744 1534 sensus.

953 1552 1035 1587 Atqui
1057 1551 1168 1588 Josephi
1184 1552 1257 1579 nulla
1270 1552 1351 1579 isthic
1362 1560 1377 1578 a
1395 1552 1473 1579 nobis
1491 1551 1561 1578 facta
1574 1552 1675 1578 mentio
1691 1555 1744 1582 est.

953 1599 1013 1632 sed,
1030 1596 1059 1626 ιιῒ
1077 1599 1143 1630 dixi,
1163 1598 1304 1625 Philonem
1335 1598 1400 1632 legit
1431 1604 1582 1632 nunquam,
1613 1604 1693 1631 quem
1717 1597 1744 1624 in

952 1644 1047 1679 grandi
1066 1644 1113 1670 illo
1134 1651 1215 1677 opere
1234 1650 1268 1669 ne
1285 1643 1368 1670 semel
1386 1641 1494 1676 quidem
1511 1641 1642 1668 laudavit.
1659 1641 1690 1667 Et
1703 1645 1746 1667 ta-

953 1698 1016 1717 men
1042 1693 1188 1723 postquam
1216 1688 1250 1715 dc
1281 1687 1394 1715 Esscnis
1424 1686 1558 1714 Practicis
1575 1694 1607 1713 ex
1627 1685 1746 1720 Josepho

953 1735 1039 1762 multa
1064 1734 1206 1767 disseruit,
1235 1734 1331 1767 nugari
1356 1735 1432 1767 putat
1448 1740 1492 1759 eos
1506 1732 1551 1767 qui
1563 1740 1678 1758 asserere
1698 1740 1746 1758 au.

953 1780 1024 1812 deut,
1035 1788 1079 1807 eos
1090 1780 1116 1806 in
1130 1783 1213 1806 totum
1229 1778 1396 1806 Christianos
1407 1778 1499 1812 fuisse.
1517 1777 1600 1810 Quasi
1617 1777 1650 1805 de
1667 1777 1747 1805 Esse-

954 1826 996 1854 nis
1015 1825 1136 1860 Iosephi,
1155 1825 1200 1860 qui
1220 1825 1256 1852 ita
1286 1823 1417 1855 sentiunt,
1437 1823 1464 1850 id
1479 1827 1620 1857 asserant;
1640 1826 1667 1850 et
1692 1830 1746 1850 non

954 1871 988 1899 de
1012 1870 1180 1898 Philontunis
1206 1869 1297 1905 potius
1323 1875 1355 1896 ac
1370 1868 1551 1902 Theoreticis,
1572 1868 1619 1904 qui
1639 1867 1673 1895 ab
1692 1867 1746 1895 illis

955 1916 1067 1952 Josepbi
1088 1916 1237 1952 plurimum
1249 1915 1362 1943 distant.

1260 1979 1376 2009 CAPUT
1399 1979 1431 2007 ll.

957 2039 994 2066 De
1015 2038 1121 2066 Essem’s
1137 2038 1298 2065 Theoreticis
1316 2042 1340 2065 et
1358 2037 1500 2064 Practicis.
1518 2037 1648 2064 Salmasii
1661 2045 1746 2063 error.

994 2074 1170 2101 Tertulliamtr
1188 2073 1220 2100 ab
1233 2082 1263 2100 ea
1277 2073 1446 2107 deprauatus.
1469 2072 1592 2098 Ridicula
1612 2072 1644 2098 de
1669 2080 1747 2098 voca-

991 2109 1052 2135 bulo
1083 2113 1219 2135 mortuum
1236 2109 1344 2142 opinion
1361 2107 1466 2133 Plinius
1480 2107 1512 2132 ab
1536 2106 1626 2133 eodem
1642 2107 1748 2142 minime

991 2144 1138 2170 intellectus
1157 2143 1314 2176 explicatur.
1331 2141 1521 2176 Patronymica
1542 2142 1650 2168 nomina
1666 2141 1748 2167 etim

993 2187 1008 2206 a
1035 2175 1283 2210 civitatibus'dicta,
1300 2181 1393 2204 contra
1407 2175 1486 2212 quam
1498 2175 1632 2203 Salmasio
1650 2176 1745 2204 visum.

993 2234 1031 2263 De
1059 2234 1155 2262 iisdem
1184 2233 1295 2262 Essenis
1314 2232 1420 2260 Plinius
1445 2231 1493 2260 lib.
1513 2239 1540 2265 ν,
1560 2239 1622 2266 cap.
1641 2230 1685 2262 Π,
1708 2231 1746 2258 ita

958 2280 1073 2308 scribit:
1086 2279 1124 2306 Ab
1146 2279 1278 2306 occidente
1298 2278 1391 2305 littora
1409 2277 1502 2305 Eueni
1518 2277 1643 2313 fugitant,
1666 2284 1748 2312 Itaque

959 2335 1010 2362 qua
1023 2331 1125 2359 nocent.
1137 2335 1199 2363 gens
1215 2326 1284 2358 sola,
1298 2330 1322 2353 et
1339 2326 1367 2352 in
1380 2329 1434 2353 toto
1449 2325 1510 2352 orbe
1524 2329 1621 2360 prwter
1639 2328 1748 2351 crateras

960 2372 1039 2403 mira,
1055 2372 1110 2398 sine
1124 2371 1181 2398 ulla
1201 2371 1310 2406 femina,
1334 2370 1405 2398 omni
1421 2378 1513 2398 venere
1531 2368 1666 2401 abdicata,
1691 2368 1749 2396 clue

959 2417 1079 2452 pecunia.
1099 2417 1170 2444 socia
1180 2416 1343 2450 palmarum,
1367 2419 1421 2443 etc.
1438 2414 1476 2442 De
1489 2420 1608 2449 quouaut
1626 2413 1747 2440 Esseno-

959 2471 1019 2491 rum
1039 2469 1139 2498 genere
1166 2461 1338 2497 intelligenda
1364 2460 1420 2489 sint
1445 2460 1508 2492 ista,
1535 2459 1634 2487 merito
1661 2458 1748 2494 quaeri

959 2512 1057 2545 potest.
1090 2508 1137 2537 sed
1170 2507 1204 2535 de
1224 2506 1393 2536 'l‘licorcticis
1413 2505 1568 2542 persuadet,
1587 2504 1660 2541 quod
1687 2511 1748 2536 eam

1958 1259 1959 1271 ι

1960 1628 1961 1644 ι

1960 1694 1961 1706 ι

1960 1768 1963 1786 l

1962 1806 1964 1829 ι

1958 0 2014 2044 ᾗ

1980 1951 1985 1971 \i
