4028 6220
390 300 495 357 635

1736 289 1917 347 DION.
1960 289 2304 348 PETAVIUS

3562 298 3671 355 6'56

392 428 606 490 gentem
634 417 803 475 solam
826 417 1080 487 appellat,
1116 415 1218 469 hoc
1249 422 1354 477 est,
1388 411 1688 469 solitariam
1722 419 1777 467 et
1816 426 1844 465 a
1876 426 1971 481 po-
2002 415 2043 469 A
2075 410 2238 478 fuisse
2266 410 2346 466 vel
2371 409 2548 465 littera
2596 408 2887 480 significat,
2935 409 3135 464 nedum
3174 408 3227 464 id
3273 424 3440 463 unum
3475 413 3661 481 operis

392 512 645 581 pulorum
685 509 985 578 frequentia
1029 506 1334 574 sejunctatn
1381 514 1531 559 :tum
1580 505 1726 574 quod
1763 504 1966 572 palma-

394 616 511 655 rum
529 601 724 655 sociant
746 615 859 653 esse
882 597 1036 661 dicit,
1061 596 1163 650 hoc
1203 606 1306 660 est,
1336 598 1390 651 in
1428 596 1698 666 palmetis,
1730 595 1973 665 adeoque

391 690 623 744 desertis
659 688 813 751 locis,
870 695 1085 741 aetatem
1115 685 1332 756 degere.
1384 686 1498 741 Hoc
1537 694 1596 741 ut
1632 685 1973 741 Theoretieis

392 796 457 834 ac
486 780 820 834 Philonianis
848 779 1070 835 Essenis
1109 780 1382 851 congruit,
1418 780 1499 835 sic
1535 794 1562 832 a
1592 777 1972 835 Practicorum

391 872 660 926 institutis
717 872 995 926 abhorret.
1047 871 1228 927 Testis
1267 879 1350 926 est
1402 870 1580 934 Philo,
1619 872 1829 942 priores
1851 870 1974 924 illos

393 971 542 1016 extra
575 964 774 1017 mmnia
829 972 883 1018 et
923 965 1121 1034 oppida
1155 967 1208 1019 in
1245 966 1420 1021 hortis
1454 980 1519 1019 ac
1555 965 1866 1020 secessibus
1888 964 1977 1019 de-

392 1070 539 1123 gere,
574 1063 625 1109 et
649 1056 969 1111 solitudines
1001 1059 1250 1127 persequi
1287 1076 1299 1111 :
1339 1057 1547 1127 Τειχῶν
1566 1055 1670 1121 ἔξω
1696 1056 1975 1109 ποιοῦνται

390 1146 489 1207 τὰς
514 1145 795 1216 διατριϐὰς
822 1147 878 1199 ὲν
905 1147 1123 1214 κήποις,
1159 1146 1192 1216 ἢ
1228 1146 1563 1216 μοναγρίοις,
1615 1144 1850 1215 ἐρημίαν
1876 1161 1976 1214 με·-

391 1237 766 1301 ταδιώκοντες.
801 1238 1102 1308 praesertim
1155 1239 1211 1291 in
1271 1236 1526 1307 Egypto,
1562 1242 1615 1289 et
1642 1235 1710 1287 ad
1765 1233 1975 1290 blmrim

396 1333 595 1396 lacum,
638 1334 773 1385 mari
816 1331 1054 1384 vicinum
1088 1347 1102 1383 :
1136 1344 1244 1399 quo
1282 1329 1591 1396 frequentes
1633 1322 1850 1380 illorum
1888 1338 1978 1378 co-

395 1422 553 1475 lonia:
590 1429 919 1484 commeant,
969 1428 1190 1490 propter
1243 1419 1347 1474 loci
1394 1418 1880 1488 Opportunitatem,
1912 1429 1977 1470 ac

394 1513 520 1565 ςαξιί
553 1512 933 1565 salubritatem
972 1529 984 1563 :
1018 1510 1165 1580 quod
1218 1511 1307 1566 ille
1341 1517 1550 1565 tractus
1579 1509 1795 1564 lenibus
1830 1508 1978 1562 auris

394 1619 425 1657 e
458 1603 765 1673 propinquo
784 1604 919 1657 mari
953 1601 1231 1673 perﬂatur.
1264 1602 1447 1668 Addit,
1470 1611 1523 1657 et
1543 1602 1670 1656 alibi
1706 1609 1977 1655 terrarum

397 1694 537 1748 hanc
585 1710 709 1749 esse
771 1706 1001 1763 sectam,
1038 1695 1306 1765 πολλαχοῦ
1360 1695 1462 1764 τῆς
1513 1693 1861 1763 οἰκουμένης.
1905 1690 1977 1745 De

394 1782 659 1839 Practicis
678 1783 1148 1854 refertJosophus,
1167 1800 1262 1840 eos
1279 1786 1332 1838 in
1357 1785 1585 1839 urbibus
1608 1785 1832 1854 degere:
1861 1782 1977 1835 Μία

392 1873 449 1925 δὲ
478 1874 577 1926 οὐκ
603 1874 749 1926 ἐστιν
770 1874 952 1927 αὐτῶν
985 1875 1138 1938 πόλις
1156 1892 1167 1905 ·
1197 1875 1317 1928 ἀλλἰ
1337 1876 1395 1928 ἐν
1423 1874 1627 1946 ἑκάστῃ
1665 1871 1978 1944 μετοικοῦσι

395 1965 598 2018 πολλοὶ.
637 1965 753 2019 Una
788 1968 1023 2034 ipsorum
1069 1967 1252 2020 civitas
1274 1983 1376 2020 non
1405 1976 1503 2030 est,
1538 1965 1625 2019 sed
1649 1964 1980 2034 singularum

394 2057 641 2126 inquilini
672 2068 792 2110 sunt
839 2057 1035 2125 plures.
1091 2056 1215 2111 Mox
1240 2072 1255 2110 :
1280 2057 1547 2127 Κηδεμὼν
1585 2056 1641 2109 δὲ
1682 2058 1738 2110 ἐν
1776 2056 1979 2125 ἑκάστῃ

394 2148 547 2200 πόλει
579 2147 673 2201 τοῦ
706 2149 985 2218 τάγματος
1003 2147 1281 2220 ἐξαίρετος
1323 2148 1429 2201 τῶν
1466 2148 1632 2214 ξένων
1668 2144 1985 2199 ἁποδείκνυ·

393 2254 504 2302 ται,
528 2238 593 2292 In
622 2238 855 2303 qualibet
898 2240 1024 2292 urbe
1056 2254 1121 2292 ea:
1159 2239 1336 2293 eodem
1379 2238 1597 2308 collegio
1636 2245 1856 2291 curator
1884 2235 1980 2289 Ito-

394 2330 587 2395 spitum
604 2330 851 2396 specialis
883 2329 1121 2398 eligitur.
1155 2328 1279 2381 Haec.
1311 2337 1440 2381 sunt
1489 2334 1833 2397 argumento,
1872 2324 1983 2378 Pli-

396 2418 919 2486 niidescriptiouem
988 2417 1053 2469 ad
1114 2417 1469 2471 Theoreticos
1518 2428 1573 2471 et
1623 2416 1982 2470 Philonianos

394 2508 629 2560 maxime
660 2507 952 2575 pertinere.
980 2506 1329 2574 Inquiramus
1357 2506 1519 2559 modo
1556 2522 1720 2574 quam
1754 2506 1894 2559 belle
1924 2521 1983 2559 se

394 2600 462 2653 ad
500 2597 737 2653 Plinium
774 2615 935 2654 suum
984 2599 1291 2653 Salmasius
1331 2600 1659 2653 exercuerit.
1705 2598 1983 2667 Principio

395 2690 465 2745 dc
488 2691 621 2746 solis
656 2690 880 2745 Essenis
902 2689 1147 2760 .losephi,
1169 2690 1264 2760 qui
1295 2689 1531 2744 Practici
1564 2697 1713 2754 sunt,
1742 2689 1981 2744 Plinium

394 2783 638 2852 exponit.
659 2780 776 2836 Non
805 2781 951 2837 enim
977 2782 1202 2836 alterius
1224 2784 1439 2849 generis
1467 2781 1798 2836 mentionem
1833 2780 1979 2852 facit:

398 2846 535 2935 llos,
578 2873 654 2926 ait
709 2872 809 2943 (a),
870 2872 1052 2926 littora
1108 2846 1329 2944 fugisse,
1374 2882 1431 2926 ut
1481 2874 1737 2927 interiora
1776 2846 1998 2935 Juda'az.

397 2961 717 3019 habitarent.
781 2962 908 3017 Ideo
947 2979 1105 3032 porro
1175 2964 1451 3034 fugiebant
1503 2982 1665 3027 mare,
1724 2976 1773 3018 et
1823 2982 1981 3035 quant

2080 500 2365 556 habuisse.
2398 501 2588 557 Varias
2617 499 2763 555 enim
2796 507 2944 554 artes
2971 500 3343 565 exercebant;
3380 515 3504 553 nam
3530 502 3677 556 dilu-

2076 594 2199 648 culo
2231 594 2366 663 πρὸς
2397 592 2463 656 ἂς
2484 593 2703 646 ἕκαστοι
2740 592 2933 662 τέχνας
2969 592 3147 645 ἴσασιν
3167 592 3285 644 ὑπὸ
3330 590 3440 644 τῶν
3468 593 3667 664 ἐπιμε-

2076 686 2257 757 λητῶν
2280 687 2584 756 διαφίενται
2611 704 2623 716 ·
2652 685 2720 738 ad
2742 702 2831 739 eas
2865 693 3029 749 artes,
3063 701 3291 753 quarum
3328 687 3487 753 periti
3522 694 3668 750 sunt,

2075 778 2393 834 exercendas
2475 795 2508 831 a
2565 778 2831 848 pra'fectis
2886 778 3232 831 dimittuntur
3296 777 3363 830 ad
3417 779 3668 847 quintam

2078 885 2291 939 usque:
2322 885 2428 941 qua
2460 870 2515 924 in
2539 885 2707 924 unum
2749 869 3149 923 conveniebant
3188 868 3254 921 ad
3277 869 3566 939 prandium
3596 884 3611 931 ;
3643 884 3673 922 a

2080 978 2189 1033 quo
2220 962 2416 1016 iterum
2475 960 2541 1015 ad
2582 973 2863 1030 vesperam
2898 959 2950 1012 in
2983 973 3147 1028 opere
3192 958 3557 1010 habebantur.
3592 956 3670 1010 Ex

2081 1055 2166 1109 his
2200 1054 2424 1108 evidens
2453 1059 2560 1118 est,
2589 1060 2683 1105 aut
2726 1051 2863 1106 istos
2891 1050 3240 1121 agricultura:
3281 1066 3389 1103 non
3416 1064 3669 1111 vacasse,

2079 1152 2173 1197 aut
2202 1157 2311 1197 non
2358 1142 2582 1197 unicum
2637 1142 2741 1195 hoc
2774 1156 2946 1212 genus
2981 1141 3117 1194 artis
3178 1141 3500 1197 instituisse.
3560 1140 3670 1195 Sed

2079 1251 2257 1305 neque
2314 1235 2705 1289 commercium
2765 1247 2927 1287 omne
2998 1230 3345 1300 repudiasse;
3397 1247 3521 1286 nam
3573 1234 3672 1303 qui

2081 1336 2225 1384 artes
2241 1327 2444 1391 varias,
2479 1342 2616 1397 quas
2655 1325 2891 1395 quisque
2920 1331 3101 1385 norat,
3128 1324 3478 1385 exercebant,
3514 1340 3671 1394 quae-

2082 1428 2226 1475 stum
2289 1419 2476 1487 utique
2537 1416 2831 1481 faciehant,
2893 1427 2957 1467 ac
3027 1414 3111 1467 vel
3162 1429 3359 1483 operas
3398 1429 3553 1479 suas,
3582 1414 3672 1469 vel

2082 1510 2281 1564 artium
2330 1522 2495 1577 opera
2526 1506 2900 1561 venditabant.
2932 1505 3217 1561 Postremo
3260 1506 3396 1559 nihil
3435 1504 3673 1560 Essenos

2081 1601 2279 1656 emisse
2310 1614 2485 1668 neque
2518 1597 2832 1652 vendidisse
2862 1613 2971 1651 non
3006 1598 3199 1652 scribit
3237 1595 3534 1665 Josephus,
3572 1597 3671 1651 sed

2084 1692 2314 1761 invicem
2347 1709 2359 1744 :
2392 1688 2558 1743 (ὶὺδὲν
2602 1690 2661 1741 ὲν
2690 1687 2938 1759 ἀλλήλοις
2983 1687 3106 1740 οὔτε
3132 1687 3512 1757 ἀγοράζουσιν,
3545 1687 3674 1739 οὔτε

2080 1782 2372 1837 πωλοῦσιν.
2408 1780 2559 1834 Nihil
2606 1783 2743 1835 inter
2779 1797 2835 1835 se
2880 1790 3057 1834 emunt
3101 1790 3191 1833 aut
3229 1780 3473 1833 vendunt.
3523 1781 3675 1834 lntcr

2080 1892 2161 1936 se.
2196 1875 2293 1942 ait,
2326 1890 2434 1929 non
2458 1874 2712 1928 καθόλου.
2746 1873 2844 1927 Eat
2881 1888 3052 1937 nunc,
3087 1883 3141 1927 et
3186 1872 3353 1927 falsos
3383 1872 3673 1942 conjecto-

2082 1983 2173 2023 res
2230 1983 2333 2023 nos
2367 1983 2491 2023 esse
2528 1967 2695 2028 dicat,
2731 1980 2854 2019 cum
2896 1975 3108 2019 veteres
3138 1965 3206 2017 ah
3248 1980 3314 2019 co
3340 1972 3675 2033 scriptores,

2081 2075 2222 2131 quos
2253 2061 2410 2125 citat,
2460 2074 2568 2113 non
2600 2058 2707 2113 nisi
2766 2057 2987 2127 rapthn,
3030 2071 3093 2112 ae
3128 2072 3226 2127 per
3257 2056 3464 2111 indices
3494 2063 3591 2110 aut
3619 2059 3676 2111 in

2083 2154 2316 2207 aliorum
2366 2149 2775 2207 commentariis
2826 2150 2999 2204 lectos
3050 2164 3175 2203 esse
3209 2164 3333 2202 cum
3379 2146 3677 2203 Kerkoetio

2082 2244 2390 2297 docuimus.
2427 2241 2713 2307 Quantivis
2752 2240 2821 2294 ad
2855 2239 2997 2295 hanc
3036 2237 3338 2309 augendam
3389 2239 3674 2309 suspicio-

2081 2349 2206 2387 nem
2240 2333 2525 2388 Plinianus
2555 2334 2659 2387 iste
2698 2331 2853 2385 locus
2891 2339 3016 2386 est:
3049 2330 3207 2398 cujus
3235 2330 3456 2399 quidem
3492 2328 3677 2385 facilis

2083 2433 2248 2491 atque
2276 2421 2547 2491 explicata
2585 2419 2857 2477 sententia
2890 2426 2997 2483 est,
3032 2418 3079 2474 si
3112 2418 3239 2488 quis
3268 2419 3551 2487 paululum
3580 2419 3675 2475 his

2083 2513 2136 2565 in
2167 2513 2361 2566 litteris
2419 2512 2620 2581 sapiat.
2656 2512 2734 2564 Ab
2785 2509 3069 2573 occidente,
3096 2509 3174 2563 ait
3202 2508 3436 2570 Plinius,
3488 2509 3677 2564 littora

2084 2603 2269 2658 Esseni
2302 2603 2555 2673 fugitant,
2575 2619 2844 2672 usquequa
2870 2611 3075 2655 nocent.
3109 2599 3181 2655 De
3209 2599 3519 2669 Asphaltite
3548 2600 3677 2654 lacu

2082 2695 2196 2751 sive
2229 2695 2367 2749 mari
2392 2692 2604 2748 Mortuo
2645 2693 2945 2764 capiendus
2977 2703 3079 2755 est,
3105 2692 3197 2761 qui
3218 2692 3408 2746 letales
3424 2692 3679 2760 exspirat

2082 2801 2265 2850 auras,
2326 2794 2382 2841 et
2418 2784 2660 2839 vicinum
2707 2800 2889 2839 aerem
2952 2784 3145 2839 inlicit.
3172 2782 3448 2838 Gravitate
3486 2783 3667 2837 odoris

2084 2876 2277 2931 accolis
2306 2874 2540 2944 pestifer,
2562 2875 2635 2929 ait
2664 2872 2887 2929 Tacitus
2928 2873 3021 2928 lib.
3058 2890 3111 2938 ν,
3151 2872 3319 2938 Hist,
3355 2889 3478 2943 cap.
3506 2873 3559 2937 6,
3584 2890 3667 2927 ne-

2082 2983 2179 3037 que
2227 2975 2379 3020 vento
2431 2965 2743 3034 impellitur,
2790 2981 2951 3035 neque
2975 2965 3141 3033 pisces
3170 2973 3264 3019 aut
3305 2974 3486 3019 suetas
3520 2964 3670 3035 aquis

397 3056 699 3124 longissime
736 3066 975 3124 poterant
1001 3074 1031 3109 a
1051 3057 1318 3110 littoribus
1342 3065 1390 3110 et
1416 3058 1669 3125 portubus
1694 3073 1804 3111 sese
1832 3074 1981 3110 anto—
2007 3088 2055 3148 ο
2090 3056 2322 3111 volucres
2350 3059 2576 3124 patitur.

396 3148 581 3201 vebant
612 3147 816 3214 Esseni,
837 3166 898 3203 ne
932 3151 1231 3218 puritatiac
1262 3150 1644 3218 tranquillitati
1665 3152 1802 3215 vitm,
1822 3166 1981 3220 quant

396 3241 759 3301 sectabantur,
816 3243 1089 3296 maritima
1143 3242 1457 3295 commercia
1498 3252 1761 3296 nocerent.
1810 3242 1978 3298 Mox:

396 3328 607 3383 Littora
658 3330 888 3400 fugiunt,
941 3348 1208 3402 usquequa
1241 3339 1460 3394 nocent;
1490 3332 1545 3384 id
1592 3339 1691 3395 est,
1727 3338 1983 3401 quatenus

398 3429 582 3474 nocent
628 3422 741 3490 agri
773 3421 977 3475 colendi
1011 3422 1187 3477 studio
1220 3430 1425 3475 tantum
1464 3421 1719 3486 addictis,
1746 3432 1802 3474 ut
1829 3432 1983 3475 erant

402 3511 630 3577 Esseni,
680 3523 729 3567 et
789 3529 991 3567 omnem
1042 3515 1448 3584 negotiationem
1516 3514 1985 3581 connuerciumque

398 3604 786 3659 arersantibus.
839 3603 992 3658 Nihil
1042 3608 1228 3676 quippe
1258 3606 1520 3671 emebant,
1558 3622 1649 3659 nec
1673 3606 1981 3668 vendebant,

398 3705 456 3749 ut
484 3712 548 3748 ex
573 3695 800 3766 Joseplto
830 3707 1058 3751 constat.
1780 3689 1809 3718 ’

476 3785 615 3841 Hinc
668 3795 929 3858 apparet,
983 3797 1247 3858 quantum
1293 3787 1486 3857 judicii
1554 3788 1620 3842 ad
1667 3786 1985 3843 scribendas

402 3875 825 3931 Exercitationes
884 3879 1152 3934 attulerit.
1203 3878 1381 3933 Minus
1426 3878 1569 3932 enim
1602 3879 1905 3932 litterarum
1930 3878 1983 3932 in

400 3965 470 4019 iis
504 3966 684 4028 verbis
716 3974 821 4031 est,
846 3983 1007 4037 quam
1031 3982 1303 4023 errorum.
1334 3967 1544 4037 Quippe
1580 3985 1681 4022 nec
1716 3968 1782 4021 ad
1811 3969 1988 4023 Theo-

399 4055 601 4110 retieos
620 4055 867 4111 Philonis
907 4057 1144 4112 Essenos
1167 4097 1184 4123 ,
1222 4072 1320 4111 nec
1347 4058 1415 4111 ad
1448 4057 1727 4125 Practieos
1760 4056 1983 4128 Josephi

398 4148 733 4202 conveniunt
784 4164 907 4219 qua:
955 4149 1009 4202 in
1060 4148 1467 4217 interpretando
1511 4151 1711 4219 posuit.
1757 4151 1981 4205 Ostendi

399 4236 467 4290 ad
511 4237 865 4294 Theoreticos
911 4240 1165 4308 inprimis
1198 4239 1358 4292 Plinii
1391 4241 1555 4293 verba
1581 4251 1848 4311 spectare.
1876 4240 1986 4296 llos

400 4343 530 4382 vero
567 4328 810 4382 littorum
846 4345 910 4382 ac
940 4330 1109 4384 maris
1139 4332 1601 4400 propinquitatem
1641 4334 1865 4395 vitasse,
1892 4332 1986 4386 lal-

2156 3147 2281 3202 limo
2323 3156 2452 3202 sunt
2494 3148 2561 3201 ad
2603 3146 2763 3201 Plinii
2798 3153 3037 3201 mentem
3079 3146 3384 3216 aptissima.
3430 3144 3670 3204 Causam

2085 3241 2228 3294 enim
2255 3241 2557 3304 continent,
2588 3255 2688 3295 cur
2716 3239 2907 3295 Esseui
2938 3240 3017 3292 illi
3045 3238 3152 3292 τῶν
3179 3237 3427 3308 ὲρημιῶν
3456 3238 3669 3300 incolae,

2084 3339 2138 3387 et
2176 3332 2316 3386 inter
2348 3332 2582 3401 palmeta
2622 3332 2936 3386 victitantes
2980 3331 3122 3385 haud
3156 3331 3380 3400 propius
3433 3330 3673 3401 Aspbal-

2087 3422 2239 3477 titem
2278 3423 2455 3475 lacum
2494 3421 2772 3476 domicilia
2819 3421 3070 3485 lixerint;
3113 3422 3207 3476 sed
3242 3430 3452 3475 tantum
3499 3424 3572 3477 ab
3610 3436 3674 3476 eo

2086 3513 2442 3576 secesserint,
2476 3512 2659 3582 quoad
2696 3513 2779 3567 vis
2817 3513 2965 3568 illius
2999 3520 3210 3567 tractus
3257 3512 3507 3567 maleﬁca
3552 3528 3676 3583 per-

2087 3603 2266 3673 tingit.
2302 3603 2400 3658 llic
2442 3614 2528 3658 est
2583 3604 2674 3658 ille
2731 3602 2932 3657 Mortui
2983 3607 3149 3659 maris
3195 3611 3250 3661 et
3304 3606 3677 3674 eireurnjectaz

2086 3704 2249 3750 terra:
2282 3696 2505 3765 squalor
2529 3708 2593 3749 ac
2622 3696 2880 3763 pestilens
2920 3694 3162 3758 habitus,
3196 3710 3356 3764 quem
3393 3696 3678 3766 eleganter

2086 3802 2149 3842 ac
2179 3787 2370 3856 paucis
2396 3786 2767 3841 Tertullianus
2793 3786 3089 3857 descripsit
3115 3787 3168 3841 in
3204 3788 3341 3842 libro
3366 3787 3444 3841 De
3464 3790 3679 3857 pallio:

2090 3878 2381 3941 Hactenus,
2418 3878 2596 3948 inquit
2621 3878 2713 3949 (c),
2764 3878 3020 3945 Sodoma,
3053 3888 3103 3934 et
3155 3879 3303 3933 nulla
3348 3877 3678 3947 Gomorrha,

2086 3983 2135 4026 et
2165 3972 2298 4025 cinis
2329 3970 2530 4035 omnia,
2555 3979 2605 4024 et
2644 3970 3009 4041 propinquitas
3043 3972 3205 4024 maris
3222 3971 3385 4036 juxta
3414 3988 3541 4027 cum
3565 3975 3679 4028 solo

2089 4070 2308 4115 mortem
2343 4060 2493 4115 bibit.
2534 4060 2701 4124 Mare,
2738 4062 2936 4131 inquit,
2968 4063 3352 4132 prepinquum,
3398 4079 3511 4118 una
3548 4079 3677 4122 cum

2089 4170 2184 4210 ora
2220 4154 2390 4218 omni,
2437 4146 2669 4208 mortem
2706 4170 2767 4207 ac
2798 4162 3008 4224 pestem
3057 4155 3339 4210 combibit.
3386 4156 3521 4212 Haec
3551 4174 3677 4213 vera

2089 4246 2192 4299 loci
2227 4245 2390 4313 hujus
2422 4254 2505 4301 est
2539 4246 2813 4300 sententia
2844 4266 2857 4301 :
2889 4246 2945 4300 in
2987 4262 3096 4316 quo
3126 4247 3356 4302 ridicule
3385 4249 3675 4304 conﬂicta-

2087 4336 2249 4391 batur
2278 4336 2581 4393 Salmasius
2612 4336 2707 4407 (ά).
2743 4338 2846 4402 Qui
2872 4348 3137 4391 mortuum
3164 4339 3276 4402 ivit,
3304 4339 3391 4393 vel
3416 4349 3670 4406 martum,

400 4420 682 4473 sissinium
739 4427 823 4473 est
851 4437 865 4483 ;
930 4435 1055 4472 cum
1110 4420 1291 4474 vicina
1336 4423 1515 4488 potius
1557 4422 1690 4475 mari
1727 4432 1980 4492 captasse
2014 4433 2056 4487 D
2085 4442 2254 4483 ausus
2279 4436 2363 4482 est
2394 4429 2639 4483 scribere
2671 4429 2723 4481 in
2757 4429 2999 4483 editione
3029 4445 3316 4500 nova,pag.
3348 4429 3475 4497 105,
3514 4432 3667 4502 quasi

401 4507 520 4559 loca
569 4513 800 4561 testetur
851 4506 1008 4561 Philo
1049 4509 1150 4579 (b).
1195 4507 1399 4563 Deinde
1451 4524 1627 4579 neque
1682 4512 1984 4580 agricultu-

400 4610 540 4661 ram,
583 4613 760 4669 neque
820 4607 991 4654 artem
1046 4600 1209 4653 ullam
1259 4599 1619 4655 instituebant
1649 4601 1981 4671 Tbeoretici,

400 4689 497 4745 sed
525 4699 691 4744 totum
725 4690 871 4746 diem
926 4693 983 4745 ὲν
1013 4693 1246 4764 ἀσκήσει
1288 4706 1351 4746 ac
1384 4707 1669 4748 sacrorum
1713 4695 1983 4752 librorum

402 4780 756 4837 meditatione
777 4782 1182 4853 transigebant,
1216 4799 1397 4854 neque
1434 4784 1599 4838 limen
1638 4787 1985 4855 egredieban-

402 4879 493 4926 tur
534 4893 546 4927 :
576 4874 688 4937 Τὰς
722 4875 821 4942 μὲν
874 4871 966 4928 οὖν
1004 4876 1065 4939 ἒξ
1112 4878 1323 4949 ἡμέρας
1345 4878 1513 4947 χωρὶς
1548 4876 1769 4931 ἕκαστοι
1798 4879 1986 4948 μονού-

406 4979 560 5034 μενοι
618 4966 749 5035 παρ’
793 4967 1008 5028 ἑαυτοῖς
1051 4969 1110 5019 ἐν
1152 4970 1264 5030 τοῖς
1316 4968 1551 5038 λεχθεῖσι
1602 4968 1984 5037 μοναστηρίοις

404 5054 776 5123 φιλοσοφοῦσι,
814 5055 913 5126 τὴν
961 5056 1180 5109 αὔλειον
1228 5059 1326 5129 οὐχ
1392 5058 1833 5130 ὑπερϐαίνοντες,
1868 5056 1987 5111 ἀλλ’,

400 5146 512 5199 οὐδ’
543 5146 601 5213 ἐξ
630 5149 876 5202 ἀπόπτου
922 5147 1273 5221 θεωροῦντες.
1322 5150 1548 5209 Frustra
1582 5152 1746 5222 igitur
1766 5160 1984 5222 arguta-

403 5246 515 5302 tur,
569 5240 808 5295 Essenos
836 5241 1047 5296 idcirco
1098 5244 1283 5299 littora
1330 5243 1555 5315 fugisse,
1587 5243 1732 5314 quod
1777 5244 1831 5297 in
1866 5244 1983 5313 agri

402 5328 648 5382 studium
676 5330 865 5386 intenti
896 5331 1093 5388 forent.
1133 5334 1239 5389 Sed
1268 5351 1441 5407 neque
1474 5335 1697 5404 Josephi
1733 5335 1798 5389 ad
1834 5334 1986 5389 Esse-

401 5431 506 5473 nos
535 5420 681 5476 illius
705 5422 1080 5495 interpretatio
1101 5427 1357 5496 quadrat.
1398 5427 1517 5483 Non
1546 5428 1690 5483 enim
1718 5426 1983 5499 agricolas

478 5575 560 5659 ςᾳ)
592 5577 830 5659 §_al_mas.
865 5580 1053 5659 Exerc.
1082 5585 1229 5641 Plin.
1261 5600 1382 5656 pag.
1418 5585 1540 5653 612,
1573 5584 1695 5641 615.

582 5647 895 5743 lljlt-iIlonag.
930 5654 1079 5730 612..

482 5719 552 5785 (ο)
582 5719 711 5786 Cap.
739 5720 792 5773 2.

2084 4517 2153 4571 ab
2182 4533 2248 4573 eo
2286 4518 2431 4587 quod
2476 4525 2560 4573 est
2594 4518 2825 4580 morior,
2880 4533 3149 4587 usurpare
3186 4518 3371 4582 liceat,
3415 4532 3665 4582 martum.

2085 4619 2283 4674 mortu,
2319 4611 2403 4665 vel
2447 4619 2734 4674 mortuum,
2767 4619 3013 4675 mortuu;
3048 4619 3102 4664 et
3152 4612 3233 4665 sic
3274 4620 3546 4665 mortuum
3594 4612 3663 4665 ire

2085 4702 2320 4762 dicatur,
2349 4702 2627 4769 quomodo
2685 4701 2951 4756 redditum
3003 4703 3101 4764 ire,
3148 4710 3202 4755 et
3250 4703 3417 4770 hujus
3451 4705 3661 4774 generis

2084 4791 2208 4844 alia.
2245 4787 2501 4846 Joculare
2549 4792 2807 4859 facinus;
2855 4795 2962 4848 imo
2999 4809 3129 4847 vero
3169 4793 3449 4863 piaculare
3487 4810 3657 4865 gram—

2083 4879 2315 4946 matici;
2370 4881 2463 4951 qui
2520 4882 2624 4938 hoc
2680 4886 2824 4939 scire
2854 4883 3101 4953 profecto
3138 4885 3347 4949 debuit,
3402 4896 3654 4939 mortuum

2084 4986 2284 5029 nomen
2310 4989 2453 5041 esse,
2486 4990 2594 5030 non
2628 4978 2879 5041 verbum,
2904 4992 3082 5046 neque
3106 4978 3254 5031 verbi
3291 4978 3545 5047 supinum
3570 4986 3653 5030 aut

2085 5064 2472 5133 participium;
2507 5066 2967 5136 quemadmodum
3001 5069 3215 5138 fatuus,
3256 5069 3487 5136 arduus,
3540 5085 3658 5123 con-

2081 5156 2315 5219 spicuus.
2348 5155 2513 5212 Docet
2538 5159 2640 5214 hoc
2668 5170 2925 5217 accurate
2954 5161 3013 5216 S.
3045 5162 3385 5233 Augustinus
3415 5164 3509 5218 lib.
3543 5179 3662 5230 xm,

2085 5244 2162 5298 De
2190 5247 2330 5299 civit.
2363 5246 2482 5310 Dei,
2512 5265 2633 5320 cap.
2666 5252 2753 5314 ll,
2790 5253 2953 5322 cujus
2985 5254 3150 5308 verba
3194 5254 3283 5309 hic
3315 5270 3533 5323 quoque
3564 5256 3665 5330 legi

2085 5344 2400 5392 merentur:
2450 5338 2622 5405 Unde,
2655 5342 2856 5411 inquit,
2903 5362 3006 5397 non
3046 5347 3341 5415 importune
3383 5363 3548 5417 neque
3588 5352 3670 5404 in-

2083 5443 2307 5498 congrue
2338 5431 2571 5486 arbitror
2610 5437 2892 5503 accidisse,
2930 5438 3032 5492 etsi
3074 5456 3174 5493 non
3227 5440 3458 5495 Itunmna
3504 5444 3670 5495 inda-

2157 5582 2233 5672 (ιι)
2268 5583 2583 5672 δπίιιιιξξῄῖιι
2605 5589 2730 5672 Not._
2746 5592 2819 5672 ad,
2845 5593 3168 5672 Tertull-ibe
3200 5596 3529 5667 Ραίίίιῳηὶίῐ.
3567 5614 3670 5672 po-

2086 5664 2299 5711 Strema:
2334 5660 2394 5711 Δ.
2432 5659 2565 5713 1656
2611 5663 2877 5733 cvulgata:
2906 5681 2957 5734 p.
2994 5666 3113 5720 156.
