4028 6220
350 206 427 267 637
1328 208 2085 275 ADVERSUS‘CLAUDIUM
2120 216 2539 279 SALMASlUM.

3460 231 3568 290 6'58

342 328 469 392 stria,
506 325 707 395 judicio
747 326 977 396 fortasse
1010 329 1208 398 divino,
1242 344 1299 388 ut
1344 336 1441 390 hoc
1472 336 1703 403 verbum,
1735 336 1874 407 quod
1906 341 1947 395 Α
1982 334 2209 391 Linacer
2225 339 2616 406 grammaticus
2645 338 2892 395 eruditus
2938 339 3076 395 libro
3106 356 3144 394 ll
3177 359 3189 395 :
3227 339 3571 414 Patronymi~

334 426 396 472 est
429 417 668 481 moritur,
701 419 755 472 in
785 417 980 474 Latina
1010 423 1191 493 lingua
1222 441 1314 480 nec
1348 429 1685 497 grammatici
1718 428 1881 481 decli-

332 526 443 564 nare
485 510 767 578 potuerint,
803 527 865 566 ea
908 514 1089 583 regula
1117 555 1133 580 ,
1166 533 1271 587 qua
1313 531 1506 574 cwtera
1538 518 1674 573 talin
1721 518 1883 573 decli-

328 609 522 657 nuntur.
556 597 802 673 Namque
838 604 903 656 ab
932 620 1014 670 eo,
1055 607 1194 677 quod
1237 618 1315 663 est
1349 611 1541 677 oritur,
1578 612 1639 681 [it
1670 609 1881 665 verbum

325 691 556 756 prwteriti
586 695 836 762 temporis
872 706 1029 751 ortus
1054 706 1173 753 est:
1204 709 1251 753 et
1281 702 1329 755 si
1359 718 1464 770 qua
1506 702 1708 756 similia
1733 715 1877 769 sunt,

322 799 423 854 quae
446 798 531 851 per
561 788 807 854 temporis
838 791 1097 855 prwteriti
1121 792 1403 862 participia
1428 792 1781 849 declinantur.
1801 795 1878 847 Ab

321 890 371 928 eo
397 890 534 940 vero,
571 876 711 944 quod
749 888 827 931 est
884 880 1156 947 moritur,
1198 883 1245 936 si
1281 900 1581 953 qureramus
1623 887 1882 954 prwteriti

318 965 544 1033 temporis
569 968 813 1033 verbum,
870 971 1175 1040 responderi
1205 974 1336 1028 solet
1388 983 1640 1031 mortuus
1682 984 1803 1041 est,
1844 993 1879 1030 ιι

318 1056 480 1111 littera
529 1060 798 1127 geminata
833 1077 851 1114 :
886 1062 964 1115 sic
1012 1064 1151 1117 enim
1204 1065 1401 1119 dicitur
1432 1075 1714 1134 mortuus,
1746 1084 1881 1136 quo-

318 1145 461 1200 modo
485 1146 689 1213 fatuus,
720 1149 1305 1224 arduus,eonspicuus
1329 1173 1343 1209 :
1374 1164 1423 1210 et
1445 1157 1493 1210 si
1520 1173 1624 1227 qua
1653 1158 1877 1225 similia,

312 1252 415 1306 quis
456 1253 554 1292 non
598 1250 722 1294 sunt
759 1244 1016 1306 prwteriti
1059 1247 1331 1315 temporis,
1363 1250 1453 1303 sed
1499 1250 1748 1318 quoniam
1783 1267 1879 1303 no-

312 1328 443 1380 mina
484 1339 626 1395 sunt,
663 1332 776 1386 sine
827 1342 1055 1402 tempore
1107 1337 1466 1396 declinantur.
1511 1339 1657 1395 Illud
1700 1350 1877 1395 autem

308 1422 451 1491 quasi
497 1423 875 1492 declinaretur,
900 1429 1041 1498 quod
1095 1428 1356 1485 declinari
1405 1448 1509 1486 non
1555 1442 1746 1502 potest,
1781 1450 1877 1502 pro

305 1514 578 1584 participio
614 1520 870 1584 prazteriti
903 1524 1150 1589 temporis
1196 1525 1412 1592 ponitur
1440 1542 1651 1581 nomen.
1693 1527 1877 1596 Inepta

306 1612 383 1659 est
419 1606 606 1677 igitur,
633 1617 687 1664 et
713 1612 1088 1680 grammaticis
1130 1615 1333 1684 regulis
1361 1618 1633 1671 contraria
1666 1616 1879 1673 Salma-

1989 444 2172 481 corum
2224 428 2563 498 Gra'corum,
2598 430 2803 504 inquit,
2845 432 3019 501 forma
3057 433 3328 488 ducuntur
3366 451 3399 488 a
3439 434 3565 492 locis

1989 516 2269 574 Sicelides.
2305 519 2549 591 Denique
2578 523 2833 592 princeps
2866 524 3003 579 artis
3047 540 3110 578 ac
3150 527 3411 595 magister
3464 535 3569 581 tua:

1989 607 2382 679 Despauterius
2422 613 2476 666 in
2515 612 2735 666 Praefat.
2783 614 2851 670 ad
2897 624 3069 669 artem
3117 616 3568 671 versificatoriam

1988 700 2146 755 docet
2176 701 2267 773 (e),
2303 704 2673 773 patronymica
2722 705 2948 774 formari
2987 724 3019 760 a
3056 709 3256 776 patria.
3293 708 3357 761 Et
3415 710 3566 775 alibi,

1988 788 2248 856 Pisidem,
2280 793 2425 862 quod
2452 795 2652 863 gentile
2687 810 2882 850 nomen
2910 806 3014 861 est,
3047 807 3205 852 vocat
3230 801 3569 869 patronymi-

1987 897 2134 937 cum.
2166 882 2292 938 llanc
2322 886 2546 956 indigna
2588 888 2783 952 fateor,
2813 888 2866 941 in
2894 890 3096 958 quibus
3128 906 3422 945 moremur.
3470 890 3565 945 Ve-

1988 990 2104 1029 rum
2135 974 2261 1045 quid
2292 976 2506 1045 facias?
2536 986 2593 1032 ut
2621 980 2775 1032 homo
2804 990 2904 1042 est,
2933 981 3011 1034 ita
3038 997 3231 1035 ntorem
3267 998 3443 1052 geras.

2590 1091 2819 1147 CAPUT
2862 1092 2971 1167 ιιι..

1986 1179 2270 1248 Epiphanii
2300 1181 2443 1235 locus
2468 1182 2773 1235 illustratur
2797 1184 2932 1235 male
2965 1200 2996 1235 a
3032 1184 3300 1238 Salmasio
3328 1196 3564 1240 vexatus.

2057 1252 2222 1320 Cujus
2246 1253 2427 1324 iniqua
2450 1253 2781 1324 reprehensio
2810 1255 3115 1307 discutitur.
3135 1254 3385 1323 Ejusdem
3414 1272 3567 1324 super
3628 1250 3641 1259 ’

2054 1322 2429 1389 ρνιεροδὶιὶοηε
2462 1323 2612 1390 ὺπέρ
2640 1333 2851 1377 notatus
2877 1340 3047 1378 error.

2056 1436 2212 1491 Nunc
2253 1436 2321 1491 ad
2356 1437 2646 1507 Epiphanii
2700 1438 2906 1504 locum,
2940 1440 3032 1508 qui
3074 1455 3218 1495 unus
3258 1439 3369 1494 fere
3406 1454 3567 1494 occa-

1986 1527 2194 1583 sionem
2230 1527 2359 1582 huic
2388 1527 2745 1598 disputationi
2778 1528 2949 1594 dedit,
2991 1529 3191 1598 stylum
3219 1529 3571 1598 animumque

1985 1616 2407 1671 transferamus.
2446 1616 2521 1671 De
2548 1615 2776 1673 Ossenis
2803 1618 2934 1672 hau.
2969 1620 3056 1682 l9,
3094 1633 3215 1688 pag.
3248 1618 3339 1682 40,
3374 1616 3448 1671 ita
3484 1618 3571 1671 ille

306 1696 446 1753 siana
476 1701 770 1772 castigatio
800 1722 812 1758 :
849 1706 1155 1773 prmsertim
1189 1723 1313 1764 cum
1363 1708 1422 1763 in
1458 1709 1705 1781 principe
1736 1710 1879 1767 Rhe-

1987 1708 2215 1763 scribit:
2249 1708 2554 1780 Ὢρμηνται
2595 1708 2653 1761 δὲ
2690 1704 2857 1773 οὗτοι,
2886 1710 2961 1773 ὡς
2989 1710 3022 1780 ἡ
3048 1710 3130 1771 εἰς
3160 1710 3307 1780 ἡμᾶς
3340 1707 3574 1761 ἐλθοῦσα.

303 1787 419 1841 nani
462 1789 712 1846 editione
737 1791 946 1861 itidem,
981 1802 1040 1849 ut
1069 1795 1123 1850 in
1162 1797 1417 1868 vulgatis,
1450 1807 1630 1855 exstet
1658 1810 1879 1858 mortem

304 1878 440 1933 bibit.
470 1879 653 1953 Quam
696 1883 993 1941 editionem
1043 1888 1111 1941 ad
1160 1898 1407 1945 veterum
1434 1892 1686 1947 codicum
1718 1892 1878 1949 fidem

300 1969 580 2042 diligenter
604 1983 851 2032 exactam
897 1978 1072 2039 fuisse
1119 1979 1324 2036 fatetur
1374 1983 1627 2053 ipsemet,
1676 1991 1731 2040 et
1781 1985 1881 2040 ad-

300 2064 547 2119 amussim
575 2080 707 2121 cum
738 2068 853 2135 illo,
885 2084 1046 2141 quem
1068 2072 1336 2141 exhibuit,
1356 2074 1731 2146 manuscripto
1746 2092 1880 2134 con-

300 2169 489 2213 ventre.

365 2247 464 2304 Sed
498 2251 569 2305 ad
620 2250 859 2308 Plinium
895 2260 1141 2311 revertor
1164 2255 1277 2327 (a):
1322 2258 1483 2328 cujus
1514 2269 1569 2315 et
1610 2260 1779 2317 altera
1808 2263 1880 2319 ab

297 2338 471 2395 eodem
508 2339 795 2397 Salmasio
823 2342 1068 2403 adhibita
1104 2349 1375 2404 correctio
1408 2349 1522 2405 risu
1553 2351 1736 2422 digna.
1771 2352 1878 2409 Pro

298 2432 427 2485 socia
455 2432 773 2503 palmarum
802 2435 973 2495 scribi
1003 2437 1157 2507 jubet
1203 2455 1295 2495 esu
1341 2441 1665 2510 palmarum.
1705 2442 1881 2515 Impe-

297 2523 407 2590 rite,
437 2526 563 2595 quis
618 2527 819 2598 neget?
872 2526 954 2584 Ita
1008 2530 1155 2585 enim
1204 2532 1436 2602 abrupta
1488 2542 1543 2590 et
1597 2535 1878 2591 incondita

296 2613 443 2670 lectio
473 2618 600 2683 fiet.
643 2620 757 2679 sine
803 2622 1046 2691 pecunia,
1076 2639 1166 2678 esu
1198 2624 1517 2691 palmarum.
1550 2627 1621 2681 At
1663 2630 1879 2700 vulgata

294 2715 344 2764 et
373 2724 402 2763 a
432 2712 672 2783 scriptis
697 2713 1002 2778 codicibus,
1033 2722 1087 2770 et
1116 2730 1147 2769 a
1180 2718 1454 2771 sententia
1494 2721 1878 2776 auctoritatem

296 2795 462 2853 habet.
491 2798 551 2854 ιη
603 2801 858 2870 palmetis
891 2803 1083 2872 procul
1115 2804 1185 2859 ab
1224 2804 1507 2860 hominum
1537 2810 1773 2878 strepitu
1812 2824 1879 2865 ac

295 2886 607 2959 frequentia
645 2891 956 2963 degebant:
987 2894 1107 2951 ideo
1139 2895 1286 2949 socia
1313 2896 1617 2964 palmarum
1648 2916 1772 2969 gens
1801 2900 1881 2955 dio

293 2979 445 3038 citur.
479 2982 599 3050 Qui
634 2994 728 3039 aut
782 2984 889 3039 ista
932 3000 1045 3040 non
1091 2988 1261 3058 capit,
1298 2995 1393 3042 aut
1435 2990 1596 3045 aliter
1640 2990 1875 3045 Plinium

293 3072 629 3143 interpolare
672 3076 899 3143 .studet,
950 3077 1041 3131 vix
1087 3093 1212 3134 eum
1259 3080 1601 3150 grammatici
1654 3083 1877 3138 nomine

289 3161 499 3233 dignum
527 3166 754 3235 judico.
790 3167 946 3233 Quod
973 3167 1110 3223 adeo
1140 3170 1244 3225 iste
1278 3185 1388 3225 non
1418 3180 1679 3238 meretur,
1708 3182 1765 3229 ut
1789 3189 1878 3229 me

290 3263 575 3324 propterea
624 3258 845 3313 obtorto
894 3259 1038 3314 collo
1076 3261 1339 3329 rapuerit,
1383 3263 1529 3332 quod
1559 3264 1628 3319 de
1674 3263 1879 3319 forma-

287 3345 426 3403 tione
448 3349 747 3405 nominum
779 3350 832 3403 in
854 3368 1006 3421 ηνος,
1026 3358 1084 3404 ιιι
1111 3361 1192 3408 est
1229 3351 1509 3424 Ἐσσηνός,
1535 3354 1877 3425 agens,scri-

288 3433 506 3499 pserim,
536 3436 958 3506 patronymicas
983 3438 1255 3508 ejusmodi
1284 3439 1607 3498 inﬂexiones
1632 3443 1877 3498 Arabum

286 3532 339 3579 et
381 3526 727 3583 Asianorum
780 3530 1032 3600 proprias
1063 3547 1207 3599 esse,
1260 3534 1419 3603 quasi
1461 3536 1728 3602 etbnicas,
1767 3551 1879 3590 non

284 3620 690 3689 patronymicas
738 3621 1015 3689 appellare
1062 3620 1367 3678 debuerim.
1401 3622 1569 3694 Euge,
1612 3624 1776 3680 homo
1822 3625 1879 3680 in

284 3714 654 3778 grammatica
695 3710 927 3768 detritus
980 3715 1419 3785 patronymicum
1464 3717 1641 3772 nescit
1687 3732 1798 3772 non
1846 3731 1880 3772 a

288 3803 416 3857 solis
464 3803 764 3872 patribus,
801 3804 896 3859 sed
944 3806 1109 3859 etiam
1168 3822 1201 3861 ιι
1252 3806 1389 3862 locis
1438 3822 1503 3862 ac
1565 3809 1879 3866 civitatibus

284 3898 489 3951 \Ot‘al’i.
547 3896 855 3952 Cledonius
905 3907 1057 3953 vetus
1096 3899 1516 3968 grammaticus,
1565 3900 1708 3956 inter
1744 3917 1881 3971 gen-

286 3988 396 4042 tilia
439 4000 498 4045 et
545 3991 935 4062 patronymica
984 3991 1040 4047 id
1089 4008 1213 4048 esse
1273 3994 1612 4049 discriminis
1667 3994 1743 4048 ait
1776 3993 1876 4065 ib),

278 4083 423 4149 quod
450 4085 691 4154 gentilia
728 4086 944 4139 nomina
972 4102 1003 4139 a
1037 4087 1324 4154 provinciis
1356 4089 1589 4149 veniunt.
1618 4095 1881 4160 patrony-

281 4175 422 4228 mica
447 4186 500 4230 et
536 4194 573 4230 a
612 4178 938 4232 civitatibus.
976 4179 1119 4249 Ergo
1158 4195 1225 4235 ex
1267 4180 1516 4235 Cledonii
1551 4181 1881 4236 auctoritate

276 4267 486 4335 gentile
514 4268 629 4322 hoc
660 4267 990 4333 Essenorum
1022 4284 1219 4325 nomen
1248 4270 1524 4340 appellare
1548 4285 1659 4327 non
1690 4270 1876 4335 debui,

1982 1800 2223 1870 περιέχει
2259 1800 2579 1871 παράδοσις,
2602 1800 2711 1854 ἀπὸ
2742 1801 2843 1870 τῆς
2875 1801 3195 1871 Ναϐατικῆς
3231 1800 3438 1871 χώρας,
3475 1798 3574 1855 καὶ

1992 1892 2310 1963 Ἰτουραίας,
2338 1891 2676 1955 Μωαϐίτιδος
2698 1909 2760 1944 τε
2792 1892 2885 1945 καὶ
2916 1890 3292 1964 Ἀρηῖλίτιδος,
3308 1891 3417 1944 τῶν
3440 1890 3570 1943 ἐπέ-

1980 2000 2136 2041 κεινα
2182 1984 2283 2054 τῆς
2329 1984 2576 2047 κοιλάδος
2618 1984 2716 2054 τῆς
2746 1983 2959 2054 ἁλυκῆς
3006 1982 3180 2047 οὑτως
3229 1985 3287 2037 ἐν
3329 1986 3394 2052 τῇ
3447 1982 3570 2053 Θείᾳ

1980 2074 2172 2145 Γραφῇ
2228 2073 2565 2144 καλουμένης
2610 2073 3013 2145 ὑπερκειμένης
3066 2072 3270 2144 χώρας.
3308 2073 3464 2125 Ἔστι
3512 2074 3571 2126 δὲ

1979 2166 2119 2236 αὕτη
2147 2167 2336 2236 Νεκρὰ
2367 2165 2675 2237 καλουμένη
2704 2166 2969 2222 θάλασσα..
2989 2164 3121 2233 Qua:
3142 2167 3225 2220 sic
3253 2168 3309 2221 in
3329 2166 3573 2232 editione

1982 2267 2169 2314 nostra
2209 2257 2401 2313 Latine
2446 2259 2828 2314 reddidimus:
2870 2256 3076 2313 Ferunt
3114 2259 3245 2313 istos
3285 2274 3350 2313 ea:
3379 2257 3570 2311 Naba-

1985 2356 2106 2409 ta’a.
2140 2346 2367 2409 Ituraza,
2407 2346 2697 2401 Moabitide
2754 2356 2804 2401 et
2835 2346 3118 2403 Areilitide
3154 2347 3413 2418 originem
3459 2356 3572 2400 tra-

1979 2438 2159 2503 xisse;
2207 2453 2324 2507 quat
2360 2438 2594 2507 regiones
2630 2437 2776 2492 ultra
2812 2437 3003 2492 vallem
3043 2438 3437 2506 salsuginosam
3479 2453 3573 2505 po-

1981 2531 2099 2585 sitae
2122 2540 2264 2585 sunt.
2296 2529 2407 2583 Hoc
2435 2530 2575 2583 enim
2600 2530 2812 2585 nomine
2839 2531 3011 2587 sacris
3032 2531 3087 2585 in
3111 2528 3332 2583 Litteris
3359 2538 3565 2583 tractus

1982 2621 2073 2677 ille
2125 2622 2365 2690 superior
2417 2621 2754 2690 appellatur,
2796 2623 2886 2691 qui
2940 2620 3078 2676 idem
3111 2630 3190 2678 est
3245 2637 3365 2675 cum
3423 2622 3567 2674 mari

1983 2711 2217 2765 Mortuo.
2245 2710 2326 2764 Ad
2365 2711 2510 2765 hunc
2536 2712 2716 2765 locum
2739 2710 3025 2766 Plinianus
3055 2712 3388 2766 exercitator
3419 2712 3569 2763 auri-

1982 2805 2133 2859 culas
2158 2804 2389 2860 clamore
2427 2803 2600 2857 subito
2635 2803 2775 2857 tollit
2809 2803 2935 2857 totis
2974 2802 3195 2868 viribus,
3227 2804 3309 2858 sic
3341 2811 3400 2856 ut
3434 2818 3569 2856 nus-

1983 2912 2150 2966 quam
2201 2896 2334 2953 alibi
2395 2894 2698 2965 majoribus
2764 2893 3105 2963 intemperiis
3154 2893 3412 2964 agitetur.
3460 2894 3571 2950 Sed

1982 2986 2128 3056 quod
2162 2987 2252 3044 isti
2289 2987 2496 3042 homini
2529 2985 2694 3044 fatale
2724 3002 2849 3043 esse
2886 2986 3023 3041 alias
3064 2986 3417 3041 observatum
3462 2996 3568 3052 est,

1983 3087 2041 3135 ut
2074 3079 2164 3135 ubi
2222 3080 2460 3134 maxime
2505 3080 2707 3148 satagit
2756 3093 2819 3131 ac
2858 3076 3091 3141 nititur,
3135 3077 3209 3131 ibi
3269 3076 3570 3132 fa'dissima

1981 3167 2145 3223 ruina
2174 3182 2240 3227 ac
2270 3173 2384 3223 toto
2410 3180 2641 3236 corpore
2667 3165 3041 3237 provolvatur,
3067 3163 3120 3219 id
3150 3164 3253 3219 hoc
3283 3165 3405 3218 loco
3435 3180 3572 3234 pene

1982 3274 2148 3329 supra
2184 3258 2343 3315 ﬁdem
2376 3259 2426 3313 ei
2466 3259 2718 3328 contigit.
2776 3257 3022 3311 Primum
3075 3256 3253 3312 illius
3292 3269 3432 3309 vana
3486 3263 3574 3310 est

1982 3348 2360 3419 reprehensio.
2398 3346 2467 3403 Ut
2496 3349 2642 3402 enim
2675 3346 2862 3403 Grmce
2899 3345 3058 3416 periti
3087 3361 3280 3401 omnes
3303 3346 3359 3399 in
3401 3361 3569 3399 unum

1982 3438 2163 3506 capita
2210 3435 2525 3501 conferant,
2567 3435 2746 3490 ausim
2805 3435 2857 3489 id
2902 3449 3202 3490 asserere:
3243 3449 3353 3488 non
3405 3434 3568 3487 aliam

1983 3527 2438 3598 interpretatione
2472 3542 2570 3583 sua
2625 3526 2955 3585 sententiam
2992 3525 3098 3580 loci
3146 3525 3313 3595 hujus
3346 3540 3571 3594 expres-

1985 3630 2150 3671 suros
2167 3631 2339 3686 quam
2358 3631 2481 3686 quae
2502 3630 2532 3669 a
2555 3615 2716 3671 nobis
2737 3625 2821 3669 est
2847 3614 3081 3670 reddita.
3114 3612 3282 3669 Recte
3312 3630 3381 3667 an
3410 3628 3570 3669 secus

1982 3707 2212 3763 senserit
2249 3706 2585 3777 Epiphanius
2608 3746 2623 3771 ,
2656 3706 2789 3760 nihil
2818 3706 2883 3759 ad
2920 3705 3270 3773 interpretem
3309 3704 3568 3773 pertinet.

2051 3797 2349 3853 Ostendam
2388 3799 2552 3867 paulo
2586 3808 2742 3867 post,
2785 3805 2940 3852 extra
2990 3797 3208 3864 culpam
3262 3803 3318 3849 ct
3362 3796 3571 3850 erroris

1981 3889 2352 3959 suspicionem
2405 3902 2528 3944 esse
2578 3888 2993 3943 sanctissimum
3046 3885 3305 3940 Patrem:
3371 3894 3425 3939 et
3474 3885 3571 3954 qui

1980 3981 2059 4037 illi
2086 3980 2525 4050 stupidissimum
2555 3994 2717 4035 suum
2749 3984 3118 4032 commentum
3156 3975 3441 4037 aﬂinxerit,
3482 3990 3572 4044 pa-

1983 4090 2103 4130 rum
2162 4073 2470 4143 pudenter,
2530 4071 2761 4126 multum
2801 4070 2982 4141 inepte
3040 4068 3255 4123 fecisse.
3296 4066 3452 4120 Nunc
3500 4067 3568 4120 de

1982 4167 2174 4221 Latina
2234 4164 2689 4235 interpretatione
2750 4163 2904 4232 prius
2955 4176 3079 4216 cum
3140 4160 3233 4215 illo
3281 4158 3567 4227 caprinam

1983 4272 2222 4330 pugnam
2259 4270 2570 4313 conseram.
2600 4254 2831 4321 Quaerit,
2868 4253 2961 4309 ubi
3008 4253 3063 4307 in
3099 4266 3259 4307 sacra
3284 4251 3565 4319 Scriptura

279 4355 382 4410 nisi
414 4358 771 4426 provinciam
794 4357 1033 4425 aliquam
1060 4358 1393 4415 Essenorum
1416 4374 1540 4415 esse
1562 4366 1875 4415 constaret:
1909 4363 1954 4418 D
1984 4359 2193 4408 tractus
2228 4350 2319 4404 ille
2364 4349 2604 4417 δνρενίον
2645 4356 2889 4405 vocetur.
2939 4346 3108 4411 QuaSi
3162 4345 3217 4400 id
3265 4344 3430 4400 verba
3463 4343 3569 4398 ί⁸¹³

277 4460 445 4513 quam
472 4449 696 4502 nullam
733 4448 901 4505 fuisse
930 4449 1200 4504 hactenus
1238 4448 1430 4504 didici.
1455 4450 1534 4504 Tu
1568 4465 1693 4505 cum
1724 4450 1881 4519 Oppi-

275 4535 406 4590 dum
434 4538 671 4594 illorum
703 4540 758 4593 in
794 4540 1053 4597 interiore
1082 4540 1269 4596 Iudaea
1310 4541 1479 4597 fuisse
1519 4542 1751 4610 conjicis
1780 4541 1878 4612 (ε),

275 4642 305 4682 tt
331 4646 450 4700 quo
488 4632 741 4686 Ἐσσαῖοι
780 4641 835 4688 et
890 4633 1140 4705 Ἐσσηνοί
1181 4634 1313 4689 dicti
1354 4636 1590 4702 fuerint;
1621 4634 1726 4690 etsi
1776 4639 1880 4689 hoc

274 4724 559 4789 absurde,
614 4733 914 4796 contraque
942 4726 1165 4798 Josephi
1227 4743 1292 4783 ac
1331 4728 1575 4784 Philonis
1621 4744 1881 4801 expressa

275 4814 622 4869 testimonia
668 4815 837 4880 facis,
887 4825 1065 4871 tamen
1117 4816 1220 4871 hoc
1258 4816 1474 4886 ipsum,
1508 4815 1655 4886 quod
1692 4817 1746 4871 in
1796 4832 1883 4871 me

270 4912 387 4959 tam
450 4907 731 4961 atrociter
773 4907 1098 4973 inscctaris,
1146 4915 1333 4977 tuopte
1380 4906 1596 4975 judicio
1648 4906 1875 4975 probas.

273 4992 417 5051 Nam
454 5013 488 5051 a
527 4997 855 5054 civitatibus
892 4999 1269 5071 patronymica
1314 4998 1561 5061 formari,
1600 5014 1710 5052 non
1745 5012 1882 5067 gen-

268 5089 418 5153 tilia,
456 5088 772 5145 Cledonius
822 5090 1000 5147 docet.
1053 5090 1382 5147 Consentius
1425 5090 1564 5145 alter
1605 5105 1882 5162 gramma-

275 5176 428 5235 ticus
470 5182 560 5235 ait
597 5180 716 5252 (d):
774 5182 1159 5252 Patronymica
1201 5183 1414 5236 nomina
1443 5183 1701 5252 feminina
1745 5182 1800 5236 in
1837 5182 1885 5238 is

266 5271 423 5335 ﬁeri,
452 5280 518 5323 ut
544 5266 800 5325 Lucanus
827 5271 893 5325 ab
931 5272 1131 5326 Hibera
1162 5272 1395 5328 Hiberis.
1432 5272 1527 5329 Est
1560 5279 1742 5327 autem
1786 5269 1883 5326 Ili-

272 5360 458 5425 beris,
494 5363 728 5432 opinor,
768 5380 799 5418 a
838 5365 1063 5435 regione
1109 5380 1309 5421 nomen
1347 5366 1601 5425 inditum.
1645 5363 1884 5423 Thomas

352 5492 438 5568 (ᾳ)
477 5494 876 5568 ξωσμριίη,
907 5514 960 5568 ιι.
983 5498 1107 5553 616.

470 5566 663 5653 Iern.
688 5566 726 5619 ll
758 5563 1235 5653 Cranilm-a‘ticorunt
1270 5580 1569 5653 ceterarum.
1607 5569 1764 5630 189:2.

349 5633 431 5705 (et
473 5633 721 5696 Saintes.
759 5653 883 5713 pag.
920 5638 1044 5695 612.

1984 4442 2334 4513 signiﬁcent,
2368 4450 2596 4494 tractum
2656 4441 2980 4508 superiorem
3033 4439 3090 4495 in
3141 4438 3312 4493 sacris
3345 4436 3567 4492 Litteris

1983 4534 2259 4603 regionem
2287 4531 2434 4583 illam
2464 4528 2667 4584 vocari.
2705 4527 2862 4593 Quod
2886 4533 2970 4581 est
2997 4523 3415 4579 alienissimum.
3448 4523 3567 4576 Non

1982 4624 2088 4680 hoc
2140 4623 2273 4678 dicit
2313 4611 2746 4689 Epiphanius,d)
2793 4611 2985 4682 οὗτος,
3042 4615 3136 4669 sed
3190 4614 3413 4667 κοιλάδα
3466 4612 3565 4682 τὴν

1982 4716 2188 4787 ἁλυκὴν
2238 4712 2496 4782 appellari
2553 4710 2687 4764 dicit
2728 4708 2827 4779 τὴν
2877 4706 3285 4777 ὑπερκειμένην
3342 4705 3563 4775 χώρανε

1982 4807 2128 4877 quod
2171 4814 2224 4861 et
2256 4818 2443 4858 verum
2478 4809 2592 4867 est;
2638 4815 2763 4854 nam
2808 4798 3027 4870 φάραγξ
3081 4797 3254 4870 ἁλυκή
3294 4796 3454 4851 vallis
3499 4810 3565 4855 re

1983 4899 2183 4955 dicitur
2207 4937 2221 4962 ,
2253 4896 2389 4952 Gen.
2431 4912 2523 4949 xw
2544 4933 2560 4958 ,
2597 4895 2652 4961 3,
2695 4892 2787 4949 ubi
2817 4892 3153 4962 Asphaltites
3188 4891 3341 4946 lacus
3374 4898 3564 4959 postea

1982 4987 2159 5044 factus
2181 4994 2286 5041 est.
2312 4985 2381 5039 At
2412 4985 2557 5041 enim
2588 4983 2957 5054 ὑπερκειμένη
2990 4981 3143 5055 χώρα
3168 4998 3278 5037 non
3317 4990 3462 5038 recte
3496 4980 3564 5037 de

1985 5080 2122 5135 mari
2167 5078 2382 5133 Mortuo
2410 5116 2426 5143 ,
2481 5077 2567 5133 vel
2601 5076 2906 5146 Asphaltite
2937 5075 3060 5131 lacu
3092 5074 3315 5128 dicitur.
3354 5071 3562 5131 Viderit

1984 5173 2077 5243 qui
2113 5173 2185 5226 ita
2225 5171 2413 5227 Graece
2456 5168 2718 5240 scripsit:
2751 5167 2882 5237 quid
2921 5166 3027 5221 hoe
3063 5166 3129 5221 ad
3176 5164 3565 5234 interpretem?

1985 5262 2359 5336 ὑπερκειμένη
2388 5260 2542 5331 χώρα
2581 5260 2719 5316 velis
2761 5259 2905 5316 nolis
2947 5267 3150 5313 tractus
3179 5265 3262 5313 est
3300 5260 3559 5326 superior.

1986 5353 2096 5412 Sed
2128 5368 2307 5423 neque
2342 5351 2681 5423 Epiphanius
2710 5351 2767 5406 in
2793 5350 2955 5421 culpa
2995 5358 3114 5407 est:
3149 5364 3327 5421 neque
3348 5356 3405 5405 tu
3436 5363 3562 5412 sane

2080 5492 2143 5559 cl)
2167 5488 2323 5543 Tom.
2361 5488 2405 5543 ιι
2440 5483 3020 5559 Grammaticorunrvet
3049 5498 3117 5555 ,p.
3147 5481 3306 5539 2021.

2080 5492 2143 5559 ά)
2167 5492 2323 5543 Tom.
2361 5492 2405 5543 ll
2440 5492 2920 5541 Grammaticorum
2945 5500 2977 5537 ιι

2058 5492 2126 5635 Er)
2159 5559 2287 5631 Pag.
2323 5558 2444 5617 560.
2478 5556 2578 5613 Ed.
2614 5555 2751 5614 Rob.
2788 5553 2977 5624 Stt'ph.
