4028 6220
506 291 610 351 639

1836 281 2012 338 DION.
2059 279 2080 333 Ι

2181 280 2235 334 '.\
2247 282 2304 335 νι
2317 282 2351 336 U
2364 282 2404 336 S’
3609 284 3698 342 liii

507 420 628 460 sum
659 404 779 474 ejus
814 401 1097 473 accepisti.
1129 398 1320 454 Refert
1353 397 1710 468 Epiphanius,
1747 396 1986 454 Ossenos
2013 412 2076 451 ex
2107 398 2151 453 A
2182 395 2380 450 Strabo
2414 397 2508 450 lib.
2548 412 2621 450 xu
2653 390 2720 447 de
2737 393 2964 450 Gel-mnis
2999 434 3012 458 ,
3053 394 3186 449 urbe
3226 403 3281 451 et
3325 395 3451 450 colle
3486 396 3694 467 loquens,

507 495 686 549 Peraea
718 492 902 548 Iudaea
935 492 1210 563 profectos
1241 505 1386 555 esse,
1419 491 1520 544 hoc
1547 501 1629 545 est
1668 489 1939 553 Nabataza,
1974 504 2080 543 ca:-

507 587 747 654 terisque
799 583 1208 638 transamnanis
1252 582 1567 652 regionibus
1597 621 1612 646 ,
1642 597 1762 651 quae
1795 582 1849 634 in
1884 581 2083 635 Arabia

507 685 698 744 postea
735 675 956 730 consitae
1008 682 1151 729 sunt.
1216 675 1320 728 Eas
1375 674 1626 743 regiones
1681 681 1833 728 trans
1888 674 2080 727 vallem

507 766 912 834 salsuginosam
939 778 1080 817 esse.
1108 763 1226 828 Quo
1256 763 1498 828 nomine,
1520 762 1695 831 inquit
1727 762 2079 832 Epiphanius,

505 873 613 912 non
644 865 842 908 tractus
873 856 1158 920 superioris
1181 896 1194 919 ,
1237 861 1296 908 ut
1330 855 1585 923 nugaris,
1611 854 1704 908 sed
1733 855 2083 924 salsuginosw

509 948 689 1007 vallis,
717 948 770 999 in
800 946 1102 1015 Scripturis
1142 944 1369 999 aﬂectus
1401 946 1490 998 illc
1534 945 1784 1013 superior
1819 961 1947 1014 ager
1973 953 2079 1010 est,

507 1038 596 1090 ubi
620 1037 890 1105 quondam
908 1035 1141 1090 Sodoma
1159 1034 1547 1098 etGomorrha,
1567 1048 1870 1105 cacteraque
1883 1036 2080 1106 oppida

507 1130 726 1183 fuerunt
750 1167 764 1191 ,
793 1128 884 1197 qui
915 1129 1066 1182 locus
1096 1142 1242 1183 nunc
1271 1142 1420 1181 mare
1455 1126 1727 1180 Mortuum
1759 1137 1863 1194 est,
1915 1130 2082 1200 ὑπερ-

505 1221 735 1290 κειμένη
779 1218 930 1289 χώρα
955 1233 1017 1271 ea
1043 1217 1269 1281 ratione,
1303 1216 1752 1285 quamdialectici
1775 1218 2081 1287 ampliatio-

505 1327 628 1366 ncm
661 1317 876 1377 vocant,
903 1310 1055 1363 lacus
1087 1308 1175 1362 ille
1204 1307 1428 1362 dicitur.
1453 1307 1542 1363 Sic
1572 1309 1626 1362 in
1653 1307 2076 1380 Sibyllaaversu:

933 1407 1139 1457 Ἔσται
1167 1402 1362 1472 Δῆλος
1397 1403 1626 1471 ἄδηλος

504 1513 688 1565 quer
744 1513 810 1550 ex
863 1505 944 1550 te:
985 1495 1042 1548 Si
1079 1495 1237 1564 δῆλος
1268 1505 1382 1558 est,
1432 1495 1709 1564 quomodo
1761 1495 1992 1566 ἄδηλος;
2033 1495 2079 1550 si

505 1599 684 1642 autem
735 1588 964 1658 ἄδηλος,
1006 1588 1280 1658 quomodo
1324 1586 1660 1658 δῆλοςὶδΝοη
1698 1589 1859 1642 simul
1896 1599 1948 1643 et
1987 1603 2080 1642 eo-

505 1681 626 1734 dem
669 1687 910 1749 tempore
945 1685 1238 1749 utrumque
1271 1687 1399 1734 sunt
1425 1693 1508 1742 ea,
1543 1679 1608 1734 de
1635 1679 1834 1749 quibus
1860 1687 2079 1732 contra-

504 1771 584 1823 ria
631 1770 777 1834 duo,
818 1777 910 1822 aut
955 1771 1252 1838 pugnantia
1313 1770 1606 1834 dicuntur,
1656 1771 1749 1824 sed
1803 1770 1942 1824 κατὰ
1981 1771 2080 1842 τὴν

501 1860 794 1911 ὲπέκτασιν
842 1859 988 1928 quod
1025 1875 1146 1914 esse
1192 1859 1385 1926 desiit,
1445 1860 1624 1914 adhuc
1670 1860 1954 1914 tribuitur.
2000 1860 2078 1914 Ita

502 1951 653 2021 χώρα
696 1951 845 2020 prius
879 1961 1015 2014 erat,
1051 1952 1144 2021 qui
1181 1967 1327 2005 nunc
1360 1955 1512 2007 lacus
1547 1960 1630 2005 est
1664 1961 1716 2005 et
1749 1968 1917 2008 mare.
1955 1951 2080 2007 Haac

504 2052 731 2111 propter
763 2043 1014 2097 frivolum
1049 2050 1202 2097 tuum
1227 2043 1524 2113 ἀπὸρημαε
1560 2041 1660 2096 Ubi
1698 2044 1753 2095 in
1777 2060 1950 2096 rerum
1984 2061 2081 2096 na-

505 2143 625 2186 tura
663 2135 919 2201 reperisti,
953 2142 1181 2188 tractum
1209 2135 1455 2204 regionis,
1488 2133 1585 2205 τὴν
1611 2133 1816 2204 χώραν,
1844 2133 2081 2187 eumdem

501 2240 615 2276 esse
641 2241 758 2277 cum
794 2227 980 2278 mari?
1023 2224 1186 2281 Potes
1214 2224 1403 2279 eodem
1435 2225 1558 2293 jure
1617 2224 1684 2279 de
1728 2239 1793 2279 eo
1843 2239 2077 2294 percon-

503 2315 641 2378 tari,
699 2316 841 2384 quod
889 2315 1078 2368 Matth.
1117 2332 1214 2379 xu,
1254 2315 1306 2380 5,
1353 2315 1616 2384 scriptum
1665 2323 1776 2370 est:
1831 2334 1849 2366 ‹
1881 2315 2082 2368 Mortui

505 2413 821 2470 resurgunt,
850 2423 867 2454 ι
899 2405 996 2456 Ubi
1035 2405 1088 2456 in
1127 2420 1302 2456 rerum
1336 2413 1532 2456 natura
1563 2405 1804 2470 reperisti
1845 2413 2079 2457 mortuos

505 2495 817 2560 resurgere?
849 2492 905 2543 Si
939 2493 1082 2546 enim
1111 2493 1310 2546 mortui
1345 2501 1494 2557 sunt,
1531 2507 1636 2545 non
1669 2501 1999 2562 resurgunt;
2031 2494 2078 2547 si

503 2591 829 2649 resurgunt,
885 2596 991 2635 non
1047 2583 1248 2636 mortui
1298 2591 1445 2638 sunt.
1495 2581 1868 2652 Respondebit
1918 2583 2079 2638 facile

504 2670 624 2734 tibi,
653 2673 743 2741 qui
781 2673 952 2742 prima
982 2673 1298 2729 dialectices
1343 2675 1610 2729 elementa
1647 2675 1932 2732 didicerit:
1966 2676 2078 2731 imo

504 2765 596 2832 qui
627 2766 836 2820 ratione
872 2766 947 2820 uti
978 2775 1256 2835 utcunque
1288 2765 1530 2821 sciverit.

577 2852 684 2908 Nec
708 2861 792 2907 εει
816 2854 960 2923 quod
988 2855 1387 2926 ὑπερκειμένης
1415 2856 1496 2910 vcl
1523 2856 1809 2924 superioris
1845 2865 1896 2912 te
1925 2871 2080 2912 voca-

503 2943 691 2998 bulum
726 2946 864 2999 adco
901 2935 1267 3010 commoveat;
1325 2947 1478 3016 quasi
1529 2948 1583 3002 in
1632 2947 1802 3002 arduo
1859 2949 1963 3004 sita
2014 2965 2078 3006 ac

505 3050 774 3104 suspensa
810 3038 961 3104 regio
991 3051 1113 3090 esse
1143 3037 1430 3101 debuerit;
1461 3037 1600 3108 ὑπέρ
1631 3039 1775 3091 ειιίηι
1812 3053 1921 3093 non
1959 3047 2079 3094 tan-
2106 3059 2149 3116 ρ

505 3134 620 3178 tum
668 3131 752 3178 est
805 3139 1007 3190 supra,
1041 3124 1135 3178 sed
1180 3125 1341 3179 etiam
1381 3127 1546 3179 ultra.
1588 3127 1678 3181 Sic
1708 3130 1995 3200 ὑπερόριον
2026 3131 2080 3186 id

505 3215 733 3278 dicitur,
766 3215 910 3282 quod
939 3216 1080 3268 ultra
1108 3214 1240 3272 lines
1267 3231 1330 3270 ac
1368 3218 1566 3273 limites
1591 3220 1754 3273 situm
1781 3229 1899 3276 est:
1933 3222 2076 3291 quod

505 3304 576 3358 de
611 3305 834 3374 planitie
871 3319 934 3359 ac
961 3305 1220 3375 depressa
1259 3309 1504 3362 convalle
1533 3324 1643 3363 non
1677 3311 1878 3376 minus,
1915 3327 2078 3381 quam

505 3391 573 3446 de
604 3393 880 3447 montibus
919 3395 1174 3464 usurpari
1214 3397 1373 3451 solet.
1403 3397 1484 3450 ita
1523 3404 1577 3452 et
1601 3414 1846 3466 superum
1897 3409 1952 3454 et
1992 3402 2079 3454 in-

510 3483 680 3552 ferum
735 3498 764 3537 a
818 3483 1030 3541 Latinis
1081 3502 1190 3541 non
1236 3487 1304 3540 ab
1342 3489 1636 3544 eminentia
1675 3500 1729 3544 et
1769 3491 2077 3558 altitudine,

507 3575 590 3628 vel
624 3575 929 3632 declivitate
975 3579 1254 3636 dicuntur.
1288 3579 1485 3636 Strabo
1537 3582 1591 3636 in
1625 3582 1898 3654 plerisque
1946 3585 2081 3640 locis

508 3674 619 3719 tam
664 3669 1045 3737 praepositione
1087 3670 1259 3741 ὑπέρ,
1309 3687 1470 3740 quam
1526 3672 1691 3728 verbo
1756 3673 2079 3745 ὑπέρκειται

510 3773 645 3812 ιιειιε
698 3768 781 3814 εει
829 3760 969 3814 citra
1016 3762 1263 3816 notitiam
1300 3763 1604 3820 altitudinis
1638 3773 1692 3820 ct
1745 3768 2076 3822 eminentiae.

513 3849 585 3902 Ita
623 3850 759 3902 libro
788 3867 870 3905 v1:
925 3851 1095 3924 ’Υπὲρ
1133 3853 1188 3905 δὲ
1230 3853 1339 3907 τῶν
1370 3854 1642 3926 Θουρίων,
1679 3857 1890 3926 inquit,
1920 3861 2014 3912 καὶ
2046 3862 2079 3930 ἡ

508 3939 786 4011 Ταυριανὴ
827 3939 979 4012 χώρα
1028 3941 1292 4016 λεγομένη
1346 3946 1576 4017 ἵδρυται.
1638 3947 1810 4016 Supra
1859 3949 2081 4005 Thurios

505 4039 582 4082 est
623 4032 782 4083 etiam
808 4033 912 4085 sita
954 4035 1096 4103 regio
1121 4052 1237 4105 qua:
1274 4035 1546 4091 Tauriana
1582 4038 1800 4094 dicitur.
1832 4038 1897 4093 Et
1921 4041 2082 4110 paulo

507 4130 630 4189 post
668 4123 806 4194 ὑπὲρ
845 4125 900 4176 δὲ
928 4125 1132 4179 τούτων
1164 4129 1409 4198 Βρέττιοι
1437 4132 1763 4202 χερρόνησον
1786 4132 2077 4196 οἰκοῦντες.

507 4211 673 4266 Libro
731 4214 857 4267 item
897 4233 926 4269 v
983 4218 1086 4270 sub
1132 4217 1388 4272 initium:
1449 4220 1878 4289 ’Υπεραλπείους
1921 4230 2081 4277 vocat

507 4304 900 4372 Transalpinos
961 4306 1212 4374 populos.
1277 4311 1337 4360 Ui
1409 4311 1506 4378 μὲν
1568 4310 1661 4364 οὖν
1720 4314 1913 4366 Κελτοὶ
1969 4317 2080 4376 τοῖς

505 4390 891 4458 ὑπεραλπείοις
941 4391 1219 4461 ὁμοεθνεῖς
1253 4397 1378 4450 εἰσι.
1432 4397 1498 4451 Et
1544 4399 1734 4452 eodem
1784 4401 1921 4454 libro
1952 4404 2077 4466 τοὺς

506 4481 900 4550 ὑπεραλπείους
945 4483 1185 4548 Κελτούς
1231 4488 1485 4556 appellat.
1530 4491 1776 4545 Rursus:
1821 4493 1990 4564 ’Υπὲρ
2021 4495 2078 4548 δὲ

505 4570 840 4636 Πλακεντίας
870 4575 962 4627 ἐπὶ
993 4576 1090 4645 μὲν
1122 4577 1217 4630 τοῦ
1255 4578 1413 4649 ὅρους
1436 4579 1534 4649 τῆς
1561 4581 1765 4635 Κόττου
1793 4584 1895 4653 γῆς
1927 4585 2079 4639 Τίκι-

504 4679 594 4716 νον
617 4665 674 4715 ἐν
706 4663 792 4728 λς’
830 4666 1027 4736 μιλίοις
1056 4669 1229 4735 πόλις,
1261 4670 1356 4722 καὶ
1383 4671 1668 4742 ὁμώνυμος
1697 4676 1724 4727 ὁ
1750 4676 2078 4747 παραρρέων

507 4756 749 4825 ποταμὸς
778 4758 1099 4828 συμϐάλλων
1136 4760 1213 4829 τῷ
1240 4762 1417 4831 Πὰδῳο
1453 4761 1625 4830 Supra
1652 4764 1978 4820 Placentia»:
2010 4769 2078 4820 ad

505 4849 635 4914 ﬁnes
667 4850 891 4916 regionis
923 4849 1065 4904 Cotti
1096 4852 1336 4906 Ticinum
1369 4855 1492 4908 urbs
1541 4856 1685 4910 abest
1740 4859 1955 4927 triginta
1987 4874 2079 4913 sea:

505 4939 772 5000 millibus,
804 4950 851 4992 et
889 4941 1118 5008 ejusdem
1147 4946 1373 4997 nominis
1403 4947 1598 5014 ﬂumen
1626 4950 1986 5017 prater/luens
2027 4959 2075 5002 et

505 5030 561 5082 in
599 5029 807 5082 Padum
838 5032 1090 5085 incidens.
1123 5033 1254 5098 Qua:
1288 5035 1574 5093 Strabonis
1608 5041 1769 5093 verba
1802 5041 1846 5094 si
1876 5039 2079 5094 Saluta-

505 5123 624 5175 sius
657 5126 1062 5191 interpretetur,
1094 5117 1198 5177 non
1240 5125 1528 5191 dubitabit,
1563 5130 1692 5198 quin
1732 5138 1785 5182 ct
1814 5129 1950 5182 Galli
1977 5147 2078 5186 nos

504 5227 696 5266 omnes
735 5213 790 5264 in
845 5227 969 5266 aere
1007 5215 1259 5284 suspensi
1312 5216 1514 5285 simus;
1563 5227 1616 5272 et
1653 5217 1904 5272 Ticinum
1953 5235 2076 5274 cum

504 5301 669 5355 ﬂuvio
720 5319 820 5358 suo
873 5305 924 5356 in
958 5305 1104 5359 edito
1151 5306 1333 5374 aliquo
1383 5307 1502 5362 loco
1536 5308 1702 5362 situm
1744 5307 2076 5362 Placentiam

503 5390 643 5443 infra
676 5408 736 5447 se
763 5393 1050 5464 despiciat.
1086 5396 1205 5452 Non
1232 5398 1375 5452 cnim
1419 5398 1774 5472 ὑπερκεῖσθαι
1800 5439 1813 5465 ,
1846 5411 1940 5454 aut
1969 5418 2078 5456 esse

503 5499 665 5550 supra
688 5528 702 5552 ,
733 5487 840 5541 dici
880 5498 1094 5559 potest,
1147 5493 1256 5549 nisi
1287 5494 1434 5563 quod
1477 5493 1772 5551 sublimius
1801 5502 1904 5573 est.
1932 5493 2076 5552 idem

576 5638 652 5708 (α)
691 5639 920 5701 Salinas.
955 5662 1004 5716 υ.
1033 5647 1152 5704 615.

2185 489 2504 558 ὑπέρκειται
2535 488 2589 540 δὲ
2617 488 2710 542 καὶ
2732 487 2892 558 λίμνη
2923 485 3131 555 φύουσα
3164 486 3421 556 κάλαμον,
3451 503 3589 554 supra
3615 507 3694 558 pa-

2185 580 2267 634 lus
2292 588 2366 633 est
2413 579 2679 632 calamum
2714 579 2891 632 edens.
2929 580 3007 632 An
3039 593 3204 648 supra
3230 579 3412 632 collem
3441 581 3578 647 palus
3608 582 3694 634 im-

2183 670 2392 724 minet?
2424 670 2618 724 [terum
2650 669 2847 723 Strabo
2879 669 3000 722 libr.
3031 685 3116 721 xw
3165 669 3232 722 de
3281 669 3378 722 hoc
3420 669 3526 736 ipso
3549 707 3562 731 ,
3608 684 3698 737 quo

2182 761 2248 816 de
2295 762 2544 832 agimus,
2597 769 2773 815 tractu
2825 760 3093 828 loquens:
3147 759 3478 830 ’Υπέρκειται
3527 759 3575 810 δὲ
3617 761 3697 827 τῆς

2197 854 2481 915 Ἰουδαίας,
2518 851 2611 904 καὶ
2653 851 2749 920 τῆς
2782 850 2982 919 Κοίλης
3019 849 3251 921 Συρίας,
3303 849 3453 919 μέχρι
3483 849 3700 901 Βαϐυλω·

2181 945 2299 1006 νίας
2318 983 2332 1007 ,
2369 945 2461 996 καὶ
2487 944 2587 1012 τῆς
2613 943 2708 995 τοῦ
2735 942 3018 1013 Εὐφράτου
3051 941 3319 1010 ποταμίας
3346 982 3360 1005 ,
3412 942 3537 1010 πρὸς
3573 943 3700 994 νότον

2195 1036 2418 1104 Ἀραϐία
2448 1037 2622 1097 πᾶσα,
2657 1035 2825 1105 χωρὶς
2862 1033 2967 1086 τῶν
3006 1034 3062 1085 ὲν
3090 1035 3157 1102 τῇ
3190 1032 3561 1102 Μεσοποταμίᾳ
3585 1034 3702 1100 Σκη-

2181 1126 2339 1179 νιτῶν
2365 1143 2378 1155 ο
2409 1125 2581 1194 Supra
2613 1125 2860 1179 Judwam
2885 1134 2934 1179 et
2966 1123 3323 1194 leesyriam,
3357 1140 3506 1192 usque
3530 1123 3590 1175 ad
3614 1123 3703 1175 Ba-

2182 1219 2468 1288 byloniam,
2503 1226 2551 1271 et
2582 1217 2850 1286 ﬂuvialem
2880 1216 3166 1285 Euphratis
3195 1215 3440 1285 regionem
3460 1255 3474 1278 ,
3497 1224 3703 1267 austrum

2181 1326 2378 1372 versus,
2413 1319 2522 1362 tota
2560 1319 2634 1363 est
2661 1308 2884 1372 Arabia,
2913 1316 3106 1377 prater
3133 1306 3391 1370 Scenitas,
3422 1307 3504 1375 qui
3532 1307 3580 1358 in
3607 1304 3704 1359 Me-

2179 1398 2476 1466 sopotamia
2513 1408 2654 1453 sunt.
2707 1398 2869 1453 Vides
2911 1405 2969 1450 ut
3023 1411 3187 1465 supra
3217 1395 3451 1450 Judazam
3491 1396 3704 1465 regiones

2181 1488 2302 1544 illas
2332 1490 2580 1548 collocet.
2605 1498 2658 1544 et
2688 1488 3044 1560 ὑπερκεῖσθαι
3073 1488 3239 1551 dicat,
3276 1487 3377 1541 hoc
3402 1495 3481 1541 est
3505 1486 3706 1554 superio-

2181 1596 2261 1632 res
2310 1596 2423 1633 esse
2439 1596 2458 1644 ;
2508 1579 2651 1649 quod
2695 1580 2836 1634 idem
2882 1589 2965 1635 est
3012 1587 3176 1648 atque
3219 1579 3506 1632 ulteriores.
3538 1576 3707 1631 Eodem

2182 1672 2364 1740 itaque
2388 1671 2551 1725 modo
2574 1671 2671 1741 τὴν
2698 1671 3099 1742 ὑπερκειμένην
3125 1669 3310 1740 χώραν
3337 1677 3557 1723 tractum
3583 1668 3707 1721 illum

2182 1761 2520 1831 superiorem
2575 1762 2789 1815 vocavit
2843 1760 3215 1830 Epiphanius,
3279 1761 3370 1829 qui
3429 1759 3609 1814 Iudaea:
3655 1756 3708 1810 ad

2181 1853 2444 1907 Orientem
2488 1864 2540 1907 et
2571 1852 2856 1907 meridiem
2886 1853 3109 1908 ultimus
3140 1863 3224 1908 est
3251 1892 3267 1916 ,
3305 1863 3357 1908 et
3386 1868 3540 1920 supra
3571 1850 3711 1904 Palm-

2184 1943 2383 1999 stinam
2422 1943 2724 2012 reliquam:
2761 1943 2854 2012 qui
2884 1957 3013 2010 ager
3045 1944 3196 2007 olim,
3233 1951 3290 1998 et
3319 1942 3498 2004 κοιλὰς
3548 1941 3712 2011 ἁλυκή,

2182 2043 2367 2101 postea
2407 2032 2559 2086 lacus
2594 2031 2730 2086 fuit:
2785 2041 3062 2099 postquam
3111 2031 3254 2086 Deus
3309 2030 3635 2086 Comorrham
3675 2040 3713 2084 et

2183 2122 2415 2176 Sodoma
2447 2122 2719 2176 subuertit.

2254 2209 2323 2265 Ut
2349 2211 2512 2282 igitur
2538 2212 2737 2266 Arabia
2761 2213 3133 2284 ὑπερκειμένη
3172 2213 3338 2285 χώρα
3363 2213 3555 2270 Iudaeae
3582 2214 3719 2269 totius

2183 2317 2212 2354 a
2246 2303 2513 2358 Strabone
2539 2303 2780 2368 dicitur,
2815 2305 2941 2373 quia
2974 2305 3100 2360 huic
3140 2306 3206 2360 ad
3240 2308 3524 2362 meridiem
3556 2307 3719 2361 obver-

2182 2395 2344 2448 titur:
2374 2394 2454 2448 sic
2481 2395 2703 2464 reliqua:
2740 2393 2938 2450 Judaea:
2967 2398 3343 2469 ὑπερκειμένη
3374 2400 3564 2453 dicitur
3583 2439 3596 2463 ,
3623 2412 3721 2468 quae

2181 2483 2456 2551 quondam
2487 2482 2639 2554 χώρα
2672 2485 2774 2538 fuit
2795 2524 2810 2549 ,
2840 2485 3002 2540 hodie
3039 2486 3191 2542 lacus
3237 2498 3353 2542 est.
3391 2488 3645 2559 Siquidem
3677 2495 3720 2542 et

2180 2580 2456 2627 extremus
2484 2572 2786 2630 Palaestinae
2823 2577 2980 2632 limes
3011 2577 3076 2631 ad
3107 2580 3384 2635 orientem
3430 2596 3563 2651 saepe
3597 2580 3722 2633 lacus

2180 2664 2269 2719 ille
2319 2664 2374 2718 in
2418 2663 2722 2736 Scripturis
2779 2671 3079 2731 statuitur,
3126 2680 3183 2726 ut
3220 2671 3392 2729 Num.
3431 2689 3616 2736 xxxrv,
3659 2671 3720 2736 3;

2184 2753 2340 2810 Deut.
2375 2772 2459 2822 ιιι,
2492 2758 2592 2824 t7;
2631 2758 2797 2815 Josue
2829 2777 2929 2826 xv,
2959 2762 3014 2815 2.
3041 2762 3188 2817 Nihil
3214 2775 3304 2820 est
3340 2767 3535 2821 verius.
3563 2762 3726 2818 Omnis

2182 2847 2236 2901 in
2278 2849 2657 2921 interpolando
2685 2853 3042 2923 vexandoque
3082 2854 3201 2909 loco
3244 2856 3348 2912 illo
3387 2856 3622 2912 Salmasii
3647 2868 3725 2908 co-

2182 2947 2344 2994 natus
2371 2941 2561 2995 irritus
2604 2950 2657 2996 et
2696 2943 2875 2998 inanis
2919 2951 3022 2999 est.
3061 2943 3222 3000 Jubct
3263 2944 3550 3016 Epiphanii
3589 2944 3727 2998 verba

2183 3031 2263 3085 sic
2317 3031 2550 3098 instrui,
2585 3032 2740 3101 quasi
2774 3033 3037 3103 scriptum
3087 3045 3263 3090 exstet
3315 3040 3429 3108 (a):
3468 3037 3579 3089 Τῶν
3619 3033 3726 3088 ἐπέ-

2182 3139 2336 3176 κεινα
2371 3123 2770 3194 ὑπερκειμένης
2817 3123 2999 3195 χώρας
3041 3126 3139 3195 τῆς
3185 3127 3440 3192 κοιλάδες
3489 3127 3579 3197 τῆς
3621 3125 3730 3180 ἁλυ-

2181 3215 2283 3284 κῆς
2310 3251 2326 3277 ,
2367 3215 2634 3283 regionum
2679 3217 2902 3268 sitarum
2947 3225 3093 3270 trans
3133 3219 3398 3287 regionem
3427 3219 3558 3273 vallo
3588 3216 3727 3270 maris

2184 3303 2383 3357 Μονιυὶ
2417 3305 2844 3372 superjacentem.
2885 3305 3014 3359 Nam
3071 3307 3212 3361 ultra
3263 3311 3542 3379 regionem
3589 3306 3731 3360 maris

2186 3394 2386 3450 Mortui
2414 3396 2694 3452 littoribus
2735 3398 3074 3466 adiacentem
3099 3407 3218 3452 erat
3256 3399 3536 3465 Nabataea,
3565 3399 3730 3452 Ituran

2182 3499 2235 3543 et
2263 3487 2532 3543 Moabitis.
2560 3486 2685 3542 Hinc
2715 3504 2890 3558 neque
2927 3490 3236 3545 necessaria
3273 3500 3367 3546 est
3389 3532 3403 3555 ,
3439 3501 3490 3547 et
3523 3490 3730 3545 absurda

2183 3585 2268 3632 est
2320 3579 2626 3649 inscitaque
2673 3581 2976 3651 castigatio.
3029 3580 3418 3636 Necessariam
3475 3598 3580 3636 non
3631 3594 3734 3634 esse

2184 3670 2383 3739 probat
2425 3672 2573 3740 quod
2621 3687 2720 3742 pro
2771 3682 2986 3742 recepta
3024 3674 3254 3727 lectione
3285 3674 3617 3745 disputatum
3642 3680 3732 3726 cst.

2184 3762 2510 3818 Absurditas
2541 3779 2603 3816 ex
2635 3779 2700 3817 eo
2750 3772 2935 3833 patet,
2965 3764 3110 3832 quod
3140 3764 3350 3836 ἁλυκὴν
3383 3766 3598 3819 κοιλάδα
3631 3763 3737 3830 Epi-

2183 3853 2418 3922 phanius
2443 3867 2590 3909 mare
2621 3853 2890 3908 Mortuum
2923 3856 3172 3925 appellet.
3201 3855 3422 3926 Quippe
3453 3857 3636 3911 haeresi
3657 3855 3735 3915 55.

2184 3960 2306 4013 quae
2359 3954 2442 4000 εει
2478 3944 2914 4016 ὃθιηρετεοτυιη,
2965 3948 3076 4012 ait,
3115 3946 3249 4001 istos
3307 3949 3405 4017 qui
3448 3960 3500 4003 et
3534 3945 3737 4000 Escesazi

2185 4045 2351 4103 sunt,
2412 4036 2466 4090 in
2511 4035 2694 4090 Poma
2735 4037 2976 4091 versari:
3018 4036 3172 4090 υῦτω
3224 4038 3541 4110 καλουμένῃ
3585 4037 3737 4106 χώρᾳ,

2186 4125 2356 4195 πέραν
2394 4125 2495 4196 τῆς
2535 4126 2794 4195 Ἀλυκῆς,
2845 4126 2963 4195 ἦτοι
3011 4126 3229 4196 Νεκρᾶς
3283 4128 3628 4199 καλουμένης
3669 4126 3742 4178 Θα-

2182 4217 2387 4288 λάσσης
2433 4219 2489 4270 ὲν
2519 4220 2582 4288 τῇ
2629 4217 2910 4271 Μοαϐίτιδι
2941 4216 3092 4288 χώρᾳ
3138 4218 3264 4289 περὶ
3305 4220 3397 4271 τὸν
3429 4219 3742 4290 χειμάρρουν

2198 4311 2430 4381 ’Λρνὼν,
2476 4314 2570 4365 καὶ
2614 4313 2871 4366 ἐπέκεινα
2917 4315 2975 4365 ἐν
3013 4317 3079 4384 τῇ
3132 4314 3404 4386 Ἰτουραίᾳ
3453 4317 3546 4368 καὶ
3588 4312 3747 4367 Ναϐα-

2111 4379 2156 4434 D
2185 4403 2309 4455 τίδι·
2347 4404 2479 4470 Qua:
2509 4403 2696 4457 Pera'a
2727 4414 2980 4468 vocatur;
3009 4421 3125 4473 quw
3151 4413 3226 4458 est
3251 4414 3402 4460 trans
3427 4406 3627 4458 salsura
3655 4403 3744 4456 sire

2186 4493 2457 4549 Morinum
2491 4512 2636 4550 mare
2662 4535 2676 4560 ,
2731 4495 2868 4565 quod
2897 4496 3089 4550 dicitur
3122 4497 3174 4548 in
3221 4495 3521 4550 Moabitide
3552 4493 3617 4549 ad
3652 4503 3747 4546 tor-

2185 4593 2378 4637 rentem
2413 4586 2610 4648 Arnen,
2651 4597 2698 4638 et
2746 4585 2889 4637 ultra
2927 4585 2981 4636 in
3017 4582 3216 4637 Ituraza
3252 4594 3303 4637 et
3333 4582 3625 4637 Nabala’a.
3656 4578 3746 4634 Sed

2184 4683 2238 4728 et
2268 4674 2569 4729 Salmasius
2618 4677 2720 4729 hoc
2762 4678 2877 4744 ipsc
2914 4676 3235 4739 confitetur,
3270 4677 3368 4744 τὴν
3405 4675 3633 4729 κοιλάδα
3662 4672 3748 4740 τὴν

2197 4760 2426 4832 ’Λλυκήν
2466 4777 2564 4830 pro
2599 4763 2736 4816 mari
2789 4763 2998 4817 Mortuo
3027 4764 3166 4818 sumi
3209 4765 3277 4816 ab
3313 4764 3646 4834 Epiphanio.
3683 4760 3748 4813 Ex

2183 4853 2572 4922 quojocularis
2609 4855 2698 4908 illa
2729 4857 3086 4910 correctionis
3121 4858 3388 4911 sententia
3425 4855 3747 4909 coniicitur:

2185 4941 2560 5010 Moabitidem,
2596 4943 2852 4999 [turmam
2877 4985 2892 5009 ,
2922 4956 2970 4999 et
3007 4956 3224 5000 ca’teras
3255 4947 3402 4999 ultra
3435 4965 3587 5001 mare
3618 4945 3753 4999 Mor-

2186 5044 2331 5088 tuum
2362 5053 2495 5102 esse,
2521 5036 2658 5106 quod
2686 5038 2819 5091 idem
2847 5037 3119 5092 Mortuum
3150 5057 3293 5094 mare
3321 5050 3401 5094 est
3434 5056 3599 5108 supra
3623 5052 3750 5091 mare

2185 5121 2476 5176 Mortuum.
2515 5125 2723 5179 Etenim
2757 5127 3005 5199 κοιλὰςή
3054 5129 3224 5199 ὰλυκή
3282 5145 3434 5184 mare
3493 5131 3752 5182 Mor-tuum

2183 5223 2312 5277 cst,
2372 5223 2431 5268 ut
2480 5215 2818 5285 Epiphanius
2870 5220 3074 5273 diserte
3135 5221 3363 5283 scribit,
3429 5220 3754 5273 assentiente

2186 5308 2583 5376 grammatico:
2629 5326 2790 5378 porro
2817 5311 3186 5382 ὑπερκειμένη
3238 5312 3388 5382 χώρα
3427 5313 3609 5366 eidem
3644 5309 3754 5376 Epi-

2185 5398 2387 5469 phanio
2424 5415 2532 5455 non
2581 5401 2685 5455 alia
2723 5409 2843 5467 est,
2895 5417 3058 5470 quam
3097 5403 3386 5473 ipsummct
3429 5417 3584 5454 mare
3623 5397 3752 5451 Μιντ-

2150 5500 2359 5566 ιιιυιη.
2404 5492 2634 5564 Subjicit
2672 5494 2857 5552 enim:
2907 5493 3107 5548 ἔστιδὲ
3153 5494 3291 5564 αὕτη
3324 5490 3522 5563 Νεκρὰ
3568 5490 3754 5545 καλου·
