2014 3110
127 2542 354 2568 “meum:

8 2542 42 2912 ‘
162 2620 209 2658 (ι)
224 2620 290 2659 Pag.
309 2623 354 2652 6.4

142 0 201 29 μενη
225 0 356 17 υαλισσα.
387 0 405 16 υ
411 0 436 16 υΙ

139 26 244 75 positam
273 35 475 71 ὑπερκειμένην
498 34 591 70 χώραν
618 26 750 62 refertur.’
766 35 917 63 Salmasius

137 82 342 112 construendum
371 81 407 107 ita
446 81 559 112 statuit,
581 81 660 115 quasi
689 85 763 109 esset
790 81 917 108 ἐπέκεινα

137 127 328 165 ὑπερκειμένης
359 126 451 162 χώρας
480 127 529 161 τῆς
558 126 679 158 κοιλάδος
713 127 763 162 τῆς
789 127 914 162 Ἀλυκῆς.

137 174 218 208 Quare
230 174 363 200 barbarus
379 173 433 204 ille,
447 179 527 206 quem
543 172 617 204 dixi,
635 172 801 206 putidusque
817 181 916 200 sensus

135 218 253 246 ClSlSlil:
275 217 391 252 regiones
407 217 473 243 istas
488 217 587 250 positas
598 225 654 243 esse
664 218 734 243 ultra
750 225 823 243 mare
841 217 915 243 illor-

137 269 220 295 tuum,
237 262 307 298 quod
324 266 363 289 est
392 269 473 296 supra
496 270 568 288 mare
586 262 731 290 Mortuum.
748 262 916 297 Epiphanius

458 0 606 24 [)HHHHIIUII
636 0 705 25 αυτη
733 0 766 16 att

134 308 226 344 quippe
238 308 333 335 eodem
352 308 431 335 modo
447 307 557 341 scripsit
573 308 639 334 hmr.
658 308 702 339 19,
717 311 835 337 Essenos
855 316 916 335 esse

134 353 257 379 ἐπέκεινα
269 353 319 387 τῆς
341 352 457 386 Ἀλυκῆς
474 352 544 378 οὕτω
560 353 728 387 καλουμένης
750 354 916 388 ὑπερκειμέ-

132 407 177 434 νης
187 397 296 434 χώρας,
310 405 371 433 quae
384 401 425 425 est
441 397 575 424 Mortuum
590 406 680 431 mare;
697 406 750 432 quo
764 399 860 426 hazresi
870 400 904 426 55

132 443 194 471 dixit
214 451 278 471 esse
293 444 380 479 πέραν
392 445 442 479 τῆς
461 443 594 478 Ἀλυκῆς,
615 444 673 479 ἦτοι
691 444 800 480 Νεκρᾶς
817 445 915 471 καλου-

134 489 211 524 μένης
236 488 394 524 θαλάσσης,
415 493 440 516 et
464 489 529 516 hzer.
550 489 604 516 20:
630 489 715 525 πέραν
738 491 787 525 τῆς
808 491 917 526 Νεκρᾶς

133 535 274 571 θαλάσσης.
292 536 377 571 Igitur
401 537 417 570 ἠ
442 536 619 571 περικειμένη
641 537 717 571 χώρα
743 541 785 564 est
806 537 915 573 Ἀλυκή,

132 581 184 609 sive
197 581 294 617 Νεκρὰ
307 580 440 608 θάλασσα.

162 627 222 655 Περ
249 627 395 662 Epiphanii
420 627 478 654 loca
506 627 557 654 tria
581 627 615 654 de
639 626 733 654 eodem
755 631 915 661 argumento

795 0 917 24 proxunc
933 0 955 20 Α
972 0 1037 16 Λαοα
1055 0 1109 15 των
1133 0 1203 16 αλων
1228 0 1352 17 υιχιδδιξι.
1382 0 1409 17 ΙΙΙ
1437 0 1537 18 (101105.
1565 0 1624 26 (Ἤρ.

1649 0 1704 23 xtv.
1731 0 1758 25 δ,

969 36 1050 62 vallis
1069 36 1124 67 illa,
1143 44 1203 70 quae
1219 37 1245 63 in
1278 34 1417 61 Morttzum
1453 43 1528 64 mare
1549 44 1682 64 conversa
1706 44 1759 71 est,

969 80 1015 106 ubi
1031 79 1401 113 Sodomorum,Gomorrha‘,
1411 82 1557 116 exterique
1572 89 1650 117 reges
1662 89 1759 110 contra

970 130 1087 159 quatuor
1098 126 1166 153 alios
1178 131 1315 153 certamen
1331 127 1460 157 inierunt,
1473 127 1568 154 aLXX
1582 132 1697 155 vocatur
1707 138 1762 155 κοι-

968 170 1016 202 λὰς
1048 172 1065 206 ἡ
1101 171 1200 207 Ἀλυκή
1222 180 1228 198 :
1252 176 1278 199 et
1311 180 1393 206 supra
1425 176 1560 199 commate
1588 173 1622 204 5,
1653 173 1762 208 φάραγξ

969 215 1070 250 ἁλυκή.
1085 216 1143 243 Νοη
1159 216 1272 243 dubium
1284 221 1335 248 est,
1352 217 1416 251 quin
1431 225 1463 244 eo
1476 219 1628 252 respexerit
1643 218 1762 253 Epipha-

968 261 1030 288 nius
1044 270 1106 288 cum
1121 263 1232 297 scripsit
1248 272 1254 290 :
1271 263 1327 297 Τῆς
1342 263 1464 294 κοιλάδας
1481 265 1530 299 τῆς
1550 264 1654 299 ἀλυκῆς
1674 264 1762 295 οὕτως

968 307 997 332 ὲν
1013 308 1046 341 τῇ
1056 307 1116 342 θείᾳ
1125 308 1218 343 Γραφῇ
1235 307 1415 342 καλουμένης.
1430 307 1566 342 Nusquam
1584 310 1655 336 enim
1669 310 1761 340 κοιλὰς

974 350 1074 384 ’Λλυκή
1097 352 1149 379 nisi
1168 352 1221 380 hoc
1247 352 1307 378 loco
1329 353 1496 381 nominatur.
1525 354 1559 380 At
1586 362 1641 380 non
1659 355 1756 382 vallem

969 397 1124 424 Salinarum
1143 396 1266 424 Idumam:
1283 397 1403 424 citimam
1417 417 1424 429 ,
1445 398 1492 424 sed
1510 399 1646 433 regionem
1665 399 1691 426 in
1708 407 1761 434 qua

967 446 1062 476 postea
1097 442 1173 468 lacus
1203 441 1371 476 Asphaltites
1387 442 1507 474 exstitit,
1534 443 1587 470 isto
1614 444 1673 477 ipso
1701 444 1762 471 loco

968 487 1114 521 signiﬁcat.
1148 485 1338 513 Calumniatur
1369 486 1461 521 itaque
1492 487 1661 520 Salmasius,
1693 489 1758 515 dum

967 531 1120 566 Epiphanio
1136 531 1161 558 id
1178 531 1290 566 allingit,
1307 531 1380 566 quod
1396 537 1438 559 est
1451 532 1677 560 insulsissimum.
1693 533 1760 560 Nam

968 578 1088 609 nullam,
1118 581 1147 604 ut
1171 577 1207 603 ita
1232 577 1352 604 sensisse
1377 582 1542 604 monstraret
1567 577 1759 612 Epiphanium,

968 623 1100 649 rationem
1125 622 1260 649 adduxit:
1278 622 1355 657 quasi
1383 622 1493 656 impune
1513 630 1562 657 pro
1583 623 1696 650 libidine
1712 631 1758 650 ea-

132 673 197 701 inter
225 680 259 701 se
289 676 447 707 comparata
476 672 626 699 commenti
656 673 730 700 illius
756 672 916 700 inanitatem
932 667 1056 697 Bvillari
1074 675 1105 694 ac
1123 667 1267 694 traducere
1296 668 1424 702 antiquos
1451 667 1545 695 Patres
1564 669 1655 695 liccat.
1674 668 1761 696 Vallis

133 719 299 754 redarguunt
314 727 320 746 :
340 723 396 745 tum
413 725 478 745 vero
499 718 643 753 capitalem
666 718 779 745 alteram
795 719 916 746 oscitan-

131 764 190 791 tiam
212 763 337 799 pulsant.
359 762 462 789 Scribit
487 763 559 790 enim
583 770 644 799 pag.
660 763 722 795 615,
750 772 804 791 non
825 764 916 791 dicere

131 809 321 845 Epiphanium,
338 807 470 836 Moabitas
484 807 612 835 ἐπέκεινα
631 809 680 843 τῆς
697 808 805 845 Νεκρᾱς
817 809 916 836 θαλάσ-

131 862 185 890 οης,
197 854 272 881 ultra
296 860 371 880 mare
397 852 534 880 Mortuum
555 853 690 885 habitare,
717 854 765 881 sed
789 854 916 881 ἐπέκεινα

129 898 328 935 ὑπερκειμένης
354 898 446 933 χώρας
465 898 514 933 τῆς
536 898 645 933 Νεκρᾶς
669 898 815 934 Θαλάσσης,
844 900 916 926 ultra

129 945 255 980 regionem
280 944 459 971 imminentem
484 944 554 970 mari
565 943 683 971 Mortuo.
700 944 777 977 Quod
792 953 854 972 esse
867 945 917 971 fal-

130 998 184 1018 sum
206 998 242 1019 ex
267 989 363 1018 haeresi
386 988 421 1016 20
440 992 467 1016 et
495 989 541 1016 53'
561 990 775 1018 demonstratur.
806 990 843 1017 lbi
874 994 917 1018 est

130 1036 206 1069 enim,
220 1037 314 1072 πέραν
333 1036 382 1071 τῆς
404 1036 530 1072 Ἀλυκῆς,
557 1036 616 1071 ἦτοι
641 1036 751 1071 Νεκρᾶς
783 1036 917 1071 καλουμέ-

130 1090 174 1118 νης
199 1082 342 1118 Θαλάσσης
368 1089 430 1110 esse
452 1082 638 1114 Moabitidem,
657 1082 759 1110 omissa
776 1089 842 1110 voce
863 1081 918 1117 χώ-

132 1135 177 1163 ρας
190 1138 198 1156 :
212 1135 300 1164 quam
316 1128 387 1156 idem
404 1128 449 1156 ille
462 1128 577 1156 criticus
603 1128 858 1163 subintelligendam
873 1135 917 1155 as-

130 1173 191 1201 sorit
205 1182 212 1201 :
232 1180 293 1209 quo
308 1173 376 1201 nihil
390 1173 452 1209 tingi
467 1178 556 1209 potest
577 1173 724 1208 stupidius.
795 1170 797 1173 ’

429 1229 542 1257 CAPUT
569 1229 613 1257 1V.

129 1273 166 1301 De
176 1275 329 1309 Asphaltite
343 1275 414 1302 lacu.
428 1274 592 1309 Epiphanius
607 1283 623 1301 a
640 1274 769 1302 Salmasii
782 1275 917 1302 calumnia

161 1310 325 1345 defenditur.
353 1310 437 1337 Vallis
453 1310 609 1342 salinarum
628 1310 691 1343 quid
716 1310 762 1337 ait.
788 1310 917 1337 Salmasii

161 1345 324 1380 multiplicia
339 1349 363 1372 et
379 1345 536 1381 gravissima
552 1349 669 1379 peccata.

159 1400 264 1429 Parum
282 1401 348 1428 huic
374 1400 531 1435 importuno
552 1401 710 1437 castigatori
727 1401 860 1429 facinoris
873 1402 915 1430 vi-

129 1453 187 1474 sum
201 1451 260 1479 est,
275 1446 418 1482 Epiphanii
433 1446 596 1474 sententiam
611 1454 643 1474 ac
658 1447 741 1475 verba
756 1447 915 1482 depravare,

127 1492 179 1526 nisi
196 1497 225 1521 et
254 1493 444 1520 immerentem
473 1492 579 1520 Patrem
607 1500 639 1520 ac
667 1497 863 1528 repugnantem
890 1494 916 1521 in

128 1538 228 1566 erroris
261 1537 305 1564 sui
328 1537 486 1565 societatem
511 1537 643 1564 traheret.
671 1538 726 1572 Τὴν
743 1537 852 1564 κοιλάδα
868 1538 917 1573 τὴν

127 1582 242 1619 ἁλυκήν,
272 1582 300 1610 id
321 1587 375 1615 est,
399 1583 493 1610 vallem
507 1582 711 1618 salsuginosam,
738 1591 819 1617 quam
842 1591 917 1611 mare

128 1625 271 1655 Hermum
286 1627 481 1662 interpretatur
496 1626 675 1662 Epiphanius,
690 1628 724 1654 ab
741 1628 836 1655 eodem
850 1635 919 1655 con-

127 1670 203 1701 fundi
217 1676 301 1708 putat
317 1679 378 1699 cum
397 1672 466 1699 valle
488 1671 654 1705 Salinarum,
673 1674 753 1708 cujus
768 1675 870 1701 mentio
888 1674 917 1701 tit

127 1717 175 1746 lib.
198 1717 222 1749 ll
248 1717 394 1754 ﬂeg.,cap.
413 1727 470 1750 νιιι,
486 1719 530 1751 13,
548 1724 574 1746 et
592 1718 602 1744 l
627 1718 755 1754 Paralip.,
770 1727 830 1755 cap.
849 1728 917 1753 xxu,

127 1763 171 1792 Β.
187 1765 217 1793 In
237 1764 312 1792 libro
327 1763 430 1799 Regum
446 1765 483 1791 ita
500 1764 632 1799 scriptum
648 1769 690 1792 est
704 1774 710 1791 :
731 1764 806 1792 Fecit
818 1774 919 1801 quoque

127 1809 283 1838 ιῦὶυηίἀ
298 1819 402 1842 nomen,
419 1819 477 1837 tum
488 1816 670 1842 reverteretur,
687 1816 765 1844 capta
784 1810 874 1845 Syria,
892 1812 918 1837 in

125 1853 195 1882 ulla
210 1855 384 1888 Salinarum,
405 1856 480 1882 ca’st's
498 1855 585 1882 decent
603 1860 626 1882 et
649 1861 707 1882 octo
729 1856 857 1883 millibus.
885 1856 918 1882 Et

126 1901 216 1934 posuit
241 1900 272 1928 in
299 1899 419 1928 Idumen
439 1901 570 1932 custodes,
591 1902 735 1936 statuitque
751 1901 916 1935 pra'sidt'um.

127 1943 268 1975 "dulice
289 1938 352 1976 rbi:
373 1949 439 1976 κω
469 1946 497 1972 in
521 1946 590 1973 valle
613 1946 695 1973 Salis.
726 1946 795 1972 LXX
826 1954 917 1974 vocem

126 1989 465 2029 llebeaatltretinuerunt,
488 1993 516 2018 ὲν
531 1992 657 2027 γεμέλεχ,
681 1993 760 2027 quasi
778 1993 918 2028 proprium

126 2041 232 2065 nomen
245 2040 339 2070 esset;
356 2045 422 2069 non.
438 2041 469 2064 ut
483 2038 668 2064 hallucinatur
689 2038 851 2071 Salmasius,
863 2048 920 2066 κοι-

124 2079 195 2118 λάδᾳ
209 2081 270 2109 τῶν
286 2081 370 2114 ἁλῶν,
389 2090 454 2117 quo.
466 2083 576 2110 nomine
598 2083 667 2110 LXX
685 2088 783 2110 vocant
799 2085 825 2110 in
850 2084 920 2111 libro

124 2123 372 2163 "Forulipqcum
389 2128 538 2156 inﬂeme
551 2129 644 2156 eadem
658 2131 762 2164 sitqme
776 2129 802 2156 in
812 2130 882 2157 libro
898 2130 919 2156 ll

123 2168 196 2206 Reg,
223 2171 382 2206 appellatio,
404 2173 482 2200 vallis
503 2172 585 2200 Salis.
606 2174 636 2200 ln
662 2174 741 2201 titulo
754 2175 851 2209 psalmi
874 2183 919 2202 ιι(

125 2213 314 2252 Winta
347 2217 481 2251 reddunt,
510 2218 638 2254 φάραγγα
667 2220 721 2246 τῶν
749 2220 830 2247 ἀλῶν.
861 2220 919 2248 Non

124 2260 260 2292 condent
271 2270 334 2291 esse
349 2264 446 2291 vallem
464 2263 619 2292 Salinarum
635 2273 698 2292 cum
715 2266 783 2292 mari
801 2266 918 2298 Mortuo,

123 2312 166 2338 In
174 2307 343 2343 probatione
358 2309 470 2344 quidem
486 2315 565 2345 eget;
588 2310 614 2337 id
628 2318 691 2338 vero
710 2311 831 2338 sensisse
854 2312 920 2339 bea-

123 2350 402 2388 ιιιὶρερίμιυιὶυη]
429 2353 609 2381 falsissimum
642 2359 694 2382 est.
723 2354 843 2382 Κοιλάδα
870 2355 920 2390 τὴν

129 2394 267 2434 ’Μὴ
289 2398 332 2426 vel
362 2397 478 2433 ’Δλυιιήν
506 2399 679 2433 simpliciter,
709 2400 767 2428 sivo
803 2400 920 2436 Ἀλυχὴν

287 2447 448 2471 cmustanter
461 2443 629 2478 Epiphanius
656 2447 790 2475 nominat.
820 2446 848 2473 Si
866 2447 921 2473 val-

126 2485 369 2516 IOI-ﬂolinarum
386 2488 576 2522 intellexisset,
591 2498 658 2519 usus
681 2497 755 2523 esset
780 2500 813 2521 eo
840 2499 920 2519 voca-

127 2531 390 2568 Μιςηοάψχς
409 2539 568 2570 posuerunt,
596 2535 722 2579 Γεμιέλεχ¹
744 2541 841 2570 sane,“
860 2547 918 2566 χοι-

162 2620 209 2658 (ι)
224 2620 290 2659 Pag.
309 2623 359 2652 6A

969 713 1013 739 illa
1028 720 1087 747 quae
1103 713 1130 739 iu
1146 711 1257 740 lli-hmo
1272 717 1349 741 τεν-ξω
1362 713 1472 745 dicitur,
1491 721 1505 740 a
1523 712 1627 741 Griecis
1648 713 1760 747 ”Λλυκή,

968 759 1002 785 ab
1022 758 1168 793 interprete
1185 763 1279 785 nostro
1302 758 1436 785 Silvestris
1453 759 1615 793 appellatur.
1639 758 1674 785 At
1699 758 1761 786 llic—

968 810 1098 838 ronymus
1109 804 1135 830 in
1150 803 1363 833 Tradit.,vallem
1375 803 1530 830 Saliuarum
1546 808 1644 834 vocat;
1660 804 1759 838 Aquila

967 855 1031 874 vero
1046 848 1098 873 τῶν
1119 847 1312 882 Περιπεδὶνων,
1329 847 1354 873 id
1381 851 1433 878 est,
1455 846 1650 881 Campestrium
1663 855 1672 873 :
1691 848 1758 881 legit

967 893 1038 920 enim
1065 897 1151 922 cum.
1169 892 1319 920 Theodotio
1338 892 1392 918 τῶν
1413 892 1514 918 Ἀλσῶν
1526 912 1533 923 ,
1559 892 1584 919 id
1600 897 1653 925 est,
1678 892 1761 919 Luco-

964 952 1048 971 »rum:
1064 945 1136 979 quod
1152 944 1184 971 ad
1202 943 1348 979 Vulgatum
1369 944 1544 979 interpretem
1566 944 1683 972 accedit.
1702 944 1758 971 No-

967 998 1029 1018 men
1057 994 1134 1020 u'w
1154 995 1207 1017 tam
1230 991 1264 1018 de
1282 997 1348 1025 agro
1363 990 1490 1022 subacto,
1507 998 1587 1024 quam
1605 997 1709 1024 pascuo
1727 997 1760 1017 ac

967 1050 1115 1070 nemoroso
1134 1042 1275 1069 sumitur:
1292 1041 1366 1076 quod
1393 1041 1590 1069 Thcodotionis
1616 1046 1698 1076 atque
1722 1041 1761 1068 in.

968 1088 1094 1123 lerpretis
1108 1087 1207 1115 veteris
1232 1086 1383 1114 auctoritas
1402 1086 1559 1121 persuadet.
1578 1086 1664 1113 Graeci
1683 1095 1700 1113 α
1714 1086 1761 1113 Sa-

968 1133 1030 1160 linis
1038 1132 1157 1168 Ἀλυκήν
1173 1136 1324 1164 verterunt,
1343 1137 1373 1159 ut
1385 1137 1413 1159 et
1428 1132 1611 1166 Hieronymus
1624 1132 1651 1158 in
1668 1131 1761 1158 Tradi-

969 1180 1096 1206 tionibus.
1113 1178 1168 1206 Hos
1189 1178 1212 1206 si
1227 1177 1289 1212 quis
1305 1178 1448 1212 imperitos
1471 1177 1540 1204 adeo
1563 1177 1650 1204 fuisse
1672 1181 1758 1211 putet,

968 1229 998 1251 ut
1011 1224 1081 1251 hanc
1097 1224 1192 1250 vallem
1202 1230 1264 1249 cum
1276 1222 1361 1249 altera
1385 1222 1548 1257 cognomine
1563 1222 1596 1248 ad
1612 1222 1759 1248 Idumwam

968 1269 1021 1297 sita
1036 1268 1246 1300 confunderent,
1262 1274 1305 1294 me
1329 1266 1352 1294 is
1367 1274 1463 1301 parum
1476 1270 1624 1300 prudenter
1647 1273 1703 1292 imo
1724 1271 1761 1292 tc-

969 1321 1043 1341 mere
1059 1313 1151 1340 faciat.
1166 1312 1229 1339 Haec
1243 1311 1316 1339 enim
1333 1311 1470 1346 posterior
1486 1312 1514 1337 in
1532 1310 1656 1337 ldumaxe
1673 1310 1760 1337 conli-

969 1360 1051 1387 nibus
1066 1359 1154 1394 posita
1172 1358 1290 1385 videtur.
1317 1356 1411 1391 Neque
1424 1364 1490 1384 vero
1511 1356 1537 1383 in
1559 1356 1675 1391 ipsamct
1698 1356 1761 1383 ldu-

969 1413 1035 1432 maaa
1059 1404 1187 1432 collocari
1210 1411 1324 1431 necesse
1348 1408 1391 1431 est
1406 1412 1412 1430 :
1428 1402 1501 1437 quod
1516 1402 1621 1429 divinat
1644 1402 1752 1428 Salma~

969 1452 1027 1478 sius
1045 1451 1096 1486 (α),
1109 1450 1160 1477 levi
1175 1449 1322 1477 admodum
1340 1448 1439 1476 ductus
1453 1453 1624 1483 argumento,
1635 1447 1760 1482 quoniam

968 1502 993 1524 et
1011 1497 1047 1524 ibi
1064 1497 1178 1524 ldumazi
1190 1496 1336 1531 proﬂigati,
1349 1496 1377 1521 in
1392 1499 1495 1522 suamet
1509 1495 1625 1528 ipsorum
1644 1493 1758 1528 regione.

968 1543 1117 1570 Praeclare!
1129 1542 1211 1575 Quasi
1230 1541 1257 1568 in
1275 1541 1391 1568 ldumata
1408 1541 1466 1575 ipsa
1484 1539 1660 1566 commissum
1675 1538 1760 1565 fuisse

968 1588 1092 1623 praelium
1118 1594 1231 1614 necesse
1250 1586 1297 1613 sit.
1318 1584 1418 1612 Eodem
1435 1582 1643 1618 argumentandi
1660 1590 1761 1617 genere

968 1633 1130 1665 confeceris,
1156 1632 1259 1658 Italiam
1283 1637 1344 1658 esse
1359 1630 1386 1656 in
1411 1628 1515 1661 Africa,
1537 1627 1666 1662 quoniam
1687 1627 1758 1659 Afri,

969 1679 1103 1706 Annibale
1119 1678 1201 1710 duce,
1219 1683 1282 1702 cum
1304 1674 1437 1701 Romanis
1450 1674 1478 1700 in
1492 1672 1567 1699 Italia
1591 1676 1757 1706 pugnarunt.

968 1722 1091 1748 Alterum
1118 1719 1244 1746 Salmasii
1271 1721 1482 1754 argumentum,
1514 1717 1577 1751 quia
1602 1715 1759 1750 prandium

968 1766 1066 1793 ibidem
1087 1764 1239 1798 impositum
1255 1766 1428 1794 memoratur,
1451 1762 1478 1788 in
1499 1762 1557 1794 ipsa
1576 1767 1666 1794 nempe
1691 1759 1758 1786 Idu-

970 1819 1047 1837 mam.
1067 1808 1118 1836 Ubi
1136 1809 1187 1836 hoc
1202 1808 1280 1842 legis,
1299 1806 1408 1838 ibidem,
1426 1806 1478 1833 hoc
1494 1810 1545 1838 est,
1566 1806 1594 1831 in
1615 1805 1684 1831 valle
1707 1804 1760 1832 Sa-

969 1857 1084 1883 linarum
1109 1854 1268 1890 impositum
1285 1852 1372 1880 fuisse
1392 1851 1571 1887 praesidium?
1594 1851 1684 1886 Atque
1701 1851 1759 1878 hate

970 1902 1090 1936 disputo,
1104 1908 1160 1928 non
1183 1904 1213 1927 ut
1227 1899 1296 1928 certi
1312 1898 1415 1933 aliquid
1429 1897 1463 1926 de
1484 1897 1558 1925 illius
1583 1897 1636 1924 situ
1658 1897 1760 1925 consti-

970 1951 1058 1979 tuam,
1067 1947 1113 1974 sed
1126 1945 1279 1973 uthominis
1291 1943 1430 1978 ἀλογιστία
1445 1942 1611 1977 castigetur;
1627 1941 1674 1976 qui
1689 1949 1704 1968 c
1715 1949 1760 1969 sa-

937 2001 957 2028 υ
970 1993 1025 2020 cris
1033 1992 1144 2020 Litteris
1154 1992 1180 2019 id
1191 1991 1259 2019 ellici
1272 1990 1429 2018 necessario
1443 1989 1569 2020 credidit,
1583 1992 1610 2015 et
1621 1991 1651 2015 ut
1666 1988 1692 2014 in
1703 1987 1758 2022 plv-

973 2039 1076 2073 risque,
1089 2038 1140 2073 τῆς
1154 2036 1360 2071 συλλογιστικῆς
1371 2035 1481 2071 μεθόδου
1495 2042 1609 2070 prorsus
1619 2038 1662 2061 est
1671 2033 1758 2060 rudis.

1006 2085 1048 2111 Ab
1063 2085 1157 2112 eadem
1180 2082 1363 2110 ratiocinandi
1381 2080 1518 2116 imperitia
1540 2078 1692 2114 proiectum
1716 2082 1759 2106 cst

971 2134 998 2158 et
1013 2130 1090 2161 illud,
1107 2129 1179 2164 quod
1195 2127 1311 2155 subinde
1327 2127 1451 2161 sequitur
1468 2134 1473 2152 :
1493 2125 1589 2152 vallem
1606 2125 1685 2151 istam
1707 2123 1758 2149 Sa-

973 2174 1089 2202 linarum
1106 2180 1121 2200 a
1137 2173 1205 2200 mari
1221 2172 1329 2199 Mortuo
1349 2170 1456 2205 longius
1475 2168 1597 2196 abfuisse
1617 2169 1712 2202 probat
1725 2176 1758 2194 cx

970 2228 1003 2247 eo
1025 2219 1098 2254 quod
1123 2218 1151 2246 in
1175 2218 1293 2246 ldunuea
1311 2217 1356 2244 sit.
1378 2216 1414 2242 At
1444 2215 1573 2247 Idumam,
1599 2214 1687 2248 inquit
1708 2213 1757 2248 (ιι),

971 2266 1036 2293 satis
1052 2266 1125 2301 longe
1139 2264 1235 2291 dissita
1258 2272 1274 2290 a
1291 2263 1359 2290 mari
1375 2262 1491 2289 Mortuo.
1510 2260 1564 2288 Nec
1583 2260 1650 2287 illud
1663 2267 1758 2287 verum

971 2315 1023 2338 cst.
1041 2310 1143 2338 Tamen
1159 2310 1343 2344 experiamur,
1356 2315 1438 2343 quam
1455 2307 1481 2334 id
1495 2307 1565 2334 belle
1579 2306 1758 2333 demonstret.

973 2356 1118 2391 lueipiebat
1132 2357 1225 2391 quippe
1240 2356 1272 2382 ab
1290 2355 1400 2390 [Egypti
1416 2354 1506 2385 Casio,
1525 2358 1549 2380 ct
1573 2352 1648 2379 locus
1664 2350 1759 2378 Sirbu-

971 2403 1041 2430 nidt's
1056 2411 1168 2430 emersu.
1190 2403 1275 2430 Acute
1299 2410 1374 2429 sane.
1397 2400 1529 2433 Quoniam
1553 2399 1586 2425 ab
1600 2397 1711 2433 Egypti
1728 2398 1760 2424 li-

970 2449 1083 2477 mitibus
1108 2448 1255 2483 incipiebat
1279 2447 1407 2478 ldumaza,
1431 2446 1492 2472 ideo
1519 2452 1534 2470 a
1559 2443 1626 2471 mari
1651 2442 1759 2469 Mortuo

971 2495 1078 2530 longius
1094 2495 1198 2522 aberat.
1212 2493 1331 2522 Hocciue
1352 2491 1507 2520 ratiocinari
1522 2495 1574 2524 est,
1589 2491 1643 2517 imo
1658 2489 1695 2516 uti
1715 2497 1758 2516 ta-

970 2540 1064 2567 tione?
1090 2539 1184 2567 Itidem
1206 2539 1278 2567 enim
1303 2538 1378 2572 facit,
1394 2545 1429 2565 ac
1445 2538 1467 2565 si
1491 2537 1622 2572 probaret
1645 2534 1753 2570 aliquis,

1006 2630 1042 2664 (lt)
1063 2628 1126 2664 [διες.
1151 2629 1212 2655 (3H.
