4028 6220
487 293 593 353 643

1817 289 1998 349 DION.
2035 285 2383 347 PETAVIUS
3583 301 3672 359 σιι

488 392 614 464 non.
638 422 761 465 esse
811 407 1124 479 contiguam
1177 404 1454 476 Pyrenaeis
1492 400 1719 460 Galliam
1741 445 1756 475 ,
1811 407 1938 475 quia
1983 406 2051 460 ab
2089 405 2139 467 Α
2168 405 2339 461 maris
2361 418 2392 459 a
2417 404 2695 477 salsugine
2722 404 2814 460 sit.
2853 404 2968 460 Cur
2997 412 3178 461 autem
3206 404 3514 477 Asphaltites
3540 410 3672 470 lacus

488 499 700 566 Rheno,
741 501 826 555 vel
857 500 1081 569 Alpibus
1114 496 1327 566 incipit.
1359 495 1546 566 Lupus
1576 497 1854 552 cervarius
1882 497 2058 552 bestia

484 599 572 646 est
597 609 613 646 :
643 606 706 645 ea
738 590 977 661 praedam
1030 594 1188 641 nacta
1218 588 1468 657 quamvis
1501 587 1557 642 in
1600 586 1740 642 fame
1771 586 2057 653 mandens,

487 683 597 736 alio
626 682 672 735 si
706 678 1029 748 respexerit,
1054 678 1340 746 praesentis
1366 677 1534 732 oblita
1556 677 1778 747 praeda),
1803 676 1870 730 ad
1896 677 2059 730 aliam

487 773 833 844 qutcreudam
894 769 1222 839 digreditur.
1271 766 1421 823 Fecit
1468 768 1609 822 idem
1669 770 2059 838 grammaticus

486 874 694 919 noster.
738 862 873 917 Cum
921 861 976 915 in
1020 876 1087 915 co
1135 870 1301 924 esset,
1338 868 1398 914 ut
1428 860 1683 929 probaret
1712 858 1999 913 ldumieam
2027 871 2058 911 a

484 957 622 1010 mari
669 957 891 1009 Mortuo
924 954 1139 1023 longius
1175 952 1389 1017 abesse,
1419 962 1583 1021 atque
1613 951 1681 1004 ad
1711 951 1762 1005 id
1796 950 2056 1014 venisset,

489 1056 547 1100 ut
588 1063 618 1101 a
668 1046 976 1101 Sirbonidis
1010 1048 1131 1099 lacu
1165 1061 1282 1100 eam
1331 1046 1571 1114 incipere
1598 1046 1827 1106 diceret,
1863 1044 2059 1097 avertit

486 1141 607 1206 ejus
642 1139 882 1192 animum
923 1137 1210 1191 Strabonis
1237 1138 1561 1202 recordatio,
1595 1137 1687 1205 qui
1720 1136 1773 1188 in
1812 1134 2061 1189 Sirboni-

486 1229 573 1283 dis
634 1230 751 1281 lacu
782 1228 1037 1295 deceptus
1094 1240 1192 1295 pro
1256 1225 1567 1293 Asphaltite
1632 1225 1785 1278 illum
1844 1224 2057 1278 habuit.

486 1322 667 1385 Quare
716 1318 952 1373 lnstituti
1007 1318 1312 1386 argumenti
1363 1331 1486 1370 mox
1523 1317 1747 1379 oblitus,
1793 1313 1859 1368 ad
1907 1315 2060 1369 Stra-

485 1412 687 1465 bonem
724 1426 844 1464 sese
881 1410 1172 1471 convertit,
1209 1408 1262 1461 iu
1298 1423 1534 1476 eumque
1566 1407 1755 1461 dentes
1788 1404 1987 1459 inﬁxit.

555 1503 859 1570 Antequam
881 1499 949 1552 ab
979 1498 1288 1567 Asphaltite
1330 1499 1470 1562 lacu,
1503 1506 1557 1552 et
1591 1496 1691 1550 hac
1725 1504 1837 1550 tota
1866 1496 2059 1565 dispu-

487 1592 691 1646 tatione
740 1590 1013 1652 recedam,
1068 1591 1333 1659 triplicem
1389 1588 1568 1642 critici
1614 1588 1773 1642 istius
1815 1600 2057 1642 errorem

2161 495 2297 551 nihil
2343 504 2564 567 generet
2605 498 2802 562 alatve,
2864 513 2973 552 non
3015 498 3093 567 τῷ
3133 498 3447 569 ἁλμυρῶδει,
3483 504 3607 571 quod
3632 504 3675 559 el

2162 585 2354 640 tribuit
2406 584 2697 656 Josephus,
2750 586 2845 643 sed
2895 586 2973 657 τῷ
3016 587 3370 655 ἀσφαλτώδει,
3410 605 3512 660 quo
3548 604 3677 661 aqua:

2160 677 2280 744 ejus
2313 674 2527 730 infectae
2565 686 2712 745 sunt,
2752 678 2949 732 merito
2982 679 3257 733 tribuitur.

2232 766 2475 823 Tertium
2509 769 2685 823 critici
2716 778 2996 838 peccatum
3036 769 3223 823 eadem
3259 772 3462 841 pagina.
3498 769 3679 828 Salsqu

2160 873 2271 911 non
2300 874 2420 913 esse
2454 859 2630 913 lacum
2669 860 2797 914 inde
2836 861 3047 929 probat,
3090 861 3217 930 quia
3263 861 3480 916 bitumen
3510 864 3681 920 salsam

2161 964 2264 1001 non
2312 957 2409 1017 est,
2450 966 2541 1004 nec
2590 951 2721 1005 salis
2767 961 3015 1004 naturam
3056 952 3229 1006 habet.
3260 954 3326 1005 At
3364 954 3503 1009 lacus
3534 958 3684 1011 illeea:

2162 1054 2303 1092 mero
2340 1039 2591 1094 bitumine
2629 1052 2727 1094 est.
2765 1041 2908 1113 Ergo
2947 1044 3105 1097 nulla:
3158 1046 3211 1097 in
3251 1045 3539 1115 Asphaltite
3582 1048 3684 1102 lacu

2161 1144 2316 1199 aqua:
2354 1139 2502 1196 sunt,
2534 1133 2629 1187 sed
2660 1142 2898 1202 quantus
2929 1145 3166 1205 quantus
3196 1144 3300 1199 est,
3338 1139 3465 1192 nihil
3497 1140 3590 1195 nisi
3616 1140 3683 1193 bi-

2161 1227 2346 1273 tumen
2396 1229 2497 1277 est.
2539 1222 2809 1292 Josephus
2863 1224 2959 1281 lib.
3011 1242 3043 1280 v
3088 1224 3187 1296 τῆς
3214 1226 3612 1298 ’Λλώσεως,ετιρ.
3640 1230 3684 1295 5,

2159 1308 2519 1379 Asphaltitem
2558 1314 2760 1376 lacum,
2790 1315 3004 1382 qualem
3037 1316 3249 1370 viderat
3292 1332 3448 1388 saepe,
3480 1334 3577 1372 non
3609 1335 3687 1373 cu-

2156 1398 2399 1469 jusmodi
2448 1418 2515 1457 ex
2582 1404 2947 1461 vocabulariis
3008 1408 3310 1475 didicerat,
3376 1410 3686 1474 describens,

2170 1490 2892 1568 Ὑποκουφότητος,ἰῐιιιιιίι,
2934 1498 3027 1549 καὶ
3061 1498 3130 1551 τὰ
3169 1498 3444 1570 βαρύτατα
3482 1500 3579 1553 τῶν
3624 1502 3687 1564 εις

2159 1580 2320 1633 αὑτὸν
2377 1584 2640 1652 ῥιφέντων
2698 1588 2993 1658 ἀναφέρει·
3048 1591 3344 1643 καταδῦναι
3392 1592 3445 1644 δὲ
3498 1595 3570 1655 εἰς
3615 1593 3690 1645 τὸν

482 1690 749 1735 annotare
776 1681 925 1734 libet.
952 1679 1154 1733 Lacum
1189 1681 1357 1741 hunc,
1393 1680 1487 1749 qui
1521 1687 1572 1733 et
1608 1692 1756 1731 mare
1786 1676 2055 1730 Mortuum

2164 1671 2343 1741 βυθὸν,
2384 1675 2505 1726 οὐδὲ
2553 1677 2981 1747 ἐπιτηδεύσαντα
3038 1682 3255 1750 ῥᾴδιον·
3302 1682 3481 1735 Nimia
3509 1684 3688 1737 levitate

486 1772 808 1843 appellatur,
856 1780 1017 1842 negat
1062 1771 1136 1841 (a)
1181 1787 1303 1826 esse
1347 1772 1575 1825 salsum.
1626 1767 2055 1824 Absurdissimc.

484 1864 725 1918 Primum
745 1863 880 1918 Gen.
920 1880 1030 1927 xw,
1061 1866 1113 1926 5,
1138 1863 1440 1933 appellatur
1460 1846 1582 1922 τιθῇ
1600 1869 1665 1919 ων
1687 1860 1932 1914 Θάλασσα
1952 1863 2059 1913 τῶν

494 1955 688 2022 ’Δλῶν,
722 1972 866 2009 mare
898 1955 1063 2017 Salis,
1098 1956 1148 2009 id
1175 1964 1276 2017 est,
1311 1953 1544 2008 Salsum.
1583 1951 1672 2005 Sal
1704 1967 1811 2005 non
1837 1960 1915 2005 est
1950 1950 2057 2014 sal,

486 2048 530 2101 si
582 2048 631 2100 id
682 2062 833 2100 mare
908 2047 1110 2101 salsum
1146 2060 1251 2099 non
1281 2052 1386 2100 est.
1422 2043 1623 2098 Deinde
1646 2042 1933 2112 Josephus,
1964 2041 2059 2111 qui

483 2148 539 2192 et
574 2139 703 2192 vidit
736 2146 788 2192 et
820 2146 1041 2208 gustare
1067 2137 1265 2207 potuit,
1295 2136 1392 2190 lib.
1425 2151 1456 2191 v
1493 2136 1594 2206 τῆς
1635 2134 2057 2203 ’Λλώσεο›ς,ειιρ.

482 2230 574 2288 9.7,
596 2232 671 2283 ait
729 2245 851 2284 esse
900 2228 1211 2300 ἁλμυρώδη,
1264 2229 1366 2283 hoc
1411 2236 1517 2291 est,
1569 2227 1791 2283 salsum.
1842 2225 2057 2281 Atenim

486 2321 675 2389 objicit
708 2340 720 2375 :
756 2320 907 2374 Mare
940 2338 1091 2374 omne
1116 2322 1318 2374 salsum
1358 2328 1437 2373 est
1474 2328 1654 2386 suapte
1683 2328 1897 2380 natura,
1918 2317 2082 2387 quod'

484 2429 660 2465 omnes
700 2414 911 2475 sciunt;
941 2427 1102 2481 neque
1133 2426 1309 2463 verum
1346 2425 1491 2463 mare
1523 2424 1653 2476 opus
1690 2418 1826 2463 esset
1856 2410 1933 2461 ita
1964 2424 2061 2461 no-

485 2504 707 2555 minare.
755 2500 1078 2555 Plumbeum
1146 2501 1413 2555 acumenl
1473 2498 1667 2552 Mirum
1719 2499 1776 2552 ni
1837 2513 2061 2553 errasse

485 2591 707 2662 Moysen
739 2592 1055 2657 contendat,
1096 2591 1191 2661 qui
1230 2599 1286 2646 et
1328 2606 1477 2645 mare
1500 2597 1554 2644 et
1584 2590 1787 2644 salsum
1816 2590 2057 2659 appella-

486 2685 575 2737 rit.
608 2684 697 2751 At,
743 2677 790 2737 ὦ
822 2683 1016 2751 ἀγαθέ,
1064 2697 1215 2739 mare
1240 2696 1400 2739 omne
1446 2697 1641 2738 verum
1682 2682 1887 2737 salsum
1932 2697 2057 2738 esse

482 2780 698 2827 constat
721 2792 734 2827 :
761 2773 855 2828 sed
892 2774 1045 2828 lacus
1078 2774 1182 2829 iste
1212 2788 1399 2828 verum
1432 2788 1587 2829 mare
1617 2789 1727 2828 non
1763 2773 1899 2840 fuit;
1934 2774 2052 2836 sed,

484 2873 545 2917 ut
588 2862 831 2919 Hebraeis
860 2878 979 2919 mos
1021 2871 1126 2927 est,
1160 2864 1484 2936 συναγωγὴν
1511 2866 1690 2918 πᾶσαν
1735 2865 1941 2920 ὑδάτων
1979 2866 2055 2919 ita

484 2957 796 3021 nominare,
851 2953 1131 3026 Scriptura
1185 2972 1331 3010 mare
1382 2956 1599 3011 Salsum
1635 2971 1830 3021 vocat,
1874 2965 1934 3011 ut
1986 2957 2054 3012 ab

2160 1764 2322 1816 etiam
2357 1780 2473 1833 qute
2510 1768 2823 1835 gravissima
2863 1780 2982 1823 sunt
3023 1772 3075 1823 in
3123 1788 3237 1824 eum
3276 1774 3429 1842 jarta
3466 1776 3690 1843 ﬂuitant:

2161 1853 2391 1924 demergi
2416 1866 2592 1908 autem
2636 1858 2752 1926 quis
2791 1859 2845 1911 in
2886 1859 3204 1927 profundum
3239 1878 3333 1915 nec
3374 1863 3435 1916 de
3462 1863 3693 1930 industria

2160 1942 2317 2011 facile
2366 1953 2555 2012 potest.
2620 1943 2873 2017 Subjicit,
2935 1947 3339 2019 Vespasianum
3391 1953 3693 2023 periclitandi

2161 2034 2333 2103 gratia
2362 2036 2628 2105 quosdam
2668 2039 2891 2093 natandi
2926 2040 3149 2104 inscios,
3178 2042 3387 2096 vinctis
3427 2054 3542 2112 post
3571 2051 3697 2112 terga

2160 2127 2435 2193 manibus,
2466 2128 2518 2181 in
2540 2128 2706 2181 altum
2742 2129 2932 2198 projici
2957 2130 3228 2199 jussisse;
3266 2134 3516 2187 evenisse
3543 2141 3698 2185 autem

2161 2215 2417 2273 omnibus
2455 2225 2716 2286 tanquam
2761 2218 2809 2270 vi
2861 2216 3148 2285 cujusdam
3192 2219 3447 2289 spiritus,
3486 2220 3556 2272 uti
3599 2235 3700 2272 sur-

2160 2321 2279 2359 sum
2319 2307 2519 2375 repulsi
2558 2305 2905 2362 tluctuarent.
2957 2306 3081 2362 ilice
3124 2307 3404 2378 Jos‘ephus
3448 2326 3507 2364 ex
3546 2308 3697 2362 Rufini

2157 2396 2625 2464 interpretatione.
2656 2398 2842 2463 Addit,
2883 2399 3072 2455 multis
3114 2401 3249 2455 locis
3279 2402 3526 2458 eumdem
3550 2404 3696 2456 lacum

2157 2485 2344 2554 nigras
2375 2486 2660 2542 bituminis
2687 2489 2877 2558 glebas
2896 2503 3133 2555 vomere,
3174 2506 3269 2549 eas
3313 2507 3446 2548 vero
3487 2493 3699 2547 innatare

2158 2576 2327 2647 ﬁgura
2350 2585 2403 2632 et
2430 2580 2799 2657 magnitudine
2855 2583 3029 2638 tauris
3071 2584 3253 2653 eapite
3290 2585 3555 2639 truncatis
3583 2583 3701 2637 assi-

2155 2669 2311 2723 miles
2342 2687 2355 2723 :
2382 2670 2494 2741 Τῆς
2526 2670 2707 2740 μέντοι
2733 2673 3009 2741 ἀσφάλτου
3042 2675 3187 2727 κατὰ
3222 2675 3400 2729 πολλὰ
3450 2677 3577 2745 μέρη
3606 2673 3698 2743 pb-

2153 2758 2278 2823 λους
2309 2759 2542 2829 μέλανας
2567 2760 2852 2816 ἀναδίδωσι
2868 2778 2882 2792 ’
2908 2766 2966 2817 αἱ
2992 2764 3048 2816 δὲ
3078 2766 3429 2835 ἐπινήχονται
3449 2766 3507 2818 τό
3525 2782 3577 2817 τε
3599 2765 3704 2835 axi,-

2157 2864 2251 2915 μα,
2287 2849 2381 2901 καὶ
2407 2848 2468 2900 τὸ
2498 2848 2728 2919 μέγεθος
2756 2850 2978 2921 ταύροις
3002 2852 3294 2920 ἀκεφάλοις
3335 2854 3697 2925 παραπλήσιαι.

2153 2936 2367 2991 Plinius
2388 2937 2480 2991 lib.
2499 2953 2662 3001 xxxv,
2678 2953 2796 3007 cap.
2819 2939 2905 3004 i5,
2930 2939 3211 2997 bituminis
3235 2951 3487 2996 naturain
3508 2943 3623 2996 alibi
3648 2942 3698 2994 li-

484 3049 658 3102 anc")
688 3048 806 3102 lacu
837 3046 1176 3101 Genuam“,
1211 3046 1432 3101 dmene
1479 3062 1604 3102 cum
1648 3048 2047 3117 intelligamus;
2079 3070 2123 3129 ϐ
2156 3040 2328 3129 mum,
2348 3026 2475 3083 alibi
2506 3036 2835 3084 terramesse
2856 3029 3482 3129 «licit.-LiutuseJttd:eze
3510 3033 3700 3095 lacu,ut

482 3141 599 3208 qui,
650 3147 708 3192 ut
757 3140 945 3194 eodem
998 3138 1120 3192 loco
1159 3136 1433 3208 Iosephus
1476 3146 1684 3202 narrat,
1717 3139 1893 3195 dulcis
1947 3147 2050 3195 est.

2161 3116 2424 3181 diximus,
2454 3134 2773 3189 emergens;
2815 3126 2961 3174 terra
3006 3121 3059 3175 in
3094 3118 3247 3192 Syria
3282 3125 3434 3177 circa
3474 3122 3700 3178 Sidonem

482 3231 745 3284 pnmerea
774 3230 901 3298 quis
941 3230 1118 3285 nescit
1153 3244 1305 3284 mare
1328 3229 1477 3284 aliud
1518 3231 1625 3285 auo
1659 3231 1862 3286 salsius
1899 3233 2063 3287 esse,
2160 3209 2425 3279 oppidum
2479 3210 2833 3264 maritimum.
2869 3209 2927 3264 Si
2967 3211 3120 3266 lacus
3166 3213 3506 3282 Asphaltites
3530 3230 3702 3267 merum

482 3321 687 3375 Pontus
715 3320 958 3375 Euxinus
992 3336 1188 3375 verum
1232 3332 1316 3377 est
1348 3336 1501 3377 mare
1528 3342 1540 3376 :
1580 3322 1719 3376 idem
1748 3330 1928 3377 tamen
1960 3324 2060 3376 πό-

480 3430 639 3483 τιμος
668 3420 772 3474 est,
806 3422 859 3466 et
883 3412 1071 3467 dulces
1097 3412 1266 3466 habet
1289 3427 1481 3481 aquas,
1527 3422 1621 3465 aut
1652 3411 1836 3468 minus
1877 3412 2057 3469 salsas

479 3518 643 3573 quam
681 3502 889 3572 reliqua
920 3503 1120 3564 maria.
1154 3510 1215 3557 ut
1256 3503 1323 3557 iis
1352 3502 1515 3555 etiam
1548 3501 1807 3571 adaquari
1860 3516 2055 3573 pecora

480 3594 713 3656 soleant,
741 3602 800 3647 ut
833 3593 1102 3647 Arrianus
1136 3593 1191 3646 in
1237 3591 1451 3661 Periplo
1483 3593 1667 3657 tradit,
1698 3601 1753 3647 et
1788 3593 2056 3648 Aristote-

480 3686 561 3739 les
596 3685 670 3738 lib
720 3699 823 3745 χιι,
851 3682 932 3738 De
952 3682 1079 3737 hist.
1127 3683 1503 3753 animal.,cap.
1533 3684 1618 3744 i5,
1652 3684 1719 3738 de
1767 3683 2056 3738 dulcedine

480 3777 731 3830 allirmat.
763 3775 1032 3839 Quocirca
1074 3775 1226 3829 lacus
1271 3774 1628 3843 Asphaltites,
1659 3776 1803 3844 quod
1842 3776 2054 3829 caeteris

480 3868 680 3921 salsior
724 3867 820 3929 sit,
869 3865 991 3920 ideo
1023 3880 1169 3917 mare
1216 3863 1584 3919 Salsissimum
1632 3864 1700 3918 ab
1758 3864 2065 3934 interprete

481 3964 672 4010 nostro
718 3955 925 4024 passim
968 3963 1216 4019 vocatur,
1257 3957 1416 4011 Num.
1466 3970 1649 4016 xxxw,
1699 3955 1751 4017 5,
1786 3956 1941 4009 Deut.
1971 3970 2050 4019 Ill,

476 4048 645 4102 Josne
686 4062 775 4103 xv.
825 4046 1051 4102 Tacitus
1092 4047 1189 4101 lib.
1217 4061 1250 4099 v
1315 4046 1462 4103 Hist.
1508 4046 1687 4099 lacum
1730 4046 1877 4099 hunc
1914 4046 2053 4100 mari

479 4140 626 4193 omni
654 4155 841 4207 sapore
868 4139 1243 4207 corruptiorem
1275 4137 1424 4191 facit.
1457 4137 1597 4203 Quid
1626 4152 1756 4208 ergo
1783 4135 2052 4191 Salmasio

479 4233 628 4287 venit
676 4232 728 4283 in
777 4240 1049 4295 mentem,
1091 4238 1150 4283 ut
1192 4244 1315 4283 eum
1364 4236 1585 4298 negaret
1631 4244 1755 4283 esse
1807 4228 2051 4284 salsum?

482 4322 627 4377 Sane
672 4321 814 4374 Beda
863 4320 1001 4373 libro
1034 4320 1101 4373 de
1150 4320 1291 4372 locis
1336 4320 1541 4373 sanctis
1573 4332 1693 4388 cap.
1734 4320 1817 4381 l3,
1868 4320 2046 4373 lacum

2158 3300 2389 3355 bitumen
2421 3309 2520 3365 est,
2558 3301 2613 3355 id
2653 3311 2738 3355 est
2791 3301 2970 3355 nullas
3014 3315 3185 3371 aquas
3238 3303 3425 3370 habet,
3459 3303 3705 3375 quomodo

2157 3391 2396 3461 demergi
2446 3393 2501 3445 in
2539 3407 2667 3446 cum
2704 3400 2882 3461 potest
2920 3393 3162 3468 aliquid,_
3188 3403 3281 3447 aut
3315 3410 3350 3449 a
3388 3395 3553 3449 fundo
3594 3408 3703 3449 sur-

2156 3499 2278 3539 sum
2312 3484 2525 3539 occulta
2574 3483 2625 3537 vi
2676 3484 2904 3552 spiritus
2956 3486 3183 3554 repelli?
3220 3484 3464 3542 Fluitare
3497 3501 3617 3542 vero
3651 3498 3705 3538 ac

2155 3573 2424 3629 fluctuare
2468 3575 2527 3629 in
2563 3585 2819 3643 perpetua
2861 3575 3039 3645 gleba,
3076 3578 3163 3631 vel
3204 3577 3320 3631 luto
3368 3578 3703 3648 spississimo,

2155 3666 2248 3737 qui
2297 3667 2506 3735 potest?
2534 3665 2749 3721 Clarius
2792 3666 3187 3721 absurditatem
3231 3668 3521 3724 Strabonis
3572 3670 3706 3723 locus

2154 3756 2385 3811 revincit
2408 3756 2501 3810 lib.
2530 3772 2640 3816 xw,
2676 3757 2767 3811 ubi
2798 3757 2866 3812 de
2890 3758 3190 3827 Asphaltite
3220 3758 3344 3813 lacu
3378 3761 3482 3816 sub
3507 3760 3707 3813 nomine

2156 3847 2466 3905 Sirbonidis
2524 3849 2654 3919 agit,
2718 3863 3025 3918 perperam,
3087 3858 3147 3903 ut
3206 3861 3333 3905 ante
3397 3852 3705 3907 Salmasium

2154 3940 2539 3997 animadvertit
2574 3939 2811 3995 Ortelius
2858 3947 2913 3993 et
2955 3939 3343 4004 Casaubonus,
3379 3952 3435 3996 et
3464 3943 3552 3996 alii
3583 3955 3708 4011 pra:-

2154 4039 2302 4087 terca
2336 4046 2444 4086 non
2487 4032 2667 4102 pauci.
2717 4029 2873 4084 Hunc
2909 4045 3040 4099 ergo
3092 4032 3268 4084 lacum
3319 4032 3489 4087 refert
3533 4030 3710 4084 Strabo

2152 4138 2275 4178 esse
2304 4122 2597 4192 ἀγχιϐαθῆ,
2633 4120 2928 4190 βαθύτατον
2964 4120 3110 4190 ἔχειν
3148 4119 3311 4191 ὕδωρ,
3339 4138 3511 4189 aquas
3540 4120 3711 4172 habere

2151 4213 2621 4281 profundissimas,
2650 4212 2730 4266 sic
2756 4221 2813 4265 ut
2850 4211 3221 4265 urinatoribus
3250 4211 3439 4265 nullus
3472 4212 3541 4264 ibi
3572 4211 3710 4262 locus

2152 4306 2245 4367 sit,
2285 4304 2380 4358 sed
2412 4303 2502 4372 qni
2535 4303 2959 4358 umbiliCutenus
2984 4303 3037 4356 in
3094 4317 3217 4355 eum
3274 4302 3552 4370 procedit,
3598 4314 3708 4352 mox

481 4414 646 4467 istum
691 4411 858 4465 refert
883 4411 1237 4464 salsissimum
1264 4410 1450 4479 ejicere
1480 4409 1582 4475 sal,
1609 4418 1659 4462 et
1682 4408 1777 4462 hoc
1817 4411 1927 4464 sole
1951 4411 2049 4464 sic-

2156 4398 2451 4451 attoliatur.
2476 4397 2726 4450 Bitumen
2758 4409 2922 4465 porro
2950 4395 3118 4449 certis
3137 4393 3479 4462 temporibus
3504 4409 3534 4448 e
3561 4391 3712 4445 fundo

477 4513 657 4556 catum
697 4504 888 4571 accipi,
918 4503 1094 4555 multis
1125 4501 1312 4571 ubique
1355 4501 1655 4555 nationibus
1684 4501 2045 4569 profuturum.

546 4595 788 4649 Alterum
818 4594 1044 4649 inscitiae
1065 4604 1225 4663 caput
1259 4593 1435 4647 lacum
1473 4593 1811 4663 Asphaltiten
1854 4595 2045 4650 eodem

474 4702 645 4742 sensu
686 4686 817 4739 dicit
854 4687 925 4755 (b)
958 4684 1218 4755 appellari
1270 4686 1498 4751 salsum,
1538 4699 1647 4755 quo
1683 4694 1878 4738 terram
1920 4687 2052 4740 salis

479 4777 640 4831 iidem
679 4777 887 4831 chrwi
930 4785 1229 4844 nuncupant
1264 4792 1401 4840 eam,
1442 4792 1558 4846 qua:
1597 4775 1805 4829 deserta
1856 4786 1935 4829 est
1986 4794 2049 4830 ac

477 4869 741 4922 desolata.
779 4868 944 4921 Terra
985 4869 1135 4930 salis,
1184 4868 1267 4921 vel
1315 4868 1670 4937 salsuginosa,
1726 4868 1962 4937 ingrata,
1999 4874 2053 4920 et

481 4960 771 5015 infecunda
822 4959 1043 5022 dicitur,
1093 4972 1155 5009 ac
1212 4956 1460 5025 frugibus
1513 4956 1735 5021 infelix,
1791 4957 2049 5026 quoniam

478 5056 701 5124 salsugo
732 5052 865 5108 satis
895 5051 1115 5104 inimica
1155 5057 1257 5104 est.
1301 5051 1373 5103 Ea
1402 5050 1702 5105 sterilitatis
1725 5054 1778 5103 et
1805 5047 2053 5101 infecun-

478 5146 669 5199 ditatis
698 5144 916 5214 propria
955 5157 1121 5195 causa
1167 5148 1269 5194 est.
1303 5139 1359 5192 lu
1391 5140 1526 5193 mari
1560 5140 1708 5194 nulla
1744 5136 2047 5193 fecunditas

476 5245 563 5291 est
590 5250 776 5289 earum
813 5250 1015 5295 rerum,
1046 5233 1263 5302 quibus,
1298 5239 1357 5284 ut
1393 5232 1446 5284 in
1473 5240 1640 5293 terra,
1685 5237 1877 5284 natura
1917 5229 2049 5282 salis

479 5328 679 5383 infesta
705 5336 809 5382 est.
837 5324 942 5381 Sed
965 5342 1083 5396 qua:
1110 5325 1346 5379 indidem
1373 5324 1645 5386 oriuntur,
1673 5331 1765 5376 aut
1786 5321 2045 5391 gliscunt,

479 5420 758 5488 salsugine
791 5420 1069 5488 juvantur.
1104 5418 1283 5482 Quare
1309 5432 1415 5471 non
1451 5422 1632 5486 potest
1662 5414 1866 5468 salsum
1897 5428 2049 5467 mare

477 5509 588 5565 dici
628 5526 726 5579 pro
771 5511 1065 5566 infecundo
1096 5526 1157 5567 ac
1184 5511 1378 5573 sterili,
1424 5523 1548 5565 cum
1585 5506 1890 5562 fecunditas
1923 5506 2041 5577 ipsa

496 5720 499 5721 ν
544 5661 617 5732 (a)
642 5660 772 5729 Pag.
799 5662 913 5714 614.

2153 4490 2381 4544 ebullire
2437 4489 2660 4551 scribit,
2709 4488 2775 4540 ad
2827 4486 2968 4554 quod
3020 4486 3341 4555 capiendum
3391 4484 3712 4539 arundineas

2153 4590 2298 4637 rates
2336 4582 2615 4650 expeditas
2653 4581 2851 4633 habent
2883 4596 2895 4631 ε
2934 4579 3090 4631 Ἐστι
3129 4579 3187 4631 δὲ
3229 4581 3262 4648 ἡ
3304 4578 3582 4646 ἄσφαλτος
3616 4574 3709 4642 γῆς

2156 4675 2323 4742 βῶλος
2353 4672 2715 4741 ὑγραινομένη
2749 4670 2842 4723 καὶ
2878 4669 3221 4740 διαχεομένη,
3256 4670 3418 4722 πάλιν
3461 4669 3517 4721 δὲ
3559 4682 3712 4737 μετα-

2151 4767 2415 4820 ϐάλλουσα
2450 4764 2530 4825 εἰς
2565 4763 2736 4830 πάγον
2761 4764 2979 4834 ἰσχυρὸν
3009 4762 3114 4814 ὑπὸ
3149 4761 3242 4813 τοῦ
3265 4760 3475 4831 ψυχροῦ
3506 4760 3711 4819 ὕδατος.

2152 4856 2262 4908 οἷόν
2290 4858 2402 4908 ἐστι
2426 4854 2484 4906 τὸ
2509 4854 2608 4923 τῆς
2636 4856 2829 4924 λίμνης
2863 4855 3026 4925 ὕδωρ,
3059 4853 3197 4905 ὥστε
3227 4853 3396 4922 τομῆς
3421 4853 3517 4904 καὶ
3551 4848 3714 4917 κοπῆς

2152 4946 2377 4999 δεῖσθαι’
2415 4946 2661 5000 Bitumen
2686 4956 2761 5000 est
2793 4956 2947 5000 terrm
2978 4945 3148 5015 gleba,
3181 4958 3296 5014 qua:
3346 4942 3631 5010 liquefacta
3657 4952 3715 4989 ac

2152 5038 2387 5108 diﬁluens
2424 5055 2607 5092 rursus
2641 5041 2745 5092 coit
2778 5039 2829 5091 in
2864 5038 3093 5090 solidum
3125 5050 3311 5103 corpus
3344 5048 3495 5101 aqua:
3526 5030 3717 5100 frigore

2154 5115 2479 5194 constricta}
2515 5131 2809 5199 cujusmodi
2845 5131 2991 5182 lacus
3023 5129 3168 5181 illius
3207 5137 3283 5181 est
3309 5141 3466 5194 (equa,
3506 5122 3641 5176 adeo
3664 5126 3716 5171 ut

2155 5220 2314 5274 incidi
2346 5221 2613 5287 securique
2654 5235 2783 5287 opus
2821 5218 3029 5271 habeat.
3068 5217 3288 5271 Tacitus
3336 5216 3425 5267 lib.
3472 5230 3504 5265 ν
3550 5211 3711 5271 Hist,

2156 5312 2322 5382 cap.6
2358 5330 2369 5364 :
2408 5308 2628 5364 Incerta:
2660 5311 2815 5363 unda:
2848 5310 3148 5377 superjacta
3174 5318 3229 5360 ut
3253 5306 3419 5360 solido
3451 5303 3713 5361 feruntur.

2157 5407 2323 5461 Periti
2337 5405 2657 5474 imperitique
2672 5404 2832 5455 tutudi
2848 5401 3061 5467 perinde
3079 5393 3578 5453 attolluntur.Certo
3593 5388 3714 5443 amri

2157 5511 2381 5569 tempore
2415 5498 2642 5549 bitumen
2670 5497 2849 5564 egerit.
2890 5494 3005 5548 Mos
3052 5495 3147 5547 ait.
3179 5490 3431 5545 undantes
3461 5482 3714 5538 ῡὶιωηὶηθ

2221 5658 2290 5728 (ll)
2332 5655 2455 5725 Pag.
2489 5654 2518 5706 li
2531 5652 2609 5707 Η.
