4028 6220
318 278 395 340 6θῦ

1286 271 1665 331 ADVERSUS
1708 271 1895 329 CLAU
1908 270 2077 329 DIUM
2120 269 2547 330 SALMASIUM.

3421 276 3531 342 656

313 405 434 458 iuqu
456 397 603 470 pelli,
646 411 907 467 manuque
933 396 1075 450 ira/ii
1106 396 1174 450 ad
1225 396 1395 453 littus.
1442 395 1628 467 Aquas
1687 396 1855 467 igitur
1886 401 1929 458 Α
1958 396 2358 468 ὑπερτίθενται.
2388 396 2469 451 Ad
2501 396 2647 450 hunc
2673 394 2852 449 locum
2889 394 2943 450 in
2971 396 3528 458 Animadversionibus

309 491 431 545 habet
470 487 824 556 Asphallites,
865 502 1043 556 neque
1079 503 1282 542 merum
1326 486 1561 541 bitumen
1586 496 1661 542 est
1688 503 1707 541 :
1741 488 1835 543 sed

303 582 380 636 hoc
404 581 557 633 certis
582 577 924 647 temporibus
974 586 1221 642 eructat,
1252 578 1355 633 hoc
1383 585 1488 642 est,
1524 577 1865 648 quotannis,,

299 678 345 724 ut
373 670 626 723 Diodorus
662 665 898 732 Siculus,
949 666 1160 724 Plinius
1201 670 1296 726 lib.
1354 685 1452 733 vn,
1494 684 1617 738 cap.
1667 668 1754 734 15,
1788 674 1840 723 et

297 761 483 815 Tacitus
531 759 802 830 produnt;
847 767 907 813 ut
953 760 1067 824 alii,
1118 760 1351 814 triennio
1396 775 1634 829 quoque.
1686 758 1841 813 Unde

297 852 450 904 frivola
485 861 571 905 est
593 851 866 919 argutatio
903 868 916 903 :
959 849 1082 905 ideo
1126 851 1331 906 salsum
1378 866 1489 904 non
1532 866 1673 917 esse,
1713 851 1840 920 quia

293 942 500 994 bitumen
543 955 752 993 merum
787 946 892 1005 est,
922 942 1066 1009 quod
1110 956 1221 996 non
1255 948 1340 996 est
1370 942 1598 995 salsum.
1634 940 1841 1010 Legen—

292 1033 375 1087 dus
400 1039 448 1085 et
486 1030 790 1097 Vizruvius,
850 1032 943 1101 qui
990 1033 1085 1089 lib.
1138 1049 1255 1096 vni,
1298 1049 1423 1102 cap.
1468 1034 1521 1099 5,
1559 1033 1654 1096 ait,
1697 1033 1841 1087 hunc

291 1122 436 1173 lacum
493 1123 731 1176 emittere
784 1123 1059 1176 bituminis
1131 1125 1397 1177 maximas
1454 1124 1651 1187 moles,
1710 1140 1841 1194 quas

288 1212 515 1280 diripiunt
564 1214 656 1281 qui
711 1212 953 1265 habitant
1015 1214 1177 1267 circa.
1233 1212 1321 1268 Uti
1379 1214 1640 1270 salsedini
1689 1215 1842 1268 lacus

289 1304 417 1359 istius
457 1305 700 1357 bitumen
727 1319 835 1358 non
866 1305 1069 1370 obstat,
1097 1305 1224 1374 quia
1260 1321 1368 1360 non
1395 1320 1546 1360 mero
1579 1306 1842 1359 bitumine

286 1394 401 1459 lluit,
434 1395 531 1449 sed
574 1411 744 1466 aquas
796 1396 1046 1465 proprias
1094 1397 1277 1460 habet,
1335 1411 1562 1465 quarum
1606 1395 1661 1451 in
1694 1411 1844 1452 sum-

288 1501 411 1539 mum
436 1485 680 1539 bitumen
705 1488 876 1541 certis
916 1486 1253 1554 temporibus
1278 1486 1469 1541 ebullit
1506 1503 1519 1539 :
1550 1486 1630 1541 sic
1667 1500 1843 1553 neque

286 1589 451 1641 causa,
480 1590 579 1628 cur
609 1575 864 1629 immersa
893 1589 1125 1643 corpora
1152 1576 1483 1645 repellantur
1509 1590 1571 1628 ac
1609 1574 1840 1639 ﬂuitent,

287 1665 331 1719 in
354 1665 490 1719 idem
530 1666 770 1720 bitumen
805 1664 995 1719 referri
1026 1665 1208 1728 debet,
1247 1666 1338 1720 sed
1371 1666 1424 1720 in
1465 1681 1619 1736 aquae
1644 1682 1706 1720 ac
1738 1666 1843 1719 loci

1943 500 1996 555 p.
2055 484 2179 547 565,
2238 484 2597 539 observamus
2657 498 2818 537 usum
2867 485 3019 539 verbi
3070 486 3439 556 ὑπερτιθέναι,
3477 497 3532 545 et

1944 575 2357 646 ὑπερτίθεσθαι,
2394 575 2535 645 quod
2568 584 2649 629 est
2677 576 2853 629 cibum
2875 577 3121 645 di/ferre;
3153 594 3279 631 nam
3306 596 3369 635 ea
3399 596 3529 650 pro-

1945 669 2062 739 pria
2092 676 2175 722 est
2208 682 2272 721 ac
2325 682 2587 737 germana
2632 668 2880 721 vocabuli
2928 669 3099 731 notio,
3143 677 3200 721 ut
3244 670 3315 724 sit
3346 688 3535 739 proro-

1944 774 2092 829 gare,
2131 756 2412 826 protelare,
2458 756 2693 825 diﬁ‘erre.
2734 755 2869 810 Hinc
2899 757 3195 830 ὑπέρθεσις
3235 770 3317 813 est
3347 777 3535 827 proro-

1942 848 2107 919 gatio,
2162 847 2353 915 utique
2399 848 2575 901 solilte
2629 847 2947 902 cibationis.
3003 849 3533 922 llesycliiiis,bnep-

1944 938 2141 1000 θέσεις,
2205 938 2483 1001 ἀναϐολαὶ,
2539 938 2886 1009 ὑπερὸἀσεις.
2943 936 3530 997 Οιοδεῖειὶιωοο-[λιιιά

1945 1028 2256 1099 ὑπέρθεσις,
2296 1028 2507 1093 dilatio,
2550 1030 2987 1097 procrastinatio.
3023 1031 3328 1099 frustratio,
3356 1051 3528 1097 mora,

1943 1122 2192 1183 immora,
2233 1122 2517 1174 cunctatio.
2572 1120 2637 1172 Et
2680 1120 3073 1191 ὑπερθετικός,
3134 1126 3487 1189 superlativus
3513 1165 3528 1187 ,

1944 1211 2250 1279 frustrator,
2284 1210 2562 1278 differens.
2622 1211 2750 1261 Item
2786 1210 3043 1279 ὑπέρθου,
3087 1214 3284 1281 profer.
3329 1210 3531 1281 Quam'-

1946 1302 2133 1355 obrem
2175 1303 2507 1355 acetisativis
2561 1301 2777 1355 duobus
2847 1303 2900 1353 in
2940 1306 3345 1360 constructione
3396 1322 3533 1375 prte-

1947 1393 2117 1447 ditum
2167 1402 2252 1448 est
2309 1394 2411 1447 hoc
2464 1394 2691 1448 verbum
2744 1409 3025 1464 :quorum
3085 1396 3223 1449 alter
3276 1399 3534 1467 exprimi-

1946 1491 2068 1547 tur,
2125 1484 2261 1539 alter
2308 1484 2471 1539 taeite
2516 1484 2863 1539 subauditur.
2929 1483 2999 1538 Ut
3058 1486 3102 1539 si
3154 1486 3371 1552 dicam,
3439 1488 3533 1540 δύο

1945 1574 2161 1644 ἡμέρας
2209 1574 2598 1645 ὑπερτίθεται,
2659 1583 2857 1645 praeter
2929 1578 3299 1630 accusativum
3371 1579 3530 1647 spatii

1947 1681 2010 1719 ac
2062 1667 2342 1735 temporis,
2378 1667 2516 1720 alter
2558 1668 2867 1736 concipitur
2905 1668 2980 1721 rei
3020 1669 3101 1722 vel
3141 1669 3340 1739 negotii
3388 1670 3534 1738 quod

288 1755 409 1810 illius
432 1763 721 1822 naturam;
759 1770 882 1809 nam
906 1771 973 1809 ex
1012 1756 1245 1811 occultis
1280 1755 1550 1811 meatibus
1579 1770 1841 1826 vaporum
1878 1729 1916 1785 Β
1946 1758 2196 1812 diﬂ'ertur
2252 1778 2265 1813 :
2310 1759 2413 1814 hoc
2461 1760 2607 1814 enim
2662 1766 2773 1823 est,
2831 1760 2989 1813 biduo
3044 1772 3315 1832 prorogat.
3377 1761 3534 1828 Quod

284 1858 337 1898 ac
362 1844 649 1914 spirituum
695 1844 887 1914 ingens
926 1846 1009 1900 vis
1055 1846 1372 1913 edunditur,
1414 1853 1467 1900 et
1503 1860 1675 1915 aquas
1723 1848 1844 1902 illas

283 1942 524 2005 occupat;
556 1935 779 2005 quibus,
810 1942 870 1988 ut
901 1936 977 1989 ait
1004 1936 1296 2006 Josephus,
1347 1952 1672 2007 repercussa
1725 1955 1843 1993 eor-

281 2042 391 2095 pora
434 2042 658 2082 sursum
700 2026 966 2081 feruntur.
1005 2027 1161 2093 Quod
1191 2037 1245 2083 et
1289 2029 1417 2084 alibi
1469 2046 1684 2101 quoque
1714 2046 1844 2084 con-

283 2117 440 2187 tingit.
486 2116 554 2171 Ut
603 2116 657 2171 in
695 2114 878 2171 Sicilia
912 2117 978 2171 ad
1016 2119 1369 2190 Agrigentum
1418 2120 1571 2175 lacus
1622 2120 1841 2190 quidam

280 2214 366 2269 cst,
397 2206 452 2259 in
489 2221 651 2276 quem
690 2208 856 2260 nandi
896 2208 1056 2264 etiam
1082 2225 1310 2279 prorsus
1340 2211 1576 2282 imperiti
1601 2212 1838 2281 deprimi

282 2305 577 2365 nequeunt;
620 2304 678 2349 ut
713 2293 913 2349 Strabo
950 2298 1118 2352 refert
1162 2299 1253 2353 lib.
1293 2315 1369 2364 γι,
1420 2308 1476 2355 et
1523 2301 1842 2356 Aristoteles

280 2385 402 2438 libro
446 2383 591 2451 Περὶ
640 2386 1008 2453 θαυμασίων.
1051 2384 1169 2441 Non
1210 2394 1391 2456 potest
1445 2388 1547 2443 hoc
1589 2389 1842 2444 bitumini

280 2475 458 2539 tribui,
492 2475 637 2544 quod
669 2476 880 2530 nullum
911 2477 965 2530 in
986 2477 1077 2531 illo
1112 2479 1231 2533 lacu
1262 2487 1476 2535 scatere
1500 2488 1839 2537 memorant:

281 2565 481 2619 tametsi
517 2564 636 2620 fons
670 2565 725 2619 in
752 2580 818 2620 eo
847 2573 1022 2620 tractu
1053 2566 1271 2636 quidam
1310 2579 1413 2633 est,
1446 2571 1536 2623 cui
1574 2570 1843 2640 liquidum

281 2652 511 2710 bitumen
572 2665 891 2725 supernatat
933 2674 946 2711 :
988 2656 1056 2712 de
1096 2673 1204 2727 quo
1258 2658 1603 2717 Dioscorides
1652 2663 1746 2717 lib.
1792 2679 1842 2729 ι,

282 2746 475 2803 Plinius
504 2748 596 2802 lib.
628 2765 791 2816 xxxv,
824 2764 945 2818 cap.
990 2749 1077 2804 15.
1123 2748 1255 2806 Vide
1289 2750 1606 2807 Cluverium
1650 2754 1743 2808 lib.
1776 2769 1841 2817 ιι,

281 2837 466 2892 Sicilia:
500 2853 621 2909 cap.
655 2839 708 2905 2,
743 2854 808 2895 ex
859 2854 968 2908 quo
999 2838 1301 2896 Salmasius
1352 2843 1555 2906 omnia,
1594 2858 1735 2919 qua:
1775 2845 1843 2899 de

281 2928 372 2983 hoc
406 2929 553 2983 fonte
584 2945 647 2983 ac
675 2930 795 2983 lacu
829 2930 1185 3001 Agrigentino
1216 2931 1479 3001 disputat,
1512 2933 1565 2985 in
1600 2921 1843 2988 Solinia-

281 3036 396 3073 nam
442 3020 898 3075 Exercitationem
959 3022 1242 3075 transtulit
1271 3022 1368 3091 (a),
1411 3022 1554 3092 ejus,
1592 3031 1650 3077 ut
1682 3024 1840 3093 solet,
1869 3062 1911 3119 α

280 3128 562 3183 suppresso
602 3112 843 3176 nomine,
882 3114 1027 3168 unde
1060 3113 1162 3167 ista
1192 3121 1525 3168 corraserat.

342 3202 509 3273 Atque
542 3202 735 3257 eodem
763 3211 943 3256 tamen
975 3203 1067 3255 illo
1108 3202 1249 3267 loco,
1277 3201 1344 3256 de
1374 3217 1475 3256 suo
1509 3202 1757 3272 imperite.
1788 3203 1842 3257 id

281 3295 516 3355 intexuit,
550 3293 673 3346 ideo
704 3292 959 3346 immersa
991 3291 1047 3345 in
1086 3291 1237 3344 illum
1276 3291 1454 3346 lacum
1496 3306 1727 3361 corpora
1759 3308 1844 3347 re-

280 3384 403 3450 geri,
438 3399 500 3438 ae
536 3383 776 3446 ﬂuitare,
803 3381 946 3451 quod
994 3382 1049 3434 in
1088 3396 1154 3436 eo
1198 3381 1445 3435 bitumen
1495 3391 1840 3451 supernatet;

280 3476 521 3543 quoniam
551 3472 689 3526 idem
721 3473 772 3525 in
824 3472 1123 3542 Asphaltite
1166 3472 1286 3525 lacu
1340 3470 1546 3527 ludam:
1581 3474 1839 3528 usuvenit.

284 3562 386 3617 lloc
425 3579 613 3616 verum
663 3577 772 3616 non
820 3573 925 3618 est.
977 3561 1115 3615 Nam
1156 3563 1313 3617 etde
1358 3562 1669 3633 Aspbaltite
1720 3565 1843 3619 lacu

282 3656 425 3709 aliter
463 3654 637 3709 Graeci
684 3653 973 3725 Latinique
1023 3670 1124 3710 nos
1173 3655 1393 3720 docent,
1429 3662 1490 3708 ut
1528 3657 1693 3725 paulo
1722 3666 1848 3713 ante

283 3749 728 3813 monstravimus;
784 3756 839 3803 et
888 3749 941 3801 in
1002 3748 1357 3818 Agrigentino
1416 3747 1541 3802 lacu
1604 3750 1842 3814 nullum,

283 3840 417 3906 quod
453 3839 664 3908 quidem
703 3838 913 3893 idoneis
953 3824 1272 3895 auctoribus
1320 3849 1556 3906 constet,
1601 3842 1846 3898 bitumen

283 3932 509 3985 exsistit.
536 3930 670 3985 Nam
701 3930 921 3986 Solinus
954 3930 1127 3985 locum
1169 3946 1269 4001 pro
1310 3932 1452 4000 fonte
1488 3949 1586 4003 per
1609 3934 1847 3989 oscitan—

282 4022 412 4075 tiam
439 4023 686 4093 scripsit;
724 4021 869 4092 quod
894 4036 1003 4075 non
1029 4030 1191 4093 negat
1217 4022 1362 4080 illius
1386 4032 1690 4079 enarrator.
1714 4024 1849 4080 Vide

279 4113 498 4167 omnino
559 4113 874 4168 Aristotelis
927 4113 1107 4167 locum
1159 4112 1227 4168 de
1279 4115 1640 4185 Agrigentioo
1704 4116 1844 4170 lacu.

281 4204 544 4276 lmtelliges
574 4206 824 4277 profecto
852 4219 962 4259 non
988 4218 1110 4258 eam
1136 4207 1244 4259 vim
1281 4207 1551 4262 innatanti
1582 4208 1852 4262 duntaxat

287 4296 437 4364 aquis
472 4299 585 4353 oleo
610 4296 781 4352 tribui
825 4310 1007 4366 posse,
1047 4302 1106 4350 ut
1136 4299 1190 4350 in
1228 4297 1392 4351 imam
1423 4300 1684 4369 depressa
1720 4315 1850 4354 cor-

291 4400 412 4452 pora
440 4403 654 4446 sursum
691 4388 928 4442 attollat.

889 4514 1117 4569 CAPUT
1160 4514 1203 4569 γ

298 4623 659 4701 Epiphaniam!
688 4629 1209 4701 Animadversiones
1238 4648 1281 4701 αν
1304 4629 1559 4685 Salmasii
1585 4635 1850 4701 reprehen-

356 4699 492 4773 sione
531 4702 834 4773 vindicatie.
881 4700 1023 4763 Quid
1054 4702 1125 4773 sit
1180 4700 1473 4771 ὑπέρθεσις
1501 4713 1549 4755 et
1581 4699 1851 4773 superpo-

354 4769 491 4822 sitio.
542 4768 800 4823 Sulmasii
844 4786 1013 4823 error.
1058 4770 1184 4833 Βίος
1219 4768 1314 4838 pro
1357 4773 1463 4825 vita
1508 4768 1769 4827 srrculari'
1799 4784 1849 4828 et

360 4840 687 4910 matrimonio
747 4839 988 4909 illigata,
1050 4851 1107 4893 ut
1166 4850 1215 4893 et
1277 4841 1495 4910 βιῶσαι.
1544 4843 1849 4898 Casauboni

355 4905 547 4972 lapsus.

352 5013 463 5070 Non
503 5019 723 5073 meliore
762 5034 1026 5074 successu
1071 5020 1179 5073 alio
1210 5021 1330 5074 loco
1360 5021 1413 5074 in
1454 5036 1555 5076 nos
1594 5024 1717 5093 styli
1762 5027 1845 5079 sui

293 5107 702 5164 maledicentiam
748 5111 993 5164 exercuit
1024 5111 1117 5181 (b).
1160 5110 1497 5181 Epiphanius
1536 5115 1589 5168 in
1624 5113 1848 5185 Exposi-

293 5193 428 5250 tione
461 5200 599 5263 lidei,
636 5203 702 5257 de
722 5203 933 5271 jejunio
983 5211 1187 5257 sancta:
1218 5203 1568 5259 bebdomada:
1598 5208 1845 5275 loquens.

289 5286 357 5336 ειη
373 5293 811 5355 (c).Cbristianos
840 5308 935 5381 per;
953 5291 1003 5345 id
1024 5301 1237 5363 tempus
1260 5294 1471 5364 aliquos
1490 5296 1733 5361 biduum,
1756 5300 1848 5352 tri-

289 5374 536 5444 duumve,
560 5394 646 5438 aut
669 5374 1026 5455 quatriduum
1051 5385 1170 5439 sine
1195 5385 1317 5438 cibo
1350 5388 1681 5458 transigere:
1713 5390 1847 5443 ἀλλὰ

284 5467 373 5518 καὶ
397 5471 448 5520 οἱ
477 5476 747 5529 σπουδαῖοι
777 5475 972 5537 διπλᾶς
1024 5474 1119 5527 καὶ
1160 5475 1389 5545 τριπλᾶς
1422 5479 1514 5532 καὶ
1542 5480 1846 5550 τετραπλᾶς

349 5580 427 5657 (ᾳ)
469 5582 689 5657 Salinas.
722 5588 775 5657 in
817 5586 1161 5657 Plin.rexerc.
1195 5602 1246 5657 p.
1283 5586 1403 5641 HG.

351 5648 428 5718 κδ)
471 5651 607 5707 Idem
640 5656 767 5711 ibid.
808 5656 1007 5729 p,5:’.i.

1943 1848 1996 1901 in
2055 1848 2299 1918 Dionysii
2372 1849 2721 1904 Alexandrini
2788 1850 2910 1903 loco
2987 1852 3337 1920 perspicuum
3402 1860 3529 1917 est,

1944 1952 2101 2006 quem
2146 1939 2257 1991 illic
2314 1939 2641 1994 adduvimus
2687 1958 2702 1992 :
2758 1939 2908 1991 Ἐπεὶ
2955 1939 3090 2010 μηδὲ
3149 1939 3250 2003 τὰς
3305 1940 3364 2003 ἒξ
3421 1940 3533 1993 τῶν

1942 2028 2203 2097 νηστειῶν
2231 2030 2447 2099 ἡμέρας
2489 2029 2639 2091 ἴσως,
2682 2029 2816 2099 μηδὲ
2861 2030 3066 2099 ὁμοίιος
3103 2030 3302 2092 πάντες
3344 2029 3532 2097 διαμέσ-

1942 2134 2120 2169 νουσιν
2142 2133 2155 2146 ·
2188 2117 2304 2169 ἀλλ’
2340 2119 2389 2170 οἱ
2437 2118 2536 2188 μὲν
2586 2118 2675 2171 καὶ
2706 2118 2885 2181 πάσας
2911 2118 3326 2189 ὑπερτιθέασιν,
3352 2119 3530 2173 ἄσιτοι

1940 2207 2338 2271 διατελοῦντες·
2396 2211 2443 2262 οἱ
2494 2209 2549 2261 δὲ
2590 2209 2702 2263 δύο.
2748 2210 2810 2263 Oi
2851 2210 2908 2262 δὲ
2957 2212 3108 2279 τρεῖς
3135 2226 3149 2241 ν
3200 2212 3251 2263 oi
3297 2211 3355 2263 δὲ
3400 2210 3527 2264 τέσ-

1943 2314 2115 2369 σαρας
2136 2315 2149 2329 ο
2192 2301 2240 2351 οἱ
2272 2299 2329 2351 δὲ
2362 2300 2636 2369 οὐδεμίαν.

2013 2387 2113 2442 ilic
2145 2389 2370 2444 verbum
2410 2391 2757 2461 ὑπερ-τιθέναι
2786 2407 3072 2461 prorogare
3101 2401 3170 2446 ‘ac
3194 2392 3408 2461 differre
3440 2394 3525 2449 si—

1943 2479 2204 2551 gniﬁcat;
2259 2479 2564 2551 eodemque
2616 2481 2778 2535 modo
2808 2481 3013 2535 dicitur
3040 2481 3389 2554 ὑπερτιθέναι
3424 2486 3533 2538 πά-

1944 2586 2063 2633 σας,
2098 2570 2185 2624 vel
2236 2569 2351 2634 δύο,
2382 2572 2465 2625 vel
2514 2574 2665 2642 τρεῖς
2707 2572 2944 2641 ἡμέρας,
2982 2587 3091 2642 quo
3123 2573 3400 2644 διαμένειν
3431 2574 3534 2638 τὰς

1942 2659 2003 2724 ἒξ
2032 2661 2266 2731 ἡμέρας.
2303 2660 2441 2714 Nam
2494 2662 2791 2731 utrobique
2836 2664 3166 2717 subauditur
3208 2665 3368 2718 κατά.
3405 2665 3533 2737 Ερί-

1946 2751 2177 2819 phanius
2208 2766 2309 2820 pro
2338 2751 2450 2815 δύο,
2475 2754 2645 2821 τρεῖς,
2679 2760 2732 2805 et
2762 2753 3058 2823 τέσσαρας,
3107 2756 3291 2811 dicere
3338 2759 3533 2812 maluit

1941 2844 2158 2907 διπλᾶς,
2188 2843 2443 2914 τριπλᾶς,
2471 2843 2803 2915 τετραπλᾶς,
2842 2844 3160 2913 duplicatus,
3207 2849 3529 2917 triplicatos,

1942 2934 2382 3003 quadruplicatos
2431 2934 2566 2989 dies.
2606 2934 2900 2991 Possemus
2928 2944 2981 2991 et
3015 2939 3390 2993 accusativum
3444 2941 3529 2992 al—

1944 3030 2123 3077 terum
2156 3024 2482 3094 intelligere,
2509 3024 2767 3078 nimirum
2807 3025 3167 3097 ὑπερθέσειςε
3203 3044 3326 3081 nam
3356 3029 3530 3102 ὑπέρ-

1944 3112 2091 3175 θεσις
2113 3128 2211 3182 pro
2232 3112 2442 3183 jejunio
2473 3120 2525 3167 et
2554 3114 2975 3180 superpositione
3010 3114 3248 3169 sumitur
3278 3133 3292 3170 :
3320 3116 3395 3167 ita
3426 3118 3532 3169 erit

1944 3202 2294 3271 ὑπερ-τιθέναι
2322 3201 2643 3272 ὑπερθέσεις
2693 3201 2918 3270 perinde
2962 3216 3026 3257 ac
3064 3202 3109 3257 si
3137 3202 3328 3257 Latine
3377 3202 3533 3259 dicas

1943 3310 2292 3363 superponere
2320 3295 2786 3364 superpositiones.
2822 3291 2913 3348 Sic
2946 3310 3183 3364 pugnare
3217 3312 3447 3365 pugnam
3477 3305 3533 3351 et

1946 3384 2000 3440 id
2035 3400 2211 3455 genus
2247 3387 2371 3439 alia.
2430 3384 2586 3454 Apud
2637 3382 2927 3453 Evagrium
2965 3384 3061 3438 lib.
3096 3399 3110 3439 I
3145 3383 3289 3439 Hist.
3318 3383 3531 3446 eccles..

1945 3491 1995 3530 c.
2028 3476 2121 3539 2|,
2152 3475 2389 3545 insignis
2423 3475 2580 3528 locus
2615 3482 2719 3536 est,
2751 3472 2843 3527 ubi
2873 3473 2941 3527 de
2980 3474 3399 3542 monachorum,
3438 3475 3534 3544 qui

1946 3561 2003 3616 in
2028 3561 2317 3617 Palaestina
2367 3561 2658 3632 degebant,
2694 3560 2950 3615 instituto
2982 3563 3246 3631 loquitur,
3280 3578 3343 3615 ac
3385 3579 3525 3632 prae-

1947 3654 2136 3710 sertim
2167 3654 2235 3709 de
2275 3654 2514 3707 mirabili
2544 3668 2735 3708 eorum
2777 3653 3134 3707 abstinentia:
3166 3653 3230 3707 Οἳ
3264 3654 3528 3717 πολλάκις

1950 3744 2050 3813 μὲν
2098 3744 2194 3796 καὶ
2240 3742 2337 3806 τὰς
2387 3742 2730 3813 καλουμένας
2779 3740 3161 3812 ὑπερθέσμους
3209 3742 3533 3812 πράττουσι,

1946 3834 2197 3904 διήμερω
2251 3832 2345 3885 καὶ
2389 3833 2679 3903 τριήμεροι
2717 3831 2814 3893 τὰς
2854 3831 3109 3899 νηστείας
3147 3830 3533 3894 ὲκτελοῦντεςυ

1949 3926 2056 3979 eiul.
2081 3926 2139 3978 δὲ
2166 3924 2215 3976 οἳ
2248 3923 2341 3977 καὶ
2368 3923 2672 3994 πεμπτῷοι,
2704 3923 2737 3993 ἢ
2777 3924 2871 3976 καὶ
2901 3922 3056 3992 πρός.
3110 3922 3184 3976 lbi
3228 3922 3329 3985 τὰς
3364 3922 3537 3993 ὑπερ-

1949 4017 2184 4088 θέσμους
2216 4016 2406 4072 eodem
2434 4029 2599 4070 sensu
2632 4029 2743 4083 quo
2766 4013 3096 4084 ὑπερθέσεις
3124 4014 3444 4083 usurpavit;
3470 4030 3536 4069 ac

1950 4108 2136 4163 nescio
2175 4124 2242 4162 an
2281 4106 2604 4178 ὑπερθέσεις
2632 4107 2797 4161 etiam
2832 4106 2932 4176 legi
2968 4108 3155 4161 verius
3205 4110 3295 4161 sit.
3346 4105 3537 4177 Neque

1952 4208 2131 4255 tamen
2165 4206 2372 4255 temere
2402 4200 2895 4264 commutaverim;
2937 4212 3061 4250 nam
3092 4197 3206 4252 ﬁeri
3249 4205 3449 4267 potest,
3476 4205 3535 4251 ut

1952 4289 2751 4361 bnepeéepougappellaverint
2777 4287 2987 4358 jejunia
3018 4288 3161 4342 ultra
3186 4302 3534 4343 communem

1882 4392 1925 4446 ι)
1956 4383 2125 4451 legem
2158 4396 2493 4451 moremque,
2529 4382 2612 4435 vel
2645 4380 2863 4435 solitum
2894 4379 3149 4448 capiendi
3183 4379 3289 4434 cibi
3318 4387 3537 4451 tempus

1951 4482 2198 4529 extensa.
2226 4472 2349 4528 Haec
2370 4472 2516 4528 verbi
2543 4488 2608 4526 ac
2638 4473 2932 4527 locutionis
2960 4472 3126 4538 hujus
3152 4472 3537 4541 interpretatio

1950 4566 2112 4636 digna
2139 4573 2369 4632 nonest,
2389 4565 2547 4634 cujus
2569 4580 2668 4620 nos
2687 4565 2955 4634 hodieque
2972 4565 3253 4634 pmniteat.
3274 4565 3378 4620 Sed
3399 4580 3536 4636 pra:-

1950 4666 2034 4711 ter
2061 4657 2200 4710 lianc
2236 4664 2413 4709 tamen
2433 4657 2552 4710 alia:
2586 4654 3039 4725 suppetuntduae,
3059 4670 3196 4725 quas
3221 4671 3328 4708 non
3353 4656 3536 4709 minus

1951 4748 2265 4819 probabiles
2311 4747 2519 4817 judico.
2572 4745 2775 4810 Prima,
2831 4746 2909 4798 uti
2964 4747 3192 4799 verbum
3249 4744 3532 4815 ὑπερτιθέο

1950 4857 2038 4893 ναι
2068 4841 2139 4893 sit
2168 4837 2555 4900 transcendere,
2590 4852 2859 4905 superare.
2892 4835 3030 4890 Hinc
3069 4839 3214 4890 enim
3246 4837 3535 4905 superlati-

1952 4946 2070 4983 vum
2109 4928 2332 4999 gradum
2369 4928 2542 4981 Grzeei
2572 4934 2769 4980 vocant
2806 4925 3196 4996 ὑπερθετικόν,
3226 4933 3280 4980 et
3308 4925 3533 4999 ὑπέρθε-

1954 5040 2036 5081 σις
2070 5021 2339 5093 Hesycbio
2383 5030 2465 5075 est
2498 5018 2817 5091 ὑπέρϐασις.
2866 5019 3019 5075 Unde
3067 5018 3416 5089 ὑπερτιθέναι
3448 5032 3531 5074 est

1952 5116 2303 5186 ὑπερϐαίνειν
2336 5115 2415 5169 vel
2448 5113 2828 5183 ὑπερϐάλλειν.
2860 5111 3042 5165 Altera
3074 5119 3177 5173 est,
3214 5118 3271 5163 ut
3306 5110 3529 5180 ὑπερτιο

1952 5209 2101 5262 θέναι
2137 5210 2207 5262 sit
2248 5207 2461 5273 addere,
2495 5208 2777 5268 imponere,
2822 5217 2885 5257 ac
2940 5214 3135 5272 przeter
3191 5202 3529 5254 ordinarium

1953 5315 2109 5354 usum
2162 5298 2453 5351 indicere:
2490 5295 2635 5365 quod
2688 5294 2864 5347 Latini
2915 5306 3260 5361 superponere
3308 5305 3529 5346 vocant.

1950 5390 2248 5444 Cassianus
2298 5388 2497 5441 Collat.
2533 5389 2572 5450 l,
2610 5404 2661 5440 e.
2691 5385 2781 5452 2|,
2828 5385 2896 5439 de
2939 5384 3132 5436 abbate
3172 5380 3402 5446 Joanne,
3436 5384 3529 5451 qni

1952 5480 2145 5535 illusus
2176 5493 2205 5532 a
2231 5479 2476 5533 daemone
2502 5478 2739 5532 biduana
2768 5491 2823 5533 se
2845 5475 3023 5529 inedia
3049 5474 3362 5529 coniecerat
3392 5491 3407 5531 :
3432 5472 3527 5526 In-

2024 5593 2094 5665 (ε)
2128 5590 2191 5646 N.
2225 5590 2313 5647 ει
2348 5591 2582 5661 p.1105.
