4028 6220
477 237 586 292 (Si?

1821 226 2001 282 DION.
2049 227 2395 284 l’ETAVlUS

2917 153 2998 178 λιν

3605 241 3698 299 6l8

485 351 682 406 teliexit
715 365 771 406 se
798 349 859 402 ob
892 349 987 404 hoc
1020 345 1316 401 calliditate
1348 344 1602 398 damzonis
1626 345 2057 406 circumventum,
2090 347 2134 403 Α
2163 343 2348 399 Potest
2383 352 2562 400 tamen
2597 353 2650 400 et
2684 346 2906 401 verbum
2947 348 3123 419 αἴρειν
3173 349 3224 403 in
3267 348 3527 419 ejusmodi
3564 355 3704 410 locn-

480 442 679 514 talique
729 441 1014 495 distentum
1057 437 1287 507 jeiunio,
1321 444 1375 488 ut
1406 434 1778 488 lassitudinem
1821 451 1923 488 non
1967 451 2059 488 ne-

483 534 794 598 cessariam,
838 533 944 584 imo
991 532 1152 583 etiam
1205 528 1419 598 spiritui
1468 527 1786 590 nocituram,
1833 526 2059 595 fatigato

485 624 694 693 corpori
723 622 1115 690 superponeret.
1144 616 1262 672 Non
1295 617 1442 670 aliud
1472 617 1575 670 hoc
1609 617 1730 670 loco
1763 623 1846 670 est
1878 629 2062 683 super-

484 729 697 782 ponere,
728 726 890 781 quam
940 711 1227 778 imponere,
1255 709 1338 761 vel
1371 707 1619 775 adjicere.
1654 705 1747 760 Sic
1773 706 1827 759 in
1861 706 2059 761 concil.

486 804 674 856 Aurel.
717 819 768 865 v,
818 817 943 855 can.
977 801 1043 854 12
1074 799 1259 852 :Nulli
1290 799 1479 852 viventi
1513 800 1752 868 episcopo
1797 797 1934 849 alius
1975 812 2066 850 su-

485 905 829 966 perponatur,
868 903 960 948 aut
1009 893 1438 962 superordinetur
1471 893 1763 961 episcopus.
1815 888 1928 942 llac
1976 903 2065 940 ra-

490 989 636 1041 tione
680 986 887 1055 jejunia
939 985 1220 1054 superponi
1275 985 1563 1048 dicuntur,
1621 975 1882 1050 quoniam
1937 993 2064 1035 cum

492 1076 805 1129 communis
839 1075 1121 1128 hominum
1156 1075 1267 1126 vita
1295 1074 1613 1141 quotidi-ano
1650 1073 1797 1126 victu
1842 1086 1908 1125 ac
1944 1071 2067 1125 cibo

489 1163 847 1237 transigatur,
886 1173 1048 1220 certa:
1090 1163 1436 1218 abstinentia:
1488 1164 1632 1233 leges
1685 1164 2066 1232 imponuntur,

491 1257 693 1325 quibus
736 1258 879 1307 velut
926 1262 1227 1307 onerantur
1276 1254 1547 1308 homines.
1585 1252 1661 1306 lta
1691 1252 2068 1309 Tertullianus

491 1357 676 1400 contra
714 1345 930 1415 Psyclt.,
961 1361 1080 1414 cap.
1115 1345 1290 1398 ‘2:Sic
1333 1354 1381 1398 et
1431 1343 1700 1414 apostolos
1746 1345 2067 1408 observasse,

493 1439 700 1492 nullum
732 1437 881 1490 aliud
910 1438 1230 1505 imponenles
1252 1436 1441 1504 jugum
1477 1445 1742 1488 certorum
1776 1451 1824 1487 et
1855 1435 1906 1487 in
1931 1450 2073 1487 com-

493 1550 648 1586 mune
681 1531 920 1584 omnibus
950 1529 1306 1583 obeundarum
1325 1529 1678 1596 jejuniorum.
1713 1526 1825 1580 lloc
1849 1527 1955 1581 erit
1979 1543 2074 1581 su-

494 1638 798 1692 perponere
824 1621 1014 1690 jugum
1048 1620 1201 1684 illud,
1240 1635 1303 1672 ac
1357 1620 1526 1689 legem
1555 1618 1888 1687 jejuniorum
1924 1616 2072 1670 indi-

2164 433 2312 487 tione
2343 434 2520 488 locum
2558 435 2757 490 habere
2789 455 2801 489 :
2830 437 2972 506 quod
3012 445 3098 492 est
3126 439 3281 506 ferre,
3310 439 3503 496 tollere.
3531 443 3703 508 Quam-

2135 523 2245 596 ‘vis
2275 531 2456 577 autem
2490 523 2838 593 ὑπερτιθέναι
2864 533 2915 580 et
2948 527 3241 596 ὑπέρθεσιν
3266 513 3632 587 Οτωοῖἱιίιὶιιιιι
3659 545 3708 588 ιιι

2167 613 2344 668 Latini
2371 631 2714 684 superponere
2737 631 2801 670 ac
2829 619 3296 687 superpositionem
3319 629 3595 690 usurpent,
3617 639 3708 677 non

2165 712 2346 760 tamen
2397 707 2586 760 eadem
2622 709 2913 777 utrobique
2961 713 3297 766 constructio
3341 721 3444 766 est.
3481 711 3548 766 Ut
3589 716 3712 768 enim

2166 797 2357 852 Latine
2389 797 2493 852 dici
2525 799 2720 867 possit,
2748 817 3092 870 superponere
3141 803 3304 855 alicui
3336 802 3613 856 biduanum
3644 807 3713 860 vel

2169 889 2475 942 triduanum
2494 890 2795 958 jejunium;
2824 894 2926 955 vel,
2959 901 3016 946 ιιι
3044 892 3263 948 Solinus
3288 895 3529 963 loquitur
3570 897 3715 950 solita

2168 982 2423 1035 cibationi
2456 982 2594 1035 diem
2620 998 2784 1035 unum
2815 999 3159 1052 superponere
3185 1001 3203 1038 :
3227 1000 3334 1039 non
3360 996 3535 1040 tamen
3560 987 3716 1041 Graue

2169 1071 2249 1126 sic
2285 1072 2362 1125 uti
2403 1072 2524 1126 licet
2563 1072 2945 1142 ὑπερτίθεσθαι
2994 1078 3060 1145 τῇ
3116 1079 3289 1147 τροφῇ
3345 1079 3473 1146 μίαν
3509 1077 3714 1148 ἡμέραν.
3895 1071 3900 1136 i

2168 1162 2286 1219 Non
2313 1165 2457 1218 cnim
2483 1166 2866 1236 ὑπερτίθεσθαι
2894 1182 3018 1222 cum
3055 1169 3239 1223 dativo
3265 1171 3626 1240 conjungitur.

2173 1265 2187 1281 '
2241 1255 2361 1320 Qua
2405 1256 2459 1308 in
2495 1272 2556 1311 re
2606 1255 2886 1311 Plinianus
2932 1259 3266 1312 exercitator
3301 1261 3459 1314 valde
3493 1261 3716 1325 deceptus
3891 1233 3899 1356 ί

2171 1355 2254 1401 est
2289 1347 2366 1416 (a)
2391 1364 2405 1412 ;
2431 1348 2524 1416 qui
2555 1348 2895 1402 Solinianam
2933 1349 3092 1403 istam
3128 1350 3460 1404 locutionem
3495 1351 3569 1405 sic
3595 1351 3716 1417 ἐξελ·
3889 1347 3895 1417 i

2172 1379 2254 1401 cal:
2391 1389 2405 1412 ,
2431 1379 2524 1416 ιιιιι
2557 1379 2895 1402 υυΙΙΙΙΙιΙΙΙαιΙΙ
2933 1379 3092 1403 ιθιαιιι
3129 1379 3460 1404 ιυυυιιυιιιτιιι
3495 1379 3569 1405 δΙιῖ
3595 1379 3716 1417 εςελ-

2172 1437 2398 1506 ληνίζει,
2443 1437 2615 1490 solita:
2647 1435 2898 1490 cibationi
2927 1447 3284 1505 superponunt
3320 1439 3482 1499 diem,
3517 1442 3574 1508 τῇ
3616 1455 3719 1489 συν·
3887 1379 3895 1530 1

2175 1528 2294 1597 ήθει
2324 1529 2496 1599 τροφῇ
2520 1527 2733 1598 ἡμέραν
2756 1527 3156 1597 ὑπερτιθέασιν.
3185 1529 3350 1596 Atqui
3387 1527 3716 1598 ὑπερτιθέναι,

2175 1627 2236 1672 ιιι
2263 1627 2318 1673 et
2349 1619 2660 1690 praepositio
2687 1619 2849 1687 ὑπέρ,
2880 1634 3004 1671 cum
3031 1619 3215 1671 dativo
3242 1620 3492 1686 c0pulari
3526 1635 3619 1671 non
3648 1633 3719 1670 so-
3885 1593 3892 1620 ί

493 1728 657 1775 cere;
700 1709 842 1764 unde
869 1710 1199 1779 jejuniorum
1233 1709 1581 1777 superpositio
1618 1707 1756 1762 idem
1799 1715 1883 1760 est
1911 1715 2073 1776 atque
2105 1678 2146 1732 Β
2181 1709 2274 1763 let.
2309 1715 2491 1780 Apage
2517 1725 2646 1778 ergo
2686 1709 2876 1764 sordes
2912 1709 3046 1762 istas
3095 1709 3374 1762 sermonis
3412 1708 3716 1779 ὑπερτιθέναι

494 1801 758 1871 impositio
795 1811 849 1853 et
896 1800 1172 1867 injunctio.
1223 1799 1444 1852 Solinus
1497 1812 1616 1866 cap.
1647 1797 1717 1849 27
1770 1798 1952 1851 leones
1997 1796 2074 1848 ait

496 1892 718 1945 alternis
745 1892 925 1943 diebus
956 1899 1161 1960 potum,
1185 1890 1404 1943 alternis
1430 1889 1605 1942 cibum
1631 1905 1814 1957 capere
1839 1904 1856 1940 :
1888 1905 1948 1941 ac
1969 1888 2076 1956 fre-

495 1993 712 2051 quenter
749 1983 796 2036 si
829 1981 1050 2050 digestio
1079 1997 1181 2035 non
1221 1991 1296 2034 est
1330 1981 1588 2043 insecuta,
1627 1980 1797 2032 solita:
1826 1977 2074 2032 cibationi

497 2085 854 2144 superponunt
891 2075 1050 2127 diem.
1097 2073 1479 2142 Superponere
1507 2081 1590 2126 cst
1628 2071 1840 2125 addere.

571 2167 706 2219 Cum
757 2165 923 2234 igitur
969 2165 1143 2218 altero
1176 2179 1394 2233 quoque
1427 2163 1515 2217 die
1544 2163 1726 2216 cibum
1764 2177 1960 2232 capere
1989 2176 2078 2216 so-

498 2259 665 2318 lcant,
717 2256 870 2310 crudi
901 2271 1023 2308 eum
1063 2263 1211 2316 sunt,
1252 2270 1419 2308 unum
1461 2253 1601 2308 diem
1635 2253 1700 2305 ad
1737 2269 1884 2315 eum,
1915 2267 2075 2322 quem

498 2348 844 2415 interponere
874 2361 991 2400 mos
1022 2353 1105 2398 cst
1137 2346 1264 2406 illis,
1308 2345 1594 2412 adjiciunt.
1633 2343 1710 2396 Ita
1738 2344 1959 2398 biduum
1989 2359 2078 2397 so-

498 2437 668 2488 lidum
702 2435 820 2488 sine
862 2435 985 2488 cibo
1015 2435 1415 2488 transmittunt.
1449 2432 1567 2486 Non
1597 2434 1783 2487 eadem
1820 2434 1926 2496 hic,
1962 2435 2079 2503 opi-

499 2544 623 2592 nor,
661 2527 881 2582 natione
915 2528 1138 2581 verbum
1189 2525 1320 2579 illud
1367 2527 1624 2591 sumitur,
1653 2541 1759 2596 qua
1801 2526 1870 2580 ab
1899 2527 2080 2580 eccle-

500 2617 738 2672 siasticis
768 2617 1107 2680 auctoribus,
1140 2631 1265 2670 cum
1293 2617 1501 2686 jejunia
1525 2618 1966 2686 superpositiones
1991 2632 2082 2685 ap-

501 2713 726 2782 pellant,
761 2712 843 2766 vel
879 2711 1212 2781 jejuniorum
1251 2711 1714 2780 superpositiones,
1746 2725 1884 2780 quas
1919 2711 2084 2781 ὑπερ-

503 2802 758 2871 θέσμους,
790 2801 874 2854 vel
906 2798 1229 2870 ὑπερθέσεις
1260 2799 1433 2856 (ΞΓωεί
1473 2798 1662 2855 Patres
1693 2807 1978 2865 vocarunt,
2016 2813 2082 2853 eo

504 2907 667 2945 sensu
703 2905 865 2959 quem
899 2889 1167 2945 hactenus
1212 2890 1586 2959 exposuimus.
1623 2888 1728 2944 Sed
1772 2896 1954 2942 utrum
1986 2888 2082 2941 La-

2179 1800 2302 1864 τινί,
2331 1816 2674 1869 superponere
2722 1801 2905 1852 alicui.
2946 1799 3158 1853 Diceret
3208 1801 3396 1869 potius
3443 1799 3717 1859 ἐπιτιθέναι,

2182 1894 2265 1947 vcl
2291 1892 2658 1963 προστιθέναι.
2684 1890 2914 1960 Reliqua
2940 1891 3352 1944 exercitationis
3377 1891 3608 1959 ejusdem
3631 1905 3718 1942 ma-

2179 1983 2392 2052 joribus
2421 1983 2581 2036 ctiam
2612 1983 2831 2050 ineptiis
2857 1981 3134 2050 implicata
3159 1991 3306 2034 sunt.
3337 1981 3400 2034 In
3429 1981 3612 2049 quibus
3631 1981 3717 2034 sin.
3893 2037 3896 2054 ε

2184 2075 2370 2144 gulare
2404 2072 2457 2126 id
2486 2081 2591 2136 est,
2623 2073 2765 2140 quod
2797 2089 2918 2128 cum
2954 2073 3279 2126 sententiam
3321 2081 3564 2125 nostram
3594 2085 3719 2125 vexa-
3887 2079 3894 2152 ξ

2186 2180 2263 2226 re,
2314 2171 2367 2216 et
2407 2162 2711 2217 conviciari
2745 2162 2903 2215 nobis
2936 2161 3255 2222 instituerit,
3291 2159 3346 2212 in
3397 2157 3539 2212 istud
3581 2158 3720 2226 ipsum
3887 2155 3893 2226 ε

2187 2361 2306 2399 ntus
2329 2361 2450 2399 esse
2469 2345 2800 2404 dilationem,
2826 2355 2879 2398 et
2903 2343 3250 2416 ὑπερτιθέναι
3273 2342 3531 2410 di/I‘erre;
3555 2341 3726 2395 Salma-
3798 2372 3799 2375 η

2186 2437 2302 2490 sius
2351 2435 2532 2489 itidem
2581 2443 2639 2488 ut
2682 2452 2783 2490 nos
2831 2437 3355 2506 supcrpositioncm,
3418 2447 3482 2492 et
3531 2433 3726 2504 ὑπέρθε-

2187 2545 2270 2581 σιν
2315 2528 2624 2581 dilationem
2672 2543 2796 2583 esse
2847 2527 3142 2597 pertendit.
3173 2527 3345 2595 Cujus
3393 2542 3531 2597 ergo
3574 2524 3727 2578 dilatio

2186 2620 2308 2675 est?
2363 2627 2456 2673 aut
2495 2619 2623 2688 quid
2679 2619 2896 2672 tandem
2954 2617 3159 2672 diderri
3205 2616 3446 2670 dicitur?
3497 2616 3643 2684 Negat
3679 2614 3728 2664 ale

2188 2711 2339 2776 cibo;
2371 2712 2440 2764 ad
2495 2710 2640 2764 diem
2690 2709 2899 2765 refert:
2935 2709 3115 2779 Neque
3157 2710 3316 2773 enim,
3361 2710 3462 2772 ait,
3493 2706 3732 2776 ὑπερτίθεο

2192 2801 2314 2855 σθαι
2337 2803 2562 2872 τροφήν,
2591 2802 2681 2855 sed
2713 2801 3100 2873 ὑπερτίθεσθαι
3123 2801 3335 2872 ἡμέραν
3368 2800 3567 2854 dixere.
3596 2798 3732 2867 Igitur

2185 2895 2376 2964 jejunii
2409 2893 2656 2949 diﬂ'ertur
2684 2896 2825 2952 dies.
2861 2897 2929 2950 At
2963 2913 3072 2951 non
3122 2897 3390 2961 diﬂ‘ertur,
3427 2899 3526 2952 sed
3567 2909 3735 2965 reprac-

497 2982 744 3034 .tinoruan
789 2981 1090 3034 imitatione
1121 2980 1316 3042 Graeci,
1355 2995 1422 3033 an
1451 2978 1760 3039 Graecorum
1791 2978 1989 3043 Latini,
2013 2980 2078 3032 ad
2110 3018 2151 3075 Ο
2190 2991 2436 3039 sentatur
2464 2983 2670 3052 utique,
2714 3000 2837 3038 cum
2866 2986 2920 3038 in
2952 3001 3013 3039 ca
3048 2995 3296 3040 versetur
3333 2987 3584 3057 quisquis
3614 2987 3734 3038 illam

499 3071 837 3140 jcjtt'niorum
867 3072 1147 3141 negotium
1185 3071 1235 3123 id
1268 3071 1519 3124 vocabuli
1553 3070 1960 3136 transtulerint,
1987 3071 2082 3139 ju-

507 3179 567 3218 re
595 3164 829 3218 dubitari
863 3172 1057 3232 potest.
1093 3163 1170 3216 Ac
1217 3163 1260 3217 si
1315 3162 1487 3232 prima
1522 3163 1638 3226 illa,
1671 3178 1834 3231 qttam
1868 3162 1920 3214 in
1952 3161 2086 3214 Ani-

508 3254 956 3307 madversionibus
987 3255 1219 3323 amplexi
1268 3267 1480 3318 sumus,
1515 3253 1599 3306 vel
1630 3267 1696 3306 ex
1731 3251 1945 3306 duabus
1982 3252 2085 3305 hoc

508 3340 687 3410 capite
737 3341 956 3393 traditis
1010 3341 1160 3408 prior
1212 3341 1386 3410 magis
1427 3340 1655 3404 arridet,
1693 3350 1752 3394 ut
1790 3339 2084 3411 ὑπέρθεσις

507 3430 696 3484 dilatio
743 3433 1146 3501 prorogatioquc
1181 3431 1279 3495 sit,
1328 3432 1414 3487 vel
1462 3434 1786 3486 transeensio
1831 3442 1885 3488 et
1919 3433 2086 3504 ὑπέρ-

509 3521 689 3585 6ασις,
729 3521 989 3575 credibile
1014 3530 1094 3575 est
1127 3519 1440 3576 Graecorum
1477 3521 1726 3590 exemplo
1750 3519 1973 3575 Latinos
1997 3537 2086 3574 su-

509 3615 913 3684 perpositionem
962 3615 1301 3669 nominasse.
1329 3613 1464 3667 Nam
1520 3615 1626 3670 isto
1683 3629 1845 3670 sensu
1887 3614 2088 3668 Grmcze

510 3709 629 3761 voci
660 3722 758 3761 sua
791 3717 845 3760 et
875 3706 1059 3760 nativa
1101 3706 1406 3774 proprietas
1439 3712 1693 3769 constat;
1723 3720 1845 3774 qum
1884 3707 1937 3757 in
1981 3702 2088 3756 La-

512 3803 626 3852 tina
659 3800 842 3854 minus
872 3799 1070 3862 elucet,
1106 3806 1163 3852 ut
1186 3800 1504 3853 translatam
1531 3799 1978 3868 peregrinamque
2003 3813 2089 3852 co-

510 3905 762 3958 gnoscas.
797 3887 892 3941 Sin
916 3898 1019 3952 cst,
1038 3897 1096 3942 ut
1121 3889 1609 3959 super-positionem
1637 3905 1735 3960 pro
1759 3890 2089 3959 impositione

512 3980 932 4048 injunctioneque
960 3979 1064 4034 dici
1108 3981 1280 4050 magis
1309 3981 1564 4051 placeat;
1606 3988 1720 4033 tum
1760 3997 1888 4036 vero
1929 3981 2091 4050 ὑπερ-

510 4069 717 4123 τιθέναι
747 4080 800 4123 et
821 4068 1207 4140 ὑπερτίθεσθαι
1239 4071 1416 4124 minus
1438 4072 1620 4125 Graece
1643 4081 1963 4141 conceptum
1989 4071 2090 4125 hac

511 4160 909 4230 signiﬁcatione
933 4159 1207 4212 videbitur
1235 4198 1249 4222 ,
1282 4160 1526 4230 adeoque
1551 4160 1617 4215 de
1641 4160 1959 4216 Latinorum
1987 4176 2091 4215 usu

511 4252 866 4319 exetnploque
916 4265 1183 4302 manasse.
1238 4249 1294 4302 In
1339 4249 1468 4302 Vitis
1505 4251 1895 4311 Patrum,libro
1933 4267 1984 4314 v,
2020 4250 2090 4303 li-

515 4337 656 4391 bello
709 4338 796 4403 10,
835 4352 986 4390 num.
1017 4337 1086 4390 '53
1114 4344 1169 4391 et
1194 4337 1286 4400 44,
1319 4339 1454 4391 mira
1487 4340 1733 4408 quaidam
1762 4340 1865 4394 hac
1897 4341 1981 4394 vel
2019 4341 2094 4396 si-

515 4427 628 4480 mili
682 4428 735 4479 in
790 4442 923 4481 voce
968 4425 1274 4481 Graecitatis
1327 4427 1599 4482 allec-talio
1627 4438 1745 4493 est;
1792 4445 1941 4482 num.
1975 4430 2089 4485 ’ὁδε

513 4519 638 4572 Alia
678 4519 928 4588 cogitatio
969 4535 1085 4572 mea
1119 4527 1218 4583 est,
1265 4527 1321 4571 ut
1359 4517 1591 4586 jejunem
1626 4518 1887 4574 biduanas
1916 4520 2094 4575 levan-

514 4612 617 4676 do;
647 4627 796 4664 num.
830 4612 899 4665 44
935 4630 947 4665 :
985 4610 1122 4681 Ergo
1151 4611 1361 4680 quando
1397 4627 1514 4662 eras
1549 4613 1772 4674 iuvenis,
1821 4629 1920 4666 non
1949 4613 2095 4680 jeju-

516 4704 682 4758 nabas
721 4702 980 4757 biduanas
1024 4704 1262 4758 lerando.
1313 4702 1376 4754 Et
1433 4703 1567 4755 dixit
1619 4703 1665 4755 ei
1709 4718 1903 4755 senex:
1930 4703 2095 4756 Crede

515 4793 643 4844 mihi
679 4794 804 4862 quia
838 4805 885 4844 et
932 4793 1212 4846 triduanas
1248 4803 1295 4846 et
1347 4792 1751 4846 hebdomadam.
1785 4791 1979 4846 Lerare
2025 4793 2095 4844 bi-

515 4887 722 4936 duanas
783 4883 958 4945 dixit,
1026 4890 1086 4935 ut
1136 4883 1469 4952 Epiphanius
1521 4883 1751 4953 τριπλᾶς
1809 4879 2094 4957 ὑπερτίθε-

517 4975 661 5027 σθαι.
694 4974 833 5028 Puto
867 4974 1036 5027 levare
1061 4974 1149 5029 hic
1172 4990 1312 5040 csse,
1339 4976 1482 5044 quod
1513 4979 1684 5030 tertiae
1709 4973 2092 5041 signiﬁcationi

515 5063 798 5133 congruit,
856 5067 1118 5132 imponere
1174 5066 1257 5120 vel
1310 5065 1540 5119 indicere
1570 5081 1588 5118 :
1623 5063 1977 5118 translatione
2027 5065 2095 5118 ah

515 5155 780 5210 oneribus
807 5156 990 5220 ducta,
1019 5172 1139 5225 qua:
1169 5165 1226 5211 ut
1259 5157 1608 5227 imponantur
1634 5155 1912 5211 allevanda
1943 5165 2090 5210 sunt.

513 5245 626 5302 Nec
655 5249 798 5302 enim
832 5249 1047 5303 videtur
1079 5251 1249 5304 levare
1283 5250 1541 5304 biduanas
1570 5265 1692 5305 esse
1730 5247 1952 5302 tctidem
1980 5247 2096 5301 die-

517 5353 638 5391 rum
673 5339 944 5408 jejunium
987 5343 1111 5396 cibo
1158 5343 1390 5408 solvere,
1423 5350 1482 5396 ut
1528 5340 1891 5397 subaudialnr
1931 5338 2098 5393 absti-

519 5432 747 5493 nentias,
782 5432 926 5500 quod
981 5434 1037 5486 in
1079 5434 1417 5489 hebdomade
1445 5431 1727 5489 subaudiri
1758 5448 1862 5486 non
1898 5439 2093 5504 potest.

590 5603 668 5671 (a)
710 5606 834 5674 Pag.
868 5611 989 5663 524.

2187 2255 2418 2309 incurrit
2452 2264 2631 2308 tamen
2684 2253 2832 2322 quod
2875 2252 3225 2322 reprehendit
3257 2271 3269 2305 :
3300 2250 3594 2322 ὑπέρθεσιν
3617 2249 3726 2302 (Ιίιὶ-

2187 2361 2306 2399 mus
2329 2361 2450 2399 esse
2469 2345 2800 2404 dilationem,
2826 2355 2879 2398 et
2903 2343 3250 2416 ὑπερτιθέναι
3273 2342 3531 2410 di/I‘erre;
3555 2341 3726 2395 Salma-
3798 2372 3799 2375 η

2187 2437 2302 2490 sius
2351 2435 2532 2489 itidem
2581 2443 2639 2488 ut
2682 2452 2783 2490 nos
2831 2437 3355 2506 supcrpositioncm,
3418 2447 3482 2492 et
3531 2433 3726 2504 ὑπέρθε-

2187 2545 2270 2581 σιν
2315 2528 2624 2581 dilationem
2672 2543 2796 2583 esse
2847 2527 3142 2596 pertendit.
3173 2527 3345 2595 Cujus
3393 2542 3531 2596 ergo
3574 2524 3727 2578 dilatio

3877 2831 3888 2948 ἒ

2181 3075 2395 3143 jejunio
2422 3076 2767 3130 transmittit.
2800 3076 2941 3140 Quid
2971 3077 3274 3145 jocularius
3296 3088 3398 3141 cst,
3430 3094 3592 3146 quam
3616 3075 3740 3145 quod

2186 3162 2315 3218 inde
2343 3179 2688 3234 consequens
2720 3164 2799 3228 ﬁt,
2837 3182 2958 3219 cum
3007 3166 3197 3220 scribit
3244 3165 3582 3235 Epiphanius
3607 3166 3742 3221 Clu-i-

2186 3256 2396 3311 stianos
2428 3256 2624 3318 διπλᾶς
2652 3257 2736 3311 vel
2766 3257 3003 3328 τριπλᾶς
3030 3257 3444 3327 ὑπερτίθεσθαι,
3476 3259 3578 3314 hoc
3619 3273 3743 3321 esse,

2186 3344 2409 3398 biduum
2459 3344 2774 3400 triduumve
2825 3345 3067 3411 diﬂ‘erre,
3111 3361 3220 3400 non
3273 3347 3481 3412 cibum,
3517 3349 3608 3402 sed
3656 3348 3744 3400 hos

2188 3434 2336 3505 ipsos
2361 3437 2500 3492 duos
2535 3444 2715 3493 tresve
2741 3437 2895 3493 dies?
2925 3438 3064 3503 Quid
3093 3439 3269 3492 isthoc
3299 3439 3534 3493 obsecro
3557 3452 3744 3494 sermo-

2189 3529 2274 3582 nis
2307 3536 2391 3583 est
2425 3547 2436 3581 :
2471 3528 2582 3583 Iste
2615 3529 2754 3583 diem
2799 3546 2984 3597 unum,
3017 3531 3092 3583 uel
3126 3530 3280 3595 duos,
3306 3533 3382 3584 vel
3411 3541 3515 3584 tres
3556 3532 3752 3599 differt;

2189 3626 2283 3672 aut
2344 3619 2572 3673 duorum
2636 3622 2854 3675 triumve
2905 3620 3216 3676 dilationem
3277 3624 3540 3690 suscipit;
3571 3637 3665 3692 pro
3695 3635 3750 3675 eo

2187 3708 2332 3778 quod
2361 3719 2464 3771 est,
2503 3709 2718 3763 biduum
2743 3711 2957 3779 jejunat
2992 3721 3086 3765 aut
3131 3712 3410 3769 triduum?
3453 3713 3569 3768 Nisi
3605 3712 3757 3773 enim,

2188 3799 2334 3869 quod
2371 3800 2647 3866 volumus,
2679 3803 2936 3870 quodque
2971 3802 3220 3871 imperite
3248 3814 3410 3873 negat
3443 3803 3756 3864 Salmasius,

2191 3888 2371 3942 cibum
2418 3903 2478 3942 ac
2532 3891 2738 3959 τροφήν
2788 3890 3109 3955 subaudias,
3140 3891 3480 3946 intoleranda
3521 3891 3762 3962 quandam

2191 3980 2456 4034 orationis
2509 3980 2767 4048 spurcitia
2822 3980 3107 4034 conﬂatur.
3139 3981 3312 4046 Quam
3368 3983 3582 4051 quidem
3635 3980 3762 4033 adeo

2194 4071 2294 4124 iste
2326 4071 2606 4134 combibit,
2637 4080 2696 4124 ut
2719 4087 2781 4125 ex
2815 4085 2880 4125 eo
2908 4071 2982 4125 ita
3016 4073 3394 4136 ratiocinetur,
3428 4089 3548 4127 cum
3602 4069 3767 4139 ὑπέρ-

2193 4159 2342 4222 θεσις
2367 4160 2700 4224 dilationem,
2732 4169 2786 4215 et
2820 4160 3169 4232 ὑπερτιθέναι
3209 4162 3424 4231 (li/ferre
3456 4161 3722 4231 signiﬁcet
3751 4176 3762 4210 :

2184 4251 2519 4318 jejuniorum
2566 4251 3035 4320 superpositionem
3089 4264 3195 4303 non
3233 4264 3391 4318 posse
3433 4249 3536 4302 dici
3564 4269 3575 4301 :
3606 4254 3665 4300 ut
3711 4245 3766 4297 in

2125 4351 2172 4409 υ
2198 4343 2416 4413 vulgata
2443 4343 2760 4398 Eliberitani
2791 4341 3013 4396 concilii
3041 4341 3272 4394 lectione
3300 4339 3565 4401 habetur;
3597 4352 3668 4390 ne
3697 4335 3767 4389 sit

2196 4433 2538 4504 jejuniorum
2575 4433 2924 4505 intelligenda
2950 4434 3158 4488 dilatio.
3198 4432 3368 4502 Igitur
3397 4449 3492 4502 par
3512 4432 3653 4485 illius
3680 4428 3766 4480 in-

2196 4528 2638 4594 terpretationem
2697 4529 2968 4581 sermonis
3017 4524 3329 4579 absurditas
3376 4526 3634 4593 sequitur,
3671 4517 3764 4587 qui

2195 4622 2249 4667 et
2300 4614 2644 4683 ὑπερτιθέναι
2695 4615 2882 4669 eodem
2938 4628 3099 4668 sensu
3149 4615 3380 4682 accipit,
3418 4621 3472 4666 ct
3518 4611 3582 4664 ad
3624 4609 3766 4679 ἡμέο

2198 4721 2296 4772 ραν
2324 4705 2593 4770 pertinere
2628 4707 2844 4759 asserit.
2875 4703 3028 4768 Quod
3077 4712 3255 4758 autem
3299 4704 3619 4771 jejuniorum
3669 4715 3763 4750 su-

2195 4793 2598 4859 perpositionem
2643 4802 2696 4847 et
2730 4795 3018 4864 ὑπέρθεσιν
3042 4794 3150 4848 dici
3181 4808 3288 4848 non
3325 4795 3518 4848 debere
3543 4794 3758 4862 pugnat,

2196 4881 2321 4950 quia
2345 4891 2661 4951 sequeretur
2687 4885 2896 4952 jejunio
2932 4883 3160 4949 dillcrri,
3193 4884 3633 4955 ἁγραμμάτιστον
3651 4889 3755 4933 cst.

2196 4974 2277 5024 An
2313 4988 2434 5026 cum
2465 4974 2538 5028 ita
2569 4975 2841 5044 loquimur
2873 4995 2884 5029 :
2918 4975 3256 5040 Juda'orum,
3286 4979 3370 5032 vel
3397 4976 3639 5045 festorum
3665 4987 3760 5023 sa-

2200 5065 2423 5131 criﬁcia,
2461 5075 2553 5119 aut
2583 5067 2943 5133 expiationes,
2991 5067 3209 5122 Iudaeos
3260 5069 3408 5137 ipsos
3448 5062 3752 5125 sacriﬁcari,

2199 5164 2292 5210 aut
2316 5158 2521 5226 cs’piari
2565 5159 2729 5214 festos
2775 5161 2898 5215 illos
2940 5161 3058 5216 dies
3090 5161 3488 5231 intelligimus?
3519 5154 3750 5228 Jejunio-

2200 5265 2318 5302 rum
2367 5247 2902 5322 superpositionesﬁ)
2932 5246 3108 5318 οὗτος,
3140 5263 3266 5312 sunt
3296 5269 3416 5323 qua:
3460 5252 3512 5305 in
3539 5245 3746 5319 jejuniis

2201 5339 2471 5392 obeuntur
2513 5342 2801 5396 dilationes
2853 5343 2995 5408 cibi;
3041 5353 3096 5396 ut
3147 5345 3192 5398 si
3239 5352 3510 5397 certorum
3556 5341 3738 5394 dierum

2202 5431 2538 5501 epulationcs
2593 5435 2876 5504 appellem,
2921 5449 3013 5488 cas
3065 5433 3384 5504 signiﬁcem,
3416 5447 3532 5503 qua:
3562 5430 3623 5486 iis
3642 5424 3740 5479 dico
