  <div class='ocr_page' id='page_1' title='image "/cluster/home/n/w/nwhite01/storage/ocr_20150623/43/hvd.32044054272794/340.png"; bbox 0 0 4028 6220; ppageno 0'>
   <div class='ocr_carea' id='block_1_1' title="bbox 334 293 2576 362">
    <p class='ocr_par' dir='ltr' id='par_1_1' title="bbox 334 293 2576 362">
     <span class='ocr_line' id='line_1_1' title="bbox 334 293 2576 362; baseline -0.005 -1"><span class='ocrx_word' id='word_1_1' title='bbox 334 305 430 362; x_wconf 75' lang='lat'><strong>619</strong></span> <span class='ocrx_word' id='word_1_2' title='bbox 1347 298 1719 358; x_wconf 75' lang='lat' dir='ltr'><strong>ADVERSUS</strong></span> <span class='ocrx_word' id='word_1_3' title='bbox 1754 297 1933 356; x_wconf 78' lang='lat' dir='ltr'><strong>CLAU</strong></span> <span class='ocrx_word' id='word_1_4' title='bbox 1946 294 2115 351; x_wconf 81' lang='lat' dir='ltr'><strong>DIUM</strong></span> <span class='ocrx_word' id='word_1_5' title='bbox 2158 293 2576 352; x_wconf 79' lang='lat' dir='ltr'><strong>SALMASIUM.</strong></span> 
     </span>
    </p>
   </div>
   <div class='ocr_carea' id='block_1_2' title="bbox 3476 290 3584 349">
    <p class='ocr_par' dir='ltr' id='par_1_2' title="bbox 3476 290 3584 349">
     <span class='ocr_line' id='line_1_2' title="bbox 3476 290 3584 349; baseline 0.019 -2"><span class='ocrx_word' id='word_1_6' title='bbox 3476 290 3584 349; x_wconf 73' lang='lat'><strong>650</strong></span> 
     </span>
    </p>
   </div>
   <div class='ocr_carea' id='block_1_3' title="bbox 332 409 3581 491">
    <p class='ocr_par' dir='ltr' id='par_1_3' title="bbox 332 409 3581 491">
     <span class='ocr_line' id='line_1_3' title="bbox 332 409 3581 491; baseline -0.003 -16"><span class='ocrx_word' id='word_1_7' title='bbox 332 424 432 481; x_wconf 82' lang='lat' dir='ltr'><strong>bus</strong></span> <span class='ocrx_word' id='word_1_8' title='bbox 473 420 642 477; x_wconf 63' lang='lat' dir='ltr'><strong>aliine</strong></span> <span class='ocrx_word' id='word_1_9' title='bbox 671 420 995 491; x_wconf 66' lang='lat' dir='ltr'><strong>illigataeth</strong></span> <span class='ocrx_word' id='word_1_10' title='bbox 1026 418 1158 485; x_wconf 88' lang='lat' dir='ltr'><strong>sint,</strong></span> <span class='ocrx_word' id='word_1_11' title='bbox 1188 434 1298 474; x_wconf 89' lang='lat' dir='ltr'><strong>non</strong></span> <span class='ocrx_word' id='word_1_12' title='bbox 1350 426 1410 475; x_wconf 93' lang='lat' dir='ltr'><strong>ut</strong></span> <span class='ocrx_word' id='word_1_13' title='bbox 1447 415 1718 491; x_wconf 83' lang='lat' dir='ltr'><strong>epulanda</strong></span> <span class='ocrx_word' id='word_1_14' title='bbox 1761 417 1899 473; x_wconf 78' lang='lat' dir='ltr'><strong>festa</strong></span> <span class='ocrx_word' id='word_1_15' title='bbox 1928 423 1975 479; x_wconf 80' lang='grc' dir='ltr'><strong>Α</strong></span> <span class='ocrx_word' id='word_1_16' title='bbox 2006 412 2201 484; x_wconf 83' lang='grc' dir='ltr'><strong>πικρός</strong></span> <span class='ocrx_word' id='word_1_17' title='bbox 2236 427 2305 468; x_wconf 81' lang='lat' dir='ltr'><strong>ex</strong></span> <span class='ocrx_word' id='word_1_18' title='bbox 2342 413 2663 483; x_wconf 82' lang='lat' dir='ltr'><strong>conjectura</strong></span> <span class='ocrx_word' id='word_1_19' title='bbox 2711 410 3073 468; x_wconf 87' lang='lat' dir='ltr'><strong>substitutum</strong></span> <span class='ocrx_word' id='word_1_20' title='bbox 3111 419 3251 475; x_wconf 82' lang='lat' dir='ltr'><strong>erat,</strong></span> <span class='ocrx_word' id='word_1_21' title='bbox 3301 409 3481 466; x_wconf 76' lang='lat' dir='ltr'><strong>calces</strong></span> <span class='ocrx_word' id='word_1_22' title='bbox 3526 412 3581 465; x_wconf 90' lang='lat' dir='ltr'><strong>iu</strong></span> 
     </span>
    </p>
   </div>
   <div class='ocr_carea' id='block_1_4' title="bbox 333 512 844 583">
    <p class='ocr_par' dir='ltr' id='par_1_4' title="bbox 333 512 844 583">
     <span class='ocr_line' id='line_1_4' title="bbox 333 512 844 583; baseline -0.004 -15"><span class='ocrx_word' id='word_1_23' title='bbox 333 515 448 583; x_wconf 87' lang='lat' dir='ltr'><strong>ipsa</strong></span> <span class='ocrx_word' id='word_1_24' title='bbox 483 512 844 581; x_wconf 74' lang='lat' dir='ltr'><strong>przrbettntur.</strong></span> 
     </span>
    </p>
   </div>
   <div class='ocr_carea' id='block_1_5' title="bbox 394 596 1900 669">
    <p class='ocr_par' dir='ltr' id='par_1_5' title="bbox 394 596 1900 669">
     <span class='ocr_line' id='line_1_5' title="bbox 394 596 1900 669; baseline -0.003 -13"><span class='ocrx_word' id='word_1_25' title='bbox 394 602 665 667; x_wconf 77' lang='lat' dir='ltr'><strong>Quocirca</strong></span> <span class='ocrx_word' id='word_1_26' title='bbox 698 609 811 654; x_wconf 88' lang='lat' dir='ltr'><strong>tam</strong></span> <span class='ocrx_word' id='word_1_27' title='bbox 844 600 899 654; x_wconf 90' lang='lat' dir='ltr'><strong>in</strong></span> <span class='ocrx_word' id='word_1_28' title='bbox 925 600 1211 669; x_wconf 82' lang='lat' dir='ltr'><strong>Epiphanii</strong></span> <span class='ocrx_word' id='word_1_29' title='bbox 1236 601 1356 655; x_wconf 90' lang='lat' dir='ltr'><strong>loco</strong></span> <span class='ocrx_word' id='word_1_30' title='bbox 1386 601 1514 667; x_wconf 87' lang='lat' dir='ltr'><strong>isto,</strong></span> <span class='ocrx_word' id='word_1_31' title='bbox 1549 607 1603 654; x_wconf 94' lang='lat' dir='ltr'><strong>et</strong></span> <span class='ocrx_word' id='word_1_32' title='bbox 1634 599 1738 654; x_wconf 85' lang='lat' dir='ltr'><strong>hac</strong></span> <span class='ocrx_word' id='word_1_33' title='bbox 1774 596 1900 669; x_wconf 89' lang='lat' dir='ltr'><strong>Epi-</strong></span> 
     </span>
    </p>
   </div>
   <div class='ocr_carea' id='block_1_6' title="bbox 328 691 1898 766">
    <p class='ocr_par' dir='ltr' id='par_1_6' title="bbox 328 691 1898 766">
     <span class='ocr_line' id='line_1_6' title="bbox 328 691 1898 766; baseline -0.001 -19"><span class='ocrx_word' id='word_1_34' title='bbox 328 694 597 766; x_wconf 84' lang='lat' dir='ltr'><strong>phaniaua</strong></span> <span class='ocrx_word' id='word_1_35' title='bbox 632 708 766 747; x_wconf 89' lang='lat' dir='ltr'><strong>voce</strong></span> <span class='ocrx_word' id='word_1_36' title='bbox 814 691 1150 747; x_wconf 82' lang='lat' dir='ltr'><strong>declaranda</strong></span> <span class='ocrx_word' id='word_1_37' title='bbox 1196 694 1385 749; x_wconf 77' lang='lat' dir='ltr'><strong>infelix</strong></span> <span class='ocrx_word' id='word_1_38' title='bbox 1428 694 1533 747; x_wconf 90' lang='lat' dir='ltr'><strong>iste</strong></span> <span class='ocrx_word' id='word_1_39' title='bbox 1574 692 1696 756; x_wconf 89' lang='lat' dir='ltr'><strong>fuit,</strong></span> <span class='ocrx_word' id='word_1_40' title='bbox 1732 706 1898 761; x_wconf 88' lang='lat' dir='ltr'><strong>quam</strong></span> 
     </span>
    </p>
   </div>
   <div class='ocr_carea' id='block_1_7' title="bbox 325 783 1898 852">
    <p class='ocr_par' dir='ltr' id='par_1_7' title="bbox 325 783 1898 852">
     <span class='ocr_line' id='line_1_7' title="bbox 325 783 1898 852; baseline -0.001 -14"><span class='ocrx_word' id='word_1_41' title='bbox 325 786 379 838; x_wconf 90' lang='lat' dir='ltr'><strong>in</strong></span> <span class='ocrx_word' id='word_1_42' title='bbox 412 785 607 849; x_wconf 86' lang='lat' dir='ltr'><strong>altera,</strong></span> <span class='ocrx_word' id='word_1_43' title='bbox 639 784 801 852; x_wconf 90' lang='lat' dir='ltr'><strong>cujus</strong></span> <span class='ocrx_word' id='word_1_44' title='bbox 835 786 887 839; x_wconf 92' lang='lat' dir='ltr'><strong>in</strong></span> <span class='ocrx_word' id='word_1_45' title='bbox 926 793 1162 840; x_wconf 89' lang='lat' dir='ltr'><strong>mentem</strong></span> <span class='ocrx_word' id='word_1_46' title='bbox 1203 787 1366 839; x_wconf 88' lang='lat' dir='ltr'><strong>modo</strong></span> <span class='ocrx_word' id='word_1_47' title='bbox 1402 786 1569 841; x_wconf 90' lang='lat' dir='ltr'><strong>venit.</strong></span> <span class='ocrx_word' id='word_1_48' title='bbox 1607 783 1813 839; x_wconf 86' lang='lat' dir='ltr'><strong>Scribit</strong></span> <span class='ocrx_word' id='word_1_49' title='bbox 1846 784 1898 837; x_wconf 92' lang='lat' dir='ltr'><strong>in</strong></span> 
     </span>
    </p>
   </div>
   <div class='ocr_carea' id='block_1_8' title="bbox 266 874 1900 953">
    <p class='ocr_par' dir='ltr' id='par_1_8' title="bbox 266 874 1900 953">
     <span class='ocr_line' id='line_1_8' title="bbox 266 874 1900 953; baseline 0 -25"><span class='ocrx_word' id='word_1_50' title='bbox 266 928 277 953; x_wconf 46' lang='lat'><strong><em>)</em></strong></span> <span class='ocrx_word' id='word_1_51' title='bbox 324 875 521 929; x_wconf 75' lang='lat' dir='ltr'><strong>lucrcsi</strong></span> <span class='ocrx_word' id='word_1_52' title='bbox 552 874 960 939; x_wconf 84' lang='lat' dir='ltr'><strong>Dositheorum,</strong></span> <span class='ocrx_word' id='word_1_53' title='bbox 1003 892 1124 946; x_wconf 82' lang='lat' dir='ltr'><strong>pag.</strong></span> <span class='ocrx_word' id='word_1_54' title='bbox 1156 876 1248 938; x_wconf 74' lang='lat'><strong>50,</strong></span> <span class='ocrx_word' id='word_1_55' title='bbox 1282 876 1646 946; x_wconf 77' lang='lat' dir='ltr'><strong>Epiphanius,</strong></span> <span class='ocrx_word' id='word_1_56' title='bbox 1681 891 1777 931; x_wconf 90' lang='lat' dir='ltr'><strong>eos</strong></span> <span class='ocrx_word' id='word_1_57' title='bbox 1805 879 1900 944; x_wconf 83' lang='grc' dir='ltr'><strong>ἐγ-</strong></span> 
     </span>
    </p>
   </div>
   <div class='ocr_carea' id='block_1_9' title="bbox 321 965 1903 1037">
    <p class='ocr_par' dir='ltr' id='par_1_9' title="bbox 321 965 1903 1037">
     <span class='ocr_line' id='line_1_9' title="bbox 321 965 1903 1037; baseline 0.003 -20"><span class='ocrx_word' id='word_1_58' title='bbox 321 965 688 1036; x_wconf 78' lang='grc' dir='ltr'>κρατεύεσοαι</span> <span class='ocrx_word' id='word_1_59' title='bbox 724 965 863 1037; x_wconf 82' lang='grc' dir='ltr'>μετὰ</span> <span class='ocrx_word' id='word_1_60' title='bbox 891 967 952 1019; x_wconf 82' lang='grc' dir='ltr'><strong>τὸ</strong></span> <span class='ocrx_word' id='word_1_61' title='bbox 994 967 1204 1037; x_wconf 85' lang='grc' dir='ltr'>βιῶσαι.</span> <span class='ocrx_word' id='word_1_62' title='bbox 1238 967 1347 1022; x_wconf 87' lang='lat' dir='ltr'><strong>Nos</strong></span> <span class='ocrx_word' id='word_1_63' title='bbox 1382 968 1575 1037; x_wconf 81' lang='grc' dir='ltr'><strong>βιῶσαι</strong></span> <span class='ocrx_word' id='word_1_64' title='bbox 1618 970 1699 1023; x_wconf 85' lang='lat' dir='ltr'><strong>sic</strong></span> <span class='ocrx_word' id='word_1_65' title='bbox 1730 969 1903 1037; x_wconf 79' lang='lat' dir='ltr'><strong>expli-</strong></span> 
     </span>
    </p>
   </div>
   <div class='ocr_carea' id='block_1_10' title="bbox 320 1058 1903 1130">
    <p class='ocr_par' dir='ltr' id='par_1_10' title="bbox 320 1058 1903 1130">
     <span class='ocr_line' id='line_1_10' title="bbox 320 1058 1903 1130; baseline 0.003 -20"><span class='ocrx_word' id='word_1_66' title='bbox 320 1058 611 1120; x_wconf 87' lang='lat' dir='ltr'><strong>cabamus,</strong></span> <span class='ocrx_word' id='word_1_67' title='bbox 650 1060 727 1111; x_wconf 89' lang='lat' dir='ltr'><strong>uti</strong></span> <span class='ocrx_word' id='word_1_68' title='bbox 754 1058 1151 1114; x_wconf 85' lang='lat' dir='ltr'><strong>subaudiretur</strong></span> <span class='ocrx_word' id='word_1_69' title='bbox 1180 1063 1238 1115; x_wconf 73' lang='grc' dir='ltr'>ὲν</span> <span class='ocrx_word' id='word_1_70' title='bbox 1267 1060 1345 1130; x_wconf 83' lang='grc' dir='ltr'><strong>τῷ</strong></span> <span class='ocrx_word' id='word_1_71' title='bbox 1379 1061 1563 1130; x_wconf 79' lang='grc' dir='ltr'>γάμῳ.</span> <span class='ocrx_word' id='word_1_72' title='bbox 1597 1058 1903 1114; x_wconf 84' lang='lat' dir='ltr'><strong>Salmasius</strong></span> 
     </span>
    </p>
   </div>
   <div class='ocr_carea' id='block_1_11' title="bbox 300 1148 1902 1221">
    <p class='ocr_par' dir='ltr' id='par_1_11' title="bbox 300 1148 1902 1221">
     <span class='ocr_line' id='line_1_11' title="bbox 300 1148 1902 1221; baseline 0.003 -21"><span class='ocrx_word' id='word_1_73' title='bbox 300 1156 516 1201; x_wconf 83' lang='lat' dir='ltr'><strong>contra</strong></span> <span class='ocrx_word' id='word_1_74' title='bbox 563 1148 914 1203; x_wconf 82' lang='lat' dir='ltr'><strong>Kerkoetium</strong></span> <span class='ocrx_word' id='word_1_75' title='bbox 956 1152 1205 1207; x_wconf 88' lang='lat' dir='ltr'><strong>scribens</strong></span> <span class='ocrx_word' id='word_1_76' title='bbox 1246 1151 1683 1205; x_wconf 87' lang='lat' dir='ltr'><strong>ridiculumhoe</strong></span> <span class='ocrx_word' id='word_1_77' title='bbox 1715 1153 1902 1221; x_wconf 85' lang='lat' dir='ltr'><strong>appel-</strong></span> 
     </span>
    </p>
   </div>
   <div class='ocr_carea' id='block_1_12' title="bbox 318 1238 1903 1314">
    <p class='ocr_par' dir='ltr' id='par_1_12' title="bbox 318 1238 1903 1314">
     <span class='ocr_line' id='line_1_12' title="bbox 318 1238 1903 1314; baseline 0.006 -24"><span class='ocrx_word' id='word_1_78' title='bbox 318 1240 392 1291; x_wconf 83' lang='lat' dir='ltr'><strong>lat</strong></span> <span class='ocrx_word' id='word_1_79' title='bbox 420 1238 525 1310; x_wconf 83' lang='grc' dir='ltr'><strong>(α),</strong></span> <span class='ocrx_word' id='word_1_80' title='bbox 556 1249 610 1294; x_wconf 90' lang='lat' dir='ltr'><strong>et</strong></span> <span class='ocrx_word' id='word_1_81' title='bbox 648 1240 845 1295; x_wconf 78' lang='grc' dir='ltr'>υἱῶσαι</span> <span class='ocrx_word' id='word_1_82' title='bbox 888 1244 1015 1313; x_wconf 84' lang='lat' dir='ltr'><strong>legit</strong></span> <span class='ocrx_word' id='word_1_83' title='bbox 1048 1260 1062 1297; x_wconf 90' lang='lat'><strong>:</strong></span> <span class='ocrx_word' id='word_1_84' title='bbox 1096 1260 1218 1313; x_wconf 68' lang='lat' dir='ltr'><strong>qua:</strong></span> <span class='ocrx_word' id='word_1_85' title='bbox 1240 1256 1321 1299; x_wconf 79' lang='lat' dir='ltr'><strong>est</strong></span> <span class='ocrx_word' id='word_1_86' title='bbox 1354 1245 1673 1300; x_wconf 82' lang='lat' dir='ltr'><strong>Casauboni</strong></span> <span class='ocrx_word' id='word_1_87' title='bbox 1711 1246 1903 1314; x_wconf 86' lang='lat' dir='ltr'><strong>conje-</strong></span> 
     </span>
    </p>
   </div>
   <div class='ocr_carea' id='block_1_13' title="bbox 318 1331 1900 1391">
    <p class='ocr_par' dir='ltr' id='par_1_13' title="bbox 318 1331 1900 1391">
     <span class='ocr_line' id='line_1_13' title="bbox 318 1331 1900 1391; baseline 0.005 -8"><span class='ocrx_word' id='word_1_88' title='bbox 318 1342 479 1384; x_wconf 81' lang='lat' dir='ltr'><strong>ctura</strong></span> <span class='ocrx_word' id='word_1_89' title='bbox 526 1332 580 1385; x_wconf 90' lang='lat' dir='ltr'><strong>in</strong></span> <span class='ocrx_word' id='word_1_90' title='bbox 615 1331 911 1387; x_wconf 72' lang='lat' dir='ltr'><strong>Exercitat.</strong></span> <span class='ocrx_word' id='word_1_91' title='bbox 946 1336 968 1388; x_wconf 81' lang='lat' dir='ltr'><strong>l</strong></span> <span class='ocrx_word' id='word_1_92' title='bbox 1005 1335 1075 1389; x_wconf 87' lang='lat' dir='ltr'><strong>ad</strong></span> <span class='ocrx_word' id='word_1_93' title='bbox 1106 1336 1338 1391; x_wconf 82' lang='lat' dir='ltr'><strong>Annales</strong></span> <span class='ocrx_word' id='word_1_94' title='bbox 1389 1337 1630 1390; x_wconf 88' lang='lat' dir='ltr'><strong>Barouii.</strong></span> <span class='ocrx_word' id='word_1_95' title='bbox 1680 1337 1786 1391; x_wconf 84' lang='lat' dir='ltr'><strong>Sed</strong></span> <span class='ocrx_word' id='word_1_96' title='bbox 1838 1353 1900 1391; x_wconf 87' lang='lat' dir='ltr'><strong>ea</strong></span> 
     </span>
    </p>
   </div>
   <div class='ocr_carea' id='block_1_14' title="bbox 318 1422 1901 1497">
    <p class='ocr_par' dir='ltr' id='par_1_14' title="bbox 318 1422 1901 1497">
     <span class='ocr_line' id='line_1_14' title="bbox 318 1422 1901 1497; baseline 0.003 -23"><span class='ocrx_word' id='word_1_97' title='bbox 318 1422 624 1477; x_wconf 87' lang='lat' dir='ltr'><strong>falsissima</strong></span> <span class='ocrx_word' id='word_1_98' title='bbox 688 1434 772 1479; x_wconf 92' lang='lat' dir='ltr'><strong>est</strong></span> <span class='ocrx_word' id='word_1_99' title='bbox 809 1440 1028 1495; x_wconf 89' lang='lat' dir='ltr'><strong>:neque</strong></span> <span class='ocrx_word' id='word_1_100' title='bbox 1086 1427 1221 1496; x_wconf 91' lang='lat' dir='ltr'><strong>quid</strong></span> <span class='ocrx_word' id='word_1_101' title='bbox 1288 1435 1437 1482; x_wconf 84' lang='lat' dir='ltr'><strong>esset</strong></span> <span class='ocrx_word' id='word_1_102' title='bbox 1489 1427 1684 1497; x_wconf 78' lang='grc' dir='ltr'>βιῶσαι</span> <span class='ocrx_word' id='word_1_103' title='bbox 1756 1426 1901 1497; x_wconf 89' lang='lat' dir='ltr'><strong>apud</strong></span> 
     </span>
    </p>
   </div>
   <div class='ocr_carea' id='block_1_15' title="bbox 315 1513 1898 1585">
    <p class='ocr_par' dir='ltr' id='par_1_15' title="bbox 315 1513 1898 1585">
     <span class='ocr_line' id='line_1_15' title="bbox 315 1513 1898 1585; baseline 0.007 -20"><span class='ocrx_word' id='word_1_104' title='bbox 315 1513 691 1583; x_wconf 82' lang='lat' dir='ltr'><strong>Epiphanium</strong></span> <span class='ocrx_word' id='word_1_105' title='bbox 748 1518 912 1572; x_wconf 83' lang='lat' dir='ltr'><strong>ambo</strong></span> <span class='ocrx_word' id='word_1_106' title='bbox 977 1520 1505 1575; x_wconf 87' lang='lat' dir='ltr'><strong>animadverterunt.</strong></span> <span class='ocrx_word' id='word_1_107' title='bbox 1548 1520 1751 1574; x_wconf 69' lang='lat' dir='ltr'><strong>llaaresi</strong></span> <span class='ocrx_word' id='word_1_108' title='bbox 1809 1522 1898 1585; x_wconf 83' lang='lat'><strong>59,</strong></span> 
     </span>
    </p>
   </div>
   <div class='ocr_carea' id='block_1_16' title="bbox 315 1604 1903 1679">
    <p class='ocr_par' dir='ltr' id='par_1_16' title="bbox 315 1604 1903 1679">
     <span class='ocr_line' id='line_1_16' title="bbox 315 1604 1903 1679; baseline 0.006 -22"><span class='ocrx_word' id='word_1_109' title='bbox 315 1621 478 1659; x_wconf 80' lang='lat' dir='ltr'><strong>DUIII.</strong></span> <span class='ocrx_word' id='word_1_110' title='bbox 505 1604 561 1668; x_wconf 61' lang='lat' dir='ltr'><strong>.i,</strong></span> <span class='ocrx_word' id='word_1_111' title='bbox 594 1621 717 1675; x_wconf 89' lang='lat' dir='ltr'><strong>pag.</strong></span> <span class='ocrx_word' id='word_1_112' title='bbox 747 1608 879 1674; x_wconf 65' lang='lat'><strong>496,</strong></span> <span class='ocrx_word' id='word_1_113' title='bbox 919 1608 1255 1679; x_wconf 85' lang='lat' dir='ltr'><strong>Epiphanius</strong></span> <span class='ocrx_word' id='word_1_114' title='bbox 1274 1611 1414 1665; x_wconf 84' lang='lat' dir='ltr'><strong>idem</strong></span> <span class='ocrx_word' id='word_1_115' title='bbox 1462 1621 1656 1666; x_wconf 88' lang='lat' dir='ltr'><strong>contra</strong></span> <span class='ocrx_word' id='word_1_116' title='bbox 1700 1613 1903 1667; x_wconf 86' lang='lat' dir='ltr'><strong>Catha-</strong></span> 
     </span>
    </p>
   </div>
   <div class='ocr_carea' id='block_1_17' title="bbox 313 1698 1897 1774">
    <p class='ocr_par' dir='ltr' id='par_1_17' title="bbox 313 1698 1897 1774">
     <span class='ocr_line' id='line_1_17' title="bbox 313 1698 1897 1774; baseline 0.006 -25"><span class='ocrx_word' id='word_1_117' title='bbox 313 1709 403 1750; x_wconf 88' lang='lat' dir='ltr'><strong>ros</strong></span> <span class='ocrx_word' id='word_1_118' title='bbox 438 1710 619 1765; x_wconf 80' lang='lat' dir='ltr'><strong>agens</strong></span> <span class='ocrx_word' id='word_1_119' title='bbox 642 1698 737 1766; x_wconf 86' lang='lat' dir='ltr'><strong>(b),</strong></span> <span class='ocrx_word' id='word_1_120' title='bbox 770 1715 910 1768; x_wconf 86' lang='lat' dir='ltr'><strong>quos</strong></span> <span class='ocrx_word' id='word_1_121' title='bbox 943 1700 1248 1758; x_wconf 77' lang='lat' dir='ltr'><strong>Salmasius</strong></span> <span class='ocrx_word' id='word_1_122' title='bbox 1282 1705 1518 1758; x_wconf 88' lang='lat' dir='ltr'><strong>annulos</strong></span> <span class='ocrx_word' id='word_1_123' title='bbox 1554 1706 1608 1758; x_wconf 91' lang='lat' dir='ltr'><strong>in</strong></span> <span class='ocrx_word' id='word_1_124' title='bbox 1642 1706 1897 1774; x_wconf 77' lang='lat' dir='ltr'><strong>pedibus,</strong></span> 
     </span>
    </p>
   </div>
   <div class='ocr_carea' id='block_1_18' title="bbox 2005 501 3585 573">
    <p class='ocr_par' dir='ltr' id='par_1_18' title="bbox 2005 501 3585 573">
     <span class='ocr_line' id='line_1_18' title="bbox 2005 501 3585 573; baseline -0.002 -13"><span class='ocrx_word' id='word_1_125' title='bbox 2005 519 2106 560; x_wconf 91' lang='lat' dir='ltr'><strong>nos</strong></span> <span class='ocrx_word' id='word_1_126' title='bbox 2134 504 2293 559; x_wconf 89' lang='lat' dir='ltr'><strong>elidit</strong></span> <span class='ocrx_word' id='word_1_127' title='bbox 2324 519 2387 558; x_wconf 89' lang='lat' dir='ltr'><strong>ac</strong></span> <span class='ocrx_word' id='word_1_128' title='bbox 2417 514 2669 573; x_wconf 87' lang='lat' dir='ltr'><strong>proterve</strong></span> <span class='ocrx_word' id='word_1_129' title='bbox 2703 504 3069 558; x_wconf 83' lang='lat' dir='ltr'><strong>conviciator.</strong></span> <span class='ocrx_word' id='word_1_130' title='bbox 3116 502 3247 557; x_wconf 84' lang='lat' dir='ltr'><strong>item</strong></span> <span class='ocrx_word' id='word_1_131' title='bbox 3294 503 3473 573; x_wconf 84' lang='lat' dir='ltr'><strong>capite</strong></span> <span class='ocrx_word' id='word_1_132' title='bbox 3510 501 3585 557; x_wconf 77' lang='lat' dir='ltr'><strong>De</strong></span> 
     </span>
    </p>
   </div>
   <div class='ocr_carea' id='block_1_19' title="bbox 2007 594 3586 667">
    <p class='ocr_par' dir='ltr' id='par_1_19' title="bbox 2007 594 3586 667">
     <span class='ocr_line' id='line_1_19' title="bbox 2007 594 3586 667; baseline 0.001 -18"><span class='ocrx_word' id='word_1_133' title='bbox 2007 596 2267 666; x_wconf 82' lang='lat' dir='ltr'><strong>lyncurio,</strong></span> <span class='ocrx_word' id='word_1_134' title='bbox 2306 597 2435 666; x_wconf 83' lang='lat' dir='ltr'><strong>quia</strong></span> <span class='ocrx_word' id='word_1_135' title='bbox 2474 611 2571 666; x_wconf 82' lang='lat' dir='ltr'><strong>pro</strong></span> <span class='ocrx_word' id='word_1_136' title='bbox 2608 596 2850 665; x_wconf 79' lang='grc' dir='ltr'>λιγύριον</span> <span class='ocrx_word' id='word_1_137' title='bbox 2892 597 2947 649; x_wconf 92' lang='lat' dir='ltr'><strong>in</strong></span> <span class='ocrx_word' id='word_1_138' title='bbox 2985 597 3229 667; x_wconf 88' lang='lat' dir='ltr'><strong>margine</strong></span> <span class='ocrx_word' id='word_1_139' title='bbox 3259 594 3586 666; x_wconf 78' lang='grc' dir='ltr'>λυγκούριον</span> 
     </span>
    </p>
   </div>
   <div class='ocr_carea' id='block_1_20' title="bbox 2005 683 3581 754">
    <p class='ocr_par' dir='ltr' id='par_1_20' title="bbox 2005 683 3581 754">
     <span class='ocr_line' id='line_1_20' title="bbox 2005 683 3581 754; baseline -0.001 -15"><span class='ocrx_word' id='word_1_140' title='bbox 2005 685 2325 739; x_wconf 74' lang='lat' dir='ltr'><strong>adnotatum</strong></span> <span class='ocrx_word' id='word_1_141' title='bbox 2353 684 2574 753; x_wconf 90' lang='lat' dir='ltr'><strong>reperit,</strong></span> <span class='ocrx_word' id='word_1_142' title='bbox 2608 686 2796 739; x_wconf 89' lang='lat' dir='ltr'><strong>eadem</strong></span> <span class='ocrx_word' id='word_1_143' title='bbox 2824 683 2872 738; x_wconf 90' lang='lat' dir='ltr'><strong>id</strong></span> <span class='ocrx_word' id='word_1_144' title='bbox 2898 684 3164 739; x_wconf 84' lang='lat' dir='ltr'><strong>modestia</strong></span> <span class='ocrx_word' id='word_1_145' title='bbox 3198 684 3581 754; x_wconf 86' lang='lat' dir='ltr'><strong>persequitur:</strong></span> 
     </span>
    </p>
   </div>
   <div class='ocr_carea' id='block_1_21' title="bbox 2000 776 3581 849">
    <p class='ocr_par' dir='ltr' id='par_1_21' title="bbox 2000 776 3581 849">
     <span class='ocr_line' id='line_1_21' title="bbox 2000 776 3581 849; baseline -0.003 -16"><span class='ocrx_word' id='word_1_146' title='bbox 2000 778 2149 849; x_wconf 88' lang='lat' dir='ltr'><strong>quod</strong></span> <span class='ocrx_word' id='word_1_147' title='bbox 2194 786 2249 833; x_wconf 91' lang='lat' dir='ltr'><strong>ct</strong></span> <span class='ocrx_word' id='word_1_148' title='bbox 2301 778 2427 831; x_wconf 87' lang='lat' dir='ltr'><strong>aliis</strong></span> <span class='ocrx_word' id='word_1_149' title='bbox 2480 778 2664 831; x_wconf 87' lang='lat' dir='ltr'><strong>itidem</strong></span> <span class='ocrx_word' id='word_1_150' title='bbox 2700 777 2753 830; x_wconf 91' lang='lat' dir='ltr'><strong>in</strong></span> <span class='ocrx_word' id='word_1_151' title='bbox 2796 777 2930 831; x_wconf 87' lang='lat' dir='ltr'><strong>locis</strong></span> <span class='ocrx_word' id='word_1_152' title='bbox 2976 777 3157 831; x_wconf 89' lang='lat' dir='ltr'><strong>facere</strong></span> <span class='ocrx_word' id='word_1_153' title='bbox 3188 777 3382 847; x_wconf 86' lang='lat' dir='ltr'><strong>pergit.</strong></span> <span class='ocrx_word' id='word_1_154' title='bbox 3416 776 3581 845; x_wconf 82' lang='lat' dir='ltr'><strong>Atqui</strong></span> 
     </span>
    </p>
   </div>
   <div class='ocr_carea' id='block_1_22' title="bbox 2003 864 3591 940">
    <p class='ocr_par' dir='ltr' id='par_1_22' title="bbox 2003 864 3591 940">
     <span class='ocr_line' id='line_1_22' title="bbox 2003 864 3591 940; baseline -0.004 -14"><span class='ocrx_word' id='word_1_155' title='bbox 2003 879 2123 926; x_wconf 87' lang='lat' dir='ltr'><strong>erat</strong></span> <span class='ocrx_word' id='word_1_156' title='bbox 2148 871 2325 934; x_wconf 89' lang='lat' dir='ltr'><strong>illius,</strong></span> <span class='ocrx_word' id='word_1_157' title='bbox 2360 869 2453 940; x_wconf 90' lang='lat' dir='ltr'><strong>qui</strong></span> <span class='ocrx_word' id='word_1_158' title='bbox 2478 868 2795 938; x_wconf 73' lang='lat' dir='ltr'><strong>prudentia:</strong></span> <span class='ocrx_word' id='word_1_159' title='bbox 2823 868 3027 939; x_wconf 90' lang='lat' dir='ltr'><strong>aliquid</strong></span> <span class='ocrx_word' id='word_1_160' title='bbox 3059 867 3306 929; x_wconf 86' lang='lat' dir='ltr'><strong>haberet,</strong></span> <span class='ocrx_word' id='word_1_161' title='bbox 3339 864 3591 919; x_wconf 86' lang='lat' dir='ltr'><strong>animad-</strong></span> 
     </span>
    </p>
   </div>
   <div class='ocr_carea' id='block_1_23' title="bbox 1996 961 3593 1029">
    <p class='ocr_par' dir='ltr' id='par_1_23' title="bbox 1996 961 3593 1029">
     <span class='ocr_line' id='line_1_23' title="bbox 1996 961 3593 1029; baseline -0.004 -13"><span class='ocrx_word' id='word_1_162' title='bbox 1996 971 2239 1027; x_wconf 76' lang='lat' dir='ltr'><strong>vertere,</strong></span> <span class='ocrx_word' id='word_1_163' title='bbox 2279 979 2387 1016; x_wconf 89' lang='lat' dir='ltr'><strong>non</strong></span> <span class='ocrx_word' id='word_1_164' title='bbox 2428 963 2563 1017; x_wconf 85' lang='lat' dir='ltr'><strong>istas</strong></span> <span class='ocrx_word' id='word_1_165' title='bbox 2592 963 2659 1016; x_wconf 87' lang='lat' dir='ltr'><strong>ah</strong></span> <span class='ocrx_word' id='word_1_166' title='bbox 2684 961 2897 1015; x_wconf 87' lang='lat' dir='ltr'><strong>editore</strong></span> <span class='ocrx_word' id='word_1_167' title='bbox 2927 962 3283 1029; x_wconf 84' lang='lat' dir='ltr'><strong>conjecturas</strong></span> <span class='ocrx_word' id='word_1_168' title='bbox 3310 973 3435 1012; x_wconf 87' lang='lat' dir='ltr'><strong>esse</strong></span> <span class='ocrx_word' id='word_1_169' title='bbox 3462 972 3593 1026; x_wconf 88' lang='lat' dir='ltr'><strong>pro-</strong></span> 
     </span>
    </p>
   </div>
   <div class='ocr_carea' id='block_1_24' title="bbox 2003 1050 3589 1121">
    <p class='ocr_par' dir='ltr' id='par_1_24' title="bbox 2003 1050 3589 1121">
     <span class='ocr_line' id='line_1_24' title="bbox 2003 1050 3589 1121; baseline -0.006 -10"><span class='ocrx_word' id='word_1_170' title='bbox 2003 1056 2213 1121; x_wconf 87' lang='lat' dir='ltr'><strong>fectas;</strong></span> <span class='ocrx_word' id='word_1_171' title='bbox 2252 1056 2344 1110; x_wconf 83' lang='lat' dir='ltr'><strong>sed</strong></span> <span class='ocrx_word' id='word_1_172' title='bbox 2382 1064 2666 1109; x_wconf 85' lang='lat' dir='ltr'><strong>auctorem</strong></span> <span class='ocrx_word' id='word_1_173' title='bbox 2706 1053 2875 1109; x_wconf 89' lang='lat' dir='ltr'><strong>fuisse</strong></span> <span class='ocrx_word' id='word_1_174' title='bbox 2905 1052 3219 1106; x_wconf 85' lang='lat' dir='ltr'><strong>Conradum</strong></span> <span class='ocrx_word' id='word_1_175' title='bbox 3256 1050 3589 1105; x_wconf 87' lang='lat' dir='ltr'><strong>Gcsnerum.</strong></span> 
     </span>
    </p>
   </div>
   <div class='ocr_carea' id='block_1_25' title="bbox 2005 1144 3586 1216">
    <p class='ocr_par' dir='ltr' id='par_1_25' title="bbox 2005 1144 3586 1216">
     <span class='ocr_line' id='line_1_25' title="bbox 2005 1144 3586 1216; baseline -0.003 -15"><span class='ocrx_word' id='word_1_176' title='bbox 2005 1150 2097 1216; x_wconf 90' lang='lat' dir='ltr'><strong>qui</strong></span> <span class='ocrx_word' id='word_1_177' title='bbox 2132 1156 2261 1202; x_wconf 86' lang='lat' dir='ltr'><strong>ante</strong></span> <span class='ocrx_word' id='word_1_178' title='bbox 2292 1163 2467 1201; x_wconf 86' lang='lat' dir='ltr'><strong>annos</strong></span> <span class='ocrx_word' id='word_1_179' title='bbox 2508 1148 2649 1201; x_wconf 89' lang='lat' dir='ltr'><strong>duos</strong></span> <span class='ocrx_word' id='word_1_180' title='bbox 2695 1154 2747 1199; x_wconf 90' lang='lat' dir='ltr'><strong>et</strong></span> <span class='ocrx_word' id='word_1_181' title='bbox 2794 1148 3081 1214; x_wconf 83' lang='lat' dir='ltr'><strong>sexaginta</strong></span> <span class='ocrx_word' id='word_1_182' title='bbox 3124 1144 3367 1199; x_wconf 83' lang='lat' dir='ltr'><strong>libellum</strong></span> <span class='ocrx_word' id='word_1_183' title='bbox 3415 1145 3586 1203; x_wconf 85' lang='lat' dir='ltr'><strong>istum</strong></span> 
     </span>
    </p>
   </div>
   <div class='ocr_carea' id='block_1_26' title="bbox 2004 1235 3581 1308">
    <p class='ocr_par' dir='ltr' id='par_1_26' title="bbox 2004 1235 3581 1308">
     <span class='ocr_line' id='line_1_26' title="bbox 2004 1235 3581 1308; baseline -0.001 -17"><span class='ocrx_word' id='word_1_184' title='bbox 2004 1239 2306 1308; x_wconf 81' lang='lat' dir='ltr'><strong>publicavit</strong></span> <span class='ocrx_word' id='word_1_185' title='bbox 2356 1253 2480 1293; x_wconf 88' lang='lat' dir='ltr'><strong>cum</strong></span> <span class='ocrx_word' id='word_1_186' title='bbox 2531 1236 2725 1290; x_wconf 88' lang='lat' dir='ltr'><strong>Latina</strong></span> <span class='ocrx_word' id='word_1_187' title='bbox 2785 1236 3239 1305; x_wconf 86' lang='lat' dir='ltr'><strong>interpretatione</strong></span> <span class='ocrx_word' id='word_1_188' title='bbox 3310 1249 3373 1288; x_wconf 89' lang='lat' dir='ltr'><strong>ac</strong></span> <span class='ocrx_word' id='word_1_189' title='bbox 3434 1235 3581 1290; x_wconf 92' lang='lat' dir='ltr'><strong>uotis</strong></span> 
     </span>
    </p>
   </div>
   <div class='ocr_carea' id='block_1_27' title="bbox 2006 1327 3581 1400">
    <p class='ocr_par' dir='ltr' id='par_1_27' title="bbox 2006 1327 3581 1400">
     <span class='ocr_line' id='line_1_27' title="bbox 2006 1327 3581 1400; baseline 0.001 -17"><span class='ocrx_word' id='word_1_190' title='bbox 2006 1330 2424 1400; x_wconf 86' lang='lat' dir='ltr'><strong>marginalibus,</strong></span> <span class='ocrx_word' id='word_1_191' title='bbox 2452 1345 2574 1399; x_wconf 70' lang='lat' dir='ltr'><strong>qum</strong></span> <span class='ocrx_word' id='word_1_192' title='bbox 2602 1330 2785 1383; x_wconf 91' lang='lat' dir='ltr'><strong>omnia</strong></span> <span class='ocrx_word' id='word_1_193' title='bbox 2821 1329 3073 1393; x_wconf 85' lang='lat' dir='ltr'><strong>totidem,</strong></span> <span class='ocrx_word' id='word_1_194' title='bbox 3102 1337 3160 1382; x_wconf 91' lang='lat' dir='ltr'><strong>ut</strong></span> <span class='ocrx_word' id='word_1_195' title='bbox 3187 1336 3363 1394; x_wconf 88' lang='lat' dir='ltr'><strong>erant,</strong></span> <span class='ocrx_word' id='word_1_196' title='bbox 3398 1327 3581 1385; x_wconf 79' lang='lat' dir='ltr'><strong>verbis</strong></span> 
     </span>
    </p>
   </div>
   <div class='ocr_carea' id='block_1_28' title="bbox 2007 1415 3582 1491">
    <p class='ocr_par' dir='ltr' id='par_1_28' title="bbox 2007 1415 3582 1491">
     <span class='ocr_line' id='line_1_28' title="bbox 2007 1415 3582 1491; baseline -0.001 -18"><span class='ocrx_word' id='word_1_197' title='bbox 2007 1421 2383 1491; x_wconf 82' lang='lat' dir='ltr'><strong>typographus</strong></span> <span class='ocrx_word' id='word_1_198' title='bbox 2410 1421 2463 1473; x_wconf 92' lang='lat' dir='ltr'><strong>in</strong></span> <span class='ocrx_word' id='word_1_199' title='bbox 2488 1426 2731 1473; x_wconf 85' lang='lat' dir='ltr'><strong>nostram</strong></span> <span class='ocrx_word' id='word_1_200' title='bbox 2760 1418 3061 1472; x_wconf 86' lang='lat' dir='ltr'><strong>editionem</strong></span> <span class='ocrx_word' id='word_1_201' title='bbox 3088 1418 3385 1472; x_wconf 83' lang='lat' dir='ltr'><strong>transtulit.</strong></span> <span class='ocrx_word' id='word_1_202' title='bbox 3416 1415 3582 1487; x_wconf 88' lang='lat' dir='ltr'><strong>quue</strong></span> 
     </span>
    </p>
   </div>
   <div class='ocr_carea' id='block_1_29' title="bbox 2004 1511 3580 1582">
    <p class='ocr_par' dir='ltr' id='par_1_29' title="bbox 2004 1511 3580 1582">
     <span class='ocr_line' id='line_1_29' title="bbox 2004 1511 3580 1582; baseline -0.001 -16"><span class='ocrx_word' id='word_1_203' title='bbox 2004 1514 2235 1582; x_wconf 84' lang='lat' dir='ltr'><strong>ipsemet</strong></span> <span class='ocrx_word' id='word_1_204' title='bbox 2261 1514 2313 1566; x_wconf 89' lang='lat' dir='ltr'><strong>in</strong></span> <span class='ocrx_word' id='word_1_205' title='bbox 2345 1512 2672 1567; x_wconf 70' lang='lat' dir='ltr'><strong>Przefatione</strong></span> <span class='ocrx_word' id='word_1_206' title='bbox 2702 1512 2831 1567; x_wconf 90' lang='lat' dir='ltr'><strong>tomi</strong></span> <span class='ocrx_word' id='word_1_207' title='bbox 2863 1512 3086 1567; x_wconf 88' lang='lat' dir='ltr'><strong>secundi</strong></span> <span class='ocrx_word' id='word_1_208' title='bbox 3109 1512 3277 1580; x_wconf 90' lang='lat' dir='ltr'><strong>(nunc</strong></span> <span class='ocrx_word' id='word_1_209' title='bbox 3302 1511 3469 1582; x_wconf 89' lang='lat' dir='ltr'><strong>tertii)</strong></span> <span class='ocrx_word' id='word_1_210' title='bbox 3499 1511 3580 1565; x_wconf 86' lang='lat' dir='ltr'><strong>le-</strong></span> 
     </span>
    </p>
   </div>
   <div class='ocr_carea' id='block_1_30' title="bbox 2006 1602 3581 1675">
    <p class='ocr_par' dir='ltr' id='par_1_30' title="bbox 2006 1602 3581 1675">
     <span class='ocr_line' id='line_1_30' title="bbox 2006 1602 3581 1675; baseline -0.002 -17"><span class='ocrx_word' id='word_1_211' title='bbox 2006 1605 2144 1659; x_wconf 83' lang='lat' dir='ltr'><strong>ctori</strong></span> <span class='ocrx_word' id='word_1_212' title='bbox 2180 1605 2507 1675; x_wconf 81' lang='lat' dir='ltr'><strong>significavi.</strong></span> <span class='ocrx_word' id='word_1_213' title='bbox 2547 1606 2807 1661; x_wconf 83' lang='lat' dir='ltr'><strong>Consulat</strong></span> <span class='ocrx_word' id='word_1_214' title='bbox 2843 1606 2953 1669; x_wconf 90' lang='lat' dir='ltr'><strong>ille,</strong></span> <span class='ocrx_word' id='word_1_215' title='bbox 2984 1606 3029 1659; x_wconf 87' lang='lat' dir='ltr'><strong>si</strong></span> <span class='ocrx_word' id='word_1_216' title='bbox 3066 1602 3581 1674; x_wconf 88' lang='lat' dir='ltr'><strong>lubet,Tigurinam</strong></span> 
     </span>
    </p>
   </div>
   <div class='ocr_carea' id='block_1_31' title="bbox 1998 1694 3585 1763">
    <p class='ocr_par' dir='ltr' id='par_1_31' title="bbox 1998 1694 3585 1763">
     <span class='ocr_line' id='line_1_31' title="bbox 1998 1694 3585 1763; baseline -0.003 -14"><span class='ocrx_word' id='word_1_217' title='bbox 1998 1696 2302 1751; x_wconf 82' lang='lat' dir='ltr'><strong>editionem</strong></span> <span class='ocrx_word' id='word_1_218' title='bbox 2321 1696 2547 1750; x_wconf 87' lang='lat' dir='ltr'><strong>Gesneri</strong></span> <span class='ocrx_word' id='word_1_219' title='bbox 2573 1697 2701 1750; x_wconf 88' lang='lat' dir='ltr'><strong>anui</strong></span> <span class='ocrx_word' id='word_1_220' title='bbox 2727 1696 2881 1750; x_wconf 77' lang='grc'><strong>1568.</strong></span> <span class='ocrx_word' id='word_1_221' title='bbox 2903 1695 2977 1750; x_wconf 92' lang='lat' dir='ltr'><strong>lbi</strong></span> <span class='ocrx_word' id='word_1_222' title='bbox 2997 1695 3182 1750; x_wconf 83' lang='lat' dir='ltr'><strong>omnia</strong></span> <span class='ocrx_word' id='word_1_223' title='bbox 3200 1694 3303 1749; x_wconf 89' lang='lat' dir='ltr'><strong>ista</strong></span> <span class='ocrx_word' id='word_1_224' title='bbox 3331 1694 3585 1763; x_wconf 85' lang='lat' dir='ltr'><strong>reperiet,</strong></span> 
     </span>
    </p>
   </div>
   <div class='ocr_carea' id='block_1_32' title="bbox 308 1778 3589 1866">
    <p class='ocr_par' dir='ltr' id='par_1_32' title="bbox 308 1778 3589 1866">
     <span class='ocr_line' id='line_1_32' title="bbox 308 1778 3589 1866; baseline 0.001 -29"><span class='ocrx_word' id='word_1_225' title='bbox 308 1785 547 1853; x_wconf 75' lang='lat' dir='ltr'><strong>pedales</strong></span> <span class='ocrx_word' id='word_1_226' title='bbox 576 1795 629 1841; x_wconf 85' lang='lat' dir='ltr'><strong>et</strong></span> <span class='ocrx_word' id='word_1_227' title='bbox 660 1789 854 1843; x_wconf 83' lang='lat' dir='ltr'><strong>bracas</strong></span> <span class='ocrx_word' id='word_1_228' title='bbox 879 1790 933 1843; x_wconf 76' lang='lat' dir='ltr'><strong>in</strong></span> <span class='ocrx_word' id='word_1_229' title='bbox 966 1792 1223 1845; x_wconf 69' lang='lat' dir='ltr'><strong>inanibus</strong></span> <span class='ocrx_word' id='word_1_230' title='bbox 1250 1801 1496 1862; x_wconf 66' lang='lat' dir='ltr'><strong>gestasse</strong></span> <span class='ocrx_word' id='word_1_231' title='bbox 1525 1792 1896 1866; x_wconf 74' lang='grc' dir='ltr'>κριτικώτατα</span> <span class='ocrx_word' id='word_1_232' title='bbox 1930 1778 1973 1837; x_wconf 82' lang='grc' dir='ltr'><strong>Β</strong></span> <span class='ocrx_word' id='word_1_233' title='bbox 2003 1804 2123 1857; x_wconf 63' lang='lat' dir='ltr'><strong>qum</strong></span> <span class='ocrx_word' id='word_1_234' title='bbox 2151 1796 2259 1842; x_wconf 88' lang='lat' dir='ltr'><strong>tam</strong></span> <span class='ocrx_word' id='word_1_235' title='bbox 2294 1790 2491 1843; x_wconf 86' lang='lat' dir='ltr'><strong>acerbe</strong></span> <span class='ocrx_word' id='word_1_236' title='bbox 2521 1789 2869 1850; x_wconf 89' lang='lat' dir='ltr'><strong>criminatur,</strong></span> <span class='ocrx_word' id='word_1_237' title='bbox 2908 1803 3032 1842; x_wconf 92' lang='lat' dir='ltr'><strong>cum</strong></span> <span class='ocrx_word' id='word_1_238' title='bbox 3064 1788 3155 1841; x_wconf 89' lang='lat' dir='ltr'><strong>illa</strong></span> <span class='ocrx_word' id='word_1_239' title='bbox 3187 1787 3302 1857; x_wconf 83' lang='lat' dir='ltr'><strong>ipsa</strong></span> <span class='ocrx_word' id='word_1_240' title='bbox 3333 1788 3589 1841; x_wconf 86' lang='lat' dir='ltr'><strong>cautione</strong></span> 
     </span>
    </p>
   </div>
   <div class='ocr_carea' id='block_1_33' title="bbox 308 1878 1899 1955">
    <p class='ocr_par' dir='ltr' id='par_1_33' title="bbox 308 1878 1899 1955">
     <span class='ocr_line' id='line_1_33' title="bbox 308 1878 1899 1955; baseline 0.005 -24"><span class='ocrx_word' id='word_1_241' title='bbox 308 1878 631 1946; x_wconf 75' lang='lat' dir='ltr'><strong>divinabat,</strong></span> <span class='ocrx_word' id='word_1_242' title='bbox 668 1880 927 1936; x_wconf 66' lang='lat' dir='ltr'><strong>Ecclesiae</strong></span> <span class='ocrx_word' id='word_1_243' title='bbox 966 1883 1253 1937; x_wconf 67' lang='lat' dir='ltr'><strong>catholicae</strong></span> <span class='ocrx_word' id='word_1_244' title='bbox 1291 1900 1495 1939; x_wconf 88' lang='lat' dir='ltr'><strong>morem</strong></span> <span class='ocrx_word' id='word_1_245' title='bbox 1541 1886 1733 1947; x_wconf 84' lang='lat' dir='ltr'><strong>refert,</strong></span> <span class='ocrx_word' id='word_1_246' title='bbox 1777 1900 1899 1955; x_wconf 65' lang='lat' dir='ltr'><strong>qua:</strong></span> 
     </span>
    </p>
   </div>
   <div class='ocr_carea' id='block_1_34' title="bbox 307 1973 1899 2043">
    <p class='ocr_par' dir='ltr' id='par_1_34' title="bbox 307 1973 1899 2043">
     <span class='ocr_line' id='line_1_34' title="bbox 307 1973 1899 2043; baseline 0.006 -19"><span class='ocrx_word' id='word_1_247' title='bbox 307 1973 595 2026; x_wconf 84' lang='lat' dir='ltr'><strong>neminem</strong></span> <span class='ocrx_word' id='word_1_248' title='bbox 636 1973 894 2041; x_wconf 81' lang='lat' dir='ltr'><strong>conjugio</strong></span> <span class='ocrx_word' id='word_1_249' title='bbox 935 1974 1275 2043; x_wconf 85' lang='lat' dir='ltr'><strong>implicatum</strong></span> <span class='ocrx_word' id='word_1_250' title='bbox 1323 1977 1390 2030; x_wconf 88' lang='lat' dir='ltr'><strong>ad</strong></span> <span class='ocrx_word' id='word_1_251' title='bbox 1438 1993 1632 2032; x_wconf 87' lang='lat' dir='ltr'><strong>sacros</strong></span> <span class='ocrx_word' id='word_1_252' title='bbox 1672 1978 1899 2033; x_wconf 88' lang='lat' dir='ltr'><strong>ordines</strong></span> 
     </span>
    </p>
   </div>
   <div class='ocr_carea' id='block_1_35' title="bbox 304 2062 1891 2127">
    <p class='ocr_par' dir='ltr' id='par_1_35' title="bbox 304 2062 1891 2127">
     <span class='ocr_line' id='line_1_35' title="bbox 304 2062 1891 2127; baseline 0.005 -12"><span class='ocrx_word' id='word_1_253' title='bbox 304 2062 581 2127; x_wconf 81' lang='lat' dir='ltr'><strong>admittit,</strong></span> <span class='ocrx_word' id='word_1_254' title='bbox 611 2064 715 2118; x_wconf 90' lang='lat' dir='ltr'><strong>nisi</strong></span> <span class='ocrx_word' id='word_1_255' title='bbox 748 2065 817 2119; x_wconf 90' lang='lat' dir='ltr'><strong>ab</strong></span> <span class='ocrx_word' id='word_1_256' title='bbox 839 2081 1011 2121; x_wconf 81' lang='lat' dir='ltr'><strong>uxore</strong></span> <span class='ocrx_word' id='word_1_257' title='bbox 1029 2068 1309 2123; x_wconf 85' lang='lat' dir='ltr'><strong>contineat</strong></span> <span class='ocrx_word' id='word_1_258' title='bbox 1334 2089 1347 2124; x_wconf 88' lang='lat'><strong>:</strong></span> <span class='ocrx_word' id='word_1_259' title='bbox 1391 2069 1551 2123; x_wconf 78' lang='grc' dir='ltr'><strong>Ἀλλὰ</strong></span> <span class='ocrx_word' id='word_1_260' title='bbox 1576 2071 1671 2123; x_wconf 77' lang='grc' dir='ltr'>καὶ</span> <span class='ocrx_word' id='word_1_261' title='bbox 1697 2070 1788 2125; x_wconf 76' lang='grc' dir='ltr'>τὸν</span> <span class='ocrx_word' id='word_1_262' title='bbox 1812 2070 1891 2127; x_wconf 80' lang='grc' dir='ltr'><strong>ἔτι</strong></span> 
     </span>
    </p>
   </div>
   <div class='ocr_carea' id='block_1_36' title="bbox 304 2154 1898 2231">
    <p class='ocr_par' dir='ltr' id='par_1_36' title="bbox 304 2154 1898 2231">
     <span class='ocr_line' id='line_1_36' title="bbox 304 2154 1898 2231; baseline 0.005 -23"><span class='ocrx_word' id='word_1_263' title='bbox 304 2154 564 2225; x_wconf 73' lang='grc' dir='ltr'>βιοῦντα,</span> <span class='ocrx_word' id='word_1_264' title='bbox 604 2156 696 2208; x_wconf 75' lang='grc' dir='ltr'>καὶ</span> <span class='ocrx_word' id='word_1_265' title='bbox 723 2158 1163 2225; x_wconf 74' lang='grc' dir='ltr'>τεκνογονοῦντα,</span> <span class='ocrx_word' id='word_1_266' title='bbox 1197 2163 1326 2231; x_wconf 80' lang='grc' dir='ltr'>μιᾶς</span> <span class='ocrx_word' id='word_1_267' title='bbox 1362 2161 1621 2229; x_wconf 72' lang='grc' dir='ltr'>γυναικὸς</span> <span class='ocrx_word' id='word_1_268' title='bbox 1650 2162 1780 2215; x_wconf 64' lang='grc' dir='ltr'>ὂντα</span> <span class='ocrx_word' id='word_1_269' title='bbox 1807 2162 1898 2215; x_wconf 71' lang='grc' dir='ltr'>ἄνα</span> 
     </span>
    </p>
   </div>
   <div class='ocr_carea' id='block_1_37' title="bbox 301 2245 1895 2323">
    <p class='ocr_par' dir='ltr' id='par_1_37' title="bbox 301 2245 1895 2323">
     <span class='ocr_line' id='line_1_37' title="bbox 301 2245 1895 2323; baseline 0.006 -26"><span class='ocrx_word' id='word_1_270' title='bbox 301 2245 424 2316; x_wconf 70' lang='grc' dir='ltr'><strong>δρα,</strong></span> <span class='ocrx_word' id='word_1_271' title='bbox 486 2245 547 2298; x_wconf 81' lang='grc' dir='ltr'><strong>οὐ</strong></span> <span class='ocrx_word' id='word_1_272' title='bbox 585 2246 820 2316; x_wconf 79' lang='grc' dir='ltr'><strong>δέχεται,</strong></span> <span class='ocrx_word' id='word_1_273' title='bbox 853 2248 990 2303; x_wconf 77' lang='grc' dir='ltr'><strong>ἀλλὰ</strong></span> <span class='ocrx_word' id='word_1_274' title='bbox 1039 2250 1144 2306; x_wconf 83' lang='grc' dir='ltr'><strong>ἀπὸ</strong></span> <span class='ocrx_word' id='word_1_275' title='bbox 1196 2254 1323 2322; x_wconf 81' lang='grc' dir='ltr'>μιᾶς</span> <span class='ocrx_word' id='word_1_276' title='bbox 1370 2253 1895 2323; x_wconf 78' lang='grc' dir='ltr'>ὲγκρατευσάμενον.</span> 
     </span>
    </p>
   </div>
   <div class='ocr_carea' id='block_1_38' title="bbox 305 2336 1897 2409">
    <p class='ocr_par' dir='ltr' id='par_1_38' title="bbox 305 2336 1897 2409">
     <span class='ocr_line' id='line_1_38' title="bbox 305 2336 1897 2409; baseline 0.006 -20"><span class='ocrx_word' id='word_1_277' title='bbox 305 2336 446 2402; x_wconf 84' lang='lat' dir='ltr'><strong>Quis</strong></span> <span class='ocrx_word' id='word_1_278' title='bbox 490 2339 595 2392; x_wconf 91' lang='lat' dir='ltr'><strong>hoc</strong></span> <span class='ocrx_word' id='word_1_279' title='bbox 633 2340 753 2394; x_wconf 89' lang='lat' dir='ltr'><strong>loco</strong></span> <span class='ocrx_word' id='word_1_280' title='bbox 786 2339 1005 2409; x_wconf 82' lang='grc' dir='ltr'>βιοῦντα</span> <span class='ocrx_word' id='word_1_281' title='bbox 1052 2343 1106 2396; x_wconf 91' lang='lat' dir='ltr'><strong>iu</strong></span> <span class='ocrx_word' id='word_1_282' title='bbox 1153 2342 1373 2397; x_wconf 77' lang='grc' dir='ltr'>υἱοῦντα</span> <span class='ocrx_word' id='word_1_283' title='bbox 1415 2346 1733 2399; x_wconf 74' lang='lat' dir='ltr'><strong>convertat?</strong></span> <span class='ocrx_word' id='word_1_284' title='bbox 1759 2342 1897 2399; x_wconf 87' lang='lat' dir='ltr'><strong>Nam</strong></span> 
     </span>
    </p>
   </div>
   <div class='ocr_carea' id='block_1_39' title="bbox 305 2429 1900 2506">
    <p class='ocr_par' dir='ltr' id='par_1_39' title="bbox 305 2429 1900 2506">
     <span class='ocr_line' id='line_1_39' title="bbox 305 2429 1900 2506; baseline 0.005 -22"><span class='ocrx_word' id='word_1_285' title='bbox 305 2429 556 2484; x_wconf 86' lang='lat' dir='ltr'><strong>subinde</strong></span> <span class='ocrx_word' id='word_1_286' title='bbox 604 2432 1022 2500; x_wconf 75' lang='grc' dir='ltr'>τε-κνογονοῦντα</span> <span class='ocrx_word' id='word_1_287' title='bbox 1065 2434 1322 2503; x_wconf 86' lang='lat' dir='ltr'><strong>subjecit.</strong></span> <span class='ocrx_word' id='word_1_288' title='bbox 1376 2435 1475 2491; x_wconf 83' lang='lat' dir='ltr'><strong>Hic</strong></span> <span class='ocrx_word' id='word_1_289' title='bbox 1527 2437 1696 2506; x_wconf 85' lang='lat' dir='ltr'><strong>igitur</strong></span> <span class='ocrx_word' id='word_1_290' title='bbox 1745 2438 1900 2493; x_wconf 77' lang='lat' dir='ltr'><strong>locus</strong></span> 
     </span>
    </p>
   </div>
   <div class='ocr_carea' id='block_1_40' title="bbox 306 2522 1898 2599">
    <p class='ocr_par' dir='ltr' id='par_1_40' title="bbox 306 2522 1898 2599">
     <span class='ocr_line' id='line_1_40' title="bbox 306 2522 1898 2599; baseline 0.009 -28"><span class='ocrx_word' id='word_1_291' title='bbox 306 2522 615 2589; x_wconf 83' lang='lat' dir='ltr'><strong>utriusque</strong></span> <span class='ocrx_word' id='word_1_292' title='bbox 641 2522 817 2577; x_wconf 83' lang='lat' dir='ltr'><strong>critici</strong></span> <span class='ocrx_word' id='word_1_293' title='bbox 844 2523 1123 2599; x_wconf 81' lang='grc' dir='ltr'>ἀστοχίαν,</span> <span class='ocrx_word' id='word_1_294' title='bbox 1160 2526 1333 2580; x_wconf 85' lang='lat' dir='ltr'><strong>nostri</strong></span> <span class='ocrx_word' id='word_1_295' title='bbox 1367 2541 1498 2581; x_wconf 88' lang='lat' dir='ltr'><strong>vero</strong></span> <span class='ocrx_word' id='word_1_296' title='bbox 1531 2528 1898 2586; x_wconf 84' lang='lat' dir='ltr'><strong>temeritatem</strong></span> 
     </span>
    </p>
   </div>
   <div class='ocr_carea' id='block_1_41' title="bbox 304 2613 1900 2689">
    <p class='ocr_par' dir='ltr' id='par_1_41' title="bbox 304 2613 1900 2689">
     <span class='ocr_line' id='line_1_41' title="bbox 304 2613 1900 2689; baseline 0.006 -22"><span class='ocrx_word' id='word_1_297' title='bbox 304 2613 486 2667; x_wconf 84' lang='lat' dir='ltr'><strong>etiam</strong></span> <span class='ocrx_word' id='word_1_298' title='bbox 530 2614 730 2683; x_wconf 78' lang='lat' dir='ltr'><strong>arguit.</strong></span> <span class='ocrx_word' id='word_1_299' title='bbox 793 2615 1084 2671; x_wconf 82' lang='lat' dir='ltr'><strong>Enimvero</strong></span> <span class='ocrx_word' id='word_1_300' title='bbox 1134 2617 1283 2686; x_wconf 77' lang='grc' dir='ltr'>βιοῦν</span> <span class='ocrx_word' id='word_1_301' title='bbox 1335 2619 1665 2689; x_wconf 83' lang='lat' dir='ltr'><strong>simpliciter</strong></span> <span class='ocrx_word' id='word_1_302' title='bbox 1713 2630 1801 2677; x_wconf 88' lang='lat' dir='ltr'><strong>est</strong></span> <span class='ocrx_word' id='word_1_303' title='bbox 1845 2622 1900 2676; x_wconf 84' lang='lat' dir='ltr'><strong>in</strong></span> 
     </span>
    </p>
   </div>
   <div class='ocr_carea' id='block_1_42' title="bbox 306 2706 1897 2782">
    <p class='ocr_par' dir='ltr' id='par_1_42' title="bbox 306 2706 1897 2782">
     <span class='ocr_line' id='line_1_42' title="bbox 306 2706 1897 2782; baseline 0.005 -24"><span class='ocrx_word' id='word_1_304' title='bbox 306 2706 661 2759; x_wconf 82' lang='lat' dir='ltr'><strong>matrimonio</strong></span> <span class='ocrx_word' id='word_1_305' title='bbox 680 2706 863 2776; x_wconf 77' lang='lat' dir='ltr'><strong>degere</strong></span> <span class='ocrx_word' id='word_1_306' title='bbox 916 2719 967 2763; x_wconf 92' lang='lat' dir='ltr'><strong>et</strong></span> <span class='ocrx_word' id='word_1_307' title='bbox 1002 2711 1055 2763; x_wconf 89' lang='lat' dir='ltr'><strong>in</strong></span> <span class='ocrx_word' id='word_1_308' title='bbox 1086 2711 1352 2774; x_wconf 60' lang='lat' dir='ltr'><strong>sa’culari,</strong></span> <span class='ocrx_word' id='word_1_309' title='bbox 1391 2712 1535 2782; x_wconf 90' lang='lat' dir='ltr'><strong>quod</strong></span> <span class='ocrx_word' id='word_1_310' title='bbox 1571 2713 1746 2779; x_wconf 89' lang='lat' dir='ltr'><strong>aiunt,</strong></span> <span class='ocrx_word' id='word_1_311' title='bbox 1771 2714 1897 2766; x_wconf 78' lang='lat' dir='ltr'><strong>rita.</strong></span> 
     </span>
    </p>
   </div>
   <div class='ocr_carea' id='block_1_43' title="bbox 308 2794 1901 2874">
    <p class='ocr_par' dir='ltr' id='par_1_43' title="bbox 308 2794 1901 2874">
     <span class='ocr_line' id='line_1_43' title="bbox 308 2794 1901 2874; baseline 0.004 -25"><span class='ocrx_word' id='word_1_312' title='bbox 308 2796 383 2849; x_wconf 91' lang='lat' dir='ltr'><strong>Ita</strong></span> <span class='ocrx_word' id='word_1_313' title='bbox 414 2794 545 2865; x_wconf 83' lang='grc' dir='ltr'>βίον</span> <span class='ocrx_word' id='word_1_314' title='bbox 574 2810 675 2865; x_wconf 90' lang='lat' dir='ltr'><strong>pro</strong></span> <span class='ocrx_word' id='word_1_315' title='bbox 699 2796 804 2851; x_wconf 90' lang='lat' dir='ltr'><strong>hoc</strong></span> <span class='ocrx_word' id='word_1_316' title='bbox 828 2799 953 2852; x_wconf 78' lang='lat' dir='ltr'><strong>vita:</strong></span> <span class='ocrx_word' id='word_1_317' title='bbox 982 2814 1201 2868; x_wconf 82' lang='lat' dir='ltr'><strong>genere,</strong></span> <span class='ocrx_word' id='word_1_318' title='bbox 1237 2809 1291 2854; x_wconf 89' lang='lat' dir='ltr'><strong>et</strong></span> <span class='ocrx_word' id='word_1_319' title='bbox 1323 2800 1575 2871; x_wconf 81' lang='grc' dir='ltr'><strong>βιωτικόν</strong></span> <span class='ocrx_word' id='word_1_320' title='bbox 1601 2801 1707 2874; x_wconf 85' lang='lat' dir='ltr'><strong>pro</strong></span> <span class='ocrx_word' id='word_1_321' title='bbox 1725 2820 1901 2858; x_wconf 64' lang='grc' dir='ltr'><strong>δωρει-</strong></span> 
     </span>
    </p>
   </div>
   <div class='ocr_carea' id='block_1_44' title="bbox 309 2888 1896 2967">
    <p class='ocr_par' dir='ltr' id='par_1_44' title="bbox 309 2888 1896 2967">
     <span class='ocr_line' id='line_1_44' title="bbox 309 2888 1896 2967; baseline 0.006 -26"><span class='ocrx_word' id='word_1_322' title='bbox 309 2889 406 2943; x_wconf 83' lang='lat' dir='ltr'><strong>lari</strong></span> <span class='ocrx_word' id='word_1_323' title='bbox 461 2896 521 2940; x_wconf 87' lang='lat' dir='ltr'><strong>et</strong></span> <span class='ocrx_word' id='word_1_324' title='bbox 565 2888 865 2960; x_wconf 81' lang='lat' dir='ltr'><strong>eonjugato</strong></span> <span class='ocrx_word' id='word_1_325' title='bbox 905 2892 1586 2964; x_wconf 82' lang='lat' dir='ltr'><strong>passimChrysostomus</strong></span> <span class='ocrx_word' id='word_1_326' title='bbox 1643 2906 1896 2967; x_wconf 87' lang='lat' dir='ltr'><strong>usurpat.</strong></span> 
     </span>
    </p>
   </div>
   <div class='ocr_carea' id='block_1_45' title="bbox 307 2979 1899 3058">
    <p class='ocr_par' dir='ltr' id='par_1_45' title="bbox 307 2979 1899 3058">
     <span class='ocr_line' id='line_1_45' title="bbox 307 2979 1899 3058; baseline 0.007 -26"><span class='ocrx_word' id='word_1_327' title='bbox 307 2980 382 3038; x_wconf 73' lang='lat' dir='ltr'><strong>Et</strong></span> <span class='ocrx_word' id='word_1_328' title='bbox 437 2979 660 3034; x_wconf 84' lang='lat' dir='ltr'><strong>infinita</strong></span> <span class='ocrx_word' id='word_1_329' title='bbox 707 2982 865 3051; x_wconf 79' lang='lat' dir='ltr'><strong>capia</strong></span> <span class='ocrx_word' id='word_1_330' title='bbox 901 2998 1045 3037; x_wconf 91' lang='lat' dir='ltr'><strong>unus</strong></span> <span class='ocrx_word' id='word_1_331' title='bbox 1079 2984 1147 3037; x_wconf 84' lang='lat' dir='ltr'><strong>ad</strong></span> <span class='ocrx_word' id='word_1_332' title='bbox 1182 3000 1405 3039; x_wconf 90' lang='lat' dir='ltr'><strong>manum</strong></span> <span class='ocrx_word' id='word_1_333' title='bbox 1452 2986 1686 3058; x_wconf 84' lang='lat' dir='ltr'><strong>insignis</strong></span> <span class='ocrx_word' id='word_1_334' title='bbox 1738 2990 1899 3043; x_wconf 89' lang='lat' dir='ltr'><strong>modo</strong></span> 
     </span>
    </p>
   </div>
   <div class='ocr_carea' id='block_1_46' title="bbox 2002 1880 3583 1952">
    <p class='ocr_par' dir='ltr' id='par_1_46' title="bbox 2002 1880 3583 1952">
     <span class='ocr_line' id='line_1_46' title="bbox 2002 1880 3583 1952; baseline 0 -19"><span class='ocrx_word' id='word_1_335' title='bbox 2002 1881 2293 1950; x_wconf 87' lang='lat' dir='ltr'><strong>operisinit</strong></span> <span class='ocrx_word' id='word_1_336' title='bbox 2307 1883 2356 1934; x_wconf 93' lang='lat' dir='ltr'><strong>io</strong></span> <span class='ocrx_word' id='word_1_337' title='bbox 2370 1882 2585 1951; x_wconf 68' lang='lat' dir='ltr'><strong>prtefixa</strong></span> <span class='ocrx_word' id='word_1_338' title='bbox 2606 1902 2617 1935; x_wconf 90' lang='lat'><strong>:</strong></span> <span class='ocrx_word' id='word_1_339' title='bbox 2636 1880 2970 1951; x_wconf 72' lang='lat' dir='ltr'><strong>Marginibus</strong></span> <span class='ocrx_word' id='word_1_340' title='bbox 2988 1881 3174 1952; x_wconf 87' lang='lat' dir='ltr'><strong>(verba</strong></span> <span class='ocrx_word' id='word_1_341' title='bbox 3191 1890 3318 1937; x_wconf 89' lang='lat' dir='ltr'><strong>sunt</strong></span> <span class='ocrx_word' id='word_1_342' title='bbox 3334 1882 3583 1943; x_wconf 87' lang='lat' dir='ltr'><strong>Gesucri,</strong></span> 
     </span>
    </p>
   </div>
   <div class='ocr_carea' id='block_1_47' title="bbox 2002 1972 3586 2042">
    <p class='ocr_par' dir='ltr' id='par_1_47' title="bbox 2002 1972 3586 2042">
     <span class='ocr_line' id='line_1_47' title="bbox 2002 1972 3586 2042; baseline 0 -18"><span class='ocrx_word' id='word_1_343' title='bbox 2002 1985 2113 2025; x_wconf 89' lang='lat' dir='ltr'><strong>nou</strong></span> <span class='ocrx_word' id='word_1_344' title='bbox 2138 1972 2350 2042; x_wconf 89' lang='lat' dir='ltr'><strong>nostra)</strong></span> <span class='ocrx_word' id='word_1_345' title='bbox 2379 1973 2623 2042; x_wconf 76' lang='lat' dir='ltr'><strong>quautam</strong></span> <span class='ocrx_word' id='word_1_346' title='bbox 2657 1989 2722 2027; x_wconf 78' lang='lat' dir='ltr'><strong>er</strong></span> <span class='ocrx_word' id='word_1_347' title='bbox 2750 1975 3054 2042; x_wconf 83' lang='lat' dir='ltr'><strong>conjectura</strong></span> <span class='ocrx_word' id='word_1_348' title='bbox 3089 1973 3476 2042; x_wconf 78' lang='lat' dir='ltr'><strong>ascripsimus;</strong></span> <span class='ocrx_word' id='word_1_349' title='bbox 3502 1974 3554 2025; x_wconf 88' lang='lat' dir='ltr'><strong>id</strong></span> <span class='ocrx_word' id='word_1_350' title='bbox 3565 2002 3586 2013; x_wconf 90' lang='lat'><strong>-</strong></span> 
     </span>
    </p>
   </div>
   <div class='ocr_carea' id='block_1_48' title="bbox 2001 2066 3586 2134">
    <p class='ocr_par' dir='ltr' id='par_1_48' title="bbox 2001 2066 3586 2134">
     <span class='ocr_line' id='line_1_48' title="bbox 2001 2066 3586 2134; baseline 0.004 -20"><span class='ocrx_word' id='word_1_351' title='bbox 2001 2079 2100 2132; x_wconf 83' lang='lat' dir='ltr'><strong>que</strong></span> <span class='ocrx_word' id='word_1_352' title='bbox 2146 2080 2440 2127; x_wconf 84' lang='lat' dir='ltr'><strong>mouemus,</strong></span> <span class='ocrx_word' id='word_1_353' title='bbox 2480 2082 2545 2120; x_wconf 88' lang='lat' dir='ltr'><strong>ne</strong></span> <span class='ocrx_word' id='word_1_354' title='bbox 2588 2068 2707 2134; x_wconf 82' lang='lat' dir='ltr'><strong>quis</strong></span> <span class='ocrx_word' id='word_1_355' title='bbox 2742 2066 3004 2119; x_wconf 77' lang='lat' dir='ltr'><strong>diversam</strong></span> <span class='ocrx_word' id='word_1_356' title='bbox 3045 2066 3318 2119; x_wconf 76' lang='lat' dir='ltr'><strong>lectionem</strong></span> <span class='ocrx_word' id='word_1_357' title='bbox 3358 2067 3586 2122; x_wconf 86' lang='lat' dir='ltr'><strong>aliorum</strong></span> 
     </span>
    </p>
   </div>
   <div class='ocr_carea' id='block_1_49' title="bbox 2003 2152 3584 2226">
    <p class='ocr_par' dir='ltr' id='par_1_49' title="bbox 2003 2152 3584 2226">
     <span class='ocr_line' id='line_1_49' title="bbox 2003 2152 3584 2226; baseline 0.002 -21"><span class='ocrx_word' id='word_1_358' title='bbox 2003 2152 2241 2206; x_wconf 82' lang='lat' dir='ltr'><strong>codicum</strong></span> <span class='ocrx_word' id='word_1_359' title='bbox 2273 2155 2556 2210; x_wconf 77' lang='lat' dir='ltr'><strong>existimet.</strong></span> <span class='ocrx_word' id='word_1_360' title='bbox 2592 2154 2712 2209; x_wconf 81' lang='lat' dir='ltr'><strong>Non</strong></span> <span class='ocrx_word' id='word_1_361' title='bbox 2760 2171 2862 2211; x_wconf 89' lang='lat' dir='ltr'><strong>nos</strong></span> <span class='ocrx_word' id='word_1_362' title='bbox 2904 2156 3108 2226; x_wconf 91' lang='lat' dir='ltr'><strong>itaque,</strong></span> <span class='ocrx_word' id='word_1_363' title='bbox 3143 2155 3238 2209; x_wconf 85' lang='lat' dir='ltr'><strong>sed</strong></span> <span class='ocrx_word' id='word_1_364' title='bbox 3279 2154 3584 2211; x_wconf 84' lang='lat' dir='ltr'><strong>Gesnerqu</strong></span> 
     </span>
    </p>
   </div>
   <div class='ocr_carea' id='block_1_50' title="bbox 2002 2244 3584 2318">
    <p class='ocr_par' dir='ltr' id='par_1_50' title="bbox 2002 2244 3584 2318">
     <span class='ocr_line' id='line_1_50' title="bbox 2002 2244 3584 2318; baseline 0.001 -19"><span class='ocrx_word' id='word_1_365' title='bbox 2002 2244 2313 2301; x_wconf 87' lang='lat' dir='ltr'><strong>maledictis</strong></span> <span class='ocrx_word' id='word_1_366' title='bbox 2356 2255 2573 2313; x_wconf 82' lang='lat' dir='ltr'><strong>onerat,</strong></span> <span class='ocrx_word' id='word_1_367' title='bbox 2607 2263 2637 2303; x_wconf 91' lang='lat' dir='ltr'><strong>e</strong></span> <span class='ocrx_word' id='word_1_368' title='bbox 2683 2248 2846 2318; x_wconf 89' lang='lat' dir='ltr'><strong>cujus</strong></span> <span class='ocrx_word' id='word_1_369' title='bbox 2884 2248 3125 2303; x_wconf 90' lang='lat' dir='ltr'><strong>editione</strong></span> <span class='ocrx_word' id='word_1_370' title='bbox 3169 2249 3275 2303; x_wconf 87' lang='lat' dir='ltr'><strong>ista</strong></span> <span class='ocrx_word' id='word_1_371' title='bbox 3315 2249 3584 2304; x_wconf 88' lang='lat' dir='ltr'><strong>translata</strong></span> 
     </span>
    </p>
   </div>
   <div class='ocr_carea' id='block_1_51' title="bbox 2000 2342 2152 2389">
    <p class='ocr_par' dir='ltr' id='par_1_51' title="bbox 2000 2342 2152 2389">
     <span class='ocr_line' id='line_1_51' title="bbox 2000 2342 2152 2389; baseline -0.007 0"><span class='ocrx_word' id='word_1_372' title='bbox 2000 2342 2152 2389; x_wconf 87' lang='lat' dir='ltr'><strong>sunt.</strong></span> 
     </span>
    </p>
   </div>
   <div class='ocr_carea' id='block_1_52' title="bbox 2073 2430 3587 2502">
    <p class='ocr_par' dir='ltr' id='par_1_52' title="bbox 2073 2430 3587 2502">
     <span class='ocr_line' id='line_1_52' title="bbox 2073 2430 3587 2502; baseline 0.003 -21"><span class='ocrx_word' id='word_1_373' title='bbox 2073 2430 2143 2481; x_wconf 83' lang='lat' dir='ltr'><strong>At</strong></span> <span class='ocrx_word' id='word_1_374' title='bbox 2183 2430 2347 2484; x_wconf 87' lang='lat' dir='ltr'><strong>etiam</strong></span> <span class='ocrx_word' id='word_1_375' title='bbox 2398 2430 2465 2485; x_wconf 91' lang='lat' dir='ltr'><strong>de</strong></span> <span class='ocrx_word' id='word_1_376' title='bbox 2519 2430 2807 2501; x_wconf 85' lang='lat' dir='ltr'><strong>smaragdo</strong></span> <span class='ocrx_word' id='word_1_377' title='bbox 2854 2431 3205 2486; x_wconf 81' lang='lat' dir='ltr'><strong>Kerkoctimu</strong></span> <span class='ocrx_word' id='word_1_378' title='bbox 3269 2432 3587 2502; x_wconf 83' lang='lat' dir='ltr'><strong>perstringit</strong></span> 
     </span>
    </p>
   </div>
   <div class='ocr_carea' id='block_1_53' title="bbox 2002 2521 3589 2593">
    <p class='ocr_par' dir='ltr' id='par_1_53' title="bbox 2002 2521 3589 2593">
     <span class='ocr_line' id='line_1_53' title="bbox 2002 2521 3589 2593; baseline 0 -16"><span class='ocrx_word' id='word_1_379' title='bbox 2002 2522 2198 2587; x_wconf 90' lang='lat' dir='ltr'><strong>obiter,</strong></span> <span class='ocrx_word' id='word_1_380' title='bbox 2250 2536 2412 2593; x_wconf 87' lang='lat' dir='ltr'><strong>quem</strong></span> <span class='ocrx_word' id='word_1_381' title='bbox 2460 2521 2637 2593; x_wconf 79' lang='lat' dir='ltr'><strong>ait((l)</strong></span> <span class='ocrx_word' id='word_1_382' title='bbox 2690 2524 3099 2593; x_wconf 82' lang='lat' dir='ltr'><strong>conchyliatum</strong></span> <span class='ocrx_word' id='word_1_383' title='bbox 3141 2523 3380 2577; x_wconf 90' lang='lat' dir='ltr'><strong>colorem</strong></span> <span class='ocrx_word' id='word_1_384' title='bbox 3423 2523 3589 2592; x_wconf 86' lang='lat' dir='ltr'><strong>lapidi</strong></span> 
     </span>
    </p>
   </div>
   <div class='ocr_carea' id='block_1_54' title="bbox 2003 2614 3591 2672">
    <p class='ocr_par' dir='ltr' id='par_1_54' title="bbox 2003 2614 3591 2672">
     <span class='ocr_line' id='line_1_54' title="bbox 2003 2614 3591 2672; baseline 0.002 -3"><span class='ocrx_word' id='word_1_385' title='bbox 2003 2616 2080 2669; x_wconf 89' lang='lat' dir='ltr'><strong>illi</strong></span> <span class='ocrx_word' id='word_1_386' title='bbox 2116 2616 2377 2671; x_wconf 84' lang='lat' dir='ltr'><strong>tribuere.</strong></span> <span class='ocrx_word' id='word_1_387' title='bbox 2405 2614 2519 2671; x_wconf 90' lang='lat' dir='ltr'><strong>lloc</strong></span> <span class='ocrx_word' id='word_1_388' title='bbox 2545 2631 2673 2670; x_wconf 82' lang='lat' dir='ltr'><strong>vero</strong></span> <span class='ocrx_word' id='word_1_389' title='bbox 2719 2617 2995 2671; x_wconf 87' lang='lat' dir='ltr'><strong>calumnia</strong></span> <span class='ocrx_word' id='word_1_390' title='bbox 3036 2624 3140 2670; x_wconf 86' lang='lat' dir='ltr'><strong>est.</strong></span> <span class='ocrx_word' id='word_1_391' title='bbox 3174 2614 3293 2669; x_wconf 87' lang='lat' dir='ltr'><strong>Non</strong></span> <span class='ocrx_word' id='word_1_392' title='bbox 3322 2616 3423 2669; x_wconf 88' lang='lat' dir='ltr'><strong>hoc</strong></span> <span class='ocrx_word' id='word_1_393' title='bbox 3451 2620 3591 2672; x_wconf 89' lang='lat' dir='ltr'><strong>scri-</strong></span> 
     </span>
    </p>
   </div>
   <div class='ocr_carea' id='block_1_55' title="bbox 2003 2703 3588 2773">
    <p class='ocr_par' dir='ltr' id='par_1_55' title="bbox 2003 2703 3588 2773">
     <span class='ocr_line' id='line_1_55' title="bbox 2003 2703 3588 2773; baseline 0.001 -16"><span class='ocrx_word' id='word_1_394' title='bbox 2003 2713 2156 2773; x_wconf 88' lang='lat' dir='ltr'><strong>ptum</strong></span> <span class='ocrx_word' id='word_1_395' title='bbox 2183 2705 2252 2759; x_wconf 88' lang='lat' dir='ltr'><strong>ab</strong></span> <span class='ocrx_word' id='word_1_396' title='bbox 2287 2706 2380 2757; x_wconf 90' lang='lat' dir='ltr'><strong>illo</strong></span> <span class='ocrx_word' id='word_1_397' title='bbox 2412 2713 2497 2758; x_wconf 86' lang='lat' dir='ltr'><strong>est</strong></span> <span class='ocrx_word' id='word_1_398' title='bbox 2532 2704 2744 2773; x_wconf 86' lang='lat' dir='ltr'><strong>uspiam</strong></span> <span class='ocrx_word' id='word_1_399' title='bbox 2777 2724 2788 2759; x_wconf 90' lang='lat'><strong>:</strong></span> <span class='ocrx_word' id='word_1_400' title='bbox 2827 2704 2922 2759; x_wconf 88' lang='lat' dir='ltr'><strong>sed</strong></span> <span class='ocrx_word' id='word_1_401' title='bbox 2954 2720 3111 2759; x_wconf 86' lang='lat' dir='ltr'><strong>error</strong></span> <span class='ocrx_word' id='word_1_402' title='bbox 3137 2714 3264 2758; x_wconf 91' lang='lat' dir='ltr'><strong>tuus</strong></span> <span class='ocrx_word' id='word_1_403' title='bbox 3292 2705 3362 2759; x_wconf 91' lang='lat' dir='ltr'><strong>ah</strong></span> <span class='ocrx_word' id='word_1_404' title='bbox 3394 2703 3588 2760; x_wconf 80' lang='lat' dir='ltr'><strong>eodem</strong></span> 
     </span>
    </p>
   </div>
   <div class='ocr_carea' id='block_1_56' title="bbox 2004 2796 3590 2866">
    <p class='ocr_par' dir='ltr' id='par_1_56' title="bbox 2004 2796 3590 2866">
     <span class='ocr_line' id='line_1_56' title="bbox 2004 2796 3590 2866; baseline 0 -16"><span class='ocrx_word' id='word_1_405' title='bbox 2004 2800 2200 2850; x_wconf 89' lang='lat' dir='ltr'><strong>merito</strong></span> <span class='ocrx_word' id='word_1_406' title='bbox 2255 2797 2658 2866; x_wconf 84' lang='lat' dir='ltr'><strong>reprehensus,</strong></span> <span class='ocrx_word' id='word_1_407' title='bbox 2714 2796 2809 2865; x_wconf 91' lang='lat' dir='ltr'><strong>qui</strong></span> <span class='ocrx_word' id='word_1_408' title='bbox 2861 2811 3128 2865; x_wconf 84' lang='lat' dir='ltr'><strong>pavonem</strong></span> <span class='ocrx_word' id='word_1_409' title='bbox 3172 2811 3204 2853; x_wconf 82' lang='lat' dir='ltr'><strong>a</strong></span> <span class='ocrx_word' id='word_1_410' title='bbox 3246 2796 3590 2851; x_wconf 83' lang='lat' dir='ltr'><strong>Tertulliane</strong></span> 
     </span>
    </p>
   </div>
   <div class='ocr_carea' id='block_1_57' title="bbox 2005 2886 3588 2957">
    <p class='ocr_par' dir='ltr' id='par_1_57' title="bbox 2005 2886 3588 2957">
     <span class='ocr_line' id='line_1_57' title="bbox 2005 2886 3588 2957; baseline 0.004 -18"><span class='ocrx_word' id='word_1_411' title='bbox 2005 2887 2144 2941; x_wconf 90' lang='lat' dir='ltr'><strong>libro</strong></span> <span class='ocrx_word' id='word_1_412' title='bbox 2174 2886 2252 2940; x_wconf 87' lang='lat' dir='ltr'><strong>De</strong></span> <span class='ocrx_word' id='word_1_413' title='bbox 2289 2888 2456 2956; x_wconf 85' lang='lat' dir='ltr'><strong>pollio</strong></span> <span class='ocrx_word' id='word_1_414' title='bbox 2482 2887 2744 2957; x_wconf 83' lang='lat' dir='ltr'><strong>graphice</strong></span> <span class='ocrx_word' id='word_1_415' title='bbox 2776 2887 3055 2955; x_wconf 76' lang='lat' dir='ltr'><strong>depictum</strong></span> <span class='ocrx_word' id='word_1_416' title='bbox 3091 2896 3199 2939; x_wconf 90' lang='lat' dir='ltr'><strong>tam</strong></span> <span class='ocrx_word' id='word_1_417' title='bbox 3239 2888 3473 2943; x_wconf 78' lang='lat' dir='ltr'><strong>feliciter</strong></span> <span class='ocrx_word' id='word_1_418' title='bbox 3500 2889 3588 2945; x_wconf 74' lang='lat' dir='ltr'><strong>in.</strong></span> 
     </span>
    </p>
   </div>
   <div class='ocr_carea' id='block_1_58' title="bbox 2005 2978 3587 3048">
    <p class='ocr_par' dir='ltr' id='par_1_58' title="bbox 2005 2978 3587 3048">
     <span class='ocr_line' id='line_1_58' title="bbox 2005 2978 3587 3048; baseline 0.001 -16"><span class='ocrx_word' id='word_1_419' title='bbox 2005 2979 2402 3048; x_wconf 88' lang='lat' dir='ltr'><strong>terpretabare,</strong></span> <span class='ocrx_word' id='word_1_420' title='bbox 2441 2986 2501 3033; x_wconf 93' lang='lat' dir='ltr'><strong>ut</strong></span> <span class='ocrx_word' id='word_1_421' title='bbox 2533 2978 2655 3048; x_wconf 87' lang='lat' dir='ltr'><strong>ejus</strong></span> <span class='ocrx_word' id='word_1_422' title='bbox 2698 2980 2901 3032; x_wconf 89' lang='lat' dir='ltr'><strong>collum</strong></span> <span class='ocrx_word' id='word_1_423' title='bbox 2950 2994 3193 3048; x_wconf 85' lang='lat' dir='ltr'><strong>purpura</strong></span> <span class='ocrx_word' id='word_1_424' title='bbox 3238 2978 3499 3043; x_wconf 88' lang='lat' dir='ltr'><strong>tinctum,</strong></span> <span class='ocrx_word' id='word_1_425' title='bbox 3531 2987 3587 3033; x_wconf 89' lang='lat' dir='ltr'><strong>et</strong></span> 
     </span>
    </p>
   </div>
   <div class='ocr_carea' id='block_1_59' title="bbox 306 3071 3586 3169">
    <p class='ocr_par' dir='ltr' id='par_1_59' title="bbox 306 3071 3586 3169">
     <span class='ocr_line' id='line_1_59' title="bbox 306 3071 3586 3169; baseline 0.001 -45"><span class='ocrx_word' id='word_1_426' title='bbox 306 3071 472 3126; x_wconf 79' lang='lat' dir='ltr'><strong>locus</strong></span> <span class='ocrx_word' id='word_1_427' title='bbox 503 3079 592 3127; x_wconf 90' lang='lat' dir='ltr'><strong>est</strong></span> <span class='ocrx_word' id='word_1_428' title='bbox 616 3080 768 3127; x_wconf 89' lang='lat' dir='ltr'><strong>tomo</strong></span> <span class='ocrx_word' id='word_1_429' title='bbox 803 3071 865 3125; x_wconf 81' lang='lat' dir='ltr'><strong>Vl</strong></span> <span class='ocrx_word' id='word_1_430' title='bbox 896 3075 1157 3130; x_wconf 81' lang='lat' dir='ltr'><strong>editionis</strong></span> <span class='ocrx_word' id='word_1_431' title='bbox 1191 3076 1482 3131; x_wconf 79' lang='lat' dir='ltr'><strong>Saviliante</strong></span> <span class='ocrx_word' id='word_1_432' title='bbox 1508 3077 1655 3131; x_wconf 91' lang='lat' dir='ltr'><strong>hom.</strong></span> <span class='ocrx_word' id='word_1_433' title='bbox 1693 3076 1742 3144; x_wconf 88' lang='lat'><strong>7,</strong></span> <span class='ocrx_word' id='word_1_434' title='bbox 1772 3094 1895 3148; x_wconf 87' lang='lat' dir='ltr'><strong>pag.</strong></span> <span class='ocrx_word' id='word_1_435' title='bbox 1926 3108 1970 3169; x_wconf 64' lang='grc' dir='ltr'>ο</span> <span class='ocrx_word' id='word_1_436' title='bbox 2005 3074 2226 3143; x_wconf 87' lang='lat' dir='ltr'><strong>quidem</strong></span> <span class='ocrx_word' id='word_1_437' title='bbox 2278 3081 2468 3128; x_wconf 83' lang='lat' dir='ltr'><strong>satura</strong></span> <span class='ocrx_word' id='word_1_438' title='bbox 2521 3087 2584 3126; x_wconf 88' lang='lat' dir='ltr'><strong>ac</strong></span> <span class='ocrx_word' id='word_1_439' title='bbox 2631 3087 2779 3126; x_wconf 88' lang='lat' dir='ltr'><strong>mera</strong></span> <span class='ocrx_word' id='word_1_440' title='bbox 2821 3088 2944 3127; x_wconf 87' lang='lat' dir='ltr'><strong>esse</strong></span> <span class='ocrx_word' id='word_1_441' title='bbox 2983 3072 3230 3139; x_wconf 86' lang='lat' dir='ltr'><strong>diceres,</strong></span> <span class='ocrx_word' id='word_1_442' title='bbox 3274 3073 3586 3142; x_wconf 87' lang='lat' dir='ltr'><strong>cujusmodi</strong></span> 
     </span>
    </p>
   </div>
   <div class='ocr_carea' id='block_1_60' title="bbox 304 3161 1895 3235">
    <p class='ocr_par' dir='ltr' id='par_1_60' title="bbox 304 3161 1895 3235">
     <span class='ocr_line' id='line_1_60' title="bbox 304 3161 1895 3235; baseline 0.004 -21"><span class='ocrx_word' id='word_1_443' title='bbox 304 3162 433 3224; x_wconf 75' lang='lat' dir='ltr'><strong>80t,</strong></span> <span class='ocrx_word' id='word_1_444' title='bbox 480 3177 632 3217; x_wconf 84' lang='lat' dir='ltr'><strong>vers.</strong></span> <span class='ocrx_word' id='word_1_445' title='bbox 668 3162 771 3217; x_wconf 72' lang='grc' dir='ltr'><strong>ὅδε</strong></span> <span class='ocrx_word' id='word_1_446' title='bbox 807 3161 1605 3235; x_wconf 76' lang='grc' dir='ltr'><strong>Περὶμετανοίαςκαὶεὺχῆς.</strong></span> <span class='ocrx_word' id='word_1_447' title='bbox 1631 3164 1722 3220; x_wconf 90' lang='lat' dir='ltr'><strong>Sic</strong></span> <span class='ocrx_word' id='word_1_448' title='bbox 1751 3168 1895 3221; x_wconf 90' lang='lat' dir='ltr'><strong>enim</strong></span> 
     </span>
    </p>
   </div>
   <div class='ocr_carea' id='block_1_61' title="bbox 305 3250 1900 3331">
    <p class='ocr_par' dir='ltr' id='par_1_61' title="bbox 305 3250 1900 3331">
     <span class='ocr_line' id='line_1_61' title="bbox 305 3250 1900 3331; baseline 0.004 -24"><span class='ocrx_word' id='word_1_449' title='bbox 305 3255 567 3323; x_wconf 86' lang='lat' dir='ltr'><strong>loquitur</strong></span> <span class='ocrx_word' id='word_1_450' title='bbox 594 3274 606 3308; x_wconf 92' lang='lat'><strong>:</strong></span> <span class='ocrx_word' id='word_1_451' title='bbox 638 3250 809 3318; x_wconf 72' lang='grc' dir='ltr'>Οὗτος</span> <span class='ocrx_word' id='word_1_452' title='bbox 847 3255 904 3308; x_wconf 79' lang='grc' dir='ltr'><strong>δέ</strong></span> <span class='ocrx_word' id='word_1_453' title='bbox 948 3272 1037 3325; x_wconf 83' lang='grc' dir='ltr'>μοι</span> <span class='ocrx_word' id='word_1_454' title='bbox 1067 3255 1096 3306; x_wconf 84' lang='grc' dir='ltr'>ὁ</span> <span class='ocrx_word' id='word_1_455' title='bbox 1121 3255 1281 3324; x_wconf 82' lang='grc' dir='ltr'><strong>λόγος</strong></span> <span class='ocrx_word' id='word_1_456' title='bbox 1310 3258 1371 3310; x_wconf 84' lang='grc' dir='ltr'><strong>ού</strong></span> <span class='ocrx_word' id='word_1_457' title='bbox 1406 3258 1543 3329; x_wconf 79' lang='grc' dir='ltr'>πρὸς</span> <span class='ocrx_word' id='word_1_458' title='bbox 1573 3258 1704 3322; x_wconf 81' lang='grc' dir='ltr'>τοὺς</span> <span class='ocrx_word' id='word_1_459' title='bbox 1735 3261 1793 3313; x_wconf 78' lang='grc' dir='ltr'>ἐν</span> <span class='ocrx_word' id='word_1_460' title='bbox 1822 3261 1900 3331; x_wconf 82' lang='grc' dir='ltr'><strong>τῷ</strong></span> 
     </span>
    </p>
   </div>
   <div class='ocr_carea' id='block_1_62' title="bbox 305 3334 1900 3423">
    <p class='ocr_par' dir='ltr' id='par_1_62' title="bbox 305 3334 1900 3423">
     <span class='ocr_line' id='line_1_62' title="bbox 305 3334 1900 3423; baseline 0.008 -29"><span class='ocrx_word' id='word_1_461' title='bbox 305 3347 406 3418; x_wconf 77' lang='grc' dir='ltr'><strong>βίῳ</strong></span> <span class='ocrx_word' id='word_1_462' title='bbox 439 3345 869 3416; x_wconf 75' lang='grc' dir='ltr'>ἐξεταζομένους</span> <span class='ocrx_word' id='word_1_463' title='bbox 898 3334 1059 3415; x_wconf 69' lang='grc' dir='ltr'>μόνον</span> <span class='ocrx_word' id='word_1_464' title='bbox 1087 3346 1252 3410; x_wconf 75' lang='grc' dir='ltr'>ἐστὶν,</span> <span class='ocrx_word' id='word_1_465' title='bbox 1288 3347 1421 3401; x_wconf 79' lang='grc' dir='ltr'><strong>ἀλλὰ</strong></span> <span class='ocrx_word' id='word_1_466' title='bbox 1467 3349 1562 3401; x_wconf 77' lang='grc' dir='ltr'>καὶ</span> <span class='ocrx_word' id='word_1_467' title='bbox 1602 3350 1739 3423; x_wconf 74' lang='grc' dir='ltr'><strong>πρὸς</strong></span> <span class='ocrx_word' id='word_1_468' title='bbox 1774 3354 1900 3416; x_wconf 78' lang='grc' dir='ltr'>τοὺς</span> 
     </span>
    </p>
   </div>
   <div class='ocr_carea' id='block_1_63' title="bbox 300 3436 1899 3509">
    <p class='ocr_par' dir='ltr' id='par_1_63' title="bbox 300 3436 1899 3509">
     <span class='ocr_line' id='line_1_63' title="bbox 300 3436 1899 3509; baseline 0.003 -19"><span class='ocrx_word' id='word_1_469' title='bbox 300 3440 359 3496; x_wconf 67' lang='grc' dir='ltr'>ἐν</span> <span class='ocrx_word' id='word_1_470' title='bbox 388 3440 515 3500; x_wconf 77' lang='grc' dir='ltr'><strong>τοῖς</strong></span> <span class='ocrx_word' id='word_1_471' title='bbox 542 3437 694 3507; x_wconf 74' lang='grc' dir='ltr'>ὄρεσι</span> <span class='ocrx_word' id='word_1_472' title='bbox 725 3436 823 3500; x_wconf 80' lang='grc' dir='ltr'><strong>τὰς</strong></span> <span class='ocrx_word' id='word_1_473' title='bbox 860 3437 1071 3493; x_wconf 79' lang='grc' dir='ltr'>ἑαυτῶν</span> <span class='ocrx_word' id='word_1_474' title='bbox 1112 3436 1353 3499; x_wconf 78' lang='grc' dir='ltr'>καλύϐας</span> <span class='ocrx_word' id='word_1_475' title='bbox 1393 3439 1760 3509; x_wconf 74' lang='grc' dir='ltr'>πηξαμένους.</span> <span class='ocrx_word' id='word_1_476' title='bbox 1789 3440 1899 3496; x_wconf 88' lang='lat' dir='ltr'><strong>Nec</strong></span> 
     </span>
    </p>
   </div>
   <div class='ocr_carea' id='block_1_64' title="bbox 303 3529 1899 3599">
    <p class='ocr_par' dir='ltr' id='par_1_64' title="bbox 303 3529 1899 3599">
     <span class='ocr_line' id='line_1_64' title="bbox 303 3529 1899 3599; baseline 0.004 -16"><span class='ocrx_word' id='word_1_477' title='bbox 303 3529 657 3585; x_wconf 85' lang='lat' dir='ltr'><strong>omittendus</strong></span> <span class='ocrx_word' id='word_1_478' title='bbox 693 3529 759 3582; x_wconf 86' lang='lat' dir='ltr'><strong>ad</strong></span> <span class='ocrx_word' id='word_1_479' title='bbox 812 3529 952 3583; x_wconf 83' lang='lat' dir='ltr'><strong>idem</strong></span> <span class='ocrx_word' id='word_1_480' title='bbox 994 3531 1271 3599; x_wconf 88' lang='lat' dir='ltr'><strong>negotium</strong></span> <span class='ocrx_word' id='word_1_481' title='bbox 1303 3530 1533 3586; x_wconf 84' lang='lat' dir='ltr'><strong>Achillis</strong></span> <span class='ocrx_word' id='word_1_482' title='bbox 1569 3532 1711 3586; x_wconf 85' lang='lat' dir='ltr'><strong>Tatii</strong></span> <span class='ocrx_word' id='word_1_483' title='bbox 1742 3534 1899 3589; x_wconf 77' lang='lat' dir='ltr'><strong>locus</strong></span> 
     </span>
    </p>
   </div>
   <div class='ocr_carea' id='block_1_65' title="bbox 299 3620 1899 3695">
    <p class='ocr_par' dir='ltr' id='par_1_65' title="bbox 299 3620 1899 3695">
     <span class='ocr_line' id='line_1_65' title="bbox 299 3620 1899 3695; baseline 0.003 -20"><span class='ocrx_word' id='word_1_484' title='bbox 299 3632 408 3683; x_wconf 74' lang='lat' dir='ltr'><strong>est,</strong></span> <span class='ocrx_word' id='word_1_485' title='bbox 443 3620 540 3673; x_wconf 76' lang='lat' dir='ltr'><strong>ulti</strong></span> <span class='ocrx_word' id='word_1_486' title='bbox 568 3620 636 3673; x_wconf 89' lang='lat' dir='ltr'><strong>de</strong></span> <span class='ocrx_word' id='word_1_487' title='bbox 658 3620 917 3676; x_wconf 75' lang='lat' dir='ltr'><strong>Canicula</strong></span> <span class='ocrx_word' id='word_1_488' title='bbox 950 3638 963 3675; x_wconf 91' lang='lat'>:</span> <span class='ocrx_word' id='word_1_489' title='bbox 990 3623 1093 3674; x_wconf 78' lang='grc' dir='ltr'>Τὸν</span> <span class='ocrx_word' id='word_1_490' title='bbox 1132 3621 1284 3676; x_wconf 83' lang='grc' dir='ltr'>Κύνα</span> <span class='ocrx_word' id='word_1_491' title='bbox 1317 3624 1497 3692; x_wconf 74' lang='grc' dir='ltr'>μέντοι</span> <span class='ocrx_word' id='word_1_492' title='bbox 1526 3624 1731 3695; x_wconf 78' lang='grc' dir='ltr'>ἀστέρα</span> <span class='ocrx_word' id='word_1_493' title='bbox 1768 3626 1899 3679; x_wconf 76' lang='grc' dir='ltr'>ὄντα</span> 
     </span>
    </p>
   </div>
   <div class='ocr_carea' id='block_1_66' title="bbox 303 3709 1900 3783">
    <p class='ocr_par' dir='ltr' id='par_1_66' title="bbox 303 3709 1900 3783">
     <span class='ocr_line' id='line_1_66' title="bbox 303 3709 1900 3783; baseline 0.004 -20"><span class='ocrx_word' id='word_1_494' title='bbox 303 3714 359 3764; x_wconf 82' lang='grc' dir='ltr'>ὲν</span> <span class='ocrx_word' id='word_1_495' title='bbox 388 3710 480 3780; x_wconf 79' lang='grc' dir='ltr'><strong>τῷ</strong></span> <span class='ocrx_word' id='word_1_496' title='bbox 512 3709 615 3779; x_wconf 84' lang='grc' dir='ltr'><strong>βίῳ</strong></span> <span class='ocrx_word' id='word_1_497' title='bbox 638 3710 835 3781; x_wconf 69' lang='grc' dir='ltr'>ἄστρον</span> <span class='ocrx_word' id='word_1_498' title='bbox 862 3711 1110 3781; x_wconf 83' lang='grc' dir='ltr'>λέγομεν·</span> <span class='ocrx_word' id='word_1_499' title='bbox 1147 3712 1417 3769; x_wconf 76' lang='lat' dir='ltr'><strong>Canicula:</strong></span> <span class='ocrx_word' id='word_1_500' title='bbox 1450 3714 1660 3767; x_wconf 79' lang='lat' dir='ltr'><strong>stellam</strong></span> <span class='ocrx_word' id='word_1_501' title='bbox 1692 3716 1900 3783; x_wconf 82' lang='lat' dir='ltr'><strong>proprie</strong></span> 
     </span>
    </p>
   </div>
   <div class='ocr_carea' id='block_1_67' title="bbox 303 3802 1899 3877">
    <p class='ocr_par' dir='ltr' id='par_1_67' title="bbox 303 3802 1899 3877">
     <span class='ocr_line' id='line_1_67' title="bbox 303 3802 1899 3877; baseline 0.004 -22"><span class='ocrx_word' id='word_1_502' title='bbox 303 3812 527 3856; x_wconf 85' lang='lat' dir='ltr'><strong>astrum</strong></span> <span class='ocrx_word' id='word_1_503' title='bbox 558 3802 826 3857; x_wconf 84' lang='lat' dir='ltr'><strong>nominari</strong></span> <span class='ocrx_word' id='word_1_504' title='bbox 854 3804 929 3857; x_wconf 86' lang='lat' dir='ltr'><strong>ait</strong></span> <span class='ocrx_word' id='word_1_505' title='bbox 958 3805 1009 3857; x_wconf 90' lang='lat' dir='ltr'><strong>in</strong></span> <span class='ocrx_word' id='word_1_506' title='bbox 1038 3804 1166 3865; x_wconf 83' lang='lat' dir='ltr'><strong>rita,</strong></span> <span class='ocrx_word' id='word_1_507' title='bbox 1200 3804 1305 3859; x_wconf 88' lang='lat' dir='ltr'><strong>hoc</strong></span> <span class='ocrx_word' id='word_1_508' title='bbox 1327 3812 1413 3859; x_wconf 84' lang='lat' dir='ltr'><strong>est</strong></span> <span class='ocrx_word' id='word_1_509' title='bbox 1463 3806 1625 3876; x_wconf 83' lang='lat' dir='ltr'><strong>vulgo</strong></span> <span class='ocrx_word' id='word_1_510' title='bbox 1645 3817 1698 3860; x_wconf 92' lang='lat' dir='ltr'><strong>et</strong></span> <span class='ocrx_word' id='word_1_511' title='bbox 1726 3824 1899 3877; x_wconf 62' lang='lat' dir='ltr'><strong>popuo</strong></span> 
     </span>
    </p>
   </div>
   <div class='ocr_carea' id='block_1_68' title="bbox 307 3891 1899 3965">
    <p class='ocr_par' dir='ltr' id='par_1_68' title="bbox 307 3891 1899 3965">
     <span class='ocr_line' id='line_1_68' title="bbox 307 3891 1899 3965; baseline 0.002 -18"><span class='ocrx_word' id='word_1_512' title='bbox 307 3895 530 3947; x_wconf 86' lang='lat' dir='ltr'><strong>lariter.</strong></span> <span class='ocrx_word' id='word_1_513' title='bbox 577 3891 632 3945; x_wconf 92' lang='lat' dir='ltr'><strong>In</strong></span> <span class='ocrx_word' id='word_1_514' title='bbox 674 3893 800 3947; x_wconf 88' lang='lat' dir='ltr'><strong>aliis</strong></span> <span class='ocrx_word' id='word_1_515' title='bbox 842 3892 1164 3962; x_wconf 76' lang='lat' dir='ltr'><strong>fragmentis</strong></span> <span class='ocrx_word' id='word_1_516' title='bbox 1197 3909 1341 3963; x_wconf 61' lang='lat' dir='ltr'><strong>quae.</strong></span> <span class='ocrx_word' id='word_1_517' title='bbox 1388 3902 1543 3963; x_wconf 89' lang='lat' dir='ltr'><strong>puto,</strong></span> <span class='ocrx_word' id='word_1_518' title='bbox 1586 3906 1715 3950; x_wconf 84' lang='lat' dir='ltr'><strong>sunt</strong></span> <span class='ocrx_word' id='word_1_519' title='bbox 1748 3898 1899 3965; x_wconf 85' lang='lat' dir='ltr'><strong>ejus-</strong></span> 
     </span>
    </p>
   </div>
   <div class='ocr_carea' id='block_1_69' title="bbox 307 3983 1897 4058">
    <p class='ocr_par' dir='ltr' id='par_1_69' title="bbox 307 3983 1897 4058">
     <span class='ocr_line' id='line_1_69' title="bbox 307 3983 1897 4058; baseline 0.004 -21"><span class='ocrx_word' id='word_1_520' title='bbox 307 3988 435 4040; x_wconf 83' lang='lat' dir='ltr'><strong>deut</strong></span> <span class='ocrx_word' id='word_1_521' title='bbox 474 3983 619 4037; x_wconf 85' lang='lat' dir='ltr'><strong>Tatii</strong></span> <span class='ocrx_word' id='word_1_522' title='bbox 654 4004 665 4037; x_wconf 88' lang='lat'>:</span> <span class='ocrx_word' id='word_1_523' title='bbox 709 3984 867 4037; x_wconf 66' lang='grc' dir='ltr'>Ἀλλὰ</span> <span class='ocrx_word' id='word_1_524' title='bbox 900 3985 1004 4055; x_wconf 77' lang='grc' dir='ltr'><strong>μὴν</strong></span> <span class='ocrx_word' id='word_1_525' title='bbox 1031 3987 1123 4039; x_wconf 77' lang='grc' dir='ltr'>καὶ</span> <span class='ocrx_word' id='word_1_526' title='bbox 1150 3988 1207 4039; x_wconf 84' lang='grc' dir='ltr'>ὲν</span> <span class='ocrx_word' id='word_1_527' title='bbox 1235 3987 1312 4056; x_wconf 81' lang='grc' dir='ltr'>τῷ</span> <span class='ocrx_word' id='word_1_528' title='bbox 1343 3987 1441 4057; x_wconf 74' lang='grc' dir='ltr'>βίῳ</span> <span class='ocrx_word' id='word_1_529' title='bbox 1469 3990 1648 4058; x_wconf 76' lang='grc' dir='ltr'>φαμὲν</span> <span class='ocrx_word' id='word_1_530' title='bbox 1677 3990 1770 4043; x_wconf 72' lang='grc' dir='ltr'><strong>τὸν</strong></span> <span class='ocrx_word' id='word_1_531' title='bbox 1799 3991 1897 4043; x_wconf 77' lang='grc' dir='ltr'>Δία</span> 
     </span>
    </p>
   </div>
   <div class='ocr_carea' id='block_1_70' title="bbox 310 4075 1893 4149">
    <p class='ocr_par' dir='ltr' id='par_1_70' title="bbox 310 4075 1893 4149">
     <span class='ocr_line' id='line_1_70' title="bbox 310 4075 1893 4149; baseline 0.005 -22"><span class='ocrx_word' id='word_1_532' title='bbox 310 4075 426 4128; x_wconf 74' lang='grc' dir='ltr'>ὕειν</span> <span class='ocrx_word' id='word_1_533' title='bbox 450 4091 464 4103; x_wconf 70' lang='grc'><strong><em>⁸</em></strong></span> <span class='ocrx_word' id='word_1_534' title='bbox 496 4076 778 4130; x_wconf 81' lang='lat' dir='ltr'><strong>Communi</strong></span> <span class='ocrx_word' id='word_1_535' title='bbox 809 4078 946 4131; x_wconf 85' lang='lat' dir='ltr'><strong>inter</strong></span> <span class='ocrx_word' id='word_1_536' title='bbox 973 4077 1206 4131; x_wconf 79' lang='lat' dir='ltr'><strong>homines</strong></span> <span class='ocrx_word' id='word_1_537' title='bbox 1237 4096 1333 4132; x_wconf 84' lang='lat' dir='ltr'><strong>usu</strong></span> <span class='ocrx_word' id='word_1_538' title='bbox 1368 4081 1613 4149; x_wconf 73' lang='lat' dir='ltr'><strong>loquendi</strong></span> <span class='ocrx_word' id='word_1_539' title='bbox 1645 4080 1893 4148; x_wconf 83' lang='lat' dir='ltr'><strong>dicimus,</strong></span> 
     </span>
    </p>
   </div>
   <div class='ocr_carea' id='block_1_71' title="bbox 304 4165 736 4233">
    <p class='ocr_par' dir='ltr' id='par_1_71' title="bbox 304 4165 736 4233">
     <span class='ocr_line' id='line_1_71' title="bbox 304 4165 736 4233; baseline 0 -14"><span class='ocrx_word' id='word_1_540' title='bbox 304 4170 495 4233; x_wconf 78' lang='lat' dir='ltr'><strong>pluere</strong></span> <span class='ocrx_word' id='word_1_541' title='bbox 529 4165 736 4220; x_wconf 80' lang='lat' dir='ltr'><strong>Jovem.</strong></span> 
     </span>
    </p>
   </div>
   <div class='ocr_carea' id='block_1_72' title="bbox 312 4416 1890 4489">
    <p class='ocr_par' dir='ltr' id='par_1_72' title="bbox 312 4416 1890 4489">
     <span class='ocr_line' id='line_1_72' title="bbox 312 4416 1890 4489; baseline 0.004 -20"><span class='ocrx_word' id='word_1_542' title='bbox 312 4416 578 4489; x_wconf 84' lang='lat' dir='ltr'><strong>Salmasii</strong></span> <span class='ocrx_word' id='word_1_543' title='bbox 602 4417 777 4486; x_wconf 84' lang='lat' dir='ltr'><strong>iniqua</strong></span> <span class='ocrx_word' id='word_1_544' title='bbox 810 4418 1119 4471; x_wconf 79' lang='lat' dir='ltr'><strong>obtrectatio</strong></span> <span class='ocrx_word' id='word_1_545' title='bbox 1147 4418 1465 4484; x_wconf 76' lang='lat' dir='ltr'><strong>discutitur;</strong></span> <span class='ocrx_word' id='word_1_546' title='bbox 1495 4421 1727 4489; x_wconf 76' lang='lat' dir='ltr'><strong>ejusdem</strong></span> <span class='ocrx_word' id='word_1_547' title='bbox 1754 4424 1890 4475; x_wconf 85' lang='lat' dir='ltr'><strong>mul-</strong></span> 
     </span>
    </p>
   </div>
   <div class='ocr_carea' id='block_1_73' title="bbox 386 4486 1893 4561">
    <p class='ocr_par' dir='ltr' id='par_1_73' title="bbox 386 4486 1893 4561">
     <span class='ocr_line' id='line_1_73' title="bbox 386 4486 1893 4561; baseline 0.006 -24"><span class='ocrx_word' id='word_1_548' title='bbox 386 4486 593 4553; x_wconf 72' lang='lat' dir='ltr'><strong>tiplices</strong></span> <span class='ocrx_word' id='word_1_549' title='bbox 641 4504 865 4561; x_wconf 77' lang='lat' dir='ltr'><strong>errores.</strong></span> <span class='ocrx_word' id='word_1_550' title='bbox 910 4489 994 4561; x_wconf 76' lang='lat' dir='ltr'><strong>De</strong></span> <span class='ocrx_word' id='word_1_551' title='bbox 1035 4491 1249 4556; x_wconf 74' lang='lat' dir='ltr'><strong>pavonis</strong></span> <span class='ocrx_word' id='word_1_552' title='bbox 1300 4492 1457 4553; x_wconf 84' lang='lat' dir='ltr'><strong>collo,</strong></span> <span class='ocrx_word' id='word_1_553' title='bbox 1507 4486 1775 4561; x_wconf 62' lang='lat' dir='ltr'><strong>conchylio</strong></span> <span class='ocrx_word' id='word_1_554' title='bbox 1832 4511 1893 4546; x_wconf 87' lang='lat' dir='ltr'><strong>ac</strong></span> 
     </span>
    </p>
   </div>
   <div class='ocr_carea' id='block_1_74' title="bbox 381 4558 1894 4631">
    <p class='ocr_par' dir='ltr' id='par_1_74' title="bbox 381 4558 1894 4631">
     <span class='ocr_line' id='line_1_74' title="bbox 381 4558 1894 4631; baseline 0.006 -24"><span class='ocrx_word' id='word_1_555' title='bbox 381 4572 642 4623; x_wconf 80' lang='lat' dir='ltr'><strong>purpura.</strong></span> <span class='ocrx_word' id='word_1_556' title='bbox 695 4558 836 4631; x_wconf 73' lang='lat' dir='ltr'><strong>Quid</strong></span> <span class='ocrx_word' id='word_1_557' title='bbox 872 4560 975 4631; x_wconf 84' lang='lat' dir='ltr'><strong>sint</strong></span> <span class='ocrx_word' id='word_1_558' title='bbox 1009 4561 1306 4621; x_wconf 69' lang='lat' dir='ltr'><strong>(Iatmlita;</strong></span> <span class='ocrx_word' id='word_1_559' title='bbox 1344 4578 1561 4631; x_wconf 78' lang='lat' dir='ltr'><strong>eamque</strong></span> <span class='ocrx_word' id='word_1_560' title='bbox 1594 4558 1765 4614; x_wconf 76' lang='lat' dir='ltr'><strong>vocem</strong></span> <span class='ocrx_word' id='word_1_561' title='bbox 1797 4564 1894 4616; x_wconf 83' lang='lat' dir='ltr'><strong>ad-</strong></span> 
     </span>
    </p>
   </div>
   <div class='ocr_carea' id='block_1_75' title="bbox 370 4630 1897 4696">
    <p class='ocr_par' dir='ltr' id='par_1_75' title="bbox 370 4630 1897 4696">
     <span class='ocr_line' id='line_1_75' title="bbox 370 4630 1897 4696; baseline 0.007 -19"><span class='ocrx_word' id='word_1_562' title='bbox 370 4630 565 4694; x_wconf 48' lang='lat' dir='ltr'><strong>jeciirc</strong></span> <span class='ocrx_word' id='word_1_563' title='bbox 596 4632 754 4681; x_wconf 86' lang='lat' dir='ltr'><strong>sumi.</strong></span> <span class='ocrx_word' id='word_1_564' title='bbox 802 4630 940 4693; x_wconf 78' lang='lat' dir='ltr'><strong>Quid</strong></span> <span class='ocrx_word' id='word_1_565' title='bbox 988 4631 1057 4682; x_wconf 79' lang='lat' dir='ltr'><strong>sit</strong></span> <span class='ocrx_word' id='word_1_566' title='bbox 1090 4632 1243 4693; x_wconf 79' lang='grc' dir='ltr'>πίνος</span> <span class='ocrx_word' id='word_1_567' title='bbox 1276 4634 1331 4686; x_wconf 86' lang='lat' dir='ltr'><strong>iu</strong></span> <span class='ocrx_word' id='word_1_568' title='bbox 1363 4630 1621 4696; x_wconf 82' lang='lat' dir='ltr'><strong>oratione,</strong></span> <span class='ocrx_word' id='word_1_569' title='bbox 1650 4633 1897 4687; x_wconf 59' lang='lat' dir='ltr'><strong>declarac</strong></span> 
     </span>
    </p>
   </div>
   <div class='ocr_carea' id='block_1_76' title="bbox 385 4712 497 4749">
    <p class='ocr_par' dir='ltr' id='par_1_76' title="bbox 385 4712 497 4749">
     <span class='ocr_line' id='line_1_76' title="bbox 385 4712 497 4749; baseline 0.009 -1"><span class='ocrx_word' id='word_1_570' title='bbox 385 4712 497 4749; x_wconf 86' lang='lat' dir='ltr'><strong>tur.</strong></span> 
     </span>
    </p>
   </div>
   <div class='ocr_carea' id='block_1_77' title="bbox 387 4808 1892 4885">
    <p class='ocr_par' dir='ltr' id='par_1_77' title="bbox 387 4808 1892 4885">
     <span class='ocr_line' id='line_1_77' title="bbox 387 4808 1892 4885; baseline 0.008 -22"><span class='ocrx_word' id='word_1_571' title='bbox 387 4808 452 4863; x_wconf 68' lang='grc' dir='ltr'>[ι</span> <span class='ocrx_word' id='word_1_572' title='bbox 506 4826 573 4863; x_wconf 88' lang='lat' dir='ltr'><strong>ne</strong></span> <span class='ocrx_word' id='word_1_573' title='bbox 615 4810 884 4877; x_wconf 83' lang='lat' dir='ltr'><strong>judicium</strong></span> <span class='ocrx_word' id='word_1_574' title='bbox 933 4815 1199 4869; x_wconf 77' lang='lat' dir='ltr'><strong>duntaxat</strong></span> <span class='ocrx_word' id='word_1_575' title='bbox 1242 4826 1295 4871; x_wconf 92' lang='lat' dir='ltr'><strong>et</strong></span> <span class='ocrx_word' id='word_1_576' title='bbox 1341 4819 1743 4885; x_wconf 85' lang='lat' dir='ltr'><strong>eruditionem,</strong></span> <span class='ocrx_word' id='word_1_577' title='bbox 1797 4820 1892 4875; x_wconf 86' lang='lat' dir='ltr'><strong>sed</strong></span> 
     </span>
    </p>
   </div>
   <div class='ocr_carea' id='block_1_78' title="bbox 313 4902 1894 4968">
    <p class='ocr_par' dir='ltr' id='par_1_78' title="bbox 313 4902 1894 4968">
     <span class='ocr_line' id='line_1_78' title="bbox 313 4902 1894 4968; baseline 0.009 -15"><span class='ocrx_word' id='word_1_578' title='bbox 313 4902 607 4954; x_wconf 79' lang='lat' dir='ltr'><strong>candorem</strong></span> <span class='ocrx_word' id='word_1_579' title='bbox 640 4905 803 4955; x_wconf 75' lang='lat' dir='ltr'><strong>etiam</strong></span> <span class='ocrx_word' id='word_1_580' title='bbox 834 4915 887 4958; x_wconf 90' lang='lat' dir='ltr'><strong>et</strong></span> <span class='ocrx_word' id='word_1_581' title='bbox 916 4906 1237 4961; x_wconf 75' lang='lat' dir='ltr'><strong>civilitatem</strong></span> <span class='ocrx_word' id='word_1_582' title='bbox 1278 4910 1644 4966; x_wconf 82' lang='lat' dir='ltr'><strong>Salmasiauis</strong></span> <span class='ocrx_word' id='word_1_583' title='bbox 1682 4928 1712 4965; x_wconf 85' lang='lat' dir='ltr'><strong>a</strong></span> <span class='ocrx_word' id='word_1_584' title='bbox 1753 4915 1894 4968; x_wconf 50' lang='lat' dir='ltr'><strong>seri-</strong></span> 
     </span>
    </p>
   </div>
   <div class='ocr_carea' id='block_1_79' title="bbox 315 4993 1895 5068">
    <p class='ocr_par' dir='ltr' id='par_1_79' title="bbox 315 4993 1895 5068">
     <span class='ocr_line' id='line_1_79' title="bbox 315 4993 1895 5068; baseline 0.01 -27"><span class='ocrx_word' id='word_1_585' title='bbox 315 4993 424 5058; x_wconf 87' lang='lat' dir='ltr'><strong>ptis</strong></span> <span class='ocrx_word' id='word_1_586' title='bbox 445 4994 642 5045; x_wconf 80' lang='lat' dir='ltr'><strong>abesse</strong></span> <span class='ocrx_word' id='word_1_587' title='bbox 661 4995 889 5059; x_wconf 88' lang='lat' dir='ltr'><strong>sentias,</strong></span> <span class='ocrx_word' id='word_1_588' title='bbox 914 5007 1063 5051; x_wconf 86' lang='lat' dir='ltr'><strong>certa</strong></span> <span class='ocrx_word' id='word_1_589' title='bbox 1089 4997 1191 5052; x_wconf 89' lang='lat' dir='ltr'><strong>hoc</strong></span> <span class='ocrx_word' id='word_1_590' title='bbox 1210 5000 1265 5052; x_wconf 93' lang='lat' dir='ltr'><strong>in</strong></span> <span class='ocrx_word' id='word_1_591' title='bbox 1286 5002 1465 5068; x_wconf 88' lang='lat' dir='ltr'><strong>capite</strong></span> <span class='ocrx_word' id='word_1_592' title='bbox 1488 5003 1663 5055; x_wconf 85' lang='lat' dir='ltr'><strong>morbi</strong></span> <span class='ocrx_word' id='word_1_593' title='bbox 1688 5004 1895 5058; x_wconf 84' lang='lat' dir='ltr'><strong>utrius-</strong></span> 
     </span>
    </p>
   </div>
   <div class='ocr_carea' id='block_1_80' title="bbox 318 5089 1890 5160">
    <p class='ocr_par' dir='ltr' id='par_1_80' title="bbox 318 5089 1890 5160">
     <span class='ocr_line' id='line_1_80' title="bbox 318 5089 1890 5160; baseline 0.009 -27"><span class='ocrx_word' id='word_1_594' title='bbox 318 5100 419 5151; x_wconf 76' lang='lat' dir='ltr'><strong>quc</strong></span> <span class='ocrx_word' id='word_1_595' title='bbox 448 5095 772 5151; x_wconf 61' lang='lat' dir='ltr'><strong>argumenta</strong></span> <span class='ocrx_word' id='word_1_596' title='bbox 808 5089 1086 5155; x_wconf 76' lang='lat' dir='ltr'><strong>colligam.</strong></span> <span class='ocrx_word' id='word_1_597' title='bbox 1126 5090 1562 5160; x_wconf 68' lang='lat' dir='ltr'><strong>[Cpiphaniauam</strong></span> <span class='ocrx_word' id='word_1_598' title='bbox 1594 5094 1890 5148; x_wconf 87' lang='lat' dir='ltr'><strong>editionem</strong></span> 
     </span>
    </p>
   </div>
   <div class='ocr_carea' id='block_1_81' title="bbox 318 5178 1893 5255">
    <p class='ocr_par' dir='ltr' id='par_1_81' title="bbox 318 5178 1893 5255">
     <span class='ocr_line' id='line_1_81' title="bbox 318 5178 1893 5255; baseline 0.009 -30"><span class='ocrx_word' id='word_1_599' title='bbox 318 5186 559 5229; x_wconf 81' lang='lat' dir='ltr'><strong>nostram</strong></span> <span class='ocrx_word' id='word_1_600' title='bbox 597 5178 802 5247; x_wconf 81' lang='lat' dir='ltr'><strong>aliquot</strong></span> <span class='ocrx_word' id='word_1_601' title='bbox 843 5179 978 5233; x_wconf 76' lang='lat' dir='ltr'><strong>locis</strong></span> <span class='ocrx_word' id='word_1_602' title='bbox 1010 5182 1229 5234; x_wconf 82' lang='lat' dir='ltr'><strong>vellicat</strong></span> <span class='ocrx_word' id='word_1_603' title='bbox 1262 5183 1330 5251; x_wconf 72' lang='grc' dir='ltr'><strong>(ς)</strong></span> <span class='ocrx_word' id='word_1_604' title='bbox 1374 5184 1424 5236; x_wconf 89' lang='lat' dir='ltr'><strong>in</strong></span> <span class='ocrx_word' id='word_1_605' title='bbox 1468 5186 1606 5238; x_wconf 89' lang='lat' dir='ltr'><strong>libro</strong></span> <span class='ocrx_word' id='word_1_606' title='bbox 1650 5186 1721 5239; x_wconf 86' lang='lat' dir='ltr'><strong>De</strong></span> <span class='ocrx_word' id='word_1_607' title='bbox 1750 5203 1893 5255; x_wconf 89' lang='lat' dir='ltr'><strong>gem-</strong></span> 
     </span>
    </p>
   </div>
   <div class='ocr_carea' id='block_1_82' title="bbox 320 5267 1890 5345">
    <p class='ocr_par' dir='ltr' id='par_1_82' title="bbox 320 5267 1890 5345">
     <span class='ocr_line' id='line_1_82' title="bbox 320 5267 1890 5345; baseline 0.013 -32"><span class='ocrx_word' id='word_1_608' title='bbox 320 5267 436 5326; x_wconf 86' lang='lat' dir='ltr'><strong>mis,</strong></span> <span class='ocrx_word' id='word_1_609' title='bbox 473 5276 531 5317; x_wconf 92' lang='lat' dir='ltr'><strong>ut</strong></span> <span class='ocrx_word' id='word_1_610' title='bbox 572 5268 625 5319; x_wconf 93' lang='lat' dir='ltr'><strong>iu</strong></span> <span class='ocrx_word' id='word_1_611' title='bbox 657 5271 832 5337; x_wconf 88' lang='lat' dir='ltr'><strong>capite</strong></span> <span class='ocrx_word' id='word_1_612' title='bbox 884 5270 955 5323; x_wconf 79' lang='lat' dir='ltr'><strong>lle</strong></span> <span class='ocrx_word' id='word_1_613' title='bbox 984 5272 1291 5341; x_wconf 84' lang='lat' dir='ltr'><strong>smaragdo.</strong></span> <span class='ocrx_word' id='word_1_614' title='bbox 1328 5273 1401 5329; x_wconf 90' lang='lat' dir='ltr'><strong>lbi</strong></span> <span class='ocrx_word' id='word_1_615' title='bbox 1430 5278 1558 5345; x_wconf 86' lang='lat' dir='ltr'><strong>quia</strong></span> <span class='ocrx_word' id='word_1_616' title='bbox 1587 5279 1890 5334; x_wconf 86' lang='lat' dir='ltr'><strong>variantem</strong></span> 
     </span>
    </p>
   </div>
   <div class='ocr_carea' id='block_1_83' title="bbox 320 5352 1893 5442">
    <p class='ocr_par' dir='ltr' id='par_1_83' title="bbox 320 5352 1893 5442">
     <span class='ocr_line' id='line_1_83' title="bbox 320 5352 1893 5442; baseline 0.015 -39"><span class='ocrx_word' id='word_1_617' title='bbox 320 5352 374 5405; x_wconf 88' lang='lat' dir='ltr'><strong>iu</strong></span> <span class='ocrx_word' id='word_1_618' title='bbox 404 5359 647 5425; x_wconf 79' lang='lat' dir='ltr'><strong>margine</strong></span> <span class='ocrx_word' id='word_1_619' title='bbox 684 5360 975 5415; x_wconf 82' lang='lat' dir='ltr'><strong>lectionem</strong></span> <span class='ocrx_word' id='word_1_620' title='bbox 1022 5362 1268 5428; x_wconf 66' lang='lat' dir='ltr'><strong>oll‘eudit,</strong></span> <span class='ocrx_word' id='word_1_621' title='bbox 1319 5366 1371 5419; x_wconf 89' lang='lat' dir='ltr'><strong>in</strong></span> <span class='ocrx_word' id='word_1_622' title='bbox 1411 5384 1519 5439; x_wconf 88' lang='lat' dir='ltr'><strong>qua</strong></span> <span class='ocrx_word' id='word_1_623' title='bbox 1563 5372 1756 5442; x_wconf 81' lang='grc' dir='ltr'><strong>μικρός</strong></span> <span class='ocrx_word' id='word_1_624' title='bbox 1791 5386 1893 5442; x_wconf 84' lang='lat' dir='ltr'><strong>pro</strong></span> 
     </span>
    </p>
   </div>
   <div class='ocr_carea' id='block_1_84' title="bbox 387 5494 1202 5575">
    <p class='ocr_par' dir='ltr' id='par_1_84' title="bbox 387 5494 1202 5575">
     <span class='ocr_line' id='line_1_84' title="bbox 387 5494 1202 5575; baseline 0.02 -30"><span class='ocrx_word' id='word_1_625' title='bbox 387 5494 457 5575; x_wconf 69' lang='grc' dir='ltr'><strong>(ᾳ)</strong></span> <span class='ocrx_word' id='word_1_626' title='bbox 500 5495 557 5575; x_wconf 71' lang='lat' dir='ltr'><strong>in</strong></span> <span class='ocrx_word' id='word_1_627' title='bbox 589 5498 995 5563; x_wconf 78' lang='lat' dir='ltr'><strong>Coufutalioue.</strong></span> <span class='ocrx_word' id='word_1_628' title='bbox 1029 5523 1080 5575; x_wconf 93' lang='lat' dir='ltr'><strong>p.</strong></span> <span class='ocrx_word' id='word_1_629' title='bbox 1115 5508 1202 5563; x_wconf 79' lang='grc'><strong>50.</strong></span> 
     </span>
    </p>
   </div>
   <div class='ocr_carea' id='block_1_85' title="bbox 386 5564 1007 5644">
    <p class='ocr_par' dir='ltr' id='par_1_85' title="bbox 386 5564 1007 5644">
     <span class='ocr_line' id='line_1_85' title="bbox 386 5564 1007 5644; baseline 0.021 -29"><span class='ocrx_word' id='word_1_630' title='bbox 386 5564 457 5641; x_wconf 66' lang='grc' dir='ltr'><strong>(ὁ)</strong></span> <span class='ocrx_word' id='word_1_631' title='bbox 494 5568 644 5644; x_wconf 66' lang='lat' dir='ltr'><strong>§e_ct.</strong></span> <span class='ocrx_word' id='word_1_632' title='bbox 678 5588 752 5633; x_wconf 76' lang='lat' dir='ltr'><strong>ix,</strong></span> <span class='ocrx_word' id='word_1_633' title='bbox 782 5590 899 5644; x_wconf 74' lang='lat' dir='ltr'><strong>pag.</strong></span> <span class='ocrx_word' id='word_1_634' title='bbox 921 5577 1007 5628; x_wconf 74' lang='lat'><strong>65.</strong></span> 
     </span>
    </p>
   </div>
   <div class='ocr_carea' id='block_1_86' title="bbox 387 5638 1093 5713">
    <p class='ocr_par' dir='ltr' id='par_1_86' title="bbox 387 5638 1093 5713">
     <span class='ocr_line' id='line_1_86' title="bbox 387 5638 1093 5713; baseline 0.024 -27"><span class='ocrx_word' id='word_1_635' title='bbox 387 5638 453 5713; x_wconf 64' lang='lat' dir='ltr'><strong>(ei</strong></span> <span class='ocrx_word' id='word_1_636' title='bbox 491 5638 719 5713; x_wconf 64' lang='lat' dir='ltr'><strong>§almas.</strong></span> <span class='ocrx_word' id='word_1_637' title='bbox 750 5638 996 5713; x_wconf 62' lang='grc' dir='ltr'><strong>νέηέςῖἓυυ</strong></span> <span class='ocrx_word' id='word_1_638' title='bbox 1036 5648 1093 5703; x_wconf 82' lang='grc' dir='ltr'><strong>Β.</strong></span> 
     </span>
    </p>
   </div>
   <div class='ocr_carea' id='block_1_87' title="bbox 386 5704 1045 5782">
    <p class='ocr_par' dir='ltr' id='par_1_87' title="bbox 386 5704 1045 5782">
     <span class='ocr_line' id='line_1_87' title="bbox 386 5704 1045 5782; baseline 0.026 -26"><span class='ocrx_word' id='word_1_639' title='bbox 386 5704 460 5762; x_wconf 78' lang='lat' dir='ltr'><strong>an</strong></span> <span class='ocrx_word' id='word_1_640' title='bbox 495 5707 727 5765; x_wconf 75' lang='lat' dir='ltr'><strong>Salinas.</strong></span> <span class='ocrx_word' id='word_1_641' title='bbox 751 5704 881 5782; x_wconf 65' lang='lat' dir='ltr'><strong>&#39;pa‘g.</strong></span> <span class='ocrx_word' id='word_1_642' title='bbox 928 5717 1045 5773; x_wconf 76' lang='lat'><strong>195.</strong></span> 
     </span>
    </p>
   </div>
   <div class='ocr_carea' id='block_1_88' title="bbox 557 5802 1249 5879">
    <p class='ocr_par' dir='ltr' id='par_1_88' title="bbox 557 5802 1249 5879">
     <span class='ocr_line' id='line_1_88' title="bbox 557 5802 1249 5879; baseline 0.029 -21"><span class='ocrx_word' id='word_1_643' title='bbox 557 5802 823 5867; x_wconf 70' lang='grc' dir='ltr'>Ριτιιυι.</span> <span class='ocrx_word' id='word_1_644' title='bbox 863 5812 977 5871; x_wconf 75' lang='lat' dir='ltr'><strong>tia.</strong></span> <span class='ocrx_word' id='word_1_645' title='bbox 1030 5814 1157 5874; x_wconf 68' lang='lat' dir='ltr'><strong>XLI</strong></span> <span class='ocrx_word' id='word_1_646' title='bbox 1172 5818 1249 5879; x_wconf 86' lang='grc'><strong>11.</strong></span> 
     </span>
    </p>
   </div>
   <div class='ocr_carea' id='block_1_89' title="bbox 2004 3162 3589 3235">
    <p class='ocr_par' dir='ltr' id='par_1_89' title="bbox 2004 3162 3589 3235">
     <span class='ocr_line' id='line_1_89' title="bbox 2004 3162 3589 3235; baseline 0.003 -20"><span class='ocrx_word' id='word_1_647' title='bbox 2004 3162 2164 3235; x_wconf 85' lang='lat' dir='ltr'><strong>Tyria</strong></span> <span class='ocrx_word' id='word_1_648' title='bbox 2188 3174 2270 3220; x_wconf 86' lang='lat' dir='ltr'><strong>est</strong></span> <span class='ocrx_word' id='word_1_649' title='bbox 2292 3180 2356 3219; x_wconf 89' lang='lat' dir='ltr'><strong>ac</strong></span> <span class='ocrx_word' id='word_1_650' title='bbox 2402 3164 2662 3233; x_wconf 85' lang='lat' dir='ltr'><strong>dihapha.</strong></span> <span class='ocrx_word' id='word_1_651' title='bbox 2710 3162 3272 3234; x_wconf 75' lang='lat' dir='ltr'><strong>Recole,sodcs.qu:e</strong></span> <span class='ocrx_word' id='word_1_652' title='bbox 3308 3166 3360 3219; x_wconf 89' lang='lat' dir='ltr'><strong>in</strong></span> <span class='ocrx_word' id='word_1_653' title='bbox 3401 3165 3589 3221; x_wconf 61' lang='grc' dir='ltr'><strong>1188ιί-</strong></span> 
     </span>
    </p>
   </div>
   <div class='ocr_carea' id='block_1_90' title="bbox 2002 3255 3587 3325">
    <p class='ocr_par' dir='ltr' id='par_1_90' title="bbox 2002 3255 3587 3325">
     <span class='ocr_line' id='line_1_90' title="bbox 2002 3255 3587 3325; baseline 0.002 -18"><span class='ocrx_word' id='word_1_654' title='bbox 2002 3255 2246 3325; x_wconf 89' lang='lat' dir='ltr'><strong>gophoro</strong></span> <span class='ocrx_word' id='word_1_655' title='bbox 2278 3255 2445 3309; x_wconf 87' lang='lat' dir='ltr'><strong>tertio</strong></span> <span class='ocrx_word' id='word_1_656' title='bbox 2477 3256 2576 3310; x_wconf 91' lang='lat' dir='ltr'><strong>tibi</strong></span> <span class='ocrx_word' id='word_1_657' title='bbox 2620 3255 2948 3311; x_wconf 78' lang='lat' dir='ltr'><strong>Kerkoetius</strong></span> <span class='ocrx_word' id='word_1_658' title='bbox 2987 3257 3233 3325; x_wconf 89' lang='lat' dir='ltr'><strong>reposuit</strong></span> <span class='ocrx_word' id='word_1_659' title='bbox 3256 3255 3362 3325; x_wconf 88' lang='lat' dir='ltr'><strong>(e);</strong></span> <span class='ocrx_word' id='word_1_660' title='bbox 3395 3264 3587 3311; x_wconf 89' lang='lat' dir='ltr'><strong>contra</strong></span> 
     </span>
    </p>
   </div>
   <div class='ocr_carea' id='block_1_91' title="bbox 2001 3349 3586 3418">
    <p class='ocr_par' dir='ltr' id='par_1_91' title="bbox 2001 3349 3586 3418">
     <span class='ocr_line' id='line_1_91' title="bbox 2001 3349 3586 3418; baseline 0.005 -19"><span class='ocrx_word' id='word_1_661' title='bbox 2001 3363 2163 3417; x_wconf 91' lang='lat' dir='ltr'><strong>quem</strong></span> <span class='ocrx_word' id='word_1_662' title='bbox 2207 3355 2545 3418; x_wconf 86' lang='lat' dir='ltr'><strong>postremqu</strong></span> <span class='ocrx_word' id='word_1_663' title='bbox 2584 3349 2782 3401; x_wconf 88' lang='lat' dir='ltr'><strong>lihrttm</strong></span> <span class='ocrx_word' id='word_1_664' title='bbox 2813 3350 2949 3404; x_wconf 87' lang='lat' dir='ltr'><strong>nihil</strong></span> <span class='ocrx_word' id='word_1_665' title='bbox 2985 3351 3254 3405; x_wconf 82' lang='lat' dir='ltr'><strong>hactenus</strong></span> <span class='ocrx_word' id='word_1_666' title='bbox 3287 3351 3499 3406; x_wconf 76' lang='lat' dir='ltr'><strong>hiscere</strong></span> <span class='ocrx_word' id='word_1_667' title='bbox 3525 3370 3586 3407; x_wconf 85' lang='lat' dir='ltr'><strong>es</strong></span> 
     </span>
    </p>
   </div>
   <div class='ocr_carea' id='block_1_92' title="bbox 2001 3440 3582 3512">
    <p class='ocr_par' dir='ltr' id='par_1_92' title="bbox 2001 3440 3582 3512">
     <span class='ocr_line' id='line_1_92' title="bbox 2001 3440 3582 3512; baseline 0.003 -19"><span class='ocrx_word' id='word_1_668' title='bbox 2001 3454 2189 3494; x_wconf 89' lang='lat' dir='ltr'><strong>ausus.</strong></span> <span class='ocrx_word' id='word_1_669' title='bbox 2218 3440 2291 3496; x_wconf 80' lang='lat' dir='ltr'><strong>Ex</strong></span> <span class='ocrx_word' id='word_1_670' title='bbox 2323 3456 2389 3495; x_wconf 91' lang='lat' dir='ltr'><strong>eo</strong></span> <span class='ocrx_word' id='word_1_671' title='bbox 2415 3456 2714 3511; x_wconf 84' lang='lat' dir='ltr'><strong>cognosces</strong></span> <span class='ocrx_word' id='word_1_672' title='bbox 2737 3457 2902 3512; x_wconf 89' lang='lat' dir='ltr'><strong>quam</strong></span> <span class='ocrx_word' id='word_1_673' title='bbox 2926 3442 3153 3498; x_wconf 86' lang='lat' dir='ltr'><strong>sinistre</strong></span> <span class='ocrx_word' id='word_1_674' title='bbox 3184 3442 3369 3498; x_wconf 86' lang='lat' dir='ltr'><strong>Tertul</strong></span> <span class='ocrx_word' id='word_1_675' title='bbox 3399 3445 3582 3498; x_wconf 88' lang='lat' dir='ltr'><strong>ianum</strong></span> 
     </span>
    </p>
   </div>
   <div class='ocr_carea' id='block_1_93' title="bbox 2002 3534 3587 3605">
    <p class='ocr_par' dir='ltr' id='par_1_93' title="bbox 2002 3534 3587 3605">
     <span class='ocr_line' id='line_1_93' title="bbox 2002 3534 3587 3605; baseline 0.003 -19"><span class='ocrx_word' id='word_1_676' title='bbox 2002 3535 2287 3603; x_wconf 85' lang='lat' dir='ltr'><strong>acceperis</strong></span> <span class='ocrx_word' id='word_1_677' title='bbox 2322 3534 2374 3586; x_wconf 90' lang='lat' dir='ltr'><strong>in</strong></span> <span class='ocrx_word' id='word_1_678' title='bbox 2406 3534 2561 3589; x_wconf 87' lang='lat' dir='ltr'><strong>Notis</strong></span> <span class='ocrx_word' id='word_1_679' title='bbox 2608 3535 2680 3587; x_wconf 82' lang='lat' dir='ltr'><strong>ad</strong></span> <span class='ocrx_word' id='word_1_680' title='bbox 2721 3536 2844 3605; x_wconf 87' lang='lat' dir='ltr'><strong>ejus</strong></span> <span class='ocrx_word' id='word_1_681' title='bbox 2893 3535 3150 3598; x_wconf 84' lang='lat' dir='ltr'><strong>Pallium,</strong></span> <span class='ocrx_word' id='word_1_682' title='bbox 3200 3547 3253 3590; x_wconf 87' lang='lat' dir='ltr'><strong>ct</strong></span> <span class='ocrx_word' id='word_1_683' title='bbox 3294 3539 3409 3591; x_wconf 71' lang='lat' dir='ltr'><strong>lucc</strong></span> <span class='ocrx_word' id='word_1_684' title='bbox 3445 3539 3587 3591; x_wconf 88' lang='lat' dir='ltr'><strong>illius</strong></span> 
     </span>
    </p>
   </div>
   <div class='ocr_carea' id='block_1_94' title="bbox 2001 3628 3580 3699">
    <p class='ocr_par' dir='ltr' id='par_1_94' title="bbox 2001 3628 3580 3699">
     <span class='ocr_line' id='line_1_94' title="bbox 2001 3628 3580 3699; baseline 0.003 -22"><span class='ocrx_word' id='word_1_685' title='bbox 2001 3628 2165 3681; x_wconf 82' lang='lat' dir='ltr'><strong>verba</strong></span> <span class='ocrx_word' id='word_1_686' title='bbox 2198 3646 2210 3681; x_wconf 90' lang='lat'><strong>:</strong></span> <span class='ocrx_word' id='word_1_687' title='bbox 2251 3628 2569 3698; x_wconf 82' lang='lat' dir='ltr'><strong>Quanquam</strong></span> <span class='ocrx_word' id='word_1_688' title='bbox 2604 3638 2653 3681; x_wconf 89' lang='lat' dir='ltr'><strong>e!</strong></span> <span class='ocrx_word' id='word_1_689' title='bbox 2693 3643 2825 3696; x_wconf 79' lang='lat' dir='ltr'><strong>paro</strong></span> <span class='ocrx_word' id='word_1_690' title='bbox 2855 3629 3037 3697; x_wconf 88' lang='lat' dir='ltr'><strong>pluma</strong></span> <span class='ocrx_word' id='word_1_691' title='bbox 3078 3630 3254 3694; x_wconf 79' lang='lat' dir='ltr'><strong>restis,</strong></span> <span class='ocrx_word' id='word_1_692' title='bbox 3290 3640 3338 3682; x_wconf 90' lang='lat' dir='ltr'><strong>et</strong></span> <span class='ocrx_word' id='word_1_693' title='bbox 3372 3630 3580 3699; x_wconf 81' lang='lat' dir='ltr'><strong>quideu</strong></span> 
     </span>
    </p>
   </div>
   <div class='ocr_carea' id='block_1_95' title="bbox 2000 3720 3582 3792">
    <p class='ocr_par' dir='ltr' id='par_1_95' title="bbox 2000 3720 3582 3792">
     <span class='ocr_line' id='line_1_95' title="bbox 2000 3720 3582 3792; baseline 0.002 -21"><span class='ocrx_word' id='word_1_694' title='bbox 2000 3720 2064 3773; x_wconf 84' lang='lat' dir='ltr'><strong>de</strong></span> <span class='ocrx_word' id='word_1_695' title='bbox 2092 3720 2359 3773; x_wconf 84' lang='lat' dir='ltr'><strong>cataclitis</strong></span> <span class='ocrx_word' id='word_1_696' title='bbox 2400 3737 2417 3773; x_wconf 89' lang='lat'><strong><em>:</em></strong></span> <span class='ocrx_word' id='word_1_697' title='bbox 2462 3723 2567 3773; x_wconf 81' lang='lat' dir='ltr'><strong>into</strong></span> <span class='ocrx_word' id='word_1_698' title='bbox 2616 3722 2761 3774; x_wconf 90' lang='lat' dir='ltr'><strong>omni</strong></span> <span class='ocrx_word' id='word_1_699' title='bbox 2805 3721 3076 3791; x_wconf 75' lang='lat' dir='ltr'><strong>conchylio</strong></span> <span class='ocrx_word' id='word_1_700' title='bbox 3121 3721 3437 3788; x_wconf 65' lang='lat' dir='ltr'><strong>depressior.</strong></span> <span class='ocrx_word' id='word_1_701' title='bbox 3479 3739 3582 3792; x_wconf 80' lang='lat' dir='ltr'><strong>quo</strong></span> 
     </span>
    </p>
   </div>
   <div class='ocr_carea' id='block_1_96' title="bbox 2001 3813 3581 3882">
    <p class='ocr_par' dir='ltr' id='par_1_96' title="bbox 2001 3813 3581 3882">
     <span class='ocr_line' id='line_1_96' title="bbox 2001 3813 3581 3882; baseline 0.001 -16"><span class='ocrx_word' id='word_1_702' title='bbox 2001 3813 2138 3866; x_wconf 78' lang='lat' dir='ltr'><strong>colla</strong></span> <span class='ocrx_word' id='word_1_703' title='bbox 2176 3815 2365 3881; x_wconf 82' lang='lat' dir='ltr'><strong>ﬂorent</strong></span> <span class='ocrx_word' id='word_1_704' title='bbox 2389 3830 2407 3866; x_wconf 86' lang='lat'><strong><em>:</em></strong></span> <span class='ocrx_word' id='word_1_705' title='bbox 2445 3824 2493 3866; x_wconf 80' lang='lat' dir='ltr'><strong>et</strong></span> <span class='ocrx_word' id='word_1_706' title='bbox 2533 3815 2677 3866; x_wconf 88' lang='lat' dir='ltr'><strong>omni</strong></span> <span class='ocrx_word' id='word_1_707' title='bbox 2699 3814 2909 3882; x_wconf 83' lang='lat' dir='ltr'><strong>patagio</strong></span> <span class='ocrx_word' id='word_1_708' title='bbox 2940 3815 3260 3872; x_wconf 82' lang='lat' dir='ltr'><strong>iumtratior,</strong></span> <span class='ocrx_word' id='word_1_709' title='bbox 3302 3830 3407 3882; x_wconf 82' lang='lat' dir='ltr'><strong>qua</strong></span> <span class='ocrx_word' id='word_1_710' title='bbox 3437 3824 3581 3881; x_wconf 76' lang='lat' dir='ltr'><strong>terga</strong></span> 
     </span>
    </p>
   </div>
   <div class='ocr_carea' id='block_1_97' title="bbox 2001 3906 3578 3975">
    <p class='ocr_par' dir='ltr' id='par_1_97' title="bbox 2001 3906 3578 3975">
     <span class='ocr_line' id='line_1_97' title="bbox 2001 3906 3578 3975; baseline 0.002 -19"><span class='ocrx_word' id='word_1_711' title='bbox 2001 3906 2221 3974; x_wconf 76' lang='lat' dir='ltr'><strong>fulgent.</strong></span> <span class='ocrx_word' id='word_1_712' title='bbox 2256 3906 2386 3970; x_wconf 67' lang='lat' dir='ltr'><strong>Qua:</strong></span> <span class='ocrx_word' id='word_1_713' title='bbox 2435 3915 2489 3958; x_wconf 91' lang='lat' dir='ltr'><strong>tu</strong></span> <span class='ocrx_word' id='word_1_714' title='bbox 2531 3908 2610 3960; x_wconf 87' lang='lat' dir='ltr'><strong>sic</strong></span> <span class='ocrx_word' id='word_1_715' title='bbox 2661 3907 2713 3959; x_wconf 90' lang='lat' dir='ltr'><strong>in</strong></span> <span class='ocrx_word' id='word_1_716' title='bbox 2765 3907 2908 3959; x_wconf 91' lang='lat' dir='ltr'><strong>notis</strong></span> <span class='ocrx_word' id='word_1_717' title='bbox 2957 3922 3009 3975; x_wconf 92' lang='lat' dir='ltr'><strong>p.</strong></span> <span class='ocrx_word' id='word_1_718' title='bbox 3052 3908 3153 3958; x_wconf 65' lang='lat' dir='ltr'><strong>ltiti</strong></span> <span class='ocrx_word' id='word_1_719' title='bbox 3194 3909 3457 3975; x_wconf 72' lang='lat' dir='ltr'><strong>explicas,</strong></span> <span class='ocrx_word' id='word_1_720' title='bbox 3502 3911 3578 3960; x_wconf 91' lang='lat' dir='ltr'><strong>uti</strong></span> 
     </span>
    </p>
   </div>
   <div class='ocr_carea' id='block_1_98' title="bbox 2000 3997 3580 4066">
    <p class='ocr_par' dir='ltr' id='par_1_98' title="bbox 2000 3997 3580 4066">
     <span class='ocr_line' id='line_1_98' title="bbox 2000 3997 3580 4066; baseline 0.004 -18"><span class='ocrx_word' id='word_1_721' title='bbox 2000 3997 2141 4048; x_wconf 85' lang='lat' dir='ltr'><strong>collo</strong></span> <span class='ocrx_word' id='word_1_722' title='bbox 2174 3997 2295 4063; x_wconf 84' lang='lat' dir='ltr'><strong>pavi</strong></span> <span class='ocrx_word' id='word_1_723' title='bbox 2330 4013 2538 4049; x_wconf 87' lang='lat' dir='ltr'><strong>merum</strong></span> <span class='ocrx_word' id='word_1_724' title='bbox 2580 4014 2837 4066; x_wconf 75' lang='lat' dir='ltr'><strong>purpurze</strong></span> <span class='ocrx_word' id='word_1_725' title='bbox 2862 3998 3099 4051; x_wconf 82' lang='lat' dir='ltr'><strong>colorem</strong></span> <span class='ocrx_word' id='word_1_726' title='bbox 3130 4014 3189 4049; x_wconf 82' lang='lat' dir='ltr'><strong>ac</strong></span> <span class='ocrx_word' id='word_1_727' title='bbox 3227 4000 3408 4051; x_wconf 84' lang='lat' dir='ltr'><strong>lumen</strong></span> <span class='ocrx_word' id='word_1_728' title='bbox 3443 4005 3580 4054; x_wconf 81' lang='lat' dir='ltr'><strong>assi-</strong></span> 
     </span>
    </p>
   </div>
   <div class='ocr_carea' id='block_1_99' title="bbox 2000 4087 3578 4159">
    <p class='ocr_par' dir='ltr' id='par_1_99' title="bbox 2000 4087 3578 4159">
     <span class='ocr_line' id='line_1_99' title="bbox 2000 4087 3578 4159; baseline 0.002 -18"><span class='ocrx_word' id='word_1_729' title='bbox 2000 4105 2150 4157; x_wconf 80' lang='lat' dir='ltr'><strong>gues.</strong></span> <span class='ocrx_word' id='word_1_730' title='bbox 2182 4087 2357 4142; x_wconf 79' lang='lat' dir='ltr'><strong>Verba</strong></span> <span class='ocrx_word' id='word_1_731' title='bbox 2387 4098 2477 4141; x_wconf 89' lang='lat' dir='ltr'><strong>tua</strong></span> <span class='ocrx_word' id='word_1_732' title='bbox 2510 4100 2639 4141; x_wconf 89' lang='lat' dir='ltr'><strong>sunt</strong></span> <span class='ocrx_word' id='word_1_733' title='bbox 2677 4090 2742 4157; x_wconf 64' lang='grc' dir='ltr'><strong>(Γ)</strong></span> <span class='ocrx_word' id='word_1_734' title='bbox 2776 4108 2788 4142; x_wconf 88' lang='lat'><strong>:</strong></span> <span class='ocrx_word' id='word_1_735' title='bbox 2818 4090 3161 4159; x_wconf 71' lang='lat' dir='ltr'><strong>(ioue/rylium</strong></span> <span class='ocrx_word' id='word_1_736' title='bbox 3194 4090 3289 4144; x_wconf 87' lang='lat' dir='ltr'><strong>hoc</strong></span> <span class='ocrx_word' id='word_1_737' title='bbox 3317 4091 3429 4144; x_wconf 85' lang='lat' dir='ltr'><strong>loco</strong></span> <span class='ocrx_word' id='word_1_738' title='bbox 3464 4111 3578 4145; x_wconf 77' lang='lat' dir='ltr'><strong>ma-</strong></span> 
     </span>
    </p>
   </div>
   <div class='ocr_carea' id='block_1_100' title="bbox 1998 4178 3582 4252">
    <p class='ocr_par' dir='ltr' id='par_1_100' title="bbox 1998 4178 3582 4252">
     <span class='ocr_line' id='line_1_100' title="bbox 1998 4178 3582 4252; baseline 0.003 -19"><span class='ocrx_word' id='word_1_739' title='bbox 1998 4184 2079 4252; x_wconf 85' lang='lat' dir='ltr'><strong>gis</strong></span> <span class='ocrx_word' id='word_1_740' title='bbox 2112 4192 2210 4242; x_wconf 79' lang='lat' dir='ltr'><strong>cst,</strong></span> <span class='ocrx_word' id='word_1_741' title='bbox 2257 4192 2312 4233; x_wconf 88' lang='lat' dir='ltr'><strong>ut</strong></span> <span class='ocrx_word' id='word_1_742' title='bbox 2354 4182 2422 4233; x_wconf 81' lang='lat' dir='ltr'><strong>sil</strong></span> <span class='ocrx_word' id='word_1_743' title='bbox 2469 4182 2742 4251; x_wconf 77' lang='lat' dir='ltr'><strong>conrhy’iu</strong></span> <span class='ocrx_word' id='word_1_744' title='bbox 2772 4185 2875 4236; x_wconf 82' lang='lat' dir='ltr'><strong>sire</strong></span> <span class='ocrx_word' id='word_1_745' title='bbox 2904 4184 3240 4252; x_wconf 70' lang='lat' dir='ltr'><strong>conchyliato</strong></span> <span class='ocrx_word' id='word_1_746' title='bbox 3282 4178 3470 4245; x_wconf 52' lang='lat' dir='ltr'><strong>vestis,</strong></span> <span class='ocrx_word' id='word_1_747' title='bbox 3505 4187 3582 4237; x_wconf 82' lang='lat' dir='ltr'><strong>rc!</strong></span> 
     </span>
    </p>
   </div>
   <div class='ocr_carea' id='block_1_101' title="bbox 2000 4276 3579 4345">
    <p class='ocr_par' dir='ltr' id='par_1_101' title="bbox 2000 4276 3579 4345">
     <span class='ocr_line' id='line_1_101' title="bbox 2000 4276 3579 4345; baseline -0.001 -17"><span class='ocrx_word' id='word_1_748' title='bbox 2000 4276 2369 4345; x_wconf 72' lang='lat' dir='ltr'><strong>conchyliatus</strong></span> <span class='ocrx_word' id='word_1_749' title='bbox 2396 4278 2564 4337; x_wconf 83' lang='lat' dir='ltr'><strong>color,</strong></span> <span class='ocrx_word' id='word_1_750' title='bbox 2603 4292 2753 4345; x_wconf 74' lang='lat' dir='ltr'><strong>quem</strong></span> <span class='ocrx_word' id='word_1_751' title='bbox 2788 4294 2817 4327; x_wconf 90' lang='lat' dir='ltr'><strong>a</strong></span> <span class='ocrx_word' id='word_1_752' title='bbox 2848 4292 3083 4343; x_wconf 85' lang='lat' dir='ltr'><strong>purpura</strong></span> <span class='ocrx_word' id='word_1_753' title='bbox 3112 4292 3311 4343; x_wconf 70' lang='lat' dir='ltr'><strong>semper</strong></span> <span class='ocrx_word' id='word_1_754' title='bbox 3341 4288 3579 4330; x_wconf 73' lang='lat' dir='ltr'><strong>auctores</strong></span> 
     </span>
    </p>
   </div>
   <div class='ocr_carea' id='block_1_102' title="bbox 2000 4370 3580 4441">
    <p class='ocr_par' dir='ltr' id='par_1_102' title="bbox 2000 4370 3580 4441">
     <span class='ocr_line' id='line_1_102' title="bbox 2000 4370 3580 4441; baseline 0.001 -19"><span class='ocrx_word' id='word_1_755' title='bbox 2000 4370 2307 4423; x_wconf 75' lang='lat' dir='ltr'><strong>distina&#39;erc.</strong></span> <span class='ocrx_word' id='word_1_756' title='bbox 2350 4370 2485 4421; x_wconf 65' lang='lat' dir='ltr'><strong>Nam</strong></span> <span class='ocrx_word' id='word_1_757' title='bbox 2521 4370 2851 4439; x_wconf 79' lang='lat' dir='ltr'><strong>conchylium</strong></span> <span class='ocrx_word' id='word_1_758' title='bbox 2886 4372 3078 4425; x_wconf 77' lang='lat' dir='ltr'><strong>co&#39;oris</strong></span> <span class='ocrx_word' id='word_1_759' title='bbox 3114 4389 3274 4441; x_wconf 54' lang='lat' dir='ltr'><strong>{unus</strong></span> <span class='ocrx_word' id='word_1_760' title='bbox 3305 4382 3378 4425; x_wconf 81' lang='lat' dir='ltr'><strong>cst</strong></span> <span class='ocrx_word' id='word_1_761' title='bbox 3416 4373 3580 4424; x_wconf 80' lang='lat' dir='ltr'><strong>multo</strong></span> 
     </span>
    </p>
   </div>
   <div class='ocr_carea' id='block_1_103' title="bbox 1926 4443 3581 4530">
    <p class='ocr_par' dir='ltr' id='par_1_103' title="bbox 1926 4443 3581 4530">
     <span class='ocr_line' id='line_1_103' title="bbox 1926 4443 3581 4530; baseline 0.004 -20"><span class='ocrx_word' id='word_1_762' title='bbox 1926 4443 1971 4498; x_wconf 80' lang='grc' dir='ltr'><strong>Ῑ)</strong></span> <span class='ocrx_word' id='word_1_763' title='bbox 2002 4460 2257 4528; x_wconf 82' lang='lat' dir='ltr'><strong>pollitlius</strong></span> <span class='ocrx_word' id='word_1_764' title='bbox 2290 4459 2613 4530; x_wconf 77' lang='lat' dir='ltr'><strong>dilutiusque</strong></span> <span class='ocrx_word' id='word_1_765' title='bbox 2644 4477 2899 4530; x_wconf 86' lang='lat' dir='ltr'><strong>purpura.</strong></span> <span class='ocrx_word' id='word_1_766' title='bbox 2940 4462 3006 4515; x_wconf 77' lang='lat' dir='ltr'><strong>Ut</strong></span> <span class='ocrx_word' id='word_1_767' title='bbox 3041 4465 3233 4516; x_wconf 81' lang='lat' dir='ltr'><strong>mirum</strong></span> <span class='ocrx_word' id='word_1_768' title='bbox 3278 4481 3378 4517; x_wconf 85' lang='lat' dir='ltr'><strong>non</strong></span> <span class='ocrx_word' id='word_1_769' title='bbox 3420 4466 3489 4517; x_wconf 85' lang='lat' dir='ltr'><strong>sit</strong></span> <span class='ocrx_word' id='word_1_770' title='bbox 3535 4465 3581 4516; x_wconf 64' lang='lat' dir='ltr'><strong>si</strong></span> 
     </span>
    </p>
   </div>
   <div class='ocr_carea' id='block_1_104' title="bbox 1995 4555 3575 4628">
    <p class='ocr_par' dir='ltr' id='par_1_104' title="bbox 1995 4555 3575 4628">
     <span class='ocr_line' id='line_1_104' title="bbox 1995 4555 3575 4628; baseline 0.003 -22"><span class='ocrx_word' id='word_1_771' title='bbox 1995 4555 2133 4607; x_wconf 84' lang='lat' dir='ltr'><strong>colla</strong></span> <span class='ocrx_word' id='word_1_772' title='bbox 2183 4571 2463 4622; x_wconf 68' lang='lat' dir='ltr'><strong>pavonum,</strong></span> <span class='ocrx_word' id='word_1_773' title='bbox 2496 4573 2612 4625; x_wconf 77' lang='lat' dir='ltr'><strong>qua!</strong></span> <span class='ocrx_word' id='word_1_774' title='bbox 2657 4574 2798 4610; x_wconf 87' lang='lat' dir='ltr'><strong>mero</strong></span> <span class='ocrx_word' id='word_1_775' title='bbox 2844 4574 3091 4625; x_wconf 60' lang='lat' dir='ltr'><strong>purpura?</strong></span> <span class='ocrx_word' id='word_1_776' title='bbox 3133 4559 3328 4611; x_wconf 74' lang='lat' dir='ltr'><strong>lumine</strong></span> <span class='ocrx_word' id='word_1_777' title='bbox 3367 4561 3575 4628; x_wconf 79' lang='lat' dir='ltr'><strong>ﬂorent,</strong></span> 
     </span>
    </p>
   </div>
   <div class='ocr_carea' id='block_1_105' title="bbox 1999 4645 3577 4715">
    <p class='ocr_par' dir='ltr' id='par_1_105' title="bbox 1999 4645 3577 4715">
     <span class='ocr_line' id='line_1_105' title="bbox 1999 4645 3577 4715; baseline 0.004 -20"><span class='ocrx_word' id='word_1_778' title='bbox 1999 4645 2143 4695; x_wconf 75' lang='grc' dir='ltr'><strong>οηιηὶ</strong></span> <span class='ocrx_word' id='word_1_779' title='bbox 2185 4645 2459 4711; x_wconf 73' lang='lat' dir='ltr'><strong>conchylio</strong></span> <span class='ocrx_word' id='word_1_780' title='bbox 2492 4650 2754 4715; x_wconf 75' lang='lat' dir='ltr'><strong>vegetiora</strong></span> <span class='ocrx_word' id='word_1_781' title='bbox 2796 4649 2987 4701; x_wconf 72' lang='lat' dir='ltr'><strong>(lia‘crit</strong></span> <span class='ocrx_word' id='word_1_782' title='bbox 3028 4647 3431 4712; x_wconf 83' lang='lat' dir='ltr'><strong>Tcrtulliauus;</strong></span> <span class='ocrx_word' id='word_1_783' title='bbox 3461 4668 3577 4702; x_wconf 83' lang='lat' dir='ltr'><strong>cum</strong></span> 
     </span>
    </p>
   </div>
   <div class='ocr_carea' id='block_1_106' title="bbox 1999 4736 3576 4808">
    <p class='ocr_par' dir='ltr' id='par_1_106' title="bbox 1999 4736 3576 4808">
     <span class='ocr_line' id='line_1_106' title="bbox 1999 4736 3576 4808; baseline 0.004 -21"><span class='ocrx_word' id='word_1_784' title='bbox 1999 4736 2271 4806; x_wconf 81' lang='lat' dir='ltr'><strong>conchylia</strong></span> <span class='ocrx_word' id='word_1_785' title='bbox 2303 4739 2483 4789; x_wconf 87' lang='lat' dir='ltr'><strong>omnia</strong></span> <span class='ocrx_word' id='word_1_786' title='bbox 2518 4740 2852 4792; x_wconf 84' lang='lat' dir='ltr'><strong>saturitatem</strong></span> <span class='ocrx_word' id='word_1_787' title='bbox 2885 4739 3035 4791; x_wconf 83' lang='lat' dir='ltr'><strong>illam</strong></span> <span class='ocrx_word' id='word_1_788' title='bbox 3072 4742 3222 4808; x_wconf 78' lang='lat' dir='ltr'><strong>[loris</strong></span> <span class='ocrx_word' id='word_1_789' title='bbox 3264 4758 3327 4793; x_wconf 79' lang='lat' dir='ltr'><strong>ac</strong></span> <span class='ocrx_word' id='word_1_790' title='bbox 3363 4743 3576 4795; x_wconf 80' lang='lat' dir='ltr'><strong>lmninis</strong></span> 
     </span>
    </p>
   </div>
   <div class='ocr_carea' id='block_1_107' title="bbox 1999 4829 3578 4901">
    <p class='ocr_par' dir='ltr' id='par_1_107' title="bbox 1999 4829 3578 4901">
     <span class='ocr_line' id='line_1_107' title="bbox 1999 4829 3578 4901; baseline 0.002 -21"><span class='ocrx_word' id='word_1_791' title='bbox 1999 4845 2101 4880; x_wconf 85' lang='lat' dir='ltr'><strong>non</strong></span> <span class='ocrx_word' id='word_1_792' title='bbox 2132 4829 2377 4889; x_wconf 78' lang='lat' dir='ltr'><strong>habeant,</strong></span> <span class='ocrx_word' id='word_1_793' title='bbox 2410 4847 2567 4899; x_wconf 80' lang='lat' dir='ltr'><strong>quam</strong></span> <span class='ocrx_word' id='word_1_794' title='bbox 2619 4831 2771 4884; x_wconf 80' lang='lat' dir='ltr'><strong>habet</strong></span> <span class='ocrx_word' id='word_1_795' title='bbox 2822 4847 3076 4901; x_wconf 86' lang='lat' dir='ltr'><strong>purpura.</strong></span> <span class='ocrx_word' id='word_1_796' title='bbox 3133 4834 3300 4901; x_wconf 74' lang='lat' dir='ltr'><strong>igitur</strong></span> <span class='ocrx_word' id='word_1_797' title='bbox 3343 4834 3394 4885; x_wconf 93' lang='lat' dir='ltr'><strong>in</strong></span> <span class='ocrx_word' id='word_1_798' title='bbox 3438 4834 3578 4887; x_wconf 84' lang='lat' dir='ltr'><strong>collo</strong></span> 
     </span>
    </p>
   </div>
   <div class='ocr_carea' id='block_1_108' title="bbox 1998 4923 3574 4995">
    <p class='ocr_par' dir='ltr' id='par_1_108' title="bbox 1998 4923 3574 4995">
     <span class='ocr_line' id='line_1_108' title="bbox 1998 4923 3574 4995; baseline 0.001 -20"><span class='ocrx_word' id='word_1_799' title='bbox 1998 4923 2227 4992; x_wconf 85' lang='lat' dir='ltr'><strong>pavonis</strong></span> <span class='ocrx_word' id='word_1_800' title='bbox 2265 4924 2445 4977; x_wconf 87' lang='lat' dir='ltr'><strong>inesse.</strong></span> <span class='ocrx_word' id='word_1_801' title='bbox 2484 4925 2659 4978; x_wconf 90' lang='lat' dir='ltr'><strong>sentis</strong></span> <span class='ocrx_word' id='word_1_802' title='bbox 2693 4939 2804 4978; x_wconf 90' lang='lat' dir='ltr'><strong>non</strong></span> <span class='ocrx_word' id='word_1_803' title='bbox 2837 4924 3267 4995; x_wconf 82' lang='lat' dir='ltr'><strong>conchyliatum,</strong></span> <span class='ocrx_word' id='word_1_804' title='bbox 3318 4926 3419 4979; x_wconf 93' lang='lat' dir='ltr'><strong>hoc</strong></span> <span class='ocrx_word' id='word_1_805' title='bbox 3471 4934 3574 4989; x_wconf 79' lang='lat' dir='ltr'><strong>est,</strong></span> 
     </span>
    </p>
   </div>
   <div class='ocr_carea' id='block_1_109' title="bbox 1998 5015 3572 5087">
    <p class='ocr_par' dir='ltr' id='par_1_109' title="bbox 1998 5015 3572 5087">
     <span class='ocr_line' id='line_1_109' title="bbox 1998 5015 3572 5087; baseline 0.003 -20"><span class='ocrx_word' id='word_1_806' title='bbox 1998 5015 2230 5067; x_wconf 84' lang='lat' dir='ltr'><strong>dilutum</strong></span> <span class='ocrx_word' id='word_1_807' title='bbox 2270 5030 2332 5067; x_wconf 92' lang='lat' dir='ltr'><strong>ac</strong></span> <span class='ocrx_word' id='word_1_808' title='bbox 2361 5015 2700 5084; x_wconf 87' lang='lat' dir='ltr'><strong>pallidiorem</strong></span> <span class='ocrx_word' id='word_1_809' title='bbox 2728 5018 2987 5079; x_wconf 87' lang='lat' dir='ltr'><strong>colorem,</strong></span> <span class='ocrx_word' id='word_1_810' title='bbox 3024 5018 3115 5072; x_wconf 87' lang='lat' dir='ltr'><strong>sed</strong></span> <span class='ocrx_word' id='word_1_811' title='bbox 3147 5034 3477 5087; x_wconf 85' lang='lat' dir='ltr'><strong>purpureum</strong></span> <span class='ocrx_word' id='word_1_812' title='bbox 3509 5036 3572 5077; x_wconf 72' lang='lat' dir='ltr'><strong>ex</strong></span> 
     </span>
    </p>
   </div>
   <div class='ocr_carea' id='block_1_110' title="bbox 1998 5108 3571 5181">
    <p class='ocr_par' dir='ltr' id='par_1_110' title="bbox 1998 5108 3571 5181">
     <span class='ocr_line' id='line_1_110' title="bbox 1998 5108 3571 5181; baseline 0.002 -21"><span class='ocrx_word' id='word_1_813' title='bbox 1998 5108 2087 5162; x_wconf 88' lang='lat' dir='ltr'><strong>illa</strong></span> <span class='ocrx_word' id='word_1_814' title='bbox 2126 5124 2271 5162; x_wconf 84' lang='lat' dir='ltr'><strong>lucra</strong></span> <span class='ocrx_word' id='word_1_815' title='bbox 2307 5118 2359 5163; x_wconf 89' lang='lat' dir='ltr'><strong>et</strong></span> <span class='ocrx_word' id='word_1_816' title='bbox 2395 5117 2580 5163; x_wconf 88' lang='lat' dir='ltr'><strong>satura</strong></span> <span class='ocrx_word' id='word_1_817' title='bbox 2625 5125 2885 5180; x_wconf 87' lang='lat' dir='ltr'><strong>purpura.</strong></span> <span class='ocrx_word' id='word_1_818' title='bbox 2920 5108 3030 5163; x_wconf 90' lang='lat' dir='ltr'><strong>lmo</strong></span> <span class='ocrx_word' id='word_1_819' title='bbox 3062 5126 3190 5165; x_wconf 86' lang='lat' dir='ltr'><strong>vero</strong></span> <span class='ocrx_word' id='word_1_820' title='bbox 3227 5112 3367 5164; x_wconf 87' lang='lat' dir='ltr'><strong>hanc</strong></span> <span class='ocrx_word' id='word_1_821' title='bbox 3399 5110 3571 5181; x_wconf 81' lang='lat' dir='ltr'><strong>ipsum</strong></span> 
     </span>
    </p>
   </div>
   <div class='ocr_carea' id='block_1_111' title="bbox 1999 5184 3572 5273">
    <p class='ocr_par' dir='ltr' id='par_1_111' title="bbox 1999 5202 3572 5273">
     <span class='ocr_line' id='line_1_111' title="bbox 1999 5202 3572 5273; baseline 0.003 -21"><span class='ocrx_word' id='word_1_822' title='bbox 1999 5217 2295 5270; x_wconf 88' lang='lat' dir='ltr'><strong>purpuram</strong></span> <span class='ocrx_word' id='word_1_823' title='bbox 2330 5202 2549 5272; x_wconf 74' lang='lat' dir='ltr'><strong>Tyriam</strong></span> <span class='ocrx_word' id='word_1_824' title='bbox 2593 5220 2714 5256; x_wconf 75' lang='lat' dir='ltr'><strong>esse</strong></span> <span class='ocrx_word' id='word_1_825' title='bbox 2751 5219 2813 5257; x_wconf 87' lang='lat' dir='ltr'><strong>ac</strong></span> <span class='ocrx_word' id='word_1_826' title='bbox 2845 5204 3135 5273; x_wconf 75' lang='lat' dir='ltr'><strong>tlibapbatu</strong></span> <span class='ocrx_word' id='word_1_827' title='bbox 3181 5204 3308 5257; x_wconf 86' lang='lat' dir='ltr'><strong>alibi</strong></span> <span class='ocrx_word' id='word_1_828' title='bbox 3343 5202 3572 5256; x_wconf 83' lang='lat' dir='ltr'><strong>demou-</strong></span> 
     </span>
    </p>
   </div>
   <div class='ocr_carea' id='block_1_112' title="bbox 1999 5294 3574 5367">
    <p class='ocr_par' dir='ltr' id='par_1_112' title="bbox 1999 5294 3574 5367">
     <span class='ocr_line' id='line_1_112' title="bbox 1999 5294 3574 5367; baseline 0.002 -22"><span class='ocrx_word' id='word_1_829' title='bbox 1999 5300 2143 5345; x_wconf 81' lang='lat' dir='ltr'><strong>stras</strong></span> <span class='ocrx_word' id='word_1_830' title='bbox 2165 5294 2305 5362; x_wconf 75' lang='lat' dir='ltr'><strong>(pag.</strong></span> <span class='ocrx_word' id='word_1_831' title='bbox 2336 5294 2453 5349; x_wconf 58' lang='lat' dir='ltr'><strong>ltili.</strong></span> <span class='ocrx_word' id='word_1_832' title='bbox 2482 5295 2601 5364; x_wconf 63' lang='lat'><strong>197)</strong></span> <span class='ocrx_word' id='word_1_833' title='bbox 2625 5295 2718 5365; x_wconf 65' lang='grc' dir='ltr'><strong>(ῃ),</strong></span> <span class='ocrx_word' id='word_1_834' title='bbox 2756 5312 2878 5349; x_wconf 88' lang='lat' dir='ltr'><strong>cum</strong></span> <span class='ocrx_word' id='word_1_835' title='bbox 2902 5296 3086 5349; x_wconf 84' lang='lat' dir='ltr'><strong>florem</strong></span> <span class='ocrx_word' id='word_1_836' title='bbox 3112 5296 3260 5348; x_wconf 90' lang='lat' dir='ltr'><strong>illum</strong></span> <span class='ocrx_word' id='word_1_837' title='bbox 3282 5295 3574 5367; x_wconf 74' lang='lat' dir='ltr'><strong>conchylio</strong></span> 
     </span>
    </p>
   </div>
   <div class='ocr_carea' id='block_1_113' title="bbox 1998 5386 3573 5461">
    <p class='ocr_par' dir='ltr' id='par_1_113' title="bbox 1998 5386 3573 5461">
     <span class='ocr_line' id='line_1_113' title="bbox 1998 5386 3573 5461; baseline 0 -23"><span class='ocrx_word' id='word_1_838' title='bbox 1998 5386 2333 5455; x_wconf 80' lang='lat' dir='ltr'><strong>pressiorcm</strong></span> <span class='ocrx_word' id='word_1_839' title='bbox 2366 5386 2418 5437; x_wconf 89' lang='lat' dir='ltr'><strong>iu</strong></span> <span class='ocrx_word' id='word_1_840' title='bbox 2446 5388 2586 5439; x_wconf 87' lang='lat' dir='ltr'><strong>collo</strong></span> <span class='ocrx_word' id='word_1_841' title='bbox 2618 5388 2846 5455; x_wconf 71' lang='lat' dir='ltr'><strong>pavonis</strong></span> <span class='ocrx_word' id='word_1_842' title='bbox 2870 5390 3215 5443; x_wconf 83' lang='lat' dir='ltr'><strong>concolorctu</strong></span> <span class='ocrx_word' id='word_1_843' title='bbox 3240 5406 3360 5445; x_wconf 89' lang='lat' dir='ltr'><strong>esse</strong></span> <span class='ocrx_word' id='word_1_844' title='bbox 3383 5392 3573 5461; x_wconf 86' lang='lat' dir='ltr'><strong>dispu.</strong></span> 
     </span>
    </p>
   </div>
   <div class='ocr_carea' id='block_1_114' title="bbox 2068 5524 2547 5595">
    <p class='ocr_par' dir='ltr' id='par_1_114' title="bbox 2068 5524 2547 5595">
     <span class='ocr_line' id='line_1_114' title="bbox 2068 5524 2547 5595; baseline -0.004 -18"><span class='ocrx_word' id='word_1_845' title='bbox 2068 5524 2138 5591; x_wconf 77' lang='grc' dir='ltr'><strong>(ε)</strong></span> <span class='ocrx_word' id='word_1_846' title='bbox 2168 5524 2295 5591; x_wconf 74' lang='lat' dir='ltr'><strong>l’ag.</strong></span> <span class='ocrx_word' id='word_1_847' title='bbox 2335 5526 2400 5577; x_wconf 68' lang='lat'><strong>&#39;72</strong></span> <span class='ocrx_word' id='word_1_848' title='bbox 2430 5542 2547 5595; x_wconf 82' lang='lat' dir='ltr'><strong>sqq.</strong></span> 
     </span>
    </p>
   </div>
   <div class='ocr_carea' id='block_1_115' title="bbox 2071 5595 2895 5665">
    <p class='ocr_par' dir='ltr' id='par_1_115' title="bbox 2071 5595 2895 5665">
     <span class='ocr_line' id='line_1_115' title="bbox 2071 5595 2895 5665; baseline -0.018 -6"><span class='ocrx_word' id='word_1_849' title='bbox 2071 5598 2139 5661; x_wconf 80' lang='lat' dir='ltr'><strong>ll)</strong></span> <span class='ocrx_word' id='word_1_850' title='bbox 2179 5595 2318 5648; x_wconf 67' lang='lat' dir='ltr'><strong>I&#39;Idit.</strong></span> <span class='ocrx_word' id='word_1_851' title='bbox 2353 5598 2662 5651; x_wconf 55' lang='lat' dir='ltr'><strong>novissima!</strong></span> <span class='ocrx_word' id='word_1_852' title='bbox 2693 5615 2743 5665; x_wconf 81' lang='lat' dir='ltr'><strong>p,</strong></span> <span class='ocrx_word' id='word_1_853' title='bbox 2775 5601 2895 5653; x_wconf 63' lang='lat' dir='ltr'><strong>18L</strong></span> 
     </span>
    </p>
   </div>
   <div class='ocr_carea' id='block_1_116' title="bbox 2072 5665 2898 5741">
    <p class='ocr_par' dir='ltr' id='par_1_116' title="bbox 2072 5665 2898 5741">
     <span class='ocr_line' id='line_1_116' title="bbox 2072 5665 2898 5741; baseline 0.01 -23"><span class='ocrx_word' id='word_1_854' title='bbox 2072 5665 2144 5734; x_wconf 80' lang='lat' dir='ltr'><strong>(g)</strong></span> <span class='ocrx_word' id='word_1_855' title='bbox 2176 5665 2315 5720; x_wconf 79' lang='lat' dir='ltr'><strong>Edit.</strong></span> <span class='ocrx_word' id='word_1_856' title='bbox 2354 5669 2663 5723; x_wconf 70' lang='lat' dir='ltr'><strong>uorissiuue</strong></span> <span class='ocrx_word' id='word_1_857' title='bbox 2692 5686 2743 5741; x_wconf 89' lang='lat' dir='ltr'><strong>p.</strong></span> <span class='ocrx_word' id='word_1_858' title='bbox 2778 5672 2898 5726; x_wconf 81' lang='grc'><strong>175.</strong></span> 
     </span>
    </p>
   </div>
  </div>
