  <div class='ocr_page' id='page_1' title='image "/cluster/home/n/w/nwhite01/storage/ocr_20150623/43/hvd.32044054272794/341.png"; bbox 0 0 4028 6220; ppageno 0'>
   <div class='ocr_carea' id='block_1_1' title="bbox 454 232 3681 325">
    <p class='ocr_par' dir='ltr' id='par_1_1' title="bbox 454 232 3681 325">
     <span class='ocr_line' id='line_1_1' title="bbox 454 232 3681 325; baseline 0.002 -39"><span class='ocrx_word' id='word_1_1' title='bbox 454 232 549 289; x_wconf 68' lang='lat' dir='ltr'><strong>ttat</strong></span> <span class='ocrx_word' id='word_1_2' title='bbox 1824 238 2002 296; x_wconf 72' lang='lat' dir='ltr'><strong>Dtoa.</strong></span> <span class='ocrx_word' id='word_1_3' title='bbox 2047 234 2388 297; x_wconf 79' lang='lat' dir='ltr'><strong>I&#39;ETAVIUS</strong></span> <span class='ocrx_word' id='word_1_4' title='bbox 3084 311 3095 325; x_wconf 26' lang='grc' dir='ltr'>κ</span> <span class='ocrx_word' id='word_1_5' title='bbox 3588 241 3681 294; x_wconf 67' lang='grc' dir='ltr'>οδε</span> 
     </span>
    </p>
   </div>
   <div class='ocr_carea' id='block_1_2' title="bbox 456 348 3683 424">
    <p class='ocr_par' dir='ltr' id='par_1_2' title="bbox 456 348 3683 424">
     <span class='ocr_line' id='line_1_2' title="bbox 456 348 3683 424; baseline 0.002 -22"><span class='ocrx_word' id='word_1_6' title='bbox 456 360 542 405; x_wconf 86' lang='lat' dir='ltr'><strong>tas</strong></span> <span class='ocrx_word' id='word_1_7' title='bbox 592 348 944 420; x_wconf 85' lang='lat' dir='ltr'><strong>Babylonicis</strong></span> <span class='ocrx_word' id='word_1_8' title='bbox 988 354 1233 407; x_wconf 87' lang='lat' dir='ltr'><strong>vestibus</strong></span> <span class='ocrx_word' id='word_1_9' title='bbox 1276 352 1675 408; x_wconf 81' lang='lat' dir='ltr'><strong>tricliniaribus</strong></span> <span class='ocrx_word' id='word_1_10' title='bbox 1706 365 1799 411; x_wconf 86' lang='lat' dir='ltr'><strong>aut</strong></span> <span class='ocrx_word' id='word_1_11' title='bbox 1828 360 2049 413; x_wconf 87' lang='lat' dir='ltr'><strong>accubi-</strong></span> <span class='ocrx_word' id='word_1_12' title='bbox 2081 369 2121 420; x_wconf 80' lang='grc' dir='ltr'>Α</span> <span class='ocrx_word' id='word_1_13' title='bbox 2156 360 2318 414; x_wconf 87' lang='lat' dir='ltr'><strong>modo</strong></span> <span class='ocrx_word' id='word_1_14' title='bbox 2350 372 2551 412; x_wconf 84' lang='lat' dir='ltr'><strong>vexare</strong></span> <span class='ocrx_word' id='word_1_15' title='bbox 2601 356 2803 412; x_wconf 91' lang='lat' dir='ltr'><strong>studet.</strong></span> <span class='ocrx_word' id='word_1_16' title='bbox 2853 353 3152 411; x_wconf 78' lang='lat' dir='ltr'><strong>Verissima</strong></span> <span class='ocrx_word' id='word_1_17' title='bbox 3202 353 3389 409; x_wconf 88' lang='lat' dir='ltr'><strong>scribit</strong></span> <span class='ocrx_word' id='word_1_18' title='bbox 3425 368 3554 419; x_wconf 87' lang='lat' dir='ltr'><strong>csse,</strong></span> <span class='ocrx_word' id='word_1_19' title='bbox 3579 366 3683 424; x_wconf 67' lang='lat' dir='ltr'><strong>qua:</strong></span> 
     </span>
    </p>
   </div>
   <div class='ocr_carea' id='block_1_3' title="bbox 457 444 2042 521">
    <p class='ocr_par' dir='ltr' id='par_1_3' title="bbox 457 444 2042 521">
     <span class='ocr_line' id='line_1_3' title="bbox 457 444 2042 521; baseline 0.007 -25"><span class='ocrx_word' id='word_1_20' title='bbox 457 444 686 506; x_wconf 89' lang='lat' dir='ltr'><strong>talibus,</strong></span> <span class='ocrx_word' id='word_1_21' title='bbox 733 461 874 515; x_wconf 86' lang='lat' dir='ltr'><strong>quas</strong></span> <span class='ocrx_word' id='word_1_22' title='bbox 924 446 1195 514; x_wconf 88' lang='lat' dir='ltr'><strong>dibaphas</strong></span> <span class='ocrx_word' id='word_1_23' title='bbox 1247 444 1443 515; x_wconf 85' lang='lat' dir='ltr'><strong>Tyrias</strong></span> <span class='ocrx_word' id='word_1_24' title='bbox 1495 463 1617 503; x_wconf 89' lang='lat' dir='ltr'><strong>esse</strong></span> <span class='ocrx_word' id='word_1_25' title='bbox 1661 451 1938 521; x_wconf 84' lang='lat' dir='ltr'><strong>signiﬁcas</strong></span> <span class='ocrx_word' id='word_1_26' title='bbox 1977 469 2042 507; x_wconf 82' lang='lat' dir='ltr'><strong>ex</strong></span> 
     </span>
    </p>
   </div>
   <div class='ocr_carea' id='block_1_4' title="bbox 458 534 2044 611">
    <p class='ocr_par' dir='ltr' id='par_1_4' title="bbox 458 534 2044 611">
     <span class='ocr_line' id='line_1_4' title="bbox 458 534 2044 611; baseline 0.006 -24"><span class='ocrx_word' id='word_1_27' title='bbox 458 534 715 589; x_wconf 83' lang='lat' dir='ltr'><strong>Cornelio</strong></span> <span class='ocrx_word' id='word_1_28' title='bbox 746 535 955 606; x_wconf 87' lang='lat' dir='ltr'><strong>Nepote</strong></span> <span class='ocrx_word' id='word_1_29' title='bbox 979 535 1121 605; x_wconf 87' lang='lat' dir='ltr'><strong>apud</strong></span> <span class='ocrx_word' id='word_1_30' title='bbox 1154 535 1395 590; x_wconf 87' lang='lat' dir='ltr'><strong>Plinium</strong></span> <span class='ocrx_word' id='word_1_31' title='bbox 1424 538 1518 593; x_wconf 87' lang='lat' dir='ltr'><strong>lib.</strong></span> <span class='ocrx_word' id='word_1_32' title='bbox 1546 555 1623 605; x_wconf 76' lang='lat' dir='ltr'><strong>Ix,</strong></span> <span class='ocrx_word' id='word_1_33' title='bbox 1655 558 1776 611; x_wconf 97' lang='lat' dir='ltr'><strong>cap.</strong></span> <span class='ocrx_word' id='word_1_34' title='bbox 1809 544 1897 598; x_wconf 84' lang='grc'><strong>59.</strong></span> <span class='ocrx_word' id='word_1_35' title='bbox 1927 546 2044 611; x_wconf 89' lang='lat' dir='ltr'><strong>Qua</strong></span> 
     </span>
    </p>
   </div>
   <div class='ocr_carea' id='block_1_5' title="bbox 459 626 2045 699">
    <p class='ocr_par' dir='ltr' id='par_1_5' title="bbox 459 626 2045 699">
     <span class='ocr_line' id='line_1_5' title="bbox 459 626 2045 699; baseline 0.008 -21"><span class='ocrx_word' id='word_1_36' title='bbox 459 626 513 679; x_wconf 93' lang='lat' dir='ltr'><strong>in</strong></span> <span class='ocrx_word' id='word_1_37' title='bbox 548 628 1008 696; x_wconf 75' lang='lat' dir='ltr'><strong>interpretatione</strong></span> <span class='ocrx_word' id='word_1_38' title='bbox 1052 626 1250 696; x_wconf 80' lang='lat' dir='ltr'><strong>duplex</strong></span> <span class='ocrx_word' id='word_1_39' title='bbox 1297 639 1380 683; x_wconf 71' lang='lat' dir='ltr'><strong>est</strong></span> <span class='ocrx_word' id='word_1_40' title='bbox 1432 639 1648 699; x_wconf 85' lang='lat' dir='ltr'><strong>stupor.</strong></span> <span class='ocrx_word' id='word_1_41' title='bbox 1690 633 1955 699; x_wconf 87' lang='lat' dir='ltr'><strong>Primum,</strong></span> <span class='ocrx_word' id='word_1_42' title='bbox 1998 638 2045 693; x_wconf 89' lang='lat' dir='ltr'><strong>si</strong></span> 
     </span>
    </p>
   </div>
   <div class='ocr_carea' id='block_1_6' title="bbox 461 715 2044 799">
    <p class='ocr_par' dir='ltr' id='par_1_6' title="bbox 461 715 2044 799">
     <span class='ocr_line' id='line_1_6' title="bbox 461 715 2044 799; baseline 0.009 -32"><span class='ocrx_word' id='word_1_43' title='bbox 461 717 584 770; x_wconf 89' lang='lat' dir='ltr'><strong>ideo</strong></span> <span class='ocrx_word' id='word_1_44' title='bbox 613 715 987 770; x_wconf 87' lang='lat' dir='ltr'><strong>Tertulliauus</strong></span> <span class='ocrx_word' id='word_1_45' title='bbox 1021 718 1223 772; x_wconf 93' lang='lat' dir='ltr'><strong>collum</strong></span> <span class='ocrx_word' id='word_1_46' title='bbox 1261 724 1490 789; x_wconf 85' lang='lat' dir='ltr'><strong>pavonis</strong></span> <span class='ocrx_word' id='word_1_47' title='bbox 1522 725 1771 794; x_wconf 88' lang='lat' dir='ltr'><strong>quolibet</strong></span> <span class='ocrx_word' id='word_1_48' title='bbox 1800 730 2044 799; x_wconf 85' lang='lat' dir='ltr'><strong>conchy-</strong></span> 
     </span>
    </p>
   </div>
   <div class='ocr_carea' id='block_1_7' title="bbox 460 806 2046 890">
    <p class='ocr_par' dir='ltr' id='par_1_7' title="bbox 460 806 2046 890">
     <span class='ocr_line' id='line_1_7' title="bbox 460 806 2046 890; baseline 0.01 -32"><span class='ocrx_word' id='word_1_49' title='bbox 460 807 533 860; x_wconf 91' lang='lat' dir='ltr'><strong>lio</strong></span> <span class='ocrx_word' id='word_1_50' title='bbox 568 806 813 877; x_wconf 50' lang='lat' dir='ltr'><strong>vegetius</strong></span> <span class='ocrx_word' id='word_1_51' title='bbox 842 822 964 863; x_wconf 86' lang='lat' dir='ltr'><strong>esse</strong></span> <span class='ocrx_word' id='word_1_52' title='bbox 986 809 1144 874; x_wconf 87' lang='lat' dir='ltr'><strong>dicit,</strong></span> <span class='ocrx_word' id='word_1_53' title='bbox 1175 813 1303 880; x_wconf 85' lang='lat' dir='ltr'><strong>quia</strong></span> <span class='ocrx_word' id='word_1_54' title='bbox 1335 829 1636 884; x_wconf 87' lang='lat' dir='ltr'><strong>purpuram</strong></span> <span class='ocrx_word' id='word_1_55' title='bbox 1664 834 1895 883; x_wconf 87' lang='lat' dir='ltr'><strong>meram,</strong></span> <span class='ocrx_word' id='word_1_56' title='bbox 1925 837 2046 890; x_wconf 63' lang='lat' dir='ltr'><strong>quae</strong></span> 
     </span>
    </p>
   </div>
   <div class='ocr_carea' id='block_1_8' title="bbox 463 899 2048 973">
    <p class='ocr_par' dir='ltr' id='par_1_8' title="bbox 463 899 2048 973">
     <span class='ocr_line' id='line_1_8' title="bbox 463 899 2048 973; baseline 0.009 -22"><span class='ocrx_word' id='word_1_57' title='bbox 463 900 649 969; x_wconf 89' lang='lat' dir='ltr'><strong>utique</strong></span> <span class='ocrx_word' id='word_1_58' title='bbox 688 899 979 969; x_wconf 86' lang='lat' dir='ltr'><strong>conchylio</strong></span> <span class='ocrx_word' id='word_1_59' title='bbox 1015 904 1260 973; x_wconf 78' lang='lat' dir='ltr'><strong>vegetior</strong></span> <span class='ocrx_word' id='word_1_60' title='bbox 1293 918 1397 971; x_wconf 91' lang='lat' dir='ltr'><strong>est,</strong></span> <span class='ocrx_word' id='word_1_61' title='bbox 1436 907 1539 961; x_wconf 87' lang='lat' dir='ltr'><strong>hoc</strong></span> <span class='ocrx_word' id='word_1_62' title='bbox 1574 909 1779 965; x_wconf 90' lang='lat' dir='ltr'><strong>lumine</strong></span> <span class='ocrx_word' id='word_1_63' title='bbox 1810 914 2048 968; x_wconf 87' lang='lat' dir='ltr'><strong>antecel-</strong></span> 
     </span>
    </p>
   </div>
   <div class='ocr_carea' id='block_1_9' title="bbox 461 991 2044 1068">
    <p class='ocr_par' dir='ltr' id='par_1_9' title="bbox 461 991 2044 1068">
     <span class='ocr_line' id='line_1_9' title="bbox 461 991 2044 1068; baseline 0.008 -25"><span class='ocrx_word' id='word_1_64' title='bbox 461 991 521 1043; x_wconf 91' lang='lat' dir='ltr'><strong>lit</strong></span> <span class='ocrx_word' id='word_1_65' title='bbox 555 1009 568 1046; x_wconf 91' lang='lat'>:</span> <span class='ocrx_word' id='word_1_66' title='bbox 613 992 843 1060; x_wconf 85' lang='lat' dir='ltr'><strong>perinde</strong></span> <span class='ocrx_word' id='word_1_67' title='bbox 893 992 1044 1046; x_wconf 91' lang='lat' dir='ltr'><strong>illum</strong></span> <span class='ocrx_word' id='word_1_68' title='bbox 1088 993 1407 1064; x_wconf 79' lang='lat' dir='ltr'><strong>loquentem</strong></span> <span class='ocrx_word' id='word_1_69' title='bbox 1448 998 1604 1065; x_wconf 83' lang='lat' dir='ltr'><strong>facis,</strong></span> <span class='ocrx_word' id='word_1_70' title='bbox 1634 1015 1699 1054; x_wconf 90' lang='lat' dir='ltr'><strong>ac</strong></span> <span class='ocrx_word' id='word_1_71' title='bbox 1734 1002 1778 1056; x_wconf 88' lang='lat' dir='ltr'><strong>si</strong></span> <span class='ocrx_word' id='word_1_72' title='bbox 1818 1002 2044 1068; x_wconf 83' lang='lat' dir='ltr'><strong>diceret,</strong></span> 
     </span>
    </p>
   </div>
   <div class='ocr_carea' id='block_1_10' title="bbox 459 1079 2048 1152">
    <p class='ocr_par' dir='ltr' id='par_1_10' title="bbox 459 1079 2048 1152">
     <span class='ocr_line' id='line_1_10' title="bbox 459 1079 2048 1152; baseline 0.011 -21"><span class='ocrx_word' id='word_1_73' title='bbox 459 1079 723 1134; x_wconf 76' lang='lat' dir='ltr'><strong>Helenam</strong></span> <span class='ocrx_word' id='word_1_74' title='bbox 777 1083 902 1137; x_wconf 83' lang='lat' dir='ltr'><strong>nive</strong></span> <span class='ocrx_word' id='word_1_75' title='bbox 955 1098 1078 1139; x_wconf 86' lang='lat' dir='ltr'><strong>esse</strong></span> <span class='ocrx_word' id='word_1_76' title='bbox 1132 1085 1532 1152; x_wconf 87' lang='lat' dir='ltr'><strong>candidiorem,</strong></span> <span class='ocrx_word' id='word_1_77' title='bbox 1590 1092 1702 1147; x_wconf 90' lang='lat' dir='ltr'><strong>imo</strong></span> <span class='ocrx_word' id='word_1_78' title='bbox 1763 1103 1916 1149; x_wconf 85' lang='lat' dir='ltr'><strong>creta</strong></span> <span class='ocrx_word' id='word_1_79' title='bbox 1965 1096 2048 1151; x_wconf 88' lang='lat' dir='ltr'><strong>vel</strong></span> 
     </span>
    </p>
   </div>
   <div class='ocr_carea' id='block_1_11' title="bbox 457 1173 2049 1255">
    <p class='ocr_par' dir='ltr' id='par_1_11' title="bbox 457 1173 2049 1255">
     <span class='ocr_line' id='line_1_11' title="bbox 457 1173 2049 1255; baseline 0.011 -33"><span class='ocrx_word' id='word_1_80' title='bbox 457 1189 648 1243; x_wconf 71' lang='lat' dir='ltr'><strong>gypso.</strong></span> <span class='ocrx_word' id='word_1_81' title='bbox 685 1173 828 1239; x_wconf 82' lang='lat' dir='ltr'><strong>Quid</strong></span> <span class='ocrx_word' id='word_1_82' title='bbox 857 1175 999 1229; x_wconf 90' lang='lat' dir='ltr'><strong>enim</strong></span> <span class='ocrx_word' id='word_1_83' title='bbox 1022 1176 1221 1230; x_wconf 92' lang='lat' dir='ltr'><strong>mirum</strong></span> <span class='ocrx_word' id='word_1_84' title='bbox 1242 1186 1344 1241; x_wconf 88' lang='lat' dir='ltr'><strong>est,</strong></span> <span class='ocrx_word' id='word_1_85' title='bbox 1372 1181 1519 1250; x_wconf 88' lang='lat' dir='ltr'><strong>quod</strong></span> <span class='ocrx_word' id='word_1_86' title='bbox 1545 1182 1615 1237; x_wconf 89' lang='lat' dir='ltr'><strong>sit</strong></span> <span class='ocrx_word' id='word_1_87' title='bbox 1635 1199 1877 1255; x_wconf 82' lang='lat' dir='ltr'><strong>purpura</strong></span> <span class='ocrx_word' id='word_1_88' title='bbox 1900 1201 2049 1241; x_wconf 86' lang='lat' dir='ltr'><strong>mera</strong></span> 
     </span>
    </p>
   </div>
   <div class='ocr_carea' id='block_1_12' title="bbox 461 1265 2052 1349">
    <p class='ocr_par' dir='ltr' id='par_1_12' title="bbox 461 1265 2052 1349">
     <span class='ocr_line' id='line_1_12' title="bbox 461 1265 2052 1349; baseline 0.011 -34"><span class='ocrx_word' id='word_1_89' title='bbox 461 1272 759 1333; x_wconf 86' lang='lat' dir='ltr'><strong>saturaque</strong></span> <span class='ocrx_word' id='word_1_90' title='bbox 804 1265 1118 1329; x_wconf 85' lang='lat' dir='ltr'><strong>micantius,</strong></span> <span class='ocrx_word' id='word_1_91' title='bbox 1170 1267 1221 1321; x_wconf 89' lang='lat' dir='ltr'><strong>id</strong></span> <span class='ocrx_word' id='word_1_92' title='bbox 1253 1270 1415 1325; x_wconf 89' lang='lat' dir='ltr'><strong>etiam</strong></span> <span class='ocrx_word' id='word_1_93' title='bbox 1445 1276 1754 1346; x_wconf 85' lang='lat' dir='ltr'><strong>conchylio,</strong></span> <span class='ocrx_word' id='word_1_94' title='bbox 1784 1280 1926 1348; x_wconf 83' lang='lat' dir='ltr'><strong>quod</strong></span> <span class='ocrx_word' id='word_1_95' title='bbox 1957 1296 2052 1349; x_wconf 90' lang='lat' dir='ltr'><strong>per</strong></span> 
     </span>
    </p>
   </div>
   <div class='ocr_carea' id='block_1_13' title="bbox 459 1357 2049 1438">
    <p class='ocr_par' dir='ltr' id='par_1_13' title="bbox 459 1357 2049 1438">
     <span class='ocr_line' id='line_1_13' title="bbox 459 1357 2049 1438; baseline 0.011 -29"><span class='ocrx_word' id='word_1_96' title='bbox 459 1370 521 1410; x_wconf 88' lang='lat' dir='ltr'><strong>se</strong></span> <span class='ocrx_word' id='word_1_97' title='bbox 565 1357 793 1411; x_wconf 89' lang='lat' dir='ltr'><strong>dilutius</strong></span> <span class='ocrx_word' id='word_1_98' title='bbox 858 1365 911 1412; x_wconf 91' lang='lat' dir='ltr'><strong>et</strong></span> <span class='ocrx_word' id='word_1_99' title='bbox 956 1359 1212 1427; x_wconf 90' lang='lat' dir='ltr'><strong>pallidius</strong></span> <span class='ocrx_word' id='word_1_100' title='bbox 1259 1372 1364 1425; x_wconf 90' lang='lat' dir='ltr'><strong>est,</strong></span> <span class='ocrx_word' id='word_1_101' title='bbox 1411 1380 1531 1421; x_wconf 89' lang='lat' dir='ltr'><strong>esse</strong></span> <span class='ocrx_word' id='word_1_102' title='bbox 1579 1370 1858 1438; x_wconf 85' lang='lat' dir='ltr'><strong>vegetius?</strong></span> <span class='ocrx_word' id='word_1_103' title='bbox 1913 1370 2049 1426; x_wconf 86' lang='lat' dir='ltr'><strong>Nam</strong></span> 
     </span>
    </p>
   </div>
   <div class='ocr_carea' id='block_1_14' title="bbox 461 1448 2052 1532">
    <p class='ocr_par' dir='ltr' id='par_1_14' title="bbox 461 1448 2052 1532">
     <span class='ocr_line' id='line_1_14' title="bbox 461 1448 2052 1532; baseline 0.012 -33"><span class='ocrx_word' id='word_1_104' title='bbox 461 1448 731 1516; x_wconf 89' lang='lat' dir='ltr'><strong>particula</strong></span> <span class='ocrx_word' id='word_1_105' title='bbox 762 1448 866 1501; x_wconf 88' lang='lat' dir='ltr'><strong>imo</strong></span> <span class='ocrx_word' id='word_1_106' title='bbox 890 1464 1088 1518; x_wconf 89' lang='lat' dir='ltr'><strong>augere</strong></span> <span class='ocrx_word' id='word_1_107' title='bbox 1114 1467 1224 1506; x_wconf 88' lang='lat' dir='ltr'><strong>rem</strong></span> <span class='ocrx_word' id='word_1_108' title='bbox 1255 1453 1436 1519; x_wconf 87' lang='lat' dir='ltr'><strong>debet,</strong></span> <span class='ocrx_word' id='word_1_109' title='bbox 1470 1466 1523 1511; x_wconf 91' lang='lat' dir='ltr'><strong>et</strong></span> <span class='ocrx_word' id='word_1_110' title='bbox 1551 1460 1728 1527; x_wconf 92' lang='lat' dir='ltr'><strong>majus</strong></span> <span class='ocrx_word' id='word_1_111' title='bbox 1757 1462 1965 1532; x_wconf 90' lang='lat' dir='ltr'><strong>aliquid</strong></span> <span class='ocrx_word' id='word_1_112' title='bbox 1996 1464 2052 1518; x_wconf 92' lang='lat' dir='ltr'><strong>in</strong></span> 
     </span>
    </p>
   </div>
   <div class='ocr_carea' id='block_1_15' title="bbox 459 1536 2054 1616">
    <p class='ocr_par' dir='ltr' id='par_1_15' title="bbox 459 1536 2054 1616">
     <span class='ocr_line' id='line_1_15' title="bbox 459 1536 2054 1616; baseline 0.009 -26"><span class='ocrx_word' id='word_1_113' title='bbox 459 1536 651 1592; x_wconf 83' lang='lat' dir='ltr'><strong>eodem</strong></span> <span class='ocrx_word' id='word_1_114' title='bbox 687 1553 883 1607; x_wconf 85' lang='lat' dir='ltr'><strong>genere</strong></span> <span class='ocrx_word' id='word_1_115' title='bbox 928 1540 1416 1612; x_wconf 86' lang='lat' dir='ltr'><strong>vehementiusque</strong></span> <span class='ocrx_word' id='word_1_116' title='bbox 1468 1547 1762 1616; x_wconf 84' lang='lat' dir='ltr'><strong>subjicere.</strong></span> <span class='ocrx_word' id='word_1_117' title='bbox 1808 1554 1874 1604; x_wconf 84' lang='lat' dir='ltr'><strong>At</strong></span> <span class='ocrx_word' id='word_1_118' title='bbox 1921 1568 2054 1607; x_wconf 91' lang='lat' dir='ltr'><strong>con-</strong></span> 
     </span>
    </p>
   </div>
   <div class='ocr_carea' id='block_1_16' title="bbox 462 1629 2052 1709">
    <p class='ocr_par' dir='ltr' id='par_1_16' title="bbox 462 1629 2052 1709">
     <span class='ocr_line' id='line_1_16' title="bbox 462 1629 2052 1709; baseline 0.014 -30"><span class='ocrx_word' id='word_1_119' title='bbox 462 1629 644 1700; x_wconf 74' lang='lat' dir='ltr'><strong>chylio</strong></span> <span class='ocrx_word' id='word_1_120' title='bbox 663 1646 860 1700; x_wconf 81' lang='lat' dir='ltr'><strong>genere</strong></span> <span class='ocrx_word' id='word_1_121' title='bbox 887 1632 1003 1701; x_wconf 84' lang='lat' dir='ltr'><strong>ipso</strong></span> <span class='ocrx_word' id='word_1_122' title='bbox 1038 1635 1194 1704; x_wconf 90' lang='lat' dir='ltr'><strong>longe</strong></span> <span class='ocrx_word' id='word_1_123' title='bbox 1224 1652 1469 1705; x_wconf 83' lang='lat' dir='ltr'><strong>purpura</strong></span> <span class='ocrx_word' id='word_1_124' title='bbox 1502 1640 1737 1695; x_wconf 89' lang='lat' dir='ltr'><strong>vividior</strong></span> <span class='ocrx_word' id='word_1_125' title='bbox 1753 1651 1855 1709; x_wconf 90' lang='lat' dir='ltr'><strong>est,</strong></span> <span class='ocrx_word' id='word_1_126' title='bbox 1889 1645 2052 1700; x_wconf 85' lang='lat' dir='ltr'><strong>adco-</strong></span> 
     </span>
    </p>
   </div>
   <div class='ocr_carea' id='block_1_17' title="bbox 2153 444 3683 518">
    <p class='ocr_par' dir='ltr' id='par_1_17' title="bbox 2153 444 3683 518">
     <span class='ocr_line' id='line_1_17' title="bbox 2153 444 3683 518; baseline -0.003 -15"><span class='ocrx_word' id='word_1_127' title='bbox 2153 451 2367 518; x_wconf 78' lang='lat' dir='ltr'><strong>pzimus</strong></span> <span class='ocrx_word' id='word_1_128' title='bbox 2412 449 2479 503; x_wconf 86' lang='lat' dir='ltr'><strong>de</strong></span> <span class='ocrx_word' id='word_1_129' title='bbox 2529 448 2777 503; x_wconf 84' lang='lat' dir='ltr'><strong>vocabuli</strong></span> <span class='ocrx_word' id='word_1_130' title='bbox 2836 447 2990 500; x_wconf 80' lang='grc' dir='ltr'>πίνου</span> <span class='ocrx_word' id='word_1_131' title='bbox 3039 444 3431 515; x_wconf 84' lang='lat' dir='ltr'><strong>signiﬁcatione</strong></span> <span class='ocrx_word' id='word_1_132' title='bbox 3479 447 3683 513; x_wconf 89' lang='lat' dir='ltr'><strong>aperuit,</strong></span> 
     </span>
    </p>
   </div>
   <div class='ocr_carea' id='block_1_18' title="bbox 2148 537 3688 612">
    <p class='ocr_par' dir='ltr' id='par_1_18' title="bbox 2148 537 3688 612">
     <span class='ocr_line' id='line_1_18' title="bbox 2148 537 3688 612; baseline 0 -20"><span class='ocrx_word' id='word_1_133' title='bbox 2148 543 2415 612; x_wconf 90' lang='lat' dir='ltr'><strong>quidquid</strong></span> <span class='ocrx_word' id='word_1_134' title='bbox 2439 549 2633 595; x_wconf 89' lang='lat' dir='ltr'><strong>contra</strong></span> <span class='ocrx_word' id='word_1_135' title='bbox 2665 541 2961 595; x_wconf 89' lang='lat' dir='ltr'><strong>blatterent</strong></span> <span class='ocrx_word' id='word_1_136' title='bbox 2980 539 3094 591; x_wconf 87' lang='lat' dir='ltr'><strong>alii.</strong></span> <span class='ocrx_word' id='word_1_137' title='bbox 3121 538 3234 604; x_wconf 83' lang='lat' dir='ltr'><strong>Age</strong></span> <span class='ocrx_word' id='word_1_138' title='bbox 3264 551 3410 606; x_wconf 85' lang='lat' dir='ltr'><strong>ergo,</strong></span> <span class='ocrx_word' id='word_1_139' title='bbox 3441 537 3688 593; x_wconf 86' lang='lat' dir='ltr'><strong>videamus</strong></span> 
     </span>
    </p>
   </div>
   <div class='ocr_carea' id='block_1_19' title="bbox 2148 628 3691 707">
    <p class='ocr_par' dir='ltr' id='par_1_19' title="bbox 2148 628 3691 707">
     <span class='ocr_line' id='line_1_19' title="bbox 2148 628 3691 707; baseline -0.006 -18"><span class='ocrx_word' id='word_1_140' title='bbox 2148 632 2614 707; x_wconf 86' lang='lat' dir='ltr'><strong>quemadmodum</strong></span> <span class='ocrx_word' id='word_1_141' title='bbox 2647 646 2883 701; x_wconf 84' lang='lat' dir='ltr'><strong>purgare</strong></span> <span class='ocrx_word' id='word_1_142' title='bbox 2919 630 3007 683; x_wconf 86' lang='lat' dir='ltr'><strong>illa</strong></span> <span class='ocrx_word' id='word_1_143' title='bbox 3050 629 3246 699; x_wconf 82' lang='lat' dir='ltr'><strong>possit,</strong></span> <span class='ocrx_word' id='word_1_144' title='bbox 3282 642 3398 696; x_wconf 69' lang='lat' dir='ltr'><strong>qua:</strong></span> <span class='ocrx_word' id='word_1_145' title='bbox 3426 642 3577 695; x_wconf 85' lang='lat' dir='ltr'><strong>super</strong></span> <span class='ocrx_word' id='word_1_146' title='bbox 3602 628 3691 682; x_wconf 89' lang='lat' dir='ltr'><strong>ista</strong></span> 
     </span>
    </p>
   </div>
   <div class='ocr_carea' id='block_1_20' title="bbox 2149 719 3693 791">
    <p class='ocr_par' dir='ltr' id='par_1_20' title="bbox 2149 719 3693 791">
     <span class='ocr_line' id='line_1_20' title="bbox 2149 719 3693 791; baseline -0.008 -8"><span class='ocrx_word' id='word_1_147' title='bbox 2149 744 2280 783; x_wconf 87' lang='lat' dir='ltr'><strong>voce</strong></span> <span class='ocrx_word' id='word_1_148' title='bbox 2296 725 2620 781; x_wconf 79' lang='lat' dir='ltr'><strong>Kerkoetius</strong></span> <span class='ocrx_word' id='word_1_149' title='bbox 2645 724 2695 778; x_wconf 90' lang='lat' dir='ltr'><strong>ei</strong></span> <span class='ocrx_word' id='word_1_150' title='bbox 2716 723 2907 791; x_wconf 82' lang='lat' dir='ltr'><strong>objicit</strong></span> <span class='ocrx_word' id='word_1_151' title='bbox 2928 724 2979 775; x_wconf 94' lang='lat' dir='ltr'><strong>in</strong></span> <span class='ocrx_word' id='word_1_152' title='bbox 2994 720 3435 790; x_wconf 73' lang='lat' dir='ltr'><strong>Mastigtiphorol’i</strong></span> <span class='ocrx_word' id='word_1_153' title='bbox 3459 719 3523 786; x_wconf 85' lang='lat' dir='ltr'><strong>(c)</strong></span> <span class='ocrx_word' id='word_1_154' title='bbox 3551 738 3562 772; x_wconf 92' lang='lat'>:</span> <span class='ocrx_word' id='word_1_155' title='bbox 3587 735 3693 771; x_wconf 86' lang='lat' dir='ltr'><strong>nam</strong></span> 
     </span>
    </p>
   </div>
   <div class='ocr_carea' id='block_1_21' title="bbox 2151 810 3694 874">
    <p class='ocr_par' dir='ltr' id='par_1_21' title="bbox 2151 810 3694 874">
     <span class='ocr_line' id='line_1_21' title="bbox 2151 810 3694 874; baseline -0.006 -1"><span class='ocrx_word' id='word_1_156' title='bbox 2151 820 2454 874; x_wconf 87' lang='lat' dir='ltr'><strong>Salmasius</strong></span> <span class='ocrx_word' id='word_1_157' title='bbox 2491 819 2543 871; x_wconf 92' lang='lat' dir='ltr'><strong>in</strong></span> <span class='ocrx_word' id='word_1_158' title='bbox 2590 815 2981 871; x_wconf 77' lang='lat' dir='ltr'><strong>Conl‘titatioue</strong></span> <span class='ocrx_word' id='word_1_159' title='bbox 3050 814 3407 866; x_wconf 72' lang='lat' dir='ltr'><strong>Animadverti.</strong></span> <span class='ocrx_word' id='word_1_160' title='bbox 3448 810 3694 865; x_wconf 75' lang='lat' dir='ltr'><strong>KerkOetii</strong></span> 
     </span>
    </p>
   </div>
   <div class='ocr_carea' id='block_1_22' title="bbox 2151 904 3695 976">
    <p class='ocr_par' dir='ltr' id='par_1_22' title="bbox 2151 904 3695 976">
     <span class='ocr_line' id='line_1_22' title="bbox 2151 904 3695 976; baseline -0.006 -11"><span class='ocrx_word' id='word_1_161' title='bbox 2151 920 2359 974; x_wconf 81' lang='lat' dir='ltr'><strong>censet,</strong></span> <span class='ocrx_word' id='word_1_162' title='bbox 2383 910 2453 964; x_wconf 86' lang='lat' dir='ltr'><strong>ab</strong></span> <span class='ocrx_word' id='word_1_163' title='bbox 2477 906 2949 963; x_wconf 84' lang='lat' dir='ltr'><strong>llalicarnassensi</strong></span> <span class='ocrx_word' id='word_1_164' title='bbox 2975 905 3236 976; x_wconf 83' lang='lat' dir='ltr'><strong>Dionysio</strong></span> <span class='ocrx_word' id='word_1_165' title='bbox 3267 904 3414 957; x_wconf 78' lang='grc' dir='ltr'>πίνον</span> <span class='ocrx_word' id='word_1_166' title='bbox 3443 905 3695 975; x_wconf 74' lang='grc' dir='ltr'>ἀρχαϊκὸν,</span> 
     </span>
    </p>
   </div>
   <div class='ocr_carea' id='block_1_23' title="bbox 2151 996 3701 1070">
    <p class='ocr_par' dir='ltr' id='par_1_23' title="bbox 2151 996 3701 1070">
     <span class='ocr_line' id='line_1_23' title="bbox 2151 996 3701 1070; baseline -0.005 -15"><span class='ocrx_word' id='word_1_167' title='bbox 2151 1002 2269 1055; x_wconf 63' lang='lat' dir='ltr'><strong>sive</strong></span> <span class='ocrx_word' id='word_1_168' title='bbox 2327 1000 2513 1070; x_wconf 80' lang='grc' dir='ltr'>χνοῦν,</span> <span class='ocrx_word' id='word_1_169' title='bbox 2573 999 2773 1068; x_wconf 86' lang='lat' dir='ltr'><strong>opponi</strong></span> <span class='ocrx_word' id='word_1_170' title='bbox 2833 1012 3055 1051; x_wconf 88' lang='lat' dir='ltr'><strong>suorum</strong></span> <span class='ocrx_word' id='word_1_171' title='bbox 3099 1006 3402 1065; x_wconf 87' lang='lat' dir='ltr'><strong>temporum</strong></span> <span class='ocrx_word' id='word_1_172' title='bbox 3449 996 3701 1048; x_wconf 72' lang='lat' dir='ltr'><strong>rhetorice</strong></span> 
     </span>
    </p>
   </div>
   <div class='ocr_carea' id='block_1_24' title="bbox 2152 1083 3702 1154">
    <p class='ocr_par' dir='ltr' id='par_1_24' title="bbox 2152 1083 3702 1154">
     <span class='ocr_line' id='line_1_24' title="bbox 2152 1083 3702 1154; baseline -0.006 -9"><span class='ocrx_word' id='word_1_173' title='bbox 2152 1092 2407 1147; x_wconf 84' lang='lat' dir='ltr'><strong>imbecilli</strong></span> <span class='ocrx_word' id='word_1_174' title='bbox 2471 1102 2523 1145; x_wconf 90' lang='lat' dir='ltr'><strong>et</strong></span> <span class='ocrx_word' id='word_1_175' title='bbox 2572 1092 2782 1144; x_wconf 89' lang='lat' dir='ltr'><strong>viribus</strong></span> <span class='ocrx_word' id='word_1_176' title='bbox 2820 1089 3047 1143; x_wconf 88' lang='lat' dir='ltr'><strong>carenti.</strong></span> <span class='ocrx_word' id='word_1_177' title='bbox 3092 1086 3267 1148; x_wconf 69' lang='lat' dir='ltr'><strong>lianc,</strong></span> <span class='ocrx_word' id='word_1_178' title='bbox 3312 1085 3503 1154; x_wconf 88' lang='lat' dir='ltr'><strong>inquit,</strong></span> <span class='ocrx_word' id='word_1_179' title='bbox 3534 1083 3702 1137; x_wconf 80' lang='lat' dir='ltr'><strong>distiu-</strong></span> 
     </span>
    </p>
   </div>
   <div class='ocr_carea' id='block_1_25' title="bbox 2153 1175 3701 1253">
    <p class='ocr_par' dir='ltr' id='par_1_25' title="bbox 2153 1175 3701 1253">
     <span class='ocr_line' id='line_1_25' title="bbox 2153 1175 3701 1253; baseline -0.005 -17"><span class='ocrx_word' id='word_1_180' title='bbox 2153 1186 2263 1253; x_wconf 85' lang='lat' dir='ltr'><strong>guit</strong></span> <span class='ocrx_word' id='word_1_181' title='bbox 2300 1183 2364 1238; x_wconf 84' lang='lat' dir='ltr'><strong>ab</strong></span> <span class='ocrx_word' id='word_1_182' title='bbox 2395 1183 2488 1237; x_wconf 85' lang='lat' dir='ltr'><strong>illo</strong></span> <span class='ocrx_word' id='word_1_183' title='bbox 2519 1183 2658 1252; x_wconf 80' lang='grc' dir='ltr'>πίνῳ</span> <span class='ocrx_word' id='word_1_184' title='bbox 2690 1181 2966 1235; x_wconf 75' lang='lat' dir='ltr'><strong>rhetorica:</strong></span> <span class='ocrx_word' id='word_1_185' title='bbox 3004 1179 3259 1247; x_wconf 77' lang='lat' dir='ltr'><strong>antiqute,</strong></span> <span class='ocrx_word' id='word_1_186' title='bbox 3291 1193 3405 1243; x_wconf 78' lang='lat' dir='ltr'><strong>qua:</strong></span> <span class='ocrx_word' id='word_1_187' title='bbox 3434 1175 3580 1245; x_wconf 76' lang='lat' dir='ltr'><strong>{ortis</strong></span> <span class='ocrx_word' id='word_1_188' title='bbox 3606 1186 3701 1229; x_wconf 84' lang='lat' dir='ltr'><strong>erat</strong></span> 
     </span>
    </p>
   </div>
   <div class='ocr_carea' id='block_1_26' title="bbox 2152 1266 3700 1342">
    <p class='ocr_par' dir='ltr' id='par_1_26' title="bbox 2152 1266 3700 1342">
     <span class='ocr_line' id='line_1_26' title="bbox 2152 1266 3700 1342; baseline -0.007 -13"><span class='ocrx_word' id='word_1_189' title='bbox 2152 1286 2201 1329; x_wconf 84' lang='lat' dir='ltr'><strong>ct</strong></span> <span class='ocrx_word' id='word_1_190' title='bbox 2235 1274 2473 1329; x_wconf 83' lang='lat' dir='ltr'><strong>mascula</strong></span> <span class='ocrx_word' id='word_1_191' title='bbox 2532 1274 2857 1342; x_wconf 86' lang='lat' dir='ltr'><strong>multumque</strong></span> <span class='ocrx_word' id='word_1_192' title='bbox 2887 1271 2992 1323; x_wconf 84' lang='lat' dir='ltr'><strong>arti</strong></span> <span class='ocrx_word' id='word_1_193' title='bbox 3019 1278 3067 1323; x_wconf 88' lang='lat' dir='ltr'><strong>et</strong></span> <span class='ocrx_word' id='word_1_194' title='bbox 3104 1268 3469 1322; x_wconf 72' lang='lat' dir='ltr'><strong>exercitationi</strong></span> <span class='ocrx_word' id='word_1_195' title='bbox 3495 1266 3700 1329; x_wconf 82' lang='lat' dir='ltr'><strong>debebat,</strong></span> 
     </span>
    </p>
   </div>
   <div class='ocr_carea' id='block_1_27' title="bbox 2153 1358 3702 1428">
    <p class='ocr_par' dir='ltr' id='par_1_27' title="bbox 2153 1358 3702 1428">
     <span class='ocr_line' id='line_1_27' title="bbox 2153 1358 3702 1428; baseline -0.006 -9"><span class='ocrx_word' id='word_1_196' title='bbox 2153 1383 2270 1420; x_wconf 89' lang='lat' dir='ltr'><strong>cum</strong></span> <span class='ocrx_word' id='word_1_197' title='bbox 2307 1367 2400 1419; x_wconf 85' lang='lat' dir='ltr'><strong>illa</strong></span> <span class='ocrx_word' id='word_1_198' title='bbox 2438 1377 2650 1420; x_wconf 80' lang='lat' dir='ltr'><strong>econtra</strong></span> <span class='ocrx_word' id='word_1_199' title='bbox 2686 1382 2861 1418; x_wconf 78' lang='lat' dir='ltr'><strong>recens</strong></span> <span class='ocrx_word' id='word_1_200' title='bbox 2900 1360 3112 1416; x_wconf 77' lang='lat' dir='ltr'><strong>dicendi</strong></span> <span class='ocrx_word' id='word_1_201' title='bbox 3162 1361 3321 1423; x_wconf 86' lang='lat' dir='ltr'><strong>ratio,</strong></span> <span class='ocrx_word' id='word_1_202' title='bbox 3350 1376 3463 1427; x_wconf 84' lang='lat' dir='ltr'><strong>qua:</strong></span> <span class='ocrx_word' id='word_1_203' title='bbox 3490 1358 3702 1428; x_wconf 74' lang='lat' dir='ltr'><strong>Dionysii</strong></span> 
     </span>
    </p>
   </div>
   <div class='ocr_carea' id='block_1_28' title="bbox 2157 1450 3702 1530">
    <p class='ocr_par' dir='ltr' id='par_1_28' title="bbox 2157 1450 3702 1530">
     <span class='ocr_line' id='line_1_28' title="bbox 2157 1450 3702 1530; baseline -0.008 -15"><span class='ocrx_word' id='word_1_204' title='bbox 2157 1459 2476 1530; x_wconf 76' lang='lat' dir='ltr'><strong>temporibus</strong></span> <span class='ocrx_word' id='word_1_205' title='bbox 2525 1459 2749 1529; x_wconf 82' lang='lat' dir='ltr'><strong>vigebat,</strong></span> <span class='ocrx_word' id='word_1_206' title='bbox 2793 1456 2944 1510; x_wconf 85' lang='lat' dir='ltr'><strong>nulla</strong></span> <span class='ocrx_word' id='word_1_207' title='bbox 3003 1464 3119 1508; x_wconf 83' lang='lat' dir='ltr'><strong>arte</strong></span> <span class='ocrx_word' id='word_1_208' title='bbox 3161 1462 3445 1513; x_wconf 85' lang='lat' dir='ltr'><strong>constaret,</strong></span> <span class='ocrx_word' id='word_1_209' title='bbox 3482 1450 3565 1504; x_wconf 82' lang='lat' dir='ltr'><strong>sed</strong></span> <span class='ocrx_word' id='word_1_210' title='bbox 3610 1454 3702 1504; x_wconf 79' lang='lat' dir='ltr'><strong>solo</strong></span> 
     </span>
    </p>
   </div>
   <div class='ocr_carea' id='block_1_29' title="bbox 2156 1544 3703 1624">
    <p class='ocr_par' dir='ltr' id='par_1_29' title="bbox 2156 1544 3703 1624">
     <span class='ocr_line' id='line_1_29' title="bbox 2156 1544 3703 1624; baseline -0.008 -17"><span class='ocrx_word' id='word_1_211' title='bbox 2156 1556 2349 1624; x_wconf 84' lang='lat' dir='ltr'><strong>impetu</strong></span> <span class='ocrx_word' id='word_1_212' title='bbox 2372 1571 2392 1619; x_wconf 88' lang='lat'><strong><em>;</em></strong></span> <span class='ocrx_word' id='word_1_213' title='bbox 2412 1568 2477 1607; x_wconf 81' lang='lat' dir='ltr'><strong>ea:</strong></span> <span class='ocrx_word' id='word_1_214' title='bbox 2513 1551 2899 1618; x_wconf 78' lang='lat' dir='ltr'><strong>temporalitate</strong></span> <span class='ocrx_word' id='word_1_215' title='bbox 2926 1549 3127 1617; x_wconf 19' lang='lat' dir='ltr'><strong>quippe.</strong></span> <span class='ocrx_word' id='word_1_216' title='bbox 3145 1556 3266 1600; x_wconf 87' lang='lat' dir='ltr'><strong>tunc</strong></span> <span class='ocrx_word' id='word_1_217' title='bbox 3290 1544 3567 1613; x_wconf 76' lang='lat' dir='ltr'><strong>plurimum</strong></span> <span class='ocrx_word' id='word_1_218' title='bbox 3594 1558 3703 1613; x_wconf 78' lang='lat' dir='ltr'><strong>gau-</strong></span> 
     </span>
    </p>
   </div>
   <div class='ocr_carea' id='block_1_30' title="bbox 2156 1633 3704 1712">
    <p class='ocr_par' dir='ltr' id='par_1_30' title="bbox 2156 1633 3704 1712">
     <span class='ocr_line' id='line_1_30' title="bbox 2156 1633 3704 1712; baseline -0.011 -12"><span class='ocrx_word' id='word_1_219' title='bbox 2156 1647 2349 1700; x_wconf 78' lang='lat' dir='ltr'><strong>debattt</strong></span> <span class='ocrx_word' id='word_1_220' title='bbox 2380 1661 2398 1697; x_wconf 92' lang='lat'><strong><em>:</em></strong></span> <span class='ocrx_word' id='word_1_221' title='bbox 2422 1644 2708 1712; x_wconf 79' lang='lat' dir='ltr'><strong>fundebant</strong></span> <span class='ocrx_word' id='word_1_222' title='bbox 2750 1641 2950 1706; x_wconf 84' lang='lat' dir='ltr'><strong>itaque,</strong></span> <span class='ocrx_word' id='word_1_223' title='bbox 2992 1654 3099 1692; x_wconf 88' lang='lat' dir='ltr'><strong>non</strong></span> <span class='ocrx_word' id='word_1_224' title='bbox 3140 1635 3418 1698; x_wconf 81' lang='lat' dir='ltr'><strong>dicebant;</strong></span> <span class='ocrx_word' id='word_1_225' title='bbox 3457 1633 3704 1704; x_wconf 74' lang='grc' dir='ltr'><strong>ἐμοῦντες,</strong></span> 
     </span>
    </p>
   </div>
   <div class='ocr_carea' id='block_1_31' title="bbox 462 1716 3707 1807">
    <p class='ocr_par' dir='ltr' id='par_1_31' title="bbox 462 1716 3707 1807">
     <span class='ocr_line' id='line_1_31' title="bbox 462 1716 3707 1807; baseline 0.002 -34"><span class='ocrx_word' id='word_1_226' title='bbox 462 1738 590 1792; x_wconf 85' lang='lat' dir='ltr'><strong>que,</strong></span> <span class='ocrx_word' id='word_1_227' title='bbox 622 1725 765 1792; x_wconf 86' lang='lat' dir='ltr'><strong>quod</strong></span> <span class='ocrx_word' id='word_1_228' title='bbox 799 1740 862 1780; x_wconf 86' lang='lat' dir='ltr'><strong>ea</strong></span> <span class='ocrx_word' id='word_1_229' title='bbox 900 1736 1060 1795; x_wconf 91' lang='lat' dir='ltr'><strong>putas</strong></span> <span class='ocrx_word' id='word_1_230' title='bbox 1096 1728 1359 1782; x_wconf 75' lang='lat' dir='ltr'><strong>infectum</strong></span> <span class='ocrx_word' id='word_1_231' title='bbox 1386 1746 1530 1795; x_wconf 89' lang='lat' dir='ltr'><strong>esse,</strong></span> <span class='ocrx_word' id='word_1_232' title='bbox 1563 1735 1762 1788; x_wconf 86' lang='lat' dir='ltr'><strong>collum</strong></span> <span class='ocrx_word' id='word_1_233' title='bbox 1803 1738 2049 1807; x_wconf 87' lang='lat' dir='ltr'><strong>pavonis.</strong></span> <span class='ocrx_word' id='word_1_234' title='bbox 2088 1716 2129 1771; x_wconf 76' lang='grc' dir='ltr'>Β</span> <span class='ocrx_word' id='word_1_235' title='bbox 2163 1738 2263 1792; x_wconf 77' lang='grc' dir='ltr'>οὐκ</span> <span class='ocrx_word' id='word_1_236' title='bbox 2289 1734 2666 1807; x_wconf 80' lang='grc' dir='ltr'><strong>ἀκριόοὖντες.</strong></span> <span class='ocrx_word' id='word_1_237' title='bbox 2688 1732 2803 1786; x_wconf 87' lang='lat' dir='ltr'><strong>lloc</strong></span> <span class='ocrx_word' id='word_1_238' title='bbox 2842 1745 2968 1785; x_wconf 87' lang='lat' dir='ltr'><strong>cum</strong></span> <span class='ocrx_word' id='word_1_239' title='bbox 3004 1728 3274 1784; x_wconf 80' lang='lat' dir='ltr'><strong>scriberet</strong></span> <span class='ocrx_word' id='word_1_240' title='bbox 3305 1726 3707 1785; x_wconf 84' lang='lat' dir='ltr'><strong>Salmasius,nc-</strong></span> 
     </span>
    </p>
   </div>
   <div class='ocr_carea' id='block_1_32' title="bbox 464 1815 2052 1896">
    <p class='ocr_par' dir='ltr' id='par_1_32' title="bbox 464 1815 2052 1896">
     <span class='ocr_line' id='line_1_32' title="bbox 464 1815 2052 1896; baseline 0.009 -28"><span class='ocrx_word' id='word_1_241' title='bbox 464 1815 559 1871; x_wconf 83' lang='lat' dir='ltr'><strong>Est</strong></span> <span class='ocrx_word' id='word_1_242' title='bbox 600 1816 766 1887; x_wconf 91' lang='lat' dir='ltr'><strong>igitur</strong></span> <span class='ocrx_word' id='word_1_243' title='bbox 804 1819 1144 1889; x_wconf 87' lang='lat' dir='ltr'><strong>ineptissima</strong></span> <span class='ocrx_word' id='word_1_244' title='bbox 1192 1825 1293 1879; x_wconf 89' lang='lat' dir='ltr'><strong>ista</strong></span> <span class='ocrx_word' id='word_1_245' title='bbox 1334 1825 1621 1880; x_wconf 87' lang='lat' dir='ltr'><strong>collectio:</strong></span> <span class='ocrx_word' id='word_1_246' title='bbox 1662 1828 1886 1896; x_wconf 86' lang='lat' dir='ltr'><strong>perinde</strong></span> <span class='ocrx_word' id='word_1_247' title='bbox 1914 1846 1977 1885; x_wconf 91' lang='lat' dir='ltr'><strong>ac</strong></span> <span class='ocrx_word' id='word_1_248' title='bbox 2008 1831 2052 1885; x_wconf 88' lang='lat' dir='ltr'><strong>si</strong></span> 
     </span>
    </p>
   </div>
   <div class='ocr_carea' id='block_1_33' title="bbox 462 1909 2056 1991">
    <p class='ocr_par' dir='ltr' id='par_1_33' title="bbox 462 1909 2056 1991">
     <span class='ocr_line' id='line_1_33' title="bbox 462 1909 2056 1991; baseline 0.01 -31"><span class='ocrx_word' id='word_1_249' title='bbox 462 1909 587 1978; x_wconf 88' lang='lat' dir='ltr'><strong>quis</strong></span> <span class='ocrx_word' id='word_1_250' title='bbox 630 1918 841 1980; x_wconf 86' lang='lat' dir='ltr'><strong>poetam</strong></span> <span class='ocrx_word' id='word_1_251' title='bbox 894 1915 1206 1984; x_wconf 85' lang='lat' dir='ltr'><strong>quempiam</strong></span> <span class='ocrx_word' id='word_1_252' title='bbox 1272 1916 1501 1973; x_wconf 84' lang='lat' dir='ltr'><strong>laudans</strong></span> <span class='ocrx_word' id='word_1_253' title='bbox 1555 1929 1785 1983; x_wconf 85' lang='lat' dir='ltr'><strong>asserat,</strong></span> <span class='ocrx_word' id='word_1_254' title='bbox 1833 1920 2056 1991; x_wconf 80' lang='lat' dir='ltr'><strong>Virgilio</strong></span> 
     </span>
    </p>
   </div>
   <div class='ocr_carea' id='block_1_34' title="bbox 464 2003 2055 2083">
    <p class='ocr_par' dir='ltr' id='par_1_34' title="bbox 464 2003 2055 2083">
     <span class='ocr_line' id='line_1_34' title="bbox 464 2003 2055 2083; baseline 0.009 -30"><span class='ocrx_word' id='word_1_255' title='bbox 464 2003 895 2071; x_wconf 65' lang='lat' dir='ltr'><strong>praestantiorem</strong></span> <span class='ocrx_word' id='word_1_256' title='bbox 944 2022 1100 2069; x_wconf 88' lang='lat' dir='ltr'><strong>esse,</strong></span> <span class='ocrx_word' id='word_1_257' title='bbox 1144 2009 1251 2064; x_wconf 91' lang='lat' dir='ltr'><strong>imo</strong></span> <span class='ocrx_word' id='word_1_258' title='bbox 1291 2008 1531 2065; x_wconf 87' lang='lat' dir='ltr'><strong>Lucano.</strong></span> <span class='ocrx_word' id='word_1_259' title='bbox 1585 2008 1859 2078; x_wconf 88' lang='lat' dir='ltr'><strong>Secundo,</strong></span> <span class='ocrx_word' id='word_1_260' title='bbox 1909 2013 2055 2083; x_wconf 88' lang='lat' dir='ltr'><strong>quod</strong></span> 
     </span>
    </p>
   </div>
   <div class='ocr_carea' id='block_1_35' title="bbox 463 2097 2048 2174">
    <p class='ocr_par' dir='ltr' id='par_1_35' title="bbox 463 2097 2048 2174">
     <span class='ocr_line' id='line_1_35' title="bbox 463 2097 2048 2174; baseline 0.006 -24"><span class='ocrx_word' id='word_1_261' title='bbox 463 2097 693 2168; x_wconf 86' lang='lat' dir='ltr'><strong>pavonis</strong></span> <span class='ocrx_word' id='word_1_262' title='bbox 723 2099 925 2153; x_wconf 86' lang='lat' dir='ltr'><strong>collum</strong></span> <span class='ocrx_word' id='word_1_263' title='bbox 959 2101 1045 2153; x_wconf 88' lang='lat' dir='ltr'><strong>vel</strong></span> <span class='ocrx_word' id='word_1_264' title='bbox 1095 2116 1242 2157; x_wconf 89' lang='lat' dir='ltr'><strong>mera</strong></span> <span class='ocrx_word' id='word_1_265' title='bbox 1294 2111 1594 2173; x_wconf 86' lang='lat' dir='ltr'><strong>saturaque</strong></span> <span class='ocrx_word' id='word_1_266' title='bbox 1645 2120 1915 2174; x_wconf 84' lang='lat' dir='ltr'><strong>purpura,</strong></span> <span class='ocrx_word' id='word_1_267' title='bbox 1967 2107 2048 2160; x_wconf 87' lang='lat' dir='ltr'><strong>vel</strong></span> 
     </span>
    </p>
   </div>
   <div class='ocr_carea' id='block_1_36' title="bbox 464 2187 2059 2264">
    <p class='ocr_par' dir='ltr' id='par_1_36' title="bbox 464 2187 2059 2264">
     <span class='ocr_line' id='line_1_36' title="bbox 464 2187 2059 2264; baseline 0.004 -21"><span class='ocrx_word' id='word_1_268' title='bbox 464 2187 654 2244; x_wconf 88' lang='lat' dir='ltr'><strong>eadem</strong></span> <span class='ocrx_word' id='word_1_269' title='bbox 684 2187 844 2260; x_wconf 84' lang='lat' dir='ltr'><strong>Tyria</strong></span> <span class='ocrx_word' id='word_1_270' title='bbox 875 2204 938 2244; x_wconf 88' lang='lat' dir='ltr'><strong>ac</strong></span> <span class='ocrx_word' id='word_1_271' title='bbox 962 2190 1200 2261; x_wconf 90' lang='lat' dir='ltr'><strong>dibapha</strong></span> <span class='ocrx_word' id='word_1_272' title='bbox 1232 2192 1460 2246; x_wconf 89' lang='lat' dir='ltr'><strong>tinctum</strong></span> <span class='ocrx_word' id='word_1_273' title='bbox 1491 2208 1612 2249; x_wconf 89' lang='lat' dir='ltr'><strong>esse</strong></span> <span class='ocrx_word' id='word_1_274' title='bbox 1639 2195 1742 2255; x_wconf 86' lang='lat' dir='ltr'><strong>vis,</strong></span> <span class='ocrx_word' id='word_1_275' title='bbox 1775 2195 2059 2264; x_wconf 86' lang='lat' dir='ltr'><strong>pueriliter</strong></span> 
     </span>
    </p>
   </div>
   <div class='ocr_carea' id='block_1_37' title="bbox 467 2279 2059 2358">
    <p class='ocr_par' dir='ltr' id='par_1_37' title="bbox 467 2279 2059 2358">
     <span class='ocr_line' id='line_1_37' title="bbox 467 2279 2059 2358; baseline 0.003 -26"><span class='ocrx_word' id='word_1_276' title='bbox 467 2279 714 2335; x_wconf 88' lang='lat' dir='ltr'><strong>aberras.</strong></span> <span class='ocrx_word' id='word_1_277' title='bbox 738 2280 873 2358; x_wconf 81' lang='lat' dir='ltr'><strong>Quis</strong></span> <span class='ocrx_word' id='word_1_278' title='bbox 899 2296 1161 2349; x_wconf 87' lang='lat' dir='ltr'><strong>pavonem</strong></span> <span class='ocrx_word' id='word_1_279' title='bbox 1194 2282 1329 2335; x_wconf 88' lang='lat' dir='ltr'><strong>vidit</strong></span> <span class='ocrx_word' id='word_1_280' title='bbox 1358 2300 1597 2351; x_wconf 83' lang='lat' dir='ltr'><strong>unquam</strong></span> <span class='ocrx_word' id='word_1_281' title='bbox 1625 2300 1749 2337; x_wconf 88' lang='lat' dir='ltr'><strong>cum</strong></span> <span class='ocrx_word' id='word_1_282' title='bbox 1787 2300 2059 2354; x_wconf 85' lang='lat' dir='ltr'><strong>purpureo</strong></span> 
     </span>
    </p>
   </div>
   <div class='ocr_carea' id='block_1_38' title="bbox 466 2370 2060 2445">
    <p class='ocr_par' dir='ltr' id='par_1_38' title="bbox 466 2370 2060 2445">
     <span class='ocr_line' id='line_1_38' title="bbox 466 2370 2060 2445; baseline 0.004 -22"><span class='ocrx_word' id='word_1_283' title='bbox 466 2372 610 2425; x_wconf 82' lang='lat' dir='ltr'><strong>collo</strong></span> <span class='ocrx_word' id='word_1_284' title='bbox 644 2378 697 2425; x_wconf 88' lang='lat' dir='ltr'><strong>et</strong></span> <span class='ocrx_word' id='word_1_285' title='bbox 732 2370 944 2425; x_wconf 88' lang='lat' dir='ltr'><strong>coccini</strong></span> <span class='ocrx_word' id='word_1_286' title='bbox 1000 2373 1175 2427; x_wconf 87' lang='lat' dir='ltr'><strong>instar</strong></span> <span class='ocrx_word' id='word_1_287' title='bbox 1215 2375 1476 2428; x_wconf 78' lang='lat' dir='ltr'><strong>rubente?</strong></span> <span class='ocrx_word' id='word_1_288' title='bbox 1515 2377 1937 2445; x_wconf 78' lang='lat' dir='ltr'><strong>Cnueltyliatum</strong></span> <span class='ocrx_word' id='word_1_289' title='bbox 1975 2386 2060 2431; x_wconf 84' lang='lat' dir='ltr'><strong>est</strong></span> 
     </span>
    </p>
   </div>
   <div class='ocr_carea' id='block_1_39' title="bbox 469 2460 2055 2534">
    <p class='ocr_par' dir='ltr' id='par_1_39' title="bbox 469 2460 2055 2534">
     <span class='ocr_line' id='line_1_39' title="bbox 469 2460 2055 2534; baseline 0.004 -21"><span class='ocrx_word' id='word_1_290' title='bbox 469 2460 699 2529; x_wconf 85' lang='lat' dir='ltr'><strong>pavonis</strong></span> <span class='ocrx_word' id='word_1_291' title='bbox 727 2462 950 2520; x_wconf 87' lang='lat' dir='ltr'><strong>collum.</strong></span> <span class='ocrx_word' id='word_1_292' title='bbox 986 2477 1050 2515; x_wconf 91' lang='lat' dir='ltr'><strong>ac</strong></span> <span class='ocrx_word' id='word_1_293' title='bbox 1083 2463 1246 2515; x_wconf 88' lang='lat' dir='ltr'><strong>simul</strong></span> <span class='ocrx_word' id='word_1_294' title='bbox 1283 2463 1445 2515; x_wconf 86' lang='lat' dir='ltr'><strong>viridi</strong></span> <span class='ocrx_word' id='word_1_295' title='bbox 1487 2473 1541 2516; x_wconf 89' lang='lat' dir='ltr'><strong>et</strong></span> <span class='ocrx_word' id='word_1_296' title='bbox 1582 2465 1935 2534; x_wconf 86' lang='lat' dir='ltr'><strong>smaragdino</strong></span> <span class='ocrx_word' id='word_1_297' title='bbox 1967 2480 2055 2519; x_wconf 91' lang='lat' dir='ltr'><strong>co-</strong></span> 
     </span>
    </p>
   </div>
   <div class='ocr_carea' id='block_1_40' title="bbox 471 2550 2060 2618">
    <p class='ocr_par' dir='ltr' id='par_1_40' title="bbox 471 2550 2060 2618">
     <span class='ocr_line' id='line_1_40' title="bbox 471 2550 2060 2618; baseline 0.007 -17"><span class='ocrx_word' id='word_1_298' title='bbox 471 2550 586 2602; x_wconf 90' lang='lat' dir='ltr'><strong>lore</strong></span> <span class='ocrx_word' id='word_1_299' title='bbox 638 2552 1022 2618; x_wconf 85' lang='lat' dir='ltr'><strong>temperatum,</strong></span> <span class='ocrx_word' id='word_1_300' title='bbox 1076 2564 1131 2606; x_wconf 89' lang='lat' dir='ltr'><strong>ut</strong></span> <span class='ocrx_word' id='word_1_301' title='bbox 1185 2569 1249 2606; x_wconf 77' lang='lat' dir='ltr'><strong>ex</strong></span> <span class='ocrx_word' id='word_1_302' title='bbox 1303 2553 1531 2608; x_wconf 71' lang='lat' dir='ltr'><strong>thdro</strong></span> <span class='ocrx_word' id='word_1_303' title='bbox 1578 2564 1632 2609; x_wconf 89' lang='lat' dir='ltr'><strong>et</strong></span> <span class='ocrx_word' id='word_1_304' title='bbox 1679 2554 1832 2611; x_wconf 86' lang='lat' dir='ltr'><strong>Phile</strong></span> <span class='ocrx_word' id='word_1_305' title='bbox 1871 2557 2060 2612; x_wconf 88' lang='lat' dir='ltr'><strong>docuit</strong></span> 
     </span>
    </p>
   </div>
   <div class='ocr_carea' id='block_1_41' title="bbox 473 2637 2059 2715">
    <p class='ocr_par' dir='ltr' id='par_1_41' title="bbox 473 2637 2059 2715">
     <span class='ocr_line' id='line_1_41' title="bbox 473 2637 2059 2715; baseline 0.007 -23"><span class='ocrx_word' id='word_1_306' title='bbox 473 2637 917 2710; x_wconf 81' lang='lat' dir='ltr'><strong>Mastigoplwrus</strong></span> <span class='ocrx_word' id='word_1_307' title='bbox 945 2642 1054 2696; x_wconf 89' lang='lat' dir='ltr'><strong>ille.</strong></span> <span class='ocrx_word' id='word_1_308' title='bbox 1095 2642 1209 2697; x_wconf 70' lang='lat' dir='ltr'><strong>luto</strong></span> <span class='ocrx_word' id='word_1_309' title='bbox 1242 2644 1335 2713; x_wconf 89' lang='lat' dir='ltr'><strong>qui</strong></span> <span class='ocrx_word' id='word_1_310' title='bbox 1376 2646 1568 2700; x_wconf 88' lang='lat' dir='ltr'><strong>oculos</strong></span> <span class='ocrx_word' id='word_1_311' title='bbox 1591 2653 1665 2707; x_wconf 85' lang='lat' dir='ltr'><strong>et,</strong></span> <span class='ocrx_word' id='word_1_312' title='bbox 1696 2662 1806 2715; x_wconf 85' lang='lat' dir='ltr'><strong>quo</strong></span> <span class='ocrx_word' id='word_1_313' title='bbox 1840 2647 1907 2702; x_wconf 87' lang='lat' dir='ltr'><strong>iis</strong></span> <span class='ocrx_word' id='word_1_314' title='bbox 1938 2658 2059 2702; x_wconf 87' lang='lat' dir='ltr'><strong>uta-</strong></span> 
     </span>
    </p>
   </div>
   <div class='ocr_carea' id='block_1_42' title="bbox 470 2736 2064 2807">
    <p class='ocr_par' dir='ltr' id='par_1_42' title="bbox 470 2736 2064 2807">
     <span class='ocr_line' id='line_1_42' title="bbox 470 2736 2064 2807; baseline 0.004 -21"><span class='ocrx_word' id='word_1_315' title='bbox 470 2738 582 2796; x_wconf 88' lang='lat' dir='ltr'><strong>tur,</strong></span> <span class='ocrx_word' id='word_1_316' title='bbox 615 2747 961 2787; x_wconf 84' lang='lat' dir='ltr'><strong>communem</strong></span> <span class='ocrx_word' id='word_1_317' title='bbox 999 2750 1222 2789; x_wconf 85' lang='lat' dir='ltr'><strong>sensum</strong></span> <span class='ocrx_word' id='word_1_318' title='bbox 1259 2736 1446 2802; x_wconf 85' lang='lat' dir='ltr'><strong>habet,</strong></span> <span class='ocrx_word' id='word_1_319' title='bbox 1480 2737 1554 2791; x_wconf 89' lang='lat' dir='ltr'><strong>ita</strong></span> <span class='ocrx_word' id='word_1_320' title='bbox 1589 2737 1882 2807; x_wconf 88' lang='lat' dir='ltr'><strong>judicabit.</strong></span> <span class='ocrx_word' id='word_1_321' title='bbox 1914 2739 2064 2805; x_wconf 86' lang='lat' dir='ltr'><strong>Quo-</strong></span> 
     </span>
    </p>
   </div>
   <div class='ocr_carea' id='block_1_43' title="bbox 471 2826 2064 2902">
    <p class='ocr_par' dir='ltr' id='par_1_43' title="bbox 471 2826 2064 2902">
     <span class='ocr_line' id='line_1_43' title="bbox 471 2826 2064 2902; baseline 0.006 -24"><span class='ocrx_word' id='word_1_322' title='bbox 471 2826 619 2879; x_wconf 81' lang='lat' dir='ltr'><strong>circa</strong></span> <span class='ocrx_word' id='word_1_323' title='bbox 650 2840 758 2879; x_wconf 91' lang='lat' dir='ltr'><strong>non</strong></span> <span class='ocrx_word' id='word_1_324' title='bbox 783 2828 1197 2898; x_wconf 81' lang='lat' dir='ltr'><strong>smaragdinum</strong></span> <span class='ocrx_word' id='word_1_325' title='bbox 1226 2831 1466 2884; x_wconf 89' lang='lat' dir='ltr'><strong>colorem</strong></span> <span class='ocrx_word' id='word_1_326' title='bbox 1490 2833 1896 2902; x_wconf 79' lang='lat' dir='ltr'><strong>conchyliatum</strong></span> <span class='ocrx_word' id='word_1_327' title='bbox 1928 2834 2064 2888; x_wconf 80' lang='lat' dir='ltr'><strong>dixit</strong></span> 
     </span>
    </p>
   </div>
   <div class='ocr_carea' id='block_1_44' title="bbox 472 2917 2063 2993">
    <p class='ocr_par' dir='ltr' id='par_1_44' title="bbox 472 2917 2063 2993">
     <span class='ocr_line' id='line_1_44' title="bbox 472 2917 2063 2993; baseline 0.003 -20"><span class='ocrx_word' id='word_1_328' title='bbox 472 2933 596 2973; x_wconf 84' lang='lat' dir='ltr'><strong>csse</strong></span> <span class='ocrx_word' id='word_1_329' title='bbox 630 2917 980 2983; x_wconf 79' lang='lat' dir='ltr'><strong>Kerkoetius,</strong></span> <span class='ocrx_word' id='word_1_330' title='bbox 1022 2931 1081 2974; x_wconf 92' lang='lat' dir='ltr'><strong>ut</strong></span> <span class='ocrx_word' id='word_1_331' title='bbox 1117 2923 1339 2991; x_wconf 84' lang='lat' dir='ltr'><strong>nugaris</strong></span> <span class='ocrx_word' id='word_1_332' title='bbox 1365 2964 1378 2987; x_wconf 90' lang='lat'><strong>,</strong></span> <span class='ocrx_word' id='word_1_333' title='bbox 1412 2923 1506 2977; x_wconf 86' lang='lat' dir='ltr'><strong>sed</strong></span> <span class='ocrx_word' id='word_1_334' title='bbox 1547 2939 1671 2977; x_wconf 84' lang='lat' dir='ltr'><strong>cum</strong></span> <span class='ocrx_word' id='word_1_335' title='bbox 1709 2924 2063 2993; x_wconf 88' lang='lat' dir='ltr'><strong>smaragdiuo</strong></span> 
     </span>
    </p>
   </div>
   <div class='ocr_carea' id='block_1_45' title="bbox 2158 1815 3709 1899">
    <p class='ocr_par' dir='ltr' id='par_1_45' title="bbox 2158 1815 3709 1899">
     <span class='ocr_line' id='line_1_45' title="bbox 2158 1815 3709 1899; baseline -0.011 -16"><span class='ocrx_word' id='word_1_336' title='bbox 2158 1846 2265 1899; x_wconf 88' lang='lat' dir='ltr'><strong>que</strong></span> <span class='ocrx_word' id='word_1_337' title='bbox 2279 1827 2611 1897; x_wconf 61' lang='lat' dir='ltr'><strong>intelligi-bat</strong></span> <span class='ocrx_word' id='word_1_338' title='bbox 2628 1824 2875 1893; x_wconf 80' lang='lat' dir='ltr'><strong>profecto</strong></span> <span class='ocrx_word' id='word_1_339' title='bbox 2893 1821 3024 1891; x_wconf 88' lang='lat' dir='ltr'><strong>quid</strong></span> <span class='ocrx_word' id='word_1_340' title='bbox 3043 1821 3336 1882; x_wconf 86' lang='lat' dir='ltr'><strong>scriberet,</strong></span> <span class='ocrx_word' id='word_1_341' title='bbox 3355 1828 3406 1873; x_wconf 92' lang='lat' dir='ltr'><strong>et</strong></span> <span class='ocrx_word' id='word_1_342' title='bbox 3422 1815 3709 1887; x_wconf 85' lang='lat' dir='ltr'><strong>Dionysium</strong></span> 
     </span>
    </p>
   </div>
   <div class='ocr_carea' id='block_1_46' title="bbox 2159 1907 3709 1983">
    <p class='ocr_par' dir='ltr' id='par_1_46' title="bbox 2159 1907 3709 1983">
     <span class='ocr_line' id='line_1_46' title="bbox 2159 1907 3709 1983; baseline -0.012 -7"><span class='ocrx_word' id='word_1_343' title='bbox 2159 1921 2701 1976; x_wconf 83' lang='lat' dir='ltr'><strong>llalicarnassensem</strong></span> <span class='ocrx_word' id='word_1_344' title='bbox 2765 1914 2930 1969; x_wconf 89' lang='lat' dir='ltr'><strong>nimis</strong></span> <span class='ocrx_word' id='word_1_345' title='bbox 2954 1912 3155 1983; x_wconf 88' lang='lat' dir='ltr'><strong>raptim</strong></span> <span class='ocrx_word' id='word_1_346' title='bbox 3189 1912 3412 1980; x_wconf 84' lang='lat' dir='ltr'><strong>legerat.</strong></span> <span class='ocrx_word' id='word_1_347' title='bbox 3430 1907 3567 1963; x_wconf 85' lang='lat' dir='ltr'><strong>Nihil</strong></span> <span class='ocrx_word' id='word_1_348' title='bbox 3588 1907 3709 1961; x_wconf 91' lang='lat' dir='ltr'><strong>enim</strong></span> 
     </span>
    </p>
   </div>
   <div class='ocr_carea' id='block_1_47' title="bbox 2160 2000 3710 2085">
    <p class='ocr_par' dir='ltr' id='par_1_47' title="bbox 2160 2000 3710 2085">
     <span class='ocr_line' id='line_1_47' title="bbox 2160 2000 3710 2085; baseline -0.012 -16"><span class='ocrx_word' id='word_1_349' title='bbox 2160 2015 2333 2085; x_wconf 89' lang='lat' dir='ltr'><strong>magis</strong></span> <span class='ocrx_word' id='word_1_350' title='bbox 2358 2020 2549 2067; x_wconf 87' lang='lat' dir='ltr'><strong>contra</strong></span> <span class='ocrx_word' id='word_1_351' title='bbox 2578 2007 2865 2078; x_wconf 85' lang='lat' dir='ltr'><strong>scriptoris</strong></span> <span class='ocrx_word' id='word_1_352' title='bbox 2893 2006 3041 2061; x_wconf 91' lang='lat' dir='ltr'><strong>illius</strong></span> <span class='ocrx_word' id='word_1_353' title='bbox 3069 2015 3313 2059; x_wconf 88' lang='lat' dir='ltr'><strong>mentem</strong></span> <span class='ocrx_word' id='word_1_354' title='bbox 3342 2002 3517 2057; x_wconf 74' lang='lat' dir='ltr'><strong>aﬂ‘erri</strong></span> <span class='ocrx_word' id='word_1_355' title='bbox 3542 2000 3710 2071; x_wconf 90' lang='lat' dir='ltr'><strong>potuit.</strong></span> 
     </span>
    </p>
   </div>
   <div class='ocr_carea' id='block_1_48' title="bbox 2159 2096 3712 2181">
    <p class='ocr_par' dir='ltr' id='par_1_48' title="bbox 2159 2096 3712 2181">
     <span class='ocr_line' id='line_1_48' title="bbox 2159 2096 3712 2181; baseline -0.01 -16"><span class='ocrx_word' id='word_1_356' title='bbox 2159 2126 2322 2181; x_wconf 85' lang='lat' dir='ltr'><strong>quam</strong></span> <span class='ocrx_word' id='word_1_357' title='bbox 2361 2108 2506 2179; x_wconf 92' lang='lat' dir='ltr'><strong>quod</strong></span> <span class='ocrx_word' id='word_1_358' title='bbox 2546 2107 2639 2160; x_wconf 91' lang='lat' dir='ltr'><strong>illo</strong></span> <span class='ocrx_word' id='word_1_359' title='bbox 2675 2105 2853 2175; x_wconf 88' lang='lat' dir='ltr'><strong>capite</strong></span> <span class='ocrx_word' id='word_1_360' title='bbox 2879 2102 3169 2159; x_wconf 86' lang='lat' dir='ltr'><strong>disseruit.</strong></span> <span class='ocrx_word' id='word_1_361' title='bbox 3208 2099 3421 2171; x_wconf 78' lang='lat' dir='ltr'><strong>Quippe</strong></span> <span class='ocrx_word' id='word_1_362' title='bbox 3455 2096 3712 2167; x_wconf 83' lang='lat' dir='ltr'><strong>Dionysius</strong></span> 
     </span>
    </p>
   </div>
   <div class='ocr_carea' id='block_1_49' title="bbox 2161 2190 3713 2273">
    <p class='ocr_par' dir='ltr' id='par_1_49' title="bbox 2161 2190 3713 2273">
     <span class='ocr_line' id='line_1_49' title="bbox 2161 2190 3713 2273; baseline -0.013 -15"><span class='ocrx_word' id='word_1_363' title='bbox 2161 2203 2430 2273; x_wconf 89' lang='lat' dir='ltr'><strong>triplicem</strong></span> <span class='ocrx_word' id='word_1_364' title='bbox 2461 2199 2678 2255; x_wconf 84' lang='lat' dir='ltr'><strong>dicendi</strong></span> <span class='ocrx_word' id='word_1_365' title='bbox 2723 2198 3096 2253; x_wconf 82' lang='lat' dir='ltr'><strong>characterem</strong></span> <span class='ocrx_word' id='word_1_366' title='bbox 3140 2194 3338 2250; x_wconf 83' lang='lat' dir='ltr'><strong>statuit</strong></span> <span class='ocrx_word' id='word_1_367' title='bbox 3369 2211 3383 2247; x_wconf 89' lang='lat'>:</span> <span class='ocrx_word' id='word_1_368' title='bbox 3430 2190 3622 2261; x_wconf 87' lang='lat' dir='ltr'><strong>primus</strong></span> <span class='ocrx_word' id='word_1_369' title='bbox 3645 2194 3713 2241; x_wconf 85' lang='lat' dir='ltr'><strong>est</strong></span> 
     </span>
    </p>
   </div>
   <div class='ocr_carea' id='block_1_50' title="bbox 2161 2284 3712 2365">
    <p class='ocr_par' dir='ltr' id='par_1_50' title="bbox 2161 2284 3712 2365">
     <span class='ocr_line' id='line_1_50' title="bbox 2161 2284 3712 2365; baseline -0.011 -16"><span class='ocrx_word' id='word_1_370' title='bbox 2161 2293 2458 2365; x_wconf 78' lang='grc' dir='ltr'>αὐστηρός,</span> <span class='ocrx_word' id='word_1_371' title='bbox 2482 2301 2748 2352; x_wconf 78' lang='lat' dir='ltr'><strong>austeras,</strong></span> <span class='ocrx_word' id='word_1_372' title='bbox 2772 2299 2825 2343; x_wconf 77' lang='lat' dir='ltr'><strong>et</strong></span> <span class='ocrx_word' id='word_1_373' title='bbox 2850 2288 3169 2349; x_wconf 87' lang='lat' dir='ltr'><strong>archaicus,</strong></span> <span class='ocrx_word' id='word_1_374' title='bbox 3188 2287 3281 2355; x_wconf 89' lang='lat' dir='ltr'><strong>qui</strong></span> <span class='ocrx_word' id='word_1_375' title='bbox 3308 2293 3358 2340; x_wconf 87' lang='lat' dir='ltr'><strong>et</strong></span> <span class='ocrx_word' id='word_1_376' title='bbox 3377 2284 3559 2339; x_wconf 89' lang='lat' dir='ltr'><strong>scaber</strong></span> <span class='ocrx_word' id='word_1_377' title='bbox 3577 2287 3712 2348; x_wconf 85' lang='lat' dir='ltr'><strong>atque</strong></span> 
     </span>
    </p>
   </div>
   <div class='ocr_carea' id='block_1_51' title="bbox 2162 2370 3713 2455">
    <p class='ocr_par' dir='ltr' id='par_1_51' title="bbox 2162 2370 3713 2455">
     <span class='ocr_line' id='line_1_51' title="bbox 2162 2370 3713 2455; baseline -0.011 -16"><span class='ocrx_word' id='word_1_378' title='bbox 2162 2388 2447 2455; x_wconf 86' lang='lat' dir='ltr'><strong>impolitus</strong></span> <span class='ocrx_word' id='word_1_379' title='bbox 2475 2393 2558 2439; x_wconf 90' lang='lat' dir='ltr'><strong>est</strong></span> <span class='ocrx_word' id='word_1_380' title='bbox 2584 2404 2598 2438; x_wconf 92' lang='lat'><strong>:</strong></span> <span class='ocrx_word' id='word_1_381' title='bbox 2636 2384 2797 2452; x_wconf 92' lang='lat' dir='ltr'><strong>cujus</strong></span> <span class='ocrx_word' id='word_1_382' title='bbox 2839 2380 3093 2451; x_wconf 87' lang='lat' dir='ltr'><strong>proprius</strong></span> <span class='ocrx_word' id='word_1_383' title='bbox 3120 2387 3211 2433; x_wconf 88' lang='lat' dir='ltr'><strong>est</strong></span> <span class='ocrx_word' id='word_1_384' title='bbox 3242 2379 3421 2441; x_wconf 79' lang='grc' dir='ltr'>πίνος,</span> <span class='ocrx_word' id='word_1_385' title='bbox 3452 2376 3559 2431; x_wconf 83' lang='lat' dir='ltr'><strong>sive</strong></span> <span class='ocrx_word' id='word_1_386' title='bbox 3580 2370 3713 2443; x_wconf 83' lang='grc' dir='ltr'>χνοῦς</span> 
     </span>
    </p>
   </div>
   <div class='ocr_carea' id='block_1_52' title="bbox 2159 2460 3714 2544">
    <p class='ocr_par' dir='ltr' id='par_1_52' title="bbox 2159 2460 3714 2544">
     <span class='ocr_line' id='line_1_52' title="bbox 2159 2460 3714 2544; baseline -0.008 -18"><span class='ocrx_word' id='word_1_387' title='bbox 2159 2475 2260 2544; x_wconf 82' lang='grc' dir='ltr'><strong>τῆς</strong></span> <span class='ocrx_word' id='word_1_388' title='bbox 2294 2473 2676 2543; x_wconf 71' lang='grc' dir='ltr'><strong>ἀρχαιότητος,</strong></span> <span class='ocrx_word' id='word_1_389' title='bbox 2733 2470 3069 2540; x_wconf 81' lang='lat' dir='ltr'><strong>antiquitatis</strong></span> <span class='ocrx_word' id='word_1_390' title='bbox 3119 2468 3218 2523; x_wconf 82' lang='lat' dir='ltr'><strong>ille</strong></span> <span class='ocrx_word' id='word_1_391' title='bbox 3256 2469 3434 2530; x_wconf 82' lang='lat' dir='ltr'><strong>situs;</strong></span> <span class='ocrx_word' id='word_1_392' title='bbox 3475 2460 3714 2520; x_wconf 83' lang='lat' dir='ltr'><strong>secundus</strong></span> 
     </span>
    </p>
   </div>
   <div class='ocr_carea' id='block_1_53' title="bbox 2162 2561 3715 2635">
    <p class='ocr_par' dir='ltr' id='par_1_53' title="bbox 2162 2561 3715 2635">
     <span class='ocr_line' id='line_1_53' title="bbox 2162 2561 3715 2635; baseline -0.011 -15"><span class='ocrx_word' id='word_1_393' title='bbox 2162 2573 2246 2620; x_wconf 86' lang='lat' dir='ltr'><strong>est</strong></span> <span class='ocrx_word' id='word_1_394' title='bbox 2273 2563 2604 2635; x_wconf 78' lang='grc' dir='ltr'><strong>γλαφυρὸςῆ</strong></span> <span class='ocrx_word' id='word_1_395' title='bbox 2634 2562 2896 2634; x_wconf 77' lang='grc' dir='ltr'><strong>ἀνθηρός,</strong></span> <span class='ocrx_word' id='word_1_396' title='bbox 2932 2561 3139 2631; x_wconf 85' lang='lat' dir='ltr'><strong>politus</strong></span> <span class='ocrx_word' id='word_1_397' title='bbox 3181 2568 3237 2615; x_wconf 86' lang='lat' dir='ltr'><strong>et</strong></span> <span class='ocrx_word' id='word_1_398' title='bbox 3277 2566 3543 2628; x_wconf 89' lang='lat' dir='ltr'><strong>comptus,</strong></span> <span class='ocrx_word' id='word_1_399' title='bbox 3571 2568 3597 2607; x_wconf 91' lang='lat' dir='ltr'><strong>a</strong></span> <span class='ocrx_word' id='word_1_400' title='bbox 3624 2565 3715 2622; x_wconf 87' lang='lat' dir='ltr'><strong>quo</strong></span> 
     </span>
    </p>
   </div>
   <div class='ocr_carea' id='block_1_54' title="bbox 2165 2644 3717 2722">
    <p class='ocr_par' dir='ltr' id='par_1_54' title="bbox 2165 2644 3717 2722">
     <span class='ocr_line' id='line_1_54' title="bbox 2165 2644 3717 2722; baseline -0.009 -13"><span class='ocrx_word' id='word_1_401' title='bbox 2165 2656 2321 2719; x_wconf 82' lang='grc' dir='ltr'>πίνος</span> <span class='ocrx_word' id='word_1_402' title='bbox 2357 2655 2647 2722; x_wconf 83' lang='lat' dir='ltr'><strong>abhorret;</strong></span> <span class='ocrx_word' id='word_1_403' title='bbox 2679 2654 2878 2708; x_wconf 89' lang='lat' dir='ltr'><strong>tertius</strong></span> <span class='ocrx_word' id='word_1_404' title='bbox 2907 2652 3107 2717; x_wconf 77' lang='grc' dir='ltr'>κοινός,</span> <span class='ocrx_word' id='word_1_405' title='bbox 3135 2648 3235 2720; x_wconf 80' lang='lat' dir='ltr'><strong>qtii</strong></span> <span class='ocrx_word' id='word_1_406' title='bbox 3273 2650 3547 2704; x_wconf 87' lang='lat' dir='ltr'><strong>amborum</strong></span> <span class='ocrx_word' id='word_1_407' title='bbox 3583 2644 3717 2699; x_wconf 82' lang='lat' dir='ltr'><strong>dotes</strong></span> 
     </span>
    </p>
   </div>
   <div class='ocr_carea' id='block_1_55' title="bbox 2166 2733 3718 2815">
    <p class='ocr_par' dir='ltr' id='par_1_55' title="bbox 2166 2733 3718 2815">
     <span class='ocr_line' id='line_1_55' title="bbox 2166 2733 3718 2815; baseline -0.008 -15"><span class='ocrx_word' id='word_1_408' title='bbox 2166 2746 2221 2801; x_wconf 93' lang='lat' dir='ltr'><strong>in</strong></span> <span class='ocrx_word' id='word_1_409' title='bbox 2255 2763 2317 2802; x_wconf 90' lang='lat' dir='ltr'><strong>se</strong></span> <span class='ocrx_word' id='word_1_410' title='bbox 2344 2747 2612 2801; x_wconf 89' lang='lat' dir='ltr'><strong>continet.</strong></span> <span class='ocrx_word' id='word_1_411' title='bbox 2639 2745 2717 2799; x_wconf 89' lang='lat' dir='ltr'><strong>Ad</strong></span> <span class='ocrx_word' id='word_1_412' title='bbox 2749 2744 2985 2815; x_wconf 90' lang='lat' dir='ltr'><strong>primum</strong></span> <span class='ocrx_word' id='word_1_413' title='bbox 3012 2757 3196 2812; x_wconf 86' lang='lat' dir='ltr'><strong>genus</strong></span> <span class='ocrx_word' id='word_1_414' title='bbox 3227 2741 3544 2812; x_wconf 85' lang='lat' dir='ltr'><strong>pertinente</strong></span> <span class='ocrx_word' id='word_1_415' title='bbox 3566 2733 3718 2806; x_wconf 88' lang='lat' dir='ltr'><strong>poetis</strong></span> 
     </span>
    </p>
   </div>
   <div class='ocr_carea' id='block_1_56' title="bbox 2165 2824 3715 2909">
    <p class='ocr_par' dir='ltr' id='par_1_56' title="bbox 2165 2824 3715 2909">
     <span class='ocr_line' id='line_1_56' title="bbox 2165 2824 3715 2909; baseline -0.01 -16"><span class='ocrx_word' id='word_1_416' title='bbox 2165 2836 2462 2903; x_wconf 87' lang='lat' dir='ltr'><strong>Pindarus,</strong></span> <span class='ocrx_word' id='word_1_417' title='bbox 2501 2836 2798 2909; x_wconf 67' lang='lat' dir='ltr'><strong>Eschylus</strong></span> <span class='ocrx_word' id='word_1_418' title='bbox 2824 2853 2838 2901; x_wconf 87' lang='lat'><strong>;</strong></span> <span class='ocrx_word' id='word_1_419' title='bbox 2867 2850 2930 2889; x_wconf 82' lang='lat' dir='ltr'><strong>ex</strong></span> <span class='ocrx_word' id='word_1_420' title='bbox 2964 2834 3259 2889; x_wconf 89' lang='lat' dir='ltr'><strong>historicis</strong></span> <span class='ocrx_word' id='word_1_421' title='bbox 3288 2829 3629 2903; x_wconf 76' lang='lat' dir='ltr'><strong>Thucydides.</strong></span> <span class='ocrx_word' id='word_1_422' title='bbox 3650 2824 3715 2879; x_wconf 84' lang='lat' dir='ltr'><strong>Ad</strong></span> 
     </span>
    </p>
   </div>
   <div class='ocr_carea' id='block_1_57' title="bbox 2165 2919 3719 2997">
    <p class='ocr_par' dir='ltr' id='par_1_57' title="bbox 2165 2919 3719 2997">
     <span class='ocr_line' id='line_1_57' title="bbox 2165 2919 3719 2997; baseline -0.01 -10"><span class='ocrx_word' id='word_1_423' title='bbox 2165 2932 2468 2987; x_wconf 89' lang='lat' dir='ltr'><strong>secundum</strong></span> <span class='ocrx_word' id='word_1_424' title='bbox 2494 2929 2790 2989; x_wconf 77' lang='lat' dir='ltr'><strong>Hesiodus,</strong></span> <span class='ocrx_word' id='word_1_425' title='bbox 2820 2927 3062 2997; x_wconf 87' lang='lat' dir='ltr'><strong>Sappho,</strong></span> <span class='ocrx_word' id='word_1_426' title='bbox 3086 2928 3401 2989; x_wconf 85' lang='lat' dir='ltr'><strong>Anacreon,</strong></span> <span class='ocrx_word' id='word_1_427' title='bbox 3422 2919 3719 2980; x_wconf 85' lang='lat' dir='ltr'><strong>Simonides,</strong></span> 
     </span>
    </p>
   </div>
   <div class='ocr_carea' id='block_1_58' title="bbox 476 3009 3723 3093">
    <p class='ocr_par' dir='ltr' id='par_1_58' title="bbox 476 3009 3723 3093">
     <span class='ocr_line' id='line_1_58' title="bbox 476 3009 3723 3093; baseline -0.001 -26"><span class='ocrx_word' id='word_1_428' title='bbox 476 3013 655 3069; x_wconf 82' lang='lat' dir='ltr'><strong>virore</strong></span> <span class='ocrx_word' id='word_1_429' title='bbox 686 3012 908 3069; x_wconf 90' lang='lat' dir='ltr'><strong>mistum</strong></span> <span class='ocrx_word' id='word_1_430' title='bbox 936 3029 1059 3068; x_wconf 82' lang='lat' dir='ltr'><strong>esse</strong></span> <span class='ocrx_word' id='word_1_431' title='bbox 1084 3014 1489 3085; x_wconf 78' lang='lat' dir='ltr'><strong>conchyliatum</strong></span> <span class='ocrx_word' id='word_1_432' title='bbox 1517 3035 1529 3070; x_wconf 91' lang='lat'><strong>:</strong></span> <span class='ocrx_word' id='word_1_433' title='bbox 1556 3017 1699 3087; x_wconf 86' lang='lat' dir='ltr'><strong>quod</strong></span> <span class='ocrx_word' id='word_1_434' title='bbox 1724 3019 2056 3087; x_wconf 86' lang='lat' dir='ltr'><strong>scriptorum</strong></span> <span class='ocrx_word' id='word_1_435' title='bbox 2086 3015 2129 3073; x_wconf 87' lang='lat' dir='ltr'>C</span> <span class='ocrx_word' id='word_1_436' title='bbox 2163 3022 2452 3093; x_wconf 86' lang='lat' dir='ltr'><strong>Euripides</strong></span> <span class='ocrx_word' id='word_1_437' title='bbox 2468 3038 2532 3077; x_wconf 78' lang='lat' dir='ltr'><strong>ex</strong></span> <span class='ocrx_word' id='word_1_438' title='bbox 2560 3021 2769 3091; x_wconf 87' lang='lat' dir='ltr'><strong>poetis;</strong></span> <span class='ocrx_word' id='word_1_439' title='bbox 2803 3030 2867 3074; x_wconf 77' lang='lat' dir='ltr'><strong>ex</strong></span> <span class='ocrx_word' id='word_1_440' title='bbox 2889 3017 3171 3073; x_wconf 88' lang='lat' dir='ltr'><strong>historicis</strong></span> <span class='ocrx_word' id='word_1_441' title='bbox 3199 3016 3455 3087; x_wconf 83' lang='lat' dir='ltr'><strong>Ephorus</strong></span> <span class='ocrx_word' id='word_1_442' title='bbox 3484 3027 3546 3066; x_wconf 90' lang='lat' dir='ltr'><strong>ac</strong></span> <span class='ocrx_word' id='word_1_443' title='bbox 3574 3009 3723 3064; x_wconf 81' lang='lat' dir='ltr'><strong>Theo-</strong></span> 
     </span>
    </p>
   </div>
   <div class='ocr_carea' id='block_1_59' title="bbox 476 3104 1737 3177">
    <p class='ocr_par' dir='ltr' id='par_1_59' title="bbox 476 3104 1737 3177">
     <span class='ocr_line' id='line_1_59' title="bbox 476 3104 1737 3177; baseline 0.002 -20"><span class='ocrx_word' id='word_1_444' title='bbox 476 3104 784 3160; x_wconf 85' lang='lat' dir='ltr'><strong>auctoritas</strong></span> <span class='ocrx_word' id='word_1_445' title='bbox 813 3120 879 3159; x_wconf 91' lang='lat' dir='ltr'><strong>ac</strong></span> <span class='ocrx_word' id='word_1_446' title='bbox 907 3122 1107 3161; x_wconf 83' lang='lat' dir='ltr'><strong>sensus</strong></span> <span class='ocrx_word' id='word_1_447' title='bbox 1139 3106 1256 3177; x_wconf 88' lang='lat' dir='ltr'><strong>ipse</strong></span> <span class='ocrx_word' id='word_1_448' title='bbox 1286 3105 1570 3161; x_wconf 85' lang='lat' dir='ltr'><strong>discernit.</strong></span> <span class='ocrx_word' id='word_1_449' title='bbox 1734 3170 1737 3172; x_wconf 24' lang='grc' dir='ltr'><em>τ</em></span> 
     </span>
    </p>
   </div>
   <div class='ocr_carea' id='block_1_60' title="bbox 545 3194 2059 3254">
    <p class='ocr_par' dir='ltr' id='par_1_60' title="bbox 545 3194 2059 3254">
     <span class='ocr_line' id='line_1_60' title="bbox 545 3194 2059 3254; baseline 0.003 -5"><span class='ocrx_word' id='word_1_450' title='bbox 545 3194 603 3249; x_wconf 77' lang='lat' dir='ltr'><strong>in</strong></span> <span class='ocrx_word' id='word_1_451' title='bbox 634 3196 827 3251; x_wconf 89' lang='lat' dir='ltr'><strong>eodem</strong></span> <span class='ocrx_word' id='word_1_452' title='bbox 860 3196 1182 3253; x_wconf 82' lang='lat' dir='ltr'><strong>Tertulliani</strong></span> <span class='ocrx_word' id='word_1_453' title='bbox 1227 3198 1345 3252; x_wconf 89' lang='lat' dir='ltr'><strong>loco</strong></span> <span class='ocrx_word' id='word_1_454' title='bbox 1379 3199 1525 3252; x_wconf 88' lang='lat' dir='ltr'><strong>aliud</strong></span> <span class='ocrx_word' id='word_1_455' title='bbox 1562 3208 1647 3253; x_wconf 83' lang='lat' dir='ltr'><strong>est</strong></span> <span class='ocrx_word' id='word_1_456' title='bbox 1695 3198 2059 3254; x_wconf 78' lang='lat' dir='ltr'><strong>Salmasiante</strong></span> 
     </span>
    </p>
   </div>
   <div class='ocr_carea' id='block_1_61' title="bbox 476 3286 2061 3359">
    <p class='ocr_par' dir='ltr' id='par_1_61' title="bbox 476 3286 2061 3359">
     <span class='ocr_line' id='line_1_61' title="bbox 476 3286 2061 3359; baseline -0.001 -15"><span class='ocrx_word' id='word_1_457' title='bbox 476 3288 802 3344; x_wconf 87' lang='lat' dir='ltr'><strong>temeritatis</strong></span> <span class='ocrx_word' id='word_1_458' title='bbox 840 3288 1129 3359; x_wconf 68' lang='lat' dir='ltr'><strong>vestigium</strong></span> <span class='ocrx_word' id='word_1_459' title='bbox 1166 3288 1262 3359; x_wconf 90' lang='lat' dir='ltr'><strong>(a).</strong></span> <span class='ocrx_word' id='word_1_460' title='bbox 1298 3286 1567 3343; x_wconf 83' lang='lat' dir='ltr'><strong>Catuclita</strong></span> <span class='ocrx_word' id='word_1_461' title='bbox 1597 3297 1761 3359; x_wconf 87' lang='lat' dir='ltr'><strong>negat</strong></span> <span class='ocrx_word' id='word_1_462' title='bbox 1794 3289 1861 3343; x_wconf 92' lang='lat' dir='ltr'><strong>de</strong></span> <span class='ocrx_word' id='word_1_463' title='bbox 1896 3304 2061 3343; x_wconf 88' lang='lat' dir='ltr'><strong>accu-</strong></span> 
     </span>
    </p>
   </div>
   <div class='ocr_carea' id='block_1_62' title="bbox 477 3380 2062 3453">
    <p class='ocr_par' dir='ltr' id='par_1_62' title="bbox 477 3380 2062 3453">
     <span class='ocr_line' id='line_1_62' title="bbox 477 3380 2062 3453; baseline 0 -17"><span class='ocrx_word' id='word_1_464' title='bbox 477 3382 696 3437; x_wconf 86' lang='lat' dir='ltr'><strong>bitoriis</strong></span> <span class='ocrx_word' id='word_1_465' title='bbox 726 3380 975 3436; x_wconf 86' lang='lat' dir='ltr'><strong>vestibus</strong></span> <span class='ocrx_word' id='word_1_466' title='bbox 1018 3382 1297 3453; x_wconf 89' lang='lat' dir='ltr'><strong>usurpari,</strong></span> <span class='ocrx_word' id='word_1_467' title='bbox 1320 3389 1375 3436; x_wconf 91' lang='lat' dir='ltr'><strong>et</strong></span> <span class='ocrx_word' id='word_1_468' title='bbox 1398 3383 1489 3451; x_wconf 86' lang='lat' dir='ltr'><strong>qui</strong></span> <span class='ocrx_word' id='word_1_469' title='bbox 1518 3382 1598 3436; x_wconf 90' lang='lat' dir='ltr'><strong>sic</strong></span> <span class='ocrx_word' id='word_1_470' title='bbox 1632 3383 2062 3453; x_wconf 86' lang='lat' dir='ltr'><strong>interpretentur</strong></span> 
     </span>
    </p>
   </div>
   <div class='ocr_carea' id='block_1_63' title="bbox 476 3472 2064 3544">
    <p class='ocr_par' dir='ltr' id='par_1_63' title="bbox 476 3472 2064 3544">
     <span class='ocr_line' id='line_1_63' title="bbox 476 3472 2064 3544; baseline -0.001 -16"><span class='ocrx_word' id='word_1_471' title='bbox 476 3488 731 3544; x_wconf 88' lang='lat' dir='ltr'><strong>magnam</strong></span> <span class='ocrx_word' id='word_1_472' title='bbox 761 3488 878 3543; x_wconf 66' lang='lat' dir='ltr'><strong>prae</strong></span> <span class='ocrx_word' id='word_1_473' title='bbox 917 3488 975 3529; x_wconf 87' lang='lat' dir='ltr'><strong>se</strong></span> <span class='ocrx_word' id='word_1_474' title='bbox 1014 3472 1157 3529; x_wconf 77' lang='lat' dir='ltr'><strong>ferre</strong></span> <span class='ocrx_word' id='word_1_475' title='bbox 1199 3474 1273 3528; x_wconf 88' lang='lat' dir='ltr'><strong>ait</strong></span> <span class='ocrx_word' id='word_1_476' title='bbox 1307 3474 1481 3529; x_wconf 63' lang='lat' dir='ltr'><strong>Grani</strong></span> <span class='ocrx_word' id='word_1_477' title='bbox 1522 3474 1795 3529; x_wconf 89' lang='lat' dir='ltr'><strong>sermonis</strong></span> <span class='ocrx_word' id='word_1_478' title='bbox 1841 3473 2064 3543; x_wconf 84' lang='lat' dir='ltr'><strong>imperi-</strong></span> 
     </span>
    </p>
   </div>
   <div class='ocr_carea' id='block_1_64' title="bbox 477 3563 2062 3637">
    <p class='ocr_par' dir='ltr' id='par_1_64' title="bbox 477 3563 2062 3637">
     <span class='ocr_line' id='line_1_64' title="bbox 477 3563 2062 3637; baseline -0.001 -18"><span class='ocrx_word' id='word_1_479' title='bbox 477 3566 609 3620; x_wconf 87' lang='lat' dir='ltr'><strong>tiam</strong></span> <span class='ocrx_word' id='word_1_480' title='bbox 641 3583 653 3620; x_wconf 90' lang='lat'>:</span> <span class='ocrx_word' id='word_1_481' title='bbox 688 3566 892 3637; x_wconf 84' lang='lat' dir='ltr'><strong>quippe</strong></span> <span class='ocrx_word' id='word_1_482' title='bbox 924 3564 1062 3620; x_wconf 82' lang='lat' dir='ltr'><strong>nihil</strong></span> <span class='ocrx_word' id='word_1_483' title='bbox 1093 3565 1243 3621; x_wconf 90' lang='lat' dir='ltr'><strong>aliud</strong></span> <span class='ocrx_word' id='word_1_484' title='bbox 1277 3581 1401 3621; x_wconf 91' lang='lat' dir='ltr'><strong>esse</strong></span> <span class='ocrx_word' id='word_1_485' title='bbox 1424 3564 1725 3619; x_wconf 73' lang='grc' dir='ltr'>κατάκλιτα</span> <span class='ocrx_word' id='word_1_486' title='bbox 1754 3563 1861 3625; x_wconf 83' lang='lat' dir='ltr'><strong>nisi</strong></span> <span class='ocrx_word' id='word_1_487' title='bbox 1895 3579 2062 3618; x_wconf 88' lang='lat' dir='ltr'><strong>aecu-</strong></span> 
     </span>
    </p>
   </div>
   <div class='ocr_carea' id='block_1_65' title="bbox 477 3655 2065 3728">
    <p class='ocr_par' dir='ltr' id='par_1_65' title="bbox 477 3655 2065 3728">
     <span class='ocr_line' id='line_1_65' title="bbox 477 3655 2065 3728; baseline -0.001 -15"><span class='ocrx_word' id='word_1_488' title='bbox 477 3658 617 3725; x_wconf 86' lang='lat' dir='ltr'><strong>bita,</strong></span> <span class='ocrx_word' id='word_1_489' title='bbox 653 3658 771 3714; x_wconf 88' lang='lat' dir='ltr'><strong>sive</strong></span> <span class='ocrx_word' id='word_1_490' title='bbox 816 3668 968 3713; x_wconf 76' lang='lat' dir='ltr'><strong>tores</strong></span> <span class='ocrx_word' id='word_1_491' title='bbox 1014 3657 1185 3728; x_wconf 86' lang='lat' dir='ltr'><strong>ipsos,</strong></span> <span class='ocrx_word' id='word_1_492' title='bbox 1223 3658 1559 3727; x_wconf 81' lang='lat' dir='ltr'><strong>minimeque</strong></span> <span class='ocrx_word' id='word_1_493' title='bbox 1599 3665 1799 3718; x_wconf 88' lang='lat' dir='ltr'><strong>vestes,</strong></span> <span class='ocrx_word' id='word_1_494' title='bbox 1830 3670 1953 3725; x_wconf 66' lang='lat' dir='ltr'><strong>quae</strong></span> <span class='ocrx_word' id='word_1_495' title='bbox 1998 3655 2065 3711; x_wconf 90' lang='lat' dir='ltr'><strong>iis</strong></span> 
     </span>
    </p>
   </div>
   <div class='ocr_carea' id='block_1_66' title="bbox 479 3744 2067 3805">
    <p class='ocr_par' dir='ltr' id='par_1_66' title="bbox 479 3744 2067 3805">
     <span class='ocr_line' id='line_1_66' title="bbox 479 3744 2067 3805; baseline -0.005 0"><span class='ocrx_word' id='word_1_496' title='bbox 479 3750 715 3805; x_wconf 88' lang='lat' dir='ltr'><strong>insterni</strong></span> <span class='ocrx_word' id='word_1_497' title='bbox 754 3749 951 3805; x_wconf 89' lang='lat' dir='ltr'><strong>solent.</strong></span> <span class='ocrx_word' id='word_1_498' title='bbox 988 3746 1095 3804; x_wconf 88' lang='lat' dir='ltr'><strong>Sed</strong></span> <span class='ocrx_word' id='word_1_499' title='bbox 1130 3748 1183 3803; x_wconf 87' lang='lat' dir='ltr'><strong>id</strong></span> <span class='ocrx_word' id='word_1_500' title='bbox 1217 3764 1342 3804; x_wconf 89' lang='lat' dir='ltr'><strong>esse</strong></span> <span class='ocrx_word' id='word_1_501' title='bbox 1372 3747 1570 3805; x_wconf 82' lang='lat' dir='ltr'><strong>falsum</strong></span> <span class='ocrx_word' id='word_1_502' title='bbox 1606 3763 1673 3802; x_wconf 80' lang='lat' dir='ltr'><strong>ex</strong></span> <span class='ocrx_word' id='word_1_503' title='bbox 1704 3744 1843 3799; x_wconf 78' lang='lat' dir='ltr'><strong>LXX</strong></span> <span class='ocrx_word' id='word_1_504' title='bbox 1892 3746 2067 3800; x_wconf 88' lang='lat' dir='ltr'><strong>Inter-</strong></span> 
     </span>
    </p>
   </div>
   <div class='ocr_carea' id='block_1_67' title="bbox 480 3840 2069 3916">
    <p class='ocr_par' dir='ltr' id='par_1_67' title="bbox 480 3840 2069 3916">
     <span class='ocr_line' id='line_1_67' title="bbox 480 3840 2069 3916; baseline -0.003 -17"><span class='ocrx_word' id='word_1_505' title='bbox 480 3852 694 3916; x_wconf 84' lang='lat' dir='ltr'><strong>pretum</strong></span> <span class='ocrx_word' id='word_1_506' title='bbox 721 3841 909 3899; x_wconf 62' lang='grc' dir='ltr'><strong>(ἔντερα</strong></span> <span class='ocrx_word' id='word_1_507' title='bbox 936 3843 1189 3909; x_wconf 88' lang='lat' dir='ltr'><strong>lectione,</strong></span> <span class='ocrx_word' id='word_1_508' title='bbox 1212 3850 1267 3897; x_wconf 89' lang='lat' dir='ltr'><strong>et</strong></span> <span class='ocrx_word' id='word_1_509' title='bbox 1294 3840 1354 3896; x_wconf 88' lang='lat' dir='ltr'><strong>S.</strong></span> <span class='ocrx_word' id='word_1_510' title='bbox 1378 3842 1562 3897; x_wconf 85' lang='lat' dir='ltr'><strong>Basilii</strong></span> <span class='ocrx_word' id='word_1_511' title='bbox 1586 3840 1914 3894; x_wconf 86' lang='lat' dir='ltr'><strong>auctoritate</strong></span> <span class='ocrx_word' id='word_1_512' title='bbox 1943 3854 2069 3894; x_wconf 88' lang='lat' dir='ltr'><strong>con-</strong></span> 
     </span>
    </p>
   </div>
   <div class='ocr_carea' id='block_1_68' title="bbox 481 3933 2066 4007">
    <p class='ocr_par' dir='ltr' id='par_1_68' title="bbox 481 3933 2066 4007">
     <span class='ocr_line' id='line_1_68' title="bbox 481 3933 2066 4007; baseline -0.006 -13"><span class='ocrx_word' id='word_1_513' title='bbox 481 3948 609 3994; x_wconf 87' lang='lat' dir='ltr'><strong>stat.</strong></span> <span class='ocrx_word' id='word_1_514' title='bbox 649 3936 805 3992; x_wconf 67' lang='lat' dir='ltr'><strong>lsaia:</strong></span> <span class='ocrx_word' id='word_1_515' title='bbox 832 3951 919 4000; x_wconf 78' lang='lat' dir='ltr'><strong>in,</strong></span> <span class='ocrx_word' id='word_1_516' title='bbox 964 3936 1059 4002; x_wconf 69' lang='lat'><strong>23,</strong></span> <span class='ocrx_word' id='word_1_517' title='bbox 1100 3934 1364 4007; x_wconf 81' lang='grc' dir='ltr'><strong>θέριστρα</strong></span> <span class='ocrx_word' id='word_1_518' title='bbox 1416 3933 1717 3988; x_wconf 69' lang='grc' dir='ltr'><strong>κατάκλιτα.</strong></span> <span class='ocrx_word' id='word_1_519' title='bbox 1768 3933 2066 3997; x_wconf 89' lang='lat' dir='ltr'><strong>dicuntur;</strong></span> 
     </span>
    </p>
   </div>
   <div class='ocr_carea' id='block_1_69' title="bbox 484 4027 2070 4099">
    <p class='ocr_par' dir='ltr' id='par_1_69' title="bbox 484 4027 2070 4099">
     <span class='ocr_line' id='line_1_69' title="bbox 484 4027 2070 4099; baseline -0.004 -14"><span class='ocrx_word' id='word_1_520' title='bbox 484 4031 577 4085; x_wconf 90' lang='lat' dir='ltr'><strong>ubi</strong></span> <span class='ocrx_word' id='word_1_521' title='bbox 606 4029 909 4083; x_wconf 82' lang='grc' dir='ltr'><strong>κατάκλιτα</strong></span> <span class='ocrx_word' id='word_1_522' title='bbox 957 4029 1228 4099; x_wconf 88' lang='lat' dir='ltr'><strong>adjective</strong></span> <span class='ocrx_word' id='word_1_523' title='bbox 1256 4027 1397 4083; x_wconf 90' lang='lat' dir='ltr'><strong>smui</strong></span> <span class='ocrx_word' id='word_1_524' title='bbox 1448 4042 1675 4083; x_wconf 85' lang='lat' dir='ltr'><strong>necesse</strong></span> <span class='ocrx_word' id='word_1_525' title='bbox 1722 4038 1828 4090; x_wconf 92' lang='lat' dir='ltr'><strong>est,</strong></span> <span class='ocrx_word' id='word_1_526' title='bbox 1860 4033 2070 4081; x_wconf 90' lang='lat' dir='ltr'><strong>etsunt</strong></span> 
     </span>
    </p>
   </div>
   <div class='ocr_carea' id='block_1_70' title="bbox 484 4117 2070 4188">
    <p class='ocr_par' dir='ltr' id='par_1_70' title="bbox 484 4117 2070 4188">
     <span class='ocr_line' id='line_1_70' title="bbox 484 4117 2070 4188; baseline -0.002 -13"><span class='ocrx_word' id='word_1_527' title='bbox 484 4121 849 4177; x_wconf 86' lang='lat' dir='ltr'><strong>accubitoria.</strong></span> <span class='ocrx_word' id='word_1_528' title='bbox 899 4119 976 4175; x_wconf 85' lang='lat' dir='ltr'><strong>Ita</strong></span> <span class='ocrx_word' id='word_1_529' title='bbox 1025 4119 1261 4175; x_wconf 85' lang='lat' dir='ltr'><strong>Basilius</strong></span> <span class='ocrx_word' id='word_1_530' title='bbox 1296 4119 1542 4188; x_wconf 77' lang='lat' dir='ltr'><strong>exponit,</strong></span> <span class='ocrx_word' id='word_1_531' title='bbox 1584 4118 1678 4188; x_wconf 91' lang='lat' dir='ltr'><strong>qui</strong></span> <span class='ocrx_word' id='word_1_532' title='bbox 1721 4117 1866 4171; x_wconf 88' lang='lat' dir='ltr'><strong>haud</strong></span> <span class='ocrx_word' id='word_1_533' title='bbox 1909 4117 2070 4187; x_wconf 89' lang='lat' dir='ltr'><strong>paulo</strong></span> 
     </span>
    </p>
   </div>
   <div class='ocr_carea' id='block_1_71' title="bbox 484 4208 2070 4283">
    <p class='ocr_par' dir='ltr' id='par_1_71' title="bbox 484 4208 2070 4283">
     <span class='ocr_line' id='line_1_71' title="bbox 484 4208 2070 4283; baseline -0.003 -17"><span class='ocrx_word' id='word_1_534' title='bbox 484 4212 674 4268; x_wconf 72' lang='lat' dir='ltr'><strong>Crmce</strong></span> <span class='ocrx_word' id='word_1_535' title='bbox 703 4211 931 4283; x_wconf 84' lang='lat' dir='ltr'><strong>peritior</strong></span> <span class='ocrx_word' id='word_1_536' title='bbox 950 4211 1052 4266; x_wconf 82' lang='lat' dir='ltr'><strong>fuit</strong></span> <span class='ocrx_word' id='word_1_537' title='bbox 1083 4226 1246 4279; x_wconf 89' lang='lat' dir='ltr'><strong>quam</strong></span> <span class='ocrx_word' id='word_1_538' title='bbox 1277 4208 1603 4263; x_wconf 85' lang='lat' dir='ltr'><strong>Salmasius.</strong></span> <span class='ocrx_word' id='word_1_539' title='bbox 1632 4208 1949 4262; x_wconf 80' lang='grc' dir='ltr'><strong>Κατάκλιτα</strong></span> <span class='ocrx_word' id='word_1_540' title='bbox 1975 4208 2070 4261; x_wconf 78' lang='grc' dir='ltr'><strong>νῦν</strong></span> 
     </span>
    </p>
   </div>
   <div class='ocr_carea' id='block_1_72' title="bbox 486 4299 2072 4372">
    <p class='ocr_par' dir='ltr' id='par_1_72' title="bbox 486 4299 2072 4372">
     <span class='ocr_line' id='line_1_72' title="bbox 486 4299 2072 4372; baseline -0.003 -16"><span class='ocrx_word' id='word_1_541' title='bbox 486 4304 637 4372; x_wconf 77' lang='grc' dir='ltr'><strong>λέγει</strong></span> <span class='ocrx_word' id='word_1_542' title='bbox 663 4304 731 4355; x_wconf 82' lang='grc' dir='ltr'>τὰ</span> <span class='ocrx_word' id='word_1_543' title='bbox 760 4305 817 4357; x_wconf 80' lang='grc' dir='ltr'><strong>ἐν</strong></span> <span class='ocrx_word' id='word_1_544' title='bbox 847 4301 927 4372; x_wconf 85' lang='grc' dir='ltr'><strong>τῷ</strong></span> <span class='ocrx_word' id='word_1_545' title='bbox 969 4300 1389 4354; x_wconf 79' lang='grc' dir='ltr'>κατακλίνεσθαι</span> <span class='ocrx_word' id='word_1_546' title='bbox 1420 4300 1485 4352; x_wconf 83' lang='grc' dir='ltr'><strong>δι’</strong></span> <span class='ocrx_word' id='word_1_547' title='bbox 1516 4299 1822 4369; x_wconf 80' lang='grc' dir='ltr'>ὑπερϐολὴν</span> <span class='ocrx_word' id='word_1_548' title='bbox 1860 4299 2072 4369; x_wconf 83' lang='grc' dir='ltr'><strong>τρυφῆς</strong></span> 
     </span>
    </p>
   </div>
   <div class='ocr_carea' id='block_1_73' title="bbox 487 4392 2073 4463">
    <p class='ocr_par' dir='ltr' id='par_1_73' title="bbox 487 4392 2073 4463">
     <span class='ocr_line' id='line_1_73' title="bbox 487 4392 2073 4463; baseline -0.002 -15"><span class='ocrx_word' id='word_1_549' title='bbox 487 4398 605 4459; x_wconf 79' lang='grc' dir='ltr'><strong>ταῖς</strong></span> <span class='ocrx_word' id='word_1_550' title='bbox 632 4395 839 4458; x_wconf 74' lang='grc' dir='ltr'>κλίναις</span> <span class='ocrx_word' id='word_1_551' title='bbox 878 4392 1278 4463; x_wconf 79' lang='grc' dir='ltr'><strong>ὲπιὸαλλόμενα</strong></span> <span class='ocrx_word' id='word_1_552' title='bbox 1302 4408 1316 4422; x_wconf 81' lang='lat'>&#39;</span> <span class='ocrx_word' id='word_1_553' title='bbox 1372 4392 1627 4445; x_wconf 81' lang='lat' dir='ltr'><strong>cataclita</strong></span> <span class='ocrx_word' id='word_1_554' title='bbox 1667 4401 1837 4456; x_wconf 86' lang='lat' dir='ltr'><strong>vocat,</strong></span> <span class='ocrx_word' id='word_1_555' title='bbox 1873 4408 1989 4461; x_wconf 83' lang='lat' dir='ltr'><strong>qua:</strong></span> <span class='ocrx_word' id='word_1_556' title='bbox 2020 4394 2073 4445; x_wconf 84' lang='lat' dir='ltr'><strong>in</strong></span> 
     </span>
    </p>
   </div>
   <div class='ocr_carea' id='block_1_74' title="bbox 488 4483 2072 4554">
    <p class='ocr_par' dir='ltr' id='par_1_74' title="bbox 488 4483 2072 4554">
     <span class='ocr_line' id='line_1_74' title="bbox 488 4483 2072 4554; baseline 0.001 -15"><span class='ocrx_word' id='word_1_557' title='bbox 488 4486 867 4551; x_wconf 76' lang='lat' dir='ltr'><strong>accumbendo,</strong></span> <span class='ocrx_word' id='word_1_558' title='bbox 913 4500 1026 4554; x_wconf 79' lang='lat' dir='ltr'><strong>prte</strong></span> <span class='ocrx_word' id='word_1_559' title='bbox 1066 4484 1228 4537; x_wconf 80' lang='lat' dir='ltr'><strong>nimio</strong></span> <span class='ocrx_word' id='word_1_560' title='bbox 1284 4483 1435 4547; x_wconf 78' lang='lat' dir='ltr'><strong>luxu,</strong></span> <span class='ocrx_word' id='word_1_561' title='bbox 1480 4483 1630 4538; x_wconf 83' lang='lat' dir='ltr'><strong>lectis</strong></span> <span class='ocrx_word' id='word_1_562' title='bbox 1683 4486 2072 4541; x_wconf 81' lang='lat' dir='ltr'><strong>insternuntur.</strong></span> 
     </span>
    </p>
   </div>
   <div class='ocr_carea' id='block_1_75' title="bbox 489 4576 2072 4646">
    <p class='ocr_par' dir='ltr' id='par_1_75' title="bbox 489 4576 2072 4646">
     <span class='ocr_line' id='line_1_75' title="bbox 489 4576 2072 4646; baseline 0.001 -13"><span class='ocrx_word' id='word_1_563' title='bbox 489 4576 685 4633; x_wconf 77' lang='lat' dir='ltr'><strong>Videat</strong></span> <span class='ocrx_word' id='word_1_564' title='bbox 714 4591 860 4631; x_wconf 86' lang='lat' dir='ltr'><strong>nunc</strong></span> <span class='ocrx_word' id='word_1_565' title='bbox 888 4576 1214 4640; x_wconf 85' lang='lat' dir='ltr'><strong>Salmasius,</strong></span> <span class='ocrx_word' id='word_1_566' title='bbox 1242 4592 1404 4646; x_wconf 86' lang='lat' dir='ltr'><strong>quam</strong></span> <span class='ocrx_word' id='word_1_567' title='bbox 1432 4591 1490 4631; x_wconf 90' lang='lat' dir='ltr'><strong>se</strong></span> <span class='ocrx_word' id='word_1_568' title='bbox 1523 4579 1719 4632; x_wconf 90' lang='lat' dir='ltr'><strong>merito</strong></span> <span class='ocrx_word' id='word_1_569' title='bbox 1745 4576 1916 4633; x_wconf 69' lang='lat' dir='ltr'><strong>Grzcci</strong></span> <span class='ocrx_word' id='word_1_570' title='bbox 1953 4594 2072 4634; x_wconf 85' lang='lat' dir='ltr'><strong>ser-</strong></span> 
     </span>
    </p>
   </div>
   <div class='ocr_carea' id='block_1_76' title="bbox 492 4669 2075 4741">
    <p class='ocr_par' dir='ltr' id='par_1_76' title="bbox 492 4669 2075 4741">
     <span class='ocr_line' id='line_1_76' title="bbox 492 4669 2075 4741; baseline 0.001 -15"><span class='ocrx_word' id='word_1_571' title='bbox 492 4670 672 4726; x_wconf 88' lang='lat' dir='ltr'><strong>monis</strong></span> <span class='ocrx_word' id='word_1_572' title='bbox 702 4670 895 4740; x_wconf 88' lang='lat' dir='ltr'><strong>peritia</strong></span> <span class='ocrx_word' id='word_1_573' title='bbox 930 4669 1120 4739; x_wconf 81' lang='lat' dir='ltr'><strong>jactct,</strong></span> <span class='ocrx_word' id='word_1_574' title='bbox 1161 4686 1227 4725; x_wconf 90' lang='lat' dir='ltr'><strong>ac</strong></span> <span class='ocrx_word' id='word_1_575' title='bbox 1257 4669 1583 4725; x_wconf 84' lang='lat' dir='ltr'><strong>Tertulliani</strong></span> <span class='ocrx_word' id='word_1_576' title='bbox 1630 4669 1958 4741; x_wconf 87' lang='lat' dir='ltr'><strong>interpretes</strong></span> <span class='ocrx_word' id='word_1_577' title='bbox 1989 4688 2075 4727; x_wconf 85' lang='lat' dir='ltr'><strong>rc-</strong></span> 
     </span>
    </p>
   </div>
   <div class='ocr_carea' id='block_1_77' title="bbox 492 4763 2072 4837">
    <p class='ocr_par' dir='ltr' id='par_1_77' title="bbox 492 4763 2072 4837">
     <span class='ocr_line' id='line_1_77' title="bbox 492 4763 2072 4837; baseline 0.001 -19"><span class='ocrx_word' id='word_1_578' title='bbox 492 4764 816 4837; x_wconf 87' lang='lat' dir='ltr'><strong>prehendat,</strong></span> <span class='ocrx_word' id='word_1_579' title='bbox 850 4764 945 4835; x_wconf 91' lang='lat' dir='ltr'><strong>qui</strong></span> <span class='ocrx_word' id='word_1_580' title='bbox 994 4764 1209 4831; x_wconf 90' lang='lat' dir='ltr'><strong>eodem,</strong></span> <span class='ocrx_word' id='word_1_581' title='bbox 1252 4781 1362 4836; x_wconf 91' lang='lat' dir='ltr'><strong>quo</strong></span> <span class='ocrx_word' id='word_1_582' title='bbox 1407 4763 1664 4831; x_wconf 87' lang='lat' dir='ltr'><strong>Basilius,</strong></span> <span class='ocrx_word' id='word_1_583' title='bbox 1702 4780 1869 4820; x_wconf 88' lang='lat' dir='ltr'><strong>sensu</strong></span> <span class='ocrx_word' id='word_1_584' title='bbox 1918 4773 2072 4820; x_wconf 86' lang='lat' dir='ltr'><strong>cata-</strong></span> 
     </span>
    </p>
   </div>
   <div class='ocr_carea' id='block_1_78' title="bbox 490 4859 1031 4927">
    <p class='ocr_par' dir='ltr' id='par_1_78' title="bbox 490 4859 1031 4927">
     <span class='ocr_line' id='line_1_78' title="bbox 490 4859 1031 4927; baseline -0.006 -14"><span class='ocrx_word' id='word_1_585' title='bbox 490 4859 620 4913; x_wconf 90' lang='lat' dir='ltr'><strong>clita</strong></span> <span class='ocrx_word' id='word_1_586' title='bbox 655 4864 1031 4927; x_wconf 89' lang='lat' dir='ltr'><strong>sumpserunt.</strong></span> 
     </span>
    </p>
   </div>
   <div class='ocr_carea' id='block_1_79' title="bbox 564 4950 2076 5021">
    <p class='ocr_par' dir='ltr' id='par_1_79' title="bbox 564 4950 2076 5021">
     <span class='ocr_line' id='line_1_79' title="bbox 564 4950 2076 5021; baseline -0.001 -14"><span class='ocrx_word' id='word_1_587' title='bbox 564 4952 709 5007; x_wconf 88' lang='lat' dir='ltr'><strong>Nihil</strong></span> <span class='ocrx_word' id='word_1_588' title='bbox 734 4951 907 5021; x_wconf 83' lang='lat' dir='ltr'><strong>magis</strong></span> <span class='ocrx_word' id='word_1_589' title='bbox 934 4950 1174 5007; x_wconf 90' lang='lat' dir='ltr'><strong>hominis</strong></span> <span class='ocrx_word' id='word_1_590' title='bbox 1198 4951 1482 5009; x_wconf 88' lang='lat' dir='ltr'><strong>intererat.</strong></span> <span class='ocrx_word' id='word_1_591' title='bbox 1506 4966 1670 5020; x_wconf 90' lang='lat' dir='ltr'><strong>quam</strong></span> <span class='ocrx_word' id='word_1_592' title='bbox 1700 4951 1902 5006; x_wconf 86' lang='lat' dir='ltr'><strong>veteris</strong></span> <span class='ocrx_word' id='word_1_593' title='bbox 1929 4950 2076 5005; x_wconf 87' lang='lat' dir='ltr'><strong>illius</strong></span> 
     </span>
    </p>
   </div>
   <div class='ocr_carea' id='block_1_80' title="bbox 491 5038 2077 5111">
    <p class='ocr_par' dir='ltr' id='par_1_80' title="bbox 491 5038 2077 5111">
     <span class='ocr_line' id='line_1_80' title="bbox 491 5038 2077 5111; baseline -0.001 -16"><span class='ocrx_word' id='word_1_594' title='bbox 491 5043 605 5098; x_wconf 89' lang='lat' dir='ltr'><strong>litis</strong></span> <span class='ocrx_word' id='word_1_595' title='bbox 637 5040 957 5096; x_wconf 86' lang='lat' dir='ltr'><strong>memoriam</strong></span> <span class='ocrx_word' id='word_1_596' title='bbox 986 5041 1261 5105; x_wconf 85' lang='lat' dir='ltr'><strong>obterere,</strong></span> <span class='ocrx_word' id='word_1_597' title='bbox 1297 5056 1399 5093; x_wconf 90' lang='lat' dir='ltr'><strong>nec</strong></span> <span class='ocrx_word' id='word_1_598' title='bbox 1430 5040 1814 5111; x_wconf 83' lang='lat' dir='ltr'><strong>intempestiva</strong></span> <span class='ocrx_word' id='word_1_599' title='bbox 1846 5038 1966 5106; x_wconf 85' lang='lat' dir='ltr'><strong>ejus</strong></span> <span class='ocrx_word' id='word_1_600' title='bbox 1993 5054 2077 5093; x_wconf 88' lang='lat' dir='ltr'><strong>re-</strong></span> 
     </span>
    </p>
   </div>
   <div class='ocr_carea' id='block_1_81' title="bbox 492 5128 2076 5203">
    <p class='ocr_par' dir='ltr' id='par_1_81' title="bbox 492 5128 2076 5203">
     <span class='ocr_line' id='line_1_81' title="bbox 492 5128 2076 5203; baseline -0.004 -15"><span class='ocrx_word' id='word_1_601' title='bbox 492 5133 815 5190; x_wconf 89' lang='lat' dir='ltr'><strong>cordatione</strong></span> <span class='ocrx_word' id='word_1_602' title='bbox 850 5132 1204 5203; x_wconf 87' lang='lat' dir='ltr'><strong>insigniorcm</strong></span> <span class='ocrx_word' id='word_1_603' title='bbox 1258 5146 1415 5187; x_wconf 88' lang='lat' dir='ltr'><strong>suam</strong></span> <span class='ocrx_word' id='word_1_604' title='bbox 1458 5133 1673 5202; x_wconf 84' lang='lat' dir='ltr'><strong>culpam</strong></span> <span class='ocrx_word' id='word_1_605' title='bbox 1726 5128 1928 5183; x_wconf 87' lang='lat' dir='ltr'><strong>t‘accre.</strong></span> <span class='ocrx_word' id='word_1_606' title='bbox 1968 5129 2076 5183; x_wconf 91' lang='lat' dir='ltr'><strong>Sed</strong></span> 
     </span>
    </p>
   </div>
   <div class='ocr_carea' id='block_1_82' title="bbox 495 5221 2079 5297">
    <p class='ocr_par' dir='ltr' id='par_1_82' title="bbox 495 5221 2079 5297">
     <span class='ocr_line' id='line_1_82' title="bbox 495 5221 2079 5297; baseline -0.004 -15"><span class='ocrx_word' id='word_1_607' title='bbox 495 5242 605 5282; x_wconf 89' lang='lat' dir='ltr'><strong>non</strong></span> <span class='ocrx_word' id='word_1_608' title='bbox 646 5234 870 5297; x_wconf 87' lang='lat' dir='ltr'><strong>potest:</strong></span> <span class='ocrx_word' id='word_1_609' title='bbox 923 5240 1047 5279; x_wconf 89' lang='lat' dir='ltr'><strong>nam</strong></span> <span class='ocrx_word' id='word_1_610' title='bbox 1089 5239 1220 5279; x_wconf 90' lang='lat' dir='ltr'><strong>ecce</strong></span> <span class='ocrx_word' id='word_1_611' title='bbox 1272 5224 1455 5280; x_wconf 90' lang='lat' dir='ltr'><strong>denuo</strong></span> <span class='ocrx_word' id='word_1_612' title='bbox 1512 5225 1740 5279; x_wconf 88' lang='lat' dir='ltr'><strong>alterius</strong></span> <span class='ocrx_word' id='word_1_613' title='bbox 1788 5221 1951 5277; x_wconf 81' lang='lat' dir='ltr'><strong>errati</strong></span> <span class='ocrx_word' id='word_1_614' title='bbox 1992 5222 2079 5276; x_wconf 91' lang='lat' dir='ltr'><strong>sui</strong></span> 
     </span>
    </p>
   </div>
   <div class='ocr_carea' id='block_1_83' title="bbox 494 5317 2082 5389">
    <p class='ocr_par' dir='ltr' id='par_1_83' title="bbox 494 5317 2082 5389">
     <span class='ocr_line' id='line_1_83' title="bbox 494 5317 2082 5389; baseline 0 -18"><span class='ocrx_word' id='word_1_615' title='bbox 494 5318 817 5374; x_wconf 88' lang='lat' dir='ltr'><strong>memoriam</strong></span> <span class='ocrx_word' id='word_1_616' title='bbox 867 5317 1084 5374; x_wconf 85' lang='lat' dir='ltr'><strong>rcl’ricat</strong></span> <span class='ocrx_word' id='word_1_617' title='bbox 1116 5318 1213 5389; x_wconf 86' lang='lat' dir='ltr'><strong>(b),</strong></span> <span class='ocrx_word' id='word_1_618' title='bbox 1255 5317 1385 5373; x_wconf 90' lang='lat' dir='ltr'><strong>dum</strong></span> <span class='ocrx_word' id='word_1_619' title='bbox 1427 5317 1777 5374; x_wconf 81' lang='lat' dir='ltr'><strong>Kerkuetimn</strong></span> <span class='ocrx_word' id='word_1_620' title='bbox 1837 5331 2082 5387; x_wconf 83' lang='lat' dir='ltr'><strong>quoquo-</strong></span> 
     </span>
    </p>
   </div>
   <div class='ocr_carea' id='block_1_84' title="bbox 568 5472 2066 5546">
    <p class='ocr_par' dir='ltr' id='par_1_84' title="bbox 568 5472 2066 5546">
     <span class='ocr_line' id='line_1_84' title="bbox 568 5472 2066 5546; baseline 0.001 -19"><span class='ocrx_word' id='word_1_621' title='bbox 568 5472 646 5543; x_wconf 90' lang='lat' dir='ltr'><strong>(a)</strong></span> <span class='ocrx_word' id='word_1_622' title='bbox 696 5473 933 5546; x_wconf 71' lang='lat' dir='ltr'><strong>Salinas.</strong></span> <span class='ocrx_word' id='word_1_623' title='bbox 972 5476 1027 5546; x_wconf 87' lang='lat' dir='ltr'><strong>in</strong></span> <span class='ocrx_word' id='word_1_624' title='bbox 1063 5473 1214 5530; x_wconf 82' lang='lat' dir='ltr'><strong>Notis</strong></span> <span class='ocrx_word' id='word_1_625' title='bbox 1255 5475 1337 5546; x_wconf 7' lang='lat' dir='ltr'><strong>ind</strong></span> <span class='ocrx_word' id='word_1_626' title='bbox 1388 5474 1633 5546; x_wconf 39' lang='lat' dir='ltr'><strong>Tertull,</strong></span> <span class='ocrx_word' id='word_1_627' title='bbox 1659 5473 1804 5546; x_wconf 76' lang='grc' dir='ltr'>Ραίί.</span> <span class='ocrx_word' id='word_1_628' title='bbox 1835 5488 1958 5546; x_wconf 87' lang='lat' dir='ltr'><strong>cap.</strong></span> <span class='ocrx_word' id='word_1_629' title='bbox 2011 5474 2066 5538; x_wconf 77' lang='lat'><strong>5,</strong></span> 
     </span>
    </p>
   </div>
   <div class='ocr_carea' id='block_1_85' title="bbox 497 5544 1924 5616">
    <p class='ocr_par' dir='ltr' id='par_1_85' title="bbox 497 5544 1924 5616">
     <span class='ocr_line' id='line_1_85' title="bbox 497 5544 1924 5616; baseline 0.002 -21"><span class='ocrx_word' id='word_1_630' title='bbox 497 5554 622 5612; x_wconf 79' lang='lat' dir='ltr'><strong>pag.</strong></span> <span class='ocrx_word' id='word_1_631' title='bbox 660 5544 781 5610; x_wconf 72' lang='lat'><strong>1‘25,</strong></span> <span class='ocrx_word' id='word_1_632' title='bbox 807 5556 861 5601; x_wconf 91' lang='lat' dir='ltr'><strong>et</strong></span> <span class='ocrx_word' id='word_1_633' title='bbox 894 5547 945 5600; x_wconf 87' lang='lat' dir='ltr'><strong>in</strong></span> <span class='ocrx_word' id='word_1_634' title='bbox 975 5545 1190 5615; x_wconf 81' lang='lat' dir='ltr'><strong>Confttt.</strong></span> <span class='ocrx_word' id='word_1_635' title='bbox 1220 5545 1462 5599; x_wconf 75' lang='lat' dir='ltr'><strong>lierkoet.</strong></span> <span class='ocrx_word' id='word_1_636' title='bbox 1492 5560 1545 5614; x_wconf 89' lang='lat' dir='ltr'><strong>p.</strong></span> <span class='ocrx_word' id='word_1_637' title='bbox 1583 5545 1681 5599; x_wconf 76' lang='grc'><strong>128</strong></span> <span class='ocrx_word' id='word_1_638' title='bbox 1715 5552 1767 5600; x_wconf 88' lang='lat' dir='ltr'><strong>ct</strong></span> <span class='ocrx_word' id='word_1_639' title='bbox 1804 5544 1924 5616; x_wconf 72' lang='lat' dir='ltr'><strong>sqq.</strong></span> 
     </span>
    </p>
   </div>
   <div class='ocr_carea' id='block_1_86' title="bbox 2164 3106 3726 3186">
    <p class='ocr_par' dir='ltr' id='par_1_86' title="bbox 2164 3106 3726 3186">
     <span class='ocr_line' id='line_1_86' title="bbox 2164 3106 3726 3186; baseline -0.012 -17"><span class='ocrx_word' id='word_1_640' title='bbox 2164 3129 2434 3186; x_wconf 79' lang='lat' dir='ltr'><strong>pompus:</strong></span> <span class='ocrx_word' id='word_1_641' title='bbox 2483 3129 2549 3168; x_wconf 88' lang='lat' dir='ltr'><strong>ex</strong></span> <span class='ocrx_word' id='word_1_642' title='bbox 2591 3110 2910 3165; x_wconf 82' lang='lat' dir='ltr'><strong>oratoribus</strong></span> <span class='ocrx_word' id='word_1_643' title='bbox 2951 3108 3278 3174; x_wconf 84' lang='lat' dir='ltr'><strong>Isocrates;</strong></span> <span class='ocrx_word' id='word_1_644' title='bbox 3329 3106 3537 3161; x_wconf 90' lang='lat' dir='ltr'><strong>tertium</strong></span> <span class='ocrx_word' id='word_1_645' title='bbox 3580 3112 3726 3173; x_wconf 84' lang='lat' dir='ltr'><strong>genus</strong></span> 
     </span>
    </p>
   </div>
   <div class='ocr_carea' id='block_1_87' title="bbox 2168 3191 3725 3275">
    <p class='ocr_par' dir='ltr' id='par_1_87' title="bbox 2168 3191 3725 3275">
     <span class='ocr_line' id='line_1_87' title="bbox 2168 3191 3725 3275; baseline -0.012 -14"><span class='ocrx_word' id='word_1_646' title='bbox 2168 3208 2417 3262; x_wconf 86' lang='lat' dir='ltr'><strong>obtinent</strong></span> <span class='ocrx_word' id='word_1_647' title='bbox 2448 3212 2621 3275; x_wconf 63' lang='lat' dir='ltr'><strong>poeta:</strong></span> <span class='ocrx_word' id='word_1_648' title='bbox 2652 3203 2873 3274; x_wconf 87' lang='lat' dir='ltr'><strong>quidem</strong></span> <span class='ocrx_word' id='word_1_649' title='bbox 2918 3200 3225 3262; x_wconf 87' lang='lat' dir='ltr'><strong>Homerus.</strong></span> <span class='ocrx_word' id='word_1_650' title='bbox 3266 3198 3613 3256; x_wconf 89' lang='lat' dir='ltr'><strong>Stesichorus,</strong></span> <span class='ocrx_word' id='word_1_651' title='bbox 3644 3191 3725 3245; x_wconf 84' lang='lat' dir='ltr'><strong>Al-</strong></span> 
     </span>
    </p>
   </div>
   <div class='ocr_carea' id='block_1_88' title="bbox 2171 3288 3727 3367">
    <p class='ocr_par' dir='ltr' id='par_1_88' title="bbox 2171 3288 3727 3367">
     <span class='ocr_line' id='line_1_88' title="bbox 2171 3288 3727 3367; baseline -0.012 -14"><span class='ocrx_word' id='word_1_652' title='bbox 2171 3314 2339 3363; x_wconf 71' lang='lat' dir='ltr'><strong>caeus,</strong></span> <span class='ocrx_word' id='word_1_653' title='bbox 2376 3296 2708 3367; x_wconf 87' lang='lat' dir='ltr'><strong>Sophocles:</strong></span> <span class='ocrx_word' id='word_1_654' title='bbox 2743 3310 2810 3348; x_wconf 83' lang='lat' dir='ltr'><strong>ex</strong></span> <span class='ocrx_word' id='word_1_655' title='bbox 2843 3292 3128 3347; x_wconf 89' lang='lat' dir='ltr'><strong>historicis</strong></span> <span class='ocrx_word' id='word_1_656' title='bbox 3161 3288 3511 3354; x_wconf 81' lang='lat' dir='ltr'><strong>Herodows;</strong></span> <span class='ocrx_word' id='word_1_657' title='bbox 3536 3300 3597 3340; x_wconf 78' lang='lat' dir='ltr'><strong>ex</strong></span> <span class='ocrx_word' id='word_1_658' title='bbox 3621 3294 3727 3337; x_wconf 81' lang='lat' dir='ltr'><strong>ora-</strong></span> 
     </span>
    </p>
   </div>
   <div class='ocr_carea' id='block_1_89' title="bbox 2174 3379 3726 3452">
    <p class='ocr_par' dir='ltr' id='par_1_89' title="bbox 2174 3379 3726 3452">
     <span class='ocr_line' id='line_1_89' title="bbox 2174 3379 3726 3452; baseline -0.014 -7"><span class='ocrx_word' id='word_1_659' title='bbox 2174 3390 2388 3445; x_wconf 89' lang='lat' dir='ltr'><strong>toribus</strong></span> <span class='ocrx_word' id='word_1_660' title='bbox 2413 3386 2831 3443; x_wconf 73' lang='lat' dir='ltr'><strong>Demosthenes.</strong></span> <span class='ocrx_word' id='word_1_661' title='bbox 2859 3381 3099 3437; x_wconf 90' lang='lat' dir='ltr'><strong>Secundi</strong></span> <span class='ocrx_word' id='word_1_662' title='bbox 3128 3381 3356 3452; x_wconf 85' lang='lat' dir='ltr'><strong>generis</strong></span> <span class='ocrx_word' id='word_1_663' title='bbox 3379 3379 3676 3447; x_wconf 88' lang='lat' dir='ltr'><strong>scriptores,</strong></span> <span class='ocrx_word' id='word_1_664' title='bbox 3701 3383 3726 3422; x_wconf 70' lang='grc' dir='ltr'>α</span> 
     </span>
    </p>
   </div>
   <div class='ocr_carea' id='block_1_90' title="bbox 2171 3468 3724 3550">
    <p class='ocr_par' dir='ltr' id='par_1_90' title="bbox 2171 3468 3724 3550">
     <span class='ocr_line' id='line_1_90' title="bbox 2171 3468 3724 3550; baseline -0.011 -17"><span class='ocrx_word' id='word_1_665' title='bbox 2171 3479 2373 3550; x_wconf 88' lang='lat' dir='ltr'><strong>quibus</strong></span> <span class='ocrx_word' id='word_1_666' title='bbox 2425 3477 2579 3539; x_wconf 75' lang='grc' dir='ltr'>πίνος</span> <span class='ocrx_word' id='word_1_667' title='bbox 2636 3476 2814 3537; x_wconf 88' lang='lat' dir='ltr'><strong>abest,</strong></span> <span class='ocrx_word' id='word_1_668' title='bbox 2874 3472 3150 3543; x_wconf 90' lang='lat' dir='ltr'><strong>prioribus</strong></span> <span class='ocrx_word' id='word_1_669' title='bbox 3204 3469 3546 3542; x_wconf 83' lang='lat' dir='ltr'><strong>antiquiores</strong></span> <span class='ocrx_word' id='word_1_670' title='bbox 3593 3468 3724 3524; x_wconf 84' lang='lat' dir='ltr'><strong>sunt,</strong></span> 
     </span>
    </p>
   </div>
   <div class='ocr_carea' id='block_1_91' title="bbox 2171 3556 3729 3641">
    <p class='ocr_par' dir='ltr' id='par_1_91' title="bbox 2171 3556 3729 3641">
     <span class='ocr_line' id='line_1_91' title="bbox 2171 3556 3729 3641; baseline -0.012 -17"><span class='ocrx_word' id='word_1_671' title='bbox 2171 3585 2405 3641; x_wconf 89' lang='lat' dir='ltr'><strong>quorum</strong></span> <span class='ocrx_word' id='word_1_672' title='bbox 2440 3567 2696 3639; x_wconf 86' lang='lat' dir='ltr'><strong>proprius</strong></span> <span class='ocrx_word' id='word_1_673' title='bbox 2744 3574 2829 3621; x_wconf 88' lang='lat' dir='ltr'><strong>est</strong></span> <span class='ocrx_word' id='word_1_674' title='bbox 2866 3564 3039 3627; x_wconf 81' lang='grc' dir='ltr'>πίνος.</span> <span class='ocrx_word' id='word_1_675' title='bbox 3088 3561 3229 3616; x_wconf 85' lang='lat' dir='ltr'><strong>Nam</strong></span> <span class='ocrx_word' id='word_1_676' title='bbox 3288 3560 3553 3619; x_wconf 83' lang='lat' dir='ltr'><strong>Hesiodus</strong></span> <span class='ocrx_word' id='word_1_677' title='bbox 3592 3556 3729 3625; x_wconf 80' lang='lat' dir='ltr'><strong>longe</strong></span> 
     </span>
    </p>
   </div>
   <div class='ocr_carea' id='block_1_92' title="bbox 2170 3647 3731 3730">
    <p class='ocr_par' dir='ltr' id='par_1_92' title="bbox 2170 3647 3731 3730">
     <span class='ocr_line' id='line_1_92' title="bbox 2170 3647 3731 3730; baseline -0.012 -13"><span class='ocrx_word' id='word_1_678' title='bbox 2170 3661 2390 3719; x_wconf 80' lang='lat' dir='ltr'><strong>Pindari</strong></span> <span class='ocrx_word' id='word_1_679' title='bbox 2422 3669 2476 3715; x_wconf 90' lang='lat' dir='ltr'><strong>et</strong></span> <span class='ocrx_word' id='word_1_680' title='bbox 2507 3658 2757 3730; x_wconf 54' lang='lat' dir='ltr'><strong>{Eschyli</strong></span> <span class='ocrx_word' id='word_1_681' title='bbox 2811 3666 3028 3712; x_wconf 62' lang='lat' dir='ltr'><strong>aetatem</strong></span> <span class='ocrx_word' id='word_1_682' title='bbox 3078 3656 3405 3712; x_wconf 88' lang='lat' dir='ltr'><strong>antecessit.</strong></span> <span class='ocrx_word' id='word_1_683' title='bbox 3442 3652 3511 3707; x_wconf 89' lang='lat' dir='ltr'><strong>At</strong></span> <span class='ocrx_word' id='word_1_684' title='bbox 3547 3647 3731 3704; x_wconf 81' lang='lat' dir='ltr'><strong>Salma-</strong></span> 
     </span>
    </p>
   </div>
   <div class='ocr_carea' id='block_1_93' title="bbox 2170 3740 3730 3824">
    <p class='ocr_par' dir='ltr' id='par_1_93' title="bbox 2170 3740 3730 3824">
     <span class='ocr_line' id='line_1_93' title="bbox 2170 3740 3730 3824; baseline -0.013 -15"><span class='ocrx_word' id='word_1_685' title='bbox 2170 3755 2288 3810; x_wconf 90' lang='lat' dir='ltr'><strong>sius</strong></span> <span class='ocrx_word' id='word_1_686' title='bbox 2345 3752 2664 3824; x_wconf 82' lang='lat' dir='ltr'><strong>Dionysium</strong></span> <span class='ocrx_word' id='word_1_687' title='bbox 2715 3750 2794 3804; x_wconf 83' lang='lat' dir='ltr'><strong>ait</strong></span> <span class='ocrx_word' id='word_1_688' title='bbox 2842 3748 2998 3802; x_wconf 84' lang='grc' dir='ltr'>πίνον</span> <span class='ocrx_word' id='word_1_689' title='bbox 3049 3749 3303 3807; x_wconf 86' lang='lat' dir='ltr'><strong>tribuere</strong></span> <span class='ocrx_word' id='word_1_690' title='bbox 3359 3740 3730 3816; x_wconf 85' lang='lat' dir='ltr'><strong>antiquioribus</strong></span> 
     </span>
    </p>
   </div>
   <div class='ocr_carea' id='block_1_94' title="bbox 2173 3833 3732 3913">
    <p class='ocr_par' dir='ltr' id='par_1_94' title="bbox 2173 3833 3732 3913">
     <span class='ocr_line' id='line_1_94' title="bbox 2173 3833 3732 3913; baseline -0.01 -14"><span class='ocrx_word' id='word_1_691' title='bbox 2173 3844 2347 3899; x_wconf 88' lang='lat' dir='ltr'><strong>multo</strong></span> <span class='ocrx_word' id='word_1_692' title='bbox 2397 3858 2562 3913; x_wconf 89' lang='lat' dir='ltr'><strong>quam</strong></span> <span class='ocrx_word' id='word_1_693' title='bbox 2608 3850 2769 3897; x_wconf 87' lang='lat' dir='ltr'><strong>erant</strong></span> <span class='ocrx_word' id='word_1_694' title='bbox 2822 3838 3051 3895; x_wconf 89' lang='lat' dir='ltr'><strong>secundi</strong></span> <span class='ocrx_word' id='word_1_695' title='bbox 3084 3841 3335 3908; x_wconf 87' lang='lat' dir='ltr'><strong>generis,</strong></span> <span class='ocrx_word' id='word_1_696' title='bbox 3369 3846 3422 3892; x_wconf 90' lang='lat' dir='ltr'><strong>et</strong></span> <span class='ocrx_word' id='word_1_697' title='bbox 3464 3839 3558 3892; x_wconf 93' lang='lat' dir='ltr'><strong>hos</strong></span> <span class='ocrx_word' id='word_1_698' title='bbox 3603 3833 3732 3903; x_wconf 77' lang='lat' dir='ltr'><strong>ipsos</strong></span> 
     </span>
    </p>
   </div>
   <div class='ocr_carea' id='block_1_95' title="bbox 2171 3921 3730 4004">
    <p class='ocr_par' dir='ltr' id='par_1_95' title="bbox 2171 3921 3730 4004">
     <span class='ocr_line' id='line_1_95' title="bbox 2171 3921 3730 4004; baseline -0.005 -14"><span class='ocrx_word' id='word_1_699' title='bbox 2171 3935 2401 3990; x_wconf 82' lang='lat' dir='ltr'><strong>alllrmat</strong></span> <span class='ocrx_word' id='word_1_700' title='bbox 2440 3932 2682 4004; x_wconf 84' lang='lat' dir='ltr'><strong>Dionysii</strong></span> <span class='ocrx_word' id='word_1_701' title='bbox 2734 3940 2980 4002; x_wconf 88' lang='lat' dir='ltr'><strong>tempore</strong></span> <span class='ocrx_word' id='word_1_702' title='bbox 3019 3930 3210 3985; x_wconf 81' lang='lat' dir='ltr'><strong>fuisse.</strong></span> <span class='ocrx_word' id='word_1_703' title='bbox 3274 3930 3460 4000; x_wconf 88' lang='lat' dir='ltr'><strong>Itaque</strong></span> <span class='ocrx_word' id='word_1_704' title='bbox 3494 3921 3730 3995; x_wconf 64' lang='lat' dir='ltr'><strong>Dionysii,</strong></span> 
     </span>
    </p>
   </div>
   <div class='ocr_carea' id='block_1_96' title="bbox 2174 4015 3731 4097">
    <p class='ocr_par' dir='ltr' id='par_1_96' title="bbox 2174 4015 3731 4097">
     <span class='ocr_line' id='line_1_96' title="bbox 2174 4015 3731 4097; baseline -0.004 -15"><span class='ocrx_word' id='word_1_705' title='bbox 2174 4028 2225 4082; x_wconf 90' lang='lat' dir='ltr'><strong>id</strong></span> <span class='ocrx_word' id='word_1_706' title='bbox 2258 4036 2345 4083; x_wconf 82' lang='lat' dir='ltr'><strong>est</strong></span> <span class='ocrx_word' id='word_1_707' title='bbox 2377 4025 2631 4097; x_wconf 79' lang='lat' dir='ltr'><strong>Augusti,</strong></span> <span class='ocrx_word' id='word_1_708' title='bbox 2676 4026 2879 4080; x_wconf 69' lang='lat' dir='ltr'><strong>satrulo</strong></span> <span class='ocrx_word' id='word_1_709' title='bbox 2908 4025 3162 4079; x_wconf 82' lang='lat' dir='ltr'><strong>vixerunt</strong></span> <span class='ocrx_word' id='word_1_710' title='bbox 3196 4020 3490 4086; x_wconf 81' lang='lat' dir='ltr'><strong>Hesiodus,</strong></span> <span class='ocrx_word' id='word_1_711' title='bbox 3517 4015 3731 4086; x_wconf 60' lang='lat' dir='ltr'><strong>Sappho,</strong></span> 
     </span>
    </p>
   </div>
   <div class='ocr_carea' id='block_1_97' title="bbox 2172 4104 3731 4187">
    <p class='ocr_par' dir='ltr' id='par_1_97' title="bbox 2172 4104 3731 4187">
     <span class='ocr_line' id='line_1_97' title="bbox 2172 4104 3731 4187; baseline -0.011 -14"><span class='ocrx_word' id='word_1_712' title='bbox 2172 4120 2482 4186; x_wconf 87' lang='lat' dir='ltr'><strong>Anacreon,</strong></span> <span class='ocrx_word' id='word_1_713' title='bbox 2538 4117 2854 4187; x_wconf 88' lang='lat' dir='ltr'><strong>Euripides.</strong></span> <span class='ocrx_word' id='word_1_714' title='bbox 2905 4115 3176 4171; x_wconf 57' lang='lat' dir='ltr'><strong>Praelerea</strong></span> <span class='ocrx_word' id='word_1_715' title='bbox 3226 4116 3323 4184; x_wconf 88' lang='lat' dir='ltr'><strong>qui</strong></span> <span class='ocrx_word' id='word_1_716' title='bbox 3376 4115 3429 4169; x_wconf 89' lang='lat' dir='ltr'><strong>in</strong></span> <span class='ocrx_word' id='word_1_717' title='bbox 3472 4104 3731 4183; x_wconf 83' lang='lat' dir='ltr'><strong>posteriori</strong></span> 
     </span>
    </p>
   </div>
   <div class='ocr_carea' id='block_1_98' title="bbox 2174 4205 3732 4284">
    <p class='ocr_par' dir='ltr' id='par_1_98' title="bbox 2174 4205 3732 4284">
     <span class='ocr_line' id='line_1_98' title="bbox 2174 4205 3732 4284; baseline -0.012 -13"><span class='ocrx_word' id='word_1_718' title='bbox 2174 4222 2491 4280; x_wconf 88' lang='lat' dir='ltr'><strong>censentur,</strong></span> <span class='ocrx_word' id='word_1_719' title='bbox 2522 4225 2575 4269; x_wconf 92' lang='lat' dir='ltr'><strong>et</strong></span> <span class='ocrx_word' id='word_1_720' title='bbox 2612 4214 2753 4284; x_wconf 83' lang='grc' dir='ltr'>πίνῳ</span> <span class='ocrx_word' id='word_1_721' title='bbox 2790 4218 3001 4275; x_wconf 89' lang='lat' dir='ltr'><strong>carent,</strong></span> <span class='ocrx_word' id='word_1_722' title='bbox 3045 4210 3146 4266; x_wconf 90' lang='lat' dir='ltr'><strong>hos</strong></span> <span class='ocrx_word' id='word_1_723' title='bbox 3189 4210 3392 4265; x_wconf 88' lang='lat' dir='ltr'><strong>asserit</strong></span> <span class='ocrx_word' id='word_1_724' title='bbox 3430 4205 3576 4261; x_wconf 84' lang='lat' dir='ltr'><strong>nulla</strong></span> <span class='ocrx_word' id='word_1_725' title='bbox 3618 4209 3732 4261; x_wconf 80' lang='lat' dir='ltr'><strong>arte,</strong></span> 
     </span>
    </p>
   </div>
   <div class='ocr_carea' id='block_1_99' title="bbox 2177 4291 3735 4376">
    <p class='ocr_par' dir='ltr' id='par_1_99' title="bbox 2177 4291 3735 4376">
     <span class='ocr_line' id='line_1_99' title="bbox 2177 4291 3735 4376; baseline -0.01 -15"><span class='ocrx_word' id='word_1_726' title='bbox 2177 4306 2266 4361; x_wconf 82' lang='lat' dir='ltr'><strong>sed</strong></span> <span class='ocrx_word' id='word_1_727' title='bbox 2297 4307 2412 4361; x_wconf 84' lang='lat' dir='ltr'><strong>solo</strong></span> <span class='ocrx_word' id='word_1_728' title='bbox 2439 4308 2655 4376; x_wconf 87' lang='lat' dir='ltr'><strong>impetu,</strong></span> <span class='ocrx_word' id='word_1_729' title='bbox 2691 4314 2845 4375; x_wconf 84' lang='lat' dir='ltr'><strong>atque</strong></span> <span class='ocrx_word' id='word_1_730' title='bbox 2866 4318 2931 4356; x_wconf 76' lang='lat' dir='ltr'><strong>ea:</strong></span> <span class='ocrx_word' id='word_1_731' title='bbox 2968 4313 3193 4371; x_wconf 81' lang='lat' dir='ltr'><strong>tempore</strong></span> <span class='ocrx_word' id='word_1_732' title='bbox 3218 4300 3443 4356; x_wconf 78' lang='lat' dir='ltr'><strong>dixisse.</strong></span> <span class='ocrx_word' id='word_1_733' title='bbox 3477 4297 3647 4364; x_wconf 89' lang='lat' dir='ltr'><strong>Quare</strong></span> <span class='ocrx_word' id='word_1_734' title='bbox 3666 4291 3735 4346; x_wconf 72' lang='lat' dir='ltr'><strong>ni~</strong></span> 
     </span>
    </p>
   </div>
   <div class='ocr_carea' id='block_1_100' title="bbox 2185 4391 3735 4466">
    <p class='ocr_par' dir='ltr' id='par_1_100' title="bbox 2185 4391 3735 4466">
     <span class='ocr_line' id='line_1_100' title="bbox 2185 4391 3735 4466; baseline -0.01 -14"><span class='ocrx_word' id='word_1_735' title='bbox 2185 4399 2258 4453; x_wconf 91' lang='lat' dir='ltr'><strong>hil</strong></span> <span class='ocrx_word' id='word_1_736' title='bbox 2292 4399 2358 4452; x_wconf 89' lang='lat' dir='ltr'><strong>ad</strong></span> <span class='ocrx_word' id='word_1_737' title='bbox 2406 4398 2756 4454; x_wconf 87' lang='lat' dir='ltr'><strong>scribendum</strong></span> <span class='ocrx_word' id='word_1_738' title='bbox 2800 4412 2981 4466; x_wconf 90' lang='lat' dir='ltr'><strong>neque</strong></span> <span class='ocrx_word' id='word_1_739' title='bbox 3013 4396 3169 4459; x_wconf 78' lang='lat' dir='ltr'><strong>artis,</strong></span> <span class='ocrx_word' id='word_1_740' title='bbox 3212 4408 3394 4464; x_wconf 89' lang='lat' dir='ltr'><strong>neque</strong></span> <span class='ocrx_word' id='word_1_741' title='bbox 3431 4391 3626 4448; x_wconf 88' lang='lat' dir='ltr'><strong>cultus,</strong></span> <span class='ocrx_word' id='word_1_742' title='bbox 3658 4397 3735 4438; x_wconf 83' lang='lat' dir='ltr'><strong>ne-</strong></span> 
     </span>
    </p>
   </div>
   <div class='ocr_carea' id='block_1_101' title="bbox 2182 4481 3736 4565">
    <p class='ocr_par' dir='ltr' id='par_1_101' title="bbox 2182 4481 3736 4565">
     <span class='ocr_line' id='line_1_101' title="bbox 2182 4481 3736 4565; baseline -0.01 -16"><span class='ocrx_word' id='word_1_743' title='bbox 2182 4509 2287 4565; x_wconf 90' lang='lat' dir='ltr'><strong>que</strong></span> <span class='ocrx_word' id='word_1_744' title='bbox 2317 4492 2585 4563; x_wconf 87' lang='lat' dir='ltr'><strong>temporis</strong></span> <span class='ocrx_word' id='word_1_745' title='bbox 2619 4489 2852 4546; x_wconf 91' lang='lat' dir='ltr'><strong>contulit</strong></span> <span class='ocrx_word' id='word_1_746' title='bbox 2893 4489 3184 4551; x_wconf 89' lang='lat' dir='ltr'><strong>Isocrates,</strong></span> <span class='ocrx_word' id='word_1_747' title='bbox 3219 4496 3317 4540; x_wconf 89' lang='lat' dir='ltr'><strong>aut</strong></span> <span class='ocrx_word' id='word_1_748' title='bbox 3354 4482 3660 4553; x_wconf 88' lang='lat' dir='ltr'><strong>Euripides;</strong></span> <span class='ocrx_word' id='word_1_749' title='bbox 3684 4481 3736 4565; x_wconf 59' lang='lat' dir='ltr'><strong>tt!</strong></span> 
     </span>
    </p>
   </div>
   <div class='ocr_carea' id='block_1_102' title="bbox 2182 4563 3737 4646">
    <p class='ocr_par' dir='ltr' id='par_1_102' title="bbox 2182 4563 3737 4646">
     <span class='ocr_line' id='line_1_102' title="bbox 2182 4563 3737 4646; baseline -0.011 -12"><span class='ocrx_word' id='word_1_750' title='bbox 2182 4563 2248 4634; x_wconf 87' lang='lat' dir='ltr'><strong>de</strong></span> <span class='ocrx_word' id='word_1_751' title='bbox 2274 4581 2488 4633; x_wconf 63' lang='lat' dir='ltr'><strong>caeteris</strong></span> <span class='ocrx_word' id='word_1_752' title='bbox 2518 4586 2753 4639; x_wconf 86' lang='lat' dir='ltr'><strong>taceam,</strong></span> <span class='ocrx_word' id='word_1_753' title='bbox 2798 4592 2936 4646; x_wconf 87' lang='lat' dir='ltr'><strong>quos</strong></span> <span class='ocrx_word' id='word_1_754' title='bbox 2968 4586 3185 4631; x_wconf 89' lang='lat' dir='ltr'><strong>constat</strong></span> <span class='ocrx_word' id='word_1_755' title='bbox 3220 4571 3641 4630; x_wconf 88' lang='lat' dir='ltr'><strong>laboriosissime</strong></span> <span class='ocrx_word' id='word_1_756' title='bbox 3667 4563 3737 4617; x_wconf 85' lang='lat' dir='ltr'><strong>di-</strong></span> 
     </span>
    </p>
   </div>
   <div class='ocr_carea' id='block_1_103' title="bbox 2182 4667 2989 4741">
    <p class='ocr_par' dir='ltr' id='par_1_103' title="bbox 2182 4667 2989 4741">
     <span class='ocr_line' id='line_1_103' title="bbox 2182 4667 2989 4741; baseline -0.004 -18"><span class='ocrx_word' id='word_1_757' title='bbox 2182 4670 2645 4741; x_wconf 86' lang='lat' dir='ltr'><strong>ligentissimeque</strong></span> <span class='ocrx_word' id='word_1_758' title='bbox 2681 4667 2989 4738; x_wconf 89' lang='lat' dir='ltr'><strong>scripsisse.</strong></span> 
     </span>
    </p>
   </div>
   <div class='ocr_carea' id='block_1_104' title="bbox 2252 4741 3735 4827">
    <p class='ocr_par' dir='ltr' id='par_1_104' title="bbox 2252 4741 3735 4827">
     <span class='ocr_line' id='line_1_104' title="bbox 2252 4741 3735 4827; baseline -0.012 -13"><span class='ocrx_word' id='word_1_759' title='bbox 2252 4760 2379 4814; x_wconf 74' lang='lat' dir='ltr'><strong>lltcc</strong></span> <span class='ocrx_word' id='word_1_760' title='bbox 2410 4766 2540 4813; x_wconf 80' lang='lat' dir='ltr'><strong>sunt</strong></span> <span class='ocrx_word' id='word_1_761' title='bbox 2580 4766 2829 4827; x_wconf 88' lang='lat' dir='ltr'><strong>portenta</strong></span> <span class='ocrx_word' id='word_1_762' title='bbox 2866 4774 2974 4814; x_wconf 89' lang='lat' dir='ltr'><strong>non</strong></span> <span class='ocrx_word' id='word_1_763' title='bbox 3019 4756 3280 4812; x_wconf 81' lang='lat' dir='ltr'><strong>meditate</strong></span> <span class='ocrx_word' id='word_1_764' title='bbox 3314 4751 3617 4814; x_wconf 83' lang='lat' dir='ltr'><strong>scribentis,</strong></span> <span class='ocrx_word' id='word_1_765' title='bbox 3656 4741 3735 4800; x_wconf 85' lang='lat' dir='ltr'><strong>sed</strong></span> 
     </span>
    </p>
   </div>
   <div class='ocr_carea' id='block_1_105' title="bbox 2182 4841 3736 4925">
    <p class='ocr_par' dir='ltr' id='par_1_105' title="bbox 2182 4841 3736 4925">
     <span class='ocr_line' id='line_1_105' title="bbox 2182 4841 3736 4925; baseline -0.005 -18"><span class='ocrx_word' id='word_1_766' title='bbox 2182 4854 2458 4925; x_wconf 79' lang='grc' dir='ltr'>ἐμοῦντος,</span> <span class='ocrx_word' id='word_1_767' title='bbox 2491 4854 2742 4907; x_wconf 82' lang='lat' dir='ltr'><strong>vomentis</strong></span> <span class='ocrx_word' id='word_1_768' title='bbox 2791 4851 3071 4915; x_wconf 86' lang='lat' dir='ltr'><strong>Salmasii,</strong></span> <span class='ocrx_word' id='word_1_769' title='bbox 3118 4865 3351 4920; x_wconf 85' lang='lat' dir='ltr'><strong>quorum</strong></span> <span class='ocrx_word' id='word_1_770' title='bbox 3408 4849 3602 4918; x_wconf 87' lang='lat' dir='ltr'><strong>pudere</strong></span> <span class='ocrx_word' id='word_1_771' title='bbox 3640 4841 3736 4910; x_wconf 76' lang='lat' dir='ltr'><strong>jam</strong></span> 
     </span>
    </p>
   </div>
   <div class='ocr_carea' id='block_1_106' title="bbox 2184 4929 3737 5015">
    <p class='ocr_par' dir='ltr' id='par_1_106' title="bbox 2184 4929 3737 5015">
     <span class='ocr_line' id='line_1_106' title="bbox 2184 4929 3737 5015; baseline -0.013 -16"><span class='ocrx_word' id='word_1_772' title='bbox 2184 4947 2364 5015; x_wconf 89' lang='lat' dir='ltr'><strong>ipsum</strong></span> <span class='ocrx_word' id='word_1_773' title='bbox 2400 4945 2592 5010; x_wconf 83' lang='lat' dir='ltr'><strong>debet;</strong></span> <span class='ocrx_word' id='word_1_774' title='bbox 2624 4944 2937 4999; x_wconf 87' lang='lat' dir='ltr'><strong>instaurare</strong></span> <span class='ocrx_word' id='word_1_775' title='bbox 2964 4958 3095 4998; x_wconf 87' lang='lat' dir='ltr'><strong>vero</strong></span> <span class='ocrx_word' id='word_1_776' title='bbox 3124 4940 3467 5001; x_wconf 89' lang='lat' dir='ltr'><strong>memoriam,</strong></span> <span class='ocrx_word' id='word_1_777' title='bbox 3494 4944 3545 4991; x_wconf 85' lang='lat' dir='ltr'><strong>cl.</strong></span> <span class='ocrx_word' id='word_1_778' title='bbox 3575 4929 3737 4988; x_wconf 85' lang='lat' dir='ltr'><strong>invitis</strong></span> 
     </span>
    </p>
   </div>
   <div class='ocr_carea' id='block_1_107' title="bbox 2184 5028 3737 5111">
    <p class='ocr_par' dir='ltr' id='par_1_107' title="bbox 2184 5028 3737 5111">
     <span class='ocr_line' id='line_1_107' title="bbox 2184 5028 3737 5111; baseline -0.008 -16"><span class='ocrx_word' id='word_1_779' title='bbox 2184 5041 2371 5103; x_wconf 87' lang='lat' dir='ltr'><strong>etiam,</strong></span> <span class='ocrx_word' id='word_1_780' title='bbox 2414 5051 2578 5111; x_wconf 88' lang='lat' dir='ltr'><strong>atque</strong></span> <span class='ocrx_word' id='word_1_781' title='bbox 2632 5039 2779 5093; x_wconf 84' lang='lat' dir='ltr'><strong>aliud</strong></span> <span class='ocrx_word' id='word_1_782' title='bbox 2833 5040 3120 5109; x_wconf 87' lang='lat' dir='ltr'><strong>agentibus</strong></span> <span class='ocrx_word' id='word_1_783' title='bbox 3164 5035 3476 5098; x_wconf 86' lang='lat' dir='ltr'><strong>obtrudere,</strong></span> <span class='ocrx_word' id='word_1_784' title='bbox 3517 5028 3737 5103; x_wconf 76' lang='lat' dir='ltr'><strong>profecto</strong></span> 
     </span>
    </p>
   </div>
   <div class='ocr_carea' id='block_1_108' title="bbox 2185 5122 3737 5201">
    <p class='ocr_par' dir='ltr' id='par_1_108' title="bbox 2185 5122 3737 5201">
     <span class='ocr_line' id='line_1_108' title="bbox 2185 5122 3737 5201; baseline -0.006 -15"><span class='ocrx_word' id='word_1_785' title='bbox 2185 5147 2293 5186; x_wconf 86' lang='lat' dir='ltr'><strong>non</strong></span> <span class='ocrx_word' id='word_1_786' title='bbox 2332 5131 2508 5186; x_wconf 88' lang='lat' dir='ltr'><strong>decet.</strong></span> <span class='ocrx_word' id='word_1_787' title='bbox 2546 5132 2650 5187; x_wconf 89' lang='lat' dir='ltr'><strong>Sed</strong></span> <span class='ocrx_word' id='word_1_788' title='bbox 2679 5147 2738 5186; x_wconf 89' lang='lat' dir='ltr'><strong>ea</strong></span> <span class='ocrx_word' id='word_1_789' title='bbox 2767 5133 3048 5201; x_wconf 86' lang='lat' dir='ltr'><strong>c0piosius</strong></span> <span class='ocrx_word' id='word_1_790' title='bbox 3089 5132 3141 5185; x_wconf 93' lang='lat' dir='ltr'><strong>in</strong></span> <span class='ocrx_word' id='word_1_791' title='bbox 3168 5130 3330 5185; x_wconf 86' lang='lat' dir='ltr'><strong>tertio</strong></span> <span class='ocrx_word' id='word_1_792' title='bbox 3358 5122 3737 5196; x_wconf 75' lang='lat' dir='ltr'><strong>.‘llastigophorn</strong></span> 
     </span>
    </p>
   </div>
   <div class='ocr_carea' id='block_1_109' title="bbox 2185 5213 3737 5293">
    <p class='ocr_par' dir='ltr' id='par_1_109' title="bbox 2185 5213 3737 5293">
     <span class='ocr_line' id='line_1_109' title="bbox 2185 5213 3737 5293; baseline -0.007 -16"><span class='ocrx_word' id='word_1_793' title='bbox 2185 5224 2541 5279; x_wconf 72' lang='lat' dir='ltr'><strong>Aremoricus</strong></span> <span class='ocrx_word' id='word_1_794' title='bbox 2596 5223 2920 5279; x_wconf 69' lang='lat' dir='ltr'><strong>lierltuetius</strong></span> <span class='ocrx_word' id='word_1_795' title='bbox 2966 5222 3219 5293; x_wconf 81' lang='lat' dir='ltr'><strong>exposuit</strong></span> <span class='ocrx_word' id='word_1_796' title='bbox 3253 5241 3265 5277; x_wconf 90' lang='lat'>:</span> <span class='ocrx_word' id='word_1_797' title='bbox 3304 5236 3422 5292; x_wconf 70' lang='lat' dir='ltr'><strong>qua:</strong></span> <span class='ocrx_word' id='word_1_798' title='bbox 3467 5213 3680 5274; x_wconf 87' lang='lat' dir='ltr'><strong>comiter</strong></span> <span class='ocrx_word' id='word_1_799' title='bbox 3713 5220 3737 5258; x_wconf 74' lang='lat'><strong>8</strong></span> 
     </span>
    </p>
   </div>
   <div class='ocr_carea' id='block_1_110' title="bbox 2190 5314 3438 5388">
    <p class='ocr_par' dir='ltr' id='par_1_110' title="bbox 2190 5314 3438 5388">
     <span class='ocr_line' id='line_1_110' title="bbox 2190 5314 3438 5388; baseline -0.001 -18"><span class='ocrx_word' id='word_1_800' title='bbox 2190 5314 2462 5371; x_wconf 86' lang='lat' dir='ltr'><strong>Salmasio</strong></span> <span class='ocrx_word' id='word_1_801' title='bbox 2494 5319 2769 5388; x_wconf 78' lang='lat' dir='ltr'><strong>prteterita</strong></span> <span class='ocrx_word' id='word_1_802' title='bbox 2802 5317 3259 5386; x_wconf 88' lang='lat' dir='ltr'><strong>dissimulataquc</strong></span> <span class='ocrx_word' id='word_1_803' title='bbox 3292 5322 3438 5372; x_wconf 90' lang='lat' dir='ltr'><strong>sunt.</strong></span> 
     </span>
    </p>
   </div>
   <div class='ocr_carea' id='block_1_111' title="bbox 2250 5469 3337 5544">
    <p class='ocr_par' dir='ltr' id='par_1_111' title="bbox 2250 5469 3337 5544">
     <span class='ocr_line' id='line_1_111' title="bbox 2250 5469 3337 5544; baseline 0.003 -20"><span class='ocrx_word' id='word_1_804' title='bbox 2250 5471 2325 5544; x_wconf 82' lang='lat' dir='ltr'><strong>(b)</strong></span> <span class='ocrx_word' id='word_1_805' title='bbox 2350 5469 2594 5544; x_wconf 75' lang='lat' dir='ltr'><strong>Salmas.</strong></span> <span class='ocrx_word' id='word_1_806' title='bbox 2631 5472 2820 5530; x_wconf 72' lang='lat' dir='ltr'><strong>Excrc.</strong></span> <span class='ocrx_word' id='word_1_807' title='bbox 2858 5471 3093 5529; x_wconf 83' lang='lat' dir='ltr'><strong>Plinian.</strong></span> <span class='ocrx_word' id='word_1_808' title='bbox 3127 5488 3180 5544; x_wconf 73' lang='grc' dir='ltr'><strong>ι).</strong></span> <span class='ocrx_word' id='word_1_809' title='bbox 3212 5470 3337 5528; x_wconf 82' lang='lat'><strong>8&#39;59.</strong></span> 
     </span>
    </p>
   </div>
   <div class='ocr_carea' id='block_1_112' title="bbox 2249 5541 2630 5614">
    <p class='ocr_par' dir='ltr' id='par_1_112' title="bbox 2249 5541 2630 5614">
     <span class='ocr_line' id='line_1_112' title="bbox 2249 5541 2630 5614; baseline 0 -18"><span class='ocrx_word' id='word_1_810' title='bbox 2249 5541 2320 5614; x_wconf 86' lang='lat' dir='ltr'><strong>(c)</strong></span> <span class='ocrx_word' id='word_1_811' title='bbox 2350 5541 2478 5614; x_wconf 84' lang='lat' dir='ltr'><strong>Pag.</strong></span> <span class='ocrx_word' id='word_1_812' title='bbox 2509 5543 2630 5598; x_wconf 77' lang='grc'><strong>175.</strong></span> 
     </span>
    </p>
   </div>
  </div>
