2014 3110
166 46 214 74 655

681 47 867 76 ADVERSUS
886 46 1065 75 CLAUDIUS!
1088 48 1298 77 SALMASIUM.

806 220 1164 266 EXCEBPTUM

447 311 493 338 EX
513 311 661 339 DlONYSIl
683 309 820 339 PETAVll
850 308 1187 339 DlSSERTATlONIBUS
1213 310 1502 338 EtICLESlASTlClS.

785 380 890 410 LIBRI
914 380 941 410 ll
964 379 1093 411 CAPUT
1116 382 1171 412 ill.

161 511 199 539 De
219 510 361 549 Epipltanii
379 510 680 549 lacofalsatrnpezitm
695 507 912 549 (Salmasiiu‘qni
928 508 972 549 de,
989 509 1144 549 trapezitico
1166 509 1330 549 [θηρία-[τος
1356 511 1450 549 li_bros_
1467 518 1539 538 anno
1560 511 1629 549 1640
1647 512 1789 549 emiserat)

195 541 348 580 conﬁctam
365 541 512 580 refellitur:
529 541 648 579 idemque
663 545 829 571 declaratur:
847 541 1037 576 Negotiatores
1048 544 1121 570 haud
1134 541 1203 571 recte
1217 544 1269 580 dici
1282 546 1313 572 ab
1329 546 1419 573 eodem
1434 545 1577 573 damnatas
1600 547 1633 574 ab
1659 541 1787 576 Ecclesia:

195 579 257 613 Bia;
269 579 472 608 matrimonium
489 581 619 607 interdum
635 580 789 615 signi/icui;
805 582 897 605 contra
912 586 993 612 quam
1006 580 1138 612 trapezita
1155 579 1276 607 credidit.

200 693 244 721 Ad
256 694 421 729 pmoitenlia:
434 693 516 720 ritum
532 693 559 721 in
572 693 694 721 Ecclesia
706 696 797 720 vetere
812 691 953 719 referenda
968 693 991 721 Α
1041 691 1081 718 Ad
1096 691 1153 718 lucc
1170 692 1286 724 theatra,
1303 701 1436 727 equorum
1449 694 1610 725 certamina,
1625 695 1794 727 venationes.

159 743 224 768 sunt
240 739 367 774 quaedam
382 746 473 768 errata
489 740 628 775 trapezitae
642 739 730 766 nostri
746 737 909 772 (Salmasii).
922 736 952 764 ln

158 785 321 821 praefatione
339 786 374 812 ad
403 785 544 813 Leetorem
577 785 717 820 praemissa
739 784 818 811 libris
841 783 877 809 De
898 788 954 809 tra-

157 831 272 866 μειὶιίεο
288 831 393 865 fenore,
420 839 447 865 p.
466 831 511 861 57,
538 830 681 865 Epiphanii
705 830 794 856 locum
808 829 952 863 quemdam

157 877 262 911 attigit,
284 881 311 903 et
324 876 388 903 dum
403 877 485 904 nimis
501 880 615 911 argutus
635 883 696 903 esse
716 875 817 906 studet,
835 874 954 908 pessime

156 920 236 948 illum
261 920 376 955 accepit.
395 920 422 946 lu
440 920 515 947 calce
533 920 622 954 magni
643 919 733 954 operis
762 919 834 953 quod
850 918 884 945 de
899 918 954 945 ha:-

157 966 271 994 resibus
291 966 404 1001 scripsit
422 965 603 1000 Epiphanius,
627 965 768 992 catholica:
792 963 853 990 ﬁdei
876 972 953 990 sum~

156 1019 246 1043 mam,
260 1019 294 1038 ac
317 1019 424 1038 morum
447 1015 475 1038 et
500 1011 691 1038 institutorum
714 1009 854 1042 Ecclesiae,
878 1010 953 1037 brevi

156 1056 350 1092 disputatione
362 1057 520 1091 complexus
533 1060 586 1089 est,
607 1060 637 1083 ut
658 1056 692 1083 iis
707 1055 779 1083 velut
795 1056 868 1082 notis
889 1062 952 1089 ger-

155 1110 271 1130 manam
282 1103 384 1131 Christi
398 1110 528 1137 sponsam
543 1103 577 1130 ab
590 1102 728 1130 haereticis
740 1101 952 1131 conventiculis,

156 1156 217 1183 qua:
232 1148 455 1176 concubinarum
477 1148 560 1176 habet
586 1148 656 1179 loco.
681 1148 832 1176 discernat.
848 1147 886 1173 Ac
901 1146 953 1174 sub

157 1194 242 1222 tinem
268 1195 404 1230 prz'ecipua
424 1194 548 1229 qumdam
566 1194 712 1221 criminum
735 1193 824 1227 capita
839 1192 952 1227 colligit,

156 1247 217 1275 qua!
245 1239 370 1274 ejusdem
393 1240 534 1267 catholicae
557 1239 686 1267 Ecclesia:
708 1240 831 1267 moribus
847 1247 954 1273 usuque

156 1286 337 1315 damnantur.
356 1286 501 1321 Ἀπέχεται
524 1286 676 1317 κοινωνίας,
703 1285 804 1320 inquit,
826 1285 953 1312 ἁπάντων

157 1332 295 1367 αἱρέσεων
314 1331 397 1366 (forte
416 1330 588 1367 αἱρετικῶν),
611 1330 797 1366 ἀποκηρύττει
816 1329 952 1365 πορνείαν,

157 1377 205 1406 καὶ
230 1377 371 1413 μοιχείαν,
397 1377 446 1403 καὶ
469 1376 624 1410 ἀσέλγειαν.
648 1377 695 1403 καὶ
720 1375 953 1411 εἰδωλολατρειαν,

157 1422 206 1450 καὶ
223 1422 322 1458 φόνον,
337 1422 385 1449 καὶ
400 1422 490 1449 πᾶσαν
513 1422 697 1457 παρανομίαν,
721 1425 775 1448 clc.
807 1421 867 1448 Mox
884 1431 890 1448 :
908 1421 955 1448 καὶ

157 1467 333 1501 πλεονεξίαν,
349 1466 397 1494 καὶ
406 1466 582 1502 τοκοληψιαψ
599 1466 814 1502 πραγματευτὰς
828 1466 878 1492 οὐκ
890 1466 956 1492 ἀπο-

157 1514 291 1550 δέχεται·
302 1513 358 1540 ἀλλ’
373 1513 584 1548 ὑποδεεστέρους
604 1512 714 1539 πάντων
731 1513 849 1547 ἡγεῖται.
867 1511 956 1546 [lpos—

158 1559 252 1596 φορὰς
276 1559 409 1594 λαμϐάνει
430 1559 506 1595 παρὰ
532 1558 586 1585 τῶν
610 1559 661 1585 οὐκ
693 1558 875 1589 ἀδικούντων,
896 1558 957 1584 οὐδὲ

158 1605 408 1641 παρανομούντων,
432 1604 500 1631 ἀλλὰ
522 1604 634 1636 δικαίως
658 1604 797 1639 βιούντων.
819 1603 875 1630 Hoc
891 1608 955 1631 est:

159 1651 199 1678 Αι
213 1652 336 1679 omnium
360 1652 544 1678 communione
557 1649 741 1677 lucreticorum
757 1650 869 1676 abstinet
883 1657 892 1676 :
910 1649 957 1675 ab-

155 1696 233 1723 dicat
250 1696 466 1730 fornicationem,
485 1696 645 1722 adulterium
674 1695 862 1730 petulantiam,
875 1695 958 1722 idolo-

159 1743 288 1774 latriam,
301 1742 471 1769 homicidium
485 1747 509 1769 et
519 1742 685 1776 iniquitatem
700 1749 813 1772 onmem,
826 1745 878 1768 elc.
890 1741 957 1767 Tum

158 1787 315 1822 improbam
339 1788 521 1822 cupiditatem,
540 1793 564 1815 et
582 1788 723 1814 avaritiam
740 1792 818 1822 atque
836 1795 955 1813 usuram.

161 1831 354 1870 Negotiatores
370 1841 422 1860 non
433 1833 575 1861 admodum
594 1833 700 1868 probat,
719 1833 765 1860 sed
783 1833 900 1859 omnium
920 1833 958 1858 in-

158 1875 241 1914 ﬁmos
256 1880 348 1907 habet.
363 1879 515 1908 Oblationes
537 1880 634 1914 accipit
659 1878 692 1906 ab
707 1879 740 1905 iis
765 1879 811 1913 qui
829 1878 958 1912 injuriam

158 1926 226 1954 aliis
236 1934 293 1954 non
307 1926 421 1961 faciunt,
435 1935 517 1961 neque
527 1926 611 1953 scelus
623 1925 730 1961 aliquod
742 1926 899 1958 admittunt,
913 1924 958 1951 sed

157 1972 232 2008 iuste
246 1971 351 2000 vivunt.
364 1971 414 1999 llic
429 1972 599 2007 Epiphanius
613 1970 761 2006 praecipua,
775 1974 805 1997 ut
820 1969 889 2002 dixi,
902 1978 959 1997 sce-

159 2016 219 2046 lera
235 2022 267 2047 et
285 2017 389 2053 ﬂagitia
406 2021 560 2053 percenset,
595 2024 610 2044 a
636 2017 737 2052 quibus
755 2016 885 2044 abhorret
906 2016 957 2043 Ec-

158 2062 263 2096 eluta,
274 2068 304 2091 et
318 2071 381 2099 qua:
395 2064 561 2090 auctoritate.
576 2071 626 2090 sua
643 2063 817 2091 condemnat.
836 2062 886 2090 Ubi
904 2070 956 2089 vox

158 2109 353 2146 ἀποκηρύττει
370 2117 423 2137 non
438 2109 490 2137 hoc
509 2109 624 2145 praecise
645 2109 790 2145 signiﬁcat.
805 2117 957 2137 excommu-

158 2150 271 2188 εἶξαι,
281 2155 323 2183 vel
337 2164 354 2182 a
373 2156 555 2183 communione
570 2163 658 2182 arcere
672 2163 704 2182 ac
727 2164 862 2190 segregare
873 2164 882 2182 .'
899 2159 958 2182 tan-

159 2208 250 2237 quam
267 2209 366 2229 omnes
379 2202 427 2236 qui
444 2201 471 2228 in
487 2209 530 2235 ea,
548 2210 610 2236 quae
625 2202 724 2229 ibidem
741 2205 895 2233 enumerat,
917 2203 959 2228 in-

159 2246 298 2278 etulerint.
315 2247 351 2274 ab
369 2247 558 2275 ecclesiastica
581 2248 776 2275 communione
797 2247 912 2282 rejiciat,
931 2252 960 2274 ιιι

156 2292 319 2320 arbitratur
342 2294 482 2328 trapezita.
502 2293 553 2326 Qui
573 2298 601 2321 et
623 2293 744 2321 indidem
768 2293 883 2328 colligit,
907 2301 959 2319 non

157 2337 256 2366 solum
267 2340 313 2374 qui
327 2347 437 2366 usuram
449 2339 595 2374 accipiunt,
613 2339 781 2366 abdicatione
802 2338 834 2365 ab
850 2338 961 2366 ecclesia

156 2383 287 2419 punitos.
294 2384 408 2412 scribere
420 2384 458 2411 ibi
470 2384 660 2419 Epiphaniam,
671 2384 716 2411 sed
727 2385 806 2411 etiam
820 2392 908 2411 omnes
922 2392 962 2410 ne-

157 2431 325 2467 gotiatores,
341 2431 568 2467 πραγματευτάς.
592 2431 645 2458 Sed
671 2430 783 2457 minime
808 2430 961 2458 audiendus

158 2479 216 2504 est.
231 2474 304 2504 Nam
318 2476 520 2512 ἀποκηρύττειν
538 2484 592 2504 non
611 2481 665 2502 tam
686 2476 806 2507 illorum,
823 2476 869 2510 qui
884 2476 960 2510 ejus-

159 2521 242 2550 modi
257 2522 376 2550 crimina
396 2524 591 2558 perpetrarint,
607 2530 689 2557 quam
715 2522 861 2550 criminum
888 2523 956 2557 ipso-

159 2573 227 2595 l'ln
243 2566 449 2596 abdicationem
463 2568 722 2604 damnationcmque
737 2568 873 2602 designat.
887 2571 960 2596 Alio-

159 2613 219 2650 gli‘
239 2621 326 2643 nano
351 2622 408 2643 non
433 2615 716 2644 excommunicandus
744 2615 850 2648 fuisset,
874 2621 901 2642 et
926 2616 961 2643 ab

162 2658 518 2696 mmmam.
543 2660 612 2695 Quis
634 2667 676 2690 est
695 2663 767 2692 enim
783 2662 830 2698 qui
846 2669 900 2689 non
919 2661 960 2688 in-

162 2709 267 2733 uant
281 2705 427 2741 aliquando
446 2707 474 2733 in
500 2707 731 2747 maledicentiam,
746 2709 958 2743 detractionem,

159 2749 386 2786 cenationem,
403 2752 564 2781 avaritiam!

7 2800 361 3040 μ

972 1371 991 1396 Β

972 2043 995 2073 C

1003 737 1108 764 musica
1121 738 1276 772 spectacula
1286 739 1461 766 condemnat.
1471 740 1674 775 ’Λποκηρύσσει
1683 741 1795 776 Οέατρα,

1003 782 1051 808 καὶ
1067 782 1204 814 ἱππικοὺς,
1222 784 1270 810 καὶ
1281 785 1408 819 κυνήγια,
1425 785 1571 820 μουσικούς
1588 795 1617 812 τε
1645 788 1692 813 καὶ
1707 788 1797 814 πᾶσαν

1004 827 1166 862 κακολογίαν
1187 829 1234 855 καὶ
1261 830 1435 862 καταλαλιὰν,
1456 831 1503 857 καὶ
1526 833 1614 858 πᾶσαν
1646 833 1736 867 μάχην
1751 834 1798 859 καὶ

1005 872 1189 908 βλασφημίαν.
1207 874 1330 907 Damnat,
1349 876 1447 910 inquit,
1460 876 1716 911 t/teatra,eqnestrcs
1732 887 1798 913 agor

1003 926 1060 948 nes,
1080 920 1238 950 certationes.
1258 921 1359 947 musica
1376 922 1536 955 spectacula,
1556 927 1581 949 et
1593 931 1694 949 omnem
1712 925 1796 951 male-

1004 963 1145 990 dicentiam
1156 970 1180 991 et
1193 965 1418 998 obtrectationem,
1442 976 1595 1003 onmemqne
1605 970 1796 996 contentionem

1003 1015 1028 1036 et
1044 1010 1221 1038 maledirtmn.
1244 1012 1284 1038 An
1306 1013 1352 1047 qui
1372 1013 1550 1041 theatralibus
1570 1016 1733 1048 spectaculis
1749 1020 1796 1043 aut

1005 1056 1193 1087 circensibus.
1219 1061 1266 1083 aut
1289 1058 1480 1086 venationibus
1504 1059 1684 1092 interfuerat.
1703 1062 1795 1088 statim

1003 1103 1286 1131 excommunicatioue
1301 1104 1484 1138 plectebatur?
1501 1104 1556 1132 lloc
1572 1106 1594 1133 si
1610 1106 1638 1132 in
1654 1114 1704 1133 usu
1728 1107 1797 1135 fuis-

1004 1153 1056 1179 set.
1086 1153 1142 1175 tum
1167 1149 1290 1183 profecto
1308 1150 1483 1178 Christianus
1507 1159 1588 1179 nemo
1609 1153 1750 1187 plerisque
1767 1154 1794 1180 in

1004 1194 1162 1222 civitatibus
1180 1196 1206 1221 in
1229 1196 1375 1223 ecclesiam
1395 1201 1421 1223 et
1441 1197 1474 1224 ad
1506 1205 1586 1225 usum
1609 1203 1792 1227 sacramento-

1004 1247 1065 1266 rum
1082 1239 1180 1267 fuisset
1194 1241 1343 1272 admissus,
1357 1246 1403 1268 aut
1419 1243 1497 1276 pauci
1512 1243 1666 1271 admodum.
1687 1244 1796 1272 Crebrae

1005 1289 1070 1312 sunt
1090 1285 1162 1320 apud
1186 1285 1319 1313 Joannem
1337 1287 1565 1322 Chrysostomum
1586 1291 1715 1324 querelae.
1733 1298 1796 1318 cum

1005 1330 1155 1359 Antiochia:
1178 1331 1267 1359 adhuc
1298 1332 1441 1367 presbyter
1480 1335 1609 1368 populum
1634 1335 1744 1363 doceret
1764 1337 1798 1363 de

1007 1376 1142 1410 paucitate
1161 1378 1372 1404 commeantium
1399 1378 1433 1404 ad
1463 1379 1619 1412 ecclesiam,
1646 1387 1678 1407 ac
1703 1388 1797 1408 sacras

1008 1429 1125 1457 synaxes
1148 1422 1328 1455 obeuntium;
1356 1424 1455 1458 quibus
1482 1426 1601 1452 maxime
1626 1426 1721 1454 diebus
1742 1427 1796 1453 ludi

1008 1475 1040 1493 ac
1066 1468 1222 1502 spectacula
1249 1468 1450 1503 praebebantur.
1474 1469 1561 1502 Quam
1578 1478 1650 1506 saepe
1668 1473 1796 1507 populum

1008 1513 1035 1540 iu
1050 1520 1098 1541 eas
1119 1521 1165 1541 res
1184 1513 1401 1549 intemperanter
1422 1515 1538 1543 effusum
1555 1518 1667 1545 eum-al)
1682 1518 1735 1546 illis
1752 1519 1797 1546 dc-

1008 1562 1111 1586 terrere
1129 1559 1232 1590 studet,
1258 1564 1314 1586 tum
1336 1560 1370 1586 ad
1387 1561 1531 1589 ecclesiam
1547 1566 1574 1589 et
1593 1562 1711 1590 ﬁdelium
1733 1571 1799 1591 con-

1007 1609 1106 1632 ventus
1123 1604 1302 1632 celebrandas
1320 1605 1450 1633 allicere?
1476 1607 1543 1634 Cum
1560 1607 1642 1635 etiam
1659 1609 1799 1636 auditores

1008 1650 1134 1677 hortatur
1146 1658 1212 1678 suos
1223 1671 1230 1683 ,
1260 1654 1290 1677 ut
1307 1658 1388 1686 quam
1407 1655 1536 1686 poterunt
1550 1653 1682 1687 plurimos
1697 1655 1730 1682 ab
1747 1656 1799 1683 illis

1008 1697 1173 1730 spectaculis
1200 1704 1293 1724 secum
1321 1697 1354 1724 ad
1381 1698 1526 1725 ecclesiam
1559 1699 1706 1726 adducant.
1739 1701 1798 1728 Non

1009 1741 1090 1777 igitur
1109 1742 1145 1768 ob
1159 1742 1210 1769 ista
1231 1743 1424 1770 communione
1446 1743 1574 1771 Ecclesim
1598 1745 1718 1779 privatos
1734 1746 1800 1774 ﬁde-

1009 1786 1049 1813 les
1067 1786 1214 1813 verisimile
1237 1791 1294 1819 est,
1322 1787 1474 1822 praesertim
1489 1795 1551 1815 cum
1570 1789 1604 1814 ab
1628 1789 1800 1823 imperaturi-

1008 1831 1060 1858 bus
1074 1831 1239 1859 Christianis
1254 1836 1281 1859 et
1303 1831 1511 1867 magistratibus
1534 1835 1670 1862 solemnes
1697 1836 1734 1862 illi
1753 1843 1801 1871 ap-

1009 1881 1122 1911 paratus
1132 1884 1164 1904 ac
1176 1878 1231 1904 ludi
1246 1878 1321 1905 velut
1332 1887 1365 1905 ex
1376 1879 1464 1906 obicio
1480 1884 1676 1914 praestarentur
1688 1882 1798 1916 populo.

1009 1923 1049 1950 Ad
1065 1923 1122 1949 haec
1134 1927 1244 1958 propter
1255 1923 1323 1951 levia
1336 1928 1363 1950 et
1374 1923 1491 1951 venialia
1507 1929 1617 1964 peccata
1632 1933 1713 1954 nemo
1726 1935 1801 1954 com-

1010 1968 1140 1996 munione
1160 1969 1291 1996 multatus
1308 1975 1359 1997 est.
1387 1969 1507 1997 Possunt
1520 1975 1611 1998 autem
1633 1979 1665 1999 ex
1694 1973 1727 1999 iis
1740 1981 1803 2007 qua).

1014 2013 1183 2049 Epiphanius
1204 2016 1343 2042 recensuit
1374 2016 1504 2043 nonnulla
1532 2024 1593 2043 esse
1621 2017 1701 2051 levia,
1729 2019 1802 2046 velut

1012 2059 1186 2088 maledictum
1216 2061 1327 2096 aliquod
1355 2065 1458 2089 temere
1486 2069 1518 2089 ac
1548 2063 1626 2090 facile
1654 2064 1800 2098 prolatum.

1010 2106 1077 2133 Nam
1090 2106 1269 2142 Augustinus,
1284 2115 1410 2135 sermone
1420 2108 1449 2134 41
1469 2107 1506 2135 De
1522 2109 1632 2143 sanctis,
1648 2109 1693 2137 ubi
1708 2110 1801 2145 gravia

1011 2156 1122 2187 peccata
1140 2152 1285 2187 distinguit
1303 2160 1317 2180 a
1341 2154 1457 2185 levibus,
1477 2154 1548 2181 inter
1573 2155 1640 2182 levia
1665 2161 1802 2187 numerat,

1009 2198 1114 2233 quando
1134 2207 1192 2224 cum
1216 2199 1288 2225 omni
1303 2198 1433 2233 facilitate
1457 2208 1489 2226 ac
1509 2201 1654 2227 temeritate
1667 2202 1801 2228 maledici

1011 2253 1080 2272 mus.
1104 2244 1245 2279 Ejusmodi
1260 2249 1287 2272 et
1304 2245 1356 2271 alia
1373 2247 1582 2273 commemorari
1601 2252 1726 2280 possunt,
1742 2255 1803 2282 qui:

1011 2289 1199 2317 Tertullianus
1223 2289 1320 2316 delicta
1344 2295 1423 2316 vocat
1445 2290 1608 2324 quotidiana:
1626 2291 1803 2318 incursionis:

1012 2343 1072 2370 qua:
1087 2339 1177 2362 tamen
1194 2335 1264 2361 inter
1279 2342 1310 2361 ea
1326 2337 1502 2363 continentur
1525 2344 1584 2370 quin
1602 2336 1636 2363 ab
1651 2336 1803 2372 Epiphanio

1013 2381 1152 2408 nominata
1173 2385 1246 2408 sunt.
1273 2380 1333 2408 Non
1347 2382 1420 2409 enim
1447 2383 1506 2409 sola
1533 2383 1576 2409 illa
1597 2391 1657 2417 qtae
1674 2383 1763 2410 letalia
1777 2390 1804 2411 ct

1013 2428 1117 2455 atrocia
1130 2433 1194 2455 sunt
1211 2429 1235 2454 in
1248 2427 1343 2456 eodem
1356 2436 1465 2463 genere,
1484 2428 1530 2455 sed
1541 2430 1623 2456 etiam
1643 2429 1710 2456 levia
1726 2437 1803 2457 com-

1013 2470 1157 2510 prehendit
1178 2475 1234 2506 ille,
1255 2475 1376 2509 quando,
1393 2475 1509 2509 exclupli
1532 2482 1626 2506 causa.
1643 2475 1734 2501 πᾶσαν
1754 2483 1804 2501 κα-

1012 2521 1140 2552 κολογίαν
1151 2525 1177 2548 ct
1187 2520 1363 2552 καταλαλιὰν,
1379 2521 1469 2547 πᾶσαν
1482 2521 1571 2556 μάχην
1586 2521 1632 2547 καὶ
1647 2521 1804 2554 πλεονεξίαν

1012 2566 1249 2602 ἀποκηρύττεσθαι
1260 2567 1329 2593 dixit
1341 2566 1375 2592 ab
1388 2563 1517 2593 Ecclesia.
1529 2565 1604 2593 Unde
1613 2567 1635 2593 si
1645 2567 1805 2604 ἀποκηρύτ-

1012 2612 1106 2640 τεσθαι
1124 2612 1160 2639 sit
1178 2612 1413 2643 excommunicari,
1433 2616 1461 2638 ut
1477 2614 1617 2647 trapezitae
1631 2614 1730 2648 placet,
1748 2623 1807 2642 non

1013 2665 1102 2688 autem
1117 2658 1263 2695 improbari
1277 2664 1302 2687 et
1323 2658 1472 2694 abjndicari
1490 2663 1606 2693 tantum,
1635 2664 1666 2687 ut
1685 2668 1730 2688 res
1745 2661 1809 2695 ipsa

1013 2707 1104 2737 docet.
1116 2713 1229 2735 necesse
1243 2710 1295 2738 est,
1308 2706 1344 2734 ob
1356 2705 1425 2733 levia
1436 2714 1552 2742 quaeque
1562 2707 1679 2735 crimina
1691 2714 1813 2736 excant-

1015 2752 1168 2782 municatos
1184 2751 1278 2786 fuisse,
1301 2752 1327 2780 id
1344 2757 1385 2780 est
1418 2752 1452 2778 ab
1467 2751 1596 2781 Ecclesia:
1613 2751 1818 2780 communione

1739 3004 1760 3013 .-
