4028 6220
355 255 468 307 653

1211 271 1388 325 DION.
1426 267 1671 322 PI'LTAV.
1705 268 1873 322 'ADV.
1915 268 2277 326 CLAU'DIUM
2319 269 2739 326 SALMASIUM.
3498 276 3590 332 656

345 388 629 441 abdicatos
663 385 888 441 ﬁdeles:
937 386 1080 456 quod
1118 386 1264 437 tIIt'ItI
1294 385 1363 435 sit
1399 383 1719 436 absurdum.
1777 384 1938 454 Atqui
1973 395 2014 450 Α
2046 388 2323 457 inferiores
2369 387 2594 441 omnino
2644 386 2750 439 ista
2803 400 2904 438 vox
2953 384 3238 455 significat.
3293 386 3422 440 Cum
3465 389 3595 444 enim

346 493 503 549 longe
526 482 594 533 ab
618 481 765 532 omni
796 495 958 534 sensu
988 486 1040 529 et
1075 475 1283 528 ratione
1317 475 1491 544 magis
1519 475 1816 529 abhorrent
1846 491 1932 540 ea,

345 589 465 640 qua:
493 572 558 625 ad
594 571 844 626 eumdem
875 565 1158 637 I'Ipiphanii
1189 566 1368 618 locum
1407 566 1728 620 observavit
1756 567 1808 620 in
1843 567 1934 620 illa

354 664 680 718 I‘raziatione
714 677 834 715 sua.
864 658 995 711 Nam
1021 657 1387 726 Epiphanium
1422 659 1498 710 ait
1529 658 1712 713 dicere
1743 674 1935 714 omnes

347 753 792 829 πραγματευτάς.
821 751 870 803 ἰιΙ
901 759 983 805 est
1011 751 1382 818 negotiatores.
1405 751 1474 806 ab
1494 749 1750 805 Ecclesia)
1789 766 1938 804 com-

351 850 607 900 munione
635 843 808 913 rejici.
831 840 934 896 Ubi
959 847 1011 894 et
1031 842 1354 912 ioculariter
1376 843 1554 897 ordini
1581 843 1708 898 huic
1736 843 1933 896 illudit.

348 939 423 992 Ita
450 940 592 992 enim
634 936 864 989 scribit:
906 934 1022 1001 Quo
1064 935 1200 998 loco,
1241 945 1296 986 ut
1327 946 1539 1004 gratum
1569 937 1767 1002 faciam
1802 951 1934 989 mer-

345 1029 644 1093 catoribus,
682 1044 783 1082 non
822 1027 944 1080 libet
976 1043 1093 1080 cum
1143 1028 1539 1095 interpretibus,
1592 1029 1803 1096 inﬂatos
1849 1045 1938 1082 eos

344 1121 574 1176 omnium
607 1133 881 1185 exponere,
940 1120 1029 1187 qui
1069 1118 1141 1171 ibi
1180 1119 1244 1171 ab
1287 1118 1538 1173 Ecclesitv
1579 1121 1941 1174 communione

343 1214 688 1282 prohibentur
722 1251 736 1275 ,
787 1212 877 1265 sed
933 1212 1232 1265 econtrario
1275 1212 1494 1266 minoris
1527 1214 1727 1280 peccati
1754 1227 1867 1266 reos
1890 1223 1940 1266 et

348 1307 518 1359 minus
549 1307 756 1360 noxios.
793 1305 880 1359 Sic
909 1306 1045 1358 enim
1071 1305 1243 1374 placet
1269 1313 1317 1357 et
1349 1305 1534 1359 melius
1570 1315 1645 1359 est
1682 1310 1933 1373 interpre.

346 1397 452 1449 tari
473 1395 893 1465 ὑποδεεστέρους
915 1395 967 1446 in
998 1395 1078 1447 Itis
1109 1394 1271 1448 verbis
1297 1410 1314 1448 :
1343 1395 1480 1458 Τοὺς
1506 1393 1933 1464 πραγματευτὰς

346 1489 445 1541 οὐκ
466 1487 786 1556 ἀποδέχεται
810 1487 840 1556 ἡ
867 1487 1182 1557 Ἐκκλησία,
1213 1487 1328 1541 ἀλλ’
1351 1486 1770 1556 ὑποδεεστέρους
1797 1487 1934 1540 πάν-

346 1597 454 1633 των
501 1579 745 1647 ἡγεῖταιο
783 1575 1147 1645 Negotialores
1177 1594 1278 1630 non
1323 1576 1556 1631 admittit
1587 1578 1795 1647 quidem
1838 1572 1941 1628 Ec—

349 1671 542 1732 clesia,
602 1670 670 1723 ad
725 1669 1145 1723 communionem
1192 1670 1426 1734 scilicet,
1479 1669 1568 1723 sed
1619 1678 1793 1723 tamen
1838 1669 1941 1722 mi-

2042 477 2206 547 paulo
2239 485 2364 532 ante
2409 487 2590 532 certos
2622 477 2675 530 in
2713 476 2958 532 Ecclesia
2984 475 3218 530 ﬁdelium
3253 485 3422 531 status
3449 487 3498 532 et
3523 479 3599 532 iu-

2044 572 2236 626 stituta
2274 575 2398 626 vita:
2449 579 2956 634 commemorasset,
3004 585 3126 640 qua":
3173 572 3353 625 omnia
3407 584 3604 642 recepta

2046 661 2289 717 moribus
2319 669 2372 716 et
2419 663 2644 731 probata
2686 678 2846 717 suum
2903 661 2957 715 in
2991 661 3302 716 Christiana
3343 663 3606 730 republica

2045 756 2224 811 locum
2261 763 2568 818 tuerentur,
2626 755 2997 824 principatum
3049 755 3291 807 omnium
3328 755 3608 824 assignavit

2046 845 2374 903 sacerdotio.
2420 845 2568 915 quod
2621 861 2686 899 ex
2738 844 3044 916 virginibus
3089 854 3182 898 aut
3222 845 3610 902 continentibus

2045 938 2296 1008 eligitur:
2324 952 2352 990 a
2383 953 2492 1008 quo
2527 938 2806 1006 proximas
2833 944 3021 991 tenent
3052 936 3235 990 clerici
3265 938 3473 991 caeteri:
3507 947 3611 992 tum

2047 1032 2302 1102 virgines,
2323 1030 2448 1085 inde
2471 1030 2666 1093 viduae,
2697 1045 2760 1083 ac
2784 1036 3062 1099 postremo
3088 1030 3180 1098 qui
3204 1028 3257 1082 in
3282 1030 3612 1084 matrimonio

2047 1123 2270 1193 degunt,
2291 1136 2429 1190 quos
2452 1113 2752 1190 βιωτικούζ
2773 1118 3067 1188 appellant.
3097 1117 3251 1174 Unde
3277 1125 3328 1172 et
3353 1118 3460 1188 ﬂio;
3483 1119 3614 1173 idem

2049 1212 2316 1284 signiﬁcat
2345 1227 2407 1265 ac
2431 1213 2630 1282 γάμος,
2663 1226 2785 1282 qua:
2813 1218 2942 1266 sunt
2972 1212 3188 1280 nuptia’.
3213 1212 3357 1274 Βίος,
3386 1213 3614 1280 inquam,

2049 1305 2263 1372 nuptias
2301 1302 2589 1356 interdum
2645 1302 2951 1370 signiﬁcat:
3006 1312 3058 1356 et
3112 1301 3308 1370 βιῶσαι
3339 1301 3468 1355 dixit
3501 1300 3617 1371 Epi-

2051 1376 2298 1466 phanius.
2325 1394 2517 1448 Ittl'I‘CSI
2543 1393 2631 1456 59,
2661 1408 2812 1446 num.
2839 1393 2890 1457 4,
2929 1408 2982 1462 p.
3009 1392 3133 1457 496,
3164 1406 3262 1462 pro
3290 1407 3355 1447 eo
3381 1393 3521 1462 quod
3542 1401 3617 1448 est

2050 1489 2104 1542 in
2140 1487 2478 1540 matrimonio
2519 1485 2719 1555 degere.
2771 1484 2926 1550 Quod
2975 1484 3242 1540 adversus
3289 1486 3614 1553 trapezitam,

2051 1592 2080 1629 a
2115 1591 2223 1647 quo
2250 1575 2521 1630 immerito
2546 1573 3103 1644 reprehendebamur,
3137 1573 3267 1626 alibi
3295 1575 3618 1628 demonstra-

2051 1670 2249 1724 vimus.
2311 1668 2372 1721 Et
2407 1675 2466 1722 ut
2501 1668 2556 1722 in
2589 1666 2906 1732 vellicandis
2935 1666 3057 1721 aliis
3094 1666 3277 1721 minus
3305 1666 3617 1720 temerarius

350 1780 445 1815 nus
488 1763 674 1816 noxios
722 1776 879 1830 quam
913 1760 1138 1831 reliquos
1173 1763 1259 1830 qui
1299 1761 1821 1815 excommimicantur
1851 1776 1939 1814 eos
1971 1763 2012 1818 Β
2044 1777 2106 1816 ac
2137 1775 2376 1831 princeps
2409 1774 2533 1815 esse
2552 1759 2855 1822 condiscat,
2884 1757 3221 1812 luculentum
3258 1756 3535 1821 addemus,
3558 1757 3618 1812 ad

350 1865 542 1908 censet.

2045 1854 2182 1907 idem
2202 1852 2564 1921 probantium,
2593 1847 2765 1905 Grieci
2793 1847 3078 1919 cujusdam
3109 1849 3397 1918 scriptoris
3418 1848 3612 1911 locum,

422 1945 535 1998 lloc
569 1959 696 1998 vero
739 1954 823 1998 est
875 1945 928 1996 in
962 1959 1129 1998 causa
1177 1943 1547 2014 praevaricari,
1603 1951 1657 1998 et
1701 1955 1936 2013 quorum
2042 1945 2135 2015 qui
2169 1944 2312 1998 haud
2338 1944 2454 2003 scio
2483 1958 2550 1996 an
2591 1942 2771 1996 adhuc
2798 1941 2975 1996 lucem
3012 1941 3231 1996 viderit.
3269 1939 3318 1995 Is
3352 1951 3434 1996 est
3458 1938 3621 1994 Theo-

353 2035 714 2106 patrocinium
746 2043 1088 2106 susceperat,
1129 2051 1224 2090 eos
1255 2037 1490 2104 turpiter
1524 2033 1774 2104 prodere,
1807 2034 1937 2087 dum

353 2127 526 2197 magis
558 2126 791 2182 infames
818 2138 874 2182 et
901 2126 1313 2181 eriminosiores
1341 2128 1463 2181 illos
1494 2127 1646 2190 facit,
1675 2140 1840 2196 quam
1872 2125 1941 2179 ab

354 2221 419 2272 iis
457 2218 614 2283 liunt,
647 2234 786 2289 quos
820 2218 923 2274 iste
956 2218 1255 2289 redarguit.
1287 2217 1423 2272 Nam
1462 2221 1793 2287 interpretes
1819 2215 1944 2286 Epi-

354 2311 538 2380 phanii
574 2312 641 2365 de
683 2311 1082 2365 mercatoribus
1133 2311 1234 2364 hoc
1269 2325 1439 2363 unum
1473 2311 1790 2364 insinuant:
1833 2324 1940 2362 non

353 2403 472 2457 illos
492 2400 722 2471 quidem
764 2401 1108 2456 damnandos
1150 2416 1294 2460 esse,
1333 2417 1512 2470 neque
1547 2417 1708 2470 poena
1745 2402 1940 2471 dignos

355 2492 486 2552 ulla,
521 2490 614 2546 sed
663 2491 716 2544 in
771 2501 916 2545 statu
971 2502 1023 2547 et
1061 2493 1251 2546 ordine
1289 2507 1412 2545 esse
1450 2494 1721 2555 omnium,
1756 2493 1848 2561 qui
1885 2493 1938 2545 in

353 2581 596 2636 Ecclesia
631 2590 947 2648 censentur,
982 2583 1202 2637 intimo:
1255 2581 1398 2652 quod
1423 2584 1584 2652 paulo
1617 2590 1739 2652 post
1771 2598 1941 2653 expo-

291 2739 294 2746 ι
352 2687 500 2728 nam.
528 2672 595 2726 At
632 2675 895 2744 trapezita
924 2675 1068 2745 quod
1103 2675 1262 2744 culpa
1299 2683 1456 2728 vacat
1485 2685 1537 2729 et
1579 2674 1940 2743 turpitudine,

352 2763 454 2817 hoc
485 2765 592 2818 illis
624 2765 826 2835 eripit;
870 2766 1055 2845 tritiuit
1104 2765 1248 2836 quod
1287 2765 1405 2820 sine
1447 2767 1653 2820 scelere
1699 2780 1762 2818 ae
1809 2780 1936 2834 pec-

352 2863 474 2908 cato
493 2870 617 2912 esse
637 2872 744 2911 non
770 2866 970 2928 potest,
991 2859 1244 2929 quamvis
1269 2859 1499 2912 aliorum
1528 2857 1940 2926 comparatione

337 2931 530 3001 levius
549 2960 678 3001 esse
705 2946 950 3015 videtur,
979 2947 1376 3002 abdicationem
1409 2947 1478 3001 ab
1509 2945 1764 3002 Ecclesiae
1795 2962 1945 3001 com-

356 3036 650 3093 munione:
710 3053 832 3106 qua:
877 3048 1033 3091 atrox
1077 3045 1124 3090 et
1176 3037 1452 3091 horribilis
1487 3047 1575 3092 est
1613 3051 1793 3106 poma,
1842 3054 1942 3091 nec

2045 2038 2226 2109 philus
2263 2036 2642 2107 philosophus,
2688 2034 2780 2105 qui
2819 2033 3247 2088 commentarios
3299 2031 3518 2100 scripsit
3561 2029 3622 2083 ad

2046 2128 2394 2199 Hippocratis
2429 2127 2791 2196 Apliorismos,
2825 2139 2987 2194 quem
3014 2140 3178 2194 penes
3211 2139 3322 2178 nos
3351 2122 3621 2177 habemus.

2047 2220 2144 2276 Ilic
2177 2221 2340 2292 igitur
2372 2219 2437 2274 ad
2467 2220 2556 2273 illa
2585 2217 3062 2288 primiAp/wrismi
3083 2216 3279 2282 verba,
3309 2215 3338 2268 6
3366 2213 3478 2286 ﬂio;
3507 2213 3627 2284 βρα-

2045 2311 2164 2382 χύς,
2200 2312 2380 2366 varias
2409 2310 2502 2363 τοῦ
2537 2309 2652 2380 βίου
2680 2309 3109 2381 signiﬁcationes
3144 2321 3467 2372 recensens,
3499 2306 3628 2359 inter

2046 2405 2182 2458 alias
2214 2404 2356 2457 hanc
2388 2402 2576 2458 aIl'ert:
2611 2402 2724 2471 βίος
2745 2402 2838 2454 καὶ
2865 2403 2898 2472 ἡ
2933 2399 3114 2466 ζεῦξις
3143 2397 3236 2453 τοῦ
3277 2399 3456 2470 γάμου
3478 2416 3490 2430 ο
3519 2397 3624 2457 Est,

2047 2496 2242 2565 inquit,
2279 2494 2390 2564 βίος
2418 2505 2467 2548 et
2505 2494 2833 2547 matrimonii
2863 2493 3106 2546 societas.
3148 2491 3254 2546 Sed
3298 2491 3412 2545 hmc
3439 2487 3623 2543 obiter.

2046 2583 2192 2640 Inter
2236 2583 2525 2655 βιωτικούς
2589 2592 2644 2638 ct
2693 2581 3000 2638 communis
3043 2581 3162 2634 vitae
3213 2580 3428 2642 ﬁdeles,
3459 2578 3628 2633 inﬁmo

2050 2677 2172 2729 loco
2217 2685 2472 2729 numerat
2508 2673 2844 2746 Epiphanius
2899 2675 3026 2736 τοὺς
3078 2673 3534 2744 πραγματευτάς,
3579 2671 3627 2724 id

2047 2774 2152 2830 est,
2191 2767 2578 2836 negotiatores:
2646 2781 2752 2819 non
2790 2766 2932 2835 quod
2983 2764 3183 2818 vetitus
3234 2772 3299 2818 et
3334 2765 3545 2819 illicitos
3567 2763 3629 2816 sit

2051 2855 2140 2909 ille
2174 2855 2228 2908 in
2260 2856 2504 2909 Ecclesia
2535 2863 2735 2917 status,
2766 2863 2859 2907 aut
2890 2869 3013 2906 eum
3045 2860 3278 2922 peccato
3311 2853 3627 2922 implicatus,

2050 2961 2113 3000 ac
2147 2961 2305 3016 poem
2341 2948 2448 2999 ulla
2477 2954 2529 3001 ct
2557 2945 3032 3000 animadversione
3060 2953 3328 3009 notatus;
3377 2944 3468 2999 sed
3497 2941 3628 3012 quod

2051 3038 2118 3089 ab
2146 3038 2455 3107 evangeliea
2481 3037 2813 3106 perfectione
2835 3035 3155 3106 longissime
3177 3037 3342 3092 abest
3373 3036 3626 3090 omnium.

354 3142 618 3197 unquam,
657 3130 731 3180 uti
767 3129 902 3187 dixi,
931 3129 1000 3182 ab
1034 3137 1189 3182 reatu
1239 3128 1414 3196 culpze
1451 3129 1635 3197 aliquo
1665 3129 1936 3198 sejuncta.
1971 3096 2013 3152 Ο
2050 3126 2174 3183 Ilaec
2222 3096 2348 3182 vera
2385 3135 2437 3182 ct
2485 3143 2743 3197 germana
2786 3143 2943 3182 mens
2984 3137 3069 3184 est
3099 3127 3424 3199 Epiphanii:
3478 3141 3629 3199 quam

356 3214 488 3268 Illud
515 3229 676 3283 porro
692 3212 871 3268 Graeci
899 3215 1172 3270 sermonis
1199 3231 1308 3270 non
1335 3215 1437 3270 fert
1461 3216 1792 3286 preprietas,
1818 3217 1943 3270 ὑπο-

351 3305 665 3375 δεεστέρους
709 3305 814 3359 dici
859 3306 930 3360 ab
971 3305 1274 3377 Epiphanio
1319 3308 1490 3363 minus
1545 3308 1751 3362 noxios.
1806 3308 1941 3363 Nam

2049 3235 2179 3273 vero
2213 3228 2237 3271 ι
2271 3219 2607 3289 τραπεζίτης
2636 3219 2988 3290 (Salmasius)
3011 3228 3364 3276 connncntus
3393 3231 3492 3286 est,
3523 3218 3632 3272 est.

2051 3325 2210 3380 κιμος
2260 3318 2344 3365 est
2373 3318 2426 3364 et
2462 3309 2819 3378 repudianda.

353 3497 3591 3534 *ψ’-Μ

1678 3657 1786 3715 AD
1845 3654 2284 3716 LECTOREM
2296 3703 2309 3716 .

431 3797 601 3873 Plura
644 3798 833 3873 adhuc
864 3799 1028 3870 adjici
1073 3813 1313 3873 poterant
1362 3801 1656 3869 [ἔπει-ητα,
1718 3819 1783 3856 ex
1819 3801 2026 3858 Petavii
2067 3803 2162 3856 sub
2206 3806 2331 3873 ﬁcto
2378 3801 2594 3856 Antonii
2646 3802 2914 3858 Kerkoetii
2953 3803 3054 3870 (vel
3088 3803 3372 3872 Cercoetii)
3429 3805 3628 3859 nomine

351 3869 506 3942 editis
547 3871 759 3942 scriptis
797 3869 1105 3942 deprompta
1141 3888 1158 3926 :
1197 3872 1286 3927 sed
1319 3873 1528 3942 quando
1565 3890 1741 3927 verum
1768 3889 1922 3926 suum
1963 3889 2148 3928 nomen
2191 3869 2244 3927 in
2279 3874 2359 3927 Itis
2405 3876 2671 3927 occultare
2703 3875 2804 3942 ipsi
2843 3869 2995 3927 libuit
3035 3876 3282 3938 auctori,
3323 3869 3416 3929 nec
3454 3892 3546 3929 uos
3577 3873 3636 3927 de

354 3939 671 4013 indagandis
698 3941 833 4013 locis
865 3942 984 3996 istis
1002 3939 1025 4005 ,'
1046 3959 1182 4011 qua:
1208 3943 1276 3996 ad
1306 3939 1829 4009 Animadversiones
1862 3945 2026 4013 ipsius
2057 3961 2094 4013 7a
2128 3943 2388 3998 Salmasii
2423 3943 2641 4012 objectis
2673 3939 2975 3998 liberandas
3011 3946 3246 4011 faciunt,
3283 3947 3504 3999 solliciti
3537 3947 3635 3998 eri-

355 4007 497 4085 mus.
548 4007 796 4085 Inquirat
834 4026 899 4085 ea
930 4013 1016 4085 cui
1047 4007 1249 4085 libellos
1289 4007 1419 4068 istos
1446 4051 1460 4074 ,
1505 4032 1634 4085 quos
1665 4007 1914 4068 Petavius
1943 4025 1990 4068 et
2039 4012 2342 4068 Salmasius
2371 4007 2852 4085 sibi'opposuerunt
2877 4007 3129 4085 invicem,
3161 4017 3402 4084 satyrico
3429 4015 3540 4070 sale
3577 4030 3634 4067 ac

353 4081 506 4154 (olle,
559 4083 823 4154 exquisita
855 4083 1018 4154 simul
1056 4083 1350 4138 eruditione
1391 4081 1706 4154 apparatos,
1749 4085 2101 4154 nancicendi
2122 4084 2398 4154 contigerit
2429 4081 2682 4151 felicitas.
2706 4083 2786 4154 lit
2835 4095 3011 4138 autent
3049 4084 3112 4138 de
3163 4081 3382 4138 iis'tibi
3418 4093 3632 4148 constet,

353 4149 542 4224 Lector
566 4149 838 4215 benevole,
873 4151 1108 4208 Iudicem
1139 4154 1403 4208 dabimus.
1424 4149 1433 4153 ⁷
1456 4149 1726 4207 Nimirum
1759 4149 2325 4224 postquamClaudius
2363 4149 2667 4207 Salmasius
2701 4153 3023 4208 Tertulliani
3053 4153 3240 4207 librant
3275 4156 3354 4209 Ile
3387 4154 3558 4208 Pallio
3588 4165 3634 4205 et

355 4221 423 4272 ad
451 4221 609 4273 istum
627 4233 791 4294 notas
824 4239 962 4294 anno
995 4223 1132 4278 I612
1156 4224 1430 4288 edidisset,
1453 4221 1946 4277 Animadversiones
1982 4223 2050 4277 ad
2074 4225 2284 4278 easdem
2311 4234 2486 4285 notas,
2515 4226 2692 4294 eodem
2712 4241 2872 4286 anno,
2917 4224 3176 4294 evulgavit
3203 4224 3454 4279 Petavius
3474 4239 3633 4294 :quas

354 4295 563 4358 nutigne
612 4291 782 4358 ferens
827 4289 1128 4346 Salmasius
1172 4295 1406 4357 sequenti
1450 4311 1588 4346 anno
1631 4295 1768 4347 1623
1801 4311 1984 4346 earum
2026 4294 2470 4348 Confutationem
2503 4299 2599 4348 sub
2638 4293 2918 4348 Francisci
2949 4289 3153 4348 Franci
3192 4297 3407 4349 nomine
3442 4289 3632 4356 emisit,

355 4359 583 4434 Parisiis
623 4377 867 4434 emensas,
907 4362 1195 4434 scdtitulo
1213 4361 1636 4434 Illiddelburgum
1664 4379 1780 4434 pro;
1801 4380 1855 4416 se
1887 4364 2106 4430 ferente.
2145 4363 2285 4434 Iluic
2315 4363 2752 4434 Mastigophoros
2785 4373 2897 4419 tres
2927 4382 3018 4418 seu
3052 4365 3326 4434 Etenchos
3357 4365 3627 4434 opposuit,

352 4430 441 4497 qui
469 4428 686 4516 Antonii
715 4429 1134 4516 Kerkoetiils'sive
1156 4430 1431 4516 Cercqetii.)
1461 4428 1648 4516 nomen
1664 4428 1782 4512 sibi
1821 4428 2116 4504 sumpserat
2137 4433 2426 4516 ‘I’etavius,
2465 4428 2610 4516 dnuo
2639 4435 2796 4516 I624.
2847 4434 3061 4516 Quibus
3084 4428 3494 4516 “cititatione-tn
3521 4449 3634 4503 per-

355 4509 573 4553 sonatus
609 4498 1217 4574 Franciscus__Francus
1252 4498 1484 4574 objecit:
1541 4503 1811 4572 longisque
1853 4514 1902 4557 et
1936 4498 2309 4567 amarulentis,
2341 4508 2430 4559 sed
2459 4506 2683 4559 eruditis
2715 4498 3139 4558 contentionibus
3173 4505 3239 4558 lis
3284 4505 3399 4559 lucc
3421 4498 3635 4574 peracta

354 4579 463 4651 ρει,
499 4584 656 4651 quam
687 4571 895 4651 abrupit
933 4571 1274 4651 Salmasius,
1305 4572 1375 4651 ad
1400 4571 1646 4651 pretium
1678 4571 1987 4651 professus,
2014 4576 2144 4630 huic
2171 4577 2487 4651 altercandi
2508 4577 2696 4645 pelago
2731 4592 2802 4651 se
2835 4579 3069 4651 amplius
3096 4571 3444 4630 committere
3466 4574 3632 4651 pelle.

358 4639 633 4714 ls'tambos
665 4638 1054 4714 eodemanno,
1094 4643 1274 4699 seaculi
1303 4643 1475 4714 iltujus
1509 4638 1721 4714 (decio-ti
1759 4638 1990 4712 septimi)
2035 4646 2262 4698 secundo
2304 4654 2354 4714 el
2398 4638 2861 4714 quinquagesimo,
2903 4638 3198 4714 opprimens
3233 4660 3377 4714 mors
3428 4647 3634 4698 vitm-ac

356 4711 646 4834 lit‘igim'um
672 4713 828 4795 finem
856 4713 985 4784 ipsis
1011 4713 1134 4785 fecit
1157 4731 1176 4772 .°
1221 4723 1268 4772 et
1293 4711 1569 4770 Patavium
1590 4711 1822 4769 Parisiis
1845 4715 1899 4768 d.
1929 4716 1986 4771 Η
2016 4715 2312 4779 Decembr.,
2337 4711 2665 4767 Salmasium
2690 4714 2881 4782 Spadtc
2903 4711 3016 4771 (1.3
3043 4713 3304 4786 Septemb.
3326 4713 3635 4770 mortalium

360 4794 398 4830 η
447 4797 506 4834 us
534 4793 744 4834 exemit.

360 4794 398 4830 ft
413 4793 506 4834 υιιδ
534 4793 744 4838 exemit.
