  <div class='ocr_page' id='page_1' title='image "/cluster/home/n/w/nwhite01/storage/ocr_20150623/43/hvd.32044054272794/354.png"; bbox 0 0 4028 6220; ppageno 0'>
   <div class='ocr_carea' id='block_1_1' title="bbox 320 299 3559 387">
    <p class='ocr_par' dir='ltr' id='par_1_1' title="bbox 320 299 3559 387">
     <span class='ocr_line' id='line_1_1' title="bbox 320 299 3559 387; baseline 0.01 -39"><span class='ocrx_word' id='word_1_1' title='bbox 320 299 411 356; x_wconf 75' lang='lat'><strong>517</strong></span> <span class='ocrx_word' id='word_1_2' title='bbox 1484 336 1487 339; x_wconf 93' lang='lat'><strong>-</strong></span> <span class='ocrx_word' id='word_1_3' title='bbox 1755 305 2054 365; x_wconf 73' lang='lat' dir='ltr'><strong>NOTiTIA.</strong></span> <span class='ocrx_word' id='word_1_4' title='bbox 3451 331 3559 387; x_wconf 72' lang='lat' dir='ltr'><strong>n73</strong></span> 
     </span>
    </p>
   </div>
   <div class='ocr_carea' id='block_1_2' title="bbox 317 416 3554 509">
    <p class='ocr_par' dir='ltr' id='par_1_2' title="bbox 317 416 3554 509">
     <span class='ocr_line' id='line_1_2' title="bbox 317 416 3554 509; baseline 0.008 -39"><span class='ocrx_word' id='word_1_5' title='bbox 317 425 365 470; x_wconf 86' lang='lat' dir='ltr'><strong>ut</strong></span> <span class='ocrx_word' id='word_1_6' title='bbox 391 416 568 473; x_wconf 84' lang='lat' dir='ltr'><strong>Billius</strong></span> <span class='ocrx_word' id='word_1_7' title='bbox 610 419 802 486; x_wconf 82' lang='lat' dir='ltr'><strong>edidit,</strong></span> <span class='ocrx_word' id='word_1_8' title='bbox 833 420 947 477; x_wconf 87' lang='lat' dir='ltr'><strong>sive</strong></span> <span class='ocrx_word' id='word_1_9' title='bbox 974 418 1150 475; x_wconf 83' lang='lat' dir='ltr'><strong>Nonni</strong></span> <span class='ocrx_word' id='word_1_10' title='bbox 1187 420 1422 488; x_wconf 78' lang='lat' dir='ltr'><strong>abbatis,</strong></span> <span class='ocrx_word' id='word_1_11' title='bbox 1464 430 1523 476; x_wconf 90' lang='lat' dir='ltr'><strong>ut</strong></span> <span class='ocrx_word' id='word_1_12' title='bbox 1561 423 1616 477; x_wconf 89' lang='lat' dir='ltr'><strong>in</strong></span> <span class='ocrx_word' id='word_1_13' title='bbox 1647 422 1905 496; x_wconf 82' lang='lat' dir='ltr'><strong>Catalogo</strong></span> <span class='ocrx_word' id='word_1_14' title='bbox 1937 442 2068 481; x_wconf 90' lang='lat' dir='ltr'><strong>mss.</strong></span> <span class='ocrx_word' id='word_1_15' title='bbox 2105 426 2234 482; x_wconf 88' lang='lat' dir='ltr'><strong>bibl.</strong></span> <span class='ocrx_word' id='word_1_16' title='bbox 2277 425 2672 487; x_wconf 82' lang='lat' dir='ltr'><strong>Escorialensis</strong></span> <span class='ocrx_word' id='word_1_17' title='bbox 2715 433 2933 489; x_wconf 77' lang='lat' dir='ltr'><strong>exhibet</strong></span> <span class='ocrx_word' id='word_1_18' title='bbox 2972 436 3025 490; x_wconf 91' lang='lat' dir='ltr'><strong>in</strong></span> <span class='ocrx_word' id='word_1_19' title='bbox 3058 437 3208 493; x_wconf 83' lang='lat' dir='ltr'><strong>calce</strong></span> <span class='ocrx_word' id='word_1_20' title='bbox 3263 439 3554 509; x_wconf 74' lang='lat' dir='ltr'><strong>Apparatus</strong></span> 
     </span>
    </p>
   </div>
   <div class='ocr_carea' id='block_1_3' title="bbox 313 511 3556 600">
    <p class='ocr_par' dir='ltr' id='par_1_3' title="bbox 313 511 3556 600">
     <span class='ocr_line' id='line_1_3' title="bbox 313 511 3556 600; baseline 0.007 -35"><span class='ocrx_word' id='word_1_21' title='bbox 313 512 454 566; x_wconf 80' lang='lat' dir='ltr'><strong>Sacri</strong></span> <span class='ocrx_word' id='word_1_22' title='bbox 497 511 830 581; x_wconf 84' lang='lat' dir='ltr'><strong>Possenius,</strong></span> <span class='ocrx_word' id='word_1_23' title='bbox 867 517 937 571; x_wconf 91' lang='lat' dir='ltr'><strong>ob</strong></span> <span class='ocrx_word' id='word_1_24' title='bbox 977 516 1270 572; x_wconf 91' lang='lat' dir='ltr'><strong>nonnullas</strong></span> <span class='ocrx_word' id='word_1_25' title='bbox 1311 516 1763 573; x_wconf 86' lang='lat' dir='ltr'><strong>ballucinationes</strong></span> <span class='ocrx_word' id='word_1_26' title='bbox 1798 529 1851 574; x_wconf 91' lang='lat' dir='ltr'><strong>et</strong></span> <span class='ocrx_word' id='word_1_27' title='bbox 1887 521 1941 574; x_wconf 89' lang='lat' dir='ltr'><strong>in</strong></span> <span class='ocrx_word' id='word_1_28' title='bbox 1990 522 2172 586; x_wconf 85' lang='lat' dir='ltr'><strong>rebus,</strong></span> <span class='ocrx_word' id='word_1_29' title='bbox 2237 538 2374 592; x_wconf 89' lang='lat' dir='ltr'><strong>quas</strong></span> <span class='ocrx_word' id='word_1_30' title='bbox 2425 523 2616 578; x_wconf 71' lang='lat' dir='ltr'><strong>Nonne</strong></span> <span class='ocrx_word' id='word_1_31' title='bbox 2656 535 2826 595; x_wconf 70' lang='lat' dir='ltr'><strong>pnetzn</strong></span> <span class='ocrx_word' id='word_1_32' title='bbox 2875 532 3345 600; x_wconf 76' lang='lat' dir='ltr'><strong>perspectissimas</strong></span> <span class='ocrx_word' id='word_1_33' title='bbox 3386 533 3556 590; x_wconf 81' lang='lat' dir='ltr'><strong>fuisse</strong></span> 
     </span>
    </p>
   </div>
   <div class='ocr_carea' id='block_1_4' title="bbox 308 602 3563 694">
    <p class='ocr_par' dir='ltr' id='par_1_4' title="bbox 308 602 3563 694">
     <span class='ocr_line' id='line_1_4' title="bbox 308 602 3563 694; baseline 0.007 -38"><span class='ocrx_word' id='word_1_34' title='bbox 308 602 472 670; x_wconf 91' lang='lat' dir='ltr'><strong>docet,</strong></span> <span class='ocrx_word' id='word_1_35' title='bbox 501 605 710 675; x_wconf 89' lang='lat' dir='ltr'><strong>lapsus,</strong></span> <span class='ocrx_word' id='word_1_36' title='bbox 741 607 834 662; x_wconf 91' lang='lat' dir='ltr'><strong>illo</strong></span> <span class='ocrx_word' id='word_1_37' title='bbox 863 621 985 664; x_wconf 89' lang='lat' dir='ltr'><strong>esse</strong></span> <span class='ocrx_word' id='word_1_38' title='bbox 1021 607 1334 678; x_wconf 80' lang='lat' dir='ltr'><strong>indignum;</strong></span> <span class='ocrx_word' id='word_1_39' title='bbox 1369 608 1638 678; x_wconf 59' lang='lat' dir='ltr'><strong>praecipue</strong></span> <span class='ocrx_word' id='word_1_40' title='bbox 1669 623 1792 662; x_wconf 84' lang='lat' dir='ltr'><strong>cum</strong></span> <span class='ocrx_word' id='word_1_41' title='bbox 1825 609 1878 663; x_wconf 92' lang='lat' dir='ltr'><strong>in</strong></span> <span class='ocrx_word' id='word_1_42' title='bbox 1912 611 2101 664; x_wconf 81' lang='lat' dir='ltr'><strong>codice</strong></span> <span class='ocrx_word' id='word_1_43' title='bbox 2131 610 2568 677; x_wconf 82' lang='lat' dir='ltr'><strong>Vimlobonensi,</strong></span> <span class='ocrx_word' id='word_1_44' title='bbox 2613 625 2671 669; x_wconf 93' lang='lat' dir='ltr'><strong>ut</strong></span> <span class='ocrx_word' id='word_1_45' title='bbox 2698 633 2761 670; x_wconf 83' lang='lat' dir='ltr'><strong>ex</strong></span> <span class='ocrx_word' id='word_1_46' title='bbox 2793 617 3103 673; x_wconf 80' lang='lat' dir='ltr'><strong>Montacutii</strong></span> <span class='ocrx_word' id='word_1_47' title='bbox 3131 631 3261 676; x_wconf 86' lang='lat' dir='ltr'><strong>emt.</strong></span> <span class='ocrx_word' id='word_1_48' title='bbox 3295 638 3418 694; x_wconf 80' lang='lat' dir='ltr'><strong>pag.</strong></span> <span class='ocrx_word' id='word_1_49' title='bbox 3441 625 3563 690; x_wconf 75' lang='lat'><strong>1‘27,</strong></span> 
     </span>
    </p>
   </div>
   <div class='ocr_carea' id='block_1_5' title="bbox 301 698 3554 782">
    <p class='ocr_par' dir='ltr' id='par_1_5' title="bbox 301 698 3554 782">
     <span class='ocr_line' id='line_1_5' title="bbox 301 698 3554 782; baseline 0.005 -28"><span class='ocrx_word' id='word_1_50' title='bbox 301 706 352 754; x_wconf 90' lang='lat' dir='ltr'><strong>et</strong></span> <span class='ocrx_word' id='word_1_51' title='bbox 382 698 664 756; x_wconf 84' lang='lat' dir='ltr'><strong>Lambecio</strong></span> <span class='ocrx_word' id='word_1_52' title='bbox 695 712 825 756; x_wconf 91' lang='lat' dir='ltr'><strong>tom.</strong></span> <span class='ocrx_word' id='word_1_53' title='bbox 857 701 945 767; x_wconf 87' lang='lat' dir='ltr'><strong>Ill,</strong></span> <span class='ocrx_word' id='word_1_54' title='bbox 986 702 1054 757; x_wconf 91' lang='lat' dir='ltr'><strong>de</strong></span> <span class='ocrx_word' id='word_1_55' title='bbox 1080 701 1213 757; x_wconf 90' lang='lat' dir='ltr'><strong>bibl.</strong></span> <span class='ocrx_word' id='word_1_56' title='bbox 1255 701 1490 758; x_wconf 84' lang='lat' dir='ltr'><strong>Vindob.</strong></span> <span class='ocrx_word' id='word_1_57' title='bbox 1539 718 1660 773; x_wconf 83' lang='lat' dir='ltr'><strong>pag.</strong></span> <span class='ocrx_word' id='word_1_58' title='bbox 1693 703 1820 770; x_wconf 74' lang='lat'><strong>207,</strong></span> <span class='ocrx_word' id='word_1_59' title='bbox 1858 703 2015 776; x_wconf 53' lang='lat' dir='ltr'><strong>[pugn</strong></span> <span class='ocrx_word' id='word_1_60' title='bbox 2049 706 2154 760; x_wconf 72' lang='grc'><strong>452</strong></span> <span class='ocrx_word' id='word_1_61' title='bbox 2195 722 2278 778; x_wconf 89' lang='lat' dir='ltr'><strong>sq.</strong></span> <span class='ocrx_word' id='word_1_62' title='bbox 2305 709 2486 778; x_wconf 89' lang='lat' dir='ltr'><strong>ibique</strong></span> <span class='ocrx_word' id='word_1_63' title='bbox 2507 709 2732 774; x_wconf 86' lang='lat' dir='ltr'><strong>Kollar.,</strong></span> <span class='ocrx_word' id='word_1_64' title='bbox 2759 709 2777 782; x_wconf 93' lang='lat'>]</span> <span class='ocrx_word' id='word_1_65' title='bbox 2801 721 3042 781; x_wconf 79' lang='lat' dir='ltr'><strong>apparet,</strong></span> <span class='ocrx_word' id='word_1_66' title='bbox 3075 714 3284 768; x_wconf 89' lang='lat' dir='ltr'><strong>nullum</strong></span> <span class='ocrx_word' id='word_1_67' title='bbox 3309 717 3554 772; x_wconf 80' lang='lat' dir='ltr'><strong>auctoris</strong></span> 
     </span>
    </p>
   </div>
   <div class='ocr_carea' id='block_1_6' title="bbox 301 798 3551 872">
    <p class='ocr_par' dir='ltr' id='par_1_6' title="bbox 301 798 3551 872">
     <span class='ocr_line' id='line_1_6' title="bbox 301 798 3551 872; baseline 0.004 -24"><span class='ocrx_word' id='word_1_68' title='bbox 301 809 486 850; x_wconf 87' lang='lat' dir='ltr'><strong>nomen</strong></span> <span class='ocrx_word' id='word_1_69' title='bbox 521 805 718 865; x_wconf 82' lang='lat' dir='ltr'><strong>exstet,</strong></span> <span class='ocrx_word' id='word_1_70' title='bbox 753 806 808 855; x_wconf 89' lang='lat' dir='ltr'><strong>et</strong></span> <span class='ocrx_word' id='word_1_71' title='bbox 845 799 1273 854; x_wconf 80' lang='lat' dir='ltr'><strong>commentarius</strong></span> <span class='ocrx_word' id='word_1_72' title='bbox 1317 799 1404 853; x_wconf 90' lang='lat' dir='ltr'><strong>hic</strong></span> <span class='ocrx_word' id='word_1_73' title='bbox 1459 798 1528 854; x_wconf 87' lang='lat' dir='ltr'><strong>ad</strong></span> <span class='ocrx_word' id='word_1_74' title='bbox 1583 799 1871 855; x_wconf 78' lang='lat' dir='ltr'><strong>Maximum</strong></span> <span class='ocrx_word' id='word_1_75' title='bbox 1913 808 2200 872; x_wconf 86' lang='lat' dir='ltr'><strong>quemdam</strong></span> <span class='ocrx_word' id='word_1_76' title='bbox 2243 805 2434 860; x_wconf 69' lang='lat' dir='ltr'><strong>referri</strong></span> <span class='ocrx_word' id='word_1_77' title='bbox 2479 803 2725 860; x_wconf 87' lang='lat' dir='ltr'><strong>videatur</strong></span> <span class='ocrx_word' id='word_1_78' title='bbox 2764 818 2794 858; x_wconf 89' lang='lat' dir='ltr'><strong>a</strong></span> <span class='ocrx_word' id='word_1_79' title='bbox 2833 805 3043 861; x_wconf 84' lang='lat' dir='ltr'><strong>Joanne</strong></span> <span class='ocrx_word' id='word_1_80' title='bbox 3086 806 3282 867; x_wconf 84' lang='lat' dir='ltr'><strong>&#39;l‘zctza</strong></span> <span class='ocrx_word' id='word_1_81' title='bbox 3313 806 3551 862; x_wconf 79' lang='lat' dir='ltr'><strong>Chiliad.</strong></span> 
     </span>
    </p>
   </div>
   <div class='ocr_carea' id='block_1_7' title="bbox 300 888 626 954">
    <p class='ocr_par' dir='ltr' id='par_1_7' title="bbox 300 888 626 954">
     <span class='ocr_line' id='line_1_7' title="bbox 300 888 626 954; baseline 0 -12"><span class='ocrx_word' id='word_1_82' title='bbox 300 903 372 954; x_wconf 77' lang='lat' dir='ltr'><strong>ix,</strong></span> <span class='ocrx_word' id='word_1_83' title='bbox 413 905 460 943; x_wconf 80' lang='grc' dir='ltr'><strong>γ.</strong></span> <span class='ocrx_word' id='word_1_84' title='bbox 500 888 626 943; x_wconf 78' lang='lat'><strong>865.</strong></span> 
     </span>
    </p>
   </div>
   <div class='ocr_carea' id='block_1_8' title="bbox 1059 1069 2794 1143">
    <p class='ocr_par' dir='ltr' id='par_1_8' title="bbox 1059 1069 2794 1143">
     <span class='ocr_line' id='line_1_8' title="bbox 1059 1069 2794 1143; baseline 0.003 -20"><span class='ocrx_word' id='word_1_85' title='bbox 1059 1069 1197 1137; x_wconf 73' lang='grc' dir='ltr'><strong>Περὶ</strong></span> <span class='ocrx_word' id='word_1_86' title='bbox 1224 1071 1332 1124; x_wconf 78' lang='grc' dir='ltr'><strong>τοῦ</strong></span> <span class='ocrx_word' id='word_1_87' title='bbox 1353 1075 1640 1143; x_wconf 70' lang='grc' dir='ltr'><em>λέγοντος</em></span> <span class='ocrx_word' id='word_1_88' title='bbox 1669 1072 1946 1143; x_wconf 82' lang='grc' dir='ltr'><strong>χρησμοῦ</strong></span> <span class='ocrx_word' id='word_1_89' title='bbox 1975 1072 2080 1139; x_wconf 85' lang='grc' dir='ltr'><em>τὰς</em></span> <span class='ocrx_word' id='word_1_90' title='bbox 2107 1073 2403 1140; x_wconf 70' lang='grc' dir='ltr'><strong>Θετταλάς</strong></span> <span class='ocrx_word' id='word_1_91' title='bbox 2429 1073 2537 1138; x_wconf 85' lang='grc' dir='ltr'><em>τὰς</em></span> <span class='ocrx_word' id='word_1_92' title='bbox 2572 1075 2794 1140; x_wconf 78' lang='grc' dir='ltr'><em>ἵππους</em></span> 
     </span>
    </p>
   </div>
   <div class='ocr_carea' id='block_1_9' title="bbox 1064 1142 2633 1213">
    <p class='ocr_par' dir='ltr' id='par_1_9' title="bbox 1064 1142 2633 1213">
     <span class='ocr_line' id='line_1_9' title="bbox 1064 1142 2633 1213; baseline 0 -16"><span class='ocrx_word' id='word_1_93' title='bbox 1064 1145 1377 1213; x_wconf 55' lang='grc' dir='ltr'><strong>Μέμνηται</strong></span> <span class='ocrx_word' id='word_1_94' title='bbox 1400 1142 1515 1211; x_wconf 81' lang='grc' dir='ltr'><strong>μὲν</strong></span> <span class='ocrx_word' id='word_1_95' title='bbox 1542 1146 1638 1197; x_wconf 69' lang='grc' dir='ltr'><strong>καὶ</strong></span> <span class='ocrx_word' id='word_1_96' title='bbox 1670 1142 1942 1212; x_wconf 77' lang='grc' dir='ltr'><strong>Μάξιμος</strong></span> <span class='ocrx_word' id='word_1_97' title='bbox 1971 1143 2245 1211; x_wconf 74' lang='grc' dir='ltr'><strong>ἱστοριῶν</strong></span> <span class='ocrx_word' id='word_1_98' title='bbox 2271 1144 2396 1210; x_wconf 82' lang='grc' dir='ltr'><em>τοῖς</em></span> <span class='ocrx_word' id='word_1_99' title='bbox 2426 1145 2633 1213; x_wconf 76' lang='grc' dir='ltr'><em>λόγοις</em></span> 
     </span>
    </p>
   </div>
   <div class='ocr_carea' id='block_1_10' title="bbox 1063 1212 2360 1282">
    <p class='ocr_par' dir='ltr' id='par_1_10' title="bbox 1063 1212 2360 1282">
     <span class='ocr_line' id='line_1_10' title="bbox 1063 1212 2360 1282; baseline -0.001 -16"><span class='ocrx_word' id='word_1_100' title='bbox 1063 1213 1161 1277; x_wconf 76' lang='grc' dir='ltr'><strong>Ἀς</strong></span> <span class='ocrx_word' id='word_1_101' title='bbox 1187 1212 1703 1282; x_wconf 69' lang='grc' dir='ltr'><strong>ἱστορίας-ἔγραψε</strong></span> <span class='ocrx_word' id='word_1_102' title='bbox 1741 1215 2065 1281; x_wconf 74' lang='grc' dir='ltr'><strong>Γρηγόριος</strong></span> <span class='ocrx_word' id='word_1_103' title='bbox 2097 1217 2129 1267; x_wconf 82' lang='grc' dir='ltr'><strong><em>ό</em></strong></span> <span class='ocrx_word' id='word_1_104' title='bbox 2157 1214 2360 1282; x_wconf 76' lang='grc' dir='ltr'><strong>μέγας.</strong></span> 
     </span>
    </p>
   </div>
   <div class='ocr_carea' id='block_1_11' title="bbox 1064 1281 2818 1352">
    <p class='ocr_par' dir='ltr' id='par_1_11' title="bbox 1064 1281 2818 1352">
     <span class='ocr_line' id='line_1_11' title="bbox 1064 1281 2818 1352; baseline 0 -16"><span class='ocrx_word' id='word_1_105' title='bbox 1064 1283 1244 1347; x_wconf 83' lang='grc' dir='ltr'><em>Ἔπος</em></span> <span class='ocrx_word' id='word_1_106' title='bbox 1279 1281 1333 1334; x_wconf 85' lang='grc' dir='ltr'><em>δ’</em></span> <span class='ocrx_word' id='word_1_107' title='bbox 1370 1281 1551 1336; x_wconf 82' lang='grc' dir='ltr'><em>οὐδὲν</em></span> <span class='ocrx_word' id='word_1_108' title='bbox 1580 1283 1724 1338; x_wconf 81' lang='grc' dir='ltr'><strong>οὐδὲ</strong></span> <span class='ocrx_word' id='word_1_109' title='bbox 1754 1283 1956 1352; x_wconf 80' lang='grc' dir='ltr'><strong>βραχὺ</strong></span> <span class='ocrx_word' id='word_1_110' title='bbox 1992 1282 2109 1336; x_wconf 70' lang='grc' dir='ltr'><strong>τῶν</strong></span> <span class='ocrx_word' id='word_1_111' title='bbox 2140 1281 2249 1338; x_wconf 63' lang='grc' dir='ltr'><strong>τοῦ</strong></span> <span class='ocrx_word' id='word_1_112' title='bbox 2273 1283 2551 1352; x_wconf 69' lang='grc' dir='ltr'><strong>χρησμοῦ</strong></span> <span class='ocrx_word' id='word_1_113' title='bbox 2578 1281 2818 1351; x_wconf 68' lang='grc' dir='ltr'><strong>εἰρήκει.</strong></span> 
     </span>
    </p>
   </div>
   <div class='ocr_carea' id='block_1_12' title="bbox 363 1459 3539 1537">
    <p class='ocr_par' dir='ltr' id='par_1_12' title="bbox 363 1459 3539 1537">
     <span class='ocr_line' id='line_1_12' title="bbox 363 1459 3539 1537; baseline 0 -18"><span class='ocrx_word' id='word_1_114' title='bbox 363 1465 492 1522; x_wconf 80' lang='lat' dir='ltr'><strong>Vide</strong></span> <span class='ocrx_word' id='word_1_115' title='bbox 519 1464 722 1520; x_wconf 85' lang='lat' dir='ltr'><strong>laudati</strong></span> <span class='ocrx_word' id='word_1_116' title='bbox 751 1464 978 1520; x_wconf 88' lang='lat' dir='ltr'><strong>Bentleii</strong></span> <span class='ocrx_word' id='word_1_117' title='bbox 1009 1465 1453 1522; x_wconf 89' lang='lat' dir='ltr'><strong>dissertationem</strong></span> <span class='ocrx_word' id='word_1_118' title='bbox 1481 1467 1549 1522; x_wconf 91' lang='lat' dir='ltr'><strong>de</strong></span> <span class='ocrx_word' id='word_1_119' title='bbox 1575 1466 1823 1537; x_wconf 86' lang='lat' dir='ltr'><strong>epistolis</strong></span> <span class='ocrx_word' id='word_1_120' title='bbox 1853 1465 2159 1521; x_wconf 86' lang='lat' dir='ltr'><strong>Phalaridis</strong></span> <span class='ocrx_word' id='word_1_121' title='bbox 2187 1467 2387 1520; x_wconf 87' lang='lat' dir='ltr'><strong>editam</strong></span> <span class='ocrx_word' id='word_1_122' title='bbox 2440 1459 2665 1532; x_wconf 79' lang='lat' dir='ltr'><strong>Anglice</strong></span> <span class='ocrx_word' id='word_1_123' title='bbox 2691 1464 2924 1518; x_wconf 86' lang='lat' dir='ltr'><strong>Londini</strong></span> <span class='ocrx_word' id='word_1_124' title='bbox 2951 1463 3178 1529; x_wconf 73' lang='lat'><strong>3.1699,</strong></span> <span class='ocrx_word' id='word_1_125' title='bbox 3204 1480 3324 1535; x_wconf 79' lang='lat' dir='ltr'><strong>pag.</strong></span> <span class='ocrx_word' id='word_1_126' title='bbox 3345 1465 3539 1529; x_wconf 67' lang='lat'><strong>24,26.</strong></span> 
     </span>
    </p>
   </div>
   <div class='ocr_carea' id='block_1_13' title="bbox 292 1557 3544 1631">
    <p class='ocr_par' dir='ltr' id='par_1_13' title="bbox 292 1557 3544 1631">
     <span class='ocr_line' id='line_1_13' title="bbox 292 1557 3544 1631; baseline -0.001 -15"><span class='ocrx_word' id='word_1_127' title='bbox 292 1559 550 1616; x_wconf 64' lang='lat' dir='ltr'><strong>Caeterum</strong></span> <span class='ocrx_word' id='word_1_128' title='bbox 587 1561 639 1613; x_wconf 91' lang='lat' dir='ltr'><strong>in</strong></span> <span class='ocrx_word' id='word_1_129' title='bbox 674 1557 850 1614; x_wconf 83' lang='lat' dir='ltr'><strong>Nonni</strong></span> <span class='ocrx_word' id='word_1_130' title='bbox 887 1559 1280 1614; x_wconf 86' lang='lat' dir='ltr'><strong>commentario</strong></span> <span class='ocrx_word' id='word_1_131' title='bbox 1310 1575 1571 1631; x_wconf 88' lang='lat' dir='ltr'><strong>equarum</strong></span> <span class='ocrx_word' id='word_1_132' title='bbox 1611 1559 2051 1616; x_wconf 79' lang='lat' dir='ltr'><strong>Tliessalicarum</strong></span> <span class='ocrx_word' id='word_1_133' title='bbox 2097 1560 2315 1630; x_wconf 85' lang='lat' dir='ltr'><strong>quidem</strong></span> <span class='ocrx_word' id='word_1_134' title='bbox 2367 1559 2638 1629; x_wconf 81' lang='lat' dir='ltr'><strong>aliquam,</strong></span> <span class='ocrx_word' id='word_1_135' title='bbox 2683 1567 2738 1612; x_wconf 86' lang='lat' dir='ltr'><strong>at</strong></span> <span class='ocrx_word' id='word_1_136' title='bbox 2783 1559 2988 1612; x_wconf 90' lang='lat' dir='ltr'><strong>nullam</strong></span> <span class='ocrx_word' id='word_1_137' title='bbox 3036 1560 3246 1629; x_wconf 76' lang='lat' dir='ltr'><strong>reperio</strong></span> <span class='ocrx_word' id='word_1_138' title='bbox 3292 1561 3544 1630; x_wconf 84' lang='grc' dir='ltr'><strong>χρησμοῦ</strong></span> 
     </span>
    </p>
   </div>
   <div class='ocr_carea' id='block_1_14' title="bbox 293 1649 3543 1721">
    <p class='ocr_par' dir='ltr' id='par_1_14' title="bbox 293 1649 3543 1721">
     <span class='ocr_line' id='line_1_14' title="bbox 293 1649 3543 1721; baseline -0.001 -16"><span class='ocrx_word' id='word_1_139' title='bbox 293 1651 452 1714; x_wconf 80' lang='lat' dir='ltr'><strong>illius,</strong></span> <span class='ocrx_word' id='word_1_140' title='bbox 482 1666 511 1704; x_wconf 89' lang='lat' dir='ltr'><strong>a</strong></span> <span class='ocrx_word' id='word_1_141' title='bbox 540 1651 736 1705; x_wconf 83' lang='lat' dir='ltr'><strong>Tzetza</strong></span> <span class='ocrx_word' id='word_1_142' title='bbox 776 1649 1085 1712; x_wconf 84' lang='lat' dir='ltr'><strong>memorati,</strong></span> <span class='ocrx_word' id='word_1_143' title='bbox 1118 1650 1469 1706; x_wconf 85' lang='lat' dir='ltr'><strong>mentionem.</strong></span> <span class='ocrx_word' id='word_1_144' title='bbox 1511 1650 1576 1705; x_wconf 85' lang='lat' dir='ltr'><strong>Et</strong></span> <span class='ocrx_word' id='word_1_145' title='bbox 1604 1659 1841 1713; x_wconf 85' lang='lat' dir='ltr'><strong>constat,</strong></span> <span class='ocrx_word' id='word_1_146' title='bbox 1883 1651 2026 1721; x_wconf 92' lang='lat' dir='ltr'><strong>quod</strong></span> <span class='ocrx_word' id='word_1_147' title='bbox 2059 1661 2250 1720; x_wconf 71' lang='lat' dir='ltr'><strong>praeter</strong></span> <span class='ocrx_word' id='word_1_148' title='bbox 2277 1650 2526 1704; x_wconf 85' lang='lat' dir='ltr'><strong>Nonnum</strong></span> <span class='ocrx_word' id='word_1_149' title='bbox 2555 1650 2823 1704; x_wconf 80' lang='lat' dir='ltr'><strong>Maximus</strong></span> <span class='ocrx_word' id='word_1_150' title='bbox 2858 1649 3141 1704; x_wconf 84' lang='lat' dir='ltr'><strong>confessor</strong></span> <span class='ocrx_word' id='word_1_151' title='bbox 3169 1649 3282 1702; x_wconf 82' lang='lat' dir='ltr'><strong>loca</strong></span> <span class='ocrx_word' id='word_1_152' title='bbox 3307 1649 3543 1702; x_wconf 88' lang='lat' dir='ltr'><strong>ditlicilia</strong></span> 
     </span>
    </p>
   </div>
   <div class='ocr_carea' id='block_1_15' title="bbox 291 1738 3545 1812">
    <p class='ocr_par' dir='ltr' id='par_1_15' title="bbox 291 1738 3545 1812">
     <span class='ocr_line' id='line_1_15' title="bbox 291 1738 3545 1812; baseline -0.004 -9"><span class='ocrx_word' id='word_1_153' title='bbox 291 1743 606 1803; x_wconf 79' lang='lat' dir='ltr'><strong>Nazianzeni</strong></span> <span class='ocrx_word' id='word_1_154' title='bbox 643 1740 964 1797; x_wconf 88' lang='lat' dir='ltr'><strong>illustranda</strong></span> <span class='ocrx_word' id='word_1_155' title='bbox 999 1740 1104 1795; x_wconf 87' lang='lat' dir='ltr'><strong>sibi</strong></span> <span class='ocrx_word' id='word_1_156' title='bbox 1136 1742 1394 1812; x_wconf 74' lang='lat' dir='ltr'><strong>sumpsit,</strong></span> <span class='ocrx_word' id='word_1_157' title='bbox 1430 1753 1488 1796; x_wconf 92' lang='lat' dir='ltr'><strong>ut</strong></span> <span class='ocrx_word' id='word_1_158' title='bbox 1530 1743 1778 1798; x_wconf 83' lang='lat' dir='ltr'><strong>fecerunt</strong></span> <span class='ocrx_word' id='word_1_159' title='bbox 1807 1743 1970 1798; x_wconf 90' lang='lat' dir='ltr'><strong>etiam</strong></span> <span class='ocrx_word' id='word_1_160' title='bbox 2008 1741 2154 1796; x_wconf 87' lang='lat' dir='ltr'><strong>Elias</strong></span> <span class='ocrx_word' id='word_1_161' title='bbox 2204 1741 2504 1809; x_wconf 86' lang='lat' dir='ltr'><strong>Cretensis,</strong></span> <span class='ocrx_word' id='word_1_162' title='bbox 2537 1741 2769 1796; x_wconf 87' lang='lat' dir='ltr'><strong>Basilius</strong></span> <span class='ocrx_word' id='word_1_163' title='bbox 2803 1739 3172 1798; x_wconf 68' lang='lat' dir='ltr'><strong>Cmsare&#39;cusis</strong></span> <span class='ocrx_word' id='word_1_164' title='bbox 3203 1738 3428 1808; x_wconf 80' lang='lat' dir='ltr'><strong>(magno</strong></span> <span class='ocrx_word' id='word_1_165' title='bbox 3453 1742 3545 1794; x_wconf 89' lang='lat' dir='ltr'><strong>illo</strong></span> 
     </span>
    </p>
   </div>
   <div class='ocr_carea' id='block_1_16' title="bbox 289 1832 3543 1912">
    <p class='ocr_par' dir='ltr' id='par_1_16' title="bbox 289 1832 3543 1912">
     <span class='ocr_line' id='line_1_16' title="bbox 289 1832 3543 1912; baseline -0.002 -18"><span class='ocrx_word' id='word_1_166' title='bbox 289 1838 516 1912; x_wconf 73' lang='lat' dir='ltr'><strong>iunior),</strong></span> <span class='ocrx_word' id='word_1_167' title='bbox 544 1835 764 1890; x_wconf 87' lang='lat' dir='ltr'><strong>Nicelas</strong></span> <span class='ocrx_word' id='word_1_168' title='bbox 793 1832 1111 1898; x_wconf 87' lang='lat' dir='ltr'><strong>Serronius,</strong></span> <span class='ocrx_word' id='word_1_169' title='bbox 1147 1833 1309 1888; x_wconf 83' lang='lat' dir='ltr'><strong>Micb.</strong></span> <span class='ocrx_word' id='word_1_170' title='bbox 1345 1834 1555 1890; x_wconf 86' lang='lat' dir='ltr'><strong>Psellus</strong></span> <span class='ocrx_word' id='word_1_171' title='bbox 1592 1835 1813 1905; x_wconf 88' lang='lat' dir='ltr'><strong>aliique.</strong></span> <span class='ocrx_word' id='word_1_172' title='bbox 1857 1834 2184 1887; x_wconf 83' lang='lat' dir='ltr'><strong>Prodierunt</strong></span> <span class='ocrx_word' id='word_1_173' title='bbox 2214 1833 2430 1888; x_wconf 74' lang='lat' dir='ltr'><strong>Maximi</strong></span> <span class='ocrx_word' id='word_1_174' title='bbox 2457 1837 2663 1890; x_wconf 84' lang='lat' dir='ltr'><strong>scholia</strong></span> <span class='ocrx_word' id='word_1_175' title='bbox 2692 1837 2744 1890; x_wconf 91' lang='lat' dir='ltr'><strong>in</strong></span> <span class='ocrx_word' id='word_1_176' title='bbox 2768 1835 3094 1890; x_wconf 85' lang='lat' dir='ltr'><strong>Nazianzeni</strong></span> <span class='ocrx_word' id='word_1_177' title='bbox 3128 1836 3278 1890; x_wconf 83' lang='lat' dir='ltr'><strong>locos</strong></span> <span class='ocrx_word' id='word_1_178' title='bbox 3299 1833 3543 1888; x_wconf 66' lang='lat' dir='ltr'><strong>dimi-iles</strong></span> 
     </span>
    </p>
   </div>
   <div class='ocr_carea' id='block_1_17' title="bbox 291 1923 3540 2000">
    <p class='ocr_par' dir='ltr' id='par_1_17' title="bbox 291 1923 3540 2000">
     <span class='ocr_line' id='line_1_17' title="bbox 291 1923 3540 2000; baseline -0.003 -11"><span class='ocrx_word' id='word_1_179' title='bbox 291 1949 405 1990; x_wconf 89' lang='lat' dir='ltr'><strong>cum</strong></span> <span class='ocrx_word' id='word_1_180' title='bbox 442 1930 635 1984; x_wconf 87' lang='lat' dir='ltr'><strong>Latina</strong></span> <span class='ocrx_word' id='word_1_181' title='bbox 668 1927 918 1984; x_wconf 80' lang='lat' dir='ltr'><strong>versione</strong></span> <span class='ocrx_word' id='word_1_182' title='bbox 949 1923 1177 1982; x_wconf 84' lang='lat' dir='ltr'><strong>Joannis</strong></span> <span class='ocrx_word' id='word_1_183' title='bbox 1221 1927 1368 1983; x_wconf 93' lang='lat' dir='ltr'><strong>Scoti</strong></span> <span class='ocrx_word' id='word_1_184' title='bbox 1409 1928 1687 2000; x_wconf 73' lang='lat' dir='ltr'><strong>Erigenze,</strong></span> <span class='ocrx_word' id='word_1_185' title='bbox 1729 1927 1904 1983; x_wconf 75' lang='lat' dir='ltr'><strong>Oxon.</strong></span> <span class='ocrx_word' id='word_1_186' title='bbox 1957 1927 2115 1988; x_wconf 70' lang='lat'><strong>1681,</strong></span> <span class='ocrx_word' id='word_1_187' title='bbox 2168 1927 2286 1992; x_wconf 82' lang='lat' dir='ltr'><strong>fol,</strong></span> <span class='ocrx_word' id='word_1_188' title='bbox 2327 1938 2380 1984; x_wconf 86' lang='lat' dir='ltr'><strong>et</strong></span> <span class='ocrx_word' id='word_1_189' title='bbox 2423 1945 2453 1984; x_wconf 89' lang='lat' dir='ltr'><strong>a</strong></span> <span class='ocrx_word' id='word_1_190' title='bbox 2492 1928 2666 1983; x_wconf 86' lang='lat' dir='ltr'><strong>Nonni</strong></span> <span class='ocrx_word' id='word_1_191' title='bbox 2713 1929 3117 1983; x_wconf 85' lang='lat' dir='ltr'><strong>commentariis</strong></span> <span class='ocrx_word' id='word_1_192' title='bbox 3172 1927 3540 1982; x_wconf 85' lang='lat' dir='ltr'><strong>diversissima</strong></span> 
     </span>
    </p>
   </div>
   <div class='ocr_carea' id='block_1_18' title="bbox 297 2019 3542 2094">
    <p class='ocr_par' dir='ltr' id='par_1_18' title="bbox 297 2019 3542 2094">
     <span class='ocr_line' id='line_1_18' title="bbox 297 2019 3542 2094; baseline -0.003 -13"><span class='ocrx_word' id='word_1_193' title='bbox 297 2035 428 2081; x_wconf 80' lang='lat' dir='ltr'><strong>sunt.</strong></span> <span class='ocrx_word' id='word_1_194' title='bbox 463 2022 733 2078; x_wconf 71' lang='lat' dir='ltr'><strong>Caeterum</strong></span> <span class='ocrx_word' id='word_1_195' title='bbox 764 2021 1078 2094; x_wconf 88' lang='lat' dir='ltr'><strong>quicunque</strong></span> <span class='ocrx_word' id='word_1_196' title='bbox 1110 2024 1213 2078; x_wconf 89' lang='lat' dir='ltr'><strong>iste</strong></span> <span class='ocrx_word' id='word_1_197' title='bbox 1243 2021 1406 2078; x_wconf 76' lang='lat' dir='ltr'><strong>fuerit</strong></span> <span class='ocrx_word' id='word_1_198' title='bbox 1442 2021 1691 2086; x_wconf 85' lang='lat' dir='ltr'><strong>Nonnus,</strong></span> <span class='ocrx_word' id='word_1_199' title='bbox 1724 2021 1838 2077; x_wconf 87' lang='lat' dir='ltr'><strong>sive</strong></span> <span class='ocrx_word' id='word_1_200' title='bbox 1869 2028 2054 2074; x_wconf 85' lang='lat' dir='ltr'><strong>noster</strong></span> <span class='ocrx_word' id='word_1_201' title='bbox 2093 2020 2180 2073; x_wconf 85' lang='lat' dir='ltr'><strong>ille</strong></span> <span class='ocrx_word' id='word_1_202' title='bbox 2203 2060 2218 2084; x_wconf 93' lang='lat'><strong>,</strong></span> <span class='ocrx_word' id='word_1_203' title='bbox 2251 2021 2364 2075; x_wconf 88' lang='lat' dir='ltr'><strong>sive</strong></span> <span class='ocrx_word' id='word_1_204' title='bbox 2401 2036 2430 2073; x_wconf 90' lang='lat' dir='ltr'><strong>a</strong></span> <span class='ocrx_word' id='word_1_205' title='bbox 2477 2021 2866 2090; x_wconf 82' lang='lat' dir='ltr'><strong>Panopolitano</strong></span> <span class='ocrx_word' id='word_1_206' title='bbox 2895 2029 3100 2081; x_wconf 84' lang='lat' dir='ltr'><strong>nostro.</strong></span> <span class='ocrx_word' id='word_1_207' title='bbox 3137 2028 3196 2072; x_wconf 90' lang='lat' dir='ltr'><strong>ut</strong></span> <span class='ocrx_word' id='word_1_208' title='bbox 3225 2019 3542 2073; x_wconf 85' lang='lat' dir='ltr'><strong>doctissimo</strong></span> 
     </span>
    </p>
   </div>
   <div class='ocr_carea' id='block_1_19' title="bbox 299 2109 3539 2186">
    <p class='ocr_par' dir='ltr' id='par_1_19' title="bbox 299 2109 3539 2186">
     <span class='ocr_line' id='line_1_19' title="bbox 299 2109 3539 2186; baseline -0.003 -15"><span class='ocrx_word' id='word_1_209' title='bbox 299 2119 401 2171; x_wconf 84' lang='lat' dir='ltr'><strong>viro</strong></span> <span class='ocrx_word' id='word_1_210' title='bbox 423 2117 663 2171; x_wconf 80' lang='lat' dir='ltr'><strong>libenter</strong></span> <span class='ocrx_word' id='word_1_211' title='bbox 693 2114 917 2186; x_wconf 81' lang='lat' dir='ltr'><strong>largior,</strong></span> <span class='ocrx_word' id='word_1_212' title='bbox 948 2115 1220 2178; x_wconf 90' lang='lat' dir='ltr'><strong>diversus,</strong></span> <span class='ocrx_word' id='word_1_213' title='bbox 1251 2129 1359 2168; x_wconf 93' lang='lat' dir='ltr'><strong>non</strong></span> <span class='ocrx_word' id='word_1_214' title='bbox 1389 2114 1781 2167; x_wconf 84' lang='lat' dir='ltr'><strong>contemnenda</strong></span> <span class='ocrx_word' id='word_1_215' title='bbox 1813 2113 2059 2182; x_wconf 67' lang='lat' dir='ltr'><strong>quaedam</strong></span> <span class='ocrx_word' id='word_1_216' title='bbox 2099 2129 2196 2167; x_wconf 88' lang='lat' dir='ltr'><strong>nec</strong></span> <span class='ocrx_word' id='word_1_217' title='bbox 2230 2112 2369 2166; x_wconf 88' lang='lat' dir='ltr'><strong>lectu</strong></span> <span class='ocrx_word' id='word_1_218' title='bbox 2403 2112 2700 2180; x_wconf 86' lang='lat' dir='ltr'><strong>injucunda</strong></span> <span class='ocrx_word' id='word_1_219' title='bbox 2739 2112 2804 2164; x_wconf 90' lang='lat' dir='ltr'><strong>ad</strong></span> <span class='ocrx_word' id='word_1_220' title='bbox 2833 2109 3230 2164; x_wconf 85' lang='lat' dir='ltr'><strong>Nazianzenum</strong></span> <span class='ocrx_word' id='word_1_221' title='bbox 3258 2109 3539 2166; x_wconf 88' lang='lat' dir='ltr'><strong>illustrau-</strong></span> 
     </span>
    </p>
   </div>
   <div class='ocr_carea' id='block_1_20' title="bbox 289 2202 3538 2279">
    <p class='ocr_par' dir='ltr' id='par_1_20' title="bbox 289 2202 3538 2279">
     <span class='ocr_line' id='line_1_20' title="bbox 289 2202 3538 2279; baseline -0.002 -16"><span class='ocrx_word' id='word_1_222' title='bbox 289 2211 405 2264; x_wconf 87' lang='lat' dir='ltr'><strong>dum</strong></span> <span class='ocrx_word' id='word_1_223' title='bbox 450 2215 766 2274; x_wconf 82' lang='lat' dir='ltr'><strong>annotasse,</strong></span> <span class='ocrx_word' id='word_1_224' title='bbox 815 2209 987 2279; x_wconf 61' lang='lat' dir='ltr'><strong>aequis</strong></span> <span class='ocrx_word' id='word_1_225' title='bbox 1029 2208 1450 2265; x_wconf 73' lang='lat' dir='ltr'><strong>:estimatoribns</strong></span> <span class='ocrx_word' id='word_1_226' title='bbox 1498 2206 1788 2261; x_wconf 87' lang='lat' dir='ltr'><strong>videbitur.</strong></span> <span class='ocrx_word' id='word_1_227' title='bbox 1843 2206 2106 2269; x_wconf 88' lang='lat' dir='ltr'><strong>Dionem,</strong></span> <span class='ocrx_word' id='word_1_228' title='bbox 2174 2214 2688 2269; x_wconf 85' lang='lat' dir='ltr'><strong>commentatorem,</strong></span> <span class='ocrx_word' id='word_1_229' title='bbox 2741 2205 3349 2276; x_wconf 75' lang='grc' dir='ltr'><strong>ὑπομνηματογράφον,</strong></span> <span class='ocrx_word' id='word_1_230' title='bbox 3404 2202 3538 2256; x_wconf 84' lang='lat' dir='ltr'><strong>citat</strong></span> 
     </span>
    </p>
   </div>
   <div class='ocr_carea' id='block_1_21' title="bbox 286 2296 3532 2370">
    <p class='ocr_par' dir='ltr' id='par_1_21' title="bbox 286 2296 3532 2370">
     <span class='ocr_line' id='line_1_21' title="bbox 286 2296 3532 2370; baseline -0.003 -13"><span class='ocrx_word' id='word_1_231' title='bbox 286 2304 407 2360; x_wconf 81' lang='lat' dir='ltr'><strong>bist.</strong></span> <span class='ocrx_word' id='word_1_232' title='bbox 458 2318 667 2357; x_wconf 75' lang='lat' dir='ltr'><strong>xxxvii.</strong></span> <span class='ocrx_word' id='word_1_233' title='bbox 719 2303 1054 2370; x_wconf 80' lang='lat' dir='ltr'><strong>Aristaeneti,</strong></span> <span class='ocrx_word' id='word_1_234' title='bbox 1110 2303 1383 2369; x_wconf 85' lang='lat' dir='ltr'><strong>rhetoris,</strong></span> <span class='ocrx_word' id='word_1_235' title='bbox 1445 2301 1692 2357; x_wconf 89' lang='lat' dir='ltr'><strong>meminit</strong></span> <span class='ocrx_word' id='word_1_236' title='bbox 1745 2301 1878 2356; x_wconf 87' lang='lat' dir='ltr'><strong>bist.</strong></span> <span class='ocrx_word' id='word_1_237' title='bbox 1935 2316 2121 2367; x_wconf 64' lang='grc' dir='ltr'>χχιιι,</span> <span class='ocrx_word' id='word_1_238' title='bbox 2184 2300 2251 2355; x_wconf 85' lang='lat' dir='ltr'><strong>ad</strong></span> <span class='ocrx_word' id='word_1_239' title='bbox 2309 2306 2452 2356; x_wconf 88' lang='lat' dir='ltr'><strong>orat.</strong></span> <span class='ocrx_word' id='word_1_240' title='bbox 2502 2297 2928 2360; x_wconf 70' lang='lat' dir='ltr'><strong>9..Alexandrize</strong></span> <span class='ocrx_word' id='word_1_241' title='bbox 2972 2313 3032 2355; x_wconf 87' lang='lat' dir='ltr'><strong>se</strong></span> <span class='ocrx_word' id='word_1_242' title='bbox 3079 2296 3250 2354; x_wconf 81' lang='lat' dir='ltr'><strong>fuisse</strong></span> <span class='ocrx_word' id='word_1_243' title='bbox 3301 2301 3532 2350; x_wconf 80' lang='lat' dir='ltr'><strong>testatur</strong></span> 
     </span>
    </p>
   </div>
   <div class='ocr_carea' id='block_1_22' title="bbox 282 2398 649 2453">
    <p class='ocr_par' dir='ltr' id='par_1_22' title="bbox 282 2398 649 2453">
     <span class='ocr_line' id='line_1_22' title="bbox 282 2398 649 2453; baseline -0.003 0"><span class='ocrx_word' id='word_1_244' title='bbox 282 2398 408 2453; x_wconf 82' lang='lat' dir='ltr'><strong>bist.</strong></span> <span class='ocrx_word' id='word_1_245' title='bbox 451 2411 649 2452; x_wconf 74' lang='grc' dir='ltr'><strong>ιιιιιι.</strong></span> 
     </span>
    </p>
   </div>
  </div>
