3956 6202
493 267 587 323 751
1727 266 1937 326 NONNI
1976 263 2483 322 PANOPOLITANI
3630 269 3715 324 75?.

494 394 614 441 erat
640 386 947 458 intelligens
975 386 1180 446 lumen.
1214 384 1309 440 sed
1339 393 1398 439 ut
1431 384 1608 440 solum
1642 382 1911 440 Omnibus
1939 399 2066 454 ape-

2175 381 2349 434 Πᾶσιν
2373 381 2701 449 ἀναπτύξειε
2740 381 2998 452 Θεηγόρον
3034 381 3364 454 ἀνθερεῶνα,

495 481 630 535 riret
671 480 1068 547 diviniloquum
1125 486 1367 532 mentum
1403 477 1483 549 [id
1523 488 1600 532 est
1632 476 1719 550 os]
1749 477 1813 531 Et
1848 477 2072 531 luminis

494 585 800 640 prwcnrsor
818 585 925 623 non
957 567 1231 638 praadieati
1259 580 1571 640 appareret,
1596 569 1896 624 Commune
1918 569 2071 624 testi-

496 660 738 714 monium
793 658 983 731 dicens
1022 656 1189 713 Deum
1220 659 1503 729 recipienti
1530 661 1748 731 populo.
1784 658 1815 715 9
1859 657 2070 714 Etenim

495 761 597 799 suo
645 760 768 799 cum
812 744 972 800 Patre
1017 762 1206 801 verum
1250 749 1585 818 primitivum
1636 750 1819 804 lumen
1871 747 2074 817 Unige-

493 837 667 889 nilum
702 834 937 891 Verbum
974 846 1113 904 erat,
1161 841 1306 910 quod
1346 840 1619 895 hominem
1654 856 1868 896 omnem
1914 855 2072 895 mun-

492 926 608 989 dat,
641 925 1036 994 Spiritualibus
1080 929 1251 983 radiis
1283 930 1564 985 illustrans
1603 938 1857 984 naturam
1890 929 2070 984 homi-

494 1030 620 1068 num
680 1014 735 1085 4
766 1014 1109 1072 Venientium
1156 1019 1210 1073 in
1259 1027 1479 1074 terram.
1528 1021 1594 1075 10
1639 1020 1765 1074 Erat
1805 1029 1983 1075 autem
2016 1021 2070 1074 in

493 1105 779 1160 incredulo
816 1108 1023 1163 mundo
1062 1108 1415 1179 lmprovisus.
1458 1122 1512 1167 et
1551 1112 1790 1169 mundus
1827 1112 2071 1168 inlinitus

490 1205 610 1251 erat
636 1214 731 1268 per
761 1200 963 1268 ipsum,
1000 1199 1064 1253 Et
1093 1199 1331 1255 Verbum
1371 1218 1478 1255 non
1516 1203 1771 1272 cognovit
1805 1202 2069 1257 advenam

494 1293 734 1346 mundus
759 1308 972 1349 errans.
1010 1295 1071 1347 11
1107 1293 1282 1365 Prope
1307 1303 1425 1349 erat
1455 1295 1598 1365 apud
1623 1310 1789 1362 suos;
1824 1296 1909 1350 sui
1940 1310 2071 1349 vero

494 1386 670 1453 ipsum
717 1385 1007 1454 insipiente
1052 1386 1204 1440 rabie
1254 1384 1323 1439 Ut
1367 1386 1636 1457 hospitem
1680 1402 1790 1441 non
1835 1382 2071 1441 hOnora-

490 1477 644 1531 bant.
681 1476 748 1529 12
782 1478 883 1542 Qui
919 1492 1049 1530 vero
1095 1477 1273 1547 ipsum
1316 1478 1565 1548 prudenti
1610 1478 1796 1532 animo
1827 1481 1945 1536 Non
1983 1493 2071 1534 er-

491 1577 680 1622 rantes
712 1576 1089 1636 susreperunt,
1129 1578 1184 1623 et
1235 1583 1343 1622 non
1389 1576 1624 1623 mentem
1661 1569 1936 1624 habebant
1983 1584 2073 1623 er-

491 1669 723 1719 rantem.
774 1660 1064 1714 C(clestem
1105 1659 1365 1715 omnibus
1406 1677 1574 1714 unum
1621 1660 1842 1716 donavit
1889 1663 2069 1717 bono-

490 1766 625 1815 rem,
660 1749 783 1805 Filii
818 1750 911 1805 Dei
938 1750 1114 1805 Patris
1148 1766 1364 1822 semper
1390 1752 1499 1807 vivi
1538 1762 1596 1806 ut
1628 1753 1976 1821 dicerentur,
1999 1753 2067 1808 15

490 1840 639 1907 Quos
682 1849 877 1895 natura
926 1856 1033 1895 non
1077 1842 1288 1912 peperit
1331 1857 1624 1913 puerpera,
1660 1858 1768 1897 non
1814 1844 1924 1898 vita
1969 1858 2065 1899 co-

490 1933 676 2004 gnovit
718 1931 981 1988 llumanm
1025 1949 1247 2005 germen
1287 1935 1621 1998 voluntatis;
1669 1950 1847 2005 neque
1885 1936 2066 2007 ipsum

489 2026 685 2081 Carnis
732 2042 919 2081 amore
969 2027 1135 2098 geniti
1186 2028 1429 2098 nuptiale
1484 2029 1660 2083 aravit
1704 2028 1907 2093 cubile,
1963 2027 2069 2084 Sed

491 2118 587 2175 Dei
623 2119 734 2174 nati
771 2130 899 2175 sunt
930 2135 1038 2173 non
1072 2120 1211 2173 arati
1246 2120 1341 2175 lilii
1399 2118 1597 2176 Patris.
1634 2120 1701 2174 M
1736 2118 1803 2174 Et
1830 2119 2067 2175 Verbum

490 2227 587 2281 per
617 2227 677 2266 se
697 2214 973 2267 exsistens
1003 2226 1133 2266 caro
1161 2212 1362 2266 factum
1396 2220 1499 2277 cst,
1540 2211 1681 2266 Deus
1717 2212 1902 2275 homo,
1935 2211 2070 2266 Sero

488 2303 757 2370 genitum,
800 2304 954 2372 prius
983 2304 1247 2373 genitum,
1293 2302 1553 2358 inetTabili
1585 2302 1820 2374 quodam
1850 2304 2070 2358 vinculo

486 2395 831 2450 Consocians
882 2396 1125 2449 divinam
1182 2396 1399 2450 mortali
1444 2412 1756 2466 comparem
1812 2398 2064 2452 formam.

489 2486 554 2539 Et
584 2486 725 2540 Deus
766 2484 990 2538 domum
1042 2486 1277 2540 incoluit
1318 2502 1443 2541 cum
1488 2488 1823 2551 hominibus,
1864 2496 1919 2542 et
1952 2489 2068 2559 glo-

486 2578 623 2628 tiam
656 2574 778 2643 ejus
807 2572 1062 2630 Vidimus
1091 2575 1349 2630 humanis
1380 2577 1575 2643 oculis,
1604 2577 1763 2647 quasi
1806 2577 2065 2633 honorem

488 2664 608 2720 Filii
636 2664 904 2735 unigeniti
938 2665 1008 2719 ab
1035 2666 1308 2721 altissimo
1336 2664 1513 2723 Patre.
1540 2666 1603 2720 Et
1625 2668 1799 2738 gratia
1830 2670 2069 2740 repletus

485 2763 591 2817 est.
628 2764 681 2811 et
712 2756 937 2811 veritate
960 2755 1167 2812 Patris.

558 2849 626 2902 15
671 2849 743 2904 De
784 2850 1069 2921 carnigero
1135 2858 1316 2907 autem
1376 2851 1554 2908 Verbo
1607 2854 1944 2923 praenuntius
1984 2853 2069 2907 vir

485 2939 683 2995 Castus
724 2938 962 2996 Joannes
1004 2941 1347 2997 conﬁrmavit
1392 2944 1776 2999 testificantem
1818 2961 2004 3000 vocem
2048 2963 2061 2999 :

2175 472 2285 526 Kal
2315 473 2481 542 φάεος
2513 472 2878 546 προκελευοος
2908 473 3240 543 ἀκηρύκτοιο
3268 475 3478 547 φανείη,

2174 563 2349 634 Ξυνὴν
2387 565 2694 637 μαρτυρίην
2730 564 2940 617 ἐνέπων
2966 564 3278 636 θεοδέγμονι
3299 567 3430 638 λαῷ.

2174 650 2208 707 9
2233 652 2343 705 Kal
2372 652 2479 723 γάρ
2501 653 2592 707 ἐοῦ
2616 654 2755 724 μετὰ
2782 652 2995 723 Πατρός
3018 654 3291 724 ἐτήτυμον
3315 656 3597 726 ἀρχέγονον
3620 666 3712 727 φῶς

2172 741 2521 812 Μουνογενὴς
2555 742 2726 810 Λόγος
2751 737 2868 813 ἦεν,
2904 741 2961 805 ὃς
2990 741 3160 813 ἀνέρα
3193 743 3373 797 πάντα
3406 745 3657 817 καθαίρει,

2174 833 2585 903 Πνευματικαῖς
2608 834 2790 886 ἀκτῖσι
2817 849 3017 900 καταυγ
3028 832 3173 895 ἀζων
3197 833 3360 903 φύσιν
3391 836 3591 907 ἀνδρῶν

2172 921 2224 992 5
2271 923 2606 994 Ἐρχομένων
2641 924 2733 976 ἐπὶ
2762 926 2942 991 γαῖαν.
2970 922 3036 978 10
3066 924 3202 994 Ἔην
3235 924 3279 976 δ’
3309 926 3367 977 ἐν
3398 926 3604 979 ἀπειοέῖ
3640 930 3710 979 2r}-

3531 1016 3659 1088 ἰσμῳ

2184 1109 2494 1181 ’Λπροῖδὴς,
2527 1108 2622 1163 καὶ
2649 1108 2852 1179 κόσμος
2871 1109 3151 1181 ἀπείριτος
3177 1109 3305 1164 ἔσκε
3331 1110 3398 1163 δι’
3426 1110 3608 1174 αὐτοῦ,

2172 1200 2282 1251 Kal
2311 1196 2483 1266 Λόγον
2510 1199 2573 1251 οὐ
2604 1198 2872 1265 γίνωσκεν
2905 1197 3145 1268 ἐπήλυδα
3179 1197 3381 1267 κόσμος
3412 1197 3616 1268 ἀλήτης.

2174 1289 2233 1341 ﬂ
2284 1288 2483 1357 Ἐγγὺς
2514 1287 2610 1359 ἔην
2642 1287 2806 1351 ἰδίων,
2835 1286 2953 1340 ἴδιοι
2986 1287 3044 1340 δέ
3080 1304 3171 1357 μιν
3200 1286 3395 1358 ἄφρονι
3415 1285 3599 1356 λύσσῃ.

2183 1379 2271 1444 Ὠς
2297 1380 2447 1447 ξένον
2472 1421 2487 1445 ,
2527 1379 2625 1432 οὐκ
2668 1377 2973 1450 ἐγέραιρον.
3016 1377 3080 1431 12
3118 1378 3273 1430 Ὅσοι
3302 1378 3357 1430 δέ
3394 1394 3486 1447 μιν
3524 1376 3709 1446 ἔμφρονι

3500 1468 3658 1542 [θυμῷ

2183 1563 2475 1627 Ἀπλανέες
2507 1562 2747 1627 δέξαντο,
2780 1562 2874 1615 καὶ
2906 1561 2966 1615 ού
2996 1561 3114 1615 νόον
3145 1555 3291 1631 εἶχον
3314 1562 3544 1633 ἀλήτην,

2172 1655 2443 1731 Οὐρανίην
2473 1654 2733 1708 πάντεσσι
2760 1654 2890 1725 μίαν
2922 1653 3209 1726 δωρήσατο
3248 1654 3434 1725 τιμὴν,

2098 1728 2141 1784 Β
2171 1728 2349 1800 Τέκνα
2373 1746 2508 1799 Θεοῦ
2541 1745 2840 1815 Γενετῆρος
2868 1744 3188 1809 ἀειζώοντος
3212 1745 3451 1811 ἀκούειν,

2172 1837 2238 1890 15
2266 1834 2374 1899 Οὓς
2407 1833 2569 1904 φύσις
2588 1834 2687 1886 οὐκ
2722 1833 2879 1887 ῶδινε
2917 1834 3170 1904 λεχωῖάς,
3195 1834 3257 1887 ού
3274 1834 3388 1904 βίος
3423 1834 3565 1903 ἔγνω

2183 1926 2507 1997 Ἀνδρομέου
2542 1922 2832 1994 βλάστημα
2866 1924 3192 1995 Θελήματος,
3229 1923 3351 1976 οὐδὲ
3386 1924 3483 1977 καὶ
3512 1920 3636 1991 αὐτὴ

2171 2018 2376 2090 Σαρκδς
2403 2015 2754 2088 ἐρωτοτόκοιο
2789 2015 3057 2085 γαμήλιος
3087 2016 3283 2086 ήροσεν
3307 2015 3461 2084 εὐνὴ,

2184 2110 2345 2163 Ἀλλά
2373 2109 2507 2161 Θεοῦ
2530 2107 2793 2176 γεγάασιν
2826 2107 3065 2178 ἀνήροτα
3093 2107 3261 2159 τέκνα
3282 2107 3514 2175 Τοκῆος.

2173 2204 2240 2258 14
2275 2203 2385 2257 Kal
2421 2203 2592 2271 Λόγος
2622 2200 3002 2263 αὐτοτέλεστος
3022 2200 3311 2272 ἐσαρκώθη
3337 2202 3472 2264 Θεὸς
3492 2200 3635 2272 ἀνὴρ,

2184 2292 2489 2362 Ὀψίγονος,
2530 2289 2910 2361 προγένεϐλος,
2945 2290 3002 2341 ἐν
3032 2291 3255 2362 ἀρρήτῳ
3273 2291 3379 2343 τινὶ
3411 2290 3591 2361 δεσμῷ

2170 2380 2426 2442 Ξυνὼσας
2460 2378 2661 2449 ζαθέην
2692 2378 2984 2449 βροτοειδέῖ
3008 2378 3215 2446 σύζυγα
3239 2381 3474 2451 μορφήν.

2170 2470 2279 2522 Kal
2316 2468 2449 2531 Θεὸς
2487 2466 2635 2521 οἶκον
2665 2468 2811 2522 ἔναιε
2858 2469 2952 2521 σὺν
2984 2468 3229 2539 ἀνδράσι,
3271 2470 3364 2522 καὶ
3403 2469 3557 2533 κλέος
3582 2466 3714 2524 αὐτοῦ

2170 2559 2398 2629 Είδομεν
2425 2560 2803 2629 ἀνδρομέοισιν
2836 2560 2893 2612 ἐν
2921 2558 3182 2629 ὄμμασιν,
3220 2554 3310 2613 οἶά
3331 2578 3392 2613 τε
3416 2560 3578 2632 τιμὴν

2170 2648 2301 2703 Υίοῦ
2336 2650 2683 2720 μουνογόνοιο
2721 2650 2848 2723 παρ’
2880 2650 3124 2719 ὑψίστοιο
3154 2651 3384 2720 Τοκῆος.

2170 2740 2282 2792 Kal
2308 2740 2528 2811 χάριτος
2563 2739 2828 2811 πέπληθε,
2859 2741 2951 2793 καὶ
2972 2741 3231 2813 ἀτρεκίης
3265 2740 3581 2812 Γενετῆρος.

2244 2832 2312 2887 15
2353 2833 2524 2902 Ἀμφὶ
2555 2832 2611 2886 δὲ
2643 2816 3580 2905 σαρκοφόροιοΛόγου’πρωτάγγελος
3606 2832 3718 2902 ἀνὴρ

2183 2925 2371 2993 Ἀγνὸς
2408 2925 2659 2996 Ἰωάννης
2687 2925 2997 2979 πιστώσατο
3028 2926 3283 2999 μάρτυρα
3308 2927 3496 2999 φωνήν
3516 2942 3532 2957 ⁸

487 3029 586 3084 llic
632 3037 716 3086 est
758 3046 919 3100 quem
962 3031 1075 3085 dixi
1110 3031 1573 3101 irreprebensibili
1624 3050 1877 3089 sermone
1918 3053 1931 3090 :
1985 3036 2066 3092 Me

2171 3007 2337 3079 Οὗτος
2370 3014 2464 3085 ἔην
2491 3016 2547 3068 ὃν
2574 3015 2753 3069 ἔειπον
2780 3006 3064 3088 ἀμωμήτῳ
3095 3016 3175 3070 ἐνὶ
3208 3015 3383 3088 μύθῳ·

487 3120 798 3185 antecessit,
831 3122 1097 3192 posterior
1126 3123 1218 3193 qui
1236 3125 1405 3183 venit,
1429 3123 1565 3190 Quia
1580 3127 1828 3197 meprior
1843 3128 2061 3184 eratJG

2174 3107 2396 3177 Πρῶτος
2426 3107 2576 3177 ἐμεῖο
2606 3106 2858 3177 βέϐηκεν,
2886 3107 3173 3179 ὁπίστερος
3203 3111 3349 3173 ὅστις
3377 3110 3569 3171 ἱκάνει,

484 3212 620 3267 Nam
667 3228 859 3268 omnes
908 3213 977 3268 ab
1032 3214 1151 3285 ipso
1191 3215 1517 3285 Accepimus
1579 3216 1777 3273 divina:
1822 3220 2062 3289 plenitu-

485 3305 631 3359 dinls
658 3319 837 3359 seram
857 3304 1016 3359 aliam
1039 3302 1356 3375 Oppositam
1384 3306 1552 3375 priori
1575 3308 1762 3378 gratia:
1782 3311 2013 3381 gratiam
2041 3330 2055 3366 :

486 3395 555 3448 17
597 3396 720 3465 quia
747 3395 880 3465 legis
911 3395 1135 3450 Librum
1160 3396 1330 3452 totius
1365 3395 1525 3453 Pater
1563 3414 1659 3467 per
1688 3399 1893 3456 Mosem
1922 3417 2059 3472 pra:-

486 3486 599 3540 buit
631 3488 855 3557 populo,
894 3487 958 3541 Et
991 3489 1167 3559 gratia
1205 3504 1271 3544 ex
1314 3489 1557 3555 Christo,
1589 3499 1645 3547 et
1684 3495 1887 3548 veritas
1912 3496 2060 3550 venit

485 3577 711 3632 mundo.
746 3579 812 3632 18
859 3578 924 3632 Et
972 3578 1141 3634 Deum
1182 3596 1280 3651 per
1323 3596 1382 3637 se
1422 3582 1666 3653 genitum
1712 3592 1904 3640 contra
1936 3602 2062 3658 gra-

484 3670 763 3725 dientibus
787 3670 964 3725 oculis
996 3669 1285 3742 Nunquam
1326 3673 1525 3744 aliquis
1553 3673 1724 3741 vidit;
1767 3692 1871 3732 suo
1900 3693 2063 3733 enar-

482 3762 628 3815 ravit
687 3777 939 3819 sermone
982 3762 1076 3820 Ille
1106 3766 1293 3821 divino
1329 3768 1656 3823 observatus
1698 3779 1966 3827 consueto
2009 3773 2063 3827 in

484 3851 632 3915 sinu,
662 3848 1011 3924 Unigenitus,
1044 3856 1208 3911 simul
1239 3858 1529 3915 ambulans
1561 3874 1687 3915 cum
1716 3862 2065 3934 irreprehen»

483 3954 629 4009 sibili
683 3955 866 4013 Patre.
916 3958 982 4012 19
1030 3957 1350 4029 Testimonii
1401 3979 1530 4019 vero
1585 3964 1675 4021 hic
1724 3980 1809 4021 εει
1859 3983 2063 4036 sermo,

482 4076 644 4129 quem
690 4061 986 4119 immortali
1021 4067 1258 4136 quadam
1292 4083 1427 4124 voce
1473 4068 1677 4127 Fidelis
1704 4070 1945 4131 Joannes
1975 4091 2068 4132 ve-

482 4166 734 4237 riloquus
764 4168 900 4223 dixit
927 4170 984 4240 6
1015 4186 1216 4240 praeco,
1252 4170 1608 4229 Hebraeorum
1646 4179 1866 4249 quando
1896 4195 2067 4251 popu-

481 4268 569 4327 lus
610 4270 841 4327 desertze
881 4273 947 4327 ad
991 4273 1217 4330 dorsum
1251 4277 1403 4333 silvae
1436 4278 1655 4336 Levitas
1689 4286 1975 4353 praemisit,
2014 4297 2067 4343 et

2166 3198 2319 3251 ’Όττι
2352 3215 2451 3267 μευ
2480 3193 2548 3269 ἦν
2577 3197 2988 3269 πρώτιστος·16
3031 3201 3113 3253 ὅτι
3147 3199 3457 3272 ξύμπαντες
3475 3194 3716 3253 summa

2176 3288 2462 3359 Ἠράμεθα
2494 3288 2687 3353 ζαθέου
2723 3289 3089 3361 πληρώματος
3116 3291 3312 3363 ὄψιμον
3339 3292 3503 3362 ἀλλην

2175 3379 2474 3435 Ἀντίθετον
2493 3382 2763 3454 προτέρης
2777 3384 2998 3455 χάριτος
3025 3383 3210 3457 χάριν·
3238 3384 3301 3438 17
3344 3386 3460 3440 ’ὀττι
3482 3382 3717 3453 Θεμίστων

2164 3471 2354 3525 Βίϐλον
2380 3472 2514 3526 ὅλων
2541 3472 2771 3545 Γενὲτης
2797 3474 2883 3527 διὰ
2921 3475 3148 3539 Μωσέος
3184 3474 3374 3527 ὤπασε
3399 3475 3531 3545 λαῷ,

2163 3564 2275 3616 Kal
2296 3564 2455 3635 χάρις
2485 3565 2549 3618 ἐκ
2579 3565 2855 3635 Χριστοῖο,
2896 3568 2991 3621 καὶ
3030 3566 3257 3638 ἀτρεκίη
3289 3567 3417 3620 πέλε
3448 3566 3640 3634 κόσμῳ.

2167 3655 2233 3710 18
2262 3657 2368 3709 Kal
2397 3656 2530 3711 Θεὸν
2559 3656 2940 3727 αύτογένεολον
2971 3660 3028 3712 ἐν
3060 3659 3427 3729 ἀντιπόροισιν
3454 3656 3677 3716 ὀπωπαῖς

2168 3746 2377 3800 Οῠποτέ
2404 3764 2488 3810 τις
2522 3747 2851 3813 σκοπίαζεψ
2883 3749 2957 3821 ἐῷ
2977 3749 3305 3821 διεπέφραδε
3336 3749 3491 3821 μύθῳ

2167 3840 2361 3903 Κεῖνος
2390 3840 2421 3895 ὁ,
2446 3839 2719 3912 θεσπεσίῳ
2752 3841 3133 3914 μεμελημένος
3148 3842 3306 3912 ὴοάδι
3340 3843 3521 3912 κόλπῳ

2167 3930 2532 4003 Μουνογενὴς,
2569 3932 2856 4003 ὁμόφοιτος
2892 3934 3212 4005 ἀμωμήτοιο
3236 3934 3460 4005 Τοκῆος.

2169 4021 2236 4077 19
2268 4021 2590 4093 Μαρτύρίης
2625 4022 2669 4076 δ’
2698 4022 2784 4077 ὅδε
2826 4023 3017 4095 μῦθος,
3052 4022 3112 4076 δν
3152 4023 3428 4095 ἀμϐροσίῃ
3458 4022 3556 4077 τινὶ
3579 4020 3708 4088 φωνῇ

2169 4114 2367 4179 Πιστὸς
2417 4115 2666 4185 Ἰωάννης
2691 4116 3018 4187 ἐτυμόθροος
3044 4115 3231 4171 ἔννεπε
3260 4115 3453 4188 κήρυξ,

2174 4204 2225 4274 7
2270 4204 2535 4275 Ἐϐραίων
2570 4205 2655 4258 ὅτε
2680 4205 2807 4269 λαὸς
2836 4206 3108 4278 ἐρημάδος
3135 4208 3211 4270 είς
3233 4208 3391 4277 ῥάχιν
3407 4206 3531 4276 ὕλης

2170 4296 2401 4361 Λευῒτας
2433 4296 2711 4367 προΐαλλε,
2736 4296 2828 4350 καὶ
2853 4297 3165 4369 ἀγρύπνους
3191 4297 3403 4368 ἱερῆας,

1692 4453 1875 4511 ΤΕΧΤ
1885 4458 1970 4514 US
2008 4462 2539 4526 EVANGELISTAS.

554 4592 588 4647 9
608 4588 798 4688 ζῆν-τὸ
824 4592 940 4663 φῶς
957 4592 1016 4688 τὸ
1047 4591 1320 4688 ἀληθινὸν,
1346 4592 1375 4647 ὃ
1402 4593 1624 4663 φωτίζει
1652 4596 1829 4654 πάντα
1856 4600 2066 4675 ἀνθρω-
2097 4630 2141 4686 ι)
2170 4611 2507 4682 Μονογενοῦς
2535 4613 2685 4687 παρά
2727 4614 2962 4687 Πατρὸς)
2993 4614 3205 4688 πλήρης
3241 4616 3463 4688 χάριτος
3492 4615 3574 4670 καὶ
3597 4612 3705 4680 alq-

482 4695 584 4733 πον
608 4678 905 4749 ἐρχόμενον
932 4678 1012 4741 είς
1040 4676 1132 4731 τὸν
1160 4678 1388 4749 κόσμον.

555 4775 622 4830 10
667 4774 754 4826 Ἑν
786 4773 865 4843 τῷ
895 4774 1083 4845 κόσμῳ
1108 4770 1199 4845 ἦν,
1233 4775 1327 4829 καὶ
1360 4775 1390 4828 ό
1424 4772 1625 4844 κόσμος
1653 4774 1720 4830 δι’
1748 4777 1915 4834 αὐτοῦ
1942 4782 2063 4851 ἐγέ-

484 4874 629 4911 νετο’
664 4856 757 4909 καὶ¹
784 4858 813 4908 ὁ
836 4856 1039 4925 κόσμος
1059 4858 1219 4911 αὐτὸν
1241 4860 1342 4913 οὐκ
1377 4859 1537 4929 ἔγνω.

554 4954 612 5006 11
638 4953 732 5015 El;
748 4951 813 5004 τά
834 4951 939 5004 ίδια
953 4947 1106 5021 ἦλθε,
1134 4956 1228 5007 καὶ
1249 4956 1296 5007 οἱ
1322 4955 1441 5008 ἴδιοι
1470 4958 1631 5011 αὐτὸν
1654 4962 1715 5012 οὐ
1736 4961 2062 5034 παρέλαϐον’

554 5048 623 5102 12
659 5048 811 5101 Ὅσοι
839 5047 895 5100 δὲ
923 5047 1114 5102 ἔλαϐον
1143 5049 1326 5114 αὑτὸν,
1368 5051 1567 5105 ἔδωκεν
1596 5055 1777 5120 αὐτοῖς
1814 5058 2064 5123 ἐξουσίαν

486 5130 650 5186 τέκνα
670 5132 803 5185 Θεοῦ
827 5130 1100 5200 γενέσθαι,
1151 5136 1265 5197 τοῖς
1304 5134 1653 5190 πιστεύουσιν
1696 5141 1775 5204 εἰς
1806 5142 1868 5196 τὸ
1896 5143 2067 5217 ὄνομα

484 5214 647 5266 αὐτοῦ
660 5232 672 5244 ’

555 5309 625 5397 15
654 5309 715 5397 Di
749 5312 848 5397 οὐκ
878 5312 937 5377 ἐξ
962 5313 1231 5384 αἱμάτων,
1264 5315 1387 5369 οὐδέ
1420 5318 1484 5370 ἐκ
1506 5317 1814 5393 Θελήματος
1844 5326 2064 5397 σαρκὸς,

482 5392 601 5479 οὐδὲ
652 5394 716 5447 ἐκ
766 5394 1068 5467 Θελήματος
1130 5398 1342 5470 ἀνδρὸς,
1400 5400 1515 5454 ἀλλ’
1558 5392 1798 5460 ἐκνΘεοῦ
1842 5392 2067 5479 ἐγεννή-

485 5473 678 5548 Θησαν.

555 5571 624 5625 14
656 5573 762 5625 Kal
803 5575 832 5625 ὁ
880 5575 1049 5643 Λόγος
1079 5576 1214 5645 σάρξ
1242 5578 1459 5643 ἐγένετο
1483 5621 1497 5642 ,
1550 5582 1644 5633 καὶ
1671 5584 1977 5654 ἐσκήνωσεν
2006 5585 2062 5635 ἐν

483 5652 617 5724 ἡμῖν
670 5654 785 5722 (καὶ
849 5657 1189 5727 ἐθεασάμεθα
1242 5660 1343 5728 τὴν
1379 5660 1535 5724 δόξαν
1570 5664 1759 5728 αὑτοῦ,
1791 5652 1947 5730 δόξαν
1988 5664 2063 5728 ὡς

2094 4756 2097 4761 η
2171 4692 2338 4758 Θείας.

2244 4777 2311 4832 15
2358 4778 2611 4851 Ἰωάννης
2640 4785 2907 4854 μαρτυρεῖ
2939 4783 3067 4854 περὶ
3113 4782 3310 4848 αὐτοῦ,
3350 4783 3444 4838 καὶ
3480 4780 3699 4852 κέκραγε.

2170 4858 2343 4931 λέγων
2366 4876 2377 4890 ⁸
2411 4856 2576 4927 Οὗτος
2601 4860 2667 4935 ἦν
2694 4865 2752 4917 ὃν
2786 4860 2938 4919 εἷπον
2957 4883 2969 4899 ·
3013 4866 3071 4919 '0
3092 4867 3266 4920 ὀπίσω
3298 4884 3400 4937 μου
3429 4864 3698 4937 ἐρχόμενος,

2171 4944 2479 5017 ἔμπροσθέν
2521 4964 2621 5017 μου
2650 4948 2870 5017 γέγονεν
2896 4966 2909 4979 ·
2935 4950 3015 5002 ὃτι
3044 4950 3260 5021 πρῶτός
3291 4967 3394 5021 μου
3414 4945 3499 5019 ἦν.

2246 5029 2311 5083 16
2331 5030 2437 5081 Kal
2464 5031 2527 5080 ἐκ
2541 5030 2632 5082 τοῦ
2658 5031 3024 5103 πληρώματος
3041 5032 3203 5086 αὐτοῦ
3227 5035 3387 5103 ἡμεῖς
3406 5033 3590 5092 πάντες
3610 5022 3702 5079 ἐλά·

2173 5113 2359 5181 ὁομεν,
2381 5112 2474 5163 καὶ
2495 5113 2653 5182 χάριν
2683 5115 2806 5168 ἀντὶ
2831 5116 3071 5186 χάριτος.

2249 5193 2311 5246 t7
2342 5191 2464 5244 Ὅτι
2492 5195 2519 5245 ό
2538 5194 2701 5265 νόμος
2731 5196 2819 5249 διὰ
2852 5198 3096 5262 Μωσέως
3122 5198 3306 5268 ἐδόΘη’
3342 5198 3549 5271 napi;
3574 5190 3701 5256 καὶή

2169 5274 2394 5346 ἀλήθεια
2420 5274 2507 5327 διὰ
2549 5276 2722 5345 Ἰησοῦ
2750 5280 2987 5350 Χριστοῦ
3012 5282 3247 5348 ἐγένετο.

2242 5356 2303 5410 18
2324 5356 2454 5410 Θεὸν
2480 5359 2649 5422 οὐδεὶς
2676 5361 2887 5432 ἑώρακε
2928 5362 3145 5417 πώποτε
3163 5378 3175 5393 ο
3210 5363 3238 5415 ὁ
3269 5361 3551 5434 μονογενὴς
3579 5354 3702 5416 Υἱὸς,

2166 5443 2194 5493 ό
2227 5439 2302 5492 ὢν
2324 5441 2401 5503 είς
2421 5441 2515 5495 τὸν
2541 5442 2741 5495 κόλπον
2762 5445 2857 5496 τοῦ
2901 5447 3134 5517 Πατρὸς,
3165 5448 3372 5510 ἐκεῖνος
3417 5444 3703 5515 ἐξηγήσατο·

2242 5523 2307 5578 19
2336 5524 2444 5577 Kal
2478 5524 2615 5597 αὕτη
2657 5527 2806 5579 ἐστὶν
2848 5529 2880 5598 ή
2915 5530 3191 5600 μαρτυρία
3219 5528 3314 5582 τοῦ
3355 5528 3606 5587 Ἰωάννου,

2167 5605 2493 5661 ἀπέστειλαν
2532 5610 2579 5661 οἱ
2606 5595 2879 5662 Ἰουδαῖοί
2917 5595 3416 5683 “ὲξ”1εροσολύμων
3453 5609 3605 5682 ἱερεῖς
3626 5595 3709 5657 ιαὶ

2169 5690 2419 5757 Λευῒτας,
2446 5692 2532 5747 ἵνα
2568 5694 2913 5764 ἐρωτήσωσιν
2939 5694 3100 5749 αὐτόν
3121 5711 3133 5725 ·
3167 5695 3238 5749 Σὺ
3267 5695 3351 5761 τίς
3379 5688 3452 5762 ei;
