3956 6202
201 327 312 381 755

200 434 339 508 ’ῌχι
379 432 557 503 φυγάς
593 434 850 507 μερόπων
879 435 1222 508 μετανάστης
1249 438 1421 509 ᾧκεεν
1449 440 1588 511 ἀνὴρ

212 526 426 580 Ἐνδιον
459 524 781 598 αὐτόρριζον
801 527 1149 598 ὀρεσσαύλοιο
1175 529 1466 601 μελάθρου.

189 617 539 672 Μυστιπόλοι
566 616 609 669 δ’
630 617 865 688 ἐρέεινον
889 618 1152 689 όμήλυδες
1177 621 1288 687 ὀξέϊ
1312 620 1497 691 μύθῳ·

188 709 373 773 Τίςσῦ
388 709 603 775 πέλεις;
630 710 703 781 μὴ
724 711 767 763 Χ
775 710 955 781 ριστὸς
972 712 1104 781 ἔφυς
1120 728 1135 777 ;
1149 713 1218 767 20
1232 713 1341 766 Καὶ
1356 713 1610 784 ἀμοιϐάδι
1634 716 1785 785 φωνῇ

188 796 358 863 Εἷπε,
396 800 490 853 καῖ⁵
506 800 606 853 ούκ
633 800 860 872 ἔκρυψε,
890 803 984 855 καὶ
1005 802 1104 856 οὐκ
1129 804 1405 875 ἠρνήσατο
1433 804 1608 875 κήρυξ
1628 820 1641 835 ο

188 889 438 962 Χριστὸς
457 889 591 954 ἄναξ
616 890 715 943 οὐκ
733 890 867 961 εἰμί.
898 891 960 945 21
984 892 1092 945 Καὶ
1119 893 1386 964 Ἐϐραίων
1403 895 1560 965 χορὸς
1578 893 1774 966 ἀνδρῶ,

191 981 494 1053 Πόμπιμος
520 980 698 1034 ἔνθεον
734 980 902 1055 ἄνδρα
927 980 1238 1054 τοδεύτερον
1266 985 1430 1056 ἤρετο
1456 984 1631 1055 μύθῳ·

189 1073 362 1139 Είπὲ,
412 1074 497 1138 τίς
522 1069 616 1128 οὖν
659 1073 723 1126 σὺ
759 1073 981 1139 πέλεις;
1025 1073 1333 1138 Θεσϐίτιδος
1360 1076 1523 1140 ἀστὸς
1548 1076 1789 1149 ἀρούρης

202 1166 401 1229 Ἠλίας
438 1165 675 1235 ὲφάνης;
703 1163 796 1217 καὶ
819 1164 1059 1235 ἀνίαχεν⁶
1091 1165 1165 1219 Οὐ
1201 1166 1543 1238 μετανάστης

197 1258 445 1328 ὀψιμος
477 1257 665 1321 Ἠλίας
698 1256 1085 1328 παλινόστιμος
1114 1258 1194 1321 είς
1222 1257 1386 1329 χθόνα
1416 1258 1605 1329 βαίνω.

193 1350 313 1402 Καὶ
344 1348 554 1420 θρασὺς
580 1347 748 1419 ἑσμὸς
773 1348 953 1401 έειπεν
974 1349 1345 1404 ἀνιπτοπόδων
1378 1350 1599 1423 ίερήων’

193 1440 293 1511 Μὴ
326 1439 395 1493 σύ
431 1458 545 1511 μοι,
585 1438 646 1493 ὃν
670 1438 949 1505 καλέουσι,
977 1439 1239 1513 θεηγόρος
1258 1441 1378 1495 ὲσσὶ
1409 1443 1716 1515 προφήτης,

198 1529 474 1598 Ἀγγελος
507 1527 970 1599 ὲσσομένων;Κα“ι
996 1529 1258 1601 ἀμείϐετο
1285 1531 1462 1600 δίζυγι
1497 1532 1675 1605 μύθῳ·

194 1623 277 1675 Ού
312 1621 462 1675 πέλω
504 1620 712 1687 Ἠλίας,
735 1621 795 1674 ού
819 1619 1073 1684 θέσκελός
1097 1622 1211 1692 είμι
1236 1625 1541 1693 προφήτης.

194 1712 272 1767 22
302 1713 418 1767 Καὶ
450 1711 612 1765 πάλιν
642 1710 809 1781 ἐσμὸς
833 1710 984 1765 ἔειπε
1018 1710 1324 1784 θεοκλήτων
1352 1714 1571 1785 ίερήων’

199 1804 299 1867 Τίς
328 1802 593 1867 τελέθεις,
619 1803 705 1855 Eva
729 1804 895 1856 πᾶσιν
922 1804 1347 1875 άπαγγείλωμεν
1376 1805 1544 1869 ἰόντες

217 1892 470 1964 ’Δνδράσι
499 1890 903 1962 μυστιπόλοισιν
923 1892 1216 1963 ἀμοιϐαίην
1240 1891 1331 1946 σέο
1364 1894 1549 1965 φωνὴν
1567 1933 1582 1959 ,

228 1984 439 2055 Ἢμέας
467 1983 516 2035 οἳ
547 1982 823 2053 προέηκαν
850 1981 1125 2052 ἀελλήεντι
1158 1982 1356 2053 πεδίλῳ

214 2077 377 2147 Δεῦρο
412 2076 595 2147 μολεῖν
619 2092 634 2141 ;
663 2076 726 2129 σὺ
756 2074 813 2128 δὲ
844 2078 994 2129 ποῖον
1018 2074 1149 2139 ἔπος
1182 2076 1496 2144 φιλοπευθέῑ
1525 2074 1638 2145 λαῷ

222 2168 391 2239 Ἀμφὶ
419 2167 573 2220 σέθεν
598 2165 807 2231 λέξειας
835 2184 848 2232 ;
875 2167 947 2221 25
984 2167 1042 2220 '0
1071 2167 1148 2233 δὲ,
1176 2165 1376 2237 ζαθέης
1406 2166 1513 2220 ἀπὸ
1544 2167 1725 2237 βίϐλου

220 2258 443 2328 Ἀνέρος
471 2257 804 2330 ἀρχεγόνοιο,
833 2257 1119 2311 θεόσσυτον
1148 2256 1266 2328 ἴαχε
1300 2260 1504 2328 φωνήν·
1591 2278 1593 2281 ν

206 2350 365 2421 Φωνὴ
388 2350 501 2417 ἐγὼ
522 2349 782 2419 βοόωντος
806 2350 904 2421 ἒρη
914 2349 1078 2420 μάδος
1107 2348 1280 2403 ἔνδοθι
1304 2348 1532 2421 πέτρης,

208 2439 380 2512 οἷμον
407 2441 762 2512 ὀφειλομένην
792 2440 1006 2494 ίθύνατε
1038 2441 1447 2512 Παμϐασιλῆος,

207 2534 316 2586 Καί
345 2536 402 2587 oi.
426 2533 747 2602 δτοιμοτάτη
775 2532 983 2586 πελέτω
1013 2532 1217 2603 τρίϐος,
1254 2532 1328 2597 ὡς
1360 2532 1438 2583 ἐνὶ
1471 2529 1637 2601 βίϐλῳ

221 2625 456 2685 Ἡσαΐας
488 2622 762 2693 πολύϊδρις
791 2622 1057 2692 ἐνέγραφε
1094 2621 1306 2676 θέσπιδι
1335 2621 1515 2693 βίϐλῳ.

210 2716 278 2770 28
308 2718 427 2769 Καὶ
472 2716 628 2787 χορὸς
669 2715 825 2778 ἄλλος
863 2716 1087 2779 ἄπιστος
1118 2714 1461 2785 ἀμαρτινόων
1494 2712 1803 2784 Φαρισαίων

210 2811 280 2865 25
313 2810 599 2881 Πέμπετο,
622 2810 714 2862 καὶ
742 2810 904 2879 σοφὸν
941 2809 1110 2880 ἄνδρα
1142 2808 1400 2879 θεηγόρον
1424 2808 1587 2879 ἡρετο
1620 2806 1801 2877 μύθῳ·

211 2904 320 2957 Καὶ
358 2903 430 2955 σὺ
474 2902 527 2954 τί
555 2901 866 2971 βαπτίζειςς
912 2902 1073 2956 πόθεν
1112 2900 1265 2954 ὕδατι
1296 2900 1451 2969 φῶτα
1485 2898 1803 2969 καθαίρεις,

213 2995 274 3048 El
314 2994 397 3065 μὴ
428 2992 662 3063 Χριστὸς
690 2992 822 3063 ἔφυς
852 2992 1134 3063 ὑψίζυγος,
1160 2991 1280 3044 οὐδὲ
1312 2992 1375 3045 σὺ
1400 2990 1591 3062 δίφρου

214 3088 508 3159 Ἅρπαγος
549 3085 736 3148 Ἠλίας
765 3084 965 3156 ἐλατὴρ
1000 3083 1192 3154 πυρὸς,
1227 3083 1347 3136 οὐδὲ
1378 3083 1662 3153 προφήτης

214 3180 500 3250 Πνεύματι
534 3176 857 3247 παφλάζων,
893 3176 1154 3239 θεοδινέος
1180 3175 1376 3243 ἔγκυος
1411 3174 1631 3245 όμφῆς;

211 3271 279 3325 26
328 3268 451 3322 Καί
481 3285 631 3337 σφισι
665 3266 1017 3338 πευθομένοις
1046 3266 1172 3329 ἔπος
1206 3266 1324 3335 ίαχε
1360 3264 1613 3327 θέσκελος
1640 3265 1801 3337 ἀνήρ’

212 3364 268 3432 8
298 3361 517 3433 Ὑμέας
540 3359 701 3423 αὐτὸς
728 3359 911 3413 ἵκανον
937 3357 1046 3426 ἐγὼ
1072 3357 1328 3429 καθαροῖο
1357 3356 1578 3428 λοετροῦ

218 3456 413 3509 Ὕδατι
460 3451 736 3523 βαπτίζων
757 3469 769 3481 ⁸
796 3451 863 3505 27
908 3450 1003 3504 καὶ
1038 3450 1326 3521 ὀπίστερος
1358 3450 1507 3511 ὅστις
1539 3449 1735 3511 ἱκάνει,

220 3548 471 3618 Σήμερον
504 3545 709 3616 ὑμείων
741 3545 905 3616 μέσος
934 3544 1171 3606 ἵσταται,
1206 3535 1267 3595 οὗ
1301 3541 1458 3605 ποδὸς
1484 3541 1679 3611 ἄκρου,

233 3636 566 3709 Ἀνδρομέην
593 3635 854 3707 παλάμην
877 3636 982 3689 οὐκ
1014 3633 1161 3698 ἄξιός
1186 3635 1301 3703 εἰμι
1331 3631 1627 3694 πελάσσας,

224 3729 391 3783 Λύσαι
430 3728 626 3799 μοῦνον
664 3728 862 3799 ἱμάντα
892 3725 1272 3780 θεοπνεύστοιο
1292 3724 1531 3777 πεδίλου.

223 3824 287 3878 28
312 3822 595 3893 Βηθανίης
617 3821 747 3873 πέλε
768 3820 939 3874 ταῦτα
966 3818 1211 3882 θεουδέος
1238 3818 1406 3887 ἐγγὺς
1428 3814 1691 3888 ἀρούρης,

226 3915 516 3985 Χεύματος
546 3910 911 3983 ἀντιπέρηθεν
954 3910 1240 3982 Ἰορδανίου
1276 3910 1559 3978 ποταμοῖο.

224 4006 289 4061 29
331 4004 482 4061 Ἀλλ’
512 4006 602 4059 ὅτε
629 4004 693 4075 δὴ
719 4004 916 4075 δρόμον
956 4003 1113 4058 ἄλλον
1138 4002 1396 4074 ἑκηϐόλος
1434 4001 1641 4071 ἤγαγεν
1674 3996 1810 4068 ἠὼς,

238 4098 429 4167 Ἀγνδς
470 4098 725 4168 Ἰωάννης
747 4095 1019 4150 ἀντώπιον
1052 4095 1210 4167 ὄμμα
1238 4093 1515 4159 τιταίνων,

241 4190 453 4261 Ἰησοῦν
486 4189 678 4258 ἐνόησε
705 4205 717 4219 ·
752 4188 845 4242 καὶ
868 4186 1253 4258 ἀγχικέλευθον
1288 4186 1455 4248 ἰόντα,

233 4282 507 4339 Δάκτυλον
540 4279 813 4353 όρθώσας,
836 4279 1145 4335 ἐπεδείκνυε
1176 4276 1412 4349 μάρτυρι
1450 4273 1564 4344 λαῴ
1588 4288 1603 4304 ’

1155 326 1640 385 ΡΑιιΑΡιιιιΑεοιδ
1677 328 1746 385 ΙΝ
1783 330 2123 389 JOANNEM.
2163 363 2232 373 -—
2270 331 2425 388 CAP.
2470 330 2510 387 1.

3359 331 3477 389 754·

1814 460 1857 513 Α
1891 445 2084 516 vigiles
2113 444 2449 507 sacerdotes,
2478 444 2577 499 Ubi
2606 442 2870 513 profugus
2891 442 3170 497 hominum
3192 444 3347 499 exsul
3367 444 3475 500 har

1890 549 2087 603 bitavit
2125 548 2209 603 vir
2253 548 2597 603 Domi'cilium
2648 548 2763 603 suis
2803 546 3080 601 radicibus
3121 556 3464 602 exstructum

1890 662 2163 708 moutanm
2195 653 2417 708 domus.
2442 651 2690 706 Sacriﬁci
2732 667 2862 707 vero
2896 652 3302 722 interrogarunt
3332 669 3466 707 con—

1890 757 2099 827 gregali
2128 757 2292 813 celeri
2322 772 2575 812 sermone
2608 775 2620 810 :
2662 756 2796 821 Quis
2831 764 2887 809 tu
2921 756 3015 811 es?
3051 772 3182 810 num
3210 757 3467 812 Christus
3505 778 3515 787 ·

1886 863 1985 917 es?
2008 861 2078 915 20
2110 862 2175 916 Et
2205 862 2525 931 responsiva
2562 877 2695 916 voce
2724 860 2891 924 Dixit,
2920 867 2975 915 et
3004 875 3112 914 non
3146 859 3465 923 occultavit,

1888 973 1942 1017 et
1974 979 2081 1017 non
2122 965 2337 1034 negavit
2371 980 2549 1035 praeco
2591 983 2603 1019 :
2644 964 2899 1020 Christus
2946 980 3040 1019 rex
3073 979 3179 1019 non
3222 980 3366 1019 sum.
3398 964 3464 1019 21

1889 1063 1953 1119 Ει
1986 1064 2334 1121 Hebraeorum
2364 1074 2542 1123 cretus
2573 1066 2817 1121 virorum
2845 1065 3048 1121 Missus
3104 1067 3351 1121 divinum
3386 1066 3470 1120 vi-

1889 1185 2009 1223 rum
2052 1170 2251 1223 iterum
2287 1169 2643 1242 interrogavit
2672 1170 2883 1225 verbo:
2916 1170 3015 1225 Dic
3050 1170 3175 1240 quis
3212 1170 3378 1241 igitur
3412 1178 3469 1224 tu

1888 1274 1970 1315 es.
2006 1258 2337 1316 Thesbiticze
2375 1262 2513 1316 civis
2540 1272 2699 1316 terra:
2736 1259 2888 1315 Elias
2924 1261 3265 1331 apparuisti?
3293 1262 3357 1316 Et
3383 1275 3470 1315 re-

1889 1352 2113 1422 spondit
2155 1370 2169 1406 :
2218 1352 2338 1408 Non
2383 1354 2707 1424 peregrinus
2730 1353 2901 1408 Serus
2948 1351 3095 1407 Elias
3134 1366 3387 1407 reversus
3415 1351 3475 1405 in

1888 1446 2090 1496 terram
2127 1442 2309 1498 venio.
2348 1442 2414 1496 Et
2455 1442 2634 1497 audax
2680 1449 2861 1497 cattus
2902 1442 3040 1497 dixit
3085 1442 3268 1498 illotos
3309 1444 3479 1512 pedes

1890 1532 2209 1588 habentium
2247 1533 2595 1589 sacerdotum
2630 1531 2806 1589 :Num
2838 1534 3244 1602 tumibiquem
3278 1541 3478 1588 vocant

1888 1621 2261 1692 diviniloquus
2293 1639 2353 1679 es
2393 1621 2677 1693 pr0pbeta,
2719 1621 2960 1677 Nuntius
3021 1622 3367 1676 futurorum?
3412 1621 3479 1675 Et

1891 1714 2173 1783 respondit
2252 1714 2457 1787 duplici
2518 1731 2774 1771 sermone
2828 1733 2841 1770 :
2895 1717 3015 1771 Non
3088 1731 3210 1771 sum
3285 1714 3469 1773 Elias.

1820 1791 1996 1857 Bnon
2047 1804 2264 1861 divinus
2316 1823 2435 1863 sum
2495 1808 2777 1879 propheta.
2830 1809 2901 1863 22
2950 1809 3016 1861 Et
3071 1823 3264 1862 rursus
3322 1808 3480 1862 turba

1896 1892 2036 1948 dixit
2073 1895 2341 1953 divinitus
2366 1908 2685 1954 vocatorum
2716 1899 3067 1955 sacerdotum
3094 1918 3108 1953 :
3141 1898 3277 1964 Quis
3307 1915 3389 1963 es,
3421 1909 3482 1953 ut

1896 1986 2152 2042 omnibus
2199 1990 2591 2045 annuntiemus
2638 1997 2834 2045 euntes
2883 1988 3029 2043 Viris
3080 1988 3348 2044 sacriﬁcis
3391 2004 3480 2043 re-

1896 2080 2211 2147 sponsivam
2257 2088 2404 2133 tuam
2441 2065 2652 2147 vocem,
2693 2080 2804 2135 Nos
2834 2080 2927 2151 qui
2959 2081 3347 2151 praamiserunt
3388 2094 3481 2133 vc-

1897 2168 2001 2223 loci
2024 2171 2157 2238 pede
2186 2169 2302 2225 lluc
2333 2171 2555 2226 venire?
2585 2179 2639 2224 tu
2688 2187 2817 2227 vero
2852 2172 3012 2241 quale
3037 2170 3260 2225 verbum
3284 2168 3481 2225 scisci-

1900 2261 2039 2314 tanti
2074 2263 2275 2330 populo
2318 2261 2392 2318 De
2422 2271 2476 2318 te
2526 2262 2770 2319 dixeris?
2808 2263 2880 2317 23
2915 2260 3007 2317 ille
3034 2276 3163 2316 vero
3194 2260 3385 2315 divino
3415 2276 3484 2315 ex

1897 2351 2037 2406 libro
2080 2352 2194 2407 Viri
2219 2353 2384 2423 prisci
2433 2368 2464 2406 a
2517 2352 2626 2407 Deo
2673 2354 2961 2422 impulsam
3007 2351 3194 2407 sonuit
3226 2366 3421 2404 vocem
3466 2369 3479 2404 :

1900 2440 2017 2496 Vox
2050 2457 2150 2511 ego
2180 2443 2471 2498 clamantis
2514 2442 2732 2498 deserta
2764 2442 2816 2496 in
2855 2450 3031 2511 petra,
3063 2439 3215 2494 Viam
3243 2439 3484 2495 debitam

1901 2533 2121 2605 dirigite
2163 2532 2409 2588 omnium
2440 2532 2626 2603 Regis,
2663 2530 2728 2586 Et
2749 2532 2797 2589 ei
2836 2534 3183 2603 paratissima
3216 2534 3289 2589 sit
3316 2533 3482 2588 semi-

1906 2632 1961 2677 ta
1990 2644 2002 2680 :
2039 2627 2182 2681 sicut
2210 2624 2351 2679 libro
2374 2623 2565 2679 Esaias
2590 2624 2900 2679 multiscius
2931 2624 3155 2695 scripsit
3189 2624 3242 2678 in
3274 2624 3482 2678 divino.

1902 2717 1974 2771 24
2006 2716 2070 2771 Et
2091 2725 2269 2772 curtus
2294 2717 2437 2771 alius
2460 2716 2779 2771 incredulus
2806 2726 2989 2772 mente
3016 2718 3318 2771 errantium
3341 2715 3486 2769 Pba-

1904 2807 2189 2862 rismorum
2221 2808 2292 2862 25
2336 2806 2671 2872 Mittebatur,
2703 2815 2757 2861 et
2783 2812 3083 2877 sapientem
3120 2808 3297 2860 virum
3332 2807 3487 2861 theo-

1906 2899 2092 2969 legum
2145 2898 2375 2969 rogabat
2416 2899 2603 2961 verbo,
2643 2897 2708 2951 Et
2762 2906 2822 2951 tu
2864 2912 2963 2950 cur
3005 2896 3291 2967 baptizas?
3342 2896 3488 2951 unde

1907 3005 2049 3061 aqua
2095 2990 2367 3045 hominem
2419 2989 2786 3054 muudiﬁcas,
2848 2988 2905 3043 Si
2964 3006 3077 3044 non
3129 2990 3385 3045 Christus
3426 3006 3489 3045 es

1908 3084 2193 3154 altijugus,
2242 3098 2421 3152 neque
2472 3092 2529 3137 tu
2580 3097 2781 3136 currus
2830 3080 3027 3151 Rapidi
3080 3081 3228 3137 Elias
3296 3083 3489 3151 auriga

1911 3177 2075 3248 ignis,
2104 3192 2283 3246 neque
2305 3176 2567 3246 pmpheta
2593 3173 2800 3244 Spiritu
2831 3174 3069 3235 fervens.
3100 3174 3287 3228 divina
3312 3174 3494 3242 reple-

1907 3276 1997 3323 tus
2020 3268 2195 3323 voce?
2226 3268 2297 3322 26
2324 3266 2388 3320 Et
2410 3268 2541 3337 ipsis
2562 3266 3030 3336 interrogantibus
3054 3266 3281 3321 verbum
3307 3266 3493 3321 sonuit

1908 3359 2127 3413 divinus
2160 3358 2217 3428 9
2259 3358 2376 3413 vir:
2413 3358 2492 3412 Ad
2522 3374 2618 3413 vos
2660 3358 2776 3427 ipse
2810 3358 2931 3411 veni
2979 3374 3080 3427 ego
3128 3357 3248 3426 puri
3284 3357 3493 3410 lavacri

1909 3452 2064 3520 Aqua
2093 3450 2378 3520 baptizaus
2408 3468 2420 3503 :
2448 3450 2521 3503 27
2555 3449 2651 3505 sed
2684 3451 2955 3520 posterior
2986 3451 3081 3519 qui
3115 3450 3283 3513 venit,
3324 3448 3495 3502 Ilodie

1910 3542 2054 3597 inter
2081 3558 2179 3597 vos
2224 3542 2440 3597 medius
2490 3536 2633 3607 stat;
2669 3542 2829 3611 cujus
2861 3541 2928 3595 ad
2972 3556 3248 3595 summum
3301 3541 3494 3609 pedem

1912 3628 2218 3687 Humanam
2251 3646 2471 3685 manum
2507 3646 2617 3684 non
2649 3631 2848 3700 dignus
2877 3646 2999 3684 sum
3041 3630 3337 3684 admovens
3371 3630 3494 3683 Sol-

1912 3737 2040 3777 vere
2073 3730 2281 3775 tautum
2329 3722 2598 3791 corrigias
2632 3720 2801 3774 divini
2836 3719 3026 3774 calcei.
3072 3717 3143 3773 28
3177 3718 3497 3775 Betbabarze

1914 3813 2117 3867 ﬁebant
2143 3812 2257 3866 hac
2300 3811 2541 3865 divinam
2580 3826 2747 3881 prope
2788 3818 3014 3876 terram,
3047 3809 3255 3865 Fluxus
3299 3826 3363 3864 ex
3394 3810 3498 3873 all-

1914 3916 2078 3956 verso
2108 3899 2336 3954 Jordani
2372 3898 2633 3954 ﬂuminis.
2684 3898 2754 3953 29
2800 3897 2905 3951 Sed
2936 3913 3059 3952 cum
3105 3912 3238 3951 sane
3270 3911 3495 3951 Cursum

1915 3994 2084 4048 alim
2137 3992 2328 4063 procul
2372 3992 2627 4061 jaeulaus
2670 3989 2985 4045 adduxisset
3028 4004 3250 4054 aurora,
3297 3989 3500 4042 Castus

1914 4085 2156 4143 Joannes
2180 4085 2491 4156 oppositum
2512 4084 2733 4136 oculum
2757 4080 3011 4146 tendens,
3036 4079 3220 4135 Iesum
3252 4078 3499 4134 animad-

1920 4176 2105 4241 vertit,
2160 4184 2216 4232 ct
2268 4175 2509 4230 vicinum
2568 4172 2879 4236 vadentem,
2936 4172 3171 4244 Digitum
3234 4171 3497 4240 dirigens.

1920 4268 2246 4326 monstravit
2270 4268 2397 4324 testi
2420 4267 2657 4338 populo:
2684 4264 2824 4321 Ecce
2846 4266 3088 4321 omnium
3116 4263 3381 4336 genitoris
3405 4260 3502 4317 Dei

1435 4525 1718 4584 TEXTUS
1755 4516 2284 4581 EVANGELISTIE.

300 4746 371 4801 20
393 4744 508 4799 Kal.
524 4742 864 4814 ὡμολόγησε,
897 4741 991 4797 καὶ
1015 4740 1115 4795 οὐκ
1134 4740 1411 4812 ἠρνήσατο
1436 4756 1448 4770 ·
1486 4738 1579 4793 καὶ
1606 4736 1816 4809 ὡμολό-
1846 4736 1891 4793 ι)
1921 4733 2207 4805 προφήτης
2229 4748 2244 4795 ἱ

235 4844 399 4899 γησεν
423 4846 436 4858 ·
466 4830 574 4892 ὅτι,
612 4828 725 4881 Ούκ
752 4827 869 4898 εἰμὶ
895 4824 1006 4894 ἐγὼ
1030 4826 1060 4879 ὁ
1085 4823 1342 4895 Χριστός.

300 4912 363 4967 21
406 4912 521 4966 Καὶ
546 4910 837 4983 ἠρώτησαν
883 4909 1047 4963 αὐτόν
1070 4927 1084 4940 ο
1136 4906 1201 4960 Τί
1231 4902 1589 4983 οὖνλἪλίας
1639 4900 1691 4956 εῐ
1720 4902 1817 4967 σύ;

236 4995 343 5049 Kal.
368 4996 520 5064 λέγει
544 5012 555 5025 ’
592 4981 715 5048 ἡούκ
755 4994 891 5065 είμί.
933 4993 994 5046 '0
1026 4991 1310 5064 προφήτης
1336 4981 1387 5042 εἴ
1418 4986 1518 5051 σύ;
1551 4984 1655 5039 Καὶ
1681 4986 1821 5038 ἀπε-

240 5080 399 5150 κρίθη
424 5096 438 5109 ·
465 5076 565 5132 Οὔ.

1992 4796 2066 4870 2ϐ
2093 4796 2412 4882 ”Ᾰπεκρίθη
2479 4809 2661 4872 αὐτοῖς
2710 4810 2739 4861 ὁ
2780 4803 3053 4869 Ἰωάννης.
3091 4797 3305 4882 λέγων·
3358 4796 3505 4882 Ἰῐγὼ

1927 4896 2175 4970 βαπτίζω
2209 4897 2267 4947 ὲν
2290 4878 2475 4947 ύδατιο
2511 4892 2673 4963 μέσος
2699 4890 2757 4944 δὲ
2783 4888 2937 4957 ὑμῶν
2990 4883 3222 4952 ἔστηκεν
3248 4878 3309 4934 ὂν
3347 4880 3508 4951 ὑμεῖς

1924 4982 2023 5035 οὐκ
2048 4980 2223 5032 οἴδατε
2243 4994 2256 5007 ·

1994 5064 2062 5117 27
2077 5062 2246 5124 Αὐτός
2260 5061 2407 5113 ἐστιν
2431 5060 2458 5111 ὁ
2480 5057 2655 5110 ὀπίσω
2672 5073 2773 5127 μου
2796 5053 3110 5125 ἐρχόμενος,
3123 5050 3181 5111 ὃς
3199 5046 3505 5117 ἔμπροσθέν

305 5128 573 5215 ᾖιεῖπον
605 5154 699 5214 οὖν
739 5157 916 5230 αὐτῷ’
948 5158 1045 5221 Τίς
1070 5150 1158 5221 εἷς
1194 5156 1283 5209 ἶνα
1310 5152 1603 5223 ἀπόκρισιν
1640 5147 1822 5220 δῶμεν
1931 5164 2033 5217 μου
2073 5134 2433 5230 γέγονενχού
2599 5140 2700 5192 οὐκ
2728 5138 2845 5207 είμὶ
2877 5135 3025 5200 ἄξιος
3058 5134 3146 5186 ἵνα
3165 5132 3311 5184 λύσω
3339 5128 3505 5182 αὐτοῦ

242 5246 349 5306 τοῖς
380 5242 666 5313 πέμψασιν
692 5243 838 5313 ἡμᾶς
856 5259 869 5273 θ
899 5242 951 5294 τί
983 5240 1161 5308 λέγεις
1184 5238 1313 5309 περὶ
1339 5234 1565 5289 σεαυτοῦ
1590 5252 1604 5301 ;

309 5328 382 5381 23
405 5328 552 5396 Ἔφη
577 5342 591 5357 ⁸
637 5324 779 5394 Ἐγὼ
816 5323 969 5396 φωνὴ
1009 5323 1237 5394 βοῶντος
1264 5322 1322 5373 ὲν
1358 5322 1424 5390 τῇ
1460 5319 1674 5389 ἐρήμῳ,
1720 5315 1824 5368 Εὐ-

246 5406 439 5461 θύνατε
457 5409 557 5481 τὴν
587 5408 707 5462 ὁδὸν
726 5408 934 5480 Κυρίου
957 5424 970 5439 ο
1003 5404 1187 5469 καθὼς
1218 5399 1371 5457 εἶπεν
1403 5402 1630 5465 Ἠσαίας
1650 5402 1826 5470 όπροο

247 5492 443 5561 vimc-

313 5573 386 5626 24
418 5574 525 5628 Καὶ
556 5574 604 5627 οἱ
636 5573 1037 5643 ἀπεσταλμένοι
1065 5566 1204 5642 ἦσαν
1232 5569 1293 5621 ἐκ
1322 5568 1431 5621 τῶν
1472 5566 1782 5636 Φαρισαίων
1809 5582 1822 5597 ’

1926 5230 2018 5283 τὸν
2049 5228 2246 5299 ίμάντα
2275 5226 2368 5279 τού
2398 5223 2764 5292 ὑποδήματος.

2000 5293 2085 5367 28-
2110 5311 2297 5364 Ταῦτα
2322 5311 2379 5361 ὲν
2408 5305 2707 5376 Βηθαϐαρᾷ
2753 5302 2970 5371 ἐγένετο
3011 5297 3187 5367 πέραν
3220 5293 3315 5347 τοῦ
3374 5295 3511 5367 Ἰορ‹

1930 5397 2112 5458 δάνου,
2136 5395 2271 5447 ὅπου
2291 5388 2358 5461 ἦν
2392 5390 2643 5457 Ἰωάννης
2671 5384 2969 5456 βαπτίζων.

2001 5479 2071 5533 29
2100 5477 2181 5547 Τῇ
2213 5457 2471 5543 ἐπαύριον
2495 5470 2679 5540 βλέπει
2712 5471 2740 5521 ὁ
2780 5467 3031 5534 Ἰωάννης
3062 5460 3169 5547 τὸν*
3189 5457 3397 5547 Ἰησοῦν
3418 5460 3513 5547 Ep:

1934 5539 2180 5632 χόμενοεῖ
2206 5557 2341 5628 πρὸς
2359 5539 2370 5543 ’
2390 5539 2583 5614 αύτδν,
2635 5553 2728 5605 καὶ
2777 5550 2961 5632 λέγειξ
3016 5546 3122 5598 Ἴδε
3149 5544 3177 5596 ὁ
3205 5542 3375 5613 ἀμνὸς
3410 5539 3512 5595 τοῦ

312 5653 390 5706 25
414 5656 524 5709 Καὶ
551 5655 841 5728 ἠρώτησαν
875 5631 1058 5718 αὑτὸν,
1090 5631 1185 5707 καὶ
1234 5648 1387 5705 εἷπον
1416 5649 1563 5717 αύτῷ
1590 5668 1601 5677 ·
1636 5649 1701 5701 Τί
1731 5645 1824 5701 οὖν
1937 5646 2072 5697 θεοῦ
2107 5646 2132 5697 ὁ
2165 5642 2333 5714 αἴρων
2360 5637 2454 5710 τὴν
2481 5634 2753 5708 ἁμαρτίαν
2780 5632 2872 5687 τοῦ
2905 5631 3127 5701 κόσμον.

1298 5752 1307 5767 σ

258 5738 553 5811 βαπτίζεις,
575 5745 621 5793 tt
648 5742 711 5795 σὺ
741 5740 838 5793 οὐκ
865 5734 911 5793 εἷ
931 5740 958 5793 ό
990 5737 1244 5808 Χριστὸς,
1268 5734 1387 5789 οὒτε
1425 5734 1627 5797 Ἠλίας,
1656 5732 1775 5785 οὔτε
1803 5734 1830 5784 ὁ
