3956 6202
306 234 400 292 ’ῖῦῖ

1256 252 1736 314 PARAPIIRASIS
1779 259 1844 314 IN
1885 260 2231 320 JOANNEII.
2273 298 2334 306 -—
2383 265 2532 321 CAP.
2581 269 2617 321 I.

3467 276 3570 332 753

371 357 428 410 ιιι
453 355 563 409 Καί
590 372 672 421 τις
707 357 800 430 ἔην
827 359 884 423 ὃς
917 362 1099 417 ἵκανεν
1132 365 1240 420 ἔσω
1275 369 1626 442 θεοδέγμονος
1656 375 1822 446 αὐλῆς

2058 381 2121 434 41
2163 380 2223 434 Et
2259 383 2480 451 quidam
2525 389 2643 437 erat
2690 385 2778 452 qui
2820 386 2965 440 venit
3007 387 3058 440 in
3095 386 3263 443 Deum
3302 391 3566 461 recipien-

310 447 603 520 Ἀνδρείας,
639 451 895 521 μερόπων
924 453 1106 520 ἀλιεὺς
1130 458 1268 526 μετὰ
1307 461 1521 515 πόντιον
1554 467 1750 534 ἄγρην,

307 537 610 607 Ἰχθυϐόλοι)
642 540 885 611 Σίμωνος
911 544 1164 615 ἀδελφεός
1185 566 1199 579 ·
1231 547 1310 614 εἷς
1333 551 1390 604 δέ
1417 571 1500 616 τις
1527 554 1728 620 αὐτῶν,

292 624 402 689 Οὓς
440 626 572 690 Θεὸς
604 627 930 693 ὲξείνισσεν·
977 635 1227 690 Ἰωὰνναο
1253 638 1309 691 δὲ
1345 643 1530 713 φωνῆς

289 720 467 792 Ξυνῆς
499 723 757 778 εἰσαΐοντι
784 729 1126 801 συνέμπορος
1154 729 1252 804 ἦεν
1277 735 1498 807 ἑταίρῳ,
1525 743 1530 749 ’

303 811 656 883 ’Λγχιφανής⁸
693 816 894 886 Ἀμφω
924 819 979 871 δὲ
1013 823 1109 892 μιῇ
1137 823 1426 894 πειθήμονι
1463 825 1626 896 βουλῇ

287 901 514 972 Χριστῷ
535 904 942 976 ὲφωμάρτησαν
961 926 974 938 ·
1004 909 1074 963 42
1096 914 1123 964 6
1151 913 1269 982 μὲν,
1290 913 1596 985 πρώτιστον
1620 916 1847 979 ὁδεύων,

287 992 562 1058 Σύγγονον
591 993 842 1060 εὐώδινος
869 999 1212 1073 ὲρευνητῆρα
1247 1004 1524 1075 Θαλάσσης

286 1076 463 1155 Εὗρεν
494 1084 602 1148 ἑὸν,
629 1086 870 1156 Σίμωνα,
910 1091 1002 1142 καὶ
1027 1091 1250 1149 ἔννεπεν
1276 1096 1389 1162 ὀξέϊ
1421 1098 1592 1169 μύθῳ·

287 1174 554 1243 Σύγγονε,
578 1177 822 1231 Μεσσίαν
855 1180 1017 1250 σοφὸν
1046 1182 1300 1256 εὗρομεν,
1322 1187 1383 1251 ὃς
1413 1188 1545 1253 Θεὸς
1574 1191 1734 1261 ἀνὴρ.

281 1265 522 1336 Χριστὸς
557 1268 888 1323 Ἰουδαίοισιν
919 1273 1178 1328 ἀκούεται
1216 1277 1427 1333 Ἐλλάδι
1452 1285 1620 1352 φωνῇ.

281 1358 353 1410 45
394 1360 490 1421 Ὣς
519 1358 708 1424 εἰπὼν,
745 1362 1036 1431 ἐκόμισσεν
1077 1369 1329 1437 ὁμόγνιον
1361 1371 1486 1436 ὀξὺν
1515 1373 1696 1444 ὁδίτην

295 1450 506 1518 Ἰησοῦς
539 1450 620 1505 ὅθι
643 1456 778 1505 ναῖε·
812 1455 1092 1527 γαληναίῳ
1119 1460 1173 1512 δὲ
1211 1463 1487 1535 προσώπῳ

281 1537 522 1609 Χριστὸς
556 1542 679 1596 ίδὼν
699 1543 939 1614 Σίμωνα,
973 1550 1123 1620 σοφῷ
1157 1552 1430 1621 μειλίξατο
1457 1555 1633 1625 μύθῳ·

280 1634 413 1697 Υἱὸς
444 1635 696 1690 Ίωάνναο
719 1637 783 1690 σύ
809 1656 899 1708 μοι
926 1641 1118 1705 πέλες·
1155 1645 1274 1697 ἐσσὶ
1307 1646 1363 1699 δὲ
1398 1648 1600 1718 Σίμων,

280 1727 385 1796 12
407 1728 730 1800 Ἐργατίνης
759 1731 973 1786 πόντοιο
993 1751 1006 1763 ·
1038 1735 1100 1787 σύ
1130 1753 1221 1805 μοι
1254 1738 1550 1810 κικλήσκεο
1575 1743 1790 1811 Κηφᾶς.

276 1818 545 1890 Δεύτερον
575 1819 783 1890 οὕνομα
816 1823 934 1887 δέξο
963 1824 1248 1898 νεώτερον,
1281 1830 1474 1902 ἀνέρες
1510 1833 1656 1887 ἄλλοι

277 1909 490 1980 Πέτρον
516 1911 652 1982 ὅπερ
679 1912 992 1968 καλέουσιν·
1024 1918 1340 1991 ἐπωνυμίην
1369 1923 1425 1974 δὲ
1462 1924 1690 1994 καλύψει

280 2000 663 2072 Πρεσόυτέρην
704 2004 985 2073 Σίμωνος·
1047 2008 1347 2082 ὑπέρτερον
1389 2011 1594 2085 οὔνομα
1637 2016 1864 2088 Πέτρου,

277 2091 498 2154 llis-cm;
529 2091 800 2162 ἀρῤαγέος
834 2097 1087 2165 σημήϊον.
1113 2098 1183 2153 M
1207 2101 1346 2154 Ἀλλ’
1374 2102 1461 2154 ὅτε
1494 2105 1688 2172 γείτων

285 2182 631 2254 Ἀκροφανὴς
655 2184 938 2257 δροσερῇσι
975 2187 1160 2258 βολαῖς
1190 2193 1499 2264 πορφύρεεν
1531 2196 1663 2265 ἠὼς,

271 2272 484 2342 Ἰησοῦς
523 2275 658 2344 μετὰ
685 2276 855 2331 νύκτα
885 2278 1162 2334 λιπόσκιον
1191 2283 1348 2353 ἤθελε
1375 2285 1580 2354 βαίνειν

270 2363 364 2425 Εἰς
391 2364 547 2416 πόλιν
577 2365 802 2420 εὑώδινα
831 2369 1266 2442 τανυπλοκάμων
1300 2374 1614 2429 Γαλιλαίων.

270 2453 380 2505 Καὶ
412 2455 597 2524 σχεδον
613 2452 737 2527 εὗρε
761 2458 1027 2512 Φίλιππον
1045 2478 1057 2491 ·
1089 2463 1261 2528 Ἀναξ
1282 2465 1337 2517 δέ
1354 2483 1444 2536 μιν
1467 2465 1587 2519 εἷπε
1613 2469 1864 2536 γενέσθαι

269 2543 474 2597 Πιστδν
501 2547 586 2598 ἐὸν
621 2549 932 2614 συνάεθλον,
968 2552 1419 2608 ὸπισθοκέλευθον
1447 2557 1627 2629 όδίτην
1651 2578 1663 2592 ·
1787 2561 1794 2568 ’

269 2636 484 2690 Ἐσπεο
510 2638 600 2690 καὶ
649 2642 737 2702 σὺ,
773 2642 1025 2698 Φίλιππε.
1065 2645 1174 2698 Kal
1215 2647 1378 2699 είσέτι
1409 2648 1611 2719 θερμὸς
1653 2652 1863 2706 ἀκούων

267 2729 444 2784 Ούασι
481 2731 647 2801 μῦθον
678 2733 880 2797 ἔδεκτο,
905 2735 997 2786 καὶ
1024 2735 1226 2806 ἴχνεσιν
1259 2737 1460 2804 ἔφθασε
1491 2743 1702 2812 φωνήνς

333 2822 410 2876 45
434 2820 608 2893 Ξυνὴν
629 2823 671 2875 δ’
698 2819 810 2893 εἶχε
832 2824 1094 2890 Φίλιππος
1130 2827 1224 2897 έὴν
1251 2827 1525 2898 Βηθσαϊδὰ
1553 2832 1789 2904 πάτρην,

277 2913 562 2984 Ἀνδρείας
594 2914 676 2967 ὅθι
709 2917 875 2980 ναῖεν,
907 2916 1011 2989 ὅπη
1045 2917 1248 2988 Θρασὺς
1275 2918 1415 2989 ᾤκεε
1453 2921 1655 2992 Σίμων.

263 3002 330 3055 46
371 3003 667 3076 Ναθαναὴλ
700 3005 756 3058 δὲ
785 3005 1048 3071 Φίλιππος
1082 3006 1154 3079 ἑῷ
1189 3010 1463 3079 μειλίξατο
1495 3013 1670 3083 μύθῳ,

262 3093 461 3164 Εύρὼν
491 3095 807 3148 εύπετὰλοιο
842 3095 991 3148 κάτω
1022 3098 1199 3168 δρυός·
1246 3101 1341 3151 Ὃν
1374 3099 1534 3166 σοφὸς
1555 3101 1692 3171 ἀνὴρ

263 3184 478 3253 Μωσῆς
521 3184 898 3255 ἁρχιγένεθλος
929 3186 1207 3256 ἐπέγραερε
1248 3186 1462 3241 θέσπιδι
1498 3190 1681 3260 βίϐλῳ,

263 3274 545 3345 Εὖρομεν,
578 3276 636 3330 ὃν
664 3277 978 3347 σύμπαντες
1007 3280 1296 3350 ὀμορρήτῳ
1334 3281 1440 3332 τινὶ
1473 3280 1626 3352 μύθῳ

275 3367 628 3437 Ἐσσομένων
650 3370 890 3441 κήρυκες
917 3369 1287 3424 ἐπιστώσαντο
1314 3373 1589 3443 προφῆται

274 3458 514 3528 Ἰησοῦν,
545 3459 710 3511 ὁσίοιο
747 3460 1019 3532 βοώμενον
1054 3463 1167 3516 υίὺν
1212 3463 1428 3535 Ἰωσὴφ,

262 3551 524 3622 Ναζαρὲο
555 3553 813 3626 ναετῆρα,
849 3554 984 3607 Θεοῦ
1008 3556 1182 3624 γόνον.
1220 3557 1288 3609 47
1330 3559 1638 3630 Ἀγχιπόρῳ
1661 3559 1716 3612 δὲ

263 3642 566 3713 Ναθαναὴλ
595 3643 899 3713 ταχύμητις
928 3644 1057 3710 ἔπος
1083 3645 1284 3711 ξύνωσε
1311 3649 1561 3720 Φιλίππῳ
1589 3665 1600 3676 ·

264 3735 358 3787 Ἐκ
387 3732 654 3805 Ναζαρὲθ
685 3735 906 3789 δύναται
933 3736 1095 3791 καλὸν
1128 3737 1360 3808 ἔμμεναι
1386 3758 1399 3806 ;
1425 3741 1705 3814 Είρομένῳ
1727 3742 1782 3795 δὲ

261 3827 572 3896 Σύνδφμος
603 3823 720 3879 εἷπε
750 3829 1011 3891 Φίλιππος
1043 3830 1395 3900 ἀπειροκάκῳ
1423 3832 1500 3883 ἑνὶ
1535 3833 1709 3901 μύθῳ·

263 3919 469 3988 Ἔρχεο
502 3918 596 3970 καὶ
626 3919 904 3984 σκοπίαζε.
935 3919 1001 3973 48
1034 3921 1140 3972 Καὶ
1170 3922 1556 3991 ἀγχικέλευθον
1581 3923 1760 3994 ὁδίτην

260 4007 563 4080 Ναθαναὴλ
590 4007 920 4079 ταχύγουνον
948 4011 1116 4075 Ἀναξ
1149 4012 1459 4066 ἐπεδείκνυε
1491 4013 1622 4082 λαῷ,

274 4097 498 4169 Ἰσραὴλ
522 4099 674 4166 γόνος
708 4095 860 4164 οὗτος
898 4102 1183 4172 ἐτήτυμος,
1209 4103 1377 4157 οὑτινι
1397 4105 1607 4174 τεύχων

261 4189 328 4238 'il
361 4188 518 4240 δόλον
543 4187 992 4260 ἀλλοπρόσαλλον,
1027 4190 1059 4260 ἢ
1089 4192 1301 4260 ἀγκύλα
1331 4194 1500 4265 μήδεα
1521 4195 1744 4264 φαίνων.

259 4277 326 4331 49
356 4276 657 4350 Ναθαναὴλ
681 4280 726 4332 δ’
758 4281 913 4348 ἀΐων,
940 4282 1250 4337 ἐπεδείκνυε
1274 4283 1509 4356 θαύματι
1541 4289 1744 4358 φωνήν·

1988 480 2095 526 tem
2129 473 2332 535 aulam,
2376 474 2646 538 Andreas,
2695 477 2974 531 hominum
3011 479 3269 548 piscator,
3300 490 3423 550 post
3457 499 3573 537 ma-

1985 559 2162 613 rinam
2194 570 2504 631 capturam,
2547 561 2846 620 Piscatoris
2891 565 3130 624 Simonis
3180 570 3386 625 frater:
3426 588 3569 627 unus

1985 657 2168 704 autem
2198 667 2263 704 ex
2299 651 2404 706 illis
2441 650 2590 716 Quos
2623 652 2767 707 Deus
2800 653 3036 723 llOSplliO
3079 659 3313 726 excepit.
3342 657 3570 716 Joannis

1985 746 2164 794 autem
2193 756 2378 795 vocem
2399 741 2757 797 Communem
2783 742 3022 798 audienti
3047 759 3230 800 comes
3253 756 3369 801 erat
3392 751 3566 815 socio,

1985 830 2161 902 Prope
2189 848 2478 902 apparens;
2508 834 2668 887 ambo
2699 840 2876 889 autem
2901 850 3005 888 una
3035 838 3260 892 credula
3290 841 3568 897 voluntate

1984 921 2264 976 Christum
2304 923 2675 994 sequebantur
2707 942 2720 977 :
2751 924 2822 978 42
2852 925 2943 980 ille
2971 927 3189 996 quidem
3228 931 3380 1000 prius
3413 931 3567 986 ince-

1984 1009 2119 1065 dens
2151 1010 2396 1066 Fratrem
2439 1011 2638 1068 fertilis
2671 1013 3114 1084 investigatorem
3148 1019 3316 1074 maris
3357 1019 3566 1075 Invenit

1983 1113 2164 1159 suum,
2200 1098 2475 1154 Simonem
2507 1117 2518 1153 :
2555 1100 2761 1153 etdixit
2800 1102 2972 1156 veloci
3012 1120 3265 1162 sermone
3301 1126 3312 1161 :
3345 1107 3561 1171 Frater.

1985 1187 2237 1242 Mcssiam
2271 1189 2570 1258 sapientem
2617 1189 2945 1256 invenimus,
2985 1193 3077 1261 qui
3113 1193 3256 1250 Deus
3295 1199 3380 1250 vir
3405 1198 3567 1254 Chri-

1983 1288 2101 1334 stus
2127 1279 2332 1336 Judzeis
2355 1281 2558 1335 dicitur
2585 1281 2773 1336 Graaca
2799 1299 2950 1339 voce.
2974 1286 3042 1339 45
3066 1288 3158 1342 Sic
3189 1290 3425 1356 loeutus,
3449 1309 3574 1363 per-

1980 1372 2136 1425 duxit
2172 1371 2396 1427 fratrem
2436 1374 2668 1428 celerem
2708 1375 2972 1429 viatorem
3015 1376 3175 1434 Jesus
3210 1381 3302 1434 ubi
3345 1383 3562 1439 habita—

1985 1462 2078 1516 bat
2107 1481 2120 1516 ε
2160 1463 2336 1517 amica
2361 1471 2542 1518 autem
2574 1463 2712 1519 facie
2749 1465 3004 1522 Christus
3030 1469 3222 1525 videns
3255 1473 3559 1542 Simonem,

1980 1553 2211 1623 sapienti
2229 1553 2488 1609 demulsit
2505 1556 2700 1611 verbo:
2728 1554 2900 1612 Filius
2915 1556 3140 1616 Joannis
3163 1569 3218 1615 tu
3244 1566 3374 1618 mihi
3399 1583 3558 1622 eras:

1978 1660 2037 1700 es
2073 1653 2252 1700 autem
2283 1644 2494 1710 Simon,
2531 1647 2634 1717 13
2660 1646 2957 1718 Operarius
2992 1652 3191 1707 maris:
3229 1661 3286 1708 tu
3315 1656 3445 1709 mihi
3475 1673 3562 1712 vo-

1905 1733 1944 1790 ις
1977 1736 2121 1790 ceris
2147 1734 2362 1805 Cephas
2389 1755 2402 1790 :
2449 1736 2760 1792 Secundum
2793 1755 2994 1795 nomen
3025 1743 3214 1813 accipe
3254 1748 3555 1811 recentius,

1976 1824 2077 1878 viri
2115 1824 2207 1879 alii
2236 1825 2456 1880 Petrum
2487 1829 2631 1897 quod
2658 1839 2881 1896 vocant;
2913 1847 3216 1902 cognomen
3242 1845 3423 1892 autem
3461 1855 3557 1895 oc-

1976 1914 2207 1969 cultabit
2245 1913 2528 1972 Vetustius
2588 1917 2828 1975 Simonis
2879 1940 2891 1975 :
2954 1926 3305 1991 praestantius
3358 1944 3557 1986 nomen

1976 2002 2146 2069 Petri,
2177 2004 2328 2060 Fidei
2357 2009 2525 2062 ﬁrma:
2553 2009 2789 2079 signum.
2823 2012 2892 2065 ιιι
2920 2012 3024 2067 Sed
3050 2016 3270 2083 quando
3291 2018 3466 2073 vicina
3496 2019 3554 2076 In

1975 2111 2192 2150 sum-mo
2233 2111 2504 2167 apparens
2539 2102 2770 2155 roscidis
2805 2104 2974 2158 radiis
3021 2106 3284 2161 rubuerat
3328 2124 3551 2174 aurora,

1971 2185 2132 2242 Jesus
2164 2198 2285 2257 post
2318 2199 2534 2245 noctem
2569 2191 2861 2246 obscuram
2896 2195 3104 2250 volebat
3143 2197 3221 2252 ire
3252 2199 3334 2254 Ad
3365 2201 3554 2256 civita-

1973 2287 2082 2333 tem
2118 2281 2392 2350 piscosam
2427 2283 2618 2353 longos
2664 2286 2892 2353 capillos
2939 2288 3254 2344 habentium
3301 2290 3553 2348 Galilzro-

1973 2387 2093 2425 rum
2122 2392 2133 2425 :
2160 2374 2226 2427 Et
2250 2391 2418 2445 prope
2449 2377 2983 2449 invenit/Philippum
3013 2380 3155 2435 :Rex
3187 2394 3367 2439 autem
3398 2386 3548 2440 illum

1968 2464 2136 2533 jussit
2184 2466 2297 2521 fieri
2329 2465 2564 2525 Fidelem
2596 2484 2755 2523 suum
2802 2471 3126 2540 adjutorcm,
3160 2485 3306 2530 retro
3331 2486 3548 2532 euntem

1973 2555 2234 2608 viatorem
2264 2575 2276 2610 :
2313 2555 2554 2625 Sequere
2584 2568 2638 2612 et
2670 2568 2746 2625 tu,
2773 2559 3037 2632 Philippe.
3058 2564 3122 2616 Et
3152 2564 3332 2620 adhuc
3357 2583 3549 2623 recens

1973 2646 2204 2700 audiens
2251 2646 2490 2702 Auribus
2533 2665 2843 2706 sermonem
2895 2655 3156 2724 suscepit,
3205 2666 3261 2712 ct
3303 2659 3550 2729 vestigiis

1974 2738 2232 2804 praevenit
2259 2753 2468 2794 vocem.
2633 2732 2636 2734 ’

2042 2825 2110 2878 45
2152 2824 2507 2879 Communem
2556 2835 2734 2880 autem
2783 2827 3019 2883 habebat
3068 2829 3351 2902 Philippus
3391 2849 3546 2888 suam

1973 2914 2261 2970 Bethsaida
2295 2917 2800 2984 patriam,.-\ndrcas
2832 2921 2924 2974 ubi
2971 2921 3270 2987 habitabat,
3314 2926 3403 2978 ubi
3443 2942 3546 2979 au-

1971 3007 2076 3059 dax
2115 3007 2392 3061 habitabat
2417 3005 2628 3061 Simon.
2661 3010 2728 3062 46
2762 3009 3144 3067 Nathanaelem
3176 3030 3305 3068 vero
3335 3014 3544 3084 Philip-

1890 3075 1934 3134 (ἶ
1969 3114 2071 3167 pus
2107 3113 2208 3153 suo
2238 3098 2498 3154 demulsit
2529 3101 2714 3165 verbo,
2746 3099 3032 3158 Invenietis
3067 3119 3190 3158 eum
3232 3108 3412 3174 patula
3439 3109 3546 3161 sub

1964 3190 2191 3246 arbore:
2225 3191 2396 3257 Quem
2429 3193 2644 3262 sapiens
2677 3195 2759 3250 vir
2797 3194 2976 3252 Moses
3007 3199 3221 3267 priscus
3253 3199 3558 3270 descripsit.

1871 3329 1890 3350 \_
1963 3281 2147 3336 divino
2175 3281 2228 3335 in
2263 3282 2426 3336 libro.
2465 3283 2796 3352 Invenimus,
2823 3302 2984 3355 quem
3015 3288 3178 3342 simul
3204 3305 3392 3345 omnes
3414 3305 3544 3345 con-

1963 3373 2114 3427 cordi
2150 3373 2386 3442 quodam
2437 3388 2688 3428 sermone
2720 3373 3058 3431 Futurorum
3102 3393 3381 3448 praecones
3411 3396 3544 3434 con~

1965 3462 2247 3518 firmarunt
2293 3466 2570 3535 propheta:
2611 3465 2820 3534 Jcsum,
2867 3470 3043 3523 sancti
3082 3478 3336 3523 vocatum
3371 3470 3541 3526 filium

1961 3553 2184 3624 Joseph,
2220 3554 2488 3611 Nazareth
2523 3557 2908 3622 habitatorem,
2940 3558 3032 3614 Dei
3057 3559 3275 3615 Filium.
3309 3561 3378 3614 47
3409 3561 3544 3614 Pro-

1961 3645 2167 3716 pinquo
2191 3662 2319 3701 vero
2343 3645 2642 3714 Nathanacl
2674 3649 2868 3703 celeris
2898 3649 3116 3702 consilii
3142 3650 3364 3703 verbum
3392 3666 3542 3704 com-

1905 3755 1910 3760 '
1959 3738 2259 3792 municavit
2293 3736 2570 3807 Philippo:
2606 3738 2676 3791 Ex
2713 3738 2978 3793 Nazareth
3007 3750 3185 3810 potest
3215 3743 3415 3795 bonum
3446 3758 3537 3798 es-

1959 3830 2058 3884 se?
2097 3829 2455 3898 Interrogauti
2494 3838 2672 3884 autem
2707 3829 2904 3885 Comes
2938 3831 3072 3885 dixit
3100 3830 3386 3901 Philippus
3420 3851 3538 3887 ma-

1959 3921 2134 3974 lorum
2185 3921 2374 3990 ignaro
2418 3922 2584 3976 verbo
2615 3939 2627 3974 ε
2655 3920 2790 3974 Veni
2841 3930 2895 3976 et
2940 3923 3084 3977 vide.
3137 3925 3207 3978 48
3251 3925 3313 3977 Et
3370 3941 3540 3995 prope

1957 4011 2241 4066 vadentem
2271 4014 2531 4066 viatorem
2562 4011 2945 4068 Nathanaelcm
2974 4017 3210 4071 velocem
3241 4015 3350 4071 Rex
3378 4035 3536 4072 mon-

1958 4103 2166 4157 strabat
2198 4103 2418 4173 populo,
2466 4100 2680 4157 Israelis
2713 4103 2854 4156 lilius
2902 4103 2988 4157 hic
3023 4105 3151 4176 [est]
3183 4123 3364 4171 verus,
3399 4110 3535 4162 nulli

1957 4206 2177 4251 struens
2209 4193 2304 4250 Vel
2345 4194 2529 4249 dolum
2579 4194 2915 4260 mutabilem,
2957 4198 3036 4249 vel
3083 4212 3252 4251 curva
3303 4203 3534 4254 consilia

1956 4285 2273 4342 ostendens.
2318 4285 2387 4339 49
2433 4283 2732 4339 Nathauael
2783 4300 2914 4340 vero
2968 4288 3219 4354 audiens,
3273 4291 3533 4360 produxit

1489 4416 1770 4475 TEXTUS
1810 4418 2340 4476 EVANCELISTzE.

328 4550 397 4604 Η
446 4544 555 4601 Ἷῐν
591 4549 844 4620 Ἀνδρέας
873 4552 901 4603 ὀ
940 4551 1168 4621 ἀδελφὸς
1205 4553 1447 4624 Σίμωνος
1493 4556 1723 4628 Πέτρου,
1766 4553 1846 4623 εἷς
1881 4563 1922 4618 D
2022 4560 2090 4614 46
2119 4559 2376 4630 Εὑρίσκει
2409 4557 2675 4621 Φίλιππος
2695 4558 2786 4612 τὸν
2817 4560 3132 4633 Ναθαναὴλ,
3162 4566 3257 4617 καὶ
3280 4565 3424 4636 λέγει
3445 4571 3536 4623 αὖ.

257 4635 319 4685 ἐκ
346 4632 460 4685 τῶν
479 4631 572 4684 δύο
597 4631 702 4684 τῶν
734 4633 1080 4688 ἀκουσάντων
1111 4636 1262 4706 παρὰ
1297 4637 1566 4704 Ἰωάννου,
1603 4639 1697 4692 καὶ
1722 4641 1849 4695 ἁκο-

248 4716 641 4784 λουθησάντων
671 4715 842 4787 αὐτῷ.

325 4799 403 4852 42
451 4798 709 4869 Εὑρίσκει
757 4795 911 4863 οὗτος
945 4801 1162 4871 πρῶτος
1209 4801 1300 4855 τὸν
1341 4802 1572 4872 ἀδελφὸν
1599 4805 1688 4858 τὸν
1723 4805 1852 4858 ἴδιον

255 4881 502 4952 Σίμωνα,
531 4881 626 4934 καὶ
648 4882 795 4950 λέγει
821 4882 970 4952 αὑτῷ
990 4899 1003 4912 ·
1045 4885 1374 4954 Εὑρήκαμεν
1402 4885 1493 4939 τὸν
1524 4886 1791 4952 Μεσσίαν,
1820 4889 1848 4941 ὅ

253 4967 377 5018 ἐστι
410 4964 948 5035 μεθερμηνευόμενον
967 4967 994 5018 ὁ
1023 4967 1283 5036 Χριστός·

326 5049 402 5101 45
432 5048 540 5099 Καὶ
561 5047 764 5116 ἢγαγεν
784 5048 946 5101 αὑτὸν
977 5050 1114 5119 πρὸς
1142 5049 1234 5101 τὸν
1273 5049 1498 5120 Ἰησοῦν.
1535 5051 1845 5123 Ἐμσλέψας

253 5128 310 5182 δὲ
336 5128 489 5199 αὑτῷ
513 5131 541 5182 6
581 5129 805 5201 Ἰησοῦς,
842 5125 962 5184 εἶπε
984 5145 997 5158 ·
1027 5131 1096 5184 Σὺ
1120 5127 1169 5183 εἶ
1203 5132 1385 5201 Σίμων
1427 5132 1455 5183 ὁ
1487 5133 1600 5196 υίὸς
1640 5137 1825 5203 Ἰωνᾶ,

259 5215 326 5266 σὺ
359 5212 606 5283 κληθήσῃ
639 5215 854 5285 Κηφᾶς·
884 5214 912 5266 ὃ
941 5213 1301 5285 ἑρμηνεύεται
1327 5216 1552 5286 Πέτρος.

331 5295 402 5349 ιιι
442 5295 520 5365 Τῇ
567 5295 828 5365 ἐπαύριον
861 5295 1124 5366 ἠθέλησεν
1163 5299 1192 5349 6
1238 5298 1442 5368 Ἰησοῦς
1488 5299 1724 5363 ἐξελθεῖν
1770 5303 1850 5367 είς

256 5375 359 5445 τὴν
391 5377 707 5430 Γαλιλαίαν·
749 5377 842 5431 καὶ
866 5379 1111 5449 εὑρίσκει
1143 5378 1426 5442 Φίλιππον,
1457 5383 1545 5434 καὶ
1564 5381 1711 5450 λέγει
1751 5386 1846 5437 αύ-

256 5457 374 5528 τῷ·
419 5459 727 5512 ’Λκολούθει
774 5478 886 5529 μοι.

332 5543 398 5594 έξὶ
425 5538 530 5595 ἿΙν
555 5543 611 5595 δὲ
641 5545 668 5596 ὁ
689 5543 955 5608 Φίλιππος
979 5547 1085 5600 ἀπδ
1112 5546 1400 5618 Βηθσαϊδὰ,
1427 5548 1487 5600 ἐκ
1516 5548 1609 5619 τῆς
1639 5549 1843 5612 πόλεως

271 5616 521 5697 ’Λνδρέου
558 5627 649 5678 καὶ
683 5626 910 5696 Πέτρου,

1949 4643 2056 4713 τῷ·
2097 4639 2430 4711 Ὃνοὲγραψε
2470 4641 2677 4710 Μωσῆς
2710 4644 2768 4694 ὲν
2805 4643 2881 4712 τῷ
2913 4645 3061 4714 νόμῳ
3101 4647 3193 4698 καὶ
3235 4651 3285 4700 οἱ
3317 4654 3531 4722 προφῆ-

1949 4743 2060 4789 ται,
2099 4725 2413 4795 εὑρήκαμεν
2460 4723 2666 4792 Ἰησοῦν
2703 4724 2792 4777 τὸν
2823 4725 2935 4777 υἱὸν
2963 4726 3056 4778 τοῦ
3085 4727 3283 4800 Ἰωσὴφ
3305 4733 3394 4785 τὸν
3423 4735 3532 4789 ἀπ)

1949 4806 2226 4878 Ναζαρέθ.

2018 4890 2086 4944 47
2122 4889 2228 4941 Καὶ
2275 4882 2428 4940 εἶπεν
2458 4887 2606 4959 αὑτῷ
2640 4887 2929 4961 Ναθαναήλ
2952 4909 2965 4923 ο
3027 4892 3120 4945 Ἐκ
3158 4893 3414 4967 Ναζαρὲθ
3441 4899 3530 4953 δύ..

1947 4972 2103 5024 ναταί
2135 4989 2186 5025 τι
2217 4969 2420 5039 ἀγαθὸν
2451 4967 2622 5038 εἷναι;
2647 4971 2806 5040 Λέγει
2836 4974 2984 5046 αὑτῷ
3009 4976 3292 5041 Φίλιππος·
3328 4981 3528 5051 Ἔρχου

1955 5053 2043 5110 καὶ
2081 5053 2177 5108 ἴδε.

2018 5137 2087 5191 48
2117 5132 2269 5190 Εἷδεν
2294 5139 2321 5189 ὁ
2364 5135 2568 5207 Ἰησοῦς
2601 5137 2692 5190 τὸν
2728 5139 3023 5211 Ναθαναὴλ
3066 5143 3358 5214 ἐρχόμενον
3391 5147 3526 5216 πρὸς

1948 5220 2129 5282 αὑτὸν,
2157 5222 2251 5272 καὶ
2289 5219 2435 5288 λέγει
2464 5221 2590 5289 περὶ
2617 5221 2782 5273 αὑτοῦ
2807 5238 2821 5252 ·
2866 5223 2970 5275 Ἴδε
3005 5224 3220 5294 ἀληθῶς
3261 5229 3528 5301 Ἰσραηλί-

1945 5317 2046 5370 της
2072 5303 2129 5354 ὲν
2159 5296 2204 5368 ᾧ
2232 5301 2380 5363 δόλος
2412 5303 2511 5353 οὑκ
2541 5303 2676 5355 ἔστι.

2015 5383 2082 5437 49
2118 5383 2280 5449 Λέγει
2329 5383 2477 5452 αὑτῷ
2506 5384 2832 5456 Ναθαναήλ·
2870 5389 3039 5442 Πόθεν
3085 5409 3150 5460 με
3199 5393 3522 5462 γινώσκενςς

1954 5465 2248 5534 ’Λπεκρίθη
2299 5468 2326 5517 6
2387 5465 2632 5535 Ἰησοῦς,
2694 5471 2786 5522 καὶ
2835 5468 2984 5524 εἶπεν
3034 5475 3215 5545 αὐτῷ·
3272 5479 3383 5549 ΙΙρδ
3429 5483 3524 5535 τοῦ

1942 5563 1999 5597 σε
2047 5547 2312 5600 Φίλιππον
2369 5549 2652 5619 φωνῆσαι,
2696 5553 2822 5608 ὄντα
2873 5556 2976 5608 ὑπὸ
3026 5559 3121 5628 τὴν
3174 5547 3378 5632 συκῆί,
3435 5559 3526 5619 εἷ-

1941 5631 2028 5682 δύν
2071 5647 2146 5682 σε.
