3956 6202
517 313 622 368 763

1757 317 1965 373 NONNI
2000 319 2101 373 ΡΛ]

2208 320 2507 376 ’OLITANi
3663 327 3743 385 761

515 438 608 483 tus
639 426 935 484 sociorum.
972 428 1154 498 Neque
1183 444 1314 484 sane
1358 429 1428 484 ibt
1469 443 1671 488 mansnt
1709 449 1804 503 per
1841 437 1959 492 dies
1989 453 2101 493 crc-

2212 440 2286 493 Ού
2323 438 2379 492 δὲ
2413 439 2511 509 μὲν
2537 437 2721 490 αῦτόθι
2754 438 2948 508 μίμνεν
2973 439 3029 503 ἐς
3060 439 3246 509 ἤματα
3281 441 3455 494 πυκνὰ
3484 440 3714 513 θαμίζων

519 523 648 575 bros
694 519 1084 590 frequentans:
1111 518 1287 589 Prope
1331 521 1474 575 enim
1522 530 1653 578 tunc
1687 533 1806 580 erat
1838 526 2049 582 Pascha
2085 546 2098 582 :

460 629 466 648 ε
525 611 589 664 15
621 625 902 666 sacrorum
945 609 1321 663 tractationem
1374 627 1500 667 vero
1542 613 1839 681 honoratis,
1875 617 2103 674 Sancto-

520 718 639 757 rum
670 701 914 756 ascendit
943 699 1010 754 ad
1048 701 1206 756 sedes
1257 701 1756 776 Hierosolymorum
1793 707 1928 763 Cum
1976 727 2105 780 pru-

519 797 776 851 dentibus
797 794 982 850 sociis.
1025 795 1088 850 14
1131 796 1322 851 Divino
1351 808 1532 852 autem
1568 799 1621 852 in
1664 801 1865 870 templo
1889 800 2105 855 Cornu-

517 895 604 940 tos
639 885 802 939 boves
845 884 1094 950 invenit,
1137 895 1190 941 et
1229 887 1594 958 lanigerarum
1633 890 1856 944 ordines
1887 891 2100 957 ovium,

521 975 584 1030 Et
615 975 796 1029 varias
831 976 1092 1034 membris
1124 977 1440 1043 columbas;
1481 980 1759 1036 sedentem
1783 996 1912 1034 vero
1940 980 2104 1035 Num-

515 1070 809 1124 mularium
841 1078 1043 1124 emtum
1074 1071 1280 1126 invenit
1307 1071 1490 1127 divitis
1526 1072 1847 1136 mensae,.Et
1874 1075 2102 1128 multum

517 1169 723 1217 emtum
760 1161 894 1215 vidit
924 1162 1289 1232 negotiantem
1318 1178 1484 1232 supra
1520 1163 1730 1227 sedilia,
1766 1163 1968 1218 Venale
2005 1181 2102 1220 ne-

519 1255 726 1325 gotium
768 1254 1082 1309 habentem.
1113 1254 1180 1307 15
1215 1252 1280 1307 Et
1313 1255 1363 1309 iu
1395 1256 1652 1312 manibus
1691 1257 1918 1312 volvens
1940 1257 2104 1312 Com-

516 1347 733 1414 plexum
758 1362 822 1401 ex
851 1345 1074 1400 funibus
1105 1346 1353 1416 spurium
1397 1345 1524 1401 fecit
1557 1349 1826 1418 ﬂagellum
1848 1391 1862 1414 ,
1907 1348 1974 1403 Et
2002 1351 2102 1405 bo-

516 1439 703 1493 vinum
733 1453 946 1508 gregem
975 1438 1204 1508 expulit,
1232 1447 1286 1491 et
1315 1438 1537 1494 ordines
1568 1439 1776 1503 ovium,
1815 1439 1978 1494 Extra
2005 1441 2104 1495 do-

517 1545 666 1584 mum
719 1530 1037 1595 odoratam;
1073 1529 1325 1584 crebrum
1371 1536 1550 1584 autem
1583 1531 1826 1594 volvens,
1854 1531 2102 1602 Praeceps

518 1622 860 1692 percutiebat
911 1636 1155 1676 eversam
1217 1630 1586 1690 quaestuosam
1635 1622 1817 1677 sedem
1863 1621 1904 1675 Ε
1945 1638 2102 1678 sacro

520 1715 860 1784 pavimento;
886 1713 1146 1784 praecipiti
1163 1721 1343 1768 autem
1366 1715 1664 1768 vibratione
1679 1713 1881 1768 Effudit
1905 1715 1958 1768 in
1985 1722 2101 1769 ter-

2219 530 2443 598 Ἐγγύθι
2469 529 2577 600 γὰρ
2605 527 2726 581 τότε
2755 530 2962 600 Πάσχα·
2995 531 3061 583 15
3093 530 3389 602 θυηπολίην
3414 532 3467 585 δὲ
3491 534 3739 603 γεραίρων,

2205 619 2464 687 Εὑαγέων
2491 618 2775 671 ἀνέϐαινεν
2805 621 2862 682 ἐς
2886 619 3106 688 ἐδρανον
3145 619 3378 689 Ἰροσολύ
3388 639 3519 690 μων,

2205 711 2589 773 Σῦνπινυτοῖς
2619 709 2882 780 ἐτάροισι.
2912 710 2978 766 1,ι1›
3006 709 3296 780 Θεοκλήτῳ
3322 711 3366 762 δ’
3398 712 3477 763 ἐν)⁵
3501 711 3604 781 νηῷ

2204 800 2515 872 Εὑκεράους
2553 800 2682 870 βόας
2720 795 2866 871 εὗρε,
2897 801 2987 852 καὶ
3018 802 3320 871 εἰροπόκων
3352 802 3507 872 στίχα
3536 803 3710 872 μήλων,

2205 891 2315 943 Καὶ
2343 891 2564 953 πικτάς
2594 887 2842 960 μελέεσσι
2868 889 3149 953 πελειάδας
3170 905 3183 918 ⁸
3213 890 3468 962 ἑζόμενον
3499 891 3552 945 δὲ

2205 981 2552 1052 Κερμοδότην
2586 981 2745 1052 χορὸν
2779 975 2906 1051 εὗρε
2935 981 3311 1050 φιλοπλούτοιο
3338 983 3623 1054 τραπέζης,

2205 1073 2314 1127 Καὶ
2339 1071 2507 1125 πολὺν
2528 1072 2912 1142 ἐσμὸνϐπωπε
2948 1071 3289 1144 φιλέμπορον
3314 1073 3470 1141 ὑψόθι
3496 1074 3680 1137 θώκων,

2209 1165 2389 1217 Ὠνιον
2419 1163 2638 1232 ἔχοντα.
2666 1163 2733 1218 15
2755 1164 2865 1216 Καὶ
2889 1165 2946 1216 ἐν
2975 1163 3293 1236 παλάμῃσιν
3325 1164 3502 1228 ἑλίξας

2205 1256 2529 1326 Σύμπλοκον
2560 1258 2624 1308 ἐκ
2652 1256 2883 1327 σχοίνοιο
2911 1256 3072 1327 νόθην
3098 1258 3325 1326 ποίησεν
3357 1257 3630 1328 ἱμάσθλην,

2205 1348 2315 1402 Καὶ
2343 1347 2503 1418 βοέην
2535 1347 2740 1419 ἀγέλην
2767 1347 3020 1418 ἐξήλασε,
3052 1351 3147 1402 καὶ
3188 1348 3345 1418 στίχα
3379 1348 3576 1420 μήλων,

2204 1439 2378 1508 Νόσφι
2407 1439 2573 1510 δόμου
2608 1439 2859 1503 θυόεντος
2879 1455 2895 1472 ο
2950 1439 3331 1510 ἑπασσυτέρην
3361 1439 3417 1492 δὲ
3455 1437 3699 1501 κυλίνδων,

2204 1528 2501 1600 Κύμϐαχον
2526 1528 2778 1599 ὴκόντιζε
2803 1530 3144 1601 μετάτροπον
3167 1529 3408 1600 ἔμπορον
3430 1529 3584 1600 ’έδρην

2217 1619 2307 1685 Ἐξ
2336 1621 2480 1692 ἱεροῦ
2503 1620 2774 1675 δαπέδοιο·
2809 1621 3171 1694 κυϐιστητῆρι
3207 1623 3264 1675 δέ
3293 1623 3488 1693 παλμῷ

2218 1711 2431 1782 Ἐξέχεε
2473 1712 2623 1782 χθονί
2661 1712 2845 1783 κέρμα
2877 1713 3307 1782 πολυστρέπτοιο
3328 1714 3616 1784 τραπέζης,
3721 1747 3728 1753 -

519 1821 635 1860 ram
658 1805 940 1874 pecuniam
974 1806 1200 1859 multum
1217 1806 1483 1860 versatilis
1507 1821 1726 1860 mensre.
1748 1806 1855 1874 20
1887 1805 1947 1860 l6
1977 1804 2101 1859 Viro

2208 1803 2309 1871 21
2335 1803 2396 1856 16
2428 1804 2606 1874 Ἀνδρὶ
2635 1803 2692 1856 δὲ
2719 1804 3085 1874 πιπρήσκοντι
3116 1805 3405 1868 πελειάδας
3436 1805 3549 1876 ἴαχε
3577 1804 3739 1875 φωνήν·

520 1908 702 1951 autem
727 1898 982 1950 vendenti
1003 1895 1288 1951 columbas
1321 1896 1507 1951 sonuit
1529 1911 1714 1951 vocem
1737 1915 1750 1950 :
1777 1896 1898 1951 llmc
1927 1906 2104 1952 trans-

521 1992 654 2044 ferte
694 1989 997 2058 lapidosum
1029 1996 1183 2042 extra
1223 1989 1506 2057 templum,
1545 1987 1732 2058 Neque
1765 1989 1903 2043 lucri
1931 1987 2102 2042 avida:

520 2079 716 2132 mentis
746 2079 954 2148 gravati
1000 2077 1244 2143 stimulo,
1268 2076 1538 2134 Mercatus
1581 2078 1802 2134 domum
1855 2087 2100 2133 sanctam

520 2170 622 2224 mei
666 2170 880 2224 faciatis
921 2168 1141 2225 Patris:
1181 2169 1518 2226 Precationis
1547 2171 1690 2225 enim
1732 2171 1846 2225 haec
1883 2170 2100 2226 domus.

522 2262 586 2315 17
619 2261 682 2314 Et
714 2261 981 2318 recordati
1017 2271 1144 2316 sunt
1169 2251 1611 2333 discipuli'Quod
1633 2262 1895 2318 divinitus
1928 2262 2102 2331 inspi-

518 2367 636 2411 rato
658 2358 933 2426 signatum
960 2365 1078 2410 erat
1109 2357 1248 2410 libro
1284 2375 1296 2410 :
1334 2357 1496 2410 Zelus
1532 2373 1616 2410 Ine
1647 2357 1847 2411 divinae
1875 2364 1980 2410 tua:
2010 2370 2104 2410 co-

519 2450 689 2503 medit
730 2449 946 2502 domus.
993 2448 1058 2498 18
1093 2447 1156 2498 Et
1197 2447 1296 2514 ipsi
1331 2446 1673 2499 minatricem
1704 2445 1972 2500 eructavit
2015 2460 2105 2513 po-

522 2540 682 2607 pulus
732 2553 961 2591 vocmn:
1007 2537 1199 2602 Qualia
1229 2535 1372 2605 apud
1435 2535 1691 2589 llebraaos
1751 2533 1901 2587 varia
1946 2534 2103 2604 signa

519 2627 794 2689 ostendes,
827 2625 981 2690 Quod
1032 2635 1087 2678 tu
1136 2625 1249 2678 haec
1300 2624 1611 2694 periei-isti?
1651 2624 1711 2678 19
1747 2623 2102 2678 Contentioso

517 2723 697 2769 autem
741 2714 936 2784 populo
972 2713 1356 2767 Admirandam
1388 2712 1721 2782 incognitam
1754 2711 1863 2767 ltex
1887 2720 2102 2766 eructa-

518 2808 596 2861 vit
633 2823 816 2861 vocem
850 2804 1094 2860 :Snlvite
1144 2805 1280 2858 hanc
1330 2803 1576 2868 domum,
1619 2820 1718 2875 ego
1755 2819 1884 2859 vero
1929 2806 2099 2874 ipsam

517 2900 724 2969 erigant
758 2898 954 2952 Diebus
983 2898 1036 2950 in
1070 2897 1266 2951 tribus.
1295 2897 1364 2949 20
1393 2894 1695 2965 Respondit
1722 2905 1904 2952 autem
1935 2913 2103 2967 popu-

520 2991 608 3046 Ius
635 3009 647 3044 :
679 2988 854 3055 Quam
894 2987 1151 3040 Solomon
1184 2987 1310 3040 fecit
1341 2986 1578 3055 lapidum
1620 2986 1769 3041 vario
1795 2999 2010 3050 ornatu,
2045 2987 2101 3040 ln

2205 1894 2392 1948 Ταῦτα
2423 1894 2837 1966 μεταστήσασθε
2860 1893 3113 1958 λιθώδεος
3139 1895 3320 1948 ἔκτοθι
3353 1896 3505 1966 νηοῦ,

2203 1987 2353 2058 Μηδὲ
2382 1987 2752 2055 φιλοκτεάνοιο
2776 1986 2896 2040 νόου
2934 1987 3262 2058 βεϐαρηότες
3294 1988 3511 2058 οἴστρῳ,

2218 2083 2272 2134 Ἐ
2282 2081 2520 2153 μπορίης
2553 2081 2714 2152 δόμον
2744 2082 2904 2150 ἁγνὸν
2939 2082 3072 2152 ἐμοῦ
3097 2082 3354 2152 τελέσητε
3382 2083 3602 2151 Τοκῆος·

2211 2173 2392 2243 Εύχῆς
2415 2172 2523 2242 γὰρ
2548 2173 2662 2225 τόδε
2685 2172 2859 2242 δῶμα.
2895 2173 2957 2224 17
2991 2171 3094 2224 Καὶ
3129 2173 3435 2242 ἐμιμήσαντο
3475 2171 3688 2241 μαθηται

2207 2264 2362 2316 Ὂττι
2394 2262 2736 2333 θεοπνεύστῳ
2764 2263 3173 2334 κεχαραγμένον
3197 2262 3389 2315 ἔπλετο
3413 2263 3573 2332 βίϐλῳ
3594 2279 3605 2291 ·

2207 2354 2374 2424 Ζῆλος
2406 2353 2507 2423 ἐμὲ
2534 2353 2748 2417 ζαθέοιο
2779 2354 2904 2406 τεοῦ
2937 2353 3324 2406 καταδαίνυται
3357 2355 3528 2406 οἴκου.

2208 2444 2274 2496 18
2309 2444 2416 2496 Καί
2449 2445 2498 2496 οἱ
2533 2442 2919 2514 ἀπειλήτειραν
2949 2445 3187 2514 ἁνήρυγε
3210 2443 3336 2506 λαὸς
3379 2445 3535 2514 ίωήν·

2206 2538 2340 2590 Ποῖα
2365 2537 2492 2607 παρ’
2532 2535 2800 2606 Ἑϐραίοις
2826 2535 3156 2606 ἐτερότροπα
3187 2538 3404 2606 σήματα
3422 2535 3623 2600 δείξεις,

2209 2627 2364 2679 ’Ὀττι
2397 2628 2460 2680 σὺ
2483 2625 2654 2679 ταῦτα
2688 2626 2978 2690 τέλεσσας;
3014 2625 3078 2680 19
3113 2626 3464 2698 Ἀμιλλητῆρι
3493 2628 3544 2679 δὲ
3575 2623 3673 2698 λαῷ

2203 2717 2526 2788 Θαμϐαλέην
2553 2719 2824 2786 ἄγνωστον
2847 2717 3014 2782 Ἀναξ
3038 2715 3302 2786 ήρεύγετο
3337 2718 3515 2788 φωνήν
3533 2732 3548 2748 ’

2205 2809 2416 2862 Λύσατε
2447 2809 2604 2862 τοῦτο
2628 2809 2913 2880 μέλαθρον,
2948 2807 3057 2877 ἐγὼ
3088 2808 3146 2861 δέ
3179 2827 3272 2878 μιν
3298 2811 3458 2870 αὐτὸς
3480 2809 3659 2880 ὲγείρω

2209 2899 2450 2967 Ἧμασιν
2481 2900 2538 2950 ἐν
2572 2901 2888 2972 τρισσοῖσιν.
2924 2897 2992 2952 20
3034 2898 3466 2966 Ἐπεφθέγξαντο
3489 2899 3539 2952 δέ
3566 2898 3686 2953 λαοί·

2211 2990 2306 3041 Ὃν
2338 2987 2590 3058 Σολομὼν
2615 2989 2808 3060 ποίησε
2831 2988 2994 3042 λίθων
3032 2990 3116 3043 έτε
3127 2991 3310 3062 ρόχροῖ
3333 2991 3535 3062 κόσμῳ,

518 3082 740 3153 longum
762 3079 973 3134 initium
1006 3092 1280 3132 reversam
1312 3085 1500 3131 texens
1527 3075 1632 3132 Sex
1658 3086 1713 3130 et
1740 3077 2101 3147 quadraginta

2208 3081 2299 3142 Είς
2322 3078 2538 3149 δολιχὴν
2569 3078 2792 3148 βαλϐἶδα
2825 3079 3194 3150 παλινδίνητον
3230 3081 3473 3148 ὑφαίνων

516 3169 894 3227 mdilicationis
930 3168 1255 3239 cupidorum
1282 3181 1577 3232 annorum,
1618 3167 1892 3222 [Ediliciis
1919 3178 2101 3238 poste.

518 3264 755 3319 tioribus
796 3277 990 3316 rursus
1035 3259 1269 3314 solutam
1306 3257 1528 3312 domum
1575 3258 1814 3328 erigeres
1867 3258 2100 3313 Tantam

518 3363 642 3427 post
688 3361 910 3418 metam,
960 3361 1082 3424 post
1116 3353 1290 3406 tertia:
1336 3366 1560 3407 cursum
1611 3352 1857 3405 aurorae?
1892 3352 1955 3405 21
2009 3351 2102 3408 Ille

520 3446 779 3515 templum
811 3443 948 3497 dixit
987 3445 1072 3498 sui
1101 3443 1364 3512 corporis,
1407 3444 1550 3513 quod
1582 3443 1818 3513 quodam
1852 3459 2102 3499 sermone

520 3537 754 3592 llorrido
788 3536 1040 3590 Christus
1079 3544 1194 3590 erat
1223 3543 1343 3606 post
1377 3536 1596 3590 tertium
1635 3537 1776 3590 diem
1808 3539 2102 3592 resuscita~

521 3637 698 3682 turus.
732 3628 803 3680 22
832 3627 936 3681 Sed
964 3628 1184 3696 quando
1208 3643 1336 3682 sane
1361 3635 1482 3696 post
1511 3629 1689 3682 sinum
1712 3628 1976 3697 irregradi
2008 3629 2102 3681 ba-

521 3719 690 3772 rathri
723 3716 912 3772 Redux
941 3733 1006 3771 ex
1033 3717 1224 3771 inferis
1255 3733 1447 3772 rursus
1475 3718 1692 3772 vivente
1723 3717 1956 3784 quodam
1991 3716 2103 3770 fato

525 3808 771 3862 Veterem
811 3808 1150 3876 reciprocum
1178 3824 1336 3862 suum
1367 3810 1664 3878 resumpsit
1688 3809 1946 3863 honorem
1975 3807 2099 3862 Ca:-

524 3901 732 3964 lestem,
780 3908 910 3954 tunc
958 3899 1132 3953 solum
1182 3899 1451 3954 recordati
1497 3910 1624 3954 sunt
1661 3899 1913 3970 discipuli
1947 3899 2102 3965 Quod

521 3994 742 4048 domum
775 4006 974 4062 corpus
1007 3991 1274 4058 dixisset;
1315 3991 1552 4061 deiloqui
1587 3999 1767 4046 autem
1795 3991 1916 4046 libri
1954 3989 2102 4044 Divi-

525 4102 654 4141 num
680 4085 1074 4140 conﬁrmarunt
1105 4099 1436 4157 sermonem,
1485 4093 1538 4138 et
1559 4083 1908 4138 crediderunt
1939 4083 2105 4137 verbo

523 4175 684 4233 Jcsus
729 4177 874 4246 quod
913 4175 1068 4228 dixit.
1114 4175 1186 4228 25
1224 4174 1496 4229 Divinitus
1537 4184 1715 4228 autem
1757 4174 2021 4227 aediﬁcato
2050 4173 2104 4226 in

527 4269 725 4340 templo
757 4266 938 4336 Usque
960 4274 1097 4331 erat,
1125 4272 1177 4320 et
1205 4264 1395 4320 sedilia
1421 4265 1673 4320 transivit
1703 4264 2106 4333 Hierosolymo-

2213 3168 2314 3232 Ἐξ
2338 3169 2432 3220 καὶ
2456 3168 2867 3238 τεσσαράκοντα
2896 3167 3254 3238 φιλοκτίστων
3286 3169 3561 3234 ἐνιαυτῶν,

2210 3258 2524 3326 Κτίσμασιν
2552 3255 2891 3322 όπλοτέροισι
2921 3257 3242 3311 παλίλλυτον
3276 3255 3421 3312 οἶκον
3448 3259 3648 3330 ἐγείρῃς

2207 3347 2509 3417 Τοσσατίην
2543 3346 2682 3418 μετά
2706 3348 2908 3402 νύσσαν
2936 3349 3028 3400 ἐπὶ
3055 3350 3314 3420 τριτάτης
3332 3351 3524 3421 δρόμον
3543 3350 3686 3421 ἠοῦςς

2208 3441 2271 3494 21
2309 3443 2498 3502 Κεῖνος
2517 3439 2644 3509 νηὸν
2672 3439 2850 3493 ἔειπεν
2871 3439 2962 3492 ἐοῦ
2983 3441 3163 3510 χροὸς,
3198 3445 3254 3494 ὃν
3283 3460 3390 3495 τινι
3435 3441 3578 3512 μύθῳ

2208 3530 2424 3602 Φρικτῷ
2449 3531 2683 3602 Χριστὸς
2709 3529 2932 3600 ἔμελλεν
2968 3532 3060 3584 ἐπὶ
3081 3533 3261 3600 τρίτον
3289 3529 3440 3604 ἦμαρ
3461 3533 3685 3602 ἐγείρειν.

2209 3622 2280 3676 22
2321 3621 2460 3674 Ἀλλ’
2487 3623 2575 3674 ὅτε
2605 3621 2668 3692 δὴ
2703 3621 2838 3692 μετά
2869 3622 3066 3676 κόλπον
3097 3625 3413 3695 ἀνοστήτοιο
3438 3623 3673 3695 βερέθρου

2209 3713 2482 3784 Νόστιμος
2511 3712 2569 3778 ἐξ
2603 3713 2758 3766 ἀΐδαο
2794 3713 3206 3784 τ’..αλινζιιθῳτινλ⁵
3247 3716 3438 3786 πότμῳ

2223 3806 2484 3875 Ἀρχαίην
2517 3803 2841 3873 παλίνορσον
2871 3803 2966 3874 ἑὴν
2991 3804 3286 3876 ἀνεδήσατο
3308 3808 3472 3878 τιμὴν

2207 3895 2503 3968 Οὐρανίην,
2532 3895 2654 3948 τότε
2689 3893 2884 3965 μοῦνον
2913 3895 3288 3966 ἀνεμνήσαντο
3325 3896 3574 3967 μαθηταὶ,

2210 3988 2363 4040 ’Ὀττι
2385 3986 2546 4057 δόμον
2576 3985 2748 4056 δέμας
2772 3980 2894 4037 εἷπε
2918 4000 2930 4012 ·
2961 3984 3316 4053 θεογλὼσσοιο
3343 3987 3398 4038 δὲ
3427 3986 3596 4054 βίϐλου

2208 4078 2361 4130 Θεῖον
2382 4074 2754 4129 ἐπιστώσαντο
2782 4074 2959 4143 λόγον,
2986 4075 3236 4129 πείθοντό
3257 4093 3316 4128 τε
3349 4076 3518 4146 μύθῳ,

2222 4167 2428 4239 Ἰησοῦς
2452 4168 2510 4221 ὃν
2531 4167 2701 4220 ἔειπε.
2728 4166 2800 4222 25
2822 4167 3112 4239 Θεοδμήτῳ
3143 4167 3187 4220 δ’
3217 4167 3312 4220 ἐπὶ
3335 4167 3447 4238 νηῷ

2216 4263 2410 4333 Ἀχρις
2428 4261 2544 4332 ἔην,
2581 4261 2676 4314 καὶ
2702 4259 2891 4314 ἔδεθλα
2911 4259 3174 4330 διέστιχεν
3212 4258 3581 4331 Ίροσολύμων,

1729 4421 2008 4477 TEXTUS
2049 4413 2588 4478 ΕἾΑΝΟΕῌΞΉΕ.

596 4563 663 4616 15
685 4559 792 4613 Καὶ
815 4558 982 4628 ἐγγὺς
995 4555 1063 4632 ἦν
1083 4559 1143 4613 τὺ
1167 4560 1356 4632 Πάσχα
1375 4559 1482 4613 τῶν
1521 4559 1807 4626 Ἰουδαίων,
1828 4562 1921 4616 καὶ
1941 4563 2107 4634 ἀνέϐη
2143 4569 2187 4625 D
2212 4563 2277 4616 Τί
2305 4564 2530 4634 σημεῖον
2557 4560 2824 4624 δεικνύεις
2847 4559 3006 4630 ἡμῖν,
3028 4559 3108 4612 ὅτι
3134 4558 3306 4613 ταῦτα
3339 4563 3534 4625 ποιεῖς;

526 4649 605 4711 είς
641 4643 986 4715 Ἰεροσόλυμα
1019 4646 1047 4696 6
1087 4644 1322 4715 Ἰησοῦς.

2277 4645 2344 4700 19
2389 4643 2684 4713 ’Λπεκρίθη
2718 4646 2746 4696 6
2791 4643 2996 4714 Ἰησοῦς
3026 4644 3120 4694 καὶ
3152 4638 3310 4696 εἶπεν
3337 4645 3534 4706 αὐτοῖς’
3562 4638 3734 4694 Λύσατε

598 4729 665 4783 14
696 4729 805 4782 Καὶ
830 4721 988 4799 εὗρεν
1017 4729 1073 4781 ἐν
1103 4727 1180 4798 τῷ
1205 4728 1334 4799 ἱερῷ
1359 4726 1486 4789 τοὺς
1514 4727 1826 4792 πωλοῦντας
1859 4729 1988 4798 βόας
2014 4729 2107 4781 καὶ
2201 4727 2292 4778 τὸν
2313 4725 2438 4777 ναὸν
2469 4723 2678 4788 τοῦτον,
2707 4727 2799 4778 καὶ
2831 4729 2888 4778 ἐν
2912 4725 3088 4796 τρισὶν
3119 4726 3355 4796 ἡμέραις
3384 4725 3553 4796 ἐγερῶ
3579 4721 3731 4777 αὐτόν.

526 4813 772 4884 πρόϐατα
800 4813 892 4864 καὶ
913 4810 1264 4882 περιστερὰς,
1282 4810 1375 4864 καὶ
1395 4811 1519 4874 τοὺς
1547 4811 1921 4882 κερματιστὰς
1975 4810 2107 4863 καθ-

526 4898 784 4968 ημένους.

599 4979 665 5033 15
709 4978 818 5032 Καὶ
852 4977 1088 5045 ποιήσας
1137 4977 1459 5045 φραγέλλιον
1507 4977 1572 5028 ἐκ
1601 4975 1865 5045 σχοινίων,
1900 4976 2104 5038 πάντας

527 5062 780 5131 ἐξέϐαλεν
809 5064 871 5113 ἐκ
889 5059 984 5112 τοῦ
1020 5059 1186 5129 ἱεροῦ,
1218 5061 1284 5113 τά
1312 5077 1370 5112 τε
1400 5060 1647 5129 πρόϐατα
1674 5060 1766 5110 καὶ
1798 5059 1924 5120 τοὺς
1953 5058 2101 5127 βόας,

528 5148 622 5200 καὶ
653 5145 765 5199 τῶν
788 5141 1151 5197 κολλυϐιστῶν
1183 5141 1366 5212 ἐξέχεε
1402 5142 1464 5195 τὸ
1492 5142 1692 5211 κέρμα,
1731 5140 1821 5192 καὶ
1849 5141 1948 5204 τὰς
1974 5159 2107 5211 τρα-

528 5228 700 5293 πέζας
733 5220 1051 5294 ἀνέστρεψε·

2271 4807 2343 4860 21)
2395 4799 2563 4859 Εἶπον
2608 4803 2701 4860 οὖν
2751 4810 2798 4860 οἱ
2854 4807 3116 4862 Ἰουδαῖοι·
3157 4808 3565 4880 Τεσσαράκοντα
3597 4799 3737 4862 καὶὲξ

2202 4889 2376 4942 ἔτεσιν
2398 4889 2724 4961 ᾠκοδομήθη
2749 4893 2776 4944 6
2798 4891 2924 4954 ναὸς
2945 4884 3119 4958 οὗτος,
3153 4891 3247 4944 καὶ
3272 4893 3335 4945 σὺ
3365 4894 3424 4945 ἐν
3451 4890 3616 4962 τρισὶν
3631 4885 3737 4956 ὴμέ-

2205 4990 2325 5042 ραις
2358 4976 2570 5045 ἐγερεῖς
2597 4975 2759 5027 αὐτόν
2781 4992 2795 5039 ;

2273 5058 2337 5111 2-1
2393 5059 2630 5122 Ἐκεῖνος
2666 5058 2724 5111 δὲ
2753 5057 2906 5126 ἔλεγε
2942 5059 3072 5130 περὶ
3103 5057 3198 5112 τοῦ
3231 5057 3359 5112 ναοῦ
3396 5057 3488 5111 τοῦ
3529 5053 3737 5124 σώματος

2203 5141 2388 5196 αὑτοῦ.

2271 5223 2342 5277 22
2372 5225 2500 5278 Ὅτε
2530 5219 2622 5278 οὖν
2647 5224 2852 5297 ἠγέρθη
2879 5227 2947 5282 ἐκ
2973 5225 3202 5297 νεκρῶν,
3225 5223 3564 5296 ἐμνήσθησαν
3587 5219 3627 5271 οἱ
3655 5228 3739 5285 μα-

602 5312 667 5365 16
690 5309 799 5362 Καὶ
815 5311 925 5370 τοῖς
948 5309 1046 5370 τὰς
1068 5306 1398 5379 περιστερὰς
1417 5304 1686 5359 πωλοῦσιν
1704 5302 1876 5358 εἶπεν’
1902 5305 2104 5376 Ἀρατε
2203 5307 2361 5378 θηταὶ
2386 5307 2549 5362 αὑτοῦ
2577 5310 2658 5363 ὅτι
2684 5308 2843 5362 τοῦτο
2873 5309 3060 5377 ἔλεγεν
3091 5309 3293 5371 αὐτοῖς·
3329 5307 3422 5360 καὶ
3455 5305 3736 5358 ἐπίστευσαν

525 5395 698 5448 ταῦτα
725 5391 992 5445 ἐντεῦθεν·
1025 5393 1100 5463 μὴ
1135 5394 1337 5445 ποιεῖτε
1362 5391 1452 5443 τὸν
1475 5385 1623 5444 οἷκον
1646 5390 1738 5445 τοῦ
1766 5390 1976 5462 Πατρός
2004 5407 2104 5462 μου
2200 5393 2266 5460 τῇ
2300 5391 2508 5462 Γραφῇ,
2536 5393 2630 5445 καὶ
2662 5391 2739 5462 τῷ
2769 5393 2910 5462 λόγῳ
3017 5386 3170 5443 εἴπεν
3201 5393 3230 5443 6
3270 5389 3490 5461 Ἰησοῦς.

526 5474 674 5530 οἷκον
703 5473 989 5546 ἐμπορίου.

599 5559 664 5611 17
705 5557 1083 5626 Ἐμνήσθησαν
1110 5555 1166 5609 δὲ
1189 5557 1238 5609 οἱ
1265 5555 1505 5627 μαθηταὶ
1529 5557 1714 5622 αὐτοῦ,
1743 5559 1825 5611 ὅτι
1854 5575 2100 5630 γεγραμ-

534 5637 694 5709 μένον
727 5639 892 5691 ἐστίν·
947 5642 1003 5693 '0
1038 5639 1195 5711 ζῆλος
1226 5641 1320 5694 τοῦ
1353 5640 1502 5692 οἴκου
1533 5659 1624 5694 σου
1657 5644 1931 5712 κατέφαγέ
1971 5660 2056 5712 με.

604 5720 672 5776 18
713 5722 1110 5792 Ἀπεκρίθησαν
1143 5720 1232 5777 οἷν
1263 5724 1310 5776 οἱ
1343 5722 1607 5793 Ἰουδαῖοι,
1635 5727 1722 5780 καὶ
1755 5722 1904 5779 εἶπον
1934 5725 2101 5796 αὐτῷ·

2272 5460 2352 5529 εδ
2382 5460 2554 5539 me
2587 5471 2656 5546 ἦν
2682 5460 2739 5528 es,
2782 5460 3173 5545 Ἰεροσολύμοις
3206 5476 3264 5528 ὲν
3303 5460 3380 5545 τῷ
3408 5472 3585 5539 Πάσχα
3613 5467 3662 5517 ὲν
3682 5460 3734 5527 τῇ

2206 5559 2383 5630 ἑορτῇ,
2421 5558 2602 5611 πολλοὶ
2643 5557 2970 5610 ἐπίστευσαν
3010 5558 3090 5620 είς
3118 5557 3180 5610 τὸ
3211 5557 3380 5627 ϐνομα
3414 5551 3588 5615 αὑτοῦ,
3623 5546 3737 5598 θεω⁴

2212 5641 2426 5712 ροῦντες
2452 5643 2610 5696 αὐτοῦ
2651 5640 2717 5696 τὰ
2747 5641 2948 5711 σημεῖα
2979 5639 3012 5694 ἂ
3039 5639 3230 5694 ἐποίει.
