3956 6202
247 218 351 276 769

1190 217 1687 278 PARAPHBASIS
1714 220 2229 280 lN.JOANNEM.—
2269 228 2419 286 CAP.
2463 228 2548 286 Ill.

3407 247 3513 307 170

244 335 313 389 16
340 334 501 389 Οὐτω
523 332 638 404 γὰρ
664 332 1018 407 πολύμορφον
1056 332 1281 405 ἐφίλατο
1310 336 1517 408 κόσμον
1549 338 1755 410 ἀλήτην

1929 342 2299 411 generationis
2346 347 2586 402 volvitur
2621 347 2839 407 ﬁrmum
2881 368 3077 410 aevum.
3118 355 3184 412 16
3227 357 3320 416 Sic
3358 363 3507 420 enim

250 425 565 497 ’Υψιμέδων
592 426 957 497 σκηπτοῦχος,
986 426 1069 479 ὅτι
1097 429 1483 499 χραισμήτορα
1508 429 1703 498 φωτῶν

237 516 561 585 Μουνογενῆ
586 517 761 585 Λόγον
791 511 898 571 Υἶα
926 517 1094 588 πόρεν
1118 518 1412 588 τετράζυγι
1443 521 1651 591 κόσμῳ,

240 603 431 676 Ὄφρα
464 622 557 675 μιν
575 604 635 669 δς
658 605 885 672 δέξοιτο,
920 607 1262 679 μετάτροπον
1288 604 1420 678 ἦθος
1450 610 1711 681 ἀμείψας,

234 698 433 750 Πίστιν
465 699 525 761 ἐς
555 698 946 768 ἀστυφέλικτον
976 699 1222 753 ἐκούσιον
1245 700 1451 770 αὐχένα
1474 701 1765 773 κάμπτων,

231 790 395 859 Ζωῆς
421 789 681 860 οὐρανίης
706 789 921 844 αἰώνιον
947 793 1028 855 είς
1056 792 1216 865 χορὸν
1245 792 1397 865 ἔλθῃ,

230 881 426 935 Ναίων
456 881 682 950 ἄφθιτον
714 878 861 935 οἷκον
890 882 950 935 ἐν
982 883 1246 955 εὐδένδρῳ
1273 886 1611 958 παραδείσῳ.

196 1034 209 1043 _
232 971 303 1023 17
337 971 413 1024 Οὐ
445 970 556 1042 7&9
583 970 673 1023 ἐὸν
699 971 872 1040 Λόγον
894 966 1001 1026 Υἷα
1020 974 1210 1046 Πατὴρ
1232 975 1365 1040 Θεὸς
1396 975 1585 1031 ὤπασε
1608 980 1823 1051 κόσμῳ,

228 1061 460 1131 Κόσμον
494 1061 581 1113 ἵνα
614 1061 818 1132 κρίνειε
848 1060 1139 1134 προώριον,
1168 1065 1302 1119 ἀλλὰ
1328 1066 1602 1121 πεσοῦσαν

242 1152 581 1224 Ἀνδρομέην
614 1154 701 1207 ἵνα
729 1156 911 1210 πᾶσαν
934 1158 1260 1229 άναστήσειε
1284 1159 1565 1233 γενέθλην.

229 1244 303 1299 18
335 1245 431 1307 ’ος
458 1244 517 1297 δέ
552 1262 645 1314 μιν
674 1245 944 1311 ἀπλανέος
971 1247 1200 1319 κραδίης
1231 1249 1505 1320 μειλίξατο
1536 1251 1726 1324 θεσμῷ

239 1335 441 1405 Ῥίψας
465 1335 731 1408 ήερίοισιν
758 1337 988 1393 ἀπειθέα
1016 1339 1221 1395 λύσσαν
1252 1341 1467 1413 άήταις,

240 1422 445 1494 Ὀρθὴν
478 1423 661 1477 πίστιν
684 1424 841 1494 ἔχων,
869 1426 930 1478 οὐ
956 1428 1199 1499 κρίνεται
1236 1449 1250 1462 ·
1284 1433 1334 1484 εί
1364 1432 1423 1484 δέ
1452 1449 1536 1496 τις
1561 1432 1700 1504 ἀνὴρ

237 1514 584 1587 Ἀνδρομέην
612 1516 706 1570 ἐπὶ
746 1517 924 1589 σάρκα
955 1521 1250 1591 νοοσφαλές
1279 1523 1436 1593 ὄμμα
1466 1527 1738 1591 τιταίνων,

226 1605 508 1677 Τολμήεις
535 1607 806 1663 ἐπέτασσε
832 1610 928 1681 θεη
938 1611 1111 1683 μάχον
1135 1614 1467 1686 ἀνθερεῶνα,

237 1697 411 1768 Ἀνὴρ
440 1698 692 1770 κέκριται
722 1696 896 1767 οὗτος,
926 1705 1009 1757 ὅτι
1040 1705 1389 1777 βραδυπειθέῖ
1417 1708 1574 1781 θυμῷ

221 1787 403 1843 Οὔπω
430 1789 613 1845 πίστιν
645 1792 850 1859 ἔδεκτο,
878 1794 972 1850 καὶ
994 1798 1055 1851 οὐ
1087 1799 1354 1871 μετέθηκε
1379 1802 1651 1874 μενοινὴν,

229 1881 395 1945 Υίέος
424 1881 670 1952 ὐψίστοιο
696 1884 830 1939 Θεοῦ
854 1887 1085 1943 Γενέταο
1108 1890 1346 1963 πιθήσας

230 1972 547 2043 Τηλυγέτου
580 1976 843 2049 Βασιλῆος
872 1979 930 2043 ἐς
957 1979 1182 2053 οὔνομα.
1220 1984 1287 2038 19
1317 1986 1614 2051 Δυσσεόέος
1639 1987 1696 2041 δέ

231 2066 459 2137 Κόσμου
492 2067 754 2137 σύγγονος
777 2071 871 2141 ἥδε
906 2072 1057 2127 πέλει
1087 2074 1290 2145 κρίσις.
1314 2074 1619 2148 Οὐρανόθεν
1652 2078 1762 2151 7&9

222 2155 343 2227 28
386 2157 484 2222 Εἰς
520 2158 687 2229 χθόνα
734 2159 938 2231 φέγγος
987 2163 1172 2217 ἵκανε·
1207 2164 1301 2219 καὶ
1335 2166 1615 2221 ἀσταθέων
1663 2167 1819 2235 γένος

1506 2254 1749 2327 [ἀνδρῶν

223 2332 472 2404 Φέγγεος
502 2336 907 2409 ἀστράπτοντος
934 2342 1154 2411 ἐφίλατο
1177 2344 1375 2416 μᾶλλον
1400 2346 1651 2417 ὁμίχλην,

225 2426 343 2479 Καὶ
373 2426 512 2495 φάος
538 2430 601 2483 οὐ
630 2431 917 2487 ποθέουσιν
952 2434 1080 2489 ὅσον
1107 2435 1269 2506 ζόφον
1293 2452 1307 2467 ⁸
1344 2436 1484 2508 ἔργα
1508 2438 1616 2509 7&9
1637 2436 1816 2492 αὐτῶν

225 2518 378 2584 Λοξά
411 2519 583 2577 πέλει.
626 2522 697 2576 20
732 2524 841 2579 Kal
872 2527 981 2589 πᾶς
1016 2544 1099 2590 τις
1130 2528 1271 2599 ἀνὴρ
1295 2528 1589 2598 ἀθεμίστια
1621 2529 1814 2600 ῥέζων,

230 2609 400 2675 Ἀξια
429 2612 620 2675 νυκτὸς
644 2614 803 2684 ἔχων,
840 2617 1056 2685 στυγέει
1088 2617 1247 2687 φάος,
1278 2618 1475 2672 οὐποτε
1504 2619 1680 2689 βαίνει

225 2698 330 2764 Εἰς
356 2703 493 2769 φάος
527 2705 934 2775 ἀγχικέλευθος,
968 2710 1118 2774 ὅπως
1150 2711 1224 2782 μὴ
1261 2712 1462 2782 φέγγος
1491 2714 1690 2785 ἐλέγξῃ·

228 2792 437 2861 Ἔργα,
464 2794 640 2865 τάπερ
664 2796 838 2851 τελέει
869 2801 1073 2873 κρυφίῃ
1110 2803 1499 2873 κεκαλυμμένα
1535 2807 1683 2875 σιγῇ.

222 2885 293 2938 21
339 2887 437 2949 '0;
462 2886 519 2939 δέ
543 2885 874 2961 θεουδείῃσιν
907 2892 1150 2963 ἐτήτυμα
1188 2894 1365 2947 πάντα
1393 2895 1676 2963 φυλάσσει,

225 2973 436 3037 Ἰξεται
464 2975 886 3042 αὐτοκέλευστος
907 2979 1013 3050 ὅπη
1044 2982 1198 3050 φάος,
1232 2983 1374 3053 ὄφρα
1401 2986 1593 3055 φανείη

228 3065 437 3136 Ἔργα,
467 3066 643 3139 τάπερ
671 3070 865 3139 ποίησε
894 3070 1030 3124 Θεοῦ
1063 3073 1421 3145 τετελεσμένα
1449 3074 1635 3146 βουλῇ.

227 3157 491 3213 Ἐννεπε.
563 3160 635 3214 22
672 3162 780 3215 Καὶ
816 3163 1111 3233 μετέπειτα
1139 3166 1296 3220 πέδον
1321 3168 1603 3223 Γαλιλαῖον
1628 3168 1815 3234 ἐάσας,

236 3251 435 3320 ’Ᾱγνδν
471 3252 738 3306 Ἰουδαίων
768 3254 1072 3309 ὑπεδύσατο
1103 3257 1303 3310 κόλπον
1338 3259 1600 3331 ἀρούρης.

225 3341 342 3394 Καὶ
368 3340 503 3405 Θεὸς
525 3341 711 3395 αὐτόθι
740 3343 905 3414 μίμνε
933 3346 1030 3398 σὺν
1060 3346 1351 3401 ἀντιθέοισι
1384 3349 1673 3420 μαθηταῖς,

226 3429 518 3484 Ναιετάων
546 3430 750 3484 ὀθνεῖον
789 3431 1053 3489 ἐναύλιον.
1090 3435 1419 3506 Ἀγχιπὸρου
1442 3438 1499 3490 δέ

227 3520 398 3591 Γαίης
424 3520 582 3573 αἰόλα
607 3520 750 3590 φῦλα
772 3521 920 3593 σοφῷ
953 3523 1246 3593 βαπτίζετο
1273 3526 1496 3598 ῥείθρῳ,

226 3612 468 3683 Σμήχων
485 3612 789 3685 ἀνδρομέης
804 3614 1033 3685 κραδίης
1046 3615 1112 3686 ρύ
1120 3634 1238 3670 πον.
1265 3617 1335 3670 9.5
1347 3612 1452 3672 Ἦν
1464 3618 1520 3672 δὲ
1544 3619 1638 3674 καὶ
1656 3619 1819 3683 αὐτὸς

224 3702 386 3766 Θείος
433 3702 691 3773 Ἰωάννης
718 3703 1003 3758 θεοπειθέα
1030 3706 1158 3759 λαὸν
1186 3705 1393 3777 ἀλήτην

232 3796 428 3850 ’Υδατι
471 3796 749 3867 βαπτίζων
782 3797 1158 3870 βαθυκύμονος
1191 3800 1383 3869 ἐγγύθι
1412 3801 1639 3872 Σαλείμ.

230 3889 391 3942 Κεῖθι
420 3889 534 3960 7&9
566 3890 890 3963 εὐρυπόροιο
918 3889 1295 3961 κυλινδομένου
1342 3894 1606 3961 ποταμοῖο

230 3980 519 4052 Χεύμασιν
547 3981 765 4047 ἀενάοις
794 3980 1117 4053 κυμαίνεται
1149 3981 1379 4052 ἄφθονον
1413 3980 1558 4054 ὕδωρ

235 4074 469 4143 Ἀρκιον
500 4075 581 4127 είν
612 4073 691 4127 ἐνὶ
720 4075 907 4128 πᾶσιν.
944 4071 1353 4126 Ἐκυκλώσαντο
1377 4071 1434 4126 δὲ
1459 4072 1578 4126 λαοὶ

232 4165 507 4237 Εὐσεϐίης
533 4167 631 4221 ἕνα
656 4167 834 4237 φῶτα,
858 4166 954 4221 καὶ
978 4164 1176 4237 ἀψινόῳ
1213 4165 1465 4237 μετανοίῃ

244 4257 594 4327 Ἀμπλακίας
622 4259 922 4322 νίπτοντες,
961 4258 1341 4328 ἐφαιδρύνοντο
1375 4257 1640 4330 ῥεέθροις.

232 4346 301 4403 94
323 4348 498 4403 Οὐπω
523 4349 633 4422 7&9
658 4349 747 4404 διὰ
770 4349 996 4422 λέκτρον
1025 4349 1407 4421 άμερσιγάμου
1439 4348 1693 4420 βασιλῆος

1934 434 2143 488 varium
2174 434 2366 492 dilexit
2408 438 2673 495 mundum
2704 452 2980 499 errantem
3020 437 3354 519 A'ltiregens,
3390 466 3513 509 sce-

1931 524 2257 594 ptritenens,
2280 535 2338 582 ut
2367 529 2672 599 adjutorem
2695 533 2976 592 hominum
3000 536 3354 611 Unigenitum
3379 544 3515 602 Ver-

1931 615 2060 670 bum
2092 615 2285 673 Filium
2315 620 2527 677 dederit
2570 624 2900 698 quadrijugo
2936 631 3162 697 mundo,
3192 632 3284 702 Ut,
3329 637 3508 708 ipsum

1930 707 2021 777 qui
2066 712 2354 781 receperit,
2400 715 2684 772 versatiles
2732 733 2914 776 mores
2962 720 3279 793 immutans,
3312 727 3509 795 ,Fidem

1928 799 1997 854 ad
2056 801 2268 857 ﬁrmam
2319 805 2681 862 voluntariam
2734 812 3002 867 cervicem
3078 813 3327 884 ﬂectens,
3381 821 3513 876 Vita:

1928 889 2169 947 cmlestis
2199 902 2459 950 aeternum
2493 897 2547 951 in
2570 906 2773 956 emtum
2798 904 3001 966 veniat,
3031 902 3294 962 Habitans
3329 909 3509 965 ineor-

1926 990 2145 1052 ruptam
2197 984 2419 1039 domum
2484 987 2539 1041 in
2603 990 2898 1046 arboribus
2963 996 3179 1051 consito
3227 999 3504 1067 paradiso.

1929 1070 1996 1123 17
2044 1070 2164 1127 Non
2211 1074 2358 1128 enim
2405 1075 2639 1132 Verbum
2690 1095 2853 1135 suum
2900 1080 3095 1138 Filium
3144 1086 3288 1144 Deus
3345 1088 3509 1146 Pater

1926 1162 2076 1218 dedit
2103 1165 2328 1230 mundo,
2360 1165 2621 1223 Mundam
2646 1177 2706 1224 ut
2733 1169 2944 1239 judicet
2978 1182 3103 1230 ante
3139 1183 3376 1249 tempus,
3408 1183 3505 1238 sed

1926 1253 2136 1324 lapsam
2168 1254 2471 1311 Humanam
2507 1266 2567 1313 ut
2604 1275 2820 1316 omnem
2868 1265 3160 1321 resuscitet
3199 1272 3507 1337 generatio-

1925 1361 2072 1401 nem.
2119 1348 2185 1403 18
2229 1350 2330 1414 Qui
2374 1350 2540 1421 igitur
2566 1351 2744 1422 ipsum
2790 1354 2929 1409 ﬁrmi
2977 1359 3161 1415 cordis
3209 1362 3507 1431 placaverit

1925 1435 2064 1507 lege,
2113 1440 2395 1508 Abjiciens
2442 1443 2617 1498 aereis
2666 1444 3001 1501 incredulam
3049 1450 3261 1506 rabiem
3304 1456 3504 1522 ventis,

1925 1526 2149 1585 Rectam
2185 1533 2344 1589 ﬁdem
2381 1535 2609 1604 habens,
2653 1553 2761 1593 non
2790 1540 3105 1609 judicatur:
3141 1544 3189 1599 si
3217 1560 3349 1601 vero
3375 1548 3503 1617 quis

1925 1621 2009 1675 vir
2060 1622 2363 1679 Humanam
2408 1628 2463 1681 in
2512 1643 2735 1685 carnem
2782 1640 2966 1689 mente
3014 1644 3234 1705 captum
3283 1639 3506 1693 oculum

1854 1733 1896 1788 Β
1925 1709 2187 1782 dirigens,
2222 1714 2413 1770 Audax
2457 1721 2734 1788 aperuerit
2781 1722 2889 1778 Deo
2931 1739 3243 1796 repugnans
3287 1744 3373 1794 os,
3409 1729 3509 1786 Vir

1918 1802 2198 1873 judicatus
2239 1817 2324 1863 est
2353 1809 2462 1873 hic,
2499 1813 2624 1881 quia
2650 1815 2805 1869 tarde
2848 1816 3107 1873 credente
3146 1819 3333 1875 animo
3360 1821 3507 1877 Non-

1922 1894 2053 1949 dum
2091 1897 2251 1952 ﬁdem
2295 1902 2561 1970 suscepit,
2604 1912 2657 1957 et
2704 1919 2810 1959 non
2844 1910 3235 1965 transmutavit
3280 1923 3505 1968 senten-

1922 1986 2075 2051 tiam,
2107 1986 2230 2043 Filii
2265 1991 2522 2047 altissimi
2549 1992 2643 2048 Dei
2683 1994 2861 2051 Patris
2886 1997 3119 2054 credens
3159 1998 3333 2055 Unice
3358 2003 3504 2059 dile-t

1920 2076 1995 2129 eti
2032 2076 2195 2149 Regis
2227 2080 2283 2134 in
2310 2095 2531 2136 nomen.
2569 2083 2635 2138 19
2664 2084 2818 2154 lmpii
2861 2094 3041 2142 autem
3082 2088 3265 2144 Mundi
3303 2107 3504 2161 conge-

1920 2165 2093 2219 nitum
2132 2168 2235 2222 hoc
2277 2176 2361 2224 est
2386 2168 2678 2239 judicium.
2706 2172 2816 2241 29
2844 2172 3075 2231 leitus
3112 2177 3257 2231 enim
3300 2177 3356 2230 ln
3396 2186 3504 2233 ter-

1918 2270 2035 2309 ram
2072 2258 2254 2313 lumen
2294 2260 2463 2325 venit,
2510 2268 2565 2315 et
2612 2261 2951 2317 instabilium
3003 2279 3175 2335 genus
3219 2267 3501 2325 hominum

1919 2343 2151 2400 Lumine
2192 2346 2431 2418 fulgente
2480 2348 2672 2406 dilexit
2722 2353 2896 2421 magis
2953 2354 3261 2424 caliginem,
3309 2356 3374 2412 Et
3425 2359 3503 2415 lu-

1919 2450 2044 2489 men
2070 2451 2177 2490 non
2206 2428 2521 2493 desiderant
2552 2451 2813 2510 quantum
2847 2444 3100 2498 tenebras
3130 2461 3329 2515 :opera
3356 2450 3501 2504 enim

1918 2523 2163 2591 ipsorum
2206 2525 2384 2580 Curva
2412 2537 2592 2583 erant.
2624 2529 2694 2583 20
2725 2528 2790 2583 Et
2820 2532 3135 2603 quicunque
3178 2534 3263 2588 vir
3290 2537 3501 2597 nefaria

1920 2614 2333 2689 faciens,Digna
2366 2628 2529 2675 nocte
2559 2620 2789 2687 habens,
2836 2622 2950 2677 odit
2992 2624 3199 2688 lumen,
3245 2642 3347 2681 nec
3396 2643 3503 2687 un-

1917 2720 2082 2774 quam
2118 2707 2264 2761 venit
2290 2707 2347 2761 ln
2379 2709 2555 2763 lucem
2587 2710 2844 2776 vicinam,
2895 2727 2963 2766 ne
2995 2712 3175 2769 lumen
3212 2715 3502 2787 redarguat

1918 2795 2097 2866 Opera
2131 2813 2253 2869 quae
2282 2797 2419 2853 facit
2447 2799 2665 2854 occulto
2705 2808 2847 2854 tecta
2880 2802 3121 2859 silentio.
3148 2804 3212 2858 21
3241 2805 3343 2871 Qui
3369 2824 3501 2863 vero

1918 2887 2121 2956 pietate
2160 2904 2287 2944 vera
2318 2891 2501 2947 omnia
2527 2890 2789 2956 custodit,
2830 2890 3022 2948 Veniet
3048 2904 3240 2963 sponte
3283 2898 3375 2951 ubi
3417 2899 3502 2952 lu-

1922 3005 2069 3054 men,
2097 2996 2158 3044 ut
2200 2991 2620 3047 manifestentur
2656 2992 2832 3063 Opera
2876 3010 2996 3063 quae
3026 2994 3154 3051 fecit
3197 2996 3290 3052 Dei
3320 2996 3507 3069 perfe-

1921 3100 2009 3147 cta
2039 3094 2338 3150 voluntate.
2366 3093 2531 3148 Dixit.
2576 3096 2647 3149 2‘2
2680 3096 2744 3150 Et
2773 3097 3033 3168 deinceps
3061 3113 3254 3170 campo
3277 3100 3504 3157 Galilao

1921 3197 2135 3260 relicto,
2170 3198 2429 3253 Sanctum
2469 3198 2783 3255 Iudaeorum
2810 3202 2979 3256 subiit
3006 3202 3188 3257 sinum
3219 3213 3399 3259 terrae.
3434 3204 3503 3261 Et

1918 3300 2065 3357 Deus
2112 3301 2183 3356 ibi
2228 3302 2432 3358 mansit
2473 3319 2597 3359 cum
2642 3304 2844 3361 divinis
2889 3304 3198 3377 discipulis,
3234 3306 3501 3369 llahitans

1919 3405 2157 3461 alienum
2192 3407 2556 3462 domicilium.
2605 3407 2932 3479 Propinqua:
2962 3426 3092 3465 vero
3114 3411 3295 3468 Terra:
3319 3415 3502 3472 varias

1919 3508 2099 3563 tribus
2131 3508 2365 3578 sapienti
2403 3508 2713 3580 baptizabat
2741 3509 2915 3576 ﬂuxu,
2942 3512 3275 3584 Abstergens
3300 3517 3369 3571 ab
3401 3517 3503 3572 hu-

1918 3629 2083 3669 mano
2114 3615 2279 3672 corde
2313 3616 2527 3671 sordes.
2564 3616 2634 3670 23
2666 3615 2798 3671 Erat
2824 3625 3004 3673 autem
3035 3626 3090 3674 et
3125 3619 3243 3689 ipse
3271 3619 3500 3678 Divinos

1916 3716 2158 3775 Joannes
2202 3718 2314 3775 Deo
2360 3720 2674 3776 credentem
2712 3720 2973 3790 populum
3023 3730 3299 3777 errantem
3342 3724 3499 3794 Aqua

1918 3820 2226 3893 baptizans,
2263 3821 2520 3893 profundi
2568 3822 2748 3876 ﬂuxus
2777 3821 2933 3891 juxta
2981 3822 3185 3879 Salem.
3223 3823 3301 3879 Ibi
3352 3827 3499 3881 enim

1918 3926 2108 3983 vadosi
2137 3926 2302 3982 veluti
2332 3925 2573 3982 ﬂuminis
2606 3924 2870 3981 Fluxibus
2901 3926 3182 3996 perpetuis
3202 3925 3501 3985 ﬂuctuabat

1920 4031 2069 4103 larga
2110 4046 2275 4103 aqua,
2329 4030 2615 4088 Sufﬁciens
2653 4046 2763 4087 una
2816 4032 3097 4088 omnibus.
3132 4032 3501 4092 Circumdedit

1920 4144 2100 4191 autem
2136 4135 2372 4207 populus
2402 4134 2626 4192 Pietatis
2663 4136 2884 4191 unicum
2922 4136 3121 4203 virum,
3162 4146 3217 4193 et
3246 4152 3372 4195 sero
3410 4153 3501 4194 sa-

1918 4243 2099 4314 piente
2141 4242 2459 4314 paenitentia
2520 4241 2712 4298 Errata
2772 4242 3020 4301 lavantes
3071 4244 3501 4314 puriticabantur

1921 4348 2159 4404 ﬂuentis.
2207 4347 2278 4403 21
2326 4346 2577 4405 Nondum
2616 4349 2759 4404 enim
2788 4356 3010 4422 propter
3052 4349 3350 4405 thalamum
3392 4364 3499 4405 nu-

1439 4464 1720 4522 TEXTUS
1760 4462 2285 4521 EVANGELISTAS.

305 4558 377 4615 16
409 4557 568 4612 Οὐτω
600 4557 710 4630 γὰρ
740 4558 1028 4629 ἠγάπησεν
1063 4561 1092 4614 6
1124 4560 1254 4623 Θεὸς
1288 4558 1379 4613 τὸν
1424 4558 1649 4630 κόσμον,
1675 4557 1815 4611 ὥστε
1850 4563 1897 4623 ι)
1919 4558 2020 4612 οὐκ
2059 4558 2273 4631 ἔρχεται
2303 4558 2440 4630 πρὸς
2470 4558 2533 4613 τὸ
2558 4558 2677 4628 φῶς
2696 4573 2712 4589 ο
2763 4558 2852 4612 ἵνα
2885 4558 2961 4629 μὴ
2992 4556 3221 4629 ἐλεγχθῇ
3247 4554 3317 4610 τά
3363 4553 3501 4627 I971.

235 4643 325 4698 τὸν
359 4643 494 4696 Υἰὸν
543 4642 710 4695 αὐτοῦ
759 4642 855 4696 τὸν
911 4644 1172 4713 μονογενῆ
1223 4643 1444 4704 ἔδωκεν,
1503 4642 1591 4695 ἵνα
1636 4643 1744 4705 πᾶς
1791 4643 1820 4694 6

238 4724 516 4780 πιστεύων
556 4727 638 4790 είς
678 4726 843 4780 αὐτὸν
890 4727 965 4800 μὴ
1014 4726 1305 4797 ἀπόληται,
1358 4726 1475 4780 ἀλλ’
1523 4724 1621 4797 ἔχῃ
1674 4723 1820 4797 ζωὴν

238 4810 481 4865 αἰώνιον.

309 4893 381 4947 17
427 4893 504 4946 Οὐ
538 4892 649 4966 7&9
682 4893 1003 4948 ἀπέστειλεν
1036 4893 1065 4946 ό
1098 4891 1232 4956 Θεὸς
1262 4891 1351 4945 τὸν
1383 4890 1511 4945 Υἱδν
1549 4890 1712 4944 αὑτοῦ
1742 4892 1821 4955 είς

240 4976 329 5029 τὸν
372 4977 599 5046 κόσμον,
637 4979 724 5031 ἴνα
761 4978 923 5049 κρίνῃ
951 4978 1041 5031 τὸν
1088 4977 1315 5046 κόσμον,
1353 4974 1469 5028 ἀλλ’
1507 4975 1594 5029 ἵνα
1619 4977 1763 5047 σωθῇ
1795 4978 1823 5029 ό

241 5059 446 5129 κόσμος
475 5060 542 5113 δι’
573 5060 763 5114 αὐτοῦ.

312 5146 379 5199 18
412 5145 471 5197 ’0
502 5144 772 5197 πιστεύων
810 5144 889 5206 είς
920 5142 1103 5206 αὐτὸν,
1146 5142 1207 5194 οὐ
1262 5142 1541 5213 κρίνεται·
1600 5142 1628 5194 ὁ
1653 5141 1709 5194 δέ
1748 5142 1821 5212 μὴ

245 5227 536 5289 πιστεύων,
583 5228 683 5298 ήδη
724 5227 998 5298 κέκριται,
1038 5227 1121 5279 ὃτι
1160 5225 1233 5297 μὴ
1267 5226 1629 5280 πεπίστευκεν
1658 5230 1736 5291 εἰς
1762 5228 1822 5281 τὸ

246 5309 414 5363 δνοιια
447 5314 542 5363 τοῦ
574 5309 896 5381 μονογενοῦς
927 5308 1059 5362 Υἱοῦ
1086 5307 1178 5361 τοῦ
1205 5307 1362 5361 Θεοῦ.

317 5392 385 5446 19
416 5392 564 5463 Αὐτη
598 5391 655 5445 δέ
689 5392 900 5463 ἐστινὴ
940 5392 1141 5462 κρίσις,
1188 5390 1268 5443 ὅτι
1301 5390 1362 5443 τὸ
1406 5390 1522 5459 φῶς
1563 5389 1820 5461 ἐλήλυθεν

247 5474 327 5538 είς
362 5475 453 5527 τὸν
492 5477 716 5546 κόσμον,
754 5476 846 5529 καὶ
894 5474 1189 5546 ἠγάπησαν
1228 5474 1276 5526 οἱ
1308 5474 1585 5545 ἄνθρωποι
1620 5474 1819 5544 μᾶλλον

247 5556 310 5610 τὸ
333 5558 521 5621 σκότος
548 5558 581 5628 ἢ
608 5558 669 5611 τὸ
699 5559 813 5628 φῶς
833 5574 847 5588 ο
898 5552 966 5626 ἦν
993 5558 1100 5627 γὰρ
1126 5556 1338 5628 πονηρὰ
1362 5556 1540 5608 αὐτῶν
1570 5557 1637 5609 τὰ
1663 5556 1819 5629 ἔργα.

322 5641 387 5697 9-0
419 5644 534 5705 Πᾶς
569 5642 672 5715 γὰρ
702 5644 729 5694 ό
757 5640 935 5711 φαῦλα
972 5643 1255 5710 πράσσων,
1286 5644 1433 5712 μισεῖ
1462 5641 1519 5695 τὸ
1552 5642 1695 5710 φῶς·
1724 5644 1819 5694 καὶ

1926 4658 2112 4695 αυτου.

1996 4723 2138 4776 21⁹Ο
2163 4722 2219 4775 δέ
2252 4722 2420 4775 ποιῶν
2439 4721 2536 4792 τήν
2564 4721 2842 4793 ἀλήθειαν,
2867 4719 3085 4791 ἔρχεται
3110 4718 3245 4787 πρὸς
3273 4716 3334 4769 τὸ
3360 4715 3495 4784 φῶς,

1926 4808 2012 4860 ἵνα
2065 4806 2351 4877 φανερωθῇ
2404 4804 2567 4859 αὐτοῦ
2615 4804 2682 4858 τὰ
2745 4803 2905 4875 ἔργα,
2960 4803 3042 4856 ὃτι
3102 4803 3159 4853 ἐν
3196 4798 3316 4869 Θεῷ
3352 4800 3498 4853 ἐστιν

1920 4888 2276 4961 είργασμένα.

1991 4972 2060 5026 22
2092 4972 2247 5026 Μετά
2296 4971 2470 5026 ταῦτα
2522 4966 2687 5044 ἦλθεν
2722 4972 2754 5025 6
2794 4966 3000 5041 Ἰησοῦς
3032 4966 3126 5020 καὶ
3166 4965 3215 5018 oi
3261 4966 3498 5037 μαθηταὶ

1920 5054 2085 5108 αὑτοῦ
2118 5056 2198 5118 είς
2236 5056 2336 5126 τὴν
2373 5054 2632 5108 Ἰουδαίαν
2666 5054 2801 5123 γῆν·
2844 5051 2936 5105 καὶ
2968 5051 3084 5103 ἐκεῖ
3114 5048 3348 5118 διέτριϐε
3379 5050 3499 5119 μετ’

1921 5140 2098 5193 αὐτῶν
2128 5138 2220 5193 καὶ
2254 5138 2564 5203 ἐϐάπτιζεν.

1990 5223 2061 5277 25
2088 5220 2195 5275 Ἦν
2221 5222 2276 5275 δὲ
2304 5222 2396 5275 καὶ
2431 5220 2683 5290 Ἰωάννης
2719 5216 2995 5287 βαπτίζων
3025 5217 3081 5269 ἐν
3113 5213 3306 5275 Αἰνὼν,
3333 5213 3498 5281 ἐγγὺς

1919 5303 2013 5356 τοῦ
2042 5305 2266 5374 Σαλείμ,
2306 5305 2387 5356 ὅτι
2429 5304 2595 5356 ὕδατα
2637 5299 2809 5352 πολλά
2857 5294 2925 5369 ἦν
2954 5298 3101 5349 ἐκεῖ·
3138 5296 3233 5349 καὶ
3266 5296 3499 5366 παρεγί-

1917 5403 2069 5443 νοντο
2100 5382 2191 5439 καὶ
2222 5386 2596 5450 ἐϐαπτίζοντο.

1983 5469 2058 5523 26
2100 5468 2267 5523 Οὔπω
2308 5469 2415 5543 7&9
2452 5464 2518 5539 ἦν
2550 5466 2882 5539 βεϐλημένος
2924 5466 3004 5531 είς
3039 5467 3139 5538 τὴν
3184 5460 3430 5536 φυλακὴν
3456 5462 3487 5516 6

1930 5551 2199 5623 Ἰωάννης.
