3956 6202
457 257 557 312 77!

1737 237 1946 300 ΝΟΝΝΙ
1986 242 2491 300 PANOPOLITAM

3636 249 3739 305 772

455 377 591 446 ptiis
651 374 918 446 privantis
971 371 1116 443 regis
1171 369 1403 421 Domum
1460 378 1674 434 semper
1725 362 2048 418 custoditam

2172 355 2322 412 ῡῖκον
2349 357 2746 430 ἀειφρούρητον
2773 358 3000 414 ἐδύσατο
3035 360 3249 431 πομπὸν
3274 360 3495 432 ὀλέθρου

459 467 632 522 subiit
659 467 958 522 ductricem
987 460 1134 517 exitii
1168 457 1392 510 Divinus
1423 459 1506 509 vir
1529 454 1770 524 graviter
1803 451 2040 507 vinctus.

457 560 530 615 25
572 558 861 615 Contentio
909 568 1038 608 vero
1083 550 1330 621 quaedam
1373 548 1439 602 de
1484 544 1860 616 puriﬁcatione
1913 543 2044 596 Erat

460 649 724 706 saerilicis
779 644 1006 699 Joannis
1069 640 1354 710 discipulis
1416 638 1642 691 "(El)wa
1711 651 1836 690 cum
1904 634 2042 689 viro.

459 739 530 792 ‘26
574 737 856 792 Concitato
901 745 1028 787 vero
1061 731 1196 802 pede
1244 728 1523 783 Venerunt
1573 729 1640 781 ad
1687 727 1864 786 virum
1909 725 2048 779 divi-

462 842 612 890 num,
651 824 1135 891 demulseruntque
1163 835 1414 876 sermone
1450 837 1464 873 :
1498 817 1672 872 Tenui
1705 818 1914 870 hirsuta
1957 818 2045 869 in-

458 917 649 970 dutum
694 916 869 968 virum
913 913 1120 976 tunica,
1167 911 1364 970 Rabbi,
1405 910 1729 966 salutarium
1777 922 2044 976 aquarum

458 1008 721 1078 primarie
777 1019 979 1074 praeco,
1041 1003 1144 1070 Qui
1195 1010 1314 1058 erat
1365 1012 1549 1056 tecum
1607 1011 1761 1055 trans
1809 997 2048 1052 lluniinis

458 1100 661 1161 ﬂuxus,
696 1095 871 1161 Quem
919 1103 975 1149 tu
1010 1110 1077 1150 ex
1111 1093 1222 1148 Deo
1256 1100 1444 1148 natum
1495 1092 1726 1161 sapienti
1753 1089 2046 1144 conﬁrma-

459 1190 527 1245 sti
556 1188 746 1250 verbo,
781 1185 880 1240 llic
906 1186 1117 1240 habens
1153 1184 1513 1238 imitationem
1547 1181 1624 1234 tui
1663 1181 1784 1250 puri
1818 1179 2043 1243 lavacri,

458 1279 776 1349 Baptizabat
808 1277 918 1346 3o
963 1277 1134 1330 multo
1187 1275 1383 1345 magis,
1445 1282 1499 1328 et
1561 1271 1820 1326 concordi
1865 1270 2047 1325 animo

466 1368 771 1423 Promiseui
806 1369 968 1422 nubis
1010 1367 1065 1420 in
1106 1366 1329 1420 modum
1359 1379 1551 1418 omnes
1594 1363 1854 1418 festinant
1877 1363 2044 1424 cives,

460 1459 755 1529 Cupientes
796 1459 941 1512 illius
968 1456 1228 1525 consequi
1259 1456 1502 1510 divinum
1544 1454 1845 1507 lavacrum.
1878 1451 1944 1504 27
1984 1451 2047 1504 Et

463 1553 598 1621 ipsis
645 1551 1108 1619 respondentibus
1145 1563 1306 1602 verax
1344 1547 1480 1600 dixit
1515 1546 1630 1599 vir‘
1669 1545 1820 1599 Nihil
1853 1558 2047 1614 capere

462 1647 642 1711 potest
669 1640 868 1709 aliquis
898 1639 1216 1694 caalcstibus
1238 1654 1268 1692 e
1305 1639 1518 1692 sinibus
1554 1635 1668 1691 Nisi
1704 1637 1806 1690 hoc
1847 1650 2045 1689 munus

2146 449 2217 502 25
2231 447 2383 511 Θεῖος
2399 447 2540 519 ἀνὴρ
2557 448 2918 519 βαρύδεσμος.
2935 450 3090 520 Ἔρις
3111 449 3168 502 δέ
3185 468 3268 512 τις
3288 451 3433 520 ἀμφὶ
3449 447 3738 520 καθαρμοῦ

2150 541 2385 594 Ἐπλετο
2422 540 2834 610 μυστιπόλοισιν
2881 540 3132 594 Ἰωάνναο
3164 541 3434 612 μαθηταῖς

2159 627 2410 700 Ἐϐραίου
2445 630 2584 699 μετά
2617 629 2812 698 φωτός.
2841 627 2912 682 26
2945 629 3301 700 Ἐρειλίξάντο
3326 632 3384 686 δὲ
3415 632 3619 704 πεδίλῳ

2146 714 2349 772 Ἦλθον
2373 721 2431 783 ἐς
2458 719 2627 788 ἀνέρα
2653 719 2796 772 θεῖον
2817 737 2830 750 ⁸
2859 719 3200 791 ἐμειλίξαντο
3230 721 3288 773 δὲ
3315 721 3472 793 μύθῳ
3495 739 3510 754 ο

2151 811 2462 880 Λεπτοφυεῖ
2501 810 2671 880 λασίῳ
2703 811 3121 882 πεπυκασμένον
3149 811 3316 883 ἄνδρα
3339 815 3551 883 χιτῶνι,

2161 902 2410 966 Ῥαϐϐὶν,
2437 901 2774 966 ἀλεξικάκων
2814 903 3022 956 ὑδάτων
3054 904 3367 976 πρωτόθροε
3399 907 3602 978 κήρυξ,

2150 993 2340 1056 Ὅστις
2370 991 2465 1062 ἐην
2491 993 2628 1062 μετά
2655 995 2768 1045 σεῖο
2797 992 2971 1061 πέρην
3003 995 3266 1063 ποταμοῖο
3295 994 3494 1063 ῥοάων,

2155 1083 2250 1135 Ὃν
2276 1083 2340 1134 σὺ
2376 1080 2511 1134 Θεοῦ
2540 1081 2796 1150 γεγαῶτα
2833 1080 2983 1151 σοφῷ
3028 1080 3300 1134 πιστώσαο
3333 1081 3506 1152 μύθῳ,

2149 1170 2318 1236 Οὗτος
2337 1173 2476 1243 ἔχων
2513 1174 2739 1244 μίμημα
2765 1171 2890 1226 τεοῦ
2918 1171 3179 1242 καθαροῖο
3205 1172 3452 1243 λοετροῦ,

2149 1265 2252 1336 31
2305 1264 2563 1328 Βαπτίζει
2593 1263 2726 1317 πολὺ
2760 1263 2959 1334 μᾶλλον
2984 1280 2996 1292 ·
3022 1263 3274 1335 ὁμοζήλῳ
3293 1264 3349 1316 δὲ
3378 1268 3599 1336 μενοινῇ

2149 1359 2219 1409 Συ
2229 1357 2458 1428 μμιγέες
2483 1356 2768 1426 νεφεληδὸν
2797 1356 2909 1409 ὅλοι
2947 1355 3237 1408 σπεύδουσι
3269 1357 3500 1420 πολῖται,

2160 1451 2382 1521 Ἱέμενοι
2412 1450 2613 1504 κείνοιο
2645 1453 2828 1520 τυχεῖν
2868 1449 3032 1502 θείοιο
3059 1448 3302 1520 λοετροῦ.

2146 1543 2212 1597 27
2250 1543 2358 1595 Καί
2389 1560 2513 1610 σφιν
2537 1541 2982 1613 ἀμειϐομένοισιν
3012 1541 3282 1611 ἐτήτυμος
3307 1540 3528 1596 ἔννεπεν
3565 1544 3730 1619 ἀνήρ·

2149 1635 2313 1687 Ούδὲν
2347 1634 2486 1686 ἐλεῖν
2510 1633 2733 1686 δύναταί
2758 1650 2842 1694 τις
2869 1633 3210 1703 ἐπουρανίων
3241 1633 3349 1685 ἀπὸ
3374 1633 3618 1699 κόλπων,

461 1702 724 1786 divinitus
749 1731 1011 1785 donatum
1047 1731 1230 1785 fuerit.
1266 1729 1336 1785 28
1365 1729 1474 1784 Vos
1503 1739 1671 1784 testes
1703 1729 1836 1782 estis
1861 1727 2045 1781 scicn-

2172 1728 2212 1779 Ξί
2241 1725 2314 1796 μὴ
2349 1725 2507 1778 τοῦτο
2527 1725 2694 1794 γέρας
2726 1723 2912 1776 θεόθεν
2935 1702 3330 1794 κεχαρισμένον
3345 1723 3454 1795 εἴη.

463 1832 569 1886 tes,
612 1823 831 1891 quando
874 1823 1076 1892 populo
1111 1822 1311 1892 Aperte
1357 1822 1468 1876 divi
1525 1836 1700 1876 meam
1732 1835 1915 1875 veram
1954 1834 2049 1873 vo-

463 1929 579 1968 cem
611 1934 623 1967 :
657 1913 906 1968 Christus
949 1913 1064 1968 Rex
1097 1929 1204 1968 non
1241 1929 1383 1977 sum,
1432 1914 1600 1967 vitam
1645 1927 1904 1976 servans;
1955 1909 2049 1966 sed

466 2023 551 2062 me
601 2008 750 2063 illius
801 2008 1114 2079 Altiregens
1169 2008 1434 2080 prremisit
1494 2008 1636 2064 Deus
1693 2008 1887 2062 ducem
1931 2008 2046 2060 viae.

461 2097 531 2152 29
563 2097 827 2169 Sponsam
872 2099 964 2168 qui
1007 2099 1188 2164 habet,
1221 2106 1307 2154 est
1351 2115 1632 2168 sponsus:
1674 2113 1840 2167 prope
1885 2111 2051 2166 appa-

466 2207 594 2245 rens
636 2207 766 2244 vero
795 2191 914 2260 Ipso
949 2192 1228 2260 loquente,
1259 2200 1311 2245 et
1333 2199 1487 2246 stans
1516 2199 1570 2245 et
1601 2192 1851 2252 audiens,
1892 2190 2050 2242 Auri-

466 2283 568 2336 bus
599 2283 885 2336 oblectatis
936 2282 1205 2350 recipiens
1241 2289 1561 2334 consuetam
1605 2296 1815 2342 vocem,
1840 2278 2051 2333 Gaudio

466 2372 606 2426 ﬁdus
639 2373 851 2425 aulicus
897 2373 1166 2436 exsultat;
1205 2383 1392 2424 nostra
1429 2387 1554 2425 vero
1593 2371 1888 2426 Delectatio
1925 2387 2050 2440 per-

467 2462 607 2514 fecta
643 2467 726 2512 est
756 2460 912 2512 valde
941 2458 1202 2527 optanda.
1230 2460 1299 2512 50
1330 2461 1510 2513 Altum
1541 2461 1686 2512 enim
1725 2461 1879 2513 Illum
1913 2476 2050 2514 sem-

465 2565 561 2620 per
596 2565 820 2603 necesse
849 2557 930 2603 est
957 2549 1155 2602 habere
1195 2559 1593 2604 recrescentem
1625 2551 1877 2621 gloriam,
1907 2551 2049 2606 Tan-

463 2655 626 2709 quam
657 2639 846 2705 Deum,
879 2638 1276 2706 immortalem;
1316 2655 1402 2695 me
1443 2651 1623 2695 autem
1660 2642 1933 2697 hominem
1965 2650 2050 2698 est

466 2746 692 2786 necesse
717 2730 955 2784 Minores
992 2744 1280 2784 mensuras
1311 2731 1476 2794 ferre,
1509 2734 1635 2801 quia
1674 2733 1903 2790 minoris
1927 2750 2048 2788 sum

465 2821 868 2891 generationis.
901 2819 962 2874 51
1000 2818 1098 2872 llic
1123 2819 1217 2888 qui
1253 2820 1320 2874 ab
1355 2821 1463 2874 alto
1493 2823 1640 2875 venit
1667 2824 1986 2878 coelestibus
2021 2839 2052 2878 e

465 2912 702 2973 sinibus,
737 2910 912 2979 Supra
955 2923 1149 2963 omnes
1183 2909 1288 2964 alte
1324 2910 1584 2974 incessit;
1618 2912 1711 2980 qui
1743 2927 1873 2966 vero
1897 2922 2052 2968 terra:

467 3003 787 3072 sanguinem
828 3001 952 3061 l‘ert,
1001 2999 1259 3067 Loquens
1308 3009 1467 3055 terra:
1510 3016 1700 3070 Opera,
1743 3008 1828 3057 est
1877 3012 2050 3058 terre-
2079 3040 2119 3094 ε

464 3095 595 3148 stris
625 3095 724 3146 vir.
757 3092 826 3145 52
859 3091 960 3155 Qui
997 3106 1126 3146 vero
1155 3095 1223 3145 ab
1268 3092 1506 3146 :ethereo
1539 3091 1708 3146 Deum
1753 3096 2052 3164 recipiente

466 3185 613 3238 venit
642 3184 788 3245 sinu,
827 3180 1092 3250 Loquitur
1141 3181 1358 3236 cmlitus
1406 3183 1551 3251 quod
1587 3183 1817 3244 audivit,
1870 3201 2048 3256 neque

467 3275 667 3342 aliquis
697 3274 870 3341 ipsius
903 3271 1300 3326 Testimonium
1325 3272 1570 3326 divinum
1600 3274 1813 3344 recipit.
1845 3277 1913 3329 33
1944 3275 2046 3342 Qui

469 3382 596 3420 vero
632 3367 713 3419 vir
743 3365 1153 3432 Tcstilicantem
1204 3383 1510 3422 sermonem
1543 3367 1780 3436 suscepit
1810 3367 2046 3437 deiloqui

466 3457 601 3519 oris,
637 3457 807 3511 Verax
855 3458 1018 3511 homo
1065 3459 1156 3512 hic
1199 3473 1299 3512 suo
1345 3460 1659 3528 obsignavit
1687 3459 1855 3514 verbo
1885 3459 2043 3526 Quod

468 3545 610 3601 Deus
645 3556 729 3601 est
763 3549 915 3603 solus
958 3564 1139 3603 verus.
1182 3551 1246 3604 51
1299 3549 1530 3605 Coelitus
1558 3551 1706 3604 cnim
1743 3549 1842 3605 llic
1882 3566 2043 3620 quem

467 3639 521 3692 in
551 3647 752 3693 terram
786 3642 935 3694 misit
969 3641 1110 3696 Deus
1142 3642 1525 3712 opitulatorem
1556 3642 1769 3708 mundi,
1801 3642 2049 3698 Paterna:

468 3743 748 3811 sapientiae
779 3760 874 3815 per
913 3761 972 3801 se
1002 3755 1208 3800 motum
1237 3748 1466 3807 imbrem
1509 3748 1722 3803 tribuit.
1755 3747 1871 3802 Non
1905 3749 2050 3804 enim

468 3858 783 3900 mensuram
839 3848 1121 3918 sapientia:
1162 3850 1265 3904 fert
1316 3849 1600 3918 Verbum,
1657 3853 1754 3908 sed
1812 3853 1861 3909 ei
1905 3870 2051 3910 sem-

467 3962 564 4016 per
605 3949 716 4004 Soli
745 3951 984 4022 Spiritus
1023 3953 1114 4008 dat
1148 3941 1403 4024 perennis
1430 3955 1636 4012 ﬂuxum
1661 3960 1836 4015 vocis.
1867 3960 1937 4015 55
1963 3961 2052 4014 Al-

467 4053 706 4124 tit-egens
745 4072 880 4114 sane
932 4075 1093 4114 suum
1139 4058 1337 4114 Filium
1371 4059 1516 4118 Deus
1550 4062 1716 4118 Pater
1744 4065 1943 4137 diligit,
1984 4065 2050 4119 Et

466 4157 514 4213 ci
533 4160 715 4214 omnia
748 4161 890 4216 l'erre
909 4175 1072 4216 manu
1109 4161 1280 4219 dedit.
1309 4163 1378 4218 36
1416 4164 1742 4236 Quicunque
1767 4182 1897 4236 ergo
1925 4168 2044 4222 fuc-

2149 1817 2218 1871 28
2261 1817 2449 1886 Ὑμεῖς
2473 1815 2749 1886 μάρτυρές
2777 1816 2901 1867 ἐστε
2932 1814 3218 1885 δαήμονες,
3249 1815 3450 1868 ὁππότε
3475 1815 3630 1878 λαοῖς

2163 1908 2465 1979 ’Λμφαδίην
2493 1907 2754 1977 ἀγόρευον
2781 1907 2920 1979 ἐμὴν
2953 1907 3186 1976 ἀψευδέα
3210 1907 3393 1977 φωνήν
3413 1923 3427 1934 ·

2150 1999 2381 2070 Χριστὸς
2419 1997 2588 2062 νΛναξ
2614 1999 2714 2052 οὑκ
2739 1999 2872 2066 εἰμὶ,
2907 1998 3168 2068 βιοσσόος,
3201 1997 3337 2051 ἀλλά
3363 2015 3428 2067 με
3462 1997 3648 2051 κείνου

2162 2091 2470 2161 Ὑψιμέδων
2503 2089 2742 2161 προέηκε
2777 2089 2906 2153 Θεὸς
2941 2089 3173 2160 πομπῆα
3205 2090 3482 2144 κελεύθου.

2150 2179 2219 2232 23
2249 2177 2482 2246 Νύμφην
2513 2179 2658 2240 ὅστις
2679 2177 2810 2247 ἔχει,
2839 2177 2969 2230 πέλε
2990 2177 3245 2248 νυμφίος’
3281 2179 3591 2250 ἀγχιφανὴς
3617 2181 3670 2234 δὲ

2153 2269 2348 2321 Κείνου
2382 2267 2791 2338 φθεγγομένοιο,
2815 2269 2907 2321 καὶ
2937 2268 3243 2339 ἱστάμενος,
3266 2272 3360 2322 καὶ
3397 2270 3635 2334 ἀκούων,

2153 2357 2326 2412 Ούασι
2365 2358 2742 2427 θελγομένοισι
2768 2357 3087 2427 δεδεγμένος
3119 2357 3292 2428 ἠθάδα
3323 2359 3527 2430 φωνὴν,

2151 2453 2407 2520 Χάρματι
2441 2450 2632 2514 πιστὸς
2661 2453 2874 2521 έταῖρος
2906 2450 3238 2520 ἀγάλλεται·
3277 2453 3520 2523 ἡμετέρη
3554 2454 3612 2506 δέ

2153 2542 2418 2613 Τερπωλὴ
2446 2541 2728 2594 τετέλεστο
2765 2541 3098 2604 πολύλλιτος.
3135 2541 3204 2596 50
3240 2543 3536 2612 Ἀγχινεφῆ
3573 2543 3672 2614 μὲν

2152 2633 2341 2685 Κεῖνον
2378 2632 2464 2686 ἀεὶ
2493 2632 2652 2703 χρέος
2682 2632 2829 2685 ἐστὶν
2854 2631 2997 2703 ἔχειν
3031 2633 3364 2696 παλιναυξέα
3387 2633 3578 2702 τιμὴν,

2162 2723 2250 2786 Ὠς
2280 2723 2433 2788 Θεὸν,
2465 2722 2743 2793 ἀθανάτην
2772 2741 2783 2753 ·
2814 2724 2913 2794 ἐμὲ
2944 2724 2999 2776 δὲ
3036 2724 3227 2794 βροτὸν
3256 2725 3407 2777 ἐστὶν
3445 2725 3661 2794 ἀνάγκη

2155 2814 2398 2866 Ἤσσονα
2428 2814 2601 2884 μέτρα
2631 2814 2837 2884 φέρειν,
2869 2815 2949 2866 ὅτι
2980 2815 3195 2884 μείονός
3231 2816 3348 2885 είμι
3378 2815 3638 2887 γενέθλης

2153 2905 2216 2958 51
2247 2899 2416 2968 Οὗτος
2446 2907 2504 2969 ὃς
2535 2905 2732 2975 ὑψόθεν
2761 2901 2923 2975 ἦλθεν
2950 2908 3290 2978 ἐπουρανίων
3317 2909 3426 2961 ἀπὸ
3449 2909 3689 2973 κόλπων,

2155 2996 2379 3049 Πάντων
2404 2996 2497 3066 ὕψι
2526 2997 2760 3069 βέϐηκεν
2787 3015 2799 3028 ·
2827 2999 2854 3050 0
2884 2997 2940 3050 δὲ
2962 2999 3148 3068 χθονὸς
3179 2993 3319 3069 αἷμα
3346 3000 3612 3070 κομίζων,

2154 3086 2529 3157 Φθεγγόμενος
2564 3089 2754 3158 χθονὸς
2788 3091 2946 3162 ἔργα,
2982 3091 3132 3144 πέλει
3161 3091 3376 3162 γαιήῐος
3410 3091 3571 3161 ἀνήρ.

2155 3178 2224 3232 52
2265 3181 2360 3241 Ὃς
2385 3179 2442 3231 δὲ
2466 3179 2532 3232 δι’
2563 3180 2806 3252 αἰθερίου
2842 3180 3191 3251 θεοδέγμονπ
3221 3183 3372 3235 ἵκετο
3404 3182 3628 3242 κόλπου,

2154 3269 2454 3338 Φθέγγεται
2488 3271 2781 3343 οὐρανόθεν
2804 3273 2973 3343 τόπερ
3002 3272 3211 3334 ἔκλυεν,
3243 3273 3366 3325 οὐδέ
3399 3289 3479 3336 τις
3518 3273 3682 3327 αὑτοῦ

2153 3359 2474 3431 Μαρτυρίην
2504 3359 2704 3432 ζαθέην
2739 3361 3104 3431 ἐπιδέχνυται.
3128 3363 3197 3416 ’55
3242 3363 3340 3424 Ὃς
3369 3361 3425 3414 δέ
3459 3364 3509 3414 οἱ
3545 3363 3692 3432 ἀνὴρ

2152 3449 2416 3524 Μάρτυρα
2459 3451 2626 3521 μῦθον
2657 3451 2841 3505 ἔδεκτο
2873 3452 3137 3524 θεηγόρου
3165 3452 3520 3523 ἀνθερεῶνος,

2162 3541 2422 3613 ’Λψευδὴς
2457 3543 2646 3615 βροτὸς
2673 3539 2826 3607 οὗτος
2861 3543 2934 3613 έῷ
2966 3543 3338 3614 σφρηγίσσατο
3371 3543 3525 3614 μύθῳ

2151 3633 2304 3685 Ὅττι
2329 3633 2461 3697 Θεὸς
2489 3634 2618 3687 πέλε
2650 3633 2843 3704 μοῦνος
2879 3636 3171 3704 ἐτήτυμος.
3211 3635 3279 3687 54
3306 3636 3378 3687 Οὐ
3390 3635 3607 3705 ρανόθεν
3633 3635 3739 3702 γὰρ

2150 3717 2316 3785 Οὗτος
2343 3723 2401 3776 ὃν
2429 3725 2509 3788 είς
2537 3724 2700 3794 χθόνα
2727 3725 2910 3796 πέμψε
2941 3726 3072 3790 Θεὸς
3105 3729 3489 3798 χραισμήτορα
3512 3728 3735 3797 κόσμου,

2152 3812 2422 3885 Πατρῷης
2448 3815 2642 3885 σοφίης
2675 3816 3007 3869 αὑτόσσυτον
3043 3817 3246 3889 ὄμϐρον
3286 3817 3476 3872 ἰάλλει.

2161 3905 2235 3956 Ού
2269 3904 2379 3975 γάρ
2416 3905 2590 3977 μέτρα
2611 3907 2790 3975 λόγοιο
2821 3907 2977 3979 φέρει
3005 3908 3199 3976 Λόγος,
3234 3909 3373 3963 ἀλλά
3397 3911 3446 3962 οἱ
3472 3910 3576 3962 αἰεὶ

2159 3994 2355 4065 Μούνῳ
2387 3996 2612 4067 Πνεῦμα
2645 3997 2857 4051 δίδωσιν
2886 3998 3150 4060 ἀειλιὸέος
3185 3999 3306 4070 ῥόον
3330 4000 3526 4070 ὀμφῆς.

2155 4085 2224 4139 '55
2260 4085 2568 4157 ’Υψιμέδων
2600 4088 2644 4140 δ’
2669 4089 2755 4142 ἑὸν
2781 4085 2886 4143 Υἷα
2919 4090 3050 4155 Θεὸς
3081 4093 3309 4162 Γενέτης
3338 4095 3629 4160 ἀγαπάζει,

2155 4175 2263 4229 Καί
2293 4179 2340 4229 οἱ
2372 4177 2547 4232 πάντα
2571 4179 2756 4251 φέρειν
2779 4181 3008 4256 παλάμῃ
3031 4183 3215 4255 πόρεν.
3251 4184 3320 4240 56
3343 4186 3438 4248 Ὃς
3455 4185 3512 4238 δέ
3537 4202 3630 4239 κεν
3652 4185 3735 4256 εἴη

1671 4274 1954 4330 'l‘EXTUS
1994 4276 2529 4343 EVANGEL'STJE.

641 4382 888 4478 Ἐγένεςτο
913 4378 1007 4437 οὖν
1039 4383 1266 4478 ςήτηξτις
1298 4388 1363 4440 ἐκ
1527 4387 1784 4459 μαθητῶν
1800 4387 2050 4442 Ἰωάννου
2087 4398 2128 4450 D
2229 4397 2298 4450 50
2343 4375 2582 4456 Ἐκεῖνον
2616 4403 2699 4458 δεῖ
2727 4405 3000 4472 αὐξάνειν,
3026 4407 3124 4478 ἐμὲ
3155 4407 3212 4460 δὲ
3233 4407 3599 4462 ἐλαττοῦσθαι.

471 4467 608 4536 μετά
641 4465 911 4519 Ἰουδαίων
943 4469 1071 4537 περὶ
1096 4469 1464 4540 καθαρισμοῦ.

537 4549 606 4603 26
629 4549 738 4602 Καὶ
780 4545 944 4622 ἦλθον
971 4552 1108 4622 πρὸς
1135 4551 1227 4606 τὸν
1269 4555 1522 4626 Ἰωάννην
1558 4554 1653 4608 καὶ
1681 4548 1835 4607 εἷπον
1865 4557 2015 4625 αὑτῷ
2040 4574 2052 4586 ·

479 4631 688 4686 Ῥαϐὅὶ.
724 4631 782 4686 ὃς
828 4628 895 4686 ἦν
939 4634 1074 4686 μετά
1110 4635 1204 4686 σοῦ
1238 4637 1411 4686 πέραν
1436 4638 1530 4686 τοῦ
1569 4639 1849 4686 Ἰορδάνου.
1900 4633 1945 4686 ὦ
1992 4639 2052 4686 σὺ

594 4657 688 4698 θυι,
724 4657 779 4695 υς

469 4815 656 4867 χονται
694 4799 831 4868 πρὸς
853 4801 1036 4855 αὑτόν.

540 4881 610 4933 27
649 4882 945 4952 Ἀπεκρίθη
988 4885 1243 4956 Ἰωάννης
1275 4889 1366 4940 καὶ
1391 4886 1544 4941 εἶπεν
1565 4906 1576 4916 ·
1609 4889 1682 4939 Οὑ
1711 4887 1934 4941 δύναται
1962 4886 2056 4940 ἄν·

460 4961 687 5033 ’θρωπος
731 4961 1026 5032 λαμϐάνειν
1052 4967 1226 5032 οὐδὲν,
1269 4969 1362 5022 ἐὰν
1407 4967 1548 5040 μὴῇ
1597 4969 1878 5038 δεδομένον
1907 4969 2057 5039 αὑτῴ

471 5045 538 5097 ἐκ
566 5044 661 5098 τοῦ
687 5043 941 5116 οὐρανοῦ.

537 5127 609 5182 28
642 5128 804 5180 Αὐτοὶ
854 5128 1010 5197 ὑμεῖς
1057 5144 1144 5198 μοι
1192 5133 1517 5204 μαρτυρεῖτε
1555 5131 1637 5184 ὅτι
1687 5125 1842 5184 εἷπον
1874 5149 1886 5160 ⁸
1944 5134 2060 5187 Ούκ

468 5210 587 5280 εἰμὶ
614 5209 770 5276 ἐγὼό
791 5210 1045 5280 Χριστὸς,
1095 5211 1210 5264 ἀλλ’
1230 5212 1315 5266 ὅτι
1361 5214 1772 5286 ἀπεσταλμένος
1807 5217 1922 5288 εἰμὶ
1949 5216 2050 5287 έμ-

471 5293 706 5362 προσθεν
733 5293 967 5347 ἐκείνου.
1415 5329 1418 5334 -

539 5376 609 5430 29
645 5376 702 5428 Ὀ
755 5374 892 5444 ἔχων
946 5375 1183 5448 νύμφην,
1225 5382 1454 5452 νυμφίος
1503 5382 1682 5436 ἐστίν·
1739 5385 1767 5436 0
1799 5385 1854 5438 δὲ
1902 5387 2051 5456 φίλος,

468 5457 562 5511 τοῦ
594 5457 828 5541 νυμφίου
851 5458 879 5508 0
909 5459 1156 5531 έστηκὼς
1180 5464 1275 5516 καὶ
1300 5465 1511 5519 ἀκούων
1537 5465 1724 5527 αὑτοῦ,
1758 5472 1902 5541 χαρᾷ
1926 5472 2041 5540 χαί-

471 5555 559 5624 ρει
585 5541 672 5592 διὰ
699 5540 796 5624 τὴν
827 5541 1009 5610 φωνὴν
1044 5541 1133 5596 τοῦ
1185 5547 1441 5616 νυμφίου.
1487 5546 1634 5619 Λῦτη
1675 5545 1766 5604 οὖν
1790 5540 2048 5624 ἡνχαράή

468 5620 577 5692 ἐμὴ
608 5622 984 5690 πεπλήρωται.

852 4633 895 4704 iv
938 4634 1074 4706 μετά
1110 4635 1204 4690 σοῦ
1238 4637 1411 4710 πέραν
1436 4638 1530 4691 τοῦ
1569 4639 1852 4709 Ἰορδάνου,
1900 4633 1945 4706 ᾦ
1992 4639 2056 4692 σὺ

452 4715 924 4788 μεμαρτύρηκας,
968 4719 1042 4773 ῐδε
1081 4715 1234 4786 οὗτος
1288 4721 1562 4793 βαπτίζει,
1598 4721 1693 4775 καλ⁹
1741 4721 1942 4785 πάντες
1969 4722 2060 4792 ἕρ-

2229 4481 2291 4535 51
2340 4483 2399 4536 Ὀ
2441 4486 2647 4539 ἄνωθεν
2677 4489 2988 4561 ἐρχόμενος,
3027 4491 3210 4544 ἐπάνω
3248 4493 3463 4546 πάντων
3501 4491 3675 4544 ἐστίν·
3709 4494 3736 4544 0

2156 4563 2233 4618 ὢν
2253 4565 2319 4619 ἐκ
2338 4567 2439 4637 τῆς
2468 4569 2593 4636 γῆς,
2629 4571 2694 4622 ἐκ
2725 4574 2822 4642 τῆς
2844 4575 2946 4644 γῆς
2975 4576 3115 4637 ἐστι,
3149 4575 3244 4627 καὶ
3272 4575 3338 4627 ἐκ
3376 4574 3475 4644 τῆς
3513 4573 3613 4642 γῆς
3649 4573 3738 4626 λα-

2156 4646 2237 4699 λεῖ
2255 4664 2268 4676 ·
2296 4650 2324 4700 ό
2351 4649 2415 4700 ἐκ
2437 4649 2532 4700 τοῦ
2548 4650 2784 4719 οὐρανοῦ·
2803 4655 3116 4725 ἐρχόμενος,
3131 4657 3319 4710 ἐπάνω
3336 4657 3550 4710 πάντων
3568 4656 3731 4709 ἐστίν.

2227 4731 2296 4783 52
2328 4730 2435 4782 Καὶ
2461 4730 2490 4781 ὃ
2519 4730 2730 4802 ἑώρακε
2757 4737 2849 4789 καὶ
2875 4739 3094 4807 ἢκουσε,
3129 4739 3286 4793 τοῦτο
3315 4741 3606 4811 μαρτυρεῖν
3638 4739 3732 4791 καὶ

2155 4813 2254 4882 τὴν
2293 4813 2599 4884 μαρτυρίαν
2629 4818 2794 4872 αὑτοῦ
2829 4821 3003 4884 οὐδεὶς
3030 4821 3319 4895 λαμϐάνει.

2229 4895 2297 4948 55
2338 4895 2394 4949 Ὀ
2425 4896 2607 4951 λαϐὼν
2638 4901 2806 4954 αὑτοῦ
2837 4901 2934 4972 τὴν
2966 4906 3266 4976 μαρτυρίαν
3293 4905 3614 4976 ἐσφράγισεν
3647 4903 3729 4956 ὅτι

2155 4979 2184 5029 0
2207 4976 2339 5040 Θεὸς
2375 4977 2582 5050 ἀληθής
2610 4983 2779 5036 ἐστιν.

2227 5061 2295 5116 54
2320 5060 2418 5115 “Ov
2447 5063 2554 5134 γάρ
2585 5065 2903 5120 ἀπέστειλεν
2931 5071 2958 5122 0
2974 5069 3126 5133 Θεὸς,
3147 5070 3216 5123 τὰ
3234 5073 3455 5142 ῥήματα
3482 5072 3571 5126 τοῦ
3591 5069 3726 5123 θεοῦ

2160 5145 2336 5196 λαλεῖ·
2369 5146 2428 5196 οὑ
2464 5146 2573 5217 γάρ
2596 5148 2660 5200 ὲκ
2694 5147 2896 5220 μέτρου
2936 5152 3150 5206 δίδωσιν
3179 5156 3206 5206 0
3235 5155 3366 5220 Θεὸς
3393 5156 3454 5209 τὸ
3494 5153 3722 5224 πνεῦμα.

2229 5228 2298 5280 55
2342 5229 2398 5280 Ὀ
2424 5229 2614 5299 Πατὴρ
2645 5231 2832 5302 ἀγαπᾷ
2857 5235 2948 5287 τὸν
2983 5235 3128 5302 Υίὸν,
3156 5239 3252 5289 καὶ
3291 5238 3467 5292 πάντα
3503 5238 3724 5291 δέδωκεν

2157 5310 2214 5361 ἐν
2240 5312 2306 5379 τῇ
2336 5312 2478 5382 χειρὶ
2512 5313 2698 5367 αὑτοῦ.
3567 5383 3570 5387 ,

2226 5391 2294 5476 ῦϐ
2335 5393 2392 5444 '0
2426 5395 2695 5449 πιστεύων
2730 5399 2809 5462 εἰς
2849 5401 2937 5454 τὸν
2965 5402 3112 5467 Υίὸν,
3150 5403 3263 5474 ἔχει
3295 5402 3439 5476 ζωὴν
3471 5403 3675 5457 αἰώνιον
3701 5415 3716 5426 '

2153 5473 2183 5524 0
2293 5476 2534 5559 ἀπειθῶν
2561 5479 2636 5549 τῷ
2669 5480 2803 5551 Υἱῷ,
2839 5484 2936 5536 οὑκ
2964 5484 3153 5554 ὄψεται
3191 5485 3359 5559 ζωὴν,
3391 5473 3510 5540 ἀλλ’
3537 5489 3560 5554 ἡ
3584 5479 3721 5550 ὀργὴ

2154 5555 2248 5609 τοῦ
2279 5557 2412 5612 Θεοῦ
2454 5560 2604 5630 μένει
2640 5563 2724 5615 ἐπ’
2755 5565 2936 5620 αὐτόν.
