3956 6202
490 238 602 295 775

1715 222 1927 282 NONNI
1960 220 2471 280 PANOPOLITANI
3636 226 3726 283 776

498 350 627 409 aliis
652 346 802 406 misti
825 343 1103 405 communi
1137 343 1253 413 lege
1279 339 1339 395 in
1372 340 1519 394 victu
1570 338 1801 396 invicem
1845 356 2077 398 conver-

2197 340 2255 395 )ὐ
2280 340 2390 411 γὰρ
2423 339 2665 395 Ἰουδαῖοι
2702 338 2929 411 μιγάδες
2961 337 3175 410 ξυνήονι
3206 336 3392 412 θεσμῷ

494 441 764 497 sabantur
802 446 858 495 et
894 432 1256 492 Samaritani.
1309 430 1379 484 10
1428 428 1496 483 Ει
1542 429 1591 485 ei
1641 429 1894 487 Christus
1941 432 2078 487 dixit

499 531 740 587 obscuro
772 529 1007 600 quodam
1041 537 1298 580 sermone
1329 542 1344 578 :
1378 522 1435 577 Si
1473 536 1666 578 nosses
1686 523 1947 579 altissimi
1982 522 2078 577 Dei

494 622 758 690 gratiam,
789 620 839 673 si
865 618 1068 672 donum
1102 615 1277 671 scires
1307 653 1323 678 ,
1354 614 1421 668 Et
1451 614 1574 685 quis
1601 623 1749 669 esset
1776 613 1868 683 qui
1904 613 2075 669 dixit:

497 710 863 767 Terrestriex
898 709 1049 763 fonte
1098 707 1173 762 Da
1217 707 1352 761 mihi
1395 706 1600 762 sitienti
1645 706 1831 761 bibere
1876 716 2083 776 tempo-

498 804 668 858 ralem
719 816 939 871 aquam,
992 800 1113 870 Ipsa
1160 806 1414 869 prompto
1461 799 1647 852 animo
1685 804 1942 852 aeternam
1985 812 2079 867 pe-

502 894 691 949 tiisses
729 893 799 947 ab
849 892 972 961 ipso
1019 889 1210 945 Vivam
1246 905 1465 961 aquam,
1507 898 1561 945 et
1602 889 1745 944 hanc
1781 887 2078 959 sapientem

499 995 689 1055 potum
714 993 910 1056 posset
938 984 1203 1054 praebere.
1232 983 1292 1037 11
1332 981 1477 1037 Dixit
1512 988 1693 1036 autem
1737 996 1849 1035 non
1881 980 2085 1035 intelli-

502 1093 635 1149 gens
659 1077 1228 1135 muliervivilicantem
1253 1090 1490 1146 aquam:
1525 1074 1568 1130 Ο
1599 1074 1735 1139 Rex,
1774 1084 1964 1146 stupor
1998 1083 2081 1131 te-

500 1180 597 1227 net
639 1186 746 1235 me,
780 1178 837 1224 tu
873 1171 1017 1226 enim
1047 1170 1522 1228 rotunducirculo
1565 1167 1684 1223 Non
1723 1167 1921 1222 cadum
1954 1167 2085 1223 hau-

503 1271 679 1317 strum
716 1260 846 1323 fers,
891 1274 1001 1313 non
1033 1257 1216 1313 funem
1250 1259 1415 1320 tollis,
1447 1256 1600 1312 Utin
1632 1256 1962 1327 profundum
1989 1255 2085 1311 de-

500 1352 711 1416 mittas,
754 1351 1037 1421 subriguis
1080 1365 1111 1404 e
1157 1349 1372 1405 sinibus
1400 1349 1651 1403 Manibus
1686 1347 2084 1403 alternantibus

500 1444 714 1499 ducens
758 1442 993 1496 alienam
1020 1456 1219 1511 aquam
1246 1459 1260 1504 ;
1286 1440 1350 1494 Et
1378 1451 1576 1512 puteus
1600 1448 1685 1496 est
1712 1438 2085 1510 profundissi-

497 1548 652 1602 mus;
685 1548 749 1586 ex
790 1532 1037 1585 terrestri
1074 1540 1263 1601 autem
1311 1531 1635 1598 sinuwllanc
1679 1529 1825 1585 unde
1862 1529 2084 1582 vitaiem

2194 434 2284 497 Ἐς
2314 432 2427 502 βίον
2451 432 2758 503 ἀλλήλοισιν
2786 431 3002 502 ὁμίλεον
3039 430 3073 501 ἢ
3103 431 3457 499 Σαμαρεῖται.

2181 523 2249 576 10
2290 523 2399 578 Καί
2424 524 2474 577 οἱ
2504 524 2738 595 Χριστὸς
2773 522 2954 576 ἔειπεν
2981 521 3281 592 ἀσημάντῳ
3307 520 3413 572 τινὶ
3444 518 3616 589 μύθῳο

2180 616 2246 668 Ei
2271 615 2445 685 μάθες
2468 614 2713 684 ὑψίστοιο
2736 613 2872 667 Θεοῦ
2900 614 3079 683 χάριν,
3119 614 3167 664 εί
3189 612 3333 664 δόσιν
3362 609 3546 678 ἔγνως,

2180 708 2292 760 Καὶ
2318 705 2399 769 τίς
2423 705 2517 777 ἔην
2543 706 2601 770 ὃς
2625 705 2808 760 ἔειπεν
2827 721 2842 737 ο
2893 703 3233 775 Ἐπιχθονίης
3259 702 3368 757 ἀπὸ
3399 701 3577 772 πηγῆς

2181 796 2282 860 Δός
2311 814 2401 867 μοι
2423 795 2581 866 δίψαν
2609 796 2786 865 ἔχοντι
2823 797 2968 847 πιεῖν
3001 792 3292 864 μινυώριον
3326 790 3490 862 ὕδωρ,

2180 890 2331 960 Αὐτὴ
2355 889 2707 962 προφρονέως
2728 888 2946 942 αἰώνιον
2969 887 3127 958 ᾔτεες
3158 885 3323 939 αὐτὸν

2184 982 2332 1037 Ζωδν
2356 980 2521 1052 ὕδωρ,
2551 982 2646 1034 καὶ
2671 981 2831 1035 τοῦτο
2850 980 3015 1047 σοφὸν
3045 978 3207 1035 ποτὸν
3232 972 3378 1048 εἶχεν
3399 976 3638 1031 ὀπάσσαι.

2186 1073 2248 1127 11
2293 1067 2426 1124 Εἷπε
2449 1071 2507 1124 δὲ
2539 1071 2614 1142 μὴ
2646 1070 2873 1125 νοέουσα
2898 1069 3036 1141 γυνὴ
3062 1068 3315 1139 φυσίζοον
3338 1067 3515 1139 ὕδωρο

2183 1159 2254 1217 Ὦ
2285 1164 2442 1226 Ἀνα,
2466 1162 2675 1232 θάμϐος
2700 1162 2812 1232 ἔχει
2842 1177 2935 1231 με’
2972 1161 3037 1213 σὺ
3061 1160 3170 1232 γὰρ
3192 1159 3487 1231 τροχοειδέῖ
3504 1158 3667 1230 κύκλῳ

2184 1256 2260 1309 Οὐ
2287 1255 2451 1309 κάδον
2477 1253 2789 1325 ἑλκυστῆρα
2828 1252 3035 1324 φέρεις,
3058 1252 3117 1305 ού
3142 1253 3349 1322 σχοῖνον
3376 1250 3596 1321 ἀείρεις,

2188 1346 2373 1416 Ὀφρα
2397 1344 2544 1415 βυθῷ
2569 1343 2863 1413 χαλάσειας
2890 1342 3234 1412 ὑποϐρυχίων
3262 1340 3371 1393 ἀπὸ
3403 1341 3627 1406 κόλπων,

2183 1434 2389 1505 Χερσὶν
2418 1434 2786 1505 ἀμοιϐαίοισιν
2812 1435 2962 1503 ἄγων
2995 1432 3350 1504 μετανάστιον
3378 1430 3554 1503 ὕδωρ·

2187 1527 2299 1587 Καὶ
2324 1525 2502 1596 φρέαρ
2531 1525 2650 1578 ἐστὶ
2680 1524 2933 1595 βάθιστον
2952 1541 2967 1556 ο
2999 1524 3109 1578 ἀπὸ
3139 1523 3372 1594 χθονίοιο
3394 1523 3456 1576 δὲ
3486 1522 3661 1577 κόλπου

498 1624 769 1678 hauriens
821 1624 1169 1694 peregrinam
1220 1637 1445 1692 aquam,
1511 1622 1633 1686 Ipse
1688 1622 1858 1678 habes
1898 1628 2083 1691 potum

2197 1618 2360 1671 Τοῦτο
2392 1617 2559 1671 πόθεν
2590 1617 2847 1688 ζείδωρον
2883 1617 3183 1687 ἀρυόμενος
3215 1616 3364 1681 ξένον
3392 1616 3553 1687 ὕδωρ,

496 1715 702 1769 alium?
736 1685 837 1767 l2-
870 1685 1011 1768 Nunt
1063 1728 1246 1769 mares
1271 1685 1429 1767 -filios
1460 1685 1690 1772 habente
1715 1685 2089 1780 Iacob-Major

2197 1711 2362 1773 Αὐτὸς
2390 1709 2536 1780 ἔχεις
2558 1710 2721 1763 ποτὸν
2750 1685 3007 1773 ἀλλοίη
3150 1685 3541 1776 ἀρσενόπαιδος
3571 1704 3730 1761 Ἰακὼὸ

500 1814 695 1861 nostro
721 1821 781 1860 es
814 1805 1001 1859 divino
1036 1805 1226 1875 patre?
1261 1803 1363 1870 Qui
1397 1814 1623 1873 puteum
1672 1803 1904 1874 praabuit
1941 1802 2089 1865 hunc

500 1912 705 1952 munus
734 1896 1096 1951 Samaritana:
1129 1903 1310 1959 terrae,
1342 1894 1578 1950 Et-bibit
1610 1910 1677 1950 ex
1711 1895 1831 1965 ipso
1872 1895 1928 1949 in
1970 1894 2089 1949 solo

500 1989 767 2043 nutritam
811 1987 1017 2043 findere
1047 1987 1328 2055 ,sancitam
1370 2001 1604 2055 aquam,
1646 1986 1769 2057 ipse
1822 1986 1985 2041 simul
2036 1992 2091 2041 et

498 2078 659 2134 liberi
694 2086 748 2132 et
788 2086 1178 2132 montanorum
1210 2077 1511 2148 generatio,
1555 2075 2093 2147 Quadrupedumque

498 2169 733 2240 greges?
754 2168 820 2223 15
842 2166 1147 2225 Excitatam
1165 2174 1347 2221 autem
1379 2167 1662 2233 mulierem
1691 2165 1854 2223 Jesus
1885 2166 2090 2232 docuit,

496 2276 566 2316 ex
604 2259 840 2330 caligine
872 2259 929 2311 in
954 2258 1130 2313 lucem
1162 2258 1384 2313 trahens
1410 2277 1422 2312 :
1452 2257 1554 2324 Qui
1586 2258 1722 2313 bibit
1748 2258 2093 2314 terrestrium

500 2354 801 2406 cavitatum
861 2350 1216 2419 temporalem
1275 2364 1472 2418 aquam
1538 2350 1937 2420 Seaturiginis,
2008 2352 2096 2406 vel

500 2442 717 2496 dulcem
746 2454 942 2508 aquam
967 2439 1191 2492 humilis
1215 2438 1379 2502 ﬂuvii,
1407 2439 1563 2494 Sitict
1584 2456 1778 2495 rursus
1801 2459 1812 2494 :
1841 2440 1908 2494 ﬂ
1929 2454 2093 2509 quam

500 2547 633 2586 vero
658 2533 709 2591 ei
739 2530 1050 2602 praebucro,
1099 2529 1209 2600 36
1234 2528 1523 2599 Nunquam
1570 2530 1719 2584 sitiet
1765 2530 1958 2585 bibens
1988 2544 2095 2585 coe-

502 2623 692 2678 lestcm
723 2636 920 2691 aquam
948 2639 962 2676 :
992 2618 1096 2675 Sed
1121 2622 1169 2675 ci
1198 2621 1251 2675 in
1282 2620 1599 2690 praecordiis
1623 2622 1863 2678 manebit
1890 2621 2090 2687 ﬂuxus,

502 2712 759 2785 prudenti
814 2712 956 2768 saltu
1013 2711 1228 2768 Saliens
1284 2713 1639 2783 intei-ligeutis
1697 2712 2093 2783 profunditatis

505 2806 693 2861 divino
729 2805 933 2874 impetu
965 2802 1157 2859 Fontis
1189 2804 1337 2859 intus
1371 2804 1594 2861 latentis
1628 2820 1824 2861 rursus
1856 2820 2093 2861 nascens

507 2896 666 2975 firma
704 2910 847 2967 aqua
894 2894 1031 2950 Vitae
1056 2903 1291 2961 eterna,
1320 2903 1374 2951 et
1398 2911 1508 2953 non
1531 2898 1804 2953 terrestris
1830 2896 2092 2953 ﬂuminis.

509 3001 582 3057 15
610 2999 799 3057 Jesum
844 3007 1030 3055 autem
1074 3000 1289 3070 rogavit
1321 3000 1519 3055 mulier
1552 3001 1777 3057 credula
1808 3015 1946 3057 voce
1974 3017 1990 3055 :
2015 2998 2091 3053 Da

508 3104 665 3170 mihi,
703 3103 950 3170 Domine,
995 3102 1139 3158 hanc
1168 3103 1234 3157 ad
1266 3103 1562 3159 bibendum
1604 3104 1828 3159 vitalem
1864 3118 2086 3173 aquam,

508 3207 555 3261 A
586 3206 922 3277 scaturigine
965 3207 1216 3261 terrestri
1262 3206 1558 3272 diversam,
1604 3215 1663 3261 ut
1706 3207 1901 3263 bibens
1934 3204 2088 3261 Nun-

507 3327 673 3384 quam
721 3311 924 3375 sitiam,
961 3318 1155 3365 etnon
1197 3312 1437 3383 amplius
1467 3312 1575 3367 huc
1606 3312 1821 3368 veniam
1859 3311 1936 3365 Ex
1971 3326 2092 3382 pro-

510 3415 698 3471 fundis
745 3414 1076 3470 cavitatibus
1108 3414 1332 3472 haurire
1364 3424 1612 3472 coactam
1655 3432 1874 3489 aquam.
1920 3415 2088 3470 Dixit.

509 3518 578 3574 16
611 3517 677 3572 Et
710 3524 989 3574 versutam
1013 3519 1336 3588 responsivo
1364 3520 1602 3589 quodam
1640 3534 1898 3577 sermone
1931 3518 2095 3602 Iesus

508 3624 712 3680 multos
743 3623 894 3679 viros
928 3624 1223 3679 habentem
1251 3623 1483 3679 tentavit
1513 3624 1793 3679 mulierem
1824 3642 1839 3679 :
1868 3623 2006 3680 Veni
2038 3632 2096 3681 et

506 3743 643 3784 voca
701 3738 857 3782 tuum
912 3727 1171 3782 maritum
1199 3740 1213 3776 :
1240 3739 1306 3776 ex
1324 3724 1539 3780 civitate
1559 3734 1737 3781 autem
1757 3725 1972 3781 Festina
1998 3740 2095 3796 pe-

508 3825 672 3882 dibus
720 3828 985 3884 celeribus
1025 3824 1222 3881 iterum
1240 3821 1567 3881 hucvenire.
1585 3826 1832 3884 Dixit."
1851 3826 1917 3880 Et
1947 3832 2097 3904 igno-

507 3944 639 3985 rans
684 3930 842 3984 multi
882 3930 1109 3987 seminis
1138 3930 1207 3986 de
1240 3930 1497 3987 thalamis
1541 3929 1813 3990 Mentiens
1862 3932 2098 3989 Samari-

507 4042 640 4089 tana
679 4050 863 4090 veram
894 4037 1082 4091 sonuit
1114 4048 1301 4091 vocem
1336 4036 1499 4102 :Qute
1540 4038 1800 4093 maritum
1847 4054 1957 4094 non
2006 4038 2097 4093 ha-

510 4136 632 4201 beo,
664 4139 809 4193 unde
839 4142 1096 4194 maritum
1125 4140 1194 4195 ad
1227 4149 1281 4210 te
1306 4141 1554 4196 vocabo?
1590 4140 1709 4196 Non
1740 4143 1887 4198 enim
1923 4143 2097 4197 habeo

509 4240 739 4297 charum
770 4243 967 4298 virum.
997 4246 1063 4300 18
1089 4245 1230 4300 Deus
1253 4254 1435 4302 autem
1465 4246 1749 4319 redarguit
1773 4248 2092 4303 mulierem:

508 4345 667 4415 Novi,
702 4348 918 4417 mulier,
952 4358 1077 4419 post
1123 4352 1367 4424 quinque
1396 4353 1642 4424 spurium
1687 4362 1839 4407 tuum
1874 4360 2091 4410 sextum

2190 1800 2402 1864 Μείζων
2433 1802 2721 1875 ἡμετέροιο
2746 1802 2933 1865 πέλεις
2959 1801 3173 1865 ζαθέοιο
3200 1802 3437 1872 τοκῆος;

2196 1891 2294 1955 Ὃς
2322 1892 2498 1966 φρέαρ
2532 1892 2719 1946 ὤπασε
2749 1891 2909 1945 τοῦτο
2936 1893 3106 1963 γέρας
3134 1892 3489 1966 Σαμαρείτιδι
3516 1891 3649 1962 γαίῃ,

2190 1984 2302 2038 Kal.
2331 1984 2453 2037 πίεν
2479 1983 2540 2048 ἐξ
2578 1984 2761 2037 αύτοῖο
2791 1983 3117 2055 πεδοτροφὲς
3143 1985 3329 2055 ὅρκιον
3353 1984 3524 2054 ὕδωρ,

2193 2075 2364 2139 Αὐτὸς
2388 2075 2523 2146 ὁμοῦ
2560 2075 2653 2129 καὶ
2675 2074 2883 2138 παῖδες,
2912 2075 3277 2148 ὀρεσσινόμων
3303 2090 3360 2127 τε
3392 2073 3628 2144 γενέθλη,

2193 2166 2551 2237 Τετραπόδων
2580 2183 2640 2219 τε
2675 2166 2987 2235 φάλαγγες;
3032 2166 3102 2221 15
3154 2166 3552 2237 Ἀνεγρομένην
3572 2165 3623 2217 δὲ
3656 2180 3729 2229 γυο

3523 2255 3681 2328 [vain

2208 2347 2415 2420 Ἰησοῦς
2441 2347 2699 2414 ἐδίδαξεν,
2733 2349 2827 2401 ἀπ’
2862 2346 3059 2418 ἀχλύος
3092 2348 3171 2411 είς
3205 2348 3342 2417 φάος
3374 2348 3580 2401 ἕλκωνσ

2201 2441 2297 2501 Ὃς
2326 2438 2506 2491 πίεται
2539 2438 2763 2508 χθονίων
2792 2430 3031 2505 λαγόνων
3056 2437 3349 2508 μινυὼριον
3382 2437 3529 2510 ὕδωρ

2195 2530 2453 2597 Πίδακος,
2483 2530 2515 2599 ἢ
2545 2530 2717 2598 γλυκὺ
2749 2533 2896 2601 νᾶμα
2920 2530 3277 2601 χαμαιγενέος
3300 2532 3580 2600 ποταμοῖο,

2195 2621 2423 2693 Διψήσει
2460 2622 2817 2694 παλίνορσοςο
2855 2623 2921 2677 14
2948 2624 3083 2694 ὅπερ
3107 2622 3161 2676 δέ
3195 2625 3242 2675 οἱ
3282 2622 3599 2691 ἐγγυαλίξω,

2196 2713 2303 2784 37
2338 2710 2548 2767 Οῦποτε
2575 2712 2815 2783 διψήσειε
2842 2712 2979 2767 πιὼν
3004 2711 3219 2767 αἰώνιον
3255 2712 3420 2783 ὕδωρ,

2211 2805 2374 2860 Ἀλλά
2401 2807 2449 2859 οἱ
2484 2808 2542 2860 ἐν
2567 2806 2895 2876 πραπίδεσσι
2922 2807 3073 2876 μενεῖ
3096 2805 3236 2875 ῥόος,
3262 2803 3496 2875 ἔμφρονι
3518 2798 3695 2873 παλμῷ

2208 2895 2528 2967 Ἀλλόμενον
2560 2899 2763 2966 νοεροῖο
2789 2894 2951 2965 βυθοῦ
2986 2894 3212 2948 θεοδινέῖ
3248 2898 3379 2967 ῥιπῇ

2198 2988 2391 3058 Πηγῆς
2425 2987 2740 3058 ἐνδομύχοιο
2764 2986 3075 3057 παλιμφυὲς
3103 2986 3335 3058 ἔμπεδον
3361 2986 3512 3059 ὕδωρ

2195 3079 2352 3149 Ζωῆς
2384 3080 2618 3140 ἀενάοιο,
2649 3080 2741 3132 καὶ
2778 3079 2840 3132 ού
2879 3078 3092 3148 χθονίου
3133 3079 3416 3148 ποταμοῖο.

2196 3168 2264 3221 15
2317 3166 2521 3238 Ἰησοῦν
2542 3166 2584 3219 δ’
2616 3167 2826 3220 ίκέτευε
2854 3166 2991 3237 γυνὴ
3016 3167 3302 3238 πειθήμονι
3339 3169 3491 3238 φωνῇ

2187 3259 2286 3321 Δός
2312 3276 2422 3329 μοι,
2462 3259 2715 3330 Κοίρανε,
2745 3260 2901 3313 τοῦτο
2933 3262 3076 3312 πιεῖν
3099 3259 3369 3329 βιοτησιον
3396 3259 3563 3331 ὓδωρ,

2189 3351 2421 3414 Πίδακος
2456 3350 2676 3419 ούδαίης
2701 3349 3004 3422 ἀλλότριον,
3031 3349 3175 3420 ὄφρα
3207 3349 3407 3403 πιοῦσα

2189 3443 2414 3514 Μήποτε
2442 3441 2671 3511 διψήσω,
2701 3441 2795 3495 καὶ
2822 3442 3017 3511 μηκέτι
3039 3441 3197 3512 δεῦρο
3223 3442 3469 3512 περήσω.

2203 3534 2299 3586 Ἐκ
2335 3532 2535 3603 βυθίων
2554 3533 2797 3600 λαγόνων
2825 3533 3015 3603 άρύειν
3051 3532 3372 3603 βεδιημένον
3398 3532 3561 3605 ὕδωρ.

2186 3619 2347 3678 Εἶπε.
2379 3624 2446 3678 16
2469 3624 2578 3678 Καὶ
2610 3623 2981 3695 ἁγκυλόμητιν
3019 3624 3293 3694 ἁμοιϐαίῳ
3321 3625 3427 3677 τινὶ
3469 3623 3622 3694 μύθῳ

2203 3714 2411 3782 Ἰησοῦς
2439 3714 2774 3786 πολύανδρον
2802 3714 3115 3787 ἐπειρήτιζε
3142 3718 3377 3784 γυναῖκα
3395 3731 3410 3745 '

2195 3803 2414 3878 "prso,
2450 3807 2545 3858 καὶ
2574 3805 2836 3876 κίκλησκε
2866 3807 2986 3859 τεὸν
3013 3806 3168 3860 πόσιν
3193 3825 3206 3837 ·
3238 3808 3302 3861 ὲκ
3331 3808 3514 3873 πόλιος
3542 3809 3597 3863 δίι

2193 3898 2398 3952 Σπεῦδε
2433 3896 2590 3951 ποσὶν
2610 3900 2873 3969 ταχινοῖσι
2894 3898 3203 3970 τοδεύτερον
3227 3900 3414 3954 ἐνθάδε
3440 3900 3649 3971 βαίνειν.

2192 3982 2352 4043 Εἷπε.
2389 3989 2451 4043 17
2468 3990 2576 4041 Καὶ
2588 3988 2944 4053 άγνώσσουσα
2962 3989 3347 4063 πολυσπερέων
3364 4009 3431 4044 πε
3439 3992 3493 4062 pl.
3507 3992 3739 4061 λέκτρων.

2193 4079 2514 4151 Ψευδομένη
2539 4082 2865 4154 Σαμαρεῖτις
2893 4082 3055 4151 ὲτήτυ
3065 4099 3161 4151 μον
3188 4084 3305 4151 ἴαχε
3336 4085 3518 4153 φωνήν
3540 4102 3554 4115 ’

2205 4172 2270 4224 Ἦ
2288 4172 2443 4225 πόσιν
2468 4175 2529 4224 οὺ
2553 4172 2884 4244 μεθέπουσα,
2916 4173 3077 4227 πόθεν
3111 4174 3268 4227 πόσιν
3294 4176 3375 4237 είς
3403 4176 3463 4228 σὲ
3490 4174 3737 4234 καλέσσω

2193 4262 2267 4315 Ού
2288 4262 2397 4335 γὰρ
2427 4263 2537 4332 ἔχω
2564 4262 2714 4333 φίλον
2747 4265 2935 4337 ἄνδρα.
2979 4266 3044 4321 18
3067 4267 3198 4329 Θεὸς
3216 4267 3261 4320 δ’
3290 4266 3485 4338 ἤλεγξε
3507 4267 3736 4335 γυναῖκα³

2194 4347 2345 4415 Οἶδα,
2366 4351 2548 4421 γύναι,
2578 4352 2716 4425 μετά
2741 4354 2901 4408 πέντε
2923 4355 3074 4410 νόθον
3098 4356 3217 4411 τεὸν
3235 4356 3393 4411 ἕκτον
3416 4357 3652 4426 ἀκοίτην.

1707 4482 1992 4540 TEXTUS
2029 4482 2557 4544 EVANGELISTJE.

581 4609 662 4699 10Δ
694 4609 994 4699 Ἀπεκρίθη
1030 4611 1257 4699 ⁸Ἰησοῦς
1281 4614 1383 4699 *καὶ
1398 4696 1407 4699 Δ
1424 4608 1581 4699 εἶπεν
1623 4615 1760 4699 αὐτῇ
1781 4632 1804 4699 ’γ
1837 4616 1901 4669 Ei
1943 4616 2091 4687 ⁴ᾕδεις
2123 4620 2168 4675 D
2196 4618 2257 4670 ού
2275 4618 2349 4689 μὴ
2363 4619 2565 4693 διψήσῃ
2580 4624 2660 4685 είς
2673 4620 2763 4675 τὸν
2779 4623 2972 4689 αἰῶνα,
2995 4625 3129 4681 ἀλλά
3146 4627 3206 4681 τὸ
3228 4627 3371 4699 ὕδωρ
3386 4629 3415 4681 δ
3428 4629 3576 4684 δώσω
3590 4627 3735 4697 αὐτῷ.

506 4694 607 4766 τὴν
641 4694 851 4765 δωρεὰν
889 4695 983 4749 τοῦ
1019 4695 1177 4760 Θεοῦ,
1208 4696 1306 4749 καὶ
1356 4696 1440 4761 τίς
1489 4698 1638 4752 ἐστιν
1687 4698 1716 4751 6
1749 4697 1924 4767 λέγων
1974 4715 2090 4753 σοι’

509 4778 610 4841 Δός
650 4795 739 4848 μοι
769 4780 913 4831 πιεῖν
935 4794 950 4809 ·
990 4779 1057 4833 σὺ
1082 4778 1150 4835 ἂν
1177 4779 1386 4853 ᾔτησας
1424 4781 1611 4847 αὐτὸν,
1647 4780 1743 4835 καὶ
1788 4780 1988 4835 ἔδωκεν
2027 4781 2095 4837 ἄν

512 4876 594 4913 σοι
618 4860 761 4930 ὕδωρ
795 4858 926 4921 ζῶν.

581 4943 642 4997 11
686 4941 847 5010 Λέγει
904 4940 1050 5010 αύτῷ
1093 4942 1126 5012 ἡ
1185 4946 1363 5016 γυνή’
1411 4944 1620 5017 Κύριε,
1670 4947 1793 5001 οὔτε
1844 4948 2093 5020 ἄντλημα

510 5024 672 5094 ἔχεις,
704 5024 797 5076 καὶ
838 5023 899 5077 τὸ
930 5024 1107 5096 φρέαρ
1152 5026 1269 5080 ἐστὶ
1303 5028 1436 5099 βαθύ
1459 5046 1472 5061 ο
1515 5029 1680 5083 πόθεν
1722 5027 1815 5085 οὖν
1855 5031 1997 5101 ἔχεις
2031 5033 2093 5088 τὸ

512 5108 654 5176 ὕδωρ
687 5107 748 5160 τὸ
780 5105 887 5169 ζῶν
909 5125 923 5173 ;

581 5190 650 5243 12
686 5189 777 5260 Μὴ
809 5191 873 5243 σὺ
913 5190 1112 5261 μείζων
1140 5187 1191 5244 εἴ
1226 5192 1319 5246 τοῦ
1353 5195 1556 5265 πατρὸς
1580 5198 1612 5266 ἡ
1624 5196 1739 5267 μῶν
1788 5198 2002 5265 Ἰακὼϐ,
2033 5200 2093 5264 ὃς

511 5272 708 5325 ἔδωκεν
729 5275 861 5343 ἡμῖν
896 5273 958 5326 τὸ
992 5272 1191 5345 φρέαρ,
1228 5277 1321 5329 καὶ
1357 5278 1518 5341 αὐτὸς
1547 5278 1605 5343 ἐξ
1636 5280 1801 5333 αὐτοῦ
1830 5280 1971 5347 ἔπιε,
1999 5284 2094 5336 καὶ

509 5356 558 5407 οἱ
589 5354 695 5407 υίοὶ
726 5354 914 5420 αὐτοῦ,
952 5358 1046 5410 καὶ
1083 5358 1151 5411 τὰ
1184 5356 1477 5429 θρέμματα
1506 5361 1709 5429 αύτοῦ;

582 5438 649 5490 15
701 5438 996 5510 Ἀπεκρίθη
1046 5442 1075 5493 6
1119 5441 1325 5510 Ἰησοῦς
1358 5443 1451 5495 καὶ
1494 5440 1649 5498 εἶπεν
1686 5448 1855 5518 αὐτῇ·
1898 5448 2014 5513 Πᾶς
2061 5451 2090 5504 6

506 5516 681 5570 πίνων
712 5518 775 5571 ἐκ
800 5520 892 5574 τοῦ
923 5521 1115 5585 ὓδατος
1142 5523 1355 5583 τούτοιλ,
1386 5524 1599 5595 διψήσει
1630 5516 1811 5583 πάλινξ

582 5597 650 5651 14
691 5602 788 5664 Ὃς
812 5601 857 5653 δ’
884 5603 948 5656 ἂν
973 5604 1074 5675 πίῃ
1098 5607 1161 5656 ὲκ
1182 5607 1274 5658 τοῦ
1310 5606 1495 5668 ὓδατος
1518 5601 1578 5657 οὗ
1611 5607 1720 5675 ἐγὼ
1743 5610 1899 5666 δώσω
1917 5612 2086 5682 αὐτῷ,

2192 4701 2483 4797 γενήσεται
2512 4704 2570 4755 ὲν
2602 4703 2754 4774 αὐτῷ
2779 4705 2930 4779 πηγὴ
2957 4707 3146 4772 ὓδατος
3175 4710 3470 4781 ἁλλομένου
3494 4714 3569 4776 είς
3614 4710 3738 4780 ζωὴν

2192 4799 2428 4836 αιωνιον.

2266 4864 2333 4948 15
2378 4864 2539 4935 Λέγει
2596 4866 2730 4940 πρὸς
2789 4871 2950 4926 αὐτὸν
2992 4876 3025 4944 ἡ
3082 4876 3216 4946 γυνή
3249 4892 3263 4906 ο
3311 4876 3506 4948 Κύριε,
3542 4877 3623 4938 δός
3667 4891 3740 4945 μοι

2192 4947 2443 5088 205:0.16
2486 4949 2651 5022 ὕδωρ,
2682 4953 2766 5006 ἵνα
2813 4955 2887 5026 μὴ
2928 4956 3089 5026 διψῶ,
3132 4958 3265 5030 μηδὲ
3294 4947 3540 5032 ἔρχωμαι
3576 4956 3742 5011 ἐνθάδε

2229 5052 2287 5088 ντ
2323 5051 2423 5088 ειν.

2266 5117 2330 5171 16
2370 5117 2536 5186 Λέγει
2585 5120 2719 5191 αύτῇ
2767 5122 2795 5174 6
2836 5122 3041 5194 Ἰησοῦς
3066 5144 3079 5157 ι
3126 5125 3365 5197 ’⁷Υπαγε,
3402 5127 3637 5197 φώνησον
3664 5121 3742 5175 τὶν

2190 5199 2361 5269 ἄνδρα
2402 5218 2518 5263 σου,
2552 5203 2645 5256 καὶ
2675 5204 2796 5259 ἐλθὲ
2829 5207 3036 5261 ἐνθάδε.

2265 5282 2327 5335 17
2383 5283 2678 5357 Ἀπεκρίθη
2709 5289 2740 5357 ή
2772 5289 2905 5361 γυνὴ
2940 5291 3031 5343 καὶ
3060 5286 3247 5343 εἷπενυ
3285 5289 3397 5344 Οὔκ
3425 5290 3533 5361 ἔχω
3568 5288 3733 5357 ἄνδρα.

2194 5365 2353 5474 Λέγει
2379 5369 2517 5442 αύτῇ
2547 5372 2575 5422 6
2617 5372 2850 5443 Ἰησοῦς·
2878 5374 3071 5439 Καλῶς
3100 5371 3261 5438 εἶπας
3281 5391 3295 5405 ⁸
3331 5375 3413 5428 ὅτι
3445 5375 3631 5445 ’Λνδρα
3650 5369 3736 5425 οὐκ

2193 5466 2319 5501 εγω.

2258 5467 2319 5502 ω.

2223 5466 2333 5585 χ18
2372 5532 2539 5587 Πέντε
2576 5534 2685 5608 γὰρ
2716 5536 2910 5608 ἄνδρας
2936 5539 3119 5610 ἔσχες·
3156 5540 3248 5594 καὶ
3271 5539 3367 5595 νῦν
3391 5540 3450 5596 δν
3478 5532 3736 5616 εκτιῆοῦκ

2195 5614 2308 5670 ἔστι
2341 5634 2432 5670 σου
2459 5619 2624 5691 ἀνήρ·
2656 5621 2812 5676 τοῦτο
2837 5623 3033 5693 ἀληθὲς
3062 5623 3311 5695 εἴρηκας.
