3956 6202
306 274 399 330 781

309 393 498 455 Ἀλλος
527 388 814 464 ἀροτρεύει
842 388 1044 460 σπόρον
1071 386 1302 458 ὄμπνιον
1331 385 1530 439 αθλακι
1563 385 1782 452 νείφων,

306 484 411 538 Καὶ
447 483 650 554 στάχυν
691 482 895 552 άμήσει
926 479 1336 548 στεφανηφόρος
1363 477 1520 540 ἄλλος
1551 475 1776 538 ἁλωεύς.

303 577 370 632 58
411 574 594 628 ¹Ἄλλοι
623 573 722 644 μὲν
754 571 1053 643 μογέεσκον
1081 569 1283 632 άλωέες
1316 567 1514 620 αύλακι
1539 567 1742 636 φωνῆς,

306 672 533 746 Καρπὸν
560 670 665 731 ἕως
695 667 956 736 ἔσπειραν
980 680 994 692 ·
1027 659 1328 714 ἐπιστέλλω
1351 659 1406 712 δὲ
1434 658 1718 728 καμόντων

318 766 520 837 Ύμέας
553 759 872 830 ἀκαμάτους
900 755 1180 827 ἀλλότριον
1209 751 1290 814 είς
1319 750 1478 805 πόνον
1516 749 1748 819 ἀνδρῶν,

319 858 554 928 ’Δμῆσαι
584 851 945 922 στομάτεσσιν
984 845 1346 917 έτοιμοτάτων
1379 843 1538 912 στίχα
1563 840 1815 913 καρπῶν,

307 950 474 1020 Λήῖον
502 945 562 1000 ού
589 943 940 1014 σπείραντας,
977 940 1011 1010 ἢ
1039 936 1409 1010 ἀρδεύσαντας
1445 933 1646 1003 ἀλωήν.

307 1040 377 1093 59
416 1034 608 1091 Πολλοὶ
640 1035 736 1105 μὲν
768 1032 957 1086 ναέται
983 1026 1319 1098 ταχνπειθέα
1355 1024 1482 1078 λαὸν
1514 1022 1720 1093 ἀλήτην

309 1130 528 1190 Πίστιος
561 1123 928 1197 ἀρῤαγέεσσιν
955 1117 1350 1190 ὲπυργώσαντο
1379 1112 1684 1185 θεμέθλοις,

308 1218 634 1290 Μαρτυρίην
667 1217 875 1276 ἀΐοντες
913 1209 1244 1283 ὲγερσινόοιο
1271 1206 1528 1278 γυναικὸς

308 1309 719 1380 Φθεγγομένης,
749 1308 834 1360 ὅτι
867 1303 1056 1359 Πάντα
1094 1301 1275 1372 τάπερ
1307 1299 1507 1370 κάμον,
1533 1294 1654 1351 εἶπε
1684 1296 1900 1438 afaf:-

311 1471 384 1526 ιο
433 1467 572 1521 Ἀλλ’
593 1468 681 1520 ὅτε
711 1466 760 1518 οἱ
787 1463 972 1534 σχεδὸν
999 1457 1162 1532 ἦλθον
1185 1456 1521 1528 ὁμοφραδέες
1542 1457 1900 1526 Σαμαρεῖται,

312 1560 551 1632 Χριστὸν
574 1554 928 1625 ὲγουνάζοντο
954 1552 1292 1624 φιλοστόργῳ
1320 1550 1423 1604 τινὶ
1448 1547 1622 1620 μύθῳ,

310 1649 452 1706 Δῦθι
495 1649 677 1720 μένειν
697 1662 710 1676 ’
739 1646 835 1700 καὶ
859 1642 1067 1696 παῦσεν
1087 1639 1255 1705 Ἀναξ
1283 1638 1432 1710 παρὰ
1467 1637 1667 1706 γείτονι
1696 1635 1868 1703 πηγῇ,

1225 259 1706 319 I’ABAPHRASIS
1742 259 1809 315 IN
1845 256 2182 316 JOANNEM.
2216 286 2285 296 —-
2323 255 2478 312 CAP.
2521 252 2611 309 IV.
2689 329 2698 332 _

3460 245 3563 306 7S9.

1922 389 1962 443 Α
1996 379 2140 450 quod
2177 379 2260 432 vir
2301 378 2454 432 Alius
2487 381 2605 429 arat
2639 387 2826 429 semen
2859 371 3070 428 cereale
3108 372 3163 426 in
3196 370 3377 426 sulcos
3415 383 3570 442 spar-

1995 483 2152 540 gens,
2215 465 2281 520 Et
2330 467 2536 535 spicam
2591 462 2828 518 demctct
2882 475 3141 515 coronam
3198 460 3378 515 ferens
3431 459 3570 516 alius

1993 571 2226 612 messor.
2254 554 2323 609 38
2351 554 2456 607 Alii
2484 552 2702 622 quidem
2739 550 3061 604 laborarunt
3087 549 3340 620 agricola:
3375 549 3432 603 in
3459 549 3573 605 sul-

1993 661 2090 701 cos
2147 645 2318 708 vocis,
2396 641 2657 696 Fructum
2718 638 2896 693 donec
2972 639 3350 704 seminarunt;
3421 637 3576 691 mitto

1993 754 2125 795 vero
2161 737 2528 793 laborantium
2563 733 2675 789 Vos
2709 748 2818 788 non
2867 733 3181 788 laborantes
3239 729 3476 784 alienum
3520 727 3576 782 in

1996 830 2234 884 laborem
2315 827 2557 881 virorum
2588 863 2603 888 ,
2675 822 2960 878 Dcmetere
3035 821 3225 876 oribus
3290 818 3578 888 paratissi-

1999 935 2211 976 morum
2255 918 2481 973 ordines
2551 917 2864 980 fructuum,
2935 902 3200 983 Campum
3263 925 3372 966 non
3414 911 3580 966 semi-

1999 1019 2217 1078 nantes,
2263 1017 2358 1064 aut
2421 1010 2714 1080 irrigantes
2753 1015 2984 1078 segetes.
3035 1007 3103 1062 59
3167 1004 3318 1060 Multi
3360 1003 3578 1075 quidem

2000 1104 2148 1158 cives
2191 1100 2474 1155 credulum
2551 1099 2814 1169 populum
2889 1104 3164 1152 errantem
3216 1095 3368 1151 Fidei
3410 1093 3582 1150 ﬁrmis

2002 1193 2323 1247 munierunt
2395 1190 2814 1257 fulciminibus,
2881 1188 3278 1244 Testimonium
3357 1187 3584 1241 audien.

2003 1294 2088 1341 tes
2139 1284 2432 1341 excitantis
2483 1289 2721 1337 mentem
2777 1280 3048 1346 mulieris,
3117 1279 3384 1343 Dicentis,
3435 1276 3585 1349 quod

2004 1376 2200 1432 Omnia
2235 1392 2355 1447 qua:
2406 1375 2509 1429 feci
2550 1374 2688 1429 dixit
2737 1371 3024 1443 prOpheta.
3088 1372 3158 1425 40
3201 1370 3307 1426 Sed
3355 1384 3481 1426 cum
3517 1368 3586 1426 ad

2005 1485 2129 1524 eum
2163 1468 2447 1524 venissent
2478 1467 2890 1522 consentientes
2925 1460 3281 1529 Samaritani,
3305 1463 3586 1518 Christum

2008 1561 2291 1630 supplices
2325 1559 2558 1614 orabant
2599 1556 2867 1613 benevolo
2905 1556 3148 1627 quodam
3192 1569 3465 1621 sermone,
3510 1551 3589 1607 lbi

2008 1666 2266 1718 ntanere;
2313 1660 2366 1706 et
2399 1651 2606 1720 quievit
2638 1648 2756 1704 Rex
2804 1648 2948 1719 apud
2979 1647 3217 1702 vicinum
3269 1646 3495 1712 fontem,
3523 1643 3591 1698 Et

313 1740 430 1795 Kal
459 1739 627 1808 ταχὺς
655 1737 734 1798 είς
769 1733 954 1787 πτόλιν
982 1728 1146 1802 ἦλθεν
1174 1728 1464 1801 ὁμόστολον
1495 1722 1650 1796 οἶμον
1684 1723 1902 1776 ὁδεύων.

2032 1743 2164 1797 relox
2202 1743 2256 1796 in
2291 1743 2566 1797 civitatem
2609 1742 2705 1796 ivit
2747 1741 3001 1796 comitem
3030 1739 3174 1794 viam
3210 1739 3489 1794 incedens.
3526 1735 3592 1790 Et

314 1830 430 1884 Kal
452 1828 585 1890 Θεὸς
615 1824 802 1878 αὐτόθι
835 1824 1052 1895 μίμνεν,
1081 1821 1186 1884 ἕως
1214 1820 1410 1890 δρόμος
1436 1818 1591 1880 ἄλλος
1617 1817 1702 1868 ἐπ’
1725 1814 1868 1885 ἄλλῳ

324 1921 516 1997 Ὀξείῃ
543 1919 902 1991 στροφάλιγγι
937 1915 1232 1987 παρέστιχε
1259 1913 1475 1980 δίζυγος
1502 1910 1654 1981 ὴοῦς.

313 2109 395 2164 45
431 2105 546 2160 Kal
577 2102 716 2176 μετὰ
750 2100 966 2156 διπλόον
987 2095 1145 2172 ἦμαρ
1179 2097 1348 2164 Ἀναξ
1381 2095 1660 2149 σπεύδοντι
1685 2091 1905 2162 πεδίλῳ,

315 2197 434 2270 [δή
469 2195 642 2251 Οὖασι
665 2193 1030 2264 πειθομένοισι
1057 2190 1342 2261 πεπηγότα
1377 2188 1543 2259 μῦθον
1577 2189 1766 2250 ἐάσας,

317 2290 519 2345 Κεῖθεν
549 2287 647 2358 ἔϐη
675 2286 1014 2354 παλίνορσος,
1038 2282 1402 2353 άναινομένων
1435 2281 1730 2350 ναετήρων,

320 2381 438 2436 Kal
467 2379 629 2432 πάλιν
655 2378 733 2440 είς
767 2375 925 2429 πέδον
956 2370 1086 2445 ἦλθε
1122 2372 1483 2443 φιλοχρίστων
1519 2369 1838 2424 Γαλιλαίων.

319 2465 398 2520 44
434 2466 658 2535 Μούνην
681 2463 723 2516 δ’
751 2463 850 2515 οὐκ
873 2460 1146 2532 ὲπάτησεν
1172 2460 1266 2532 ἑὴν
1291 2458 1425 2530 ζηλή
1435 2475 1572 2528 μονα
1606 2458 1839 2528 πάτρην,

323 2557 442 2612 Kal
469 2558 578 2626 γάρ
605 2555 923 2625 ὀμογνήτων
943 2552 1266 2624 δεδαημένος
1302 2551 1437 2622 ῆθεα
1471 2552 1666 2621 φωτῶν

324 2649 604 2720 Μάρτυρα
633 2646 798 2718 μῦθον
828 2645 1009 2699 ἔειπεν
1039 2645 1330 2714 ἐτήτυμον,
1362 2645 1476 2697 ὅττι
1504 2643 1788 2715 προφήτης

325 2741 407 2794 υύ
436 2738 662 2792 δύναται
690 2737 1018 2808 περίπυστον
1052 2735 1195 2806 ἔχειν
1221 2735 1302 2789 ἐνὶ
1339 2736 1559 2804 πατρίδι
1585 2735 1772 2805 τιμήν.

327 2830 406 2885 45
455 2829 595 2882 Ἀλλ’
629 2829 718 2882 ὅτε
748 2829 812 2901 δὴ
839 2828 1120 2881 Γαλιλαῖον
1150 2827 1207 2890 ές
1239 2826 1462 2898 ἕδρανον
1500 2822 1662 2898 ἦλθεν
1691 2824 1916 2896 Ἰησοῦς,

329 2922 412 2994 Δὴ
437 2921 557 2974 τότε
594 2937 685 2988 μιν
714 2920 1059 2991 προφανέντα
1084 2919 1478 2973 παλιννόστοισι
1505 2917 1779 2982 κελεύθοις

337 3014 610 3082 Ἀσμενος
645 3010 809 3081 ἐσμὸς
842 3011 1026 3064 ἔδεκτο
1060 3011 1396 3082 θεοστόργων
1427 3010 1745 3075 Γαλιλαίων,

336 3104 528 3157 Πάντα
554 3102 729 3172 τάπερ
756 3102 979 3172 ποίησεν
1005 3102 1064 3155 έν
1097 3103 1314 3174 ἕρκεσιν
1356 3103 1715 3173 Ἰροσολύμων

338 3194 624 3264 Ὀμμασιν
651 3192 917 3263 ἀθρήσας,
947 3193 1098 3263 ἱερῆς
1121 3194 1210 3246 ὅτε
1241 3193 1427 3263 κῶμον
1454 3193 1649 3263 ἑορτῆς

335 3285 594 3356 Μητέρες
618 3284 870 3354 εὑσεὸίης
899 3283 1199 3348 θεασώδεες
1228 3285 1435 3355 ἤγαγον
1459 3279 1620 3356 ὧραι.

339 3375 456 3429 Kal
488 3374 598 3445 γὰρ
635 3376 692 3435 ές
722 3373 864 3446 ἱερὸν
891 3369 1044 3447 ἦμαρ
1074 3374 1465 3444 ὲπεστιχόωντο
1494 3374 1588 3426 καὶ
1616 3372 1772 3426 αὐτοί

339 3465 416 3520 46
467 3464 674 3535 Ἰησοῦς
706 3466 803 3536 μὲν
836 3465 1009 3526 ἵκανε.
1043 3465 1135 3517 καὶ
1164 3463 1335 3534 ῷκεεν
1363 3464 1551 3518 αὐτόθι
1584 3463 1818 3534 μίμνων,

341 3546 484 3626 τῌχι
513 3553 673 3606 πέδον
706 3555 1033 3618 Καναναῖον,
1064 3552 1170 3623 ὅπη
1206 3553 1377 3622 πάρος
1405 3554 1484 3615 είς
1515 3551 1670 3622 χύσιν
1698 3553 1840 3604 οἴνου

343 3644 551 3698 Ξανθὸν
587 3644 731 3715 ὓδωρ
755 3644 972 3715 ποίησε,
1008 3643 1170 3714 φύσιν
1201 3643 1456 3714 χιονωτδν
1483 3643 1744 3714 ἀμείψας.

421 3731 532 3788 Ἦν
562 3736 616 3788 δέ
648 3753 729 3799 τις
767 3734 958 3788 ἰθύνων
989 3735 1246 3806 στρατιὴν
1279 3734 1553 3806 βασιλήῖος
1584 3735 1744 3806 ἀνὴρ,

349 3819 429 3882 Οὗ
465 3827 594 3889 πάξ
621 3825 899 3897 ἀγχιάλοιο
918 3827 1298 3896 Καφαρναοὺμ
1319 3826 1400 3878 ἐνὶ
1425 3825 1582 3896 δήμῳ

351 3917 607 3978 Κέκλιτο,
631 3915 812 3987 νωθρὰ
841 3916 1020 3988 φέρων
1056 3915 1410 3987 πεπεδημένα
1438 3915 1676 3984 γούνατα
1702 3917 1894 3987 νούσῳ.

355 4010 467 4062 Kal
491 4008 716 4078 γενέτης
745 4007 1056 4078 φιλότεκνος
1085 4006 1184 4077 ἴσῳ
1213 4006 1504 4077 μαστίζετο
1533 4005 1726 4078 πυρσῷ

358 4099 554 4162 Παιδὸς
589 4098 989 4169 ἱμασσομένοιο,
1002 4097 1142 4167 τάχα
1162 4097 1346 4151 πλέον.
1387 4097 1453 4151 47
1484 4091 1651 4160 Οὗτος
1679 4097 1940 4160 ἀκούσας,

363 4190 640 4260 Ἔδραμεν
668 4191 745 4252 είς
771 4190 1074 4241 Καναναῖον
1101 4187 1360 4242 ὲδέθλιονο
1390 4189 1694 4260 ἀγχιφανὴς
1715 4189 1770 4243 δὲ

373 4279 579 4352 Ἰησοῦν
611 4280 844 4352 ἐρέεινεν
874 4281 1021 4344 ὅπως
1051 4279 1170 4335 νέον
1200 4276 1292 4333 υἷα
1327 4278 1534 4355 σαώσῃ,

2017 1833 2161 1890 Deus
2209 1835 2284 1889 ibi
2327 1834 2554 1899 mansit,
2608 1833 2784 1889 donec
2827 1847 3026 1887 cursus
3075 1831 3215 1888 alius
3259 1839 3380 1901 post
3424 1830 3590 1885 alium

2013 1926 2189 1982 Celeri
2221 1925 2492 1996 vertigine
2513 1925 2778 1995 prasteriit
2809 1923 3014 1994 bijngis
3045 1937 3278 1976 aurorae.
3317 1919 3402 1992 [All
3439 1927 3494 1975 et
3521 1918 3594 1975 42

2014 2106 2085 2160 45
2115 2105 2178 2158 Ει
2207 2111 2327 2174 post
2361 2104 2631 2174 duplicem
2662 2103 2804 2158 diem
2837 2102 2950 2158 Rex
2980 2102 3258 2159 festinanti
3294 2100 3450 2173 pcdc,
3482 2099 3591 2174 45

2019 2197 2264 2251 Auribus
2285 2197 2638 2251 credentibus
2667 2194 2894 2248 infixum
2927 2209 3233 2252 sermonem
3254 2195 3594 2264 relinquens,

2021 2288 2146 2344 Inde
2175 2287 2311 2343 abiit
2353 2302 2630 2351 reversus,
2678 2287 3038 2342 renuentibus
3069 2285 3491 2350 habitatoribus,
3533 2283 3599 2338 Et

2021 2395 2216 2434 rursus
2245 2379 2300 2432 in
2333 2393 2585 2448 campum
2614 2378 2762 2432 venit
2790 2377 3072 2432 Christum
3104 2377 3404 2430 amantium
3447 2375 3599 2429 Gali-

2023 2470 2268 2523 laeorum.
2321 2466 2392 2520 44
2427 2467 2611 2520 Solam
2644 2479 2775 2520 vero
2822 2478 2932 2519 non
2968 2463 3102 2518 adiit
3139 2479 3296 2518 suam
3337 2464 3601 2518 aemulan-

2023 2569 2131 2617 tem
2157 2559 2390 2630 patriam
2419 2576 2432 2612 :
2473 2557 2686 2612 Etenim
2721 2556 3069 2626 popularium
3098 2555 3282 2611 sciens
3313 2568 3494 2609 mores
3524 2555 3605 2609 vi-

2025 2665 2232 2713 rorum,
2269 2647 2678 2704 Testiﬁcantcm
2710 2660 3021 2706 sermonem
3051 2644 3189 2698 dixit
3219 2659 3430 2708 verum,
3455 2643 3603 2712 quod

2028 2739 2292 2808 propheta
2339 2735 2460 2790 Non
2515 2743 2698 2806 potest
2748 2734 3018 2789 illustrem
3069 2734 3270 2788 habere
3313 2733 3369 2786 in
3429 2733 3606 2802 patria

2029 2829 2316 2883 honorem.
2348 2827 2420 2881 45
2462 2825 2568 2880 Sed
2607 2823 2829 2894 quando
2856 2838 2990 2878 sane
3033 2823 3088 2877 in
3115 2822 3394 2877 Galilzcum
3429 2823 3605 2878 solum

2028 2919 2179 2975 venit
2211 2917 2395 2982 Jesus,
2428 2916 2584 2972 Tunc
2606 2917 2785 2987 ipsum
2814 2914 3172 2983 conspicuum
3214 2913 3486 2968 reversiva
3521 2912 3609 2966 via

2032 3011 2238 3066 Avidus
2266 3017 2445 3065 cetus
2474 3009 2716 3079 suscepit
2743 3007 2958 3076 piorum
2990 3004 3360 3072 Galilzeorum,
3413 3002 3610 3059 Omnia

1954 3121 1995 3177 ρ
2030 3117 2153 3174 qua
2231 3099 2361 3157 fecit
2425 3099 2570 3153 intra
2637 3105 2793 3168 septa
2860 3095 3362 3166 Hierosolymorum
3425 3092 3613 3149 Oculis

2032 3191 2522 3264 aspiciens,'sacri
2570 3194 2791 3258 quando
2841 3187 3263 3243 celebrationem
3317 3185 3443 3241 festi
3500 3183 3614 3239 Ma-

2034 3292 2147 3339 tres
2178 3281 2399 3352 pietatis
2429 3282 2684 3351 choraga:
2715 3278 3076 3334 adduxissent
3105 3277 3274 3331 horae.
3306 3275 3519 3332 Etenim
3544 3275 3615 3330 ad

2033 3376 2178 3430 diem
2209 3374 2408 3429 festum
2440 3372 2932 3443 proﬁciscebantur
2960 3378 3015 3426 et
3043 3371 3169 3440 ipsi.
3202 3369 3270 3423 46
3298 3368 3461 3425 Jesus
3491 3368 3619 3439 qui-

2036 3469 2157 3522 dem
2192 3464 2363 3529 venit,
2416 3473 2471 3519 ct
2510 3462 2773 3517 habitavit
2812 3463 2885 3517 ibi
2937 3445 3186 3526 manens,
3242 3457 3344 3514 Ubi
3388 3473 3616 3529 campus

2036 3560 2342 3615 Cananzeus
2372 3565 2477 3622 est,
2534 3556 2627 3610 ubi
2671 3565 2828 3610 antea
2872 3556 2927 3608 in
2978 3552 3203 3607 liuorem
3236 3551 3347 3604 vini
3394 3549 3616 3608 Flavam

2034 3664 2233 3720 aquam
2292 3655 2567 3712 mutarat,
2624 3654 2879 3700 naturam
2934 3644 3147 3698 niveam
3213 3650 3614 3698 transmutans.

2089 3740 2218 3794 Erat
2259 3745 2439 3792 autem
2477 3737 2696 3806 quidam
2730 3751 2925 3805 regens
2964 3735 3265 3790 exercitum
3294 3733 3474 3804 regius
3509 3735 3614 3799 vir,

2036 3830 2206 3897 Cujus
2244 3829 2390 3883 filius
2437 3829 2727 3882 maritimae
2773 3827 3114 3896 Caperuaum
3157 3825 3210 3879 in
3257 3827 3460 3895 populo
3518 3826 3619 3880 De—

2037 3921 2351 3982 cumbebat,
2390 3918 2644 3988 languida
2676 3917 2858 3972 ferens
2897 3918 3056 3987 ligata
3088 3931 3264 3986 genua
3291 3915 3502 3970 morbo.
3552 3916 3620 3969 Et

2045 4019 2198 4079 pater
2247 4022 2440 4062 amans
2494 4008 2702 4063 sobolis
2744 4007 2939 4078 aequali
2990 4007 3352 4076 torquebatur
3398 4007 3619 4062 ﬂamma

2044 4101 2179 4156 Cum
2215 4101 2324 4154 tilio
2353 4099 2574 4165 aﬂlicto,
2619 4098 2804 4154 forsan
2845 4106 2899 4154 et
2933 4099 3074 4170 plus.
3112 4101 3176 4153 47
3215 4098 3315 4154 llic
3356 4114 3480 4154 cum
3527 4115 3626 4153 au-

2044 4191 2237 4255 disset,
2271 4187 2532 4246 Cucurrit
2573 4189 2628 4243 in
2655 4189 2984 4244 Cananaeum
3017 4189 3230 4254 solum;
3280 4190 3625 4261 pr0pinquus

2048 4298 2174 4337 vero
2223 4280 2412 4338 Jesum
2468 4281 2700 4353 rogavit,
2754 4289 2814 4336 ut
2855 4281 3111 4353 juvenem
3149 4281 3318 4336 lilium
3363 4289 3628 4350 servaret,

1570 4395 1854 4453 TEXTUS
1890 4398 2416 4456 EVANCELISTAS.
3242 4440 3250 4447 -

430 4505 502 4561 58
551 4505 693 4574 Ἐγὼ
715 4506 1010 4560 ἀπέστειλα
1041 4507 1186 4578 ὑμᾶς
1213 4505 1448 4577 θερίζειν
1473 4505 1500 4558 ὃ
1528 4507 1625 4577 οὐχ
1656 4507 1812 4576 ὑμεῖς
1854 4525 1939 4561 κε·
1979 4515 2022 4569 D
2121 4509 2191 4564 43
2227 4509 2384 4564 Μετὰ
2422 4509 2480 4562 δὲ
2508 4510 2606 4573 τὰς
2651 4511 2746 4563 δύο
2791 4512 3003 4580 ἡμέρας
3032 4510 3254 4581 ἐξῆλθεν
3285 4512 3511 4577 ἐκεῖθεν,
3540 4514 3633 4566 καὶ

365 4589 668 4644 κοπιάκατε
689 4607 702 4620 ο
731 4589 877 4642 ἄλλοι
907 4589 1292 4652 κεκοπιάκασι,
1320 4589 1411 4642 καί¹
1445 4590 1602 4661 ὑμεῖς
1631 4592 1710 4654 είς
1738 4589 1830 4643 τὸν
1861 4591 1952 4644 κό-

368 4689 466 4727 πον
499 4672 680 4725 αὐτῶν
715 4671 1120 4742 εἰσεληλύθατε.

2052 4591 2292 4662 ἀπῆλθεν
2318 4594 2398 4655 εἰς
2424 4592 2522 4662 τὴν
2555 4592 2867 4645 Γαλιλαίαν.

2116 4674 2188 4728 44
2224 4673 2398 4738 Αὐτὸς
2451 4674 2560 4745 γὰρ
2595 4676 2624 4726 6
2661 4671 2868 4744 Ἰησοῦς
2897 4671 3277 4747 ἐμαρτύρησεν
3312 4676 3394 4727 ὅτι
3424 4677 3636 4747 προφήο

435 4755 506 4809 59
557 4755 653 4807 Ἐκ
679 4753 735 4806 δὲ
767 4755 866 4823 τῆς
914 4754 1119 4817 πόλεως
1163 4753 1380 4824 ἐκείνης
1410 4754 1596 4808 πολλοὶ
1625 4755 1952 4809 ἐπίστευσαν
2046 4774 2146 4828 της
2170 4758 2228 4809 ὲν
2256 4759 2322 4827 τῇ
2358 4756 2464 4828 ἰδία
2499 4756 2719 4827 πατρίδι
2751 4757 2918 4827 τιμὴν
2950 4756 3052 4809 οὐκ
3079 4755 3212 4827 ἔχει.

369 4838 446 4901 εἰς
473 4835 637 4889 αὐτὸν
669 4837 775 4889 τῶν
801 4836 1174 4908 Σαμαρειτῶν,
1215 4837 1302 4890 διὰ
1327 4837 1420 4890 τὸν
1453 4837 1610 4904 λόγον
1639 4837 1736 4907 τῆς
1766 4855 1952 4906 γυναιο

369 4921 482 4984 κὸς,
514 4920 900 4990 μαρτυρούσης
924 4935 939 4950 °
965 4921 1086 4972 Ὅτι
1115 4914 1235 4972 εἶπέ
1263 4937 1352 4989 μοι
1375 4919 1554 4972 πάντα
1575 4921 1674 4971 ὅσα
1695 4920 1947 4991 ὲποίησα.

438 5002 510 5055 40
557 5001 645 5065 Ὠς
677 4999 771 5055 οὖν
797 4998 959 5073 ἦλθον
990 5001 1125 5072 προς
1153 5002 1314 5055 αὑτὸν
1348 5004 1396 5055 oi
1426 5003 1783 5072 Σαμαρεῖται,
1811 5001 1957 5072 ἡρώε-

2117 4840 2189 4892 45
2228 4840 2356 4892 Ὅτε
2386 4835 2480 4892 οὖν
2505 4836 2670 4910 ἦλθεν
2699 4840 2779 4904 είς
2806 4841 2906 4911 τὴν
2933 4839 3244 4902 Γαλιλαίαν,
3273 4839 3522 4906 ἐδέξαντο
3543 4841 3639 4894 αὑ·

2049 4921 2140 4975 τὸν
2173 4922 2222 4974 οἱ
2252 4922 2548 4985 Γαλιλαῖοι,
2583 4921 2763 4974 πάντα
2795 4924 3097 4992 ἑωρακότες
3128 4922 3163 4976 ἃ
3187 4923 3439 4994 ἐποίησεν
3465 4925 3521 4976 ἐν
3548 4923 3644 4977 Ἰε-

2057 5004 2374 5076 ροσολύμοις
2398 5007 2458 5060 ὲν
2487 5009 2553 5077 τῇ
2584 5007 2746 5078 ἑορτῇ
2767 5022 2780 5036 ’
2811 5007 2904 5060 καὶ
2933 5005 3086 5060 αὐτοὶ
3109 5005 3218 5078 γὰρ
3246 5002 3408 5078 ἦλθον
3431 5008 3513 5070 είς
3538 5007 3639 5078 τὴν

371 5102 475 5137 των
509 5084 670 5137 αὑτὸν
700 5089 879 5155 μεῖναι
925 5085 1048 5154 παρ’
1077 5081 1415 5148 αὐτοῖς”καὶ
1445 5085 1660 5155 ἔμεινεν
1707 5086 1822 5138 ἐκεῖ
1864 5085 1957 5138 δύο
2055 5089 2273 5158 ἑορτήν.

376 5167 607 5238 ἡμέρας·

441 5249 505 5303 41
552 5247 662 5302 Kal
683 5247 861 5320 πολλῷ
883 5248 1103 5312 πλείους
1121 5249 1446 5303 ἐπίστευσαν
1469 5249 1557 5304 διὰ
1574 5250 1664 5305 τὸν
1684 5251 1840 5321 λόγον
1863 5252 1960 5304 αὑ-

378 5331 496 5388 τοῦ.

446 5416 516 5470 42
552 5417 631 5488 Τῇ
666 5434 726 5474 τε
755 5417 972 5485 γυναικὶ
1004 5417 1214 5485 ἔλεγον·
1255 5417 1374 5470 ’Ὁτι
1407 5415 1589 5469 οὐκέτι
1619 5416 1706 5471 διὰ
1733 5417 1831 5488 τὴν
1863 5419 1960 5489 σὴν

382 5497 565 5554 λαλιὰν
589 5501 946 5571 πιστεύομενσ
979 5499 1132 5553 αὐτοὶ
1165 5499 1274 5570 γὰρ
1309 5499 1644 5570 ἀκηκόαμεν,
1691 5501 1785 5554 καὶ
1816 5499 1963 5554 οῖδα-

2125 5171 2194 5224 46
2233 5167 2437 5223 Ἶιλθεν
2484 5167 2581 5224 οὖν
2629 5174 2657 5224 6
2696 5171 2903 5242 Ἰησοῦς
2939 5171 3098 5224 πάλιν
3127 5171 3206 5231 είς
3230 5170 3328 5240 τὴν
3365 5172 3521 5224 Κανᾶ
3548 5170 3650 5240 τῆς

2056 5253 2365 5316 Γαλιλαίας,
2399 5254 2532 5306 ὅπου
2579 5253 2804 5324 ἐποίησε
2863 5255 2923 5306 τὸ
2968 5253 3109 5323 ὕδωρ
3137 5250 3298 5306 οἶνον.
3336 5255 3446 5306 Καὶ
3472 5250 3540 5325 ἦν
3568 5272 3650 5319 τις

2063 5335 2358 5404 βασιλικὸς,
2395 5331 2456 5389 οὗ
2490 5337 2520 5388 6
2548 5335 2661 5398 υίὸς
2691 5335 2908 5405 ἠσθένει
2936 5338 2992 5388 ὲν
3021 5337 3412 5407 Καπερναούμ.

2141 5419 2198 5471 ι7
2241 5411 2409 5482 Οὗτος
2462 5418 2700 5472 ἀγούσας
2747 5419 2827 5471 ὅτι
2874 5420 2908 5471 Ἰ
3020 5418 3044 5428 ”
3182 5437 3202 5450 ρ
3408 5419 3474 5458 ’.ρ
3520 5422 3532 5441 ’
3592 5440 3601 5456 ν

2329 5451 2346 5469 .
2521 5461 2534 5472 .
2673 5451 2698 5482 «δ
2913 5437 3079 5489 ησους
3103 5420 3226 5488 ἦκιι
3267 5421 3328 5472 ἐκ
3375 5437 3471 5491 τη,
3537 5423 3653 5477 10.)-

2063 5501 2217 5564 δαίας
2272 5503 2354 5562 είς
2400 5502 2500 5571 τὴν
2554 5501 2862 5568 Γαλιλαίαν,
2911 5502 3118 5572 ἀπῆλθε
3167 5503 3302 5575 πρὸς
3344 5503 3526 5572 αὑτὸν,
3555 5505 3662 5560 καὶ

389 5598 484 5652 μεν
528 5581 609 5637 ὅτι
638 5576 790 5648 οὗτός
822 5584 970 5638 ἐστιν
995 5582 1209 5654 άληθῶς
1234 5584 1262 5637 6
1290 5583 1478 5654 Σωτὴρ
1528 5583 1620 5636 τοῦ
1671 5585 1898 5654 κόσμον,
1938 5587 1966 5636 6
2065 5583 2255 5656 ἠρώτα
2282 5584 2466 5647 αὐτὸν,
2500 5585 2587 5638 ἴνα
2613 5585 2824 5656 καταϐῇ
2857 5587 2946 5642 καὶ
2982 5588 3199 5658 ἰάσηται
3222 5587 3386 5642 αὑτοῦ
3406 5587 3499 5644 τὸν
3519 5590 3657 5644 υἱόν*

389 5675 640 5749 Κριστός.

2070 5667 2272 5739 ἤμελλε
2303 5669 2411 5740 γὰρ
2445 5667 2831 5741 ἀποθνήσκειν.
