3956 6202
418 285 517 341 ῗθῗ»

1646 286 1853 344 NONNI
1880 288 2381 346 PANOPOLITANI

3569 298 3663 357 784

412 406 664 461 Civitatis
695 404 886 461 vicinae
912 406 1173 461 declivem
1199 404 1477 473 regionem
1511 402 1790 461 incedens.
1822 406 1891 461 48
1922 405 1987 458 Ει

2106 411 2321 473 Ἀστεος
2356 412 2674 483 ἀγχιπόροιο
2699 411 2975 481 κατήλυδα
3004 411 3172 475 πέζαν
3198 410 3409 469 ὀδεύων.
3506 427 3520 439 ·

415 500 591 568 ipsum
618 497 732 553 Itcx
756 500 1029 553 allocutus
1049 504 1130 551 est
1160 510 1261 551 suo
1292 495 1680 564 rcprehensivo
1700 512 1986 552 sermone:

414 587 530 643 Nisi
582 604 715 644 mere
751 587 1100 658 inspexeritis
1130 586 1281 639 varia
1320 586 1587 641 miracula
1632 590 1802 655 vocis,
1842 588 1989 643 Nun-

414 697 578 751 quam
616 680 747 734 mihi
791 679 1035 732 creditis.
1069 677 1136 731 49
1168 678 1233 732 Et
1278 678 1489 733 ardenti
1522 678 1669 733 febre
1713 678 1993 751 Lacrymis

416 770 772 824 calidioribus
824 768 1084 835 irrigatus
1141 770 1326 823 sonuit
1377 769 1460 822 vir
1504 788 1515 823 :
1560 766 1801 836 Festina,
1856 768 1991 838 Rex,

416 860 704 925 descende,
745 874 937 930 campo
968 860 1240 916 Cananteo
1279 861 1493 924 relicto,
1531 862 1841 931 Antequam
1878 876 1995 916 mo-

417 955 589 1008 riatur
626 969 781 1009 meus
817 953 961 1010 illius
994 960 1084 1007 tua
1118 953 1368 1023 indigens
1397 969 1549 1009 voce.
1597 954 1665 1009 50
1704 952 1770 1007 Et
1814 954 1991 1024 ipsum

416 1044 527 1101 Rex
564 1045 910 1101 conﬁrmavit
958 1060 1061 1099 suo
1094 1046 1244 1100 vitali
1281 1046 1489 1101 verbo:
1527 1044 1696 1111 Vade,
1725 1052 1779 1100 et
1820 1045 1995 1100 viven-

416 1145 523 1192 tem
552 1143 608 1191 et
637 1136 970 1191 incolumem
1006 1135 1249 1190 invenies
1297 1134 1562 1190 Dilectum
1602 1141 1753 1188 tuum
1785 1133 1991 1199 ﬁlium;

416 1227 559 1297 apud
589 1235 826 1282 vestram
857 1234 1036 1282 autem
1062 1241 1307 1281 mensam
1335 1226 1447 1298 46
1472 1226 1672 1282 Libens
1702 1227 1996 1283 convivare

413 1334 540 1373 cum
580 1319 689 1373 ﬁlio
729 1318 978 1373 conviva.
1019 1317 1165 1371 Dixit
1187 1317 1338 1382 Rex;
1376 1326 1430 1373 et
1462 1320 1730 1375 festinans
1761 1319 1846 1378 vir
1877 1334 1995 1375 cre-

412 1411 552 1464 didit
583 1411 823 1466 sermoni
852 1409 1014 1465 Jesus
1052 1425 1212 1479 quem
1242 1409 1418 1476 dixit;
1470 1420 1524 1467 et
1561 1411 1852 1466 incedebat
1899 1426 1995 1481 spe

413 1502 810 1571 persuasionis.
853 1502 915 1556 51
957 1500 1021 1554 Et
1054 1501 1156 1571 ipsi
1185 1502 1344 1574 longa
1381 1502 1737 1558 descendenti
1766 1503 1854 1556 via
1898 1500 1999 1556 Oc-

412 1600 706 1655 currerunt
736 1592 944 1646 alacres
987 1591 1262 1659 ministri;
1295 1608 1471 1662 neque
1509 1593 1593 1646 vir
1624 1592 1826 1649 Servos
1863 1607 1994 1648 suos

413 1681 771 1751 interrogavit
799 1680 1116 1752 gestientes,
1144 1697 1208 1736 ex
1240 1681 1380 1737 facie
1400 1690 1579 1737 autem
1609 1681 1805 1736 Filium
1832 1697 1991 1739 suum

2099 501 2164 555 48
2199 503 2309 557 Καί
2341 521 2431 573 μιν
2449 503 2618 567 Ἂναξ
2651 504 2927 557 ἐνένιπτεν
2954 502 3027 573 ἐῷ
3059 505 3388 574 νεμεσήμονι
3425 502 3592 573 μύθῳ’

2095 595 2157 647 El
2182 594 2254 665 μὴ
2288 595 2427 665 ἐμῆς
2459 596 2668 666 ἐσίδητε
2698 595 3014 665 πολύτροπα
3042 595 3294 665 θαύματα
3323 594 3528 664 φωνῆς,

2095 684 2305 738 Οὔποτέ
2335 704 2424 757 μοι
2457 685 2729 739 πείθεσθε.
2808 685 2875 741 49
2915 686 3022 739 Kal.
3051 686 3336 755 αἰθομένου
3369 686 3613 755 πυρετοῖο

2094 779 2333 848 Δάκρυσι
2364 777 2739 849 θερμοτέροισι
2765 776 3051 848 διάϐροχος
3082 777 3230 846 ἴαχεν
3256 776 3400 845 ἀνήρ
3420 794 3433 805 ·

2095 868 2556 934 Σπεῦσον,”Αναξ,
2592 867 2889 937 κατάϐηθι,
2925 866 3085 920 πέδον
3112 868 3420 920 Καναναῖον
3452 863 3629 930 ἐάσας,

2096 961 2231 1032 Πρὶν
2257 961 2467 1015 θανέειν
2493 961 2625 1031 ἐμὸν
2654 954 2744 1013 υἷα
2770 959 2900 1030 τεῆς
2929 959 3183 1012 ἐπιδευέα
3211 958 3417 1028 φωνῆς.

2074 1036 2163 1107 ’50
2193 1052 2300 1106 Καί
2327 1068 2419 1123 μιν
2452 1052 2622 1117 ’Λναξ
2647 1052 2912 1121 θάρσυνέν
2940 1049 3014 1120 ἐῷ
3043 1048 3281 1119 ζωαρκέϊ
3313 1046 3470 1119 μύθῳ
3488 1064 3501 1079 ·

2099 1142 2313 1213 Ἔρχεο,
2347 1141 2441 1195 καὶ
2479 1140 2685 1206 ζώοντα
2714 1141 2808 1195 καὶ
2836 1140 3174 1211 ἁρτεμέοντα
3204 1140 3452 1209 κιχήσεις

2094 1233 2400 1303 Τηλύγετον
2429 1233 2519 1286 σέο
2551 1233 2717 1287 παῖδα
2736 1249 2750 1263 θ
2779 1234 2911 1303 παρ’
2938 1231 3177 1304 ὑμετέρῃ
3208 1231 3263 1283 δὲ
3295 1228 3545 1301 τραπέζῃ

2092 1323 2199 1395 47
2242 1326 2510 1394 Ἀσμενος
2539 1323 2851 1387 εἰλαπίναζε
2883 1323 2979 1377 σὺν
3005 1322 3111 1375 υίέϊ
3132 1320 3474 1391 δαιτυμονῆϊ.

2095 1412 2263 1467 Εἶπεν
2286 1413 2457 1479 Ἀναξ
2476 1430 2489 1443 ·
2527 1416 2622 1469 καὶ
2652 1414 2919 1486 κραιπνὸς
2942 1414 3080 1485 ἀνὴρ
3107 1412 3432 1466 ἐπεπείθετο
3460 1410 3603 1482 μύθῳ

2108 1506 2313 1576 Ἰησοῦς
2335 1506 2393 1559 ὃν
2424 1506 2572 1559 ἔειπε
2598 1524 2611 1537 υ
2650 1507 2745 1559 καὶ
2772 1506 2984 1576 ἔστιχεν
3018 1505 3193 1558 ἐλπίδι
3225 1502 3470 1566 πειθοῦς.

2094 1598 2154 1653 5|
2200 1599 2308 1651 Καί
2337 1600 2385 1651 οἱ
2416 1598 2736 1669 τηλεπόροιο
2762 1597 3174 1666 καταστείχοντι
3208 1594 3471 1648 κελεύθου

2099 1690 2324 1741 Ἤντεον
2351 1689 2645 1758 αὐχήεντες
2673 1688 2900 1750 ὀπάονες
2921 1704 2933 1717 ’
2964 1687 3024 1739 ού
3051 1687 3106 1739 δὲ
3140 1686 3237 1756 μὲν
3258 1686 3405 1756 ἀνὴρ

412 1773 683 1827 viventem
728 1774 966 1843 sapienti
1012 1774 1268 1844 cognovit
1313 1774 1554 1828 silentio.
1606 1774 1673 1827 Et
1704 1774 1755 1828 ei
1799 1788 1990 1829 omnes

2106 1779 2292 1850 Δμῶας
2321 1781 2442 1842 ἐοὺς
2472 1780 2674 1850 ἐρέεινε
2700 1778 3021 1850 γεγηθότας,
3048 1779 3112 1831 ἐκ
3146 1777 3203 1831 δὲ
3234 1773 3528 1848 προσώπου

412 1864 672 1919 dixerunt
735 1865 903 1920 simul.
946 1866 1228 1919 venientes
1284 1865 1529 1934 jucundo
1579 1865 1796 1919 verbo:
1849 1864 1994 1919 Vivit

412 1965 561 2019 tuus,
616 1970 649 2008 ο
701 1970 894 2011 amans
941 1956 1267 2020 liberorum,
1307 1956 1468 2009 velox
1512 1956 1655 2010 ﬁlius
1707 1954 1991 2020 incedens,

410 2048 566 2102 Nunc
598 2063 761 2117 quam
801 2058 960 2102 antea
998 2049 1205 2103 sanior.
1252 2046 1453 2107 528εὰ
1501 2049 1591 2103 ille
1630 2049 1872 2119 gaudens
1899 2046 1995 2101 Fa-

410 2140 590 2193 mulos
624 2154 755 2194 suos
801 2138 1161 2209 interrogavit
1212 2139 1439 2195 salutari
1481 2138 1549 2193 de
1600 2141 1733 2193 hora
1777 2138 1838 2194 In
1886 2154 1994 2209 qua

411 2230 736 2285 alacriorem
779 2231 1000 2285 vitalem
1060 2231 1346 2286 habuisset
1391 2231 1868 2301 tranquillitatem.
1930 2228 1995 2284 Et

411 2336 575 2377 unam
603 2322 770 2377 simul
793 2337 982 2376 omnes
1010 2321 1199 2377 famuli
1225 2331 1531 2377 sonuerunt
1555 2337 1743 2377 vocem
1764 2340 1775 2375 :
1794 2320 1991 2375 Filium

411 2427 563 2469 tuum
589 2414 810 2484 reliquit
832 2414 1079 2475 morbus,
1106 2414 1325 2483 quando
1350 2414 1665 2469 hesternam
1696 2414 1762 2467 ad
1794 2413 1990 2467 lineam

411 2504 655 2575 Septima
694 2504 921 2559 veniens
976 2505 1145 2558 vitam
1193 2518 1423 2559 servans
1464 2510 1787 2558 cucurrerat
1829 2503 1988 2556 hora.

410 2601 479 2654 55
503 2597 775 2668 Cognovit
818 2605 998 2651 autem
1032 2612 1129 2667 per
1165 2613 1223 2652 se
1252 2596 1449 2653 doctus
1486 2597 1569 2651 vir
1601 2596 1990 2665 mitigatoriam

410 2692 599 2744 horam
625 2690 685 2743 In
709 2703 815 2759 qua
837 2688 1058 2744 divinus
1086 2689 1223 2742 dixit
1244 2688 1353 2744 Rex
1390 2688 1605 2743 viviﬁca
1631 2703 1762 2744 voce
1792 2708 1803 2743 :
1846 2687 1993 2743 Vade

410 2791 560 2836 tuam
586 2780 653 2834 ad
688 2781 933 2842 domum,
959 2788 1087 2835 tuus
1120 2780 1264 2836 ﬁlius
1288 2789 1372 2837 est
1401 2780 1716 2835 incolumis.
1750 2779 1813 2835 Et
1839 2781 1992 2850 puris

409 2869 731 2941 praecordiis
778 2869 988 2922 ﬁrmam
1039 2870 1285 2940 suscepit
1335 2869 1492 2925 ﬁdem
1543 2867 1684 2939 Ipse,
1730 2869 1893 2925 simul
1940 2877 1994 2924 et

409 2976 602 3017 omnes
636 2974 996 3031 quoscunque
1040 2962 1196 3028 aluit,
1230 2961 1560 3016 testiﬁcante
1601 2961 1790 3025 verbo,
1841 2959 1991 3015 Fidei

410 3056 581 3113 ﬁrmis
619 3055 1097 3124 conjungebautur
1138 3055 1437 3125 repagulis,
1479 3053 1707 3109 Pietatis
1755 3054 1810 3107 in
1846 3052 1986 3106 viam

2097 1873 2221 1925 Υίδν
2245 1872 2331 1924 ἐὸν
2360 1870 2567 1935 ζώοντα
2597 1874 2732 1941 σοφῇ
2772 1870 3046 1939 γίγνωσκε
3079 1872 3278 1943 σιωπῇ.

2095 1963 2203 2015 Καί
2223 1963 2272 2015 οί
2299 1963 2500 2026 πάντες
2527 1961 2713 2028 ἔλεξαν
2738 1961 3006 2032 ὀμήλυδες
3037 1961 3153 2030 ἡδέϊ
3189 1960 3350 2032 μύθῳ
3368 1978 3381 1991 ·

2094 2054 2230 2107 Ζώει
2262 2054 2375 2118 σὸς,
2407 2054 2706 2123 φιλότεκνε,
2742 2054 3042 2125 ποδήνεμος
3071 2052 3184 2115 υίὸς
3215 2052 3423 2123 ὁδίτης,

2095 2146 2208 2199 Νῦν
2228 2146 2386 2200 πλέον
2405 2146 2438 2217 ἢ
2457 2144 2748 2217 τοπάροιθε
2768 2144 3059 2215 σαώτερος.
3129 2144 3196 2197 59.
3234 2144 3426 2215 Αὐτὰρ
3442 2145 3469 2196 6
3483 2141 3668 2215 χαίρων

2095 2238 2293 2309 Δμῶας
2324 2240 2444 2302 ἑοὺς
2478 2238 2711 2309 ἐρέεινεν
2737 2236 3058 2301 ἀλεξικάκου
3089 2236 3249 2307 χάριν
3274 2235 3451 2306 ὥρης,

2096 2330 2177 2399 Τῇ
2204 2329 2283 2382 ἔνι
2308 2329 2668 2399 φαιδροτέρην
2695 2327 2963 2399 βιοτησιον
2992 2327 3116 2398 ἔσχε
3151 2328 3421 2398 γαλήνην.

2096 2421 2206 2473 Καὶ
2236 2420 2365 2490 μίαν
2395 2422 2473 2474 εἰν
2504 2421 2583 2473 ἐνὶ
2612 2421 2813 2483 πάντες
2834 2420 3065 2482 ὀπάονες
3099 2419 3249 2489 ῖάχον
3280 2420 3473 2490 αὐδήνο

2095 2511 2229 2564 Υίέα
2256 2512 2347 2564 σὺν
2376 2512 2501 2564 λίπε
2530 2512 2719 2575 νοῦσος
2744 2513 2831 2565 ὅτε
2865 2512 3021 2583 χθιζῇ
3049 2511 3198 2580 παρά
3233 2510 3408 2583 νόσσῃ

2107 2602 2405 2673 Ἐϐδομάτη
2440 2603 2724 2673 στείχουσα
2758 2602 2997 2673 βιοσσόος
3024 2602 3242 2672 ἔτρεχεν
3274 2600 3423 2673 ὦρη.

2052 2750 2058 2756 _
2095 2692 2165 2747 55
2206 2694 2388 2761 Ἔγνω
2419 2693 2464 2746 δ’
2486 2692 2865 2755 αὐτοδίδακτος
2894 2691 3032 2763 ἀνὴρ
3060 2693 3398 2763 ὀδυνήφατον
3429 2692 3587 2764 ὥρην,

2096 2785 2175 2855 Τῇ
2206 2783 2284 2837 ἐνι
2315 2783 2569 2837 θέσκελον
2587 2780 2739 2837 εἶπεν
2760 2783 2927 2849 Ἀναξ
2957 2784 3195 2854 ζωαρκέϊ
3222 2787 3402 2855 φωνῇ·

2100 2877 2296 2947 Ἔρχεο
2331 2876 2422 2929 σὺν
2460 2877 2584 2930 ποτὶ
2612 2876 2789 2947 δῶμα,
2817 2875 2937 2939 τεὸς
2963 2874 3096 2938 πάϊς
3130 2876 3272 2928 ἐστὶν
3298 2877 3555 2947 ἀπήμων.

2095 2965 2207 3017 Kal
2236 2964 2502 3035 καθαραῖς
2532 2965 2893 3035 πραπίδεσσιν
2925 2964 3189 3033 ἀκαμπέα
3220 2964 3427 3031 δέξατο
3455 2964 3611 3018 πειθὼ

2096 3055 2286 3120 Αὐτὸς,
2317 3055 2451 3125 ὁμοῦ
2482 3056 2576 3108 καὶ
2605 3055 2804 3119 πάντες
2832 3056 2988 3119 ὅσους
3012 3055 3198 3127 τρέφε,
3232 3056 3480 3129 μάρτυρι
3511 3054 3667 3128 μύθῳ,

409 3158 577 3203 totam
622 3147 842 3202 domum
897 3148 1186 3216 inculpatae
1235 3147 1480 3202 trahens.
1531 3146 1599 3201 54
1650 3145 1764 3201 Hoc
1810 3156 1990 3200 autem

2106 3145 2318 3208 Πίστιος
2355 3146 2692 3199 ἀκλινέεσσιν
2719 3146 3119 3216 ὑπεζεύγνυντο
3147 3147 3476 3212 λεπάδναις,

408 3240 714 3296 secundum
746 3238 894 3293 aliud
926 3254 1144 3293 rursum
1175 3238 1392 3293 viviﬁca
1436 3253 1593 3302 voce,
1631 3237 1733 3292 Ubi
1768 3251 1994 3306 campus

407 3332 715 3387 Cananzeus
746 3342 829 3387 est
856 3331 911 3384 in
961 3329 1098 3385 bene
1133 3330 1327 3384 turrita
1366 3329 1611 3393 Galilma,
1646 3328 1808 3384 Jesus
1860 3328 1989 3383 fecit

409 3424 757 3488 miraculum,
805 3439 869 3477 ex
909 3421 1096 3477 Judaaa
1127 3421 1417 3477 ambulans
1472 3421 1534 3476 In
1579 3421 1856 3476 civitatem
1889 3420 1993 3473 cla-

408 3529 501 3569 ros
524 3529 723 3582 pueros
752 3512 1036 3566 habentem
1064 3510 1390 3566 crinitorum
1424 3510 1800 3576 Galilaeorum,
1841 3510 1992 3564 Anti-

409 3604 572 3672 quius
596 3603 1072 3673 postmiraculum
1104 3602 1238 3657 meri
1279 3601 1603 3671 cupidarum
1647 3601 1987 3670 nuptiarum,

410 3696 577 3765 Aquae
612 3695 668 3749 in
696 3695 884 3750 vinum
908 3709 1079 3751 versa:
1102 3693 1410 3753 rubicundo
1443 3691 1614 3747 ﬂuxu.

1066 3903 1220 3960 CAP.
1263 3902 1327 3957 V.

480 4018 505 4071 1
542 4015 703 4073 Jesus
733 4024 913 4073 autem
942 4015 1187 4071 ascendit
1230 4015 1319 4069 ubi
1363 4015 1561 4069 domus
1592 4012 1779 4069 aetheri
1810 4013 1986 4067 vicina

406 4108 793 4164 Columnarem
846 4108 1228 4177 rcSpIendebat
1272 4107 1515 4177 lapidum
1565 4106 1778 4161 varium
1827 4106 1991 4176 fulgo-

409 4215 543 4254 rem.
584 4200 620 4253 2
669 4200 797 4254 Erat
841 4210 1021 4254 autem
1072 4200 1318 4269 quaedam
1350 4200 1571 4270 elegans
1617 4201 1682 4254 ad
1724 4214 1987 4269 aquosam

408 4291 764 4361 probaticam,
793 4290 1046 4358 Quinque
1075 4291 1273 4358 amplis
1305 4290 1408 4344 sub
1435 4290 1734 4359 porticibus
1767 4290 1986 4351 domus,

407 4380 847 4432 Artiﬁciosorum
895 4378 1188 4446 conjuncta
1254 4380 1496 4449 lapidum
1548 4382 1655 4434 alte
1705 4390 1986 4434 camerata

407 4470 665 4542 operculo
704 4469 835 4523 Lata
867 4469 1119 4539 piscina:
1163 4471 1234 4523 5.
1278 4511 1291 4523 .
1335 4510 1348 4525 .
1397 4512 1409 4525 .
1455 4513 1467 4525 .
1514 4513 1525 4525 .

2096 3238 2363 3308 Εὐσεϐίης
2393 3240 2449 3303 ἐς
2470 3238 2620 3303 ὀδοὺς
2655 3240 2775 3292 ὅλον
2809 3236 2955 3293 οἶκον
2989 3239 3273 3311 ἁμεμφέος
3306 3240 3509 3295 ἕλκων.

2095 3328 2163 3381 54
2201 3326 2372 3381 Τοῦτο
2396 3328 2451 3380 δὲ
2476 3328 2726 3399 δεύτερον
2751 3329 2878 3383 ἄλλο
2900 3330 3060 3384 πάλιν
3088 3330 3327 3403 ζωαρκέῖ
3350 3333 3529 3403 φωνῇ,

2094 3412 2227 3490 τῌχι
2251 3418 2409 3471 πέδον
2440 3419 2747 3473 Καναναῖον
2781 3422 2841 3473 ἐν
2869 3420 3129 3492 εὐπύργῳ
3152 3422 3441 3494 Γαλιλαίῃ,

2106 3509 2314 3581 Ἰησοῦς
2344 3510 2490 3581 κάμε
2520 3509 2749 3580 θάμϐος,
2767 3512 3089 3584 Ἰουδαίηθεν
3118 3512 3343 3577 ὁδεύσας

2093 3603 2189 3665 Είς
2214 3601 2368 3655 πόλιν
2397 3600 2738 3670 ἁγλαόπαιδα
2770 3603 3205 3671 τανυπλοκάμων
3239 3603 3561 3666 Γαλιλαίων,

2094 3693 2473 3766 Πρεσϐύτερον
2510 3693 2651 3764 μετὰ
2679 3693 2863 3766 θαῦμα
2895 3696 3246 3767 φιλακρήτων
3276 3697 3571 3766 ὑμεναίων,

2096 3787 2328 3850 ’Ὑδατος
2355 3784 2669 3849 οίνωθέντος
2694 3785 3035 3856 ἐρευθιόωντι
3064 3785 3290 3857 ῥεέθρῳ.

2753 3902 2911 3957 ΚΕΦ.
2954 3899 3030 3956 E'.

2166 4016 2190 4067 1
2250 4014 2456 4085 Ἰησοῦς
2484 4014 2530 4067 δ’
2554 4013 2834 4068 ἀνέϐαινεν
2865 4015 2970 4086 ὅπη
3000 4014 3162 4086 δόμος
3196 4013 3375 4087 αἰθέρι
3411 4017 3599 4087 γείτων

2093 4105 2323 4175 Κιονέην
2354 4106 2639 4176 άμάρυσσε
2668 4105 2831 4158 λίθων
2859 4105 3173 4178 έτερόχρθον
3200 4105 3420 4176 αἴγλην.

2091 4197 2127 4250 2
2163 4192 2270 4248 Ἦν
2293 4197 2349 4248 δέ
2383 4214 2467 4260 τις
2494 4196 2779 4268 εὐποίητος
2811 4199 2866 4250 ἐν
2897 4197 3105 4268 εύΰδρῳ
3135 4198 3467 4271 προϐατικῇ,

2092 4286 2263 4341 Πέντε
2291 4286 2738 4359 τανυπλεύροισιν
2768 4288 2859 4342 ὑπ’
2888 4287 3172 4361 αἰθούσῃσι
3205 4290 3501 4361 μελάθρου,

2093 4377 2393 4431 Δαιδαλέων
2428 4378 2698 4441 ζωσθεῖσα
2726 4378 2889 4433 λίθων
2920 4378 3184 4449 ὑψάντυγι
3224 4380 3393 4453 μίτρῃ

2093 4468 2400 4540 Εὑρυτενὴς
2423 4468 2750 4540 άσάμινθος’
2828 4471 2861 4523 5
2902 4508 2915 4523 .
2961 4511 2973 4523 .
3017 4508 3032 4523 .
3079 4510 3091 4523 .
3138 4508 3152 4523 .

1278 4660 1279 4663 η
1608 4585 1889 4642 TEXTUS
1932 4586 2466 4644 EVANGELISTZE.

476 4708 546 4764 48
586 4703 752 4762 Εἶπεν
786 4702 879 4761 οὖν
912 4709 940 4761 6
983 4708 1185 4781 Ἰησοῦς
1217 4708 1350 4781 πρὸς
1384 4710 1547 4763 αὐτόν
1572 4726 1583 4739 ·
1629 4709 1751 4762 Ἐὰν
1783 4709 1857 4779 μὴ
1894 4725 1988 4778 ση-
2019 4715 2067 4775 Ι)
2164 4708 2232 4763 55
2277 4709 2457 4774 Ἔγνω
2488 4702 2580 4761 οὖν
2618 4710 2647 4760 ὀ
2688 4709 2869 4781 πατὴρ
2898 4710 2978 4764 ὅτι
3006 4712 3062 4763 ἐν
3096 4711 3277 4783 ἐκείνῃ
3309 4716 3374 4785 τῇ
3408 4713 3527 4785 ὥρᾳ
3557 4705 3666 4784 ἐνῇ

411 4796 535 4864 ιιεῖα
571 4792 665 4846 καὶ
697 4791 899 4863 τέρατα
926 4792 1091 4862 ἴδητε,
1126 4795 1187 4846 οὐ
1218 4794 1290 4864 μὴ
1318 4792 1663 4864 πιστεύσητε.

476 4877 544 4930 49
584 4875 746 4942 Λέγει
787 4874 923 4944 πρὸς
966 4875 1126 4928 αὑτὸν
1158 4877 1186 4926 6
1218 4876 1491 4944 βασιλικός
1515 4893 1527 4906 ·
1578 4874 1770 4945 Κύριε,
1814 4874 1985 4929 κατά-

408 4958 534 5025 ϐηθι
569 4959 698 5028 πρὶν
728 4956 1015 5010 ἀποθανεῖν
1043 4956 1104 5008 τὸ
1138 4957 1343 5008 παιδίον
1375 4974 1495 5027 μου.

477 5040 547 5097 50
584 5042 745 5108 Λέγει
772 5037 918 5108 αὑτῴ
945 5039 972 5089 6
1004 5037 1210 5108 Ἰησοῦς
1229 5053 1242 5066 ⁶
1273 5039 1512 5108 Πορεύου
1533 5057 1545 5070 ο
1574 5043 1602 5092 6
1628 5041 1741 5102 υἱός
1769 5058 1860 5093 σου
1894 5041 1981 5111 ζῇ.

408 5122 519 5175 Καὶ
548 5123 867 5176 ἐπίστευσεν
899 5122 926 5173 6
956 5119 1239 5190 ἄνθρωπος
1267 5119 1342 5189 τῷ
1370 5120 1512 5191 λόγῳ
1557 5114 1600 5189 ᾧ
1637 5117 1788 5175 εἶπεν
1836 5122 1986 5193 αὐτῷ

423 5204 627 5275 Ἰησοῦς
650 5223 663 5235 ·
694 5206 786 5258 καὶ
816 5202 1128 5274 ἐπορεύετο.

479 5288 539 5341 51
590 5289 726 5358 Ἤδη
768 5287 824 5341 δὲ
866 5287 1030 5340 αὑτοῦ
1063 5286 1498 5351 καταϐαίνοντος,
1536 5288 1585 5339 οἱ
1610 5285 1787 5341 δοῦλοι
1821 5288 1986 5343 αὑτοῦ

410 5370 724 5440 ἀπήντησα)
757 5368 924 5439 αὐτῷ,
956 5370 1047 5423 καὶ
1081 5369 1440 5442 ἀπήγγειλαν,
1468 5369 1717 5438 λέγοντες
1738 5387 1750 5399 ·
1785 5371 1913 5424 Ὅτε
1960 5374 1988 5423 6

409 5453 533 5512 παῖς
569 5468 659 5502 σου
685 5453 749 5521 ς
760 5491 771 5501 .

478 5531 547 5584 52
598 5533 855 5585 Ἑπύθετο
883 5529 975 5589 οὖν
1004 5536 1130 5608 παρ’
1158 5535 1337 5588 αὐτῶν
1376 5535 1471 5606 τὴν
1505 5534 1653 5606 ὤραν
1685 5538 1741 5589 ἐν
1848 5555 1986 5606 κομ-

406 5612 632 5683 ῲότερον
658 5614 780 5681 ἔσχε
805 5631 816 5641 ·
844 5618 936 5669 καὶ
966 5613 1117 5670 εἷπον
1143 5618 1291 5687 αὐτῷ
1317 5636 1327 5650 ·
1364 5618 1479 5671 Ὅτι
1506 5618 1631 5688 χθὲς
1664 5619 1811 5689 ὥραν
1839 5620 1985 5673 ἐϐδό-

418 5710 522 5765 μην
546 5694 755 5764 ἀφῆκεν
780 5698 942 5750 αὑτὸν
971 5702 997 5751 ὁ
1029 5700 1279 5768 πυρετός.

2087 4786 2240 4843 εἶπεν
2271 4788 2420 4859 αὐτῷ
2450 4792 2477 4843 6
2522 4791 2728 4861 Ἰησοῦς
2749 4809 2762 4823 ·
2796 4795 2918 4847 Ὀτι
2963 4798 2991 4848 6
3035 4794 3150 4858 υἱός
3177 4812 3271 4849 σου
3303 4797 3389 4868 ζῇ.
3423 4799 3531 4851 Καὶ
3555 4797 3656 4849 ἐπί-

2090 4890 2312 4926 στευσεν
2344 4871 2507 4936 αὐτὸς
2533 4875 2627 4927 καὶ
2655 4877 2687 4946 ἡ
2718 4876 2866 4930 οίκία
2904 4876 3068 4931 αὐτοῦ
3097 4878 3216 4947 ὅλη.

2158 4956 2228 5009 54
2266 4956 2436 5009 Τοῦτο
2473 4956 2635 5011 πάλιν
2674 4959 2925 5031 δεύτερον
2960 4963 3182 5031 σημεῖον
3213 4962 3467 5032 ἐποίησεν
3503 4962 3532 5013 6
3572 4958 3664 5027 Ἰη-

2092 5039 2237 5104 σοῠς,
2265 5039 2435 5095 ἐλθὼν
2462 5042 2526 5094 ἐκ
2554 5042 2651 5113 τῆς
2695 5043 2955 5106 ἰουδαίας
2986 5046 3065 5108 εἰς
3092 5045 3191 5114 τὴν
3221 5045 3526 5098 Γαλιλαίαν.

2742 5167 2901 5220 ΚΕΦ.
2944 5167 3019 5222 E'.

2165 5290 2189 5342 1
2232 5289 2389 5344 Μετὰ
2414 5288 2588 5344 ταῦτα
2611 5285 2679 5361 ἦν
2712 5291 2873 5362 ἐορτὴ
2901 5291 3009 5347 τῶν
3047 5292 3335 5365 Ἰουδαίων,
3378 5297 3469 5349 καὶ
3498 5295 3658 5369 ἀνέϐη

2093 5374 2120 5425 6
2156 5371 2362 5441 Ἰησοῦς
2391 5376 2469 5435 είς
2503 5373 2864 5443 Ἰεροσόλυμα.

2161 5453 2197 5506 2
2238 5454 2391 5506 Ἔστι
2415 5454 2470 5506 δὲ
2504 5457 2560 5508 ἐν
2591 5459 2700 5519 τοῖς
2737 5457 3129 5528 Ἱεροσολύμοις
3162 5460 3248 5512 ἐπὶ
3277 5464 3341 5533 τῇ
3367 5459 3659 5533 προϐατικῇ

2095 5535 2469 5607 κολυμϐήθρα,
2495 5541 2528 5608 ὴ
2552 5539 2907 5610 ἐπιλεγομένη
2936 5540 3211 5612 Ἐϐραϊστὶ
3234 5544 3489 5617 Βηθεσδὰ,
3509 5540 3660 5595 πέντε

2098 5618 2257 5681 στοὰς
2294 5618 2513 5688 ἔχουσα.

2166 5702 2198 5755 5
2238 5700 2323 5754 Ἐν
2354 5704 2576 5768 ταύταις
2620 5705 2902 5761 κατέκειτο
2952 5709 3153 5777 πλῆθος
3198 5712 3331 5769 πολὺ
3374 5712 3473 5767 τῶν
3506 5706 3643 5765 ἀσθεο
