3956 6202
370 237 474 292 785

430 390 442 403 .
484 389 497 403 .
543 389 557 403 .
602 388 614 401 .
692 347 805 419 48
875 346 906 401 4
950 349 1093 419 Ὀπη
1120 350 1456 420 κεκαῡμένος
1481 352 1642 422 ἀνὴρ,

369 440 638 510 ’Ἄλμασιν
666 438 1051 509 αὑτομάτοισιν
1084 439 1204 493 ἰδὼν
1228 442 1556 515 ὀρχούμενον
1581 442 1743 513 ὕδωρ,

374 531 615 585 ὐππότε
645 530 962 601 κυμαίνοντι
991 530 1159 601 δέμας
1189 531 1445 603 φαίδρυνε
1484 533 1707 604 λοετρῷ,

365 618 558 691 Θερμὰ
596 618 1005 689 πεπαινομένης
1043 620 1372 672 ἀπεσείσατο
1404 621 1627 691 κύματα
1664 623 1875 688 νούσου,

362 712 631 783 Φέρτερον
668 710 889 781 ἰητῆρος
922 710 1043 763 ἰδὼν
1073 712 1402 782 ὀδυνήφατον
1435 712 1597 785 ὓδωρ.

360 801 395 855 5
437 797 546 854 Ἦν
570 800 629 853 δέ
652 818 736 864 τις
764 800 1167 871 ἐμπεδόμοχοος
1191 801 1328 874 ἀνὴρ
1358 804 1510 875 ἠεαρδι
1540 806 1741 873 γείτονι
1780 811 1955 879 “nm

361 894 530 964 Τρεῖς
555 892 786 955 δεκάδας
819 892 1088 962 δασπλῆτι
1115 895 1507 965 παριππεύσας
1542 898 1624 950 ἐνὶ
1652 898 1846 969 νούσῳ,

362 983 477 1037 Καὶ
510 983 672 1036 πάλιν
698 982 860 1051 ὅγδοα
889 981 1064 1036 κύκλα
1096 983 1487 1055 κυλινδομένων
1510 988 1792 1040 ἐνιαυτῶν.

362 1074 397 1129 ϐ
436 1074 640 1128 Τοῦτον
671 1073 797 1127 ἰδὼν
822 1074 1108 1128 ἀτίνακτον
1142 1076 1366 1147 ἐθήμονι
1400 1078 1651 1148 κείμενον
1685 1080 1810 1152 εὐνῇ

376 1163 609 1237 Ἰησοῦς,
642 1166 865 1236 ἐνόησεν
893 1167 974 1220 ὅτι
1007 1167 1236 1239 χρονίων
1265 1169 1357 1221 ἐπὶ
1386 1168 1628 1241 λέκτρων

364 1254 496 1326 Εἶχε
523 1256 845 1327 δυσαθλήτῳ
868 1258 1075 1328 πεπεδη
1085 1257 1221 1327 μένα
1244 1258 1478 1326 γούνατα
1510 1259 1704 1330 νούσῳ.

364 1347 476 1400 Καί
507 1365 600 1418 μιν
619 1347 788 1411 Ἀναξ
806 1348 1027 1419 ἐρέεινε,
1049 1349 1187 1419 χέων
1214 1350 1535 1421 οἰκτίρμονα
1562 1352 1746 1421 φωνήν
1762 1367 1775 1381 ·

376 1438 651 1509 Ἀσκηθὴς
671 1438 874 1503 ἐθέλεις
896 1439 1057 1493 πάλιν
1084 1440 1316 1511 ἔμμεναι
1337 1460 1351 1508 ;
1393 1442 1423 1493 7
1447 1442 1630 1513 Αὐτὰρ
1656 1443 1683 1494 6
1706 1443 1950 1512 κάμνων,

375 1532 471 1584 Ἐκ
494 1531 690 1601 φρενὸς
717 1532 976 1603 ἀδρανέος
999 1532 1150 1603 βεϐιη
1160 1534 1318 1602 μένον
1341 1532 1527 1604 ἆσθμα
1550 1534 1823 1598 τιταίνων,

360 1622 652 1694 Λεπταλέῃ
689 1624 848 1693 μόγις
887 1620 1039 1677 εἶπεν
1071 1625 1210 1695 ἀνὴρ
1251 1624 1620 1695 βραδυπευθέῖ
1653 1628 1804 1696 φωνῇ
1830 1638 1842 1653 ⁸

361 1713 626 1782 Κοίρανε,
658 1715 1004 1784 νουσοκόμοιο
1031 1713 1403 1786 φιλοστόργοιο
1434 1715 1638 1783 χατίζω
1657 1731 1669 1744 ’

360 1806 435 1857 Ού
466 1804 581 1875 γὰρ
606 1805 713 1875 ἔχω
742 1805 863 1858 τινὰ.
893 1805 1047 1873 φῶτα
1078 1806 1382 1876 διάκτορον,
1408 1806 1551 1877 ὄφρα
1583 1823 1645 1858 κε
1677 1806 1859 1878 πηγῆς

356 1895 572 1959 Θυάδος
609 1896 951 1949 αὑτοέλικτον
989 1897 1110 1950 ἰδὼν
1140 1896 1506 1968 κυρτούμενον
1540 1896 1703 1968 ὕδωρ,

358 1983 456 2045 Εἰς
485 1983 642 2053 ἱερήν
670 1983 970 2053 ἀσάμινθον
1000 1984 1307 2054 ἐλαφρίζων
1337 2002 1404 2055 με
1432 1985 1700 2056 χαλάσσῃ.

360 2076 552 2145 ὐφρα
582 2076 681 2145 μὲν
704 2076 1033 2147 ἀστήρικτον
1063 2076 1195 2147 ἐμὸν
1228 2076 1363 2129 πόδα
1389 2076 1593 2147 νωθρὸν
1624 2076 1858 2147 ἐρέσσω,

356 2164 554 2236 Τόφρα
589 2164 646 2218 δὲ
683 2165 881 2236 μᾶλλον
909 2168 1061 2237 ἐμεῖο
1092 2165 1354 2236 νεώτερος
1381 2167 1495 2231 ὀξέϊ
1524 2167 1726 2237 παλμῷ

357 2255 757 2327 Προφθάμενος
778 2257 967 2327 βροτὸς
996 2258 1155 2321 ἄλλος
1183 2259 1545 2330 ἐλαφρότερος
1581 2259 1900 2315 καταϐαίνει

369 2348 575 2418 ’Λφρὸν
607 2348 1001 2419 ἀερσιπότητον
1028 2351 1396 2422 ἐρευγομένης
1425 2352 1746 2422 ἀσαμίνθου.

356 2436 387 2490 8
429 2436 541 2489 Καί
576 2456 668 2508 μιν
695 2439 863 2506 Ἀναξ
892 2440 1157 2510 θάρσυνέν
1192 2442 1253 2512 ἐῇ
1284 2441 1525 2512 ζωαρκέῖ
1552 2444 1701 2513 φωνῇ
1722 2456 1736 2471 ⁸

360 2530 588 2601 Ἐγρεο,
619 2530 845 2601 λέκτρον
874 2531 1047 2603 ἄειρε,
1080 2533 1175 2587 καί.
1220 2532 1379 2604 ἔρχεο
1412 2532 1614 2601 κοῦφος
1641 2533 1842 2604 ὁδίτης.

356 2623 388 2676 9
429 2622 737 2686 Νουσαλέος
761 2625 804 2676 δ’
826 2624 1113 2691 ἀνέπαλτο,
1146 2627 1241 2680 καὶ
1261 2628 1339 2690 εἰς
1365 2626 1523 2678 πέδον
1542 2627 1687 2695 ἴχνος
1707 2624 1947 2695 ἐρείσας,

359 2710 582 2764 Ἱστατο
601 2726 614 2741 ⁸
657 2712 752 2765 καὶ
777 2713 1041 2785 κλιντῆρα
1069 2714 1248 2767 λαϐὼν
1278 2714 1625 2783 ἐπικείμενον
1651 2704 1807 2783 ὤμῳ,

361 2802 589 2872 Ἔστιχε
615 2803 879 2857 πάνδοκον
904 2801 1072 2872 οἷκον,
1105 2806 1276 2876 ἀήθεα
1302 2804 1540 2873 γούνατα
1569 2803 1807 2868 πάλλων,

358 2893 471 2945 Καὶ
503 2893 736 2964 καμάτῳ
764 2894 1103 2967 βαρύφορτον
1131 2896 1380 2966 ἐπωμίδα
1410 2894 1636 2965 λέκτρον
1658 2894 1876 2964 ἀείρων.

359 2985 472 3037 Καὶ
502 2985 625 3037 τότε
654 2985 925 3040 σάϐϐατον
950 2983 1069 3058 ἦεν.
1150 2988 1217 3043 10
1270 2988 1358 3039 Ἐν
1385 2986 1632 3054 εὐλάῖγγι
1656 2986 1713 3038 δὲ
1735 2984 1847 3055 νηῷ

359 3076 471 3147 50
523 3076 715 3148 Ἀνέρα
749 3079 1179 3143 παπταίνοντες,
1215 3079 1274 3132 ὃν
1302 3079 1536 3150 ἀρχαίης
1567 3078 1674 3132 ἀπὸ
1711 3076 1902 3130 νούσου

359 3169 655 3239 Λυσιπόνῳ
682 3169 982 3241 ταχυεργὸς
1009 3170 1177 3236 Ἀναξ
1199 3172 1389 3241 ἰήσατο
1415 3170 1588 3240 μύθῳ,

358 3259 575 3331 Εἴρεον·
615 3261 803 3325 Ὅστις
841 3262 1050 3330 ἄνωγεν
1080 3263 1141 3333 ἐῇ
1177 3263 1476 3334 σημάντορι
1512 3265 1663 3333 φωνῇ

355 3354 605 3423 Λέκτρον
634 3354 971 3424 ἀερτάζοντα
1010 3354 1384 3425 παλινδίνητον
1418 3354 1624 3410 ὁδεύειν
1650 3372 1664 3420 ;

358 3447 414 3498 ll
448 3446 566 3498 Καὶ¹
596 3445 878 3517 φθονεροίς
908 3447 1225 3517 ἀπάμειπτο
1260 3446 1409 3517 σοφῷ
1438 3446 1706 3501 θεοπειθέῐ
1750 3446 1903 3518 μύθῳ
1930 3464 1941 3476 ·

355 3537 555 3599 Ὅστις
588 3538 697 3590 ἀπὸ
728 3538 1016 3609 κλιντῆρος
1049 3538 1402 3611 ἀνεζῶγρησε
1438 3540 1695 3607 πεσόντα,

354 3628 535 3692 Αὐτὸς
563 3630 689 3699 ἐμοὶ
712 3630 1000 3695 κατέλεξεν
1027 3630 1315 3701 ἁερτάζειν
1349 3632 1443 3684 καλ⁵
1471 3631 1694 3685 ὁδεύειν.

357 3723 425 3775 1‘2
452 3722 569 3775 Καί
602 3739 695 3791 μιν
739 3723 1009 3778 Ἰουδαίων
1043 3723 1205 3777 πάλιν
1231 3724 1411 3794 εἴρετο
1440 3724 1567 3787 λαὸς
1596 3725 1849 3794 ἀγήνωρ·

355 3815 455 3878 Τίς
491 3814 653 3869 πέλεν
686 3816 744 3879 ὃς
779 3832 839 3869 σε
869 3816 1123 3869 κέλευσεν
1151 3816 1458 3886 ἀδειμάντῳ
1484 3816 1589 3868 τινί⁵
1618 3818 1798 3885 φωνῇ·

360 3906 590 3975 νΕρχεο,
619 3905 712 3958 σὺν
740 3906 1005 3979 κλιντῆρα
1033 3906 1213 3959 λαϐὼν
1242 3906 1623 3977 πεφορημένον
1650 3905 1817 3976 ῶμῳ;

360 3998 425 4051 13
453 3998 532 4051 Οὐ
559 3997 659 4067 μὲν
686 3997 827 4068 ἀνὴρ
854 3998 1115 4068 δεδάηκεν
1147 3998 1244 4067 ἐῆς
1274 3999 1463 4068 ἰήτορα
1496 3996 1708 4051 νούσου.

360 4090 424 4143 14
443 4088 557 4142 Καί
593 4106 687 4159 μιν
721 4088 844 4143 ἰδὼν
872 4091 1150 4161 στείχοντα
1178 4090 1427 4153 λιθώδεος
1453 4089 1624 4143 ἔνδοθι
1648 4090 1799 4159 νηοῦ,

358 4179 562 4250 Ὕϐριν
585 4180 906 4251 ἀναμνήσας
934 4182 1224 4252 προτέρην,
1261 4182 1557 4252 πινήτορα
1585 4180 1798 4245 νούσου,

1334 229 1822 288 PARAPIIRASIS
1863 228 1926 283 ΙΝ
1970 228 2305 284 JOANNEM.
2348 258 2416 269 -—
2454 226 2605 282 CAP.
2661 226 2717 279 V.
3524 232 3625 287 73B

2071 379 2080 391 -
2118 389 2131 404 .
2180 391 2192 403 .
2235 388 2248 401 .
2296 389 2307 401 .
2346 347 2457 419 49
2480 345 2888 400 4Uhiazstuans
2915 343 3012 411 vir,
3049 344 3290 400 Saltibus
3316 354 3631 415 Spontaneis

2064 442 2251 496 videns
2284 440 2565 495 salientem
2595 452 2814 507 aquam,
2853 434 3082 501 Quando
3103 435 3402 491 ﬂuctuante
3432 453 3631 506 corpus

2058 546 2346 611 purgasset
2364 539 2602 601 lavacro,
2619 535 2839 590 Calidos
2856 534 3106 588 concocti
3121 534 3422 604 expulisset
3437 532 3635 587 ﬂuctus

2059 631 2258 695 morbi,
2298 628 2737 683 l‘rmstantiorem
2771 626 2982 681 medico
3020 624 3211 679 videns
3241 624 3633 693 mitigatoriam

2058 738 2272 791 aquam.
2293 722 2326 775 5
2342 721 2468 774 Erat
2489 719 2902 788 autemquidam
2924 724 3183 786 perpetuo
3204 716 3460 768 laborans
3473 715 3635 767 virad

2057 814 2295 868 vicinum
2318 813 2540 876 fontem,
2564 812 2700 865 Tres
2717 808 2949 864 decades
2972 808 3122 877 gravi
3145 808 3469 876 obequitans
3494 821 3637 859 rnor—

2058 906 2160 968 bo,
2195 903 2260 957 Et
2310 918 2501 957 rursus
2542 910 2669 957 octo
2701 902 2941 955 circulos
2984 901 3290 953 volntorum
3342 913 3633 951 annorum.

2059 998 2092 1052 ϐ
2121 995 2278 1049 Hunc
2306 995 2500 1049 videns
2534 1010 2641 1047 non
2680 994 2941 1062 agitatum
2977 998 3241 1045 consueto
3268 988 3540 1058 jacentem
3580 986 3635 1038 in

2057 1087 2199 1142 lecto
2227 1084 2407 1149 Jesus,
2451 1083 2833 1139 animadvertit
2866 1082 3014 1152 quod
3064 1080 3341 1135 diuturnis
3380 1079 3436 1132 in
3481 1076 3638 1131 lectis

2059 1177 2294 1233 llaberet
2342 1176 2633 1231 incurabili
2680 1175 2844 1245 ligata
2884 1188 3060 1245 genua
3101 1172 3313 1226 morbo.
3344 1170 3410 1223 Et
3457 1170 3636 1239 ipsum

2058 1268 2170 1322 Rex
2222 1266 2616 1337 interrogabat,
2652 1263 2888 1318 fundens
2938 1262 3347 1317 misericordem
3401 1272 3633 1313 vocem:

2057 1359 2350 1414 Incolumis
2380 1359 2462 1413 vis
2492 1372 2686 1413 rursus
2714 1356 2879 1411 esse?
2910 1358 2939 1410 ‘7
2961 1355 3067 1409 Sed
3105 1354 3382 1415 laborans,
3402 1352 3476 1405 Ex
3498 1366 3637 1421 pra:-

2055 1453 2261 1508 cordiis
2290 1450 2561 1505 debilibus
2612 1456 2861 1503 coactum
2909 1445 3207 1500 anhelitum
3258 1443 3504 1507 trahens,
3535 1441 3639 1495 Te-

2056 1546 2150 1598 nui
2184 1544 2271 1597 vix
2313 1542 2451 1596 dixit
2477 1542 2560 1594 vir
2582 1540 2734 1594 tarde
2762 1537 2948 1592 audita
2977 1551 3108 1591 voce
3139 1551 3153 1586 :
3186 1534 3435 1598 Donﬁne,
3466 1544 3639 1601 aegro-

2057 1648 2177 1687 rum
2218 1639 2471 1686 curatore
2517 1628 2783 1684 benevolo
2821 1626 3058 1696 indigeo.
3101 1623 3221 1677 Non
3280 1623 3427 1675 enim
3468 1620 3641 1674 habeo

1992 1713 2028 1766 Β
2059 1725 2296 1795 aliquem
2328 1722 2504 1776 virum
2535 1721 2871 1783 ministrum,
2906 1724 2968 1771 ut
2996 1716 3162 1771 fontis
3199 1713 3427 1768 Turbati
3458 1726 3552 1783 per
3583 1726 3642 1766 se

2053 1813 2293 1869 volutam
2326 1813 2517 1867 videns
2559 1812 2826 1867 elevatam
2870 1824 3100 1879 aquam,
3135 1809 3193 1860 ln
3226 1821 3440 1861 sacram
3476 1804 3640 1874 pisci-

2052 1914 2176 1953 nam
2200 1899 2385 1953 levans
2408 1914 2493 1952 me
2523 1898 2787 1952 demittat.
2821 1897 2956 1951 Cum
2978 1896 3125 1950 enim
3152 1894 3428 1947 inﬁrmum
3459 1907 3640 1947 meum

2054 1991 2243 2061 pedem
2302 1990 2621 2059 languidum
2662 2003 2889 2053 moveo,
2920 1986 3077 2042 Tunc
3113 2002 3199 2039 me
3229 1985 3422 2053 junior
3468 1984 3637 2037 celeri

2052 2082 2357 2137 vibratione
2386 2081 2735 2136 Praeveniens
2780 2079 2943 2133 homo
2986 2078 3126 2131 alius
3159 2076 3329 2130 levior
3356 2073 3641 2129 descendit

2052 2173 2109 2227 In
2137 2188 2386 2243 spumam
2416 2172 2703 2227 sublimem
2723 2170 3022 2225 eructantis
3048 2168 3289 2238 piscinze.
3309 2167 3343 2221 8
3362 2164 3430 2219 Et
3458 2166 3639 2234 ipsum

2054 2264 2169 2321 Rex
2201 2264 2547 2319 conﬁrmavit
2596 2278 2695 2319 sua
2725 2262 2937 2317 viviﬁca
2978 2276 3111 2315 voce
3146 2274 3161 2311 :
3200 2258 3398 2329 Surge,
3439 2264 3638 2311 lectum

2055 2359 2202 2424 tolle,
2225 2364 2279 2412 et
2311 2355 2471 2422 vade,
2510 2355 2647 2410 levis
2672 2353 2873 2407 viator.
2904 2353 2938 2407 9
2981 2350 3427 2405 Valetudinarius
3457 2356 3638 2402 autem

2053 2449 2222 2513 saliit,
2260 2457 2315 2503 et
2344 2447 2401 2501 in
2434 2447 2613 2501 solum
2640 2443 2932 2514 vestigium
2958 2442 3209 2508 ﬁrmans,
3245 2439 3410 2494 Stetit
3444 2448 3537 2493 :et
3564 2438 3641 2492 le-

2055 2550 2202 2594 ctum
2258 2552 2484 2593 sumens
2540 2535 2857 2606 impositum
2915 2532 3161 2587 humeris
3216 2528 3508 2585 incedebat
3545 2543 3641 2598 per

2054 2631 2476 2701 capacissimam
2509 2628 2765 2691 domum,
2814 2628 3137 2681 inconsueta
3186 2638 3363 2695 genua
3396 2622 3639 2682 vibrans.

2057 2722 2161 2792 51
2200 2720 2265 2774 Et
2318 2720 2506 2773 labore
2549 2717 2732 2788 gravis
2774 2715 3033 2786 ponderis
3068 2715 3404 2769 humeralem
3437 2713 3638 2769 lectum

2055 2822 2358 2878 tollens.Et
2395 2829 2527 2875 tunc
2550 2819 2838 2876 sabbatum
2866 2824 3005 2873 erat.
3045 2816 3113 2871 10
3143 2814 3203 2869 In
3233 2815 3480 2891 lapidoso
3509 2828 3638 2867 vero

2055 2928 2257 2997 templo
2307 2924 2493 2979 Virum
2536 2923 2821 2987 videntes,
2859 2936 3019 2991 quem
3066 2920 3292 2990 antiquo
3335 2935 3402 2973 ex
3448 2919 3638 2973 morbo

2054 3031 2395 3101 Dolorifrago
2440 3045 2606 3100 opere
2641 3035 2928 3099 promptus
2962 3027 3072 3081 Rex
3123 3031 3412 3081 sanaverat
3442 3022 3633 3086 verbo,

2056 3136 2499 3207 Inter-rogabant:
2528 3132 2789 3200 Quisnam
2815 3132 2980 3201 Jussit
3000 3145 3099 3185 sua
3132 3127 3475 3199 signiﬁcante
3506 3140 3638 3181 voce

2055 3242 2282 3296 Lectum
2333 3240 2673 3295 attollentem
2709 3246 2762 3293 te
2793 3251 3076 3292 reversum
3122 3235 3449 3290 ambulare?
3476 3234 3535 3287 11
3573 3232 3638 3286 Et

2054 3346 2252 3402 invidis
2284 3346 2566 3416 respondit
2596 3344 2827 3414 sapienti
2857 3343 2967 3398 Deo
3004 3350 3229 3412 parente
3263 3341 3430 3395 verbo
3479 3358 3493 3394 :
3530 3338 3635 3405 Qui

2057 3466 2087 3506 e
2121 3451 2263 3506 lecto
2310 3450 2635 3505 instauravit
2670 3449 2907 3519 lapsum,
2942 3448 3033 3502 Ille
3065 3462 3150 3501 me
3175 3445 3348 3514 jussit
3387 3444 3651 3498 attollere,

2055 3563 2109 3610 et
2142 3555 2443 3611 ambulare.
2486 3553 2552 3607 12
2590 3552 2654 3607 Et
2684 3554 2863 3623 ipsum
2898 3550 3209 3605 Juda’orum
3241 3562 3435 3603 rursus
3469 3548 3638 3601 inter-

2055 3661 2269 3730 rogavit
2319 3658 2554 3729 populus
2608 3657 2880 3727 superbus
2913 3675 2924 3709 :
2960 3654 3095 3720 Quis
3135 3664 3219 3708 est
3259 3653 3352 3721 qui
3390 3661 3442 3706 te
3466 3651 3635 3721 jussit

2052 3760 2322 3829 intrepida
2357 3759 2589 3830 quadam
2616 3757 2970 3821 voce:\'ade,
2995 3765 3147 3810 tuum
3183 3756 3380 3809 lectum
3412 3770 3633 3809 sumens

2053 3870 2323 3932 gestatum
2355 3863 2624 3918 humero?
2658 3864 2722 3917 l3
2747 3862 2864 3917 Non
2901 3877 3034 3917 sane
3077 3862 3161 3916 vir
3199 3862 3361 3916 scivit
3396 3860 3481 3915 sui
3518 3875 3633 3915 me-

2055 3968 2239 4022 dicum
2286 3968 2487 4023 morbi.
2523 3968 2589 4022 14
2623 3968 2688 4022 Et
2732 3970 2912 4037 ipsum
2949 3968 3144 4023 videns
3172 3966 3515 4021 incedentem
3553 3966 3633 4018 la-

2052 4070 2245 4141 pidoso
2292 4072 2350 4127 in
2378 4073 2600 4143 templo,
2634 4072 2995 4129 Petulantiam
3034 4074 3087 4127 in
3123 4073 3441 4128 memoriam
3473 4085 3630 4127 revo-

2050 4192 2183 4233 cans
2225 4179 2488 4248 priorem,
2521 4179 2793 4235 vindicem
2831 4178 3038 4247 morbi,
3077 4178 3328 4235 Christus
3368 4190 3628 4233 coercens

1562 4296 1845 4355 TEXTUS
1884 4293 2412 4351 EVANGELISTA‘I.

354 4416 623 4480 νούντων,
649 4414 865 4485 τυφλῶν
888 4456 903 4481 ,
938 4416 1128 4487 χωλῶν
1147 4457 1162 4483 ,
1195 4418 1373 4489 ξηρῶν
1396 4458 1410 4483 ,
1443 4419 1813 4491 ἐκδεχομένων
1840 4417 1938 4487 τὴν
1970 4420 2015 4479 ι)
2044 4415 2206 4470 ϐατόν
2234 4433 2349 4479 σου,
2369 4416 2465 4469 καὶ
2498 4418 2812 4486 περιπάτει.

353 4500 450 4554 τοῦ
482 4499 674 4564 ὓδατος
700 4500 936 4572 κίνησιν.

423 4584 460 4637 4
502 4583 767 4652 Ἀγγελος
795 4583 905 4653 γάρ
933 4583 1074 4637 κατὰ
1103 4584 1293 4655 καιρὸν
1326 4584 1646 4639 κατέϐαινεν
1673 4584 1730 4636 ἐν
1751 4585 1815 4653 τῇ
1843 4600 1938 4636 κο-

355 4666 682 4737 λυμϐήθρα,
736 4669 831 4721 καὶ
873 4667 1140 4739 ἐτάρασσε
1189 4670 1251 4721 τὸ
1301 4668 1481 4742 ὕδωρο
1510 4672 1538 4723 6
1578 4664 1670 4723 οὗν
1722 4668 1939 4739 πρῶτος

356 4750 533 4820 ἐμϐὰς
570 4750 707 4820 μετά
730 4750 831 4820 τὴν
860 4751 1102 4821 ταραχὴν
1135 4750 1230 4804 τοῦ
1260 4752 1483 4819 ὓδατος,
1510 4751 1669 4823 ὑγιὴς
1706 4751 1935 4821 ἐγίνετο,

354 4826 401 4901 ᾧ
427 4832 630 4903 δήποτε
669 4834 954 4903 κατείχετο
984 4835 1272 4903 νοσήματι.

426 4915 462 4970 5
487 4912 596 4968 Ἦν
626 4915 682 4968 δέ
726 4933 812 4978 τις
838 4912 1133 4987 άνθρωποξ
1158 4918 1275 4971 ἐκεῖ
1322 4917 1616 4986 τριάκοντα
1660 4915 1803 4969 ὀκτὼ
1841 4915 1935 4987 ἐτη

356 4998 499 5069 ἔχων
526 5001 585 5052 ἐν
609 5002 676 5070 τῇ
709 4998 983 5072 ἀσθενείᾳ.

427 5082 462 5135 6
484 5080 685 5135 Τοῦτον
718 5082 843 5136 ἰδὼν
872 5085 901 5137 6
946 5083 1153 5154 Ἰησοῦς
1186 5082 1609 5153 κατακείμενον,
1653 5082 1745 5135 καὶ
1772 5083 1933 5150 γνοὺς

355 5167 439 5218 ὅτι
463 5166 630 5219 πολὺν
652 5166 755 5238 ήδη
780 5168 970 5239 χρόνον
995 5168 1107 5239 ἔχει
1131 5206 1145 5231 ,
1174 5166 1321 5235 λέγει
1347 5165 1525 5235 αὐτῷ·
1564 5164 1750 5229 Θέλεις
1774 5164 1931 5235 ὑγιής

358 5248 610 5317 γενέσθαι
627 5267 642 5315 ;

429 5330 461 5383 ’1
509 5332 807 5404 ’Δπεκρίθη
836 5333 986 5403 αὐτῷ
1031 5335 1059 5386 ὁ
1089 5331 1361 5386 ἀσθενῶν
1411 5331 1615 5401 Κύριε,
1649 5329 1931 5402 ἄνθρωπον

356 5411 459 5465 οὐκ
480 5413 617 5484 ἔχω,
650 5415 771 5481 ἴνα,
805 5416 933 5469 ὅταν
970 5416 1215 5486 ταραχθῇ
1260 5415 1321 5467 τὸ
1348 5414 1491 5486 ὕδωρ
1517 5454 1531 5477 ,
1560 5413 1726 5483 βάλλῃ
1760 5431 1826 5483 με
1853 5415 1930 5477 εἰς

356 5494 456 5566 τὴν
484 5498 901 5570 κολυμϐήθραν·
934 5501 992 5552 ὲν
1034 5494 1079 5567 ᾧ
1107 5500 1163 5553 δέ
1202 5500 1432 5569 ἔρχομαι
1466 5498 1605 5566 ἐγὼ,
1638 5497 1792 5560 ἀλλος
1825 5497 1930 5565 πρὸ

358 5578 492 5646 ἐμοῦ
521 5582 857 5637 καταϐαίνει.

432 5661 464 5716 8
489 5663 652 5735 Ᾱέῗα
687 5666 833 5739 αὐτῷ
858 5670 886 5721 ὁ
926 5667 1156 5739 Ἰησοῦς·
1193 5671 1458 5741 Ἐγειραι,
1487 5663 1616 5738 ἆρον
1640 5668 1725 5720 τὸν
1758 5665 1925 5739 κράϐ-

2114 4499 2147 4553 9
2175 4500 2285 4551 Καὶ
2313 4497 2517 4561 εὐθέως
2558 4499 2775 4567 ἐγένετο
2806 4498 2965 4569 ὑγιὴς
2990 4500 3018 4551 6
3051 4497 3338 4568 ἄνθρωπος
3361 4515 3374 4530 ·
3406 4499 3499 4551 καὶ
3524 4493 3625 4567 ἦρε

2044 4582 2136 4635 τὸν
2163 4580 2473 4651 κράϐϐατον
2502 4582 2666 4635 αὑτοῦ
2690 4624 2703 4647 ,
2736 4583 2831 4635 καὶ
2852 4580 3195 4651 περιεπάτει.
3215 4576 3321 4634 Ἦν
3341 4579 3397 4632 δὲ
3416 4580 3621 4633 σαϐϐα-

2044 4682 2135 4719 τον
2165 4667 2222 4719 ἐν
2251 4665 2435 4735 ἐκείνῃ
2466 4668 2531 4735 τῇ
2558 4666 2758 4736 ἡμέρᾳ.

2116 4750 2185 4803 10
2230 4748 2456 4816 Ἔλεγον
2503 4744 2597 4801 οὖν
2645 4750 2692 4801 οἰ
2739 4747 2978 4801 Ἰουδαῖοι
3009 4746 3087 4817 τῷ
3122 4746 3579 4818 τεθεραπευμένῳ
3605 4765 3616 4777 ·

2043 4830 2319 4884 Σάϐϐατόν
2349 4832 2517 4897 ἐστιν,
2546 4832 2647 4884 οὐκ
2677 4830 2853 4897 ἒξεστί
2885 4849 2965 4884 σοι
2998 4827 3129 4902 ἆραι
3160 4831 3251 4882 τὸν
3287 4830 3615 4901 κράϐϐατον.

2115 4914 2175 4967 11
2215 4914 2514 4985 Ἀπεκρίθη
2537 4914 2751 4977 αὐτοῖς·
2793 4915 2853 4967 ’0
2888 4916 3119 4984 ποιήσας
3149 4931 3214 4983 με
3244 4914 3391 4983 ὑγιῆ,
3413 4914 3619 4975 ἐκεῖνός

2045 5015 2135 5067 μοι
2170 4995 2351 5052 εἶπεν·
2375 4994 2545 5067 Ἀρον
2576 4997 2667 5051 τὸν
2704 4997 3010 5069 κραϐϐατόν
3042 5014 3157 5060 σου,
3183 4998 3276 5049 καὶ
3302 4997 3612 5067 περιπάτει.

2114 5083 2182 5135 12
2228 5081 2549 5154 ’Πρώτησαν
2594 5078 2687 5135 οὖν
2720 5082 2915 5135 αὐτόν·
2954 5081 3051 5143 Τίς
3088 5082 3235 5133 ἐστιν
3275 5081 3304 5132 6
3330 5080 3615 5151 ἄνθρωπος

2040 5168 2068 5219 6
2097 5164 2265 5218 εἰπών
2305 5182 2385 5217 σοι
2410 5182 2424 5197 °
2460 5161 2630 5235 τΑρον
2662 5165 2755 5217 τὸν
2795 5163 3105 5234 κράϐϐατόν
3149 5180 3277 5227 σου,
3322 5165 3415 5218 καὶ
3458 5182 3609 5237 περι-

2040 5264 2199 5300 πατει
2224 5263 2238 5311 ;

2110 5331 2177 5383 15
2215 5331 2273 5382 '0
2300 5328 2357 5381 δέ
2388 5328 2557 5391 ἰαθεὶς
2580 5330 2680 5382 οὐκ
2706 5330 2822 5400 ᾔδει
2858 5330 2942 5393 τίς
2985 5332 3165 5383 ἐστιν·
3202 5331 3231 5383 ὁ
3259 5331 3365 5401 γὰρ
3404 5330 3610 5402 Ἰησοῦς

2036 5412 2316 5477 ἐξένευσεν
2342 5411 2497 5481 ὁχλου
2528 5413 2679 5475 ὄντος
2702 5414 2759 5465 ἐν
2791 5412 2868 5481 τῷ
2894 5414 3063 5483 τόπῳ.

2114 5497 2178 5548 H
2211 5496 2365 5549 Μετά
2398 5495 2568 5548 ταῦτα
2613 5497 2855 5564 εὑρίσκει
2899 5498 3060 5550 αὑτὸν
3106 5500 3134 5551 ὁ
3176 5498 3378 5569 Ἰησοῦς
3424 5499 3481 5550 ἐν
3532 5500 3610 5569 τῷ

2041 5580 2202 5651 ἱερῷ,
2238 5580 2328 5633 καὶ
2355 5576 2506 5633 εἶπεν
2539 5582 2719 5651 αὐτῷ⁵
2760 5582 2885 5647 Ἴδε,
2920 5583 3078 5652 ὑγιὴς
3113 5584 3340 5651 γέγονας
3362 5601 3373 5612 ’
3410 5582 3606 5655 μηκέτι

2038 5664 2336 5736 ἁμάρτανε,
2370 5666 2454 5721 ἴνα
2492 5666 2564 5737 μὴ
2600 5667 2777 5738 χεῖρόν
2808 5668 2856 5722 τί
2893 5685 2971 5721 σοι
3007 5668 3244 5741 γένητιι.
