3956 6202
400 286 500 342 787

1661 292 1873 349 NONNI
1905 291 2411 357 PANOPOLITANI

3558 299 3656 356 78S

401 406 656 477 praiccpit
689 408 1017 463 testificante
1048 406 1253 462 verbo:
1287 406 1447 474 Ecce,
1482 407 1727 464 morbum
1754 411 1982 475 habens,

2098 411 2324 483 Χριστὸς
2353 407 2690 464 ἀναστέλλων
2715 404 3029 460 ἐπετέλλετο
3059 406 3290 478 μάρτυρι
3331 406 3520 478 μύθῳο

401 515 574 557 sanus
606 501 782 557 factus
807 516 866 558 es
895 521 909 557 :
944 517 1010 556 ne
1035 501 1270 570 amplius
1299 499 1469 556 facias
1498 499 1786 557 Peccatum
1811 503 1980 568 aliud,

403 606 474 646 ne
516 590 672 660 pejus
701 591 831 660 quid
861 592 1089 647 sentias.
1124 590 1190 646 15
1213 589 1280 644 Et
1312 592 1488 646 audax
1529 590 1768 648 Hebraeis
1797 609 1984 648 recur-

403 696 534 737 rens
573 683 802 736 nuntius
840 681 1013 747 stetit,
1065 678 1384 737 Sermonem
1441 683 1690 738 renuenti
1739 683 1984 738 clamans

404 773 680 827 simulanti
712 773 936 840 populo,
973 771 1130 838 Quod
1193 772 1374 842 ipsum
1415 783 1612 843 sponte
1637 773 1866 828 illalsum
1899 773 1986 828 di-

403 864 530 918 vina
572 876 702 918 voce
725 860 884 939 Jesus
913 862 1192 932 jussisset,
1227 870 1280 918 et
1324 866 1680 936 serogradum
1719 867 1983 921 viatorem

403 952 650 1008 Morbum
674 951 900 1008 ferentis
923 953 1048 1008 leCti
1072 954 1455 1010 inconsuetum
1483 954 1706 1011 fecisset
1733 957 1982 1012 latorem.

407 1043 474 1100 16
510 1043 682 1113 Cujus
721 1044 898 1114 gratia
948 1043 1158 1100 Hebraei
1199 1044 1446 1103 furentes
1492 1048 1771 1118 insipienti
1804 1050 1986 1104 animo

402 1134 587 1189 Jesum
641 1135 1132 1206 persequebantur,
1177 1137 1326 1206 quod
1376 1138 1624 1193 divinum
1667 1139 1811 1208 apud
1845 1148 1986 1194 tem-

405 1224 575 1294 plum,
595 1223 735 1281 Cum
766 1225 1056 1281 sabbatum
1079 1232 1244 1290 esset,
1263 1235 1554 1282 conaretur
1580 1227 1681 1282 hoc
1703 1227 1982 1298 perficere,

408 1317 572 1376 Solus
601 1335 710 1375 non
741 1319 1045 1375 observans
1083 1319 1304 1388 quando
1349 1319 1607 1375 humanis
1633 1335 1662 1374 a
1703 1321 1986 1377 laboribus

405 1409 608 1467 Omnes
636 1411 829 1467 otiosis
864 1410 1274 1467 commisissent
1322 1426 1465 1482 opus
1493 1413 1688 1482 spinis.
1727 1413 1794 1466 l7
1826 1411 1986 1468 Jesus

407 1507 593 1556 autem
635 1501 794 1565 dixit,
826 1501 1058 1558 fundens
1091 1503 1382 1573 gloriosam
1413 1517 1626 1567 vocem,
1657 1502 1849 1558 Adhuc
1871 1503 1984 1573 jam

406 1589 570 1644 Pater
599 1597 858 1660 operatur
882 1590 936 1644 in
969 1600 1235 1646 consueto
1257 1591 1463 1647 mundo
1497 1591 1740 1648 Moribus
1763 1607 1986 1662 expres~

406 1679 506 1744 sis,
534 1687 589 1735 et
611 1695 713 1751 ego
733 1680 903 1738 Filius
931 1697 1070 1753 opus
1100 1691 1244 1740 texo.
1273 1682 1585 1754 18Pr0pter
1607 1685 1751 1755 quod
1775 1684 1986 1749 Hebraei

2090 503 2254 571 Ἤδη.
2285 500 2474 555 νοῦσον
2508 500 2667 570 ἔχων,
2702 497 2822 561 σόος
2850 497 3012 551 ἔπλεο
3036 515 3049 528 ·
3095 498 3288 568 μηκέτι
3324 498 3490 571 ῥέξῃς

2098 593 2152 644 ’Λ
2165 590 2443 662 μπλακίην
2475 590 2689 660 ἑτέρην,
2723 589 2799 658 μὴ
2828 587 3087 659 κύντερον
3113 588 3239 642 ἄλλο
3262 591 3485 660 νοήσῃς.

2088 681 2157 735 15
2188 680 2297 734 Καὶ
2321 679 2524 751 Θρασὺς
2553 678 2853 749 Ἐϐραίοισι
2883 677 3235 750 παλίνδρομος
3257 680 3491 748 ἄγγελος
3513 679 3656 752 ἔστη,

2085 774 2270 828 Μῦθον
2298 772 2634 843 ἀναινομένῳ
2664 770 2831 841 βοόων
2858 770 3122 842 ζηλήμονι
3150 772 3284 840 λαῷ,

2088 867 2249 920 ’Ὀττι
2275 882 2366 936 μιν
2389 864 2806 926 αὐτοκέλευστος
2836 864 3095 934 ἀπήμονα
3127 864 3339 918 θέσπιδι
3372 867 3525 936 φωνῇ

2097 957 2310 1029 Ἰησοῦς
2335 955 2610 1019 ἐκέλευσε,
2641 955 2731 1008 καὶ
2772 953 3119 1022 ὀψικέλευθον
3139 954 3317 1024 ὁδίτην

2086 1045 2446 1114 Νουσοκὸμου
2476 1043 2764 1114 κλιντῆρος
2784 1042 2959 1115 ἀήθεα
2990 1043 3123 1115 θῆκε
3145 1044 3348 1116 φορῆα.

2091 1138 2158 1193 16
2190 1131 2264 1192 Ob
2298 1138 2458 1208 χάριν
2499 1136 2740 1208 Ἑϐραῖοι
2770 1134 3063 1206 μανιώδεες
3093 1136 3288 1208 ἄφρονι
3317 1136 3483 1208 θυμῷ

2103 1229 2311 1301 Ἰησοῦν
2339 1229 2562 1282 ἐδίωκον
2580 1267 2594 1292 ,
2629 1229 2711 1282 ὅτι
2742 1229 2920 1300 ζαθέῳ
2946 1228 3101 1301 παρά
3126 1229 3270 1301 νηῷ,

2099 1318 2336 1374 Ὁππότε
2364 1317 2636 1372 σάϐϐατον
2663 1314 2782 1388 ἦεν,
2813 1319 3062 1388 ἐπείγετο
3087 1319 3260 1374 ταῦτα
3287 1319 3562 1386 τελέσσαι,

2089 1411 2302 1474 Μοῦνος
2337 1408 2442 1463 ἐὼν
2472 1409 2782 1479 ἀφύλακτος
2809 1411 2898 1464 ὅτε
2931 1409 3164 1481 βροτέων
3191 1410 3302 1465 ἀπὸ
3351 1410 3563 1482 μόχθων

2089 1503 2299 1566 Πάντες
2327 1502 2670 1572 ἀεργηλοϊσιν
2703 1501 3003 1572 ἐπέτρεπον
3025 1503 3186 1572 ἔργον
3207 1502 3497 1566 ἀκάνθαις.

2091 1595 2154 1647 17
2199 1591 2410 1664 Ἰησοῦς
2460 1592 2503 1646 δ’
2535 1592 2764 1665 ἀγόρευε
2792 1592 2930 1662 χέων
2961 1591 3237 1662 ὑψαύχενα
3265 1593 3458 1663 φωνήν
3478 1608 3492 1621 ·

2089 1686 2271 1740 Είσέτι
2301 1685 2393 1738 νῦν
2424 1685 2651 1755 Γενέτης
2681 1683 2972 1756 ἐργάζεται
2998 1684 3156 1753 ὴθάδι
3181 1685 3378 1755 κόσμῳ

405 1770 600 1827 doloso
628 1773 978 1842 inquirebant
999 1776 1165 1829 exitio
1189 1775 1466 1830 Christum
1488 1776 1816 1841 interficere,
1839 1777 1984 1845 quod

2098 1777 2314 1830 Ἥθεσιν
2338 1775 2651 1838 ἀντιτύποις
2675 1815 2688 1838 ,
2717 1777 2811 1828 καὶ
2838 1773 2948 1844 ἐγὼ
2971 1777 3106 1839 Πάῖς
3136 1775 3296 1845 ἔργον
3335 1775 3562 1843 ύφαίνω.

411 1873 515 1915 non
540 1862 719 1917 solum
743 1864 958 1919 volebat
987 1865 1196 1920 solvere
1223 1864 1548 1934 Legitintum
1578 1867 1770 1922 otiosae
1797 1867 1982 1936 splen-

406 1954 594 2008 dorem
619 1954 968 2010 observatum
998 1971 1231 2022 aurorae,
1267 1958 1375 2014 Sed
1397 1959 1542 2028 quod
1576 1959 1823 2029 mystica:
1863 1965 1988 2026 post

409 2057 632 2098 cursum
680 2059 913 2109 aurorae,
963 2045 1028 2100 Et
1085 2044 1254 2101 Deum
1294 2063 1391 2118 per
1438 2063 1497 2104 se
1541 2049 1782 2118 genitum
1827 2064 1986 2103 suum

407 2143 658 2193 vocasset
685 2137 1114 2210 Parentetn,52
1137 2138 1426 2210 IEqualem
1455 2139 1662 2196 faciens
1688 2156 1842 2196 suam
1873 2141 1990 2210 glo-

407 2228 545 2283 riam
575 2231 786 2287 caelesti
820 2231 974 2304 Regi.
1017 2234 1080 2288 l9
1107 2232 1267 2290 Jesus
1301 2241 1482 2290 autem
1513 2233 1674 2298 dixit,
1694 2235 1866 2288 Amen
1907 2240 1989 2287 te-

407 2320 700 2376 stiﬁcatum
728 2323 800 2376 sit
820 2343 833 2379 :
851 2323 993 2378 Nihil
1019 2341 1116 2380 sua
1147 2327 1427 2382 voluntate
1451 2324 1837 2395 poteritFilius
1861 2339 1984 2394 per-

408 2409 592 2474 ficere,
609 2408 724 2464 Nisi
764 2411 1066 2481 inspexerit
1090 2429 1250 2468 suum
1279 2413 1648 2483 perficientetn
1675 2412 1985 2468 Parentem.

406 2494 584 2568 Opera
613 2501 758 2554 enim
790 2501 846 2555 in
884 2501 1201 2556 universum
1234 2503 1417 2557 omnia
1451 2517 1789 2572 quacunque
1831 2517 1987 2558 meus

409 2587 568 2645 Pater
585 2589 734 2656 facit,
761 2589 887 2646 [huc
919 2590 1086 2648 Deum
1109 2589 1397 2649 Parentem
1424 2595 1648 2650 imitans
1670 2594 1837 2650 Filius
1858 2610 1987 2665 per-

407 2679 538 2735 licit.
583 2680 654 2734 2θ
681 2680 876 2737 Filium
911 2683 1057 2738 enim
1102 2683 1278 2754 diligit
1316 2683 1477 2740 Pater
1517 2699 1678 2740 suum
1707 2704 1720 2740 :
1752 2692 1807 2740 et
1839 2700 1988 2754 qua:-

407 2785 625 2841 cunque
650 2771 800 2838 facit,
821 2772 959 2828 Filio
986 2789 1115 2828 caro
1153 2775 1395 2830 ostendit
1423 2794 1436 2829 :
1473 2765 1531 2832 et
1561 2775 1740 2830 adhuc
1778 2776 1987 2846 majora

405 2861 680 2928 ostendet,
705 2863 774 2919 Ut
813 2863 1086 2920 miremini
1117 2864 1502 2935 perfeCtiorum
1529 2867 1704 2936 gratia
1738 2881 1987 2937 operum.

406 2963 472 3020 21
523 2963 678 3021 Sicut
713 2967 860 3022 enim
911 2967 1070 3022 Pater
1101 2977 1348 3024 mortuos
1380 2976 1504 3039 post
1553 2967 1722 3023 fatum
1763 2969 1987 3033 excitat,

408 3067 679 3141 chetans
715 3072 1095 3142 retrogradum
1149 3072 1507 3128 immobilium
1562 3087 1764 3143 corpus
1812 3072 1989 3126 homi-

407 3191 539 3230 num
570 3192 584 3231 :
619 3174 712 3232 Sic
743 3191 884 3247 quos
913 3180 1028 3234 vult
1072 3187 1126 3234 et
1167 3179 1363 3236 similis
1403 3177 1575 3232 Filius
1602 3177 1846 3243 excitat,
1881 3177 1989 3232 Re-

409 3291 606 3334 creans
646 3291 1029 3350 corruptorum
1065 3297 1262 3339 rursus
1293 3292 1618 3352 congregata
1655 3296 1885 3352 corpora
1917 3281 1993 3337 vi-

408 3395 624 3437 rorum.
647 3381 720 3437 22
756 3381 1037 3440 Neminem
1080 3387 1227 3441 enim
1250 3385 1579 3454 judicaverit
1610 3385 1770 3442 Pater
1799 3401 1990 3442 meus:

411 3484 707 3541 humanum
754 3501 883 3542 vero
934 3486 1127 3543 Serum
1165 3489 1303 3544 Filio
1333 3489 1481 3544 dedit
1516 3505 1677 3546 omne
1701 3489 1994 3560 judicium,

409 3589 482 3648 25
501 3599 560 3646 ut
589 3607 778 3648 omnes
807 3591 1005 3648 Filium
1038 3594 1306 3650 honorent
1332 3595 1594 3666 aequalem
1621 3609 1722 3650 suo
1753 3593 1994 3661 Parenti,

411 3691 564 3749 Sicut
619 3705 674 3752 et
709 3695 1016 3766 gloriﬁcant
1069 3698 1440 3769 altiregcntem
1490 3698 1732 3755 Patrem.
1775 3698 1834 3753 Si
1865 3713 1996 3754 vero

409 3797 533 3870 quis
556 3799 868 3857 instabilem
899 3801 1061 3858 habet
1098 3813 1358 3869 mentem,
1386 3819 1563 3872 neque
1589 3804 1838 3861 Parentis
1862 3804 1996 3860 Glo-

409 3901 586 3958 rificat
601 3901 839 3960 Verbum
859 3904 1077 3973 Filium,
1103 3923 1203 3964 nec
1231 3906 1520 3965 Parentem
1543 3908 1794 3965 honorat.
1812 3909 1884 3964 24
1902 3909 1999 3965 Te-

409 4009 656 4066 stilicans
688 4008 1055 4083 lirmiloquum
1086 4012 1282 4082 Amen,
1318 4015 1492 4070 Amen
1516 4029 1710 4072 rursus
1735 4014 1831 4082 sit,
1859 4013 1994 4080 Qui-

410 4126 630 4185 cunque
653 4114 737 4169 vir
764 4117 1036 4186 receperit
1061 4119 1262 4174 mentis
1295 4119 1518 4175 credula
1551 4121 1668 4192 lege
1703 4118 1998 4176 Sermones

409 4227 653 4284 nostros,
681 4227 736 4276 et
760 4236 882 4277 meo
911 4223 1206 4280 crediderit
1229 4223 1400 4292 Patri,
1424 4223 1766 4295 lnjudicium
1801 4233 1997 4280 ventu-

411 4333 533 4372 rum
580 4333 692 4373 non
731 4321 902 4386 venit,
931 4322 1029 4377 sed
1067 4322 1135 4377 ad
1180 4324 1328 4378 illam
1378 4324 1559 4380 Vitam
1609 4326 1994 4390 immortalem,

2092 1869 2160 1923 18
2183 1865 2256 1923 Ob
2279 1868 2440 1940 χάριν
2485 1867 2723 1939 Ἑϐραῖοι
2749 1867 2908 1937 δολίῳ
2941 1869 3208 1938 μάστευον
3240 1868 3456 1939 ὀλέθρῳ

2090 1960 2324 2031 Χριστὸν
2354 1960 2702 2014 ἀποκτενέειν
2727 2001 2741 2025 ,
2777 1960 2858 2012 ὅτι
2889 1961 2964 2029 μή
2999 1959 3156 2029 μόνον
3185 1958 3351 2029 ήθελε
3386 1958 3532 2011 λύειν

2094 2049 2356 2118 Ἔννομον
2381 2048 2682 2119 ἀπρήκτοιο
2709 2047 2864 2110 σέλας
2895 2047 3316 2116 πεφυλαγμένον
3349 2046 3502 2116 ὴοῦς,

2104 2137 2243 2190 Ἀλλ’
2269 2138 2352 2191 ὅτι
2385 2137 2733 2208 μυστιπόλοιο
2771 2139 2906 2207 μετά
2932 2137 3132 2208 δρόμον
3157 2137 3498 2208 ἠριγενείης,

2091 2223 2202 2277 Καὶ
2239 2223 2373 2276 Θεὸν
2405 2224 2784 2294 αύτογένεθλον
2811 2225 2898 2279 ἐὸν
2933 2225 3192 2296 κίκλησκε
3223 2225 3436 2296 Τοκῆα,

2091 2313 2196 2385 53
2233 2314 2454 2379 Ἰσάζων
2477 2317 2564 2369 ἐὸν
2591 2311 2748 2386 εὖχος
2780 2317 3088 2388 ἐπουρανίῳ
3116 2316 3374 2386 Βασιλῆῖ.

2091 2397 2158 2459 19
2202 2406 2404 2477 Ἰησοῦς
2445 2405 2488 2458 δ’
2511 2406 2801 2478 ἁγόρευεν’
2847 2407 3018 2479 Ἀμὴν
3043 2407 3430 2479 ἐπιμάρτυρον
3469 2406 3615 2468 ἐστω,

2089 2495 2256 2550 Οὐδὲν
2282 2498 2344 2567 ἐῇ
2381 2497 2551 2567 ἰότητι
2577 2497 2865 2569 δυνήσεται
2905 2499 3032 2563 Υἱὸς
3059 2499 3316 2564 ἀνύσσαι,

2089 2589 2152 2640 Εἰ
2188 2589 2263 2659 μὴ
2297 2587 2648 2658 ἐσαθρήσειεν
2677 2588 2765 2642 ἐὸν
2794 2589 3046 2643 τελέοντα
3073 2591 3278 2662 Τοκῆα.
3501 2645 3506 2653 ,

2093 2681 2270 2750 Ἔργα
2306 2680 2413 2749 γὰρ
2437 2682 2517 2733 εἰν
2547 2681 2633 2734 ἐνὶ
2659 2680 2838 2734 πάντα
2867 2682 3057 2752 Πατὴρ
3081 2681 3212 2752 ἐμὸς
3243 2683 3466 2736 ὁππόσα
3504 2679 3655 2753 ῥέζει,

2091 2773 2276 2828 Ταῦτα
2300 2771 2433 2826 Θεὸν
2462 2773 2694 2843 Γενέτην
2727 2772 3063 2843 μιμούμενος
3090 2774 3218 2838 Tib;
3243 2776 3492 2829 duxisset.

2090 2862 2161 2916 20
2188 2863 2325 2918 Υίέα
2355 2864 2463 2935 γάρ
2487 2863 2663 2933 φιλέει
2692 2863 2923 2934 Γενέτης
2949 2864 3037 2918 ἐόν
3062 2881 3076 2896 °
3108 2865 3246 2919 ὅσσα
3274 2865 3336 2919 δὲ
3369 2866 3562 2936 τεύχει,

2091 2954 2250 3007 Παιδὶ
2277 2955 2414 3025 φίλῳ
2440 2955 2713 3018 δείκνυσι,
2742 2955 2837 3006 καὶ
2864 2955 3030 3009 είσέτι
3064 2955 3286 3026 μείζονα
3319 2957 3506 3023 δείξει,

2094 3045 2280 3117 Ὀφρα
2305 3063 2366 3099 κε
2397 3046 2715 3118 θαμϐήσητε
2745 3047 3091 3118 τελειοτέρων
3113 3049 3275 3120 χάριν
3311 3048 3506 3120 ἔργων.

2016 3134 2059 3190 C
2093 3138 2152 3192 2i
2188 3139 2397 3210 Ὥσπερ
2424 3140 2532 3210 γάρ
2557 3141 2788 3212 Γενέτης
2819 3140 3016 3204 νέκυας
3043 3142 3182 3212 μετά
3210 3141 3425 3212 πότμον
3450 3143 3634 3214 ἐγείρει

2091 3231 2388 3301 Ζωγρήσας
2413 3231 2737 3304 παλίνορσον
2766 3235 3036 3302 ἀκινήτων
3059 3233 3228 3302 δέμας
3261 3235 3498 3306 ἀνδρῶν,

2093 3320 2280 3384 Οὕτως
2305 3320 2399 3387 οὓς
2427 3322 2600 3375 ἐθέλει
2624 3324 2720 3377 καὶ
2743 3324 2949 3394 όμοίῖος
2978 3325 3106 3388 Υἱὸς
3138 3326 3372 3397 ἐγείρει,

2092 3415 2390 3484 Ζωγρήσας
2418 3414 2692 3486 φθιμένων
2724 3417 3098 3489 παλινάγρετα
3121 3417 3359 3488 σώματα
3393 3416 3589 3488 φωτῶν.

2093 3504 2164 3558 22
2196 3504 2394 3558 Ούτινα
2419 3505 2527 3577 γάρ
2554 3507 2758 3578 κρίνειε
2788 3508 2976 3577 Πατὴρ
3011 3507 3143 3578 ἐμός
3167 3523 3179 3537 ·
3215 3504 3595 3580 ἀνδρομέηνδέ

2098 3595 2332 3666 Ὀψιμον
2355 3595 2476 3650 Υἱέῖ
2501 3596 2672 3650 δῶκεν
2699 3597 2827 3668 ὅλην
2853 3599 3053 3668 κρίσιν,
3079 3597 3148 3652 25
3172 3598 3319 3669 1Σφρα
3367 3616 3431 3652 κε
3479 3597 3652 3655 πάντες

2094 3687 2229 3740 Υίέα
2250 3688 2557 3757 τιμήσωσιν
2585 3687 2829 3758 ίσόζυγον
2939 3688 3220 3758 Γενετῆρι,

2095 3773 2199 3830 Οἷά
2222 3794 2280 3831 τε
2306 3777 2614 3831 κυδαίνουσι
2645 3780 2737 3833 καὶ
2760 3778 3092 3849 ὑψιμέδοντα
3118 3777 3323 3848 Τοκῆα.

2095 3870 2157 3922 Ei
2183 3868 2241 3922 δέ
2263 3886 2348 3934 τις
2367 3868 2798 3941 ἀλλοπρόσαλλον
2829 3870 2943 3940 ἔχει
2973 3870 3113 3931 νόον,
3143 3869 3263 3923 οὐδὲ
3285 3869 3497 3940 Τοκῆος

2095 3961 2351 4016 Κυδαίνει
2371 3960 2542 4029 Λόγον
2566 3955 2690 4025 Tia,
2717 3962 2811 4015 καὶ
2836 3962 2897 4014 ού
2920 3959 3194 4031 Γενετῆρα
3215 3960 3487 4032 γεραίρει.

2093 4053 2163 4107 24
2197 4055 2488 4124 Μάρτυρον
2514 4051 2888 4124 ἐμπεδόμυθον
2925 4053 3072 4123 ἀμὴν
3106 4053 3256 4125 ἀμὴν
3279 4053 3447 4106 πάλιν
3478 4051 3625 4110 ἔστω,

2097 4144 2288 4206 ’Ὅστις
2321 4145 2460 4216 ἀνὴρ
2494 4145 2698 4210 δέξοιτο
2730 4145 2850 4199 νόου
2882 4143 3173 4216 πειθήμονι
3208 4144 3400 4215 θεσμῷ

2095 4231 2314 4296 Μύθους
2343 4236 2676 4306 ἡμετέρους,
2705 4241 2800 4290 καὶ
2827 4235 2947 4307 ἐμῷ
2976 4235 3216 4289 πείθοιτο
3234 4233 3430 4304 Τοκῆῖ,

2097 4325 2193 4388 Ei;
2219 4325 2399 4396 κρίσιν
2428 4328 2730 4400 ἐρχομένην
2761 4327 2859 4380 οὑκ
2885 4327 3124 4400 ἔρχεται,
3158 4325 3272 4380 ἀλλ’
3307 4326 3397 4378 ἐπ’
3425 4322 3626 4392 ἐκείνην

1612 4475 1894 4532 TEXTUS
1932 4475 2465 4533 EVANGELISTZ-E.

479 4637 551 4694 15
589 4635 858 4708 ’Δπῆλθεν
878 4641 906 4693 6
930 4638 1236 4711 ἄνθρωπος,
1271 4639 1366 4693 καὶ
1395 4639 1684 4709 ἀνήγγειλε
1712 4642 1824 4703 τοῖς
1857 4640 1987 4693 ’1ου-
2019 4642 2064 4697 D
2093 4638 2377 4694 ποιοῦντα·
2405 4638 2441 4692 ἀ
2474 4641 2584 4709 γὰρ
2622 4639 2688 4692 ἂν
2723 4641 2927 4700 ἐκεῖνος
2959 4639 3124 4709 ποιῇ,
3156 4635 3329 4691 ταῦτα
3366 4636 3460 4690 καὶ
3483 4634 3511 4686 6
3544 4630 3653 4685 Υἱὸς

407 4722 577 4787 δαίοις
603 4723 686 4777 ὅτι
731 4723 938 4795 Ἰησοῦς
964 4726 1111 4778 ἐστιν
1135 4726 1163 4777 6
1189 4725 1421 4794 ποιήσας
1451 4724 1614 4778 αὑτὸν
1644 4725 1793 4793 ὑγιῆ.

479 4806 548 4862 16
597 4807 709 4862 Καὶ
755 4807 846 4861 διὰ
891 4798 1048 4861 τοῦτο
1095 4808 1316 4863 ἐδίωκον
1362 4808 1453 4861 τὸν
1507 4808 1714 4879 Ἰησοῦν
1761 4809 1810 4861 oi
1861 4809 1994 4862 Ἰου-

407 4890 578 4956 δαῖοι,
638 4890 735 4944 καὶ⁹
796 4889 1024 4958 ἐζήτουν
1073 4891 1234 4944 αὑτὸν
1275 4892 1634 4958 ἀποκτεῖναι,
1689 4891 1773 4944 ὅτι
1821 4891 1997 4943 ταῦτα

409 4971 582 5026 ἐποίει
603 4972 660 5026 ἐν
697 4971 970 5042 σαϐϐάτῳ.

480 5056 546 5110 17
587 5056 644 5110 Ὀ
697 5055 753 5109 δὲ
803 5055 1011 5125 Ἰησοῦς
1057 5055 1394 5127 ἀπεκρίνατο
1445 5057 1662 5117 αὐτοῖς·
1715 5055 1774 5106 Ὀ
1806 5056 1995 5128 Πατήρ

413 5155 515 5206 μου
541 5140 647 5203 ἐως
675 5139 799 5211 ἄρτι
827 5141 1137 5211 ἐργάζεται,
1169 5140 1324 5209 κάγὼ
1355 5137 1678 5210 ἐργάζομαι.

483 5222 550 5277 18
585 5223 686 5276 Διά
721 5223 880 5277 τοῦτο
928 5219 1022 5278 οὖν
1075 5222 1273 5294 μᾶλλον
1303 5225 1525 5293 ἐζήτουν
1569 5220 1731 5274 αὑτὸν
1762 5221 1811 5274 οἱ
1865 5223 1991 5274 Ἰου-

405 5304 547 5359 δαῖοι
598 5307 958 5373 ἀποκτεῖναι,
1016 5309 1098 5360 ὅτι
1131 5308 1190 5360 ού
1246 5309 1403 5378 μόνον
1452 5306 1572 5359 ἔλυε
1600 5306 1660 5359 τὸ
1696 5305 1989 5371 σάϐϐατον,

409 5386 546 5442 ἀλλά
573 5390 666 5444 καὶ
699 5391 916 5462 Πατέρα
962 5391 1092 5445 ἴδιον
1127 5391 1279 5459 ἔλεγε
1308 5393 1397 5446 τὸν
1440 5390 1604 5458 Θεὸν,
1639 5390 1755 5444 ἴσον
1799 5390 1990 5444 ἐαυτὸν

413 5478 580 5525 ποιῶν
604 5472 682 5541 τῷ
704 5473 844 5543 Θεῷ.

482 5553 550 5608 19
591 5555 950 5627 Ἀπεκρίνατο
994 5552 1086 5612 οῦν
1119 5559 1147 5610 6
1193 5558 1397 5629 Ἰησοῦς
1435 5558 1527 5610 καὶ¹
1575 5552 1729 5610 εἶπεν
1769 5557 1953 5619 αὐτοῖς
1977 5574 1990 5590 ο

421 5637 594 5708 Ἀμὴν
634 5634 780 5706 ἀμὴν
818 5639 961 5706 λέγω
1012 5641 1176 5711 ύμῖν,
1203 5643 1263 5695 ού
1313 5642 1526 5695 δύναται
1583 5643 1610 5692 6
1648 5641 1774 5700 Υἱὸς
1823 5643 1993 5692 ποιεῖν

414 5725 502 5792 ἀφ’
535 5718 731 5776 ἑαυτοῦ
787 5721 979 5789 οὐδὲν,
1022 5726 1114 5777 ἐὰν
1170 5727 1241 5794 μή
1303 5743 1352 5778 τι
1406 5723 1574 5795 βλέπῃ
1627 5723 1717 5775 τὸν
1777 5722 1990 5791 Πατέρα

2097 4723 2297 4794 ὁμοίως
2329 4723 2493 4774 ποιεῖ.

2165 4807 2236 4859 20
2280 4805 2339 4856 Ὁ
2381 4802 2491 4874 γὰρ
2540 4803 2729 4875 Πατὴρ
2786 4805 2930 4874 φιλεῖ
2983 4804 3075 4859 τὸν
3124 4803 3289 4866 Υίὸν,
3349 4801 3441 4854 καὶ
3494 4795 3650 4850 πάντα

2096 4888 2366 4941 δείκνυσιν
2401 4885 2551 4956 αύτῷ
2585 4885 2622 4940 ἃ
2667 4887 2826 4953 αὐτὸς
2861 4890 3037 4941 ποιεῖ⁹
3077 4887 3174 4940 καὶ
3219 4883 3440 4954 μείζονα
3464 4879 3649 4934 τούτων

2097 4970 2260 5037 δείξει
2293 4970 2442 5042 αύτῷ
2481 4971 2645 5042 ἔργα,
2682 4971 2770 5024 ἵνα
2791 4972 2948 5042 ὑμεῖς
2975 4967 3314 5038 θαυμάζητε.

2167 5057 2231 5110 21
2273 5057 2483 5127 Ὥσπερ
2507 5056 2616 5126 γὰρ
2642 5056 2671 5107 6
2698 5055 2887 5127 Πατὴρ
2915 5053 3116 5123 ἐγείρει
3144 5051 3269 5113 τοὺς
3313 5048 3532 5119 νεκροὺς
3565 5042 3648 5098 καὶ

2098 5139 2372 5203 ζωοποιεῖ,
2400 5140 2542 5193 ούτω
2572 5139 2666 5192 καὶ
2695 5140 2723 5191 6
2743 5138 2866 5202 Υἱὸς
2892 5136 2986 5200 οὓς
3017 5135 3161 5189 θέλει
3183 5134 3454 5197 ζωοποιεῖ.

2165 5223 2238 5277 22
2265 5222 2398 5276 Οὐδὲ
2427 5222 2533 5293 γὰρ
2557 5224 2584 5274 6
2610 5220 2798 5292 Πατὴρ
2827 5220 2999 5292 κρίνει
3029 5218 3239 5290 οὐδένα,
3273 5216 3406 5270 ἀλλὰ
3425 5215 3522 5286 τὴν
3542 5209 3648 5282 κρί-

2099 5323 2181 5358 σιν
2211 5307 2388 5359 πᾶσαν
2425 5305 2623 5358 δέδωκε
2655 5303 2730 5373 τῷ
2756 5302 2892 5373 Υίῴ.

2168 5389 2238 5441 25
2279 5389 2394 5441 Ἵνα
2437 5389 2637 5450 πάντες
2685 5387 2883 5458 τιμῶσι
2917 5387 3008 5440 τὸν
3040 5386 3196 5448 Υίὸν,
3252 5382 3432 5445 καθὼς
3463 5376 3645 5448 τιμῶσι

2095 5473 2186 5525 τὸν
2209 5472 2443 5542 Πατέρα.
2485 5473 2542 5526 ’0
2578 5472 2651 5542 μὴ
2679 5471 2852 5540 τιμῶν
2876 5470 2966 5524 τὸν
2999 5468 3146 5529 Υίὺν,
3177 5468 3239 5520 ού
3266 5467 3402 5537 τιμᾷ
3426 5463 3513 5517 τὸν
3541 5461 3642 5514 Πα-

2096 5555 2231 5625 τέρα
2260 5555 2352 5607 τὸν
2381 5554 2668 5624 πέμψαντα
2696 5554 2876 5608 αὐτόν.

2166 5637 2237 5690 24
2277 5638 2449 5709 ’Λμὴν
2478 5637 2622 5708 ἀμὴν
2651 5638 2792 5705 λέγω
2836 5638 2962 5707 ύμῖν
2987 5675 3000 5698 ,
3051 5635 3130 5687 ὅτι
3167 5634 3195 5685 6
3240 5632 3332 5686 τὸν
3375 5628 3526 5709 λόγον,
3549 5637 3640 5709 μῗυ

2098 5721 2338 5788 ἀκούων,
2375 5722 2466 5777 καὶ
2499 5721 2762 5776 πιστεύων
2798 5719 2874 5791 τῷ
2922 5717 3192 5790 πέμψαντί
3229 5733 3324 5788 με,
3364 5713 3475 5784 ἔχει
3517 5700 3641 5772 ζωὴν
