3956 6202
340 236 443 292 789

339 345 494 417 Ζωὴν
520 342 850 416 ἀμϐροσίην,
878 343 976 411 τὴν
1008 342 1070 395 οὐ
1093 341 1283 412 χρόνος
1322 337 1461 396 οἶδεν
1488 342 1725 408 ὀλέσσαι,

337 435 543 502 Ἶξεται
568 437 633 488 ἐκ
661 435 913 490 Θανάτοιο
945 434 1306 506 μετάτροπος.
1336 434 1406 488 9.5
1447 436 1738 507 Ἀπροῖδὴς
1779 434 1886 504 γὰρ

338 528 495 581 Μαῖα
519 527 893 595 παλιγγενέων
933 526 1188 596 μερόπων
1243 527 1559 590 νεκυοσσόος
1593 527 1710 597 ὥρη

340 618 547 683 Ἱξεται
581 617 943 688 όψιτέλεστος,
974 615 1229 680 ἀναυδέες
1261 617 1466 670 ὁππότε
1496 618 1680 688 νεκροὶ

339 703 508 772 Αὖτις
531 706 878 779 ἀναζήσωσιν
913 707 1221 779 ἀνοστήτων
1263 707 1369 760 ἀπὸ
1403 706 1636 767 κόλπων,

341 801 552 863 Πάντες
580 799 926 870 ἀλεξιμόροιο
953 799 1091 869 ὲμῆς
1123 799 1331 862 ἀΐοντες
1365 797 1496 868 ἰωῆς
1518 838 1532 859 ,

341 891 543 954 Παιδὸς
567 889 883 960 τηλυγέτοιο
912 907 976 959 φε
987 889 1208 961 ροζώοιο
1232 890 1461 960 Τοκῆος.

342 971 415 1022 26
454 971 660 1040 Ὠσπερ
688 976 795 1042 γάρ
826 973 1053 1041 Γενέτης
1087 976 1310 1043 μεθεπει
1337 979 1670 1048 παμμήτορα
1696 988 1905 1049 κόσμου

346 1058 517 1126 Ζωὴν,
547 1058 614 1133 ἧς
647 1059 754 1112 ἄπο
779 1061 911 1113 πᾶσι
945 1060 1186 1128 βιοσσόον
1215 1058 1400 1131 ἆσθμα
1433 1065 1693 1130 τιταίνει,

345 1146 500 1199 Οὕτω
527 1148 890 1217 παμμεδέοντι
920 1150 1011 1200 καὶ
1039 1145 1153 1201 Υἱέῐ
1185 1149 1322 1202 δῶκε
1353 1151 1600 1221 κομίζειν

339 1245 518 1316 Ζωὴν,
547 1244 618 1298 27
648 1245 744 1299 καὶ
765 1243 968 1318 ζαθέην
988 1244 1251 1316 ὑψίζυγον
1273 1246 1460 1302 ὤπασε
1492 1247 1680 1317 τιμὴν,

340 1337 452 1410 54
481 1339 592 1391 Καὶ
629 1337 810 1408 κρίσιν
834 1331 908 1392 ὧν
932 1339 1109 1394 ἐθέλει
1138 1338 1343 1392 τελέειν
1373 1339 1579 1407 ίσόζυγι
1605 1335 1813 1408 θεσμῷ,

340 1428 607 1501 Ὀττιπερ
637 1428 946 1500 ἀνθρώποιο
978 1430 1265 1500 φερέσϐιος
1296 1430 1422 1494 Υἱὸς
1453 1428 1661 1483 ἀκούει.

341 1520 413 1574 28
440 1521 549 1574 Καὶ
575 1521 650 1593 μὴ
674 1521 882 1591 θάμϐος
910 1520 1106 1591 ἔχοιτε,
1131 1522 1226 1576 καὶ
1255 1521 1444 1574 εἴτινα
1470 1518 1724 1574 θέσκελον
1746 1519 1924 1590 ὀμφὴν

343 1613 609 1665 Ἔννεπον
645 1613 970 1682 ἐσσυμένην,
1004 1613 1086 1666 ὅτι
1119 1611 1354 1677 λοίσθιος
1382 1612 1602 1682 ἔρχεται
1633 1611 1780 1681 ὥρη,

337 1704 453 1756 Καὶ
478 1702 574 1756 νῦν
601 1702 1003 1774 ἀμφιϐέϐηκεν,
1035 1702 1252 1767 ἀολλέες
1287 1703 1492 1756 ὁππότε
1527 1702 1709 1773 νεκροὶ

337 1793 632 1848 Ζωοτόκων
660 1795 870 1858 ἀΐοντες
900 1796 1208 1866 ἀνοστήτων
1236 1794 1341 1846 ἀπὸ
1370 1793 1617 1863 τύμϐων,

334 1883 577 1955 Χριστοῦ
612 1883 1006 1955 φθεγγομένοιο
1037 1885 1350 1956 δεδεγμένοι
1386 1884 1568 1939 ἔνθεον
1596 1884 1742 1955 ἠχὼ,

334 1976 612 2030 Πάντοθεν
637 1977 905 2040 ἀΐσσουσι,
931 1976 1000 2033 29
1024 1978 1117 2030 καὶ
1142 1977 1338 2047 ὄψιμος
1368 1976 1525 2039 ἄλλος
1556 1977 1643 2028 ἐπ’
1673 1976 1817 2046 ἄλλῳ

347 2067 578 2139 Ἀρχαίῃ
608 2068 861 2124 πελάσειε
898 2069 1222 2137 παλιγγενὲς
1251 2067 1395 2138 ἴχνος
1422 2067 1652 2140 ἀρούρῃο

334 2159 405 2212 Οί
440 2159 538 2228 μὲν
564 2158 958 2222 ἀεθλεύσαντες
991 2158 1256 2230 ἀμεμφέα
1289 2159 1478 2212 πιστὸν
1507 2157 1713 2227 ἀγῶνα,

334 2249 495 2319 Ζωῆς
515 2249 795 2321 ἀθανάτης
825 2252 883 2313 ἐς
915 2248 1211 2303 ἀνάστασιν
1232 2266 1244 2280 '
1280 2249 1329 2302 οί
1358 2248 1415 2302 δὲ
1444 2248 1714 2319 καμόντες

339 2341 522 2412 Ἔργα
555 2341 923 2404 πολυπλανέος
952 2340 1135 2411 βιοτῆς
1163 2339 1476 2411 ἐτερόφρονι
1509 2339 1681 2408 λύσσῃ
1702 2378 1717 2402 ,

335 2429 569 2500 Κρίσιος
595 2430 894 2502 ἐσσομὲνης
922 2433 980 2495 ἐς
1010 2430 1329 2485 ἀνάστασιν.
1358 2431 1426 2485 50
1459 2429 1725 2500 Οὐρανίου
1754 2428 1853 2498 μὲν

335 2522 417 2574 Ού
443 2521 679 2593 δύναμαι
709 2522 1005 2593 Γενετῆρος
1049 2521 1361 2592 ἀπόπροθεν
1397 2521 1548 2574 οὐδὲν
1583 2519 1813 2574 ἀνύσσαι

334 2613 691 2682 Λύτόματος,
735 2613 940 2686 κρίνειν
971 2613 1028 2666 δέ
1065 2613 1366 2686 δυνήσομαι
1397 2611 1588 2682 ὥσπερ
1613 2611 1814 2667 ἀκούω.

334 2701 637 2773 Νημερτής
658 2702 716 2756 δέ
748 2701 838 2772 μοί
863 2704 1010 2756 ἐστιν
1038 2702 1144 2773 ἐμὴ
1177 2701 1356 2772 κρίσις
1375 2719 1388 2732 ο
1424 2701 1485 2754 ού
1519 2701 1627 2773 γάρ
1651 2701 1819 2764 ἱκάνω

335 2792 516 2856 Κῦδος
549 2793 682 2864 ἐμὸν
711 2793 916 2846 τελέειν
937 2792 1248 2864 διζήμενος,
1286 2791 1423 2846 ἀλλά
1448 2792 1674 2863 Τοκῆος.
1776 2793 1778 2798 ’

336 2884 520 2954 Τιμὴν
550 2884 825 2955 ἡμετέρην
859 2884 920 2938 ού
957 2883 1284 2954 φθέγγομαι.
1315 2883 1379 2936 51
1423 2883 1525 2936 Ἦν
1549 2881 1658 2953 γὰρ
1687 2881 1852 2952 ἐνίψω

335 2975 664 3045 Μαρτυρίην
702 2975 838 3045 ἰδίην
858 3016 872 3041 ,
908 2976 969 3028 οὐ
999 2973 1246 3026 πείθεται
1276 2972 1433 3036 ἄλλος
1473 2971 1700 3026 ἀκούων.

337 3066 418 3118 Οὐ
443 3065 554 3136 γὰρ
581 3065 714 3136 ἐμὸς
743 3065 872 3118 πέλε
905 3065 1073 3136 μῦθος
1102 3066 1374 3136 ἐτήτυμος
1399 3105 1414 3130 ,
1444 3065 1618 3136 ῆνπερ
1650 3063 1815 3129 ἐνίψω

335 3157 666 3229 Μαρτυρίην
703 3157 838 3228 ἰδίην
866 3157 1178 3230 αὐτόθροον.
1213 3157 1284 3210 52
1327 3158 1490 3228 Ἀμφ’
1513 3155 1708 3226 ἐμέθεν
1736 3156 1793 3209 δὲ

341 3245 538 3311 Ἄλλος
569 3248 711 3319 ἀνὴρ
755 3248 885 3301 πέλε
916 3249 1125 3320 μάρτυς
1149 3248 1413 3320 ἐπάρκιος
1435 3262 1448 3277 ·
1485 3243 1604 3300 οἶδα
1630 3247 1674 3300 δ’
1712 3247 1919 3300 ἐκείνου

338 3337 548 3408 Πιστὴν
585 3338 893 3409 μαρτυρίην
925 3339 1020 3391 καὶ
1053 3339 1343 3409 ἐτήτυμον.
1382 3338 1450 3392 55
1484 3337 1769 3409 Είρόμενοι
1795 3336 1852 3391 δὲ

349 3423 543 3493 ’Λγνὸν
584 3425 838 3496 Ἰωάννην
867 3425 1218 3495 θεοδέγμονος
1240 3427 1434 3495 ἐγκυον
1461 3425 1666 3497 ὀμφῆς,

349 3515 544 3586 Ὑμεῖς
575 3515 948 3587 ούρεσίφοιτον
981 3518 1266 3588 ἐπέμψατε
1294 3516 1424 3571 λαόν
1454 3515 1634 3587 ὁδίτην

352 3606 588 3679 Ἀνδρῶν
623 3608 964 3679 μυστιπόλων
983 3625 996 3639 ο
1027 3609 1120 3663 καὶ
1148 3608 1410 3679 ἀμεμφέα
1438 3605 1692 3670 θέσκελος
1721 3605 1860 3677 ἀνὴρ

342 3698 523 3753 Μῦθον
550 3697 811 3771 ἀληθείης
839 3700 1022 3770 ἀλύτῳ
1057 3699 1433 3770 σφρηγίσσατο
1462 3697 1640 3769 μύθῳ,

342 3792 638 3864 Μάρτυρος
657 3791 1051 3863 ἐμπεδόμυθος.
1076 3791 1146 3846 54
1168 3789 1510 3862 Ἐπιχθονίης
1531 3791 1577 3844 δ’
1605 3792 1712 3846 ἀπὸ
1746 3793 1928 3864 φωνῆς

343 3882 671 3954 Μαρτυρίην
707 3882 961 3954 μερόπων
985 3883 1046 3936 οὺ
1075 3882 1336 3953 δέχνυμαι
1357 3920 1372 3945 ,
1403 3881 1540 3936 ἀλλά
1569 3882 1834 3937 διδάσκων

354 3974 680 4047 Ἐϐραίους,
712 3976 838 4030 τάδε
881 3977 1059 4030 πάντα
1090 3975 1444 4046 μετέρχομαι,
1478 3973 1622 4046 ὄφρα
1663 3975 1932 4046 μαθόντας

358 4064 562 4134 Ὑμέας
585 4067 668 4120 εἰν
700 4067 780 4120 ἐνὶ
805 4068 1014 4130 πάντας
1039 4068 1192 4136 ἐμοῖς
1215 4066 1434 4119 ἐπέεσσι
1465 4064 1681 4120 σαώσω.

347 4156 418 4210 55
451 4158 644 4222 Κεῖνος
684 4159 939 4230 Ἰωάννης
982 4159 1204 4230 νοεροὺς
1232 4156 1538 4228 σπινθῆρας
1575 4156 1788 4224 ίάλλων,

349 4249 620 4321 Εὐσεϐίης
647 4250 777 4304 πέλε
814 4250 1005 4321 λύχνος
1037 4251 1305 4322 ἐτήτυμος
1333 4249 1557 4320 ἀνδράσι
1579 4250 1784 4318 φαίνων
1807 4267 1820 4280 ·

1319 228 1803 285 PARAPHRASIS
1839 229 1903 282 ΙΝ
1942 228 2280 284 JOA‘NNEM.
2320 260 2390 268 ——
2425 228 2577 284 CAP.
2617 226 2679 281 V.

3495 221 3593 276 79)

1947 355 1992 408 Α
2025 355 2190 410 quam
2245 349 2460 410 tempus
2509 354 2617 393 non
2653 338 2801 393 novit
2832 337 3080 409 perdere,
3113 333 3306 389 Veniet
3332 349 3394 388 ex
3425 343 3600 390 mort».

2026 447 2298 488 reversus.
2348 432 2420 484 25
2450 430 2749 501 lmprovisa
2799 431 2942 485 enim
2983 428 3260 484 Obstetrix
3307 441 3602 481 renascen-

2025 526 2156 578 tium
2194 524 2478 578 hominum
2499 532 2745 579 mortuos
2780 523 3058 579 suscitans
3081 521 3214 575 hora
3253 518 3447 574 Veniet
3476 535 3601 575 sero

2025 615 2290 684 perfecta,
2335 616 2469 670 muti
2505 615 2724 685 quando
2766 613 2970 669 mortui
3011 612 3226 667 Rursus
3271 611 3603 666 reviviscent

2026 708 2232 764 reditus
2259 708 2575 778 expertibus
2602 722 2633 762 e
2653 706 2889 769 sinibus,
2915 703 3118 758 Omnes
3145 716 3371 755 mortem
3399 701 3604 772 pellen-

2024 809 2128 851 tem
2161 814 2333 854 meam
2367 799 2649 854 audientes
2670 813 2879 861 vocem,
2899 795 3021 850 Filii
3050 795 3208 850 unice
3229 794 3411 848 dilecti
3433 793 3600 845 vitam

2024 889 2248 946 ferentis
2280 890 2480 945 Patris.
2513 890 2583 945 26
2615 889 2766 945 Sicut
2795 890 2938 944 enim
2981 886 3140 942 Pater
3168 885 3329 940 habet
3371 893 3600 938 matrem

2023 981 2267 1034 omnium
2304 981 2359 1035 in
2412 982 2616 1036 mundo
2661 980 2865 1044 Vitam,
2891 995 2920 1033 a
2958 993 3064 1049 qua
3100 977 3356 1032 omnibus
3381 975 3602 1028 vitalem

2023 1071 2272 1140 spiritum
2307 1073 2534 1141 praebet,
2567 1072 2657 1127 Sic
2685 1072 2929 1126 omnium
2963 1069 3161 1125 rectori
3195 1076 3250 1124 et
3279 1066 3416 1120 Filio
3454 1064 3604 1119 dedit

2025 1161 2164 1214 ferre
2183 1159 2361 1213 Vitam
2394 1177 2406 1212 :
2435 1160 2502 1212 27
2525 1168 2577 1214 et.
2604 1159 2846 1213 divinam
2869 1156 3148 1226 altijugam
3171 1155 3320 1209 dedit
3350 1153 3600 1222 gloriam,

2034 1248 2138 1319 55
2174 1249 2236 1303 Et
2255 1249 2523 1319 judicium
2550 1265 2783 1319 quorum
2813 1249 2926 1300 vult
2951 1247 3210 1315 perlicere
3246 1245 3439 1312 aequali
3464 1243 3600 1312 lege,

2024 1340 2163 1405 Quia
2191 1339 2431 1394 hominis
2458 1340 2625 1393 vitam
2654 1339 2835 1394 ferens
2856 1336 3030 1391 Filius
3071 1334 3294 1388 dicitur.
3329 1332 3400 1385 28
3434 1330 3500 1384 Et
3535 1348 3604 1385 ne

2026 1429 2297 1484 miremini
2331 1429 2377 1485 si
2411 1429 2649 1498 aliquam
2672 1429 2910 1482 divinam
2935 1441 3123 1481 vocem
3154 1423 3273 1477 Dixi
3297 1433 3604 1482 venturam.

2026 1519 2155 1588 quia
2175 1529 2420 1575 extrema
2445 1519 2592 1573 venit
2621 1519 2774 1580 liora,
2793 1517 2854 1569 Et
2873 1531 3017 1570 nunc
3033 1529 3200 1586 prope
3213 1513 3606 1576 aecessit,con-

2025 1609 2230 1676 gregali
2261 1607 2481 1676 quando
2510 1609 2739 1674 mortui,
2766 1605 2932 1663 Vives
2962 1605 3302 1676 parientibus
3322 1602 3606 1657 audientes

1953 1700 1993 1754 B
2026 1698 2233 1752 reditus
2278 1699 2593 1768 expertibus
2619 1713 2648 1751 e
2680 1697 2962 1768 sepulcris,
2986 1695 3188 1751 Christi
3228 1693 3496 1764 loquentis
3519 1708 3606 1746 re-

2027 1790 2294 1860 cipientes
2327 1787 2571 1842 divinum
2610 1804 2827 1853 sonum,
2857 1787 3107 1856 Undique
3160 1785 3606 1844 concitabuntur,

2025 1879 2094 1933 9.9
2136 1888 2190 1933 et
2236 1894 2393 1933 serus
2427 1878 2568 1932 alius
2600 1886 2720 1948 post
2755 1878 2921 1930 alium
2951 1876 3132 1932 Veteri
3162 1877 3422 1946 adjunget
3447 1889 3610 1930 rena-

2027 1977 2139 2022 tum
2192 1968 2481 2038 vestigium
2532 1979 2688 2023 terra:
2724 1984 2739 2035 ;
2771 1966 2874 2033 Qui
2908 1968 3124 2038 quidem
3162 1978 3446 2022 certarunt
3483 1968 3624 2022 irre-

2027 2058 2390 2128 preltensibile
2439 2059 2593 2114 fidele
2636 2067 2947 2121 certamen,
2981 2057 3120 2113 Viue
3168 2059 3494 2114 immortalis
3540 2057 3609 2112 ad

2028 2151 2486 2205 resurrectionem
2515 2167 2529 2216 ;
2566 2150 2660 2220 qui
2704 2165 2832 2205 vero
2863 2151 3210 2220 perfecerunt
3257 2149 3434 2220 Opera
3466 2151 3607 2203 mul-

2027 2248 2140 2292 tum
2175 2242 2413 2297 errantis
2445 2241 2566 2296 vita:
2592 2241 2751 2296 aliter
2793 2242 3063 2296 sentiente
3089 2241 3262 2307 rabie,
3293 2240 3493 2295 Judicii
3532 2239 3615 2293 fu-

2027 2331 2134 2384 turi
2166 2332 2230 2385 ad
2271 2332 2756 2387 resurrectionem.
2784 2334 2852 2388 50
2895 2333 3116 2389 C(elesti
3145 2333 3290 2387 enim
3334 2331 3452 2386 Non
3489 2346 3611 2401 pos-

2026 2437 2146 2476 sum
2179 2423 2295 2478 sine
2344 2423 2504 2478 Patre
2537 2423 2746 2493 aliquid
2797 2424 3055 2494 perlicere
3105 2424 3331 2496 Sponte,
3361 2425 3610 2494 judicare

2026 2528 2156 2567 vero
2206 2523 2397 2584 potero
2455 2516 2597 2570 sicut
2650 2517 2833 2571 audio.
2875 2515 3163 2572 lni‘allibile
3205 2525 3386 2571 autem
3428 2531 3610 2572 meum

2025 2615 2110 2660 est
2140 2605 2447 2675 judicium;
2483 2623 2593 2662 non
2627 2609 2773 2664 enim
2803 2609 2963 2664 venio
2987 2609 3228 2665 Gloriam
3272 2624 3448 2664 meam
3485 2624 3612 2679 per-

2026 2695 2189 2750 licere
2208 2711 2482 2764 quaerens,
2516 2697 2610 2753 sed
2661 2697 2861 2754 Patris.
2900 2698 3175 2755 Honorem
3206 2709 3458 2756 nostrum
3501 2715 3612 2754 non

2027 2784 2239 2854 loquor.
2284 2787 2347 2840 5t
2415 2785 2472 2840 Si
2518 2788 2664 2842 enim
2726 2789 2940 2845 loeutus
3002 2790 3156 2845 fuero
3216 2791 3612 2847 Testimonium

2025 2889 2333 2960 proprium,
2365 2905 2475 2946 non
2506 2891 2681 2947 credit
2702 2891 2843 2948 alius
2871 2893 3120 2950 audiens.
3146 2894 3265 2949 Non
3287 2897 3432 2951 enim
3456 2909 3612 2952 meus

1949 3023 1992 3079 ο
2026 3005 2112 3050 est
2160 3009 2342 3049 sermo
2395 3011 2598 3062 verus,
2641 2996 2688 3051 si
2749 2996 2965 3052 locutus
3019 2997 3176 3054 fuero
3237 2999 3607 3054 testimonium

2029 3101 2308 3172 proprium
2339 3101 2406 3156 de
2435 3102 2649 3171 meipso
2689 3101 2916 3157 dictum.
2954 3103 3026 3158 52
3050 3102 3122 3160 De
3144 3121 3229 3160 me
3258 3116 3436 3168 autem
3458 3104 3606 3160 Alius

2030 3206 2116 3261 vir
2147 3217 2231 3261 est
2266 3207 2420 3262 testis
2444 3205 2718 3261 suﬂiciens
2737 3222 2760 3271 ;»
2783 3207 2910 3261 novi
2942 3215 3125 3263 autem
3153 3208 3300 3263 illius
3329 3206 3516 3264 Fidele
3541 3214 3615 3263 te-

2033 3309 2353 3366 stimonium
2401 3317 2455 3364 et
2493 3325 2703 3365 verum.
2735 3311 2806 3365 35
2840 3311 3244 3382 interrogantes
3287 3320 3465 3366 autem
3511 3311 3617 3367 Ca—

2035 3422 2179 3468 stnm
2235 3411 2502 3468 Joannem
2541 3413 2726 3469 divina
2763 3415 3029 3485 repletum
3076 3431 3229 3480 voce,
3272 3415 3382 3473 Vos
3413 3417 3617 3472 monti-

2033 3534 2229 3589 vagum
2265 3519 2496 3576 misistis
2532 3522 2792 3592 populum
2822 3523 3085 3578 viatorem
3114 3521 3368 3578 Virorum
3407 3523 3612 3579 sacriﬁ-

2033 3641 2258 3691 corum;
2286 3633 2341 3682 et
2375 3625 2910 3697 irreprebensibilem
2933 3627 3152 3683 divinus
3184 3629 3265 3682 vir
3298 3628 3616 3684 Sermonem

2035 3731 2281 3786 veritatis
2323 3731 2603 3787 insolubili
2645 3732 2954 3804 obsignavit
2999 3733 3164 3788 verbo
3187 3774 3202 3798 ,
3238 3731 3416 3788 Testis
3445 3735 3620 3788 ﬁrmi-

2037 3833 2253 3902 loquus.
2301 3832 2371 3887 54
2409 3832 2679 3888 Terrestri
2729 3841 2910 3888 autem
2957 3848 2987 3886 a
3033 3847 3167 3889 voce
3217 3831 3618 3888 Testimonium

2035 3935 2319 3990 hominum
2360 3951 2468 3992 non
2510 3937 2737 4008 recipio,
2790 3937 2887 3993 sed
2925 3937 3130 3994 docens
3179 3937 3456 4005 Ilebrmos,
3506 3941 3619 3992 hare

2035 4039 2217 4094 omnia
2244 4039 2484 4108 adduco,
2518 4047 2578 4094 ut
2613 4040 2808 4096 doctos
2836 4039 2945 4097 Vos
2978 4041 3034 4094 in
3067 4041 3384 4097 universum
3423 4057 3619 4097 omnes

2037 4143 2173 4199 meis
2200 4144 2382 4199 verbis
2411 4145 2638 4200 salvem.
2663 4144 2733 4199 '55
2753 4142 2847 4200 ille
2874 4143 3118 4202 Joannes
3162 4147 3438 4216 sapientes
3472 4145 3619 4202 scin-

2038 4248 2184 4303 tillas
2221 4248 2501 4315 emittens,
2530 4247 2758 4305 Pietatis
2791 4257 2906 4304 erat
2943 4249 3167 4306 lucerna
3199 4265 3328 4305 vera
3358 4249 3493 4306 viris
3523 4266 3620 4322 ap-

1549 4363 1829 4419 TEXTUS
1869 4362 2401 4418 EVANGELISTAS.

349 4480 592 4536 aitbvwv'
639 4484 732 4536 καὶ
759 4485 838 4546 είς
868 4482 1048 4555 κρίσιν
1081 4483 1182 4536 οὐκ
1212 4482 1432 4554 ἔρχεται
1459 4499 1473 4516 ο
1506 4484 1640 4538 ἀλλά
1692 4485 1928 4554 μεταϐέ-
1964 4488 2005 4542 Ι)
2105 4485 2175 4539 50
2213 4485 2287 4537 Οὐ
2339 4482 2574 4553 δύναμαι
2631 4483 2743 4551 ἐγὼ
2792 4487 2968 4537 ποιεῖν
3014 4485 3107 4538 ἀπ’
3151 4484 3390 4555 ἐμαυτοῦ
3440 4485 3612 4537 οὐδέν.

349 4563 517 4634 ϐηκεν
547 4567 613 4619 ἐκ
637 4565 731 4619 τοῦ
761 4565 994 4619 θανάτου
1021 4569 1100 4630 είς
1124 4567 1224 4637 τὴν
1251 4567 1417 4637 ζωήν.

320 4652 335 4719 ξ
420 4649 491 4702 25
532 4647 704 4720 Ἀμὴν
738 4649 885 4719 ἀμὴν
911 4649 1054 4717 λέγω
1092 4650 1219 4719 ὑμῖν
1247 4691 1261 4712 ,
1288 4651 1368 4703 ὅτι
1399 4649 1615 4720 ἔρχεται
1649 4650 1797 4722 ὥρα,
1838 4653 1932 4705 καὶ

334 4732 446 4786 ’νῦν
478 4732 625 4786 ἐστιν
649 4775 664 4798 ,
709 4734 794 4786 ὅτε
827 4734 875 4786 οἱ
905 4735 1091 4806 νεκροὶ
1123 4732 1445 4787 ἀκούσονται
1488 4734 1588 4804 τῆς
1617 4735 1802 4806 φωνῆς
1835 4735 1930 4790 τοῦ

350 4815 481 4878 Υίοῦ
509 4815 796 4870 τοῦ-Θεοῦ·
827 4802 920 4869 καῖ
949 4802 1356 4878 οίνάκούσαντες
1384 4802 1658 4886 ζήσον-ται.

421 4901 490 4953 96
515 4901 726 4969 ’Ὠσπερ
753 4899 863 4971 γὰρ
899 4900 927 4952 ὁ
957 4900 1147 4970 Πατὴρ
1181 4900 1293 4970 ἔχει
1331 4899 1475 4970 ζωὴν
1502 4902 1559 4952 ἐν
1597 4899 1806 4970 ἐαυτῷ,
1845 4901 1933 4954 οὗ·

352 5000 458 5047 τως
486 4983 654 5037 ἔδωκε
695 4983 792 5036 καὶ
815 4984 894 5054 τῷ
917 4983 1033 5053 Υίῷ
1060 4984 1203 5054 ζωὴν
1233 4984 1378 5053 ἔχειν
1405 4984 1463 5034 ἐν
1487 4983 1683 5052 ἐαυτῷ.

421 5067 491 5120 27
522 5067 632 5121 Καὶ
666 5066 916 5133 ἐξουσίαν
963 5067 1162 5122 ἔδωκεν
1201 5065 1350 5135 αὐτῷ
1380 5065 1474 5119 καὶ
1522 5065 1701 5136 κρίσιν
1733 5071 1932 5129 ποιεῖν,

354 5147 434 5202 ὅτι
465 5149 590 5213 Υἱὸς
617 5149 904 5222 ἀνθρώπου
932 5151 1067 5205 ἐστί.

421 5232 492 5286 28
530 5232 622 5303 Μὴ
655 5233 964 5303 θαυμάζετε
1011 5232 1197 5286 τοῦτο’
1243 5232 1324 5286 ὅτι
1368 5229 1584 5300 ἔρχεται
1629 5229 1747 5300 ὥρα
1796 5231 1854 5282 ἐν

355 5315 556 5383 πάντες
593 5320 644 5372 οί
672 5323 730 5374 ἐν
774 5323 886 5383 τοῖς
935 5320 1220 5392 μνημείοις
1258 5318 1581 5373 ἀκούσονται
1613 5319 1714 5389 τῆς
1753 5319 1935 5387 φωνῆς

361 5400 542 5454 αὑτοῦ.

426 5481 497 5538 9.9
524 5483 632 5536 Καὶ
684 5484 1188 5555 ἐκπορεύσονταιοὶ
1240 5485 1310 5538 τὰ
1360 5484 1538 5554 ἀγαθά
1590 5489 1933 5557 ποιήσαντες,

361 5561 441 5628 εἰς
467 5565 762 5622 ἀνάστασιν
791 5569 970 5637 ζωῆςο
1013 5571 1060 5623 oi
1095 5569 1147 5622 δὲ
1182 5569 1249 5622 τὰ
1285 5570 1461 5639 φαῦλα
1494 5571 1828 5640 πράξαντες,
1862 5574 1938 5633 εἰς

374 5646 665 5705 ἀνάστασιν
698 5652 948 5722 κρίσεως.

2042 4565 2240 4630 Καθὼς
2261 4565 2484 4630 ἀκούω,
2533 4567 2703 4636 κρίνω
2728 4583 2741 4596 ο
2790 4568 2885 4620 καὶ
2925 4570 2957 4637 ἡ
3007 4568 3185 4637 κρίσις
3231 4569 3262 4638 ή
3297 4569 3404 4637 ἐμὴ
3437 4569 3618 4621 δικαία

2039 4649 2190 4702 ἐστίν
2210 4666 2224 4681 ·
2257 4649 2339 4701 ὃτι
2369 4649 2430 4700 ού
2467 4648 2615 4716 ζητώ
2646 4649 2706 4700 τὸ
2739 4648 2949 4718 θέλημα
2987 4651 3046 4702 τὸ
3078 4653 3207 4719 ἐμὸν
3228 4688 3242 4713 ,
3278 4651 3413 4704 ἀλλὰ
3443 4653 3504 4702 τὸ
3532 4652 3619 4704 θέ-

2039 4731 2190 4802 λημα
2215 4731 2309 4784 τοῦ
2342 4731 2653 4801 πέμψαντός
2682 4747 2748 4800 με
2781 4732 3012 4801 Πατρός.

2108 4815 2170 4867 51
2220 4815 2345 4866 Ἑάν
2376 4812 2487 4881 ἐγὼ
2513 4812 2774 4884 μαρτυρῶ
2805 4815 2934 4884 περὶ
2960 4813 3222 4885 ἐμαυτοῦ,
3265 4816 3300 4885 ἡ
3345 4816 3618 4886 μαρτυρία

2045 4915 2146 4970 μου
2175 4897 2275 4950 οὐκ
2304 4897 2448 4950 ἐστιν
2476 4898 2702 4968 ἀληθής.

2111 4981 2182 5037 52
2214 4981 2407 5045 Ἀλλος
2431 4982 2576 5034 ἐστὶν
2607 4984 2634 5034 ὁ
2663 4982 2956 5053 μαρτυρῶν
2990 4984 3118 5053 περὶ
3166 4983 3297 5053 ἐμοῦ
3320 5023 3334 5047 ,
3379 4982 3472 5034 καὶ
3505 4979 3618 5037 οἶδα

2041 5068 2122 5119 ὅτι
2155 5066 2362 5136 ἀληθής
2395 5066 2540 5118 ἐστιν
2571 5067 2603 5134 ἡ
2629 5068 2902 5138 μαρτυρία
2924 5067 2990 5138 ἢν
3017 5070 3284 5137 μαρτυρεῖ
3306 5067 3430 5136 περὶ
3459 5067 3615 5137 ἐμοῦ.

2116 5150 2186 5204 55
2225 5150 2412 5219 Ὑμεῖς
2447 5149 2822 5204 ἀπεστάλκατε
2874 5151 3009 5221 πρὸς
3050 5151 3302 5220 Ἰωάννην
3329 5190 3344 5213 ,
3384 5151 3476 5202 καὶ
3523 5169 3618 5221 με-

2047 5232 2370 5305 μαρτύρηκε
2393 5235 2458 5302 τῇ
2495 5233 2742 5304 ἀληθεία.

2120 5316 2189 5369 54
2236 5315 2375 5383 Ἐγὼ
2421 5317 2474 5368 δὲ
2520 5318 2578 5368 ού
2628 5317 2777 5386 παρά
2835 5317 3122 5387 ἀνθρώπου
3180 5317 3277 5387 τὴν
3317 5318 3620 5388 μαρτυρίαν

2051 5399 2313 5468 λαμϐάνω
2334 5417 2346 5431 ⁸
2379 5401 2513 5454 ἀλλά
2543 5400 2717 5452 ταῦτα
2744 5400 2884 5468 λέγω
2910 5401 2996 5453 ἵνα
3033 5401 3190 5471 ὑμεῖς
3223 5402 3451 5471 σωθῆτε.

2116 5485 2186 5537 55
2227 5484 2463 5546 Ἐκεῖνος
2497 5480 2563 5553 ῆν
2597 5485 2624 5535 ό
2658 5484 2846 5553 λύχνος
2871 5487 2898 5538 ὁ
2929 5485 3211 5555 καιόμενος
3245 5487 3338 5538 καὶ
3374 5484 3580 5553 φαίνων
3603 5503 3616 5520 ο

2050 5569 2204 5636 ὑμεῖς
2232 5567 2287 5620 δὲ
2323 5567 2624 5637 ἠθελήσατε
2657 5567 3079 5640 ἁ·,ἀλ>,ιασθῆναι
3109 5570 3242 5642 πρὸς
3278 5568 3426 5641 ὤραν
3466 5576 3522 5628 ἐν
3550 5577 3624 5644 τις)

2053 5669 2188 5722 φωτί
2219 5668 2400 5706 αυτόν.
