3956 6202
411 248 509 301 ’τοι

1638 246 1848 295 αυΝΜ
1878 245 2246 294 νΑαυΡυιιί
2264 244 2377 292 AN!

3564 229 3667 283 792

415 374 648 432 parens;
675 357 785 416 Vos
832 366 1013 415 autem
1056 358 1122 412 ad
1171 355 1489 426 vertiginem
1523 355 1685 410 unius
1729 355 1973 411 volubilis

2100 354 2289 423 Ὑμεῖς
2320 354 2365 405 δ’
2399 352 2477 414 εἱς
2508 348 2875 421 στροφάλιγγα
2906 345 3034 417 μιῆς
3080 345 3380 416 ταχυδινέος
3415 343 3598 415 ὥρης,

412 448 584 515 horas,
609 449 717 519 56
746 448 894 504 Illius
922 444 1245 503 testimoniis
1282 443 1444 497 laetati
1483 444 1617 498 estis
1644 446 1982 514 apparentis,

409 540 585 609 Aquis
636 545 1012 592 coruscantem
1042 534 1337 604 gestientes
1370 533 1436 587 ad
1469 534 1770 599 lucernam,
1811 534 1984 605 Aquis

410 630 629 686 divinis.
658 628 726 683 36
756 626 981 682 Joannis
1009 632 1189 680 autem
1232 640 1366 681 voce
1410 625 1585 695 Majus
1611 626 1984 681 testimonium

410 722 585 775 habeo
605 759 619 784 ,
652 728 705 773 et
736 717 1081 787 praestantius
1126 717 1427 771 oraculum.
1452 717 1627 787 Opera
1664 718 1807 772 enim
1839 733 1985 787 quae-

409 824 627 879 cunque
657 807 808 861 dedit
854 805 1014 861 Pater
1059 821 1214 861 meus
1248 818 1307 861 ut
1336 807 1635 877 perﬁciam,
1664 807 1985 878 Loquuntur

405 913 504 965 per
530 913 588 951 se
625 896 917 949 clamantia
971 896 1227 966 loquente
1279 896 1409 951 tuba
1461 897 1699 951 silentii:
1734 896 1858 951 Haac
1898 914 1984 953 me

405 984 701 1053 praedicant
733 993 789 1039 et
831 994 1081 1040 eructant
1106 986 1315 1040 ﬁrmam
1341 1001 1547 1041 vocem.
1573 988 1643 1041 57
1670 986 1856 1057 Neque
1881 987 1981 1040 Pa-

402 1084 488 1129 ter
517 1090 603 1129 me
631 1075 849 1144 reliquit
883 1092 990 1129 non
1033 1077 1325 1146 praedicata
1355 1078 1592 1148 quodam
1618 1080 1856 1145 silentio,
1877 1080 1981 1144 Qui

404 1178 489 1218 me
510 1164 769 1234 praemisit
791 1181 820 1220 e
842 1167 995 1221 cmlis
1021 1185 1033 1220 :
1058 1168 1151 1220 sed
1174 1176 1226 1222 et
1248 1170 1363 1237 ipse
1394 1169 1763 1239 Loquentibus
1791 1171 1981 1225 oribus

402 1252 689 1322 «leiloquos
730 1270 827 1322 per
867 1256 1016 1310 viros
1050 1255 1447 1313 Testimonium
1487 1261 1666 1314 vivum
1700 1262 1980 1331 reciproco

401 1343 551 1397 dedit
590 1345 749 1407 libro,
771 1344 874 1409 Qui
903 1361 986 1399 me
1011 1348 1305 1416 prmmisit;
1339 1359 1393 1405 et
1418 1340 1656 1406 divinam
1699 1369 1977 1422 nunquam

400 1433 635 1487 formam
678 1434 857 1489 Patris
900 1436 1140 1500 vidistis,
1179 1447 1233 1494 et
1276 1456 1383 1493 non
1420 1442 1708 1497 audivistis
1749 1459 1937 1497 vocem
1962 1483 1975 1505 ,

398 1523 467 1577 58
507 1522 693 1594 Neque
727 1527 774 1579 el
810 1539 916 1578 non
950 1529 1263 1583 errantibus
1300 1533 1590 1587 custoditis
1616 1534 1840 1588 verbum
1882 1550 1979 1588 au.-

399 1613 573 1668 ribus.
602 1615 773 1680 Quem
805 1614 950 1669 enim
995 1634 1149 1674 mens
1186 1622 1451 1688 prmmisit
1484 1622 1642 1676 Pater
1679 1625 1973 1693 opitulato-

2090 440 2194 509 57
2216 440 2408 492 Κείνου
2438 438 2795 509 μαρτυρίῃσιν
2825 434 3212 504 ἐφαιδρύνασθε
3240 434 3526 502 φανέντος,

2090 530 2317 583 ’Ὑδασιν
2342 528 2744 599 ἀστράπτοντος
2770 524 3123 594 ἀγαλλόμενοι
3160 523 3307 594 παρά
3335 522 3561 593 λύχνου,

2088 621 2279 674 ’Ὕδασι
2312 619 2701 672 θεσπεσίοισιψ
2730 618 2798 671 56
2834 616 3083 669 Ἱωάνναο
3106 614 3162 666 δὲ
3193 614 3374 683 φωνῆς

2084 712 2322 774 Μείζονα
2357 709 2662 781 μαρτυρίην
2700 707 2939 778 μεθέπω,
2968 706 3062 759 καὶ
3095 705 3393 775 ὑπέρτερον
3422 705 3634 775 ὀμφήν.

2087 803 2266 872 Ἔργα
2287 801 2393 870 γὰρ
2421 800 2637 853 ὁππόσα
2665 799 2805 851 δῶκε
2845 798 3035 867 Πατὴρ
3071 797 3200 866 ἐμὸς
3226 796 3369 866 δφρα
3396 795 3665 859 τελέσσω,

2082 893 2379 959 Φθέγγεται
2407 890 2712 958 αύτοϐόητα
2734 888 2880 957 λάλῳ
2915 887 3173 954 σάλπιγγι
3208 888 3418 955 σιωπῆς
3442 899 3459 912 ·

2084 983 2270 1035 Ταῦτά
2305 998 2371 1051 με
2405 981 2705 1050 κηρύσσει,
2738 980 2831 1033 καὶ
2862 980 3145 1049 ἐρεύγεται
3172 976 3399 1046 ἔμπεδον
3429 976 3627 1045 αὐδήν.

2081 1077 2148 1130 57
2184 1076 2317 1129 Οὐδὲ
2350 1074 2539 1141 Πατήρ
2566 1089 2631 1141 με
2657 1071 2900 1122 λέλοιπεν
2926 1067 3221 1138 ἀκηρύκτῳ
3244 1068 3351 1119 τινὶ
3386 1069 3516 1134 σιγῇ
3535 1106 3552 1130 ,

2084 1168 2275 1227 Ὅστις
2300 1165 2397 1233 ἐμὲ
2425 1162 2693 1233 προέηκεν
2724 1161 2816 1214 ἀπ’
2845 1159 3055 1230 αἰθέρος
3080 1176 3095 1191 ·
3124 1158 3255 1211 ἀλλὰ
3283 1159 3377 1211 καὶ
3402 1158 3570 1220 αὐτὸς
3638 1219 3643 1227 ,

2079 1259 2469 1329 Φθεγγομένοις
2499 1258 2822 1327 στομάτεσσι
2850 1254 3201 1323 θεογλώσσων
3228 1254 3316 1307 διὰ
3355 1254 3557 1322 φωτῶν

2081 1351 2402 1422 Μαρτυρίην
2433 1348 2677 1412 ζώουσαν
2704 1346 2969 1417 ἀμοιϐαίῃ
3002 1345 3137 1415 πόρε
3168 1345 3337 1414 δέλτῳ
3356 1362 3370 1373 ·

2082 1444 2271 1503 Ὅστις
2304 1440 2403 1510 ἐμὲ
2431 1432 2668 1508 προέηκε
2695 1456 2708 1470 ·
2741 1439 2833 1491 καὶ
2862 1437 3040 1489 ἔνθεον
3069 1436 3262 1488 οὔποτε
3300 1436 3518 1506 μορφὴν

2080 1531 2290 1602 Πατρὸς
2322 1529 2646 1599 ἐθηήσασθε,
2676 1529 2769 1580 καὶ
2797 1528 2895 1580 ούκ
2920 1527 3186 1597 ἠκούσατε
3211 1526 3394 1595 φωνῆς
3418 1565 3433 1589 ,

2078 1622 2146 1676 58
2180 1622 2315 1675 Οὑδέ
2339 1623 2385 1673 οἱ
2413 1619 2739 1673 ἀπλανέεσσι
2768 1618 3067 1687 φυλάσσετε
3104 1616 3269 1687 μῦθον
3300 1618 3548 1677 ἀκουαῖς.

398 1719 512 1759 rem
550 1705 776 1772 mundo,
811 1707 930 1763 Non
958 1709 1127 1764 Deum
1170 1710 1363 1763 Filium
1403 1712 1666 1783 recipitis,
1702 1728 1801 1767 nec
1852 1712 1973 1766 mit-

2091 1716 2182 1766 Ὃν
2207 1714 2314 1781 γὰρ
2344 1712 2473 1782 ἐμὸς
2509 1712 2748 1782 προέηκε
2776 1709 2965 1779 Πατὴρ
2994 1709 3375 1779 χραισμήτορα
3403 1707 3616 1777 κόσμῳ,

398 1803 599 1850 tentem
631 1796 868 1852 Patrem.
895 1802 963 1855 '59
992 1801 1208 1871 Scripta
1233 1800 1693 1872 diviniloquorum
1721 1804 1979 1873 inquirite

395 1891 619 1943 oracula
668 1890 968 1955 librorum,
1003 1892 1058 1946 In
1095 1892 1295 1962 quibus
1324 1892 1525 1948 habere
1566 1895 1820 1962 speratis,
1844 1905 1980 1950 tem-

394 1973 547 2040 poris
593 1984 937 2031 recrescente
969 1976 1199 2037 circulo,
1232 1973 1412 2028 Vitam
1446 1991 1554 2029 non
1585 1979 1972 2046 temporalem:

395 2062 451 2114 in
476 2061 776 2132 Scripturis
801 2073 979 2119 autem
1000 2065 1089 2119 illa
1113 2064 1510 2120 Testimonium
1540 2067 1779 2121 clamant
1796 2084 1977 2122 meum

393 2152 787 2222 interpretante
812 2156 975 2210 verbo
1011 2154 1307 2210 lmmortali
1356 2156 1518 2223 tuba;
1553 2158 1621 2213 40
1654 2167 1708 2212 et
1757 2174 1865 2212 non
1903 2158 1979 2214 fe—

393 2245 613 2300 stinatis
648 2246 924 2302 discentes
956 2244 1271 2315 Seripturas
1305 2248 1612 2318 loquentes,
1644 2250 1881 2319 prompti
1910 2250 1976 2303 ad

391 2352 479 2391 me
506 2338 712 2392 venire.
745 2339 806 2391 41
839 2338 1111 2393 llonorern
1144 2340 1212 2392 ab
1244 2340 1559 2394 hominibus
1590 2355 1697 2393 non
1732 2341 1971 2409 recipio.

389 2428 460 2483 42
480 2427 585 2483 Sed
631 2431 860 2499 cognovi
882 2428 992 2483 Vos
1029 2430 1342 2484 inhumanis
1374 2432 1641 2494 moribus,
1678 2446 1855 2500 neque
1878 2432 1975 2485 Pa-

391 2523 491 2574 tris
511 2519 765 2574 Amorem
792 2520 1034 2575 caalestis
1064 2521 1293 2575 servatis
1318 2520 1560 2574 omnium
1596 2521 1760 2592 regis.
1787 2523 1855 2576 45
1882 2522 1977 2577 Ve-

389 2613 442 2667 ni
474 2628 576 2684 ego
605 2613 853 2669 clamans
887 2620 1172 2683 paternum
1211 2629 1411 2669 nomen
1446 2614 1681 2680 mundo,
1714 2614 1778 2668 Et
1802 2614 1972 2670 Deum

389 2719 497 2757 non
552 2719 637 2758 me
666 2703 928 2772 recipitis,
964 2718 1064 2758 nec
1095 2704 1320 2760 creditis
1367 2705 1516 2760 Patri
1550 2725 1562 2760 :
1602 2707 1658 2760 Si
1692 2722 1821 2761 vero
1851 2708 1974 2776 quis

389 2797 530 2850 alius
581 2796 795 2851 venerit
856 2795 1081 2863 spurius
1139 2794 1281 2850 falso
1334 2798 1653 2853 nominatus
1697 2797 1823 2863 vir,
1866 2797 1974 2852 Deo

387 2888 718 2951 contrarius,
760 2895 890 2941 tunc
918 2887 1069 2941 illum
1111 2887 1370 2942 infestum
1402 2888 1745 2959 deeeptorem
1777 2887 1971 2942 Statim

388 2993 676 3063 placabitis
714 2992 1027 3062 stupefacti,
1059 2999 1117 3046 ut
1156 2994 1280 3062 quis
1320 2993 1505 3049 dicere
1534 2995 1742 3064 possit:
1773 2992 1973 3064 Legiti-

388 3116 536 3154 mum
569 3101 932 3170 abnegarunt,
960 3100 1209 3169 spurium
1244 3106 1424 3154 autem
1456 3110 1781 3171 receperunt
1809 3115 1972 3170 appa-

388 3209 594 3256 rentem
614 3240 627 3254 .
654 3202 725 3255 44
753 3201 1039 3268 Quomodo
1077 3210 1258 3257 autem
1290 3217 1408 3265 me,
1438 3203 1712 3272 quomodo
1746 3204 1973 3273 potestis

389 3305 481 3361 Dei
520 3304 756 3361 Verbum
798 3305 993 3361 Filium
1035 3307 1305 3363 honorare
1328 3347 1342 3371 ,
1372 3307 1609 3363 Gloriam
1639 3310 1707 3363 ab
1741 3309 1972 3364 invicem

387 3418 812 3480 exspectantes;
858 3426 1037 3481 neque
1102 3426 1439 3482 cognoscere
1496 3411 1677 3468 Solius
1730 3414 1972 3468 omnium

387 3512 652 3581 genitoris
683 3508 774 3567 Dei
800 3512 1079 3583 inquiritis
1122 3513 1421 3569 honorem?
1442 3515 1551 3585 58
1590 3516 1660 3570 45
1687 3517 1832 3572 Sane
1858 3516 1974 3571 fru-

386 3625 501 3673 stra
524 3618 750 3683 timetis,
775 3620 1094 3675 aceusantia
1126 3621 1267 3675 labia
1301 3623 1520 3678 solvens
1550 3621 1804 3679 Vestram
1827 3625 1972 3694 quod

386 3722 590 3778 rabiem
642 3738 761 3777 meo
795 3723 1012 3778 Parenti
1060 3725 1403 3782 indicaturus
1434 3726 1559 3782 sim.
1594 3725 1706 3782 Vos
1744 3728 1797 3781 in
1830 3726 1975 3783 Seri-

386 3825 561 3897 pturis
599 3835 887 3883 accusator
932 3829 1073 3885 alius
1108 3830 1419 3901 redarguit,
1457 3830 1635 3887 Moses
1671 3833 1969 3907 legislator,

385 3933 682 4003 primarius
714 3935 1000 4005 propheta,
1033 3936 1086 3990 in
1135 3952 1245 4007 quo
1279 3938 1397 3992 solo
1438 3936 1575 4008 Spes
1611 3947 1807 3995 vestra:
1846 3940 1979 3996 ﬁde-

386 4039 484 4095 les.
511 4039 580 4096 46
613 4040 669 4095 Si
693 4042 839 4097 enim
878 4043 1024 4099 illius
1054 4042 1296 4119 Firmum
1325 4060 1433 4098 non
1464 4047 1777 4102 errantibus
1810 4063 1971 4118 repo-

385 4144 635 4201 suissetis
684 4146 907 4201 verbum
966 4147 1429 4213 auribus,Etiam
1485 4151 1620 4204 mihi
1673 4151 1970 4206 crederetis

386 4249 743 4319 conﬁdentes,
765 4251 834 4306 de
862 4268 949 4307 me
983 4253 1127 4308 enim
1161 4250 1390 4309 Divinus
1414 4255 1499 4307 vir
1530 4256 1754 4324 scripsit
1782 4271 1964 4309 verus.

2080 1802 2157 1857 Οὐ
2193 1801 2325 1855 Θεὸν
2354 1796 2460 1853 Υἷα
2485 1800 2723 1871 δέχεσθε,
2757 1802 2849 1853 καὶ
2886 1800 2947 1852 οὑ
2986 1798 3276 1868 πέμψαντα
3304 1797 3510 1866 Τοκῆα,

2076 1893 2143 1946 59
2168 1893 2395 1963 Γραπτά
2429 1891 2738 1963 θεορῤήτων
2765 1888 3065 1962 μαστεύετε
3090 1889 3333 1957 θέσφατα
3371 1889 3591 1958 βίϐλων,

2076 1977 2242 2055 τῌσιν
2289 1984 2432 2054 ἔχειν
2461 1983 2709 2047 ἐλπεσθε,
2744 1983 2937 2053 χρόνου
2978 1982 3295 2046 παλιναυξέῐ
3323 1981 3527 2049 κύκλῳ,

2077 2076 2230 2147 Ζωὴν
2258 2078 2320 2129 οὑ
2352 2075 2709 2147 μινύθουσανο
2744 2077 2823 2127 ἐνὶ
2846 2079 2884 2130 Γ
2887 2075 3170 2145 ραφίδεσσι
3195 2074 3251 2126 δὲ
3278 2076 3453 2127 κεῖναι

2076 2167 2398 2236 Μαρτυρίην
2420 2166 2642 2236 βοόωσιν
2671 2166 2810 2237 ἐμὴν
2836 2167 3138 2236 ὑποφήτορι
3176 2164 3332 2233 μύθῳ

2088 2256 2363 2324 Ἀθανάτῳ
2395 2254 2682 2324 σάλπιγγιο
2716 2256 2785 2309 40
2839 2256 2931 2308 καὶ
2962 2256 3021 2308 οὑ
3052 2254 3354 2326 σπέρχεσθε
3388 2252 3644 2324 μαθόντες

2074 2348 2385 2419 Γράμματα
2418 2348 2720 2418 φωνήεντα,
2751 2346 3041 2417 θελήμονες
3072 2348 3148 2408 εἰς
3182 2346 3280 2415 ἐμὲ
3321 2346 3539 2416 βαίνειν.

2072 2436 2137 2489 41
2183 2435 2359 2506 Τιμὴν
2396 2438 2461 2489 ἐκ
2496 2436 2749 2506 μερόπων
2802 2436 2859 2488 οὑ
2907 2435 3187 2507 δέχνυμαι.
3233 2435 3303 2489 42
3352 2434 3512 2488 Ἀλλά
3544 2451 3643 2486 που

3371 2526 3393 2597 [
3408 2526 3576 2594 ἔγνων

2088 2617 2291 2688 Ὑμέας
2325 2616 2669 2687 ἀστόργοισιν
2701 2618 2758 2669 ἐν
2792 2615 2996 2686 ἤθεσιν,
3029 2615 3149 2669 οὐδὲ
3177 2615 3385 2685 Τοκῆος

2072 2712 2296 2782 Φίλτρον
2329 2710 2670 2780 ἐπουρανίοιο
2705 2707 3007 2776 φυλάσσετε
3037 2706 3432 2776 παμϐασιλῆος.

2075 2804 2144 2857 45
2179 2798 2381 2855 Ἦλθον
2412 2800 2521 2870 ἐγὼ
2552 2800 2718 2870 βοόων
2748 2797 3021 2869 πατρώϊον
3052 2796 3259 2867 οὕνομα
3283 2798 3492 2866 κόσμῳ,

2075 2894 2182 2946 Καὶ
2211 2892 2342 2945 Θεὸν
2370 2890 2429 2944 οὔ
2472 2908 2539 2961 με
2566 2888 2806 2960 δέχεσθε,
2842 2890 2935 2941 καὶ
2961 2889 3021 2940 οὑ
3051 2887 3301 2940 πείθεσθε
3326 2888 3493 2957 Τοκῆῖ
3514 2905 3525 2915 ·

2074 2984 2137 3035 Εἰ
2160 2983 2215 3035 δέ
2237 3000 2319 3046 τις
2344 2982 2501 3045 ἄλλος
2552 2982 2722 3033 ἵκοιτο
2750 2980 2902 3043 νόθος
2927 2978 3278 3048 ψευδώνυμος
3304 2977 3461 3049 ἀνὴρ,

1997 3066 2043 3125 C
2085 3072 2351 3135 Ἀντίθεος
2376 3113 2391 3138 ,
2416 3072 2536 3123 τότε
2570 3073 2745 3123 κεῖνον
2776 3070 3033 3141 ἀνάρσιον
3058 3069 3349 3139 ἠπεροπῆά

2079 3164 2287 3216 Αὐτίκα
2319 3162 2661 3233 μειλίσσεσθε
2688 3156 3018 3233 τεθηπότες·
3046 3160 3187 3230 ὄφρα
3218 3177 3301 3222 τις
3327 3158 3454 3229 εἴπῃ
3488 3174 3502 3189 ο

2078 3254 2304 3325 Γνήσιον
2333 3254 2639 3324 ἠρνήσαντο
2667 3294 2682 3319 ,
2710 3253 2861 3306 νόθον
2887 3252 2929 3304 δ’
2967 3251 3212 3320 ἐδέχοντο
3251 3251 3503 3319 φανέντα.

2073 3344 2142 3397 44
2172 3343 2295 3406 Πῶς
2327 3343 2382 3395 δέ
2427 3360 2492 3413 με
2514 3383 2529 3407 ,
2570 3344 2687 3406 πῶς
2726 3343 2782 3395 δέ
2809 3340 3037 3394 δύνασθε
3066 3340 3200 3393 Θεοῦ
3228 3340 3401 3407 Λόγον
3425 3334 3526 3391 Υἴα
3552 3356 3633 3404 γεο

3297 3430 3309 3501 [
3334 3431 3535 3502 ραίρειν
3554 3469 3567 3491 ,

2070 3526 2248 3590 Κῦδος
2268 3527 2361 3581 ἀπ’
2385 3525 2629 3592 ἀλλήλων
2658 3525 3067 3595 ποτιδέγμενοι·
3094 3523 3214 3576 οὐδὲ
3246 3523 3439 3593 δαῆναι

2070 3616 2283 3671 Μούνου
2321 3616 2660 3685 παγγενέταο
2694 3615 2827 3669 Θεοῦ
2868 3615 3165 3685 μαστεύετε
3193 3615 3360 3684 τιμήν
3388 3630 3401 3678 ;

2071 3706 2179 3779 59
2207 3709 2275 3763 45
2300 3703 2376 3760 Ἦ
2402 3710 2471 3777 ρα
2505 3707 2679 3777 μάτην
2705 3706 2951 3771 ἕλπεσθε,
2980 3706 3257 3775 κατήγορα
3282 3704 3464 3772 χείλεα
3477 3698 3631 3761 λύσας

2082 3799 2318 3869 ’Υμείων
2348 3798 2428 3851 ὅτι
2456 3797 2658 3851 λύσσαν
2690 3797 2808 3868 ἐμῷ
2835 3797 3091 3867 Γενετῆρι
3127 3796 3325 3867 βοησω.

2085 3892 2289 3963 Ὗμέας
2315 3894 2372 3945 ἐν
2398 3890 2725 3963 Γραφίδεσσι
2750 3890 3053 3958 κατήγορος
3079 3888 3236 3950 ἄλλος
3259 3887 3491 3955 ἐλέγχει,

2074 3984 2280 4053 Μωσῆς
2312 3982 2664 4053 θεσμοθέτης,
2696 3980 3058 4051 πρωτόθροος,
3079 3972 3123 4045 ᾧ
3148 3978 3236 4030 ἐπὶ
3268 3977 3449 4047 μούνῳ

2089 4072 2332 4134 Ἐλπίδες
2353 4071 2554 4141 ὑμείων
2581 4069 2902 4131 θεοπειθέες.
2922 4068 2991 4121 46
3020 4069 3083 4120 Ei
3112 4068 3219 4139 γὰρ
3249 4067 3460 4119 ἐκείνου

2076 4164 2349 4233 Ἔμπεδον
2377 4164 2741 4217 ἀπλανέεσσιν
2771 4162 3003 4232 ἐθήκατε
3041 4162 3207 4233 μῦθον
3239 4164 3481 4229 ἀκουαῖς,

2072 4253 2179 4307 Καὶ
2204 4270 2299 4308 κεν
2333 4256 2446 4322 ἐμοὶ
2481 4254 2733 4308 πείθεσθε
2762 4254 3113 4324 πεποιθότες]
3142 4255 3277 4325 ἀμφ’
3308 4256 3505 4325 ἐμέθεν
3533 4257 3634 4325 γὰρ

1588 4402 1870 4458 TEXTUS
1908 4401 2437 4459 EVANGELISTJE.

360 4544 361 4547 “
454 4546 523 4605 56
560 4545 701 4615 Ἐγὼ
736 4545 793 4599 δέ
819 4544 927 4617 ἔχω
958 4546 1057 4617 τὴν
1095 4546 1398 4618 μαρτυρίαν
1445 4550 1615 4617 μείζω
1648 4550 1739 4601 τοῦ
1788 4550 1968 4603 Ἰωάν-
2001 4556 2044 4609 D
2143 4552 2201 4605 Μ
2253 4550 2419 4615 Δόξαν
2450 4551 2599 4619 παρὰ
2626 4550 2926 4621 ἀνθρώπων
2954 4552 3014 4603 ού
3044 4550 3337 4621 λαμϐάνω·

381 4648 473 4685 του
495 4648 508 4662 ο
531 4628 601 4683 τά
627 4629 736 4700 γὰρ
763 4629 900 4700 ἔργα
928 4629 964 4683 δι
989 4630 1154 4683 ἔδωκέ
1195 4648 1283 4700 μοι
1313 4633 1341 4683 ὁ
1368 4631 1559 4701 Πατὴρ
1586 4632 1671 4685 ἵνα
1694 4632 1964 4684 τελειώσω

378 4715 543 4780 αὑτὰ,
565 4715 705 4768 αὐτὰ
727 4714 799 4767 τὰ
834 4714 969 4785 ἔργα
991 4714 1027 4768 ἃ.
1056 4714 1165 4784 ἐγὼ
1196 4715 1351 4781 ποιῶ,
1385 4717 1655 4786 μαρτυρεῖ
1678 4716 1801 4784 περί
1827 4716 1959 4785 ἐμοῦ

380 4800 462 4853 ὅτι
489 4801 518 4853 ό
551 4799 703 4869 Πατή
714 4816 744 4868 ρ
775 4816 842 4869 με
869 4798 1198 4851 ἀπέσταλκε.

343 4930 347 4940 ,
451 4882 521 4937 57
562 4881 673 4935 Καὶ
703 4884 731 4934 ό
767 4881 990 4951 πέμψας
1027 4897 1093 4950 με
1128 4879 1338 4949 Πατὴρ,
1371 4879 1536 4943 αὐτὸς
1576 4881 1967 4951 μεμαρτύρηκε

389 4966 511 5033 περὶ
528 4964 686 5034 ἐμοῦ.
709 4962 843 5015 Οὔτε
873 4961 1055 5032 φωνὴν
1082 4960 1246 5013 αὑτοῦ
1278 4962 1554 5032 ἀκηκόατε
1579 4963 1819 5027 πώποτε,
1845 4963 1967 5016 οὔτε

383 5040 521 5110 εἶδος
554 5045 723 5100 αὐτοῦ
757 5048 1061 5117 ἑωράκατε.

451 5130 521 5185 58
558 5130 669 5183 Καὶ
716 5131 808 5184 τὸν
864 5129 1021 5197 λόγον
1070 5127 1238 5191 αὑτοῦ
1284 5130 1382 5181 οὐκ
1435 5128 1585 5198 ἔχετε
1637 5128 1865 5199 μένοντα
1910 5131 1966 5181 ἐν

384 5214 512 5284 ὑμῖν
531 5230 544 5243 ·
576 5214 658 5267 ὅτι
687 5214 749 5267 ὃν
778 5213 1097 5267 ἀπέστειλεν
1126 5213 1351 5276 ἐκεῖνος,
1379 5213 1552 5282 τούτῳ
1587 5212 1744 5281 ὑμεῖς
1776 5212 1838 5264 ού
1878 5229 1965 5264 πι-

382 5310 624 5350 στευετε.

447 5378 519 5434 59
563 5381 854 5452 Ἐρευνᾶτε
886 5379 985 5445 τὰς
1032 5380 1288 5451 Γραφάς,
1335 5382 1416 5433 ὅτι
1451 5382 1607 5449 ὑμεῖς
1652 5380 1855 5432 δοκεῖτε
1901 5382 1959 5431 ἐν

379 5461 574 5525 αὑταῖς
599 5464 743 5535 ζωὴν
768 5464 986 5518 αἰώνιον
1013 5466 1185 5536 ἔχειν·
1216 5463 1309 5517 καὶ
1335 5463 1539 5518 ἐκεῖναί
1570 5464 1707 5517 εἰσιν
1736 5464 1789 5517 αἱ
1823 5480 1961 5533 μαρ-

380 5541 643 5613 τυροῦσαι
671 5548 799 5617 περὶ
835 5548 991 5618 ἐμοῦ.

458 5626 530 5687 40
566 5625 679 5682 Καὶ
706 5630 767 5681 οὑ
790 5630 970 5686 θέλετε
1005 5632 1175 5686 ἐλθεῖν
1215 5631 1345 5697 πρός
1380 5647 1470 5694 με,
1498 5629 1579 5680 ἵνα
1606 5629 1751 5691 ζωὴν
1783 5628 1960 5695 ἔχητε.

2139 4634 2208 4687 42
2252 4634 2392 4685 Ἀλλ’
2442 4632 2658 4699 ἔγνωκα
2694 4635 2838 4700 ὑμᾶς
2870 4636 2951 4688 ὅτι
2986 4633 3083 4704 τὴν
3125 4634 3345 4703 ἀγάπην
3381 4633 3476 4686 τοῦ
3503 4633 3635 4688 Θεοῦ

2066 4718 2167 4770 οὐκ
2199 4717 2350 4786 ἔχετε
2376 4717 2432 4767 ἐν
2458 4717 2689 4778 ἑαυτοῖς.
3076 4777 3085 4785 ε

2136 4800 2205 4851 43
2248 4796 2387 4865 Ἐγὼ
2424 4797 2658 4867 ἐλήλυθα
2685 4799 2741 4850 ἐν
2770 4798 2846 4869 τῷ
2874 4800 3098 4868 ὀνόματι
3137 4800 3228 4851 τοῦ
3264 4800 3476 4869 Πατρός
3512 4818 3631 4869 μου,

2064 4882 2158 4934 καὶ
2186 4881 2245 4933 ού
2273 4879 2580 4951 λαμϐάνετέ
2613 4899 2679 4951 με
2698 4899 2713 4913 ο
2746 4882 2840 4935 ὲάν
2870 4882 3030 4945 ἄλλος
3064 4882 3192 4953 ἔλθῃ
3226 4884 3282 4934 ἐν
3309 4881 3386 4951 τῷ
3417 4882 3639 4953 ὀνόματι

2061 4964 2139 5034 τῷ
2167 4965 2309 5034 ἰδίῳ,
2334 4966 2541 5016 ἐκεῖνον
2573 4963 2829 5033 λήψεσθε.

2130 5048 2200 5099 44
2242 5047 2365 5109 Πῶς
2395 5046 2624 5099 δύνασθε
2648 5048 2804 5116 ὑμεῖς
2830 5047 3139 5109 πιστεῦσαι,
3176 5046 3332 5109 δόξαν
3365 5047 3518 5115 παρά
3546 5045 3635 5098 ἀλ-

2062 5128 2240 5198 λήλων
2274 5129 2665 5198 λαμϐάνοντες,
2718 5132 2813 5183 καὶ
2852 5131 2954 5200 τὴν
2995 5127 3153 5191 δόξαν
3202 5129 3302 5198 τὴν
3351 5130 3501 5199 παρὰ
3544 5126 3632 5181 τοῦ

2067 5213 2226 5281 μόνου
2252 5210 2388 5263 Θεοῦ
2414 5212 2474 5263 ού
2503 5212 2749 5283 ζητεῖτες

2129 5296 2199 5348 45
2237 5294 2327 5364 Μὴ
2349 5295 2553 5346 δοκεῖτε
2581 5295 2659 5345 ὅτι
2687 5293 2795 5360 ἐγὼ
2821 5295 3183 5364 κατηγορήσω
3208 5293 3359 5362 ὑμῶν
3385 5291 3523 5363 πρὸς
3546 5291 3632 5343 τὸν

2061 5378 2307 5447 Πατέρα·
2345 5376 2490 5429 ἐστιν
2527 5379 2555 5429 ὁ
2602 5377 2924 5446 κατηγορῶν
2966 5378 3140 5446 ὑμῶν,
3182 5377 3413 5446 Μωσῆς,
3458 5376 3539 5438 εἰς
3574 5372 3631 5425 δν

2061 5463 2218 5530 ὑμεῖς
2241 5460 2503 5529 ἠλπίκατε
2523 5475 2535 5487 ·

2130 5543 2200 5596 46
2239 5544 2299 5595 Et
2328 5543 2434 5612 γὰρ
2470 5541 2779 5594 ἐπιστεύετε
2812 5543 3004 5611 Άῖωσῇ,
3041 5541 3353 5595 ἐπιστεύετε
3388 5539 3455 5595 ἂν
3482 5528 3619 5603 ἐμοί’

2066 5627 2191 5695 περὶ
2216 5625 2323 5695 γὰρ
2352 5624 2483 5697 ἐμοῦ
2516 5625 2718 5688 ἐκεῖνος
2745 5624 2943 5697 ἔγραψε
2956 5642 2996 5677 ν.
