3956 6202
225 309 323 365 795
1169 322 1660 386 PARAPIIRASIS
1701 331 1767 387 IN
1805 333 2148 395 JOANNEM.
2189 371 2256 380 —-
2293 342 2446 400 CAP.
2484 343 2572 408 Vl.

209 425 361 533 fsto;
383 424 524 496 ἀνὴρ
547 423 789 533 ἔγραψεν
819 429 1107 501 ἐτήτυμος.
1143 435 1212 488 67
1239 436 1300 490 Et
1332 437 1377 489 δ’
1410 440 1519 508 ἄρα
1543 441 1721 496 κείνου

1897 447 1964 501 47
1993 447 2050 502 Si
2097 465 2230 504 vero
2266 451 2410 508 illius
2461 441 2691 525 Scriptis
2735 471 2844 511 non
2893 459 3140 527 creditis,
3181 479 3299 533 qua:
3331 467 3471 520 llcus

208 517 536 589 Γράμμασιν
570 519 634 571 οὐ
659 519 935 585 πείθεσθε,
964 525 1143 595 τάπερ
1171 527 1304 592 Θεὸς
1329 528 1517 583 ώπασε
1546 533 1756 605 κόσμῳ,

206 608 422 664 Μᾶλλον
448 609 774 679 ἀκηλήτοισι
805 613 972 666 πόθεν
1002 615 1241 682 δέξοισθε
1274 625 1552 690 μενοιναῖς

206 698 490 841 ’ἔγραφον
512 699 804 770 ἡμετέρων
838 705 1126 774 στομάτων
1151 708 1363 775 ἀΐοντες
1395 714 1558 785 ίωήν;

205 787 228 807 '
270 804 456 841 ννεπε.

270 804 434 842 ννεπε
441 828 456 844 ο

839 906 1002 961 ΚΕΦ.
1060 911 1151 976 ς’.

372 1016 398 1070 1
445 1015 553 1069 Καὶ
589 1017 886 1087 μετέπειτα
921 1021 1098 1092 πέρην
1126 1024 1445 1096 Τιϐεριάδος
1470 1031 1651 1104 ἆλμης

194 1103 307 1176 Νηῖ
342 1105 666 1178 πολυκλήϊδι
703 1108 894 1178 ταμὼν
922 1110 1194 1166 ἀντώπιον
1218 1115 1385 1190 ὕδωρ,

195 1196 236 1250 Γ
237 1198 421 1252 είτονα
445 1201 608 1267 γαῖαν
643 1199 816 1254 ἔδυνε.
843 1201 878 1254 2
908 1204 1300 1261 Συνεσσεύοντο
1331 1211 1388 1262 δὲ
1423 1211 1542 1266 λαοὶ

193 1287 463 1359 Θαύματα
493 1292 916 1360 παπταίνοντες,
950 1295 1093 1365 ἆπερ
1120 1299 1298 1369 κάμεν
1328 1303 1485 1371 ὴθάδι
1509 1306 1682 1377 μύθῳ,

204 1383 498 1454 Ῥυόμενος
527 1385 862 1458 βαρύνουσον
903 1390 1288 1460 ίμασσομένων
1321 1396 1490 1467 δέμας
1517 1401 1746 1471 ἀνδρῶν.

193 1475 226 1528 3
253 1475 371 1528 Καὶ
390 1475 621 1530 δαπέδου
653 1477 940 1547 λοφόεντος
963 1485 1214 1554 ὲρημάδα
1241 1485 1411 1550 πέζαν
1449 1489 1672 1557 ὁδεύων,

196 1564 289 1627 Εἰς
321 1564 450 1635 ὅρος
482 1566 815 1638 ὑψικάρηνον
857 1571 1012 1642 ἀνήῖε
1033 1589 1047 1602 '
1078 1578 1392 1647 μεσσοφανῆ
1421 1579 1476 1630 δὲ

205 1656 499 1727 Ἐζόμενον
535 1661 868 1730 στεφανηδὸν
901 1665 1278 1720 ἐκυκλώσαντο
1309 1670 1569 1739 μαθηταί.

191 1748 224 1801 4
248 1750 362 1801 Καὶ
399 1749 584 1819 σχεδὸν
619 1748 918 1820 Ἐϐραίοισι
944 1753 1224 1825 φιλόργιος
1253 1753 1350 1828 ἦεν
1386 1759 1570 1830 ἑορτὴ,

1902 541 2133 608 praebuit
2174 544 2398 609 mundo,
2429 545 2598 615 Magis
2635 549 3073 607 intractabilibus
3100 558 3370 616 quomodo
3404 575 3486 612 re-

1897 629 2114 692 cipietis
2157 631 2432 686 mentibus
2459 630 2576 687 Non
2608 637 2866 707 scriptam
2896 640 3071 696 nostri
3104 636 3219 694 oris
3257 644 3484 701 audiet!-

1899 726 1982 774 tes
2003 734 2185 776 vocem
2209 722 2232 775 ?
2263 720 2424 779 Dixit.

2537 927 2688 983 CAP.
2733 928 2819 984 Vl.

1965 1035 1987 1087 1
2035 1034 2101 1088 Ει
2131 1036 2386 1107 deinceps
2418 1046 2570 1094 trans
2599 1039 2905 1096 Tiberiadis
2934 1057 3084 1098 mare
3112 1044 3243 1100 Navi
3273 1048 3474 1107 multos

1890 1128 2076 1184 clavos
2118 1129 2348 1183 habente
2395 1147 2591 1185 secans
2620 1133 2924 1200 oppositam
2961 1149 3188 1204 aquam,
3227 1137 3471 1194 Vicinam

1890 1226 2090 1273 terram
2133 1220 2324 1276 subiit.
2363 1221 2398 1272 2
2440 1220 2615 1273 Simul
2654 1223 3033 1276 concitabatur
3073 1234 3252 1281 autem
3298 1244 3475 1298 popu-

1889 1311 1975 1365 lus
1997 1351 2012 1375 ,
2047 1310 2310 1364 Miracula
2353 1312 2546 1367 videns
2576 1328 2697 1382 qum
2735 1313 2862 1368 fecit
2905 1326 3171 1372 consueto
3201 1332 3472 1383 sermone,

1887 1400 2153 1456 Liberans
2178 1402 2416 1471 graviter
2447 1412 2721 1471 aegrotans
2750 1403 3072 1458 afllictorum
3102 1422 3302 1476 corpus
3333 1410 3473 1464 viro-

1885 1507 2030 1544 rum.
2047 1493 2080 1545 5
2095 1491 2158 1543 Ει
2171 1492 2272 1546 soli
2288 1492 2546 1546 tumulosi
2564 1491 2837 1546 desertam
2852 1494 3127 1561 regionem
3147 1497 3468 1563 pervadens,

1886 1580 1942 1634 In
1987 1588 2228 1634 montem
2277 1581 2594 1650 alticipitem
2636 1582 2920 1647 ascendit;
2959 1583 3012 1636 in
3059 1584 3241 1637 medio
3289 1592 3468 1637 autem

1886 1680 2240 1740 apparentem
2283 1671 2571 1727 Sedentem
2615 1688 2837 1727 coronae
2877 1675 3051 1728 instar
3090 1676 3469 1730 circumdede-

1888 1770 2016 1815 runt
2043 1760 2323 1830 discipuli.
2354 1762 2388 1814 4
2428 1761 2493 1815 Et
2528 1777 2695 1832 prope
2734 1762 2977 1818 Hebraeis
3017 1765 3293 1834 orgiorum
3321 1765 3472 1833 cupi-

190 1837 388 1908 Πάσχα
421 1839 594 1910 τόπερ
621 1840 894 1894 καλέουσι.
930 1844 964 1898 5
993 1845 1074 1896 Δι’
1098 1847 1399 1918 εὐδένδροιο
1423 1849 1479 1902 δὲ
1502 1851 1710 1922 λόχμης

1889 1851 2015 1904 dum
2049 1862 2167 1905 erat
2206 1853 2426 1914 festum,
2460 1852 2671 1908 Pascha
2702 1856 2848 1923 quod
2894 1864 3109 1910 vocant.
3136 1856 3169 1908 5
3206 1855 3308 1909 l’er
3337 1856 3471 1909 den-

137 1948 148 1960 ·
201 1929 546 2000 ὀφθαλμοὺς
575 1931 817 2002 ἀνάειρε,
853 1935 950 1988 καὶ
973 1936 1208 1991 ἄσπετον
1231 1939 1390 1994 ἄλλον
1417 1943 1501 1992 ἐπ’
1527 1943 1671 2013 ἄλλῳ

196 2019 460 2090 Ἔδρακεν
486 2018 876 2088 άγχικέλευθον
903 2025 1145 2096 ἐπήλυδα
1175 2029 1300 2081 λαὸν
1329 2030 1530 2100 ὁδίτην.

206 2109 493 2180 Ἑξόμενον
519 2111 577 2164 δὲ
601 2112 866 2167 Φίλιππον
889 2114 962 2186 ἑῷ
993 2117 1270 2187 μειλίξατο
1301 2122 1456 2192 μύθῳ
1474 2139 1489 2153 ο

187 2203 344 2267 Εἰπὲ,
384 2203 549 2257 πόθεν
576 2205 886 2275 πριόμεσθα
916 2209 1310 2281 πολυσπερέων
1339 2213 1496 2282 χύσιν
1525 2214 1704 2284 ἄρτων

196 2295 452 2365 Ἀνδράσι
480 2297 878 2362 τοσσατίοισιν;
907 2298 940 2352 6
976 2299 1101 2370 Ἑὴν
1129 2301 1172 2353 δ’
1203 2301 1443 2372 ἔκρυπτε
1466 2307 1736 2378 μενοινὴν,

181 2385 290 2439 Καὶ
326 2386 448 2441 νόον
471 2387 847 2456 ἀγνώσσοντος
874 2390 1189 2463 ἐπειρήτιζε
1215 2395 1484 2448 Φιλίππου
1512 2413 1526 2428 ·

178 2477 355 2541 Αὐτὸς
387 2478 496 2550 γὰρ
522 2478 752 2550 δεδάηκε
782 2483 955 2555 τόπερ
984 2483 1186 2554 ἤμελλε
1214 2485 1487 2542 τελέσσαι.

179 2569 209 2621 7
244 2570 552 2640 Ἀσχολόων
582 2573 640 2624 δὲ
662 2573 928 2638 Φίλιππος
949 2576 1176 2646 ὲμίγνυε
1200 2576 1439 2648 θαύματι
1465 2580 1648 2650 φωνήν
1665 2595 1678 2610 ·

175 2660 324 2715 Δαδν
358 2661 477 2715 ἴσον
506 2661 808 2732 ψαμάθοισι
839 2663 1130 2735 διηκοσίων
1152 2667 1262 2720 τινὶ
1291 2667 1477 2739 μέτρῳ

181 2753 379 2825 ’Δρτοι
410 2754 702 2826 δηναρίων,
730 2757 831 2811 οὐκ
869 2759 1050 2829 ἄρκιοί
1073 2760 1181 2812 είσι
1205 2761 1486 2830 κορέσσαι,

179 2844 371 2914 ὐφρα
393 2861 454 2897 κε
480 2845 633 2916 βαιὸν
654 2847 882 2911 ἕκαστος
905 2847 1005 2921 ἔχῃ
1031 2850 1218 2922 μέρος.
1244 2845 1391 2913 8Ἑῖς
1412 2852 1470 2904 δέ
1491 2868 1574 2915 τις
1591 2849 1762 2906 αὐτῶ.

187 2935 493 3006 Ἀγχιθέων
521 2938 734 3010 ἑτάρων
763 2940 1059 3010 εὐάγγελον
1091 2943 1210 3012 ἴαχε
1244 2942 1457 3014 φωνὴν,

185 3027 495 3099 Ἀνδρείας,
520 3031 751 3100 Βασιλῆῖ
782 3032 921 3102 χέων
951 3033 1300 3103 φερέδειπνον
1335 3035 1487 3105 ίωὴν,

171 3119 285 3190 60
320 3121 664 3193 ’Υγροπόρου
689 3123 932 3195 Σίμωνος
965 3125 1222 3196 ἀδελφεὸς
1253 3126 1569 3199 ίχθυϐολῆος
1588 3147 1602 3161 ·

173 3211 207 3263 9
235 3212 400 3264 Ἐστι
425 3229 511 3276 τις
534 3213 722 3267 ἐνθάδε
753 3216 948 3286 κοῦρος
991 3215 1130 3286 ἔχων
1153 3217 1454 3289 κριθώδεας
1483 3221 1682 3292 ἄρτους

175 3303 373 3367 Πέντε,
404 3304 499 3357 καὶ
524 3305 824 3376 άγχιπόρου
851 3306 1178 3378 διδυμάονας
1211 3309 1401 3380 ἰχθύας
1432 3311 1633 3384 ἅλμης,

189 3391 405 3462 Ἰχθύας
429 3395 726 3460 ὀπταλέους
751 3397 1098 3466 διδυμάονας·
1123 3399 1260 3453 ἀλλὰ
1289 3400 1340 3453 τί
1376 3400 1522 3474 ῥέξει

176 3483 370 3539 Ταῦτα
399 3487 772 3560 πολυγλώσσῳ
805 3491 1188 3563 μεμερισμένα
1216 3492 1410 3563 σύζυγι
1438 3495 1551 3566 λαῷ
1576 3512 1590 3560 ;

182 3572 248 3626 10
283 3575 495 3644 Ἰησοῦς
515 3577 560 3629 δ’
590 3578 876 3632 ἐκέλευσεν
905 3582 1330 3652 ἐτοιμοτάτοισιν
1361 3585 1621 3656 ἑταίροις,

182 3664 414 3719 Κλίνατε
446 3667 790 3737 δαιτυμόνων
829 3670 1065 3740 μιγάδας
1089 3673 1280 3742 στίχας
1315 3673 1476 3742 ὑψόθι
1510 3675 1698 3746 γαίης.

181 3750 286 3808 Ἦν
313 3757 374 3810 δέ
403 3775 487 3821 τις
519 3759 708 3812 αὐτόθι
737 3760 930 3832 χόρτος
959 3763 1245 3835 ἀπείριτος
1263 3780 1276 3794 ·
1314 3765 1638 3837 ἀμφιλαφὴς
1666 3765 1723 3818 δὲ

175 3850 507 3920 Σύμπλοκος
539 3853 706 3922 ἐσμὸς
729 3853 825 3925 ἔην
857 3856 1180 3928 ὀμοδόρπιος
1205 3858 1364 3928 ὑψόθι
1392 3859 1578 3928 γαίης.

178 3939 348 3993 Πέντε
380 3941 438 3994 δὲ
465 3941 701 4011 χιλιάδες
736 3945 1042 4009 πολυειδέες
1066 3943 1208 4018 ἦσαν
1236 3948 1459 4020 ἀριθμῷ

174 4031 534 4102 Δαιτυμόνων
551 4076 568 4101 ,
596 4036 690 4088 καὶ
718 4036 950 4102 ἕκαστος
977 4039 1216 4110 ὲρείδετο
1245 4041 1448 4108 γείτονι
1482 4040 1666 4112 τοίχῳ,

175 4122 507 4194 Κεκλιμένοι
535 4128 816 4197 στοιχηδὸν
848 4130 938 4182 ἐπ’
961 4131 1284 4185 εὐπετάλοιο
1316 4133 1600 4204 τραπέζης

171 4215 526 4289 Μηκεδανῆς.
553 4219 615 4274 ﬂ
640 4221 750 4274 Καὶ
775 4221 938 4276 πέντε
964 4222 1147 4278 λαϐὼν
1175 4224 1478 4296 κριθώδεας
1504 4226 1702 4297 ἄρτους

1884 1958 1999 1998 sam
2019 1952 2198 1996 autem
2220 1944 2415 1998 silvam
2433 1943 2632 1999 Oculos
2655 1946 2899 2010 sustulit,
2923 1955 2976 1999 et
3003 1945 3275 1999 inﬁnitum
3299 1946 3468 1998 alium

1883 2042 2008 2103 post
2035 2034 2200 2086 alium
2237 2032 2387 2088 Vidit
2413 2035 2653 2088 vicinum
2686 2035 2950 2090 advenam
2997 2035 3258 2103 populum
3289 2034 3468 2086 viato-

1885 2140 2019 2180 rem.
2061 2124 2353 2180 Sedentem
2386 2133 2566 2179 autem
2592 2124 2904 2194 Philippum
2937 2140 3038 2180 suo
3066 2124 3324 2178 demulsit
3353 2138 3470 2178 ser-

1883 2230 2069 2269 mone:
2111 2214 2226 2279 Dic,
2261 2215 2404 2268 unde
2429 2230 2674 2270 emeinus
2707 2216 3002 2268 multorum
3039 2214 3308 2268 seminum
3334 2213 3469 2268 [lno-

1882 2321 1997 2360 rcm
2049 2320 2248 2374 panum
2303 2303 2450 2358 Viris
2494 2305 2608 2358 tot?
2653 2305 2686 2358 6
2723 2305 2889 2358 Suam
2935 2311 3118 2358 autem
3171 2304 3468 2358 occultavit

1882 2397 2230 2460 sententiam,
2260 2396 2324 2449 Et
2347 2403 2582 2450 mentem
2614 2395 2918 2464 ignorantis
2946 2397 3176 2449 tentavit
3206 2394 3465 2465 Philippi;

1881 2484 2002 2554 Ipse
2046 2485 2192 2539 enim
2242 2486 2446 2540 sciebat
2495 2483 2628 2554 quid
2666 2491 2813 2538 esset
2859 2483 3130 2536 facturus.
3179 2483 3209 2534 7
3255 2485 3468 2536 Anxius

1881 2593 2010 2632 vero
2035 2575 2323 2646 Philippus
2349 2576 2613 2632 miscebat
2647 2575 3000 2629 admirationi
3029 2589 3254 2628 vocem:
3287 2575 3468 2643 Popu-

1880 2670 1992 2724 lum
2021 2671 2284 2739 aequalem
2319 2670 2502 2723 arenis
2534 2668 2897 2728 ducentorum
2927 2667 3165 2736 quadam
3207 2679 3468 2721 mensura

1878 2760 2055 2815 Panes
2084 2761 2436 2814 denariorum
2483 2775 2591 2812 non
2631 2759 2962 2814 sull‘icientes
3005 2769 3136 2813 sunt
3183 2769 3464 2824 saturare,

1880 2850 1952 2906 Ut
1979 2852 2234 2922 exiguam
2266 2850 2494 2919 quilibet
2525 2850 2722 2904 habeat
2753 2857 2983 2918 partem.
3021 2849 3054 2904 8
3095 2847 3248 2903 Unus
3281 2858 3464 2903 autem

1879 2944 2123 3013 ipsorum
2153 2941 2473 2996 Divinarum
2504 2943 2782 2996 sociorum
2821 2941 2926 2995 laeti
2951 2941 3128 2994 nuntii
3153 2939 3339 2994 sonuit
3367 2953 3465 2991 vo-

1878 3051 2019 3099 cem,
2053 3034 2321 3097 Andreas,
2357 3032 2488 3102 Regi
2546 3032 2784 3088 fundens
2842 3031 3055 3102 prandii
3087 3031 3331 3086 altricem
3363 3046 3464 3085 vo-

1877 3142 2017 3190 cem,
2044 3127 2148 3197 61
2187 3127 2246 3180 In
2274 3125 2432 3195 aquis
2463 3125 2737 3180 versantis
2760 3122 3004 3178 Simonis
3028 3123 3194 3178 frater
3226 3123 3467 3192 piscato-

1877 3219 1989 3274 ris:
2013 3219 2047 3273 9
2079 3217 2177 3274 Est
2197 3217 2417 3288 quidam
2442 3216 2530 3270 hic
2552 3231 2685 3286 puer
2707 3215 2914 3270 habens
2938 3214 3275 3270 hordeaceus
3297 3229 3467 3283 panes

1877 3311 2154 3379 Quinque,
2185 3320 2237 3365 et
2269 3309 2437 3363 vicini
2463 3307 2604 3363 duos
2636 3307 2816 3376 pisces
2853 3306 3045 3371 maris,
3082 3304 3268 3360 Pisces
3307 3320 3467 3360 assos

1878 3404 2159 3472 duplices;
2201 3402 2298 3457 sed
2339 3403 2471 3472 quid
2523 3400 2726 3454 facient
2772 3398 2896 3453 llaec
2937 3398 3260 3468 mnlliloquo
3291 3397 3468 3452 divisa

1880 3495 2176 3564 conjuncto
2201 3493 2442 3564 populo?
2475 3493 2543 3546 10
2567 3491 2730 3548 .lesus
2761 3501 2941 3545 autem
2973 3489 3139 3559 jussit
3167 3490 3468 3558 promptis-

1883 3601 2042 3658 simis
2071 3598 2534 3660 sociis,lnclinate
2576 3596 2989 3653 convivantium
3025 3593 3220 3648 mistos
3246 3593 3470 3648 ordines

1880 3721 2048 3775 super
2089 3712 2315 3758 terram.
2372 3701 2501 3755 Erat
2548 3707 2730 3754 autem
2773 3699 2846 3753 ibi
2893 3712 3116 3768 gramen
3159 3695 3465 3760 inﬁnitum;

1875 3811 2134 3878 c0piosus
2183 3821 2313 3862 vero
2359 3804 2734 3873 Complicatus
2780 3809 2960 3856 coetus
3014 3807 3135 3854 erat
3187 3800 3470 3853 convictor

1875 3924 2042 3979 super
2075 3916 2303 3962 terram.
2352 3905 2606 3975 Quinque
2645 3913 2826 3959 autem
2857 3902 3027 3956 millia
3060 3901 3224 3955 varia:
3261 3901 3467 3970 speciei

1871 4021 2030 4066 erant
2059 4026 2286 4065 numero
2307 4011 2612 4066 Convivant
2639 4025 2750 4074 um,
2784 4016 2840 4063 et
2868 4006 3098 4078 quilibet
3125 4004 3466 4059 innitebatur

1873 4120 2123 4190 proximo
2158 4117 2379 4188 parieti,
2433 4113 2841 4170 Rccumbentcs
2881 4111 3076 4167 ordine
3117 4124 3284 4180 super
3319 4108 3464 4163 vire-

1875 4230 2120 4279 sccntem
2155 4236 2407 4278 mensam
2456 4219 2722 4290 Longam.
2776 4219 2836 4273 Η
2880 4217 2944 4271 Et
2972 4215 3216 4287 quinque
3243 4226 3465 4269 sumens

1389 4377 1623 4436 TEXTU
1637 4378 1675 4433 S
1713 4379 1850 4435 EVA
1863 4378 2248 4436 NGELISTE.

248 4490 323 4545 4⁸1
356 4491 422 4545 Et
467 4491 526 4545 δὲ
574 4507 688 4557 τοις
737 4493 948 4547 ἐκείνου
979 4495 1303 4567 γράμμασιν
1350 4495 1411 4548 οὐ
1447 4495 1772 4562 πιστεύετε,
1810 4499 1850 4553 Ι)
1951 4495 1982 4546 7
2043 4495 2344 4566 Ἀπεκρίθη
2395 4496 2544 4567 αὐτῷ
2591 4495 2890 4557 Φίλιππος·
2953 4490 3253 4544 Διακοσίων
3303 4489 3468 4559 δηνα-

177 4572 304 4640 πῶς
332 4579 445 4640 τοῖς
479 4575 637 4646 ἐμοῖς
673 4578 883 4648 ῥήμασι
915 4578 1238 4632 πιστεύσετε
1265 4597 1278 4645 ;

247 4740 277 4794 1
324 4740 480 4795 Μετὰ
506 4741 683 4796 ταῦτα
718 4661 1016 4813 άπῆιλῗθῖῗό
1036 4663 1264 4814 ῆησοῧς
1313 4743 1488 4816 πέραν
1535 4746 1634 4816 τῆς
1675 4746 1777 4800 θα-

166 4823 385 4894 λάσσης
414 4825 517 4894 τῆς
547 4825 841 4890 Γαλιλαίας
872 4827 970 4897 τῆς
997 4827 1337 4899 Τιϐεριάδος.

243 4907 285 4960 2
329 4908 440 4961 Καὶ
485 4907 772 4976 ἠκολούθει
816 4910 967 4980 αὐτῷ
1019 4910 1175 4980 ὄχλος
1219 4911 1418 4975 πολὺς,
1454 4913 1536 4964 ὅτι
1587 4913 1775 4984 ἐώρων
1827 4957 1831 4961 «

165 4989 349 5046 αὑτοῦ
383 4991 452 5045 τὰ
495 4996 700 5062 σημεῖα
725 4993 762 5048 ἃ
781 4994 956 5048 ἐποίει
978 4995 1072 5048 ἐπὶ
1101 4996 1211 5048 τῶν
1249 4995 1641 5049 ἀσθενούντων.

248 5075 290 5128 3
335 5074 564 5145 Ἀνῆλθε
601 5077 698 5129 καὶ
745 5080 826 5140 εἰς
875 5079 935 5130 τὸ
982 5078 1108 5150 ὄρος
1161 5081 1190 5132 6
1220 5079 1467 5149 Ἰησοῦς,
1509 5080 1605 5132 καὶ
1663 5079 1782 5133 ἐκεῖ

161 5155 420 5225 ἐκάθητο
450 5157 591 5228 μετὰ
625 5159 733 5214 τῶν
767 5161 1028 5232 μαθητῶν
1058 5161 1250 5218 αὐτοῦ.

234 5239 278 5293 4
317 5235 424 5292 Ἦν
447 5241 504 5294 δὲ
531 5244 700 5310 ἐγγὺς
735 5243 796 5296 τὸ
821 5245 1028 5314 πάσχα,
1058 5247 1091 5316 ή
1115 5245 1276 5315 ἑορτὴ
1301 5245 1410 5298 τῶν
1447 5245 1733 5300 Ἰουδαίων.

241 5323 284 5376 5
335 5323 578 5397 Ἥπάρας
628 5322 721 5379 οὖν
773 5328 802 5380 ό
854 5329 1060 5398 Ἰησοῦς
1111 5331 1238 5392 τοὺς
1281 5328 1635 5399 ὀφθαλμοὺς.
1681 5331 1777 5384 καὶ

159 5406 520 5476 θεασάμενος
561 5409 645 5462 ὅτι
708 5409 875 5474 πολὺς
923 5411 1082 5481 ὄχλος
1128 5412 1349 5482 ἔρχεται
1395 5412 1532 5482 πρὸς
1574 5413 1765 5478 αὐτὸν,

159 5486 337 5557 λέγει
368 5489 505 5560 πρὸς
527 5489 621 5544 τὸν
647 5493 919 5548 Φίλιππον
937 5511 950 5526 ο
985 5494 1158 5548 Πόθεν
1187 5495 1532 5567 άγοράσομεν
1553 5496 1770 5567 ἄρτους,

159 5569 262 5624 ἵνα
299 5571 552 5640 φάγωσιν
583 5569 730 5629 οὗτοι
751 5593 765 5641 ;

242 5658 284 5711 6
328 5654 538 5723 (Τοῦτο
583 5657 640 5711 δὲ
692 5658 846 5728 ἔλεγε
899 5661 1174 5734 πειράζων
1220 5662 1414 5716 αὐτόν·
1456 5663 1616 5726 αὐτὸς
1663 5664 1768 5734 γὰρ

174 5732 314 5804 ᾔδει
340 5738 392 5792 τί
423 5741 616 5813 ἔμελλε
643 5746 876 5815 ποιεῖν.)

1885 4579 2018 4649 ρίων
2049 4579 2207 4648 ἄρτοι
2240 4580 2340 4631 οὐκ
2383 4578 2644 4650 ἀρκοῦσιν
2682 4579 2885 4642 αὐτοῖς,
2916 4575 3002 4628 ἵνα
3032 4575 3260 4639 ἕκαστος
3289 4571 3462 4628 αὐτῶν

1883 4659 2058 4731 βραχύ
2097 4679 2148 4714 τι
2178 4661 2340 4733 λάϐῃ.

1953 4746 1985 4798 8
2025 4745 2189 4812 Λέγει
2210 4743 2359 4815 αὐτῷ
2388 4742 2468 4808 εἷς
2500 4747 2563 4797 ὲκ
2586 4745 2695 4798 τῶν
2721 4740 2976 4813 μαθητῶν
3000 4737 3186 4803 αὐτοῦ,
3215 4738 3467 4808 Ἀνδρέας

1878 4830 1907 4882 6
1939 4827 2170 4896 ἀδελφὸς
2199 4827 2445 4896 Σίμωνος
2479 4827 2720 4897 Πέτρουο

1950 4912 1983 4967 9
2020 4911 2176 4963 Ἔστι
2209 4910 2496 4980 παιδάριον
2525 4909 2584 4963 ἓν
2609 4901 2712 4962 ὧδε
2739 4907 2768 4959 ὃ
2790 4906 2901 4977 ἕχει
2926 4905 3088 4958 πέντε
3119 4903 3318 4974 ἄρτους
3347 4917 3466 4971 κρι-

1881 4993 2061 5058 θίνους
2088 4994 2183 5047 καὶ
2222 4993 2316 5048 δύο
2345 4993 2549 5064 ὀψάρια
2568 5010 2580 5022 ·
2617 4991 2755 5046 ἀλλὰ
2784 4989 2961 5044 ταῦτα
2989 4990 3040 5042 τί
3083 4991 3232 5041 ἐστιν
3266 4987 3345 5048 είς
3372 5001 3465 5038 το-

1881 5077 2106 5139 σούτους
2126 5093 2141 5141 ;

1952 5161 2019 5213 10
2059 5157 2194 5212 Εἷπε
2221 5160 2278 5213 δὲ
2311 5162 2340 5213 6
2391 5159 2598 5230 Ἰησοῦς
2619 5176 2632 5188 ·
2681 5159 2952 5230 Ποιήσατε
2986 5155 3111 5218 τούς
3146 5148 3464 5220 ἀνθρώπους

1878 5244 2196 5297 ἀναπεσεῖν.
2219 5239 2329 5296 THV
2371 5243 2429 5295 δὲ
2463 5244 2656 5314 χόρτος
2697 5243 2866 5305 πολὺς
2899 5242 2956 5294 ὲν
2996 5239 3073 5309 τῷ
3118 5237 3287 5306 τόπῳ.
3348 5233 3466 5288 Ἀν-

1880 5328 2077 5381 έπεσον
2117 5323 2210 5381 οὖν
2257 5329 2304 5380 οἱ
2335 5326 2526 5396 ἄνδρες
2557 5327 2650 5379 τὸν
2687 5325 2920 5397 ἀριθμὸν
2947 5323 3077 5375 ώσεὶ
3117 5315 3464 5384 πεντακισχι-

1877 5411 2001 5466 λιοι.

1952 5494 2010 5548 Η
2052 5493 2250 5547 Ἐλαϐε
2282 5493 2339 5546 δὲ
2381 5494 2506 5558 τοὺς
2540 5492 2740 5562 ἄρτους
2767 5493 2793 5544 6
2842 5489 3066 5560 Ἰησοῦς,
3117 5487 3210 5539 καὶ
3240 5483 3463 5555 εὐχαριν-

1879 5580 2085 5649 στήσας
2117 5577 2338 5632 διέδωκε
2374 5580 2484 5640 τοῖς
2541 5575 2845 5648 μαθηταῖς,
2883 5576 2931 5628 οί
2973 5573 3026 5626 δὲ
3073 5569 3312 5642 μαθηταὶ
3341 5571 3452 5649 τοῖς

1879 5645 2297 5732 ἀνακειμένοις*
2352 5645 2553 5734 ὁμοίως
2610 5645 2705 5715 καὶ
2761 5662 2825 5712 ἐκ
2891 5657 2997 5711 τῶν
3047 5654 3287 5727 ὀψαρίων
3340 5645 3460 5697 ὅσον

1881 5745 2088 5816 ήθελον.
