3956 6202
542 280 648 338 795
1793 282 2002 338 ΝΟΝΝΙ
2043 282 2125 338 ΡΑ

2238 282 2548 338 ΓΟΗΤᾹΝΙ
3672 280 3754 331 'ilili

549 394 887 450 bordeaccos
931 410 1097 466 panes
1133 392 1411 455 Christus,
1445 407 1660 464 semper
1689 396 1890 450 VlVCllll
1923 397 2128 467 gratias

2238 396 2483 469 Χριστὸς,
2513 397 2599 451 ἀεὶ
2631 395 2821 460 ζώοντι
2852 396 3009 467 χάριν
3037 396 3296 465 Γενετῆρι
3326 394 3585 461 τιταίνων,

550 486 697 541 Patri
753 502 938 556 agens,
986 484 1161 553 Fregit
1202 484 1544 553 complicata:
1592 502 1787 542 manus
1848 489 2125 558 uucungui

2238 488 2474 542 Ἕκλασε
2513 486 2853 558 συμπλεκέος
2892 486 3149 557 παλάμης
3182 485 3506 555 γαμψώνυχι
3546 486 3734 557 παλμῴ,

547 587 721 638 ιηυιυ.
742 578 804 629 Et
827 577 972 631 dedit
994 576 1259 641 cenvivis,
1280 578 1622 649 praebuitque
1641 580 1896 635 omnibus
1919 581 2123 644 cibum,

2238 580 2345 633 Καὶ
2379 580 2513 649 πόρε
2551 579 2955 649 δαιτυμόνεσσι,
2986 579 3078 630 καὶ
3108 578 3284 649 ὤρεγε
3319 579 3483 629 πᾶσιν
3514 577 3709 647 ἐδωδὴν,

550 668 617 723 Et
644 685 707 722 ex
747 669 959 721 duobus
1004 667 1247 736 piscibus
1290 678 1558 737 quantum
1600 671 1876 727 volebant.
1911 672 1978 725 12
2018 670 2125 726 Sed

2238 672 2343 722 Καὶ
2367 670 2604 741 διδύμων
2628 670 2865 724 νεπόδων
2889 670 3010 721 ὅσον
3035 668 3248 738 1Ιγθελον.
3276 668 3343 721 12
3380 668 3519 720 Ἀλλ’
3540 669 3619 721 ὅτε
3645 669 3736 739 λαῷ

547 774 673 813 cum
726 758 925 826 populo
972 755 1246 811 Esurienti
1297 759 1521 813 satietas
1572 768 1719 815 esset
1772 761 2126 817 redundantis

2238 762 2510 833 Πειναλέῳ
2544 762 2705 832 κόρος
2735 761 2861 812 ἔσκε
2892 757 3304 827 πολυφλοίσϐοιο
3329 759 3620 830 τραπέζης,

550 862 770 905 mensae.
791 846 950 901 Jesus
974 848 1233 917 prmcepit
1262 851 1630 905 concordibus
1654 852 1940 921 discipulis
1967 871 1979 905 :
2006 851 2127 905 Om-

2246 853 2450 923 Ἰησοῦς
2484 854 2742 917 ἐπέταξεν
2774 852 3085 922 όμοζήλοισι
3112 850 3379 920 μαθηταῖς
3398 869 3410 879 ·

2236 945 2420 997 Πάντα
2448 942 2948 1014 ταχυστροφάλιγγι
2979 944 3073 1011 μιῇ
3107 940 3394 1005 συλλέξατε
3431 942 3561 1011 ῥιπῇ

2238 1036 2541 1104 κλάσματα
2567 1031 2916 1086 πυκνωθέντα
2947 1030 3349 1100 περισσοϐότοιο
3374 1030 3659 1102 τραπέζης,

2239 1128 2419 1196 Ὄφρα
2442 1143 2504 1178 κε
2532 1124 2698 1195 μηδὲν
2720 1124 2910 1175 ὄλοιτο.
2934 1124 2998 1175 15
3017 1124 3124 1175 Καὶ
3143 1122 3373 1185 ἄστατος
3392 1121 3551 1185 ἄλλος
3566 1124 3641 1175 ἐπ’
3654 1123 3763 1191 mn

2232 1217 2517 1278 Φοιταλέος
2545 1214 2818 1286 πεφόρητο
2840 1214 3121 1284 διάκτορος
3144 1212 3308 1282 ἐσμὸς
3344 1212 3593 1282 ἑταίρων,

2238 1310 2439 1375 Ὀγκον
2479 1306 2866 1375 ἐπασσυτέρων
2896 1304 3096 1357 τελέων
3127 1302 3259 1373 ὐψού
3270 1320 3428 1373 μενον
3454 1304 3627 1373 ἄρτων

2234 1400 2404 1469 Χερσλ.
2438 1397 2884 1467 βαθυνομένῃσιν.
2923 1395 3054 1447 Ἀπὸ
3088 1395 3328 1465 χλοεροῖο
3356 1394 3415 1447 δὲ
3452 1395 3636 1465 χόρτου

2246 1489 2559 1558 Ῥωγαλέης
2588 1489 2874 1557 συνάγειρε
2897 1485 3209 1538 πολύπλανα
3244 1485 3469 1553 λείψανα
3501 1488 3687 1556 φορϐῆς

550 940 637 993 nia
670 938 863 993 celeris
884 940 1167 1008 vertiginis
1185 956 1295 996 uno
1312 942 1549 1011 colligite
1573 944 1777 1013 impetu
1803 943 2125 1013 Fragmenta

543 1030 720 1084 solida
763 1028 1123 1086 redundantis
1158 1047 1378 1098 mensze,
1427 1034 1507 1087 Ne
1548 1035 1678 1103 quid
1710 1044 1917 1104 pereat.
1960 1035 2028 1089 15
2063 1034 2127 1089 Et

544 1120 821 1176 instabilis
867 1120 1007 1176 alius
1057 1130 1180 1191 post
1232 1124 1399 1177 alium
1452 1124 1795 1193 lmpetuosus
1851 1127 2128 1181 ferebatur

547 1210 871 1267 ministrans
931 1223 1109 1267 coetus
1174 1215 1476 1277 sociormu,
1543 1215 1735 1270 Molem
1792 1218 2125 1272 erebriorum

550 1304 839 1372 perliciens
874 1305 1035 1359 altam
1067 1321 1265 1375 panum
1296 1307 1542 1361 Manibus
1568 1310 1738 1363 cavis.
1773 1310 1813 1363 A
1845 1310 2001 1362 viridi
2027 1326 2124 1363 au-

550 1404 655 1448 tem
704 1396 949 1464 gramine
994 1395 1174 1451 Fracti
1217 1399 1563 1469 congregavit
1615 1415 1835 1468 sparsas
1867 1401 2126 1469 reliquias

550 1484 656 1539 cibi
705 1484 1053 1555 Quaecunque
1119 1497 1467 1557 supererant;
1520 1504 1739 1560 unoque
1795 1506 1824 1542 a
1875 1491 2127 1559 quinario

549 1590 750 1644 panum
782 1575 1066 1645 lnquirens
1088 1578 1459 1641 orbiculatim,
1486 1579 1662 1633 donec
1685 1579 1915 1633 multum
1941 1582 2125 1648 capaci

2238 1581 2411 1632 Ὄσσα
2442 1578 2859 1649 περισσεύοντο·
2893 1579 3019 1648 μιῆς
3050 1578 3092 1630 δ’
3116 1576 3225 1630 ἀπὸ
3262 1578 3522 1640 πεντάδος
3548 1579 3699 1647 ἄρτων

549 1664 675 1716 sinu
716 1662 1159 1719 Promiscuoruni
1190 1667 1417 1737 replevit
1444 1667 1732 1723 duodecim
1766 1668 2003 1723 circulos
2034 1684 2127 1723 co-

2238 1671 2537 1725 Μαστεύων
2561 1669 2829 1739 ἑλικηδὸν,
2866 1669 2972 1730 ἓως
3000 1667 3318 1737 πολυχανδέῖ
3350 1669 3536 1739 κόλπῳ

549 1753 858 1821 phinorum.
909 1756 974 1809 14
1011 1754 1072 1808 Et
1109 1757 1327 1825 plurimi
1375 1758 1596 1812 aliunde
1642 1757 1733 1810 alii
1784 1765 2082 1811 sonuerunt
2115 1799 2128 1822 ,

2238 1761 2563 1831 Συμμιγέων
2588 1760 2792 1829 ἔπλησε
2827 1759 3067 1811 δυώδεκα
3101 1758 3276 1811 κύκλα
3308 1758 3569 1825 κοφίνων.

550 1841 875 1899 miraculum
929 1848 1293 1915 iutelligcutes
1342 1848 1597 1905 Christus
1644 1850 1789 1919 quod
1846 1848 1973 1903 fecit
2030 1851 2128 1903 toti

2238 1852 2301 1905 M
2326 1852 2434 1904 Καὶ
2472 1852 2638 1914 πολὺς
2660 1849 2882 1905 ἄλλοθεν
2912 1849 3070 1911 ἄλλος
3098 1849 3276 1918 ὲνίαχε
3299 1847 3483 1917 θαῦμα
3512 1849 3691 1918 νοήσας

548 1948 653 1987 con
665 1935 850 1989 victori
876 1939 1097 2006 populo,
1120 1939 1326 1991 Panum
1354 1947 1778 2008 spontaneorum
1812 1955 2128 1995 recrescens

2238 1945 2464 2015 Χριστὸς
2488 1946 2625 2015 ὅπερ
2658 1944 2883 2013 ποίησεν
2920 1942 3025 2011 ὅλῳ
3052 1943 3319 2012 θοινήτορι
3363 1941 3498 2011 λαῷ,

550 2026 858 2079 convivium
891 2028 1257 2083 honorantes:
1288 2027 1386 2082 Hic
1438 2046 1598 2098 quem
1648 2030 1924 2084 celebrant
1968 2046 2131 2085 verus

550 2126 633 2170 est
664 2119 947 2187 propheta,
984 2120 1154 2185 Quem
1190 2120 1333 2174 fama
1363 2130 1447 2177 est
1484 2123 1672 2176 aeterni
1717 2130 2004 2177 venturum
2041 2138 2126 2177 re-

551 2215 758 2262 ctorem
794 2210 998 2264 mundi.

2236 2036 2453 2103 Ἀρτων
2478 2033 2800 2102 αὐτομάτων
2830 2029 3166 2094 παλιναυξέα
3188 2032 3347 2083 δαῖτα
3370 2030 3661 2101 γεραίρων·

2234 2118 2401 2184 Οὗτος
2425 2123 2484 2175 ὃν
2514 2123 2784 2174 ἀείδουσιν
2816 2122 3087 2191 ἐτήτυμος
3114 2124 3230 2173 ἐστι
3263 2123 3575 2193 προφήτης,

2240 2215 2335 2265 Ὃν
2358 2214 2515 2280 φάτις
2542 2212 2755 2265 άενάοιο
2785 2212 2967 2281 μολεῖν
3000 2210 3249 2283 ἰθύντορα
3275 2213 3504 2281 κόσμου.

619 2298 727 2367 62
771 2300 835 2353 15
868 2302 1059 2355 Sciens
1091 2317 1219 2356 vero
1251 2319 1347 2373 per
1375 2320 1434 2359 se
1470 2304 1665 2360 doctus
1693 2305 1805 2358 Rex
1831 2304 2014 2359 cordis
2040 2319 2133 2359 co-

550 2388 892 2453 gitationem,
926 2391 1079 2454 Quod
1109 2395 1322 2446 venturi
1359 2403 1546 2449 essent
1580 2396 1891 2465 congregati
1924 2397 1997 2450 ibi
2030 2398 2131 2450 ho-

550 2474 749 2536 mines,
788 2475 853 2528 Et
886 2476 1061 2544 ipsum
1103 2481 1309 2547 rapturi
1360 2491 1419 2533 ut
1469 2484 1872 2537 constituerent
1906 2500 2085 2554 regem
2114 2524 2128 2548 ,

2238 2484 2390 2536 Ὅττι
2420 2483 2602 2552 μολεῖν
2626 2483 2860 2554 ἤμελλον
2886 2485 3153 2555 ὁμήλυδες
3180 2484 3363 2537 αὐτόθι
3388 2484 3531 2547 λαοὶ,

551 2562 751 2618 Montis
799 2566 985 2620 silvosi
1032 2568 1303 2623 desertam
1348 2571 1510 2624 subiit
1547 2580 1773 2640 petram.
1812 2574 1877 2628 16
1913 2574 1976 2627 Et
2009 2591 2128 2628 um-

2238 2575 2343 2626 Καί
2376 2592 2467 2640 μιν
2495 2573 2919 2645 άφαρπάξαντες
2958 2577 3283 2646 ἀναστήσειν
3314 2576 3562 2646 βασιλῆα,

551 2652 750 2706 brosus
772 2655 992 2722 quando
1014 2671 1186 2710 conus
1216 2659 1455 2713 accurrit
1477 2660 1668 2713 vicina:
1688 2661 1957 2731 caliginis,
1987 2662 2128 2718 Mare

2238 2664 2441 2736 Οὖρεος
2474 2665 2729 2736 ὐλήεντος
2755 2667 3005 2737 ἐρημάδα
3034 2667 3230 2719 δύσατο
3259 2667 3483 2738 πέτρην.

551 2744 617 2798 ad
651 2746 1015 2816 propinquum
1060 2748 1477 2818 impellebantur
1512 2753 1789 2824 discipuli.
1827 2756 1890 2809 17
1934 2756 1991 2810 In
2037 2773 2128 2811 na‘

2240 2757 2305 2809 16
2341 2757 2451 2809 Καὶ
2488 2757 2690 2820 σκιόεις
2716 2758 2805 2811 ὅτε
2834 2758 3004 2821 κῶνος
3032 2759 3302 2829 ἀνέδραμε
3327 2760 3560 2827 γείτονος
3591 2760 3771 2829 ὖρφνης.

551 2851 669 2889 vem
710 2847 889 2893 autem
938 2840 1211 2895 irruentes
1258 2843 1614 2914 marivagam,
1660 2864 1881 2901 currum
1925 2849 2128 2914 maris,

2239 2848 2439 2900 Πόντον
2469 2848 2527 2911 ἐς
2552 2846 2937 2919 ἀγχικέλευθον
2965 2849 3307 2920 ἐπερρώοντο
3332 2851 3592 2921 μαθηταί.

552 2922 775 2978 Terram
810 2927 861 2979 in
892 2930 1197 2997 oppositam
1231 2931 1577 2999 trajicicbant
1600 2934 1876 3005 discipuli,
1904 2938 1985 2991 Ad
2010 2938 2128 2992 civi

2238 2938 2302 2991 17
2330 2938 2454 3007 Νῆα
2485 2938 2527 2990 δ’
2558 2938 2883 3004 ἐπαΐξαντες
2914 2938 3201 3008 ἁλίδρομον
3233 2940 3383 3010 ἅρμα
3409 2938 3693 3007 Θαλάσσης,

2302 2305 2409 2374 63
2448 2304 2514 2358 15
2544 2302 2714 2366 Εἰδὼς
2764 2302 2809 2355 δ’
2847 2302 3227 2367 αὐτοδίδακτος
3261 2303 3430 2369 ’Δναξ
3480 2302 3768 2371 ὐποκάρδιον

3501 2392 3717 2464 [ὀμφὴν.

552 3022 717 3069 tatem
753 3016 1097 3085 Capernaum
1128 3022 1500 3089 appellentcs;
1534 3024 1712 3078 vicina
1746 3042 1872 3081 vero
1906 3027 2128 3082 Terram

2238 3029 2401 3082 Γαῖαν
2427 3030 2483 3093 ἐς
2522 3030 2877 3101 ἀντιπέραιαν
2913 3029 3311 3101 ἐπορθμεύοντο
3339 3029 3597 3101 μαθηταὶ,

551 3111 717 3157 totam
750 3108 884 3159 texit
904 3115 1021 3159 atra
1050 3086 1246 3177 caligo,
1272 3108 1339 3161 Et
1358 3086 1504 3163 circa
1529 3125 1729 3180 corpus
1758 3115 1971 3168 varium
2002 3114 2128 3169 dor-

2240 3122 2406 3174 Ἂστυ
2438 3086 2816 3192 ἰξαφαρναόὺμ
2852 3086 3262 3193 μετανιεύμενοι.
3302 3086 3625 3193 ’Ᾰρτιφανὴς
3649 3122 3695 3174 δὲ

549 3210 670 3249 sum
704 3197 991 3252 habentem
1029 3202 1362 3255 contrahens
1399 3203 1663 3268 tunicam,
1701 3204 1985 3260 Stellatum
2020 3224 2128 3263 coe-

2238 3215 2277 3266 Γ
2281 3218 2403 3268 αἶαν
2434 3215 2561 3285 ὅλην
2585 3214 2819 3284 ἐκάλυψε
2850 3215 3328 3286 μελαγκρήδεμνος
3362 3216 3577 3286 ὁμίχλη,

550 3289 662 3341 lum
710 3289 1047 3357 splendebat.
1090 3292 1451 3362 Cupieutibus
1496 3311 1626 3350 vero
1659 3297 1941 3367 discipulis
1980 3298 2128 3354 Nou-

2238 3307 2348 3359 Καὶ
2370 3305 2491 3377 χροῒ
2526 3305 2911 3359 ποικιλόνωτον
2941 3306 3311 3375 ἐπισφίγξασα
3335 3307 3555 3376 χιτῶνα,

548 3377 677 3431 dum
716 3379 971 3436 Christus
1020 3384 1189 3438 venit.
1243 3385 1310 3437 18
1357 3384 1597 3441 Instante
1633 3396 1813 3442 autem
1860 3390 2128 3459 procella,

2250 3397 2532 3466 Ἀστερόεν
2556 3395 2842 3463 σελάγιζεν
2865 3412 2879 3426 ·
2916 3398 3251 3468 ἐελδομένοις
3282 3398 3339 3450 δὲ
3373 3398 3638 3467 μαθηταῖς

549 3467 724 3539 Prope
771 3486 1041 3541 apparens
1083 3475 1346 3531 incurvus
1381 3475 1778 3531 intumescebat
1808 3476 1987 3532 ﬂuxus
2020 3494 2128 3531 ma-

2238 3483 2308 3538 Ub
2320 3502 2403 3538 πω
2431 3486 2667 3556 Χριστὸς
2694 3486 2900 3540 ἵκανεν.
2928 3487 2993 3540 18
3028 3467 3423 3557 Ἐπειγομένης
3451 3486 3507 3538 δὲ
3534 3484 3749 3551 θυέλλης,

549 3565 663 3625 ris,
711 3561 777 3616 Et
823 3564 997 3635 longis
1043 3567 1277 3637 remiges
1330 3582 1525 3637 aquam
1576 3568 1866 3638 signabaut
1923 3570 2126 3630 remis.

2250 3577 2577 3646 ’Λγχιφανὴς
2602 3575 2894 3647 ἐπίκυρτος
2924 3575 3216 3647 ἐπυργὼοη
3252 3575 3373 3645 ῥόος
3405 3575 3599 3643 ἅλμης,

547 3654 855 3711 Contrariis
897 3658 1075 3713 ventis
1124 3659 1455 3730 impulsam.
1500 3660 1564 3715 19
1604 3659 1941 3716 Marinorum
2004 3676 2128 3717 vero

2239 3666 2346 3718 Καὶ
2377 3666 2606 3736 δολιχοίς
2644 3666 2907 3737 ἐλατῆρες
2940 3666 3084 3737 ὓδωρ
3110 3666 3411 3737 ἐχάρασσον
3438 3667 3690 3735 ἐρετμοῖς,

2250 3757 2584 3827 Ἀντιπόροις
2613 3758 2838 3828 ἀνέμοις
2864 3758 3203 3828 βεϐιημένον.
3233 3758 3298 3812 19
3324 3758 3583 3811 Εἰναλίων
3612 3756 3663 3809 δὲ

2239 3850 2399 3921 Τρεῖς
2423 3849 2649 3912 δεκάδας
2680 3851 2909 3904 σταδίων
2932 3851 2965 3921 ἢ
2998 3850 3333 3903 εἰκοσιπέντε
3356 3851 3633 3920 ταμόντες,

2238 3941 2471 4011 Χριστὸν
2508 3940 2810 4012 ἐθηήσαντο
2837 3941 3207 4010 διαστείχοντα
3237 3940 3534 4011 θαλάσσης,

2242 4035 2506 4104 Ἀϐροχον
2544 4035 2687 4104 ἴχνος
2718 4033 2929 4104 ἔχοντα,
2959 4034 3126 4102 βατῆς
3158 4033 3283 4095 ἁλὸς
3313 4032 3440 4097 ὀξὺν
3461 4033 3649 4101 ὁδίτην.

2238 4124 2281 4173 Τ
2286 4123 2535 4193 αρϐαλέοι
2558 4123 2604 4175 δ’
2626 4122 2911 4185 ἁλάλαζον.
2940 4122 3009 4175 ΞΟ
3045 4122 3423 4191 Ἀτυζομένοις
3453 4123 3509 4174 δὲ
3548 4117 3777 4191 μαθηταῖὶ

546 3758 685 3816 Tres
716 3760 949 3817 decades
983 3763 1290 3820 studiorum
1332 3766 1415 3821 vel
1450 3766 1891 3838 vigintiquinque
1935 3782 2131 3822 secano

547 3872 651 3927 tes,
694 3864 973 3920 Christum
1030 3869 1282 3923 viderunt
1335 3869 1676 3926 incedentem
1736 3889 1901 3943 super
1948 3889 2130 3939 mare,

546 3968 765 4024 Siceum
797 3972 1087 4043 vestigium
1133 3975 1440 4050 habentem,
1489 3979 1657 4045 pervii
1692 3981 1859 4034 maris
1900 3980 2134 4036 celerem

548 4072 830 4131 viatorem.
869 4077 1250 4134 Formidantes
1303 4089 1483 4135 autem
1528 4082 2006 4139 vociferabantur.
2062 4084 2131 4138 90

549 4179 818 4233 Attonitos
840 4194 970 4233 vero
993 4180 1292 4251 discipulos
1323 4181 1486 4237 Jesus
1515 4184 1923 4254 alloquebatur:
1957 4184 2128 4239 Sinite

2249 4179 2456 4283 Ἰησοῦς
2476 4214 2719 4285 ὀάριζενο
2752 4179 2980 4267 Ἐάσατε
3006 4179 3203 4282 τάρϐος
3231 4179 3429 4283 άήταις
3447 4230 3460 4243 ⁸

549 4277 891 4333 formidinem
925 4284 1100 4337 ventis
1131 4301 1144 4337 :
1170 4284 1425 4342 Christus
1455 4302 1557 4357 ego
1586 4289 1743 4342 velox
1792 4289 1968 4341 viator
2010 4302 2128 4341 sum

2238 4277 2474 4375 Χριστὸς
2512 4277 2622 4375 ἐγὼ
2655 4305 2984 4376 ταχύγουνος
3014 4277 3301 4375 ὁδοιπόρος
3324 4305 3442 4376 εἰμί
3467 4303 3737 4369 θαλάσσης.

548 4383 737 4438 maris.
768 4385 833 4438 21
872 4385 938 4439 Et
967 4386 1145 4457 ipsum
1185 4390 1400 4448 trahere
1443 4393 1697 4447 volebant
1742 4396 1795 4447 in
1841 4393 2042 4457 navim,
2077 4402 2128 4448 et

2238 4395 2297 4448 ‘21
2324 4396 2432 4447 Καί
2454 4413 2543 4466 μιν
2565 4396 2703 4449 ἐλεῖν
2724 4395 3002 4467 μενέαινον
3024 4397 3080 4458 ἐς
3097 4394 3316 4461 ὁλκάδα,
3337 4395 3431 4447 καὶ
3457 4394 3608 4465 μένος
3628 4390 3679 4445 ἃ.)
3693 4403 3779 4457 pm;

1756 4547 2037 4603 TEXTUS
2076 4549 2606 4606 EVANGELISTXE.

623 4656 689 4710 12
731 4659 817 4722 Ὠς
845 4660 900 4713 δὲ
942 4660 1376 4732 ἐνεπλήσθησαν.
1405 4659 1554 4728 λέγει
1587 4665 1701 4725 τοῖς
1735 4660 2003 4731 μαθηταῖς
2028 4663 2125 4748 αὐ-
2159 4668 2198 4721 l)
2226 4662 2444 4748 τούξ-π)
2472 4662 2571 4748 τὴν
2604 4662 2901 4748 θάλασσαν.
3077 4747 3080 4748 ν
3282 4747 3285 4748 ν
3572 4745 3580 4748 _
3722 4738 3740 4748 ο

550 4740 645 4793 τοῦ
664 4757 675 4768 ·
715 4743 1050 4814 Συναγάγετε
1088 4746 1158 4798 τὰ
1193 4745 1629 4817 περισσεύσαντα
1678 4744 1967 4812 κλάσματα
1991 4785 2005 4807 ,
2040 4744 2129 4797 ἵνα
2306 4743 2367 4794 17
2392 4745 2501 4795 Καὶ
2533 4746 2798 4813 ἐμϐάντες
2832 4750 2909 4810 εἰς
2941 4748 3003 4800 τὸ
3034 4747 3235 4811 πλοῖον,
3261 4747 3491 4816 ἤρχοντο
3522 4745 3676 4813 πέραν
3694 4740 3772 4805 τῆς

556 4824 631 4893 μή
655 4841 708 4875 τι
743 4827 1026 4898 ἀπόληται.
2237 4825 2511 4894 θαλάσσης
2538 4830 2615 4889 εἰς
2643 4829 3035 4900 Καπερναούμ.
3067 4830 3176 4884 Καὶ
3208 4831 3398 4883 σκοτία
3418 4830 3519 4899 1ἤδη
3544 4824 3774 4894 ἐγεγόνει,

625 4907 692 4959 13
733 4910 1042 4979 Συνήγαγον
1081 4908 1195 4976 οὖν,
1227 4913 1317 4965 καὶ
1346 4914 1611 4980 ἐγέμισαν
1634 4908 1844 4962 δώδεκα
1876 4910 2129 4977 κοφίνους
2238 4912 2331 4963 καὶ
2358 4910 2458 4962 οὐκ
2490 4911 2736 4981 ἐληλύθει
2768 4912 2905 4982 πρὸς
2934 4914 3131 4975 αὐτοὺς
3155 4914 3183 4964 ό
3226 4912 3453 4981 Ἰησοῦς.

553 4988 879 5059 κλασμάτων
922 4995 985 5047 ἐκ
1029 4994 1139 5047 τῶν
1174 4995 1334 5047 πέντε
1386 4994 1566 5063 ἄρτων
1603 4993 1858 5063 κριθίνων
1880 5035 1893 5060 ,
1932 4993 1969 5047 ἃ
2006 4995 2118 5045 ἐπε·
2310 4994 2375 5049 18
2408 4995 2479 5045 ’Ἡ
2504 5011 2562 5047 τε
2593 4995 2857 5060 θάλασσα,
2888 4996 3091 5065 ἀνέμου
3122 4996 3359 5067 μεγάλου
3396 4995 3653 5053 πνέοντος,
3712 4987 3777 5039 δι·

553 5071 808 5140 ρίσσευσε
836 5078 945 5138 τοῖς
976 5077 1326 5148 βεϐρωκόσιν.
2236 5078 2509 5149 ηγείρετο.

627 5156 694 5209 14
732 5159 793 5210 Ol
836 5155 927 5212 οὖν
972 5160 1246 5230 ἄνθρωποι
1282 5160 1478 5223 ἰδόντες
1510 5160 1538 5213 ὂ
1588 5159 1812 5230 ἐποίησε
1848 5162 2072 5230 σημεῖον
2103 5160 2131 5212 ὁ
2311 5162 2375 5215 19
2432 5160 2787 5230 Ἐληλακότες
2825 5156 2918 5214 οὖν
2967 5162 3044 5224 ὡς
3099 5162 3343 5225 σταδίους
3384 5158 3703 5214 εἰκοσιπέντε
3746 5150 3775 5218 ἢ

567 5238 794 5308 Ἰησοῦς,
820 5240 1038 5310 ἔλεγονο
1058 5245 1178 5297 Ὅτι
1201 5240 1352 5306 οὗτός
1385 5246 1532 5296 ἐστιν
1560 5242 1818 5315 άληθῶςὸ
1844 5244 2131 5313 προφήτης
2237 5242 2549 5313 τριάκοντα,
2589 5242 2851 5313 θεωροῦσι
2888 5244 2979 5295 τὸν
3017 5244 3223 5313 Ἰησοῦν
3277 5243 3659 5314 περιπατοῦντα
3696 5236 3775 5285 ἐπὶ

550 5321 583 5371 ὁ
614 5322 905 5393 ἐρχόμενος
934 5328 1009 5389 εἰς
1044 5328 1134 5381 τὸν
1161 5328 1386 5398 κόσμον.
2236 5327 2335 5394 τῆς
2370 5326 2665 5395 θαλάσσης,
2694 5328 2787 5379 καὶ
2816 5327 2983 5395 ἐγγὺς
3013 5328 3107 5381 τοῦ
3138 5327 3321 5379 πλοίου
3365 5328 3633 5397 γινόμενον
3652 5338 3665 5350 ⁵
3693 5318 3775 5371 καὶ

625 5403 693 5456 15
734 5407 937 5475 Ἰησοῦς
971 5406 1063 5463 οὖν
1095 5412 1255 5478 γνοὺς
1294 5412 1373 5464 ὅτι
1407 5410 1688 5481 μέλλουσιν
1720 5409 1996 5479 ἔρχεσθαι,
2040 5408 2132 5460 καὶ
2240 5410 2602 5479 ἐφοϐήθησαν.

557 5484 823 5556 ἁρπάζειν
856 5492 1015 5544 αὐτὸν
1042 5494 1128 5545 ἴνα
1160 5495 1459 5563 ποιήσωσιν
1509 5496 1671 5547 αὐτὸν
1716 5492 1938 5564 βασιλέα
1960 5532 1973 5556 ,
2040 5492 2125 5543 ἀνι·
2310 5493 2379 5545 ‘20
2423 5492 2481 5543 '0
2509 5492 2564 5544 δὲ
2596 5491 2743 5559 λέγει
2776 5494 2989 5557 αὐτοῖς·
3022 5492 3161 5560 Ἐγώ
3194 5495 3328 5563 εἰμι,
3358 5494 3432 5563 μὴ
3466 5487 3711 5561 φοϐεῖσθε.

550 5570 805 5639 εχωρησε
834 5574 993 5629 πάλιν
1024 5579 1102 5639 εἰς
1131 5577 1190 5629 τὸ
1214 5562 1339 5645 ὅρος
1368 5577 1530 5639 αὐτὸς
1558 5562 1737 5647 μόνος.
2309 5575 2371 5627 21
2422 5574 2649 5627 Ἤθελον
2679 5573 2771 5628 οὖν
2824 5578 3001 5629 λαϐεῖν
3034 5576 3197 5628 αὐτὸν
3240 5578 3320 5637 είς
3364 5562 3431 5628 re
3466 5575 3657 5662 πλοῖοῖ·
3698 5562 3776 5615 κτῖ

628 5650 696 5707 w
734 5654 822 5719 Ὠς
849 5658 904 5709 δὲ
928 5660 1053 5725 ὀψία
1074 5661 1308 5727 ἐγένετο,
1347 5661 1653 5727 κατέϐησαν
1684 5664 1729 5714 οἰ
1763 5661 2003 5730 μαθηταῖ
2036 5659 2133 5713 αὐ·
2242 5658 2437 5721 εὐθέως
2468 5658 2528 5711 τὸ
2547 5660 2724 5712 πλοῖον
2748 5660 2960 5727 ἐγένετο
2982 5660 3073 5712 em
3090 5659 3187 5727 τῆς
3226 5660 3323 5729 γῆς
3366 5661 3442 5722 είς
3466 5660 3527 5729 ἣν
3547 5652 3747 5719 utinm"-
