3956 6202
183 279 286 336 797

181 390 289 489 Ἶὲν
315 396 468 451 τότε·
505 401 599 454 καὶ
632 400 792 458 πέλεν
818 405 1006 477 ὅρμος,
1032 408 1154 462 ἐπεὶ
1181 411 1404 468 θεοδινέῖ
1428 416 1628 489 παλμῷ

178 485 284 542 Οἷα
314 490 433 556 νόος
461 494 733 563 πτερόεις,
759 497 973 568 ἀνέμων
997 499 1140 571 δίχα,
1172 504 1360 575 νόσφιν
1389 485 1659 580 ἐρετμών,

177 580 517 652 Τηλεπόροις
541 581 850 654 λιμένεσσιν
873 590 1088 659 ὁμίλεεν
1114 594 1395 668 αὐτομάτη
1430 599 1582 669 νηῦς.

175 671 248 766 33
293 672 433 726 Ἀλλ’
467 675 555 727 ὅτε
580 675 876 750 πορφύρων
908 681 1233 755 Τιϐερήτιδα
1264 688 1481 755 γείτονα
1509 693 1716 766 πέτρην

188 764 534 857 ᾎκροφανὴς
563 767 796 838 ἐχάραξε
840 771 1120 829 λιπόσκιον
1149 777 1344 851 ὄρθρος
1373 764 1623 857 ὁμίχλην,

181 855 318 917 Aab;
349 856 702 926 ἐῦκροκάλοιο
733 861 909 932 πέρην
942 864 1242 932 ἀντώπιδος
1269 869 1460 943 ἅλμης.

184 945 501 1038 ξίστάμενος
535 950 852 1038 σκοπίαζεν,
879 954 963 1008 ὅτι
987 956 1160 1030 ζαθέη
1193 962 1346 1031 παρά
1373 961 1538 1038 λίμνῃ

184 1037 478 1110 Ἰκμαλέης
510 1040 611 1095 οὑκ
637 1037 777 1114 ἦσαν
815 1045 1188 1121 ίμασσομένης
1222 1053 1391 1118 πέλας
1419 1037 1592 1123 ἀκτῆς

177 1127 464 1198 Στοιχάδες
492 1131 786 1207 ἀλλήλῃσιν
812 1137 1082 1207 ὁμόζυγες
1106 1141 1329 1209 ὁλκάδες
1350 1147 1528 1214 ἄλλαι,

179 1216 240 1268 Ei
269 1217 346 1288 μὴ
376 1217 510 1288 νηῦς
537 1221 636 1291 μία
661 1221 859 1294 μοῦνον
888 1226 1215 1298 ἀνέμπλοος,
1246 1233 1358 1287 ὅττι
1388 1239 1482 1291 καὶ
1511 1241 1672 1304 αὐτὸς

176 1307 251 1360 Οὐ
277 1307 399 1361 τότε
427 1311 782 1381 ποντοπόροιο
811 1316 940 1386 μιῆς
971 1319 1062 1371 ἐπὶ
1095 1321 1222 1392 νηὸς
1260 1325 1468 1395 Ἰησοῦς

179 1397 294 1493 βά
335 1399 646 1493 ’ᾼγχιθέοις
666 1404 910 1475 ἑτάροισι
935 1409 1246 1478 συνέπλεεν,
1277 1416 1392 1470 ἀλλ’
1421 1420 1500 1473 ὃτι
1537 1423 1720 1493 μοῦνοι

181 1489 351 1542 Γαῖαν
381 1490 438 1553 ἐς
465 1491 843 1547 ἀντικέλευθον
865 1497 1236 1556 ἐναυτίλλοντο
1265 1505 1518 1578 μαθηταί,

176 1581 244 1633 £3
275 1580 476 1645 Ἀλλας
500 1583 634 1654 νῆας
657 1583 888 1650 ἑλόντες,
921 1588 1030 1659 ὅπη
1061 1591 1412 1664 Τιϐερήτιδες
1442 1599 1622 1666 ἀκταὶ,

179 1670 381 1724 Πόντον
408 1673 790 1739 ἐπεσσεύοντο,
818 1678 914 1731 καὶ
941 1679 1137 1749 ήλυθον
1160 1685 1353 1753 ἐγγύθι
1383 1687 1584 1760 χώρου,

177 1763 317 1826 Λαὸς
343 1765 452 1836 ὅπη
481 1767 746 1838 νήριθμος
772 1769 858 1822 ἐπ’
885 1771 1166 1843 εύχόρτοιο
1189 1778 1471 1849 τραπέζης

177 1853 446 1946 θέσκελον
469 1856 658 1927 ἢσθιεν
680 1859 864 1930 ἄρτον,
889 1861 948 1914 ὃν
977 1863 1206 1920 ἔκλασεν
1232 1869 1508 1942 ἀμϐροσίη
1535 1873 1657 1946 χεὶρ

184 1944 435 2014 Χριστοῦ,
469 1949 838 2018 παμμεδέοντι
864 1951 1026 2022 χάριν
1051 1954 1089 2006 Γ
1092 1957 1310 2027 ενετῆρι
1331 1960 1582 2025 διδόντος.

184 2034 249 2089 24
278 2037 386 2090 Καὶ
415 2040 492 2108 μὴ
518 2039 751 2110 Χριστὸν
783 2040 993 2095 ἄνακτα
1029 2044 1338 2116 φερέσϐιον,
1364 2049 1484 2102 οὐδὲ
1516 2051 1763 2124 μαθητὰς

192 2126 557 2199 Ἑσπομένους
584 2131 834 2202 εὑρόντες
864 2132 1171 2203 ἀμοιϐαίων
1203 2138 1295 2190 ἐπὶ
1321 2139 1485 2210 νηῶν,

179 2218 402 2272 Πόντιον
425 2221 822 2292 ἀφροκόμοισιν
849 2223 992 2296 ὕδωρ
1015 2225 1298 2282 λεύκαινον
1328 2230 1601 2302 ἐρετμοῖς,

181 2308 350 2360 Ἀστυ
383 2311 761 2382 Καφαρναοὺμ
790 2316 1200 2387 μετανεύμενοι.
1231 2318 1302 2372 25
1335 2320 1637 2392 ’Λγχιφανῆ
1667 2322 1721 2376 δὲ

188 2400 514 2473 ’Δντιπέρην
548 2404 799 2474 εὑρόντες
837 2407 1118 2479 ἀσιγήτοιο
1143 2409 1419 2480 Θαλάσσης

173 2493 434 2564 Χριστὸν,
467 2495 868 2561 ἐκυκλώσαντο,
901 2500 994 2552 καὶ
1020 2499 1240 2553 ἔννεπον
1260 2501 1378 2572 ἡδέϊ
1413 2502 1595 2574 μύθῳ*

181 2585 407 2640 Ῥαϐϐὶν
433 2586 586 2654 ἄναξ,
611 2589 740 2642 πότε
763 2589 920 2662 δεῦρο
941 2591 1272 2665 παρέπλεες;
1295 2594 1366 2647 ‘26
1382 2595 1688 2668 Ἀρπαλέης
1706 2595 1763 2650 δὲ

174 2678 478 2751 Είλαπίνης
518 2681 810 2752 μνηστῆρα
844 2684 1115 2754 μετήλυδα
1139 2685 1265 2738 λαὸν
1290 2686 1529 2757 ἐλέγχων

184 2771 397 2842 Ἰησοῦς
413 2772 668 2842 ἀγόρευε,
696 2775 1047 2847 μινυνθαδίης
1075 2777 1182 2830 ἀπὸ
1203 2777 1411 2849 φορϐῆς

175 2867 271 2929 Εἰς
299 2866 493 2937 θαλίην
518 2865 775 2942 ζείδωρον
799 2869 1073 2941 ἀλήμονας
1099 2870 1298 2942 ἀνέρας
1328 2871 1500 2924 ἕλκων
1523 2885 1537 2900 ⁶

175 2954 305 3011 Οἶδα
331 2958 387 3011 τί
420 2961 782 3029 μαστεύοντες
811 2962 1043 3018 ίκάνετε.
1068 2962 1389 3016 Νουσαλέων
1418 2961 1525 3034 γάρ

175 3047 248 3099 οὑ
279 3047 374 3099 διὰ
398 3046 652 3118 θαύματα
685 3053 839 3104 κεῖνα
873 3051 1051 3124 τάπερ
1085 3053 1260 3122 κάμον
1293 3051 1450 3123 ἠθάδι
1482 3051 1659 3123 μύθῳ,

183 3133 440 3189 ὐππόσα
474 3137 780 3210 θηήσασθε’
810 3140 972 3204 πόθος
993 3141 1159 3204 δέτις
1185 3141 1357 3212 ὑμέας
1386 3141 1533 3195 ἕλκει

178 3225 400 3298 ’Δρτων
430 3227 734 3282 θεσπεσίων
759 3231 1174 3302 παλινάγρετος,
1200 3233 1316 3284 ὄττι
1342 3232 1605 3301 φαγόντες

179 3317 480 3389 Είλαπίνην
506 3319 662 3391 νήριο
672 3337 770 3391 μον
797 3322 934 3392 ἐμῆς
959 3321 1260 3393 κεκόρησθε
1287 3321 1587 3393 τραπέζης.

184 3412 250 3463 27
289 3411 460 3465 Ἀ).λά
490 3412 951 3466 πολυπλανέεσσιν
978 3415 1174 3467 ἐάσατε
1210 3414 1507 3486 σύνδρομον
1535 3413 1733 3485 αὔραις

185 3503 348 3555 Δαῖτα
379 3503 518 3573 ταχὺ
555 3503 846 3574 φθιμένην,
873 3507 967 3558 καὶ
985 3505 1262 3558 ἀνύσσατε
1294 3506 1492 3576 μᾶλλον
1517 3505 1732 3576 ἐκείνην

186 3587 480 3662 Εἰλαπίνην
516 3591 819 3663 μίμνουσαν
845 3591 1096 3657 ἀειζώοιο
1124 3595 1422 3665 τραπέζης,

192 3682 289 3736 Ἦν
322 3683 488 3754 μόνος
520 3684 830 3758 ἀνθρώποιο
861 3685 1147 3756 φερέσϐιος
1174 3686 1299 3749 Υἱὸς
1323 3687 1572 3752 ὀπάσσει,

180 3773 386 3828 Τοῦτον
415 3776 500 3828 ὅτι
527 3777 831 3851 σφτηγισσε
869 3776 1057 3850 Πατὴρ
1084 3777 1236 3840 Θεός.
1267 3777 1338 3831 28
1358 3777 1654 3849 Είρὸμενος
1678 3778 1737 3832 δὲ

184 3866 322 3930 Διὸς
357 3866 630 3920 Ἰουδαίων
659 3867 989 3937 φιλοπευθέα
1023 3869 1226 3940 ρήξατο
1258 3870 1441 3940 φωνήν
1460 3886 1474 3900 ο

181 3943 340 4022 Eine,
377 3957 430 4010 τί
457 3974 551 4011 κεν
576 3959 843 4030 ρέξωμεν,
865 3960 1014 4022 ὅπως
1048 3959 1332 4029 θεοτερπέῖ
1354 3957 1543 4029 θεσμῷ
1583 4023 1590 4031 ί

183 4047 368 4119 Ἔργα
398 4047 536 4102 Θεοῦ
565 4050 910 4121 τελέσοιμεν;
939 4050 1009 4106 ‘29
1035 4050 1203 4116 Ἀναξ
1225 4051 1270 4103 δ’
1297 4050 1554 4121 ἠμείϐετο
1578 4048 1732 4122 μύθῳ
1749 4066 1763 4080 ο

191 4139 397 4212 Ὄρθην
425 4142 609 4194 πίστιν
633 4143 866 4212 ἔχοντες,
895 4145 1043 4206 ὅπως
1064 4142 1288 4213 δέξησθε
1323 4143 1560 4210 φανέντα

177 4230 416 4284 Ὀντινα
442 4235 619 4296 κεῖνος
648 4235 914 4305 ἔπεμπεν.
947 4234 1017 4287 30
1049 4233 1483 4302 Ἐπεφθέγξαντο
1510 4233 1567 4286 δὲ
1594 4232 1743 4286 λαοί⁹

177 4322 347 4379 Ποῖον
376 4323 714 4395 ἐελδομένοις
751 4327 983 4397 σημήϊον
1020 4324 1168 4395 ἄμμι
1193 4324 1488 4387 τελέσσεις,

1141 293 1629 355 PARAPHRASIS
1668 302 1732 356 IN
1773 302 2112 364 JOANNEM.
2152 340 2222 349 —
2260 309 2411 365 CAP.
2454 309 2535 365 V‘l.

3346 322 3456 380 798

1794 428 1838 485 Α
1870 423 1952 480 vis
1980 425 2148 480 maris
2188 424 2316 479 Erat
2359 434 2518 490 tunc;
2559 433 2611 480 ct
2654 434 2772 480 erat
2801 437 3009 496 portus,
3049 441 3333 505 postquam
3363 439 3453 494 di-

1872 515 1996 569 vina
2031 516 2326 586 agitatione
2357 515 2640 586 Tanquam
2687 533 2841 574 mens
2869 522 3031 588 alata,
3075 525 3192 580 sine
3233 532 3409 585 ventis
3431 570 3449 600 ,

1871 607 1991 662 sine
2021 607 2209 674 remis,
2243 607 2324 660 Ad
2357 607 2712 677 longinquum
2738 621 2949 678 portum
2974 616 3256 683 appulerat
3284 637 3453 690 spon-

1869 706 2029 753 tanea
2056 701 2233 755 navis.
2264 699 2336 752 22
2375 697 2480 753 Sed
2503 699 2718 768 quando
2739 701 3082 760 rubefaciens
3105 705 3450 768 Tiberiadem

1868 789 2104 844 vicinam
2137 798 2346 861 petram
2382 789 2438 844 ln
2475 806 2688 845 summo
2719 807 2985 861 apparens
3034 797 3304 867 signasset
3333 819 3454 856 um-

1869 880 2088 934 brosam
2133 895 2331 934 aurora
2375 881 2683 950 caliginem,
2719 879 2958 951 Populus
2999 887 3208 953 pulchri
3254 890 3452 946 littoris

1870 978 2022 1025 trans
2074 972 2386 1040 oppositum
2435 987 2584 1024 mare
2635 969 2822 1035 Stans,
2873 973 3262 1046 circumspexit
3305 983 3452 1050 quod

1870 1076 2089 1116 sacrum
2114 1062 2256 1132 apud
2290 1064 2464 1116 lacum
2497 1061 2791 1117 Humidum
2823 1080 2930 1118 non
2965 1077 3150 1122 essent
3185 1070 3448 1140 agitatum

1869 1167 2035 1222 prope
2060 1153 2214 1207 littus
2237 1153 2511 1208 Ordinata:
2534 1153 2764 1208 invicem
2789 1155 3092 1222 conjunctre
3118 1173 3280 1216 naves
3307 1163 3448 1229 aliae,

1866 1241 1981 1298 Nisi
2019 1245 2172 1298 navis
2217 1259 2324 1297 una
2380 1243 2494 1298 sola
2542 1257 2649 1296 non
2702 1243 2984 1312 navigans,
3034 1248 3286 1318 quodque
3335 1252 3452 1322 ipse

1866 1333 1985 1388 Non
2020 1345 2150 1389 tunc
2185 1335 2504 1406 pontigrada
2528 1335 2581 1388 in
2603 1349 2740 1389 nave
2760 1332 2920 1389 Jesus
2951 1337 3058 1406 65
3097 1337 3301 1396 Divinis
3324 1357 3449 1396 cum

1865 1427 2034 1481 sociis
2074 1427 2386 1496 navigaret;
2428 1425 2520 1480 sed
2553 1425 2697 1495 quod
2733 1426 2831 1480 soli
2865 1426 3088 1480 Terram
3136 1429 3190 1482 in
3234 1432 3453 1500 opposi-

1867 1521 1975 1567 tam
2006 1516 2353 1586 navigassent
2379 1516 2631 1584 discipuli
2660 1535 2672 1569 :
2701 1517 2771 1570 25
2805 1517 2952 1570 Alias
2981 1534 3146 1574 naves
3183 1523 3452 1590 accipien-

1870 1612 1971 1666 ιεε,
2007 1602 2098 1656 ubi
2132 1601 2435 1656 Tiberiadis
2465 1601 2654 1674 [sunt]
2683 1604 2893 1665 littora,
2932 1605 3075 1660 Mare
3104 1609 3452 1663 concitarunt

1867 1700 1921 1748 et
1965 1702 2230 1747 venerunt
2270 1709 2435 1763 prope
2467 1695 2682 1756 locum,
2723 1694 2961 1763 Populus
2994 1697 3082 1750 ubi
3130 1699 3452 1754 innumeros

1797 1764 1840 1821 Β
1867 1797 2033 1852 super
2046 1786 2413 1853 graminosam
2439 1801 2679 1839 lllt‘llsnlll
2706 1787 2957 1841 Divinum
2976 1789 3211 1843 comedit
3234 1806 3450 1859 panem,

1863 1889 2024 1942 quem
2053 1874 2211 1944 fregit
2247 1875 2568 1930 immortalis
2603 1893 2796 1932 manus
2825 1878 3053 1941 Christi,
3090 1882 3334 1936 omnium
3371 1898 3452 1936 re-

1863 1965 2004 2018 ctori
2029 1967 2232 2034 gratias
2269 1964 2415 2020 Patri
2451 1969 2680 2036 agentis.
2711 1967 2781 2019 24
2821 1968 2930 2022 Nec
2965 1969 3242 2024 Christum
3269 1989 3448 2042 regem

1865 2053 2032 2108 vitam
2083 2053 2365 2118 ferentem,
2413 2071 2588 2124 neque
2618 2057 2917 2126 discipulos
2950 2057 3254 2128 chucnles
3295 2063 3450 2115 inve-

1867 2142 2100 2208 nientes,
2137 2143 2434 2213 reciprocis
2460 2145 2512 2197 in
2549 2146 2779 2201 navibus
2822 2147 3149 2203 Maritimam
3198 2165 3448 2220 spumam

1865 2235 2163 2289 ferentibus
2206 2250 2402 2304 aquam
2449 2234 2774 2291 dealbarunt
2817 2238 3006 2301 remis,
3050 2239 3130 2293 Ad
3175 2242 3449 2295 civitatem

1864 2326 2208 2396 Capernaum
2242 2327 2598 2396 appellentes.
2628 2327 2700 2382 25
2737 2327 3110 2398 Propinquum
3147 2340 3324 2384 autem
3363 2334 3450 2384 lu—

1863 2415 2145 2468 venientes
2174 2420 2328 2470 trans
2375 2414 2674 2483 inquietum
2709 2430 2858 2471 mare
2881 2417 3179 2483 Christum,
3214 2419 3452 2472 circum-

1863 2503 2148 2570 dederunt,
2189 2511 2245 2558 et
2275 2504 2528 2558 dixerunt
2566 2505 2719 2558 suavi
2765 2518 3016 2561 sermone
3056 2524 3068 2560 :
3100 2506 3272 2562 Rabbi
3320 2523 3411 2563 rex
3437 2551 3453 2572 ,

1865 2593 2087 2664 quando
2135 2593 2244 2648 huc
2277 2593 2578 2663 navigasti?
2623 2593 2694 2646 26
2735 2592 2930 2672 Rapidi
2976 2596 3455 2652 aulem-Convivii

1866 2695 2161 2739 memorem
2185 2682 2449 2737 advenam
2472 2684 2731 2752 populum
2756 2675 3090 2753 redarguens
3111 2685 3273 2742 Jesus
3294 2687 3453 2753 dixit,

1868 2772 2158 2842 temporali
2192 2786 2222 2825 a
2254 2773 2378 2827 cibo
2410 2773 2492 2826 Ad
2533 2773 2845 2826 convivium
2883 2775 3156 2830 viviﬁcum
3203 2786 3453 2832 errantes

1866 2865 2016 2919 viros
2039 2863 2262 2918 trahens
2287 2882 2300 2917 :
2329 2862 2458 2918 Scio
2495 2865 2627 2934 quid
2655 2873 2961 2934 quaerentes
2993 2868 3252 2933 venistis;
3283 2884 3456 2938 πετο-

1870 2964 2051 3011 tormn
2080 2957 2224 3012 enim
2253 2955 2370 3010 Non
2397 2967 2618 3027 propter
2648 2958 2908 3012 miracula
2935 2959 3025 3012 illa
3053 2975 3174 3027 qua:
3200 2959 3302 3015 feci
3330 2977 3464 3015 cun-

1871 3058 2028 3103 sueto
2061 3049 2250 3113 verbo,
2298 3047 2432 3114 Qua:
2463 3049 2708 3114 vidistis;
2758 3051 3091 3106 desiderium
3138 3060 3320 3106 autem
3358 3054 3458 3106 ali-

1871 3139 2016 3209 quod
2052 3153 2148 3194 vos
2179 3138 2347 3192 trahit
2381 3137 2592 3193 Panum
2639 3139 2951 3194 divinorum
2993 3156 3190 3196 rursus
3229 3157 3460 3212 congre-

1870 3245 2029 3300 gans,
2077 3229 2224 3300 quod
2270 3231 2617 3285 comedentes
2664 3229 2718 3283 ln
2765 3231 3016 3285 convivio
3071 3231 3286 3286 inﬁnito
3337 3248 3458 3287 mea

1873 3320 2054 3375 satiati
2107 3320 2230 3374 sitis
2264 3335 2295 3372 a
2346 3335 2554 3374 mensa.
2589 3320 2659 3373 27
2709 3319 2815 3374 Sed
2865 3322 3095 3374 multum
3143 3321 3461 3378 errantibus

1872 3410 2197 3466 committite
2227 3410 2485 3466 comitem
2527 3411 2704 3466 ventis
2743 3411 2939 3466 Cibum
2984 3412 3096 3466 cito
3133 3413 3462 3482 corruptibi-

1873 3503 2002 3567 lem,
2036 3509 2091 3554 et
2116 3498 2358 3570 perlicite
2387 3500 2562 3570 magis
2584 3501 2734 3554 illum
2759 3500 2956 3555 Cibum
2981 3509 3290 3554 manentem
3317 3517 3463 3554 scm-

1876 3593 2110 3662 perviva:
2142 3606 2366 3654 mensae,
2401 3591 2572 3655 Quem
2617 3591 2768 3646 solus
2810 3590 3046 3644 hominis
3081 3592 3247 3642 vitam
3282 3589 3462 3645 fercus

1877 3696 2046 3752 Filius
2093 3697 2278 3757 dabit,
2328 3693 2486 3748 llunc
2541 3694 2670 3764 quia
2733 3692 3042 3763 obsignavit
3089 3692 3232 3748 Deus
3277 3691 3460 3769 Pater.

1873 3799 1944 3855 28
1999 3798 2346 3868 Interrogans
2393 3805 2570 3851 autem
2625 3795 2859 3866 populus
2911 3794 3220 3850 Judmorum
3273 3794 3462 3849 scisci-

1875 3913 2080 3958 tantem
2133 3901 2279 3971 rupit
2319 3916 2535 3956 vocem:
2575 3899 2671 3954 Die
2724 3900 2854 3969 quid
2906 3901 3194 3965 iaciemus,
3245 3910 3304 3954 ut
3352 3899 3463 3954 Deo

1874 4015 2026 4079 grato
2053 4009 2160 4060 ritu
2193 4007 2369 4078 Opera
2408 4006 2500 4061 Dei
2543 4006 2930 4076 perﬁciamus?
2964 4006 3034 4060 29
3065 4005 3178 4062 Rex
3206 4021 3336 4062 vero
3374 4021 3463 4060 re-

1877 4112 2100 4182 Spondit
2143 4126 2430 4166 sermone:
2457 4110 2679 4166 Rectam
2728 4111 2884 4167 Iidem
2931 4113 3211 4178 habentes,
3237 4120 3295 4166 ut
3322 4113 3464 4166 r-eci-

1882 4217 2047 4286 piatis
2090 4224 2464 4286 apparentem,
2501 4216 2672 4281 Quem
2720 4215 2811 4270 ille
2850 4218 3018 4272 misit.
3063 4217 3133 4271 50
3169 4215 3467 4286 Respondit

1885 4329 2064 4374 autem
2101 4320 2574 4389 populuszQuale
2629 4321 2978 4392 cupientibus
3040 4322 3258 4393 signum
3308 4321 3464 4376 nobis

1397 4438 1680 4496 TEXTUS
1719 4435 2252 4494 EVANCELISTAE.

248 4564 326 4620 2?.
365 4563 448 4634 Τῇ
494 4560 756 4634 ἐπαύριον
796 4561 825 4614 6
871 4560 1026 4630 ὄχλος
1075 4561 1105 4612 6
1155 4558 1402 4630 έστηκὼς
1451 4559 1628 4631 πέραν
1676 4559 1776 4629 τῆς
1809 4563 1854 4620 D
1949 4557 2020 4610 26
2063 4554 2358 4626 Ἀπεκρίθη
2403 4555 2583 4617 αὑτοῖς
2624 4555 2653 4608 6
2692 4553 2900 4625 Ἰησοῦς
2934 4553 3024 4606 καὶ
3066 4547 3258 4604 εἶπεψ
3299 4552 3467 4622 ’Δρ-ἦν

175 4649 490 4719 θαλάσσης,
529 4645 653 4699 ιδὼν
695 4647 777 4698 ὅτι
821 4645 1102 4716 πλοιάριον
1143 4643 1272 4699 ἀλλο
1310 4645 1410 4698 οὑκ
1451 4638 1519 4714 ἦν
1571 4644 1689 4695 ἐκεῖ
1725 4644 1774 4694 εί

177 4733 256 4804 μὴ
287 4733 373 4795 ἓν,
407 4733 586 4784 ἐκεῖνο
614 4731 693 4793 είς
719 4728 748 4780 ὃ
781 4728 1048 4799 ἐνέϐησαν
1086 4728 1135 4779 oi
1172 4727 1415 4798 μαθηταὶ
1446 4725 1632 4790 αὑτοῦ,
1682 4726 1776 4778 καὶ⁸

172 4818 257 4869 ὅτι
287 4817 358 4869 οὑ
391 4813 705 4884 συνεισῆλθε
737 4815 847 4876 τοῖς
894 4811 1161 4882 μαθηταῖς
1203 4810 1366 4864 αὑτοῦ
1389 4813 1417 4864 6
1455 4808 1659 4880 Ἰησοῦς
1697 4809 1777 4870 εἰς

173 4898 236 4952 τδ
268 4897 597 4967 πλοιάριον,
643 4895 779 4950 ἀλλά
825 4896 977 4966 μόνοι
1016 4896 1064 4947 oi
1115 4893 1356 4965 μαθηταὶ
1394 4893 1560 4945 αὑτοῦ
1595 4891 1774 4961 ἀπῆλ-

170 4981 295 5035 θον-

242 5064 325 5119 25
362 5062 533 5116 ’Δλλα
577 5061 634 5115 δέ
665 5057 796 5132 ἦλθε
843 5060 1100 5132 πλοιάρια
1141 5059 1204 5114 ἐκ
1261 5056 1577 5128 Τιϐεριάδος
1621 5056 1786 5124 ἐγγὺς

166 5147 269 5200 τοῦ
312 5148 489 5200 τόπου
526 5147 661 5200 ὅπου
703 5147 906 5216 ἔφαγον
949 5145 1041 5198 τὸν
1079 5145 1263 5213 ἄρτον,
1293 5141 1784 5212 εὐχαριστήσαντος

168 5229 272 5283 τοῦ
310 5230 547 5301 Κυρίου·

241 5312 326 5366 24
369 5312 501 5365 ὐτε
533 5306 626 5366 οῦν
672 5305 811 5364 εἶδεν
852 5310 881 5364 6
923 5309 1078 5379 δχλος
1125 5307 1209 5360 ὅτι
1243 5306 1448 5378 Ἰησοῦς
1495 5307 1594 5360 οὑκ
1636 5307 1780 5361 ἐστιν

169 5396 320 5459 ἐκεῖ,
360 5393 485 5448 οὐδὲ
514 5395 564 5447 οἱ
602 5393 842 5463 μαθηταὶ
874 5391 1058 5455 αὑτοῦ,
1091 5391 1355 5462 ἐνέϐησαν
1387 5389 1484 5443 καὶ
1516 5390 1669 5442 αὑτοὶ
1703 5391 1782 5453 είς

166 5478 246 5532 τὰ
279 5477 478 5545 πλοῖα,
511 5479 606 5533 καὶ
632 5476 795 5551 ῆλθον
821 5480 902 5543 είς
939 5477 1333 5548 Καπερναοὺμ,
1371 5473 1658 5546 ζητοῦντες
1691 5474 1782 5528 τὸν

179 5561 438 5634 Ἰησοῦν.

241 5647 332 5702 25
362 5646 476 5699 Καὶ
507 5645 756 5716 εὑρόντες
782 5646 941 5701 αὑτὸν
971 5645 1142 5717 πέραν
1168 5645 1262 5715 τῆς
1310 5642 1605 5716 θαλάσσης,
1638 5639 1786 5696 εἶπεν

171 5729 340 5793 αὐτῷ
360 5745 376 5758 ·
425 5730 633 5791 Ῥαϐϐὶ,
670 5730 797 5783 πότε
823 5722 920 5785 ὧδε
951 5729 1175 5794 γέγονας
1202 5748 1215 5792 ;

1882 4639 2030 4709 ἀμὴν
2069 4639 2212 4706 λέγω
2245 4638 2392 4708 ὑμῖν,
2429 4638 2642 4708 ζητεῖτέ
2681 4655 2746 4705 με
2777 4638 2874 4704 οὑχ
2907 4637 2987 4686 ὅτι
3030 4635 3199 4686 εἴδετε
3246 4635 3466 4703 σημεῖα..

1883 4721 1999 4775 ἀλλ’
2033 4723 2114 4775 ὅτι
2148 4721 2380 4790 ἐφάγετε
2410 4722 2474 4772 ἐκ
2497 4720 2604 4773 τῶν
2636 4721 2834 4790 ἀρτων,
2861 4718 2956 4771 καὶ
2983 4715 3367 4786 ἐχορτάσθητε.

1952 4805 2020 4858 27
2068 4803 2393 4874 Ἐργάζεσθε
2433 4803 2506 4874 μὴ
2547 4803 2645 4872 τὴν
2686 4803 2886 4873 βρῶσιν
2933 4801 3027 4870 τὴν
3073 4797 3471 4867 ἀπολλυμένην,

1881 4888 2021 4941 ἀλλά
2045 4888 2144 4958 τὴν
2179 4887 2379 4956 βρῶσιν
2406 4887 2504 4958 τὴν
2539 4886 2805 4956 μένουσαν
2846 4887 2926 4948 είς
2956 4883 3101 4954 ζωὴν
3135 4880 3370 4943 αἰώνιον,
3407 4880 3474 4950 ἢν

1883 4973 1911 5024 6
1949 4972 2075 5034 Υίὸς
2103 4970 2197 5022 τοῦ
2231 4968 2518 5041 ἀνθρώπου
2555 4970 2683 5040 ὑμῖν
2719 4967 3128 5022 δώσει’-τοῦτον
3155 4964 3262 5034 γὰρ
3300 4963 3328 5015 6
3362 4963 3475 5014 ιια-

1884 5054 1989 5127 τὴρ
2018 5055 2371 5123 ἐσφράγισεν,
2399 5055 2427 5106 6
2460 5053 2612 5116 Θεός.

1956 5137 2024 5189 28
2050 5133 2216 5190 Εἶπον
2256 5132 2348 5189 οὖν
2389 5136 2525 5207 πρὸς
2567 5135 2765 5188 αὐτόν·
2806 5133 2870 5186 Τί
2907 5131 3150 5202 ποιῶμεν
3185 5130 3270 5181 ἵνα
3308 5129 3477 5200 ἐργα-

1883 5218 2106 5289 ζώμεθα
2139 5221 2206 5273 τὰ
2231 5219 2368 5289 ἔργα
2398 5218 2494 5271 τοῦ
2533 5217 2668 5270 Θεοῦ
2697 5235 2710 5282 ;

1950 5303 2021 5356 29
2068 5301 2367 5370 Ἀπεκρίθη
2411 5303 2440 5353 6
2480 5299 2686 5369 Ἰησοῦς
2731 5297 2824 5350 καὶ
2874 5292 3025 5348 εἶπεν
3068 5296 3271 5356 αὐτοῖς’
3309 5290 3482 5346 Τοῦτό

1881 5389 1996 5440 ἐστι
2043 5386 2106 5438 τὸ
2158 5385 2314 5456 ἔργον
2343 5383 2438 5437 τοῦ
2483 5383 2642 5449 Θεοῦ,
2684 5382 2771 5434 ἴνα
2820 5379 3143 5448 πςστεύσητε
3176 5379 3254 5441 είς
3281 5376 3340 5429 ὃν
3369 5377 3481 5430 dm

1887 5469 2125 5524 ἔστειλεν
2157 5469 2385 5530 ἐκεῖνος.

1961 5555 2030 5609 50
2059 5548 2225 5605 Εἶπον
2256 5547 2349 5605 οὖν
2375 5548 2552 5620 αὐτῷ·
2586 5548 2649 5600 Τί
2687 5543 2781 5602 οὖν
2816 5549 2988 5612 ποιεῖς
3020 5546 3084 5601 σὺ
3115 5546 3360 5616 σημεῖον,
3392 5538 3478 5590 ἵνα

1897 5637 2094 5710 ἴδωμεν
2129 5638 2221 5691 καὶ
2258 5635 2635 5707 πιστεύσωμέν
2667 5647 2770 5688 aut:
