3956 6202
529 351 632 408 799

1839 333 2063 404 NONNr
2093 345 2601 404 PANOPOIJTANI

3684 356 3771 411 κου

531 473 803 544 perﬁcies,
833 472 906 528 Ut
949 469 1256 525 credamus.
1292 462 1538 518 divinum
1569 479 1708 534 opus
1744 466 2118 534 accipientes?

2237 466 2408 536 Ὀφρα
2449 483 2510 519 κε
2536 465 2914 536 πειθοίμεσθα,
2942 466 3232 518 θεόσσυτον
3262 465 3418 536 ἔργον
3449 466 3685 532 ἐλόντεςς

533 565 644 636 66
683 564 822 631 Quid
871 562 1038 616 facies
1079 556 1354 627 prioribus
1391 557 1606 611 simile?
1644 556 1708 609 51
1745 555 1928 612 Nostri
1967 560 2113 612 enim

535 658 672 712 [Σαξιί
694 665 956 710 aeternum
988 651 1169 704 cibum
1200 647 1474 702 desertam
1509 648 1653 717 apud
1684 658 1890 718 petram
1921 649 2115 705 Manna

536 748 696 801 valde
745 743 1078 799 celebratum
1144 746 1461 810 spectarunt
1519 747 1798 809 parentes,
1871 740 2119 811 Scriptor

536 838 684 908 quod
727 835 1084 904 multiloquus
1127 832 1394 886 immenso
1437 832 1714 900 quondam
1747 833 1948 903 populo
1991 832 2118 887 Ca:-

541 932 675 985 litus
707 927 938 999 praebuit
971 941 1165 996 panem
1195 927 1420 997 copioso
1455 927 1796 988 convictori.

611 1018 680 1072 52
713 1017 875 1071 Jesus
905 1024 1086 1070 autem
1121 1014 1278 1079 dixit,
1313 1016 1610 1084 superbum
1635 1017 1899 1087 populum
1931 1015 2120 1072 redar-

539 1123 747 1182 guens:
787 1106 966 1162 Moses
996 1121 1104 1160 non
1136 1116 1296 1160 antea
1335 1107 1510 1172 vobis,
1537 1107 1809 1162 desertam
1841 1110 1986 1180 apud
2029 1125 2122 1179 pe-

540 1209 707 1261 tram,
742 1196 1034 1252 leestcm
1074 1211 1270 1265 panem
1307 1197 1532 1266 prznbuit
1567 1197 1886 1254 mellilluum
1931 1199 1998 1253 ad
2030 1214 2124 1254 co-

547 1288 878 1344 medendum
911 1306 923 1340 :
961 1285 1068 1341 Sed
1105 1286 1266 1341 Pater
1306 1303 1459 1343 meus
1491 1296 1628 1351 erat,
1658 1289 1751 1358 qui
1789 1291 1968 1345 adhuc
1995 1306 2125 1360 prte-

542 1380 866 1435 stantiorem
901 1377 1056 1433 vobis
1095 1378 1328 1432 leitus
1382 1379 1684 1449 sapientem
1731 1379 1900 1433 alium
1937 1395 2124 1435 verum

545 1489 740 1546 panem
776 1472 1058 1543 praebebit.
1097 1472 1166 1526 55
1206 1469 1307 1524 Hic
1347 1474 1492 1526 enim
1518 1479 1604 1525 est
1645 1472 1802 1541 panis
1840 1471 1936 1541 qui
1974 1473 2126 1527 coeli-

545 1575 637 1623 tus
665 1564 1005 1621 descendens
1033 1562 1211 1618 Vitam
1235 1563 1494 1619 omnibus
1521 1564 1750 1617 charam
1782 1563 1879 1618 toti
1901 1563 2127 1618 donavit

547 1656 770 1712 mundo.
820 1656 888 1710 54
934 1653 1000 1707 Et
1045 1669 1241 1708 rursus
1294 1654 1375 1708 sic
1411 1654 1550 1708 dixit
1589 1653 1902 1709 Iudaeorum
1950 1663 2127 1710 canus

547 1750 790 1804 virorum
836 1765 849 1801 :
892 1745 1031 1800 Vita:
1073 1745 1325 1810 Domine,
1363 1745 1510 1800 hunc
1551 1762 1712 1816 quem
1740 1747 1926 1802 dixisti
1957 1747 2131 1802 stabi-

2214 558 2322 628 67
2341 558 2405 610 Τί
2436 558 2663 630 πρήξεις
2685 557 3022 629 προτέροισιν
3046 557 3246 628 ὑμοίῐον
3263 575 3276 623 ;
3295 558 3354 611 51
3386 559 3666 630 Ἣμέτεροι
3684 571 3772 634 γὰρ

2217 651 2444 722 Αίθέρος
2470 650 2694 720 ἄφθιτον
2723 645 2875 720 εἶδαρ
2895 648 3166 720 ἐρημάδος
3197 647 3391 717 ἐγγύθι
3425 650 3627 720 πέτρης

2219 743 2414 797 Μὰννα
2446 741 2836 814 πολυκλὴῖστον
2865 742 3164 812 ἐθηήσαντο
3197 741 3414 812 τοκῆες,
3440 785 3444 788 η

2219 835 2260 886 Γ
2264 834 2470 903 ραπτὸς
2495 835 2632 904 ὅπερ
2670 832 2978 903 πολύμυθος
3011 832 3301 903 ἀμετρὴτῳ
3327 832 3455 884 ποτὲ
3485 829 3596 902 λαῷ

2224 926 2298 978 Οὐ
2308 924 2529 995 ρανόθεν
2555 925 2724 995 πόρεν
2755 924 2918 994 ἄρτον
2944 922 3151 991 ἀφειδέῖ
3185 921 3527 992 δαιτυμονῆῖ.

2292 1017 2364 1072 52
2402 1015 2605 1086 Ἰησοῦς
2633 1016 2678 1069 δ’
2709 1015 2946 1086 όάριζεν,
2982 1015 3222 1085 ἀγήνορα
3259 1012 3387 1066 λαὸν
3420 1013 3680 1082 ἐλέγχων·

2223 1109 2426 1179 Μωσῆς
2451 1109 2511 1162 ού
2546 1107 2720 1178 πάρος
2752 1106 2946 1178 ὔμμιν,
2981 1106 3223 1178 ἐρημαίῃ
3257 1104 3409 1177 παρὰ
3439 1105 3631 1175 πέτρῃ.

2223 1200 2450 1271 Αἰθέρος
2479 1199 2641 1270 ἄρτον
2670 1199 2841 1262 ὄπαζε
2872 1198 3190 1270 μελίρῤυτον
3221 1196 3615 1260 είλαπινάξειν·

2238 1291 2399 1345 Ἀλλά
2434 1291 2623 1361 Πατὴρ
2649 1291 2778 1361 ἐμὸς
2809 1287 2928 1362 ἦεν,
2962 1291 3020 1354 ὃς
3049 1289 3214 1342 εἰσέτι
3239 1290 3501 1360 φέρτερον
3537 1288 3656 1358 ὑμῖν

2228 1383 2533 1456 Οὑρανόθεν
2573 1384 2732 1451 σοφὸν
2758 1383 2916 1436 ἄλλον
2945 1384 3212 1453 ἐτήτυμον
3242 1382 3404 1452 ἄρτον
3431 1380 3668 1434 ὀπάσσει.

2229 1476 2300 1530 55
2333 1469 2502 1538 Οὗτος
2539 1474 2648 1543 γὰρ
2673 1474 2833 1528 πέλεν
2861 1475 3021 1546 ἄρτος
3053 1473 3110 1536 ὃς
3141 1472 3430 1543 οὐρανόθεν
3472 1469 3774 1525 καταϐαίνων

2231 1565 2384 1636 Ζωὴν
2414 1567 2546 1618 πᾶσι
2579 1564 2847 1634 μέλουσαν
2890 1564 2996 1634 ὅλῳ
3026 1563 3308 1634 δωρήσατο
3338 1562 3551 1632 κόσμῳ.

2229 1657 2298 1711 54
2325 1657 2435 1710 Καὶ
2461 1656 2621 1710 πάλιν
2652 1651 2739 1710 ὧδ’
2767 1655 3028 1725 ἀγόρευεν
3066 1655 3334 1708 Ἰουδαίων
3376 1653 3536 1724 χορὸς
3567 1651 3771 1723 ἀνδρῶν,

2235 1747 2392 1816 Ζωῆς
2423 1748 2680 1818 Κοίρανε,
2710 1747 2902 1800 τοῦτον
2934 1745 2992 1798 ὄν
3019 1745 3241 1808 ἕννεπες
3274 1744 3507 1814 ἔμπεδον
3537 1738 3667 1796 εἶναι

549 1841 656 1894 lem
684 1853 808 1893 esse
841 1836 1130 1893 leestem
1162 1850 1356 1904 panem
1390 1835 1570 1904 praebe
1597 1851 1788 1891 verum
1815 1837 2124 1892 comedere.

2237 1834 2455 1905 AlOépo;
2476 1835 2639 1903 ἄρτον
2673 1835 2912 1889 ὄπασσον
2941 1836 3205 1906 ἐτήτυμον
3230 1832 3616 1898 είλαπινάζειν.

551 1929 624 1985 55
664 1926 826 1985 Jesus
875 1935 1056 1982 autem
1088 1927 1305 1996 aperuit
1337 1925 1738 1996 diviniloquum
1783 1941 1867 1992 os,
1906 1926 1970 1980 Et
2005 1943 2132 1998 gra-

552 2021 628 2074 tia
658 2021 923 2090 repletam
961 2019 1228 2074 eructavit
1260 2018 1420 2073 labiis
1451 2033 1639 2073 vocem
1666 2036 1679 2073 :
1719 2018 1856 2074 Vita:
1892 2027 2132 2075 aeternus

553 2112 712 2184 panis
749 2126 850 2182 ego
898 2126 1042 2177 sum,
1081 2112 1236 2180 nigra
1285 2110 1429 2166 fame
1478 2109 1768 2178 Nunquam
1817 2111 2023 2166 esuriet
2051 2113 2134 2166 vir

553 2201 801 2256 mortalis
827 2200 894 2255 ad
925 2216 1012 2255 me
1041 2200 1293 2265 veniens,
1330 2198 1397 2252 Et
1425 2200 1607 2255 omnis
1644 2208 1894 2255 nostram
1939 2200 2137 2255 immo-

552 2301 664 2346 tam
701 2290 859 2346 ﬁdem
909 2304 1140 2361 augens,
1187 2289 1476 2360 Nunquam
1512 2291 1684 2356 sitiet,
1732 2291 1908 2347 donec
1955 2292 2136 2347 adhuc

551 2395 783 2436 curvum
828 2397 1026 2451 repens
1062 2381 1265 2435 AEvum
1297 2383 1421 2435 lata:
1463 2383 1835 2452 generationis
1866 2383 2136 2438 inﬁnitam

553 2479 755 2526 metam
786 2479 1078 2541 permutat.
1123 2472 1192 2526 56
1222 2470 1326 2526 Sed
1357 2473 1513 2526 vobis
1545 2473 1657 2526 dixi
1685 2488 1820 2527 mea:
1851 2474 1999 2542 quod
2032 2474 2138 2526 mi-

554 2562 744 2614 racula
771 2562 922 2616 vocis
955 2559 1144 2616 Oculis
1177 2561 1418 2626 vidistis,
1451 2571 1506 2616 et
1537 2578 1645 2617 non
1689 2565 1913 2620 creditis
1957 2565 2134 2620 Patri.

553 2654 623 2708 57
667 2651 858 2708 Omnis
896 2651 1060 2706 homo
1091 2669 1253 2723 quem
1285 2652 1420 2707 mihi
1452 2653 1604 2709 dedit
1649 2653 1814 2709 Pater
1844 2671 2019 2719 meus,
2067 2657 2136 2711 ad

557 2759 643 2800 me
688 2742 870 2799 ﬂectet
898 2742 1202 2816 Vestigium
1248 2759 1434 2810 suum,
1481 2760 1512 2798 a
1556 2744 1668 2801 Deo
1702 2746 1992 2802 adduetus.
2032 2745 2137 2802 Nc—

553 2851 662 2908 que
700 2837 817 2906 ipse
867 2835 1025 2892 Viros
1074 2837 1359 2891 venientes
1409 2851 1600 2893 recens
1647 2839 1937 2895 credentes
1991 2839 2137 2894 foras

558 2931 854 3001 expellam,
894 2929 1002 2985 Sed
1037 2937 1220 2984 mente
1260 2930 1531 3000 gaudente
1557 2931 1878 2999 suscipiam.
1916 2931 1985 2987 58
2016 2933 2138 2986 Non

555 3023 702 3078 enim
741 3020 1071 3076 desiderium
1122 3019 1259 3075 Veni
1304 3021 1524 3075 coalitus
1576 3024 1866 3091 perliciens
1916 3039 2133 3089 meum,

557 3109 651 3168 sed
685 3110 885 3166 Patris.
919 3111 987 3165 59
1017 3109 1134 3165 Hoc.
1159 3119 1338 3164 autem
1371 3111 1616 3164 omnium
1655 3113 1885 3168 rectoris
1919 3116 2026 3168 mei
2049 3122 2134 3171 est

556 3202 736 3256 Patris
767 3200 1123 3263 desiderium,
1150 3201 1217 3256 Ut
1243 3216 1432 3255 eorum
1464 3218 1604 3271 quos
1644 3201 1805 3258 Pater
1847 3220 2002 3261 meus
2035 3207 2134 3263 de-

557 3292 659 3357 dit,
705 3291 916 3344 nullum
955 3289 1198 3359 perdam,
1247 3291 1354 3346 Sed
1405 3291 1586 3361 ipsum
1627 3293 1932 3363 caliginoso
1970 3311 2135 3352 exsu~

557 3377 752 3432 scitem
780 3393 846 3432 ex
884 3377 1164 3443 barathro,
1215 3377 1491 3435 Reducem
1527 3396 1594 3436 ex
1623 3383 1877 3448 mortuis,
1915 3385 2138 3454 quando

560 3468 755 3522 ultima
785 3471 920 3524 hora
962 3470 1132 3526 venit.
1160 3471 1232 3525 At)
1275 3470 1400 3526 llaec
1427 3473 1574 3528 enim
1605 3474 1738 3528 clari
1785 3477 1891 3532 mei
1931 3485 2015 3532 est
2051 3493 2142 3532 vo-

559 3561 742 3616 luntas
771 3560 972 3625 Patris,
999 3562 1112 3633 68
1135 3561 1203 3616 Ut
1227 3564 1406 3622 omnis
1429 3565 1524 3634 qui
1552 3564 1700 3620 videt
1727 3582 1831 3631 me,
1865 3569 2140 3639 placidum

557 3652 777 3707 oculum
813 3653 1079 3721 tendens,
1127 3653 1263 3709 Vitae
1300 3654 1499 3711 futurae
1531 3664 1794 3712 aeternum
1835 3659 1902 3713 ad
1935 3669 2142 3716 coetum

558 3744 742 3798 veniat
768 3762 781 3797 :
819 3744 884 3798 Et
915 3745 1094 3816 ipsum
1123 3748 1478 3804 exsuscitabo
1511 3766 1705 3808 rursus
1727 3763 2138 3824 congregatum,

559 3836 782 3906 quando
809 3837 959 3894 illius
993 3839 1210 3895 Ultima:
1233 3841 1416 3896 lumen
1448 3842 1627 3898 veniet
1657 3858 1889 3904 aurora.
1926 3845 2011 3918 (41
2037 3857 2140 3902 etc.

561 3945 736 4001 usque
768 3931 838 3985 ad
862 3931 978 4003 55.)

2231 1927 2302 1981 55
2343 1925 2549 1998 Ἰησοῦς
2573 1927 2616 1980 δ’
2647 1928 2914 1980 ἐπέτασσε
2952 1927 3211 1998 θεηγόρον
3240 1924 3570 1996 ἀνθερεῶνα,

2233 2021 2343 2072 Kal.
2381 2021 2601 2091 χάριτος
2633 2019 2941 2091 πλήθουσαν
2970 2021 3206 2090 ἀνὴρυγε
3228 2019 3430 2089 χείλεσι
3461 2017 3667 2086 φωνήν·

2234 2112 2390 2183 Ζωῆς
2419 2112 2643 2181 ἄφθιτος
2671 2114 2832 2184 ἄρτος
2857 2113 2968 2180 ἐγὼ
2998 2113 3174 2165 πέλωο
3207 2112 3390 2165 αἴθοπι
3419 2108 3562 2180 λιμῷ

2236 2204 2449 2258 Οῦποτε
2482 2207 2788 2275 πεινήσειεν
2819 2205 2957 2276 ἀνὴρ
2991 2204 3180 2276 βροτὸς
3211 2205 3290 2267 εἰς
3321 2203 3422 2272 ἐμὲ
3456 2199 3667 2271 βαίνων,

2235 2297 2345 2348 Kal.
2373 2298 2481 2360 πᾶς
2509 2296 2787 2368 ἡμετέρην
2819 2297 3105 2366 ἀστεμφέα
3128 2298 3312 2350 πίστιν
3332 2295 3526 2361 ἀέξων,

2235 2386 2448 2440 Οῦποτε
2474 2386 2774 2458 διψήσειεν,
2805 2387 2909 2451 ἕως
2939 2387 3018 2439 ἐτι
3052 2387 3339 2458 καμπύλος
3367 2388 3553 2459 ἕρπων

2235 2477 2380 2530 Alde
2406 2478 2753 2548 εὐρυγένειος
2779 2479 3053 2550 ἀτέρμονα
3080 2478 3281 2533 νύσσαν
3300 2480 3536 2550 ἀμείϐει.

2235 2568 2305 2623 56
2349 2569 2485 2621 Ἀλλ’
2520 2570 2647 2640 ὑμῖν
2673 2570 2956 2642 ἀγόρευον,
2989 2571 3126 2641 ἐμῆς
3147 2571 3230 2623 ὅτι
3258 2571 3509 2642 θαύματα
3541 2571 3710 2642 φωνῆς

2240 2662 2488 2731 Ὀμμασι
2521 2661 2820 2734 θηήσασθε,
2856 2664 2948 2716 καὶ
2978 2664 3037 2716 ού
3068 2663 3319 2716 πείθεσθε
3348 2665 3536 2734 Τοκῆῖ.

2237 2753 2304 2806 57
2320 2754 2434 2816 Πᾶς
2448 2753 2636 2825 βροτὸς
2648 2755 2706 2807 ὃν
2722 2771 2812 2824 μοι
2823 2753 3027 2807 ὄπασσε
3043 2754 3231 2827 Πατὴρ
3244 2756 3396 2826 ἐμὸς,
3412 2759 3490 2818 εἰς
3503 2758 3598 2826 ἐμέ
3611 2751 3782 2825 κάμψει

2243 2847 2417 2916 Ἴχνος
2448 2845 2556 2912 ἐὸν,
2583 2845 2768 2898 θεόθεν
2798 2846 3177 2917 πεφορημένσς
3195 2862 3210 2878 ’
3239 2847 3361 2899 ούδέ
3390 2848 3483 2901 καὶ
3512 2846 3665 2910 αύτδς

2252 2935 2370 2987 ’Λνέ
2383 2952 2480 3005 ρας
2514 2935 2840 3006 ἐρχομένους
2873 2937 3188 3000 νεοπειθέας
3222 2937 3376 2999 ἐκτὸς
3416 2936 3644 2999 ἐλάσσω,

2252 3029 2411 3082 Ἀλλά
2439 3030 2543 3098 νόῳ
2569 3027 2814 3099 χαίροντι
2835 3027 3138 3098 δεδέξομαι.
3173 3027 3242 3082 58
3272 3029 3347 3080 Οὐ
3377 3027 3484 3100 γὰρ
3509 3027 3695 3096 ἐέλδωρ

2248 3121 2481 3175 Ἦλυθον
2519 3120 2810 3191 οὐρανόθεν
2844 3119 3042 3174 τελέων
3066 3119 3218 3189 ἐμὸν,
3250 3119 3387 3173 ἀλλά
3417 3119 3638 3188 Τοκῆος.

2241 3216 2307 3270 59
2329 3213 2498 3266 Τοῦτο
2516 3211 2573 3265 δὲ
2599 3211 3007 3282 ’παμμεδέοντος
3031 3210 3165 3281 ἐμοῦ
3196 3211 3323 3263 πέλε
3359 3211 3568 3282 Πατρός
3600 3209 3782 3279 ἐέλδωρ,

2246 3304 2428 3374 Ὄφρα
2460 3319 2554 3356 κεν
2583 3294 2658 3354 ὧν
2687 3295 2918 3371 Γενέτης
2948 3301 3080 3371 ἐμὸς
3104 3299 3292 3353 ὤπασε
3325 3303 3492 3371 μηδὲν
3519 3300 3723 3363 ὀλέσσω,

2254 3391 2416 3445 Ἀλλά
2439 3410 2530 3463 μιν
2557 3392 2877 3461 ἀχλυόεντος
2909 3391 3272 3462 ἀναστήσοιμι
3297 3392 3554 3463 βερέθρου

2242 3487 2514 3556 Νόστιμον
2541 3487 2605 3538 ἐκ
2636 3484 2864 3548 νεκύων,
2899 3485 2988 3538 ὅτε
3015 3483 3248 3537 λοίσθιον
3273 3479 3430 3555 ἦμαρ
3464 3483 3643 3536 ἱκάνει.

2242 3575 2312 3629 40
2345 3556 2515 3628 τοῦτο
2540 3575 2647 3646 γὰρ
2671 3573 2988 3645 αἰγλήεντος
3016 3574 3149 3645 ἐμοῦ
3181 3575 3310 3628 πέλε
3337 3574 3512 3646 νεῦμα
3535 3573 3737 3640 Τοκῆος,

2243 3668 2356 3740 69
2384 3669 2564 3740 Ὄφρα
2588 3685 2650 3719 κε
2671 3669 2779 3732 πᾶς
2798 3668 2969 3738 ὁρόων
2988 3685 3076 3738 με,
3103 3667 3362 3722 πανίλαον
3380 3668 3534 3739 ὄμμα
3549 3664 3783 3726 τιταίνων,

2246 3759 2400 3830 Ζωῆς
2430 3758 2732 3829 ἐσσομένης
2762 3757 2979 3812 αἰώνιον
3011 3760 3070 3821 ἐς
3097 3759 3256 3830 χορὸν
3291 3758 3419 3829 ἐλοῃ
3439 3775 3452 3789 ·

2243 3847 2352 3900 Καί
2385 3863 2476 3917 μιν
2504 3846 2793 3918 ἀναστήσω
2819 3846 3240 3918 παλινάγρετον,
3270 3847 3477 3900 ὁππότε
3509 3845 3679 3914 κείνης

2253 3938 2542 4010 Ὑστατίης
2560 3944 2657 3998 ὅτε
2680 3943 2878 4012 φέγγος
2915 3935 3193 3994 ἐλεύσεται
3224 3940 3554 4011 ἠριγενείης.

1762 4321 2046 4378 TEXTUS
2081 4321 2627 4390 EVANGELISTIEJ

625 4524 688 4578 31
718 4525 780 4577 Οἱ
808 4523 1041 4595 πατέρες
1065 4523 1219 4596 ἡμῶν
1248 4527 1309 4579 τὸ
1341 4528 1512 4596 μάννα
1533 4526 1734 4597 ἔφαγον
1755 4529 1812 4582 ἐν
1833 4532 1898 4601 τῇ
1925 4531 2140 4603 ἐρήμῳ,
2175 4540 2219 4594 ῐ)
2251 4529 2552 4585 πιστεύετε.

556 4605 738 4670 καθώς
787 4608 902 4660 ἐστι
949 4608 1365 4680 γεγραμμένον·
1403 4612 1600 4682 Ἀρτον
1647 4614 1711 4665 ἐκ
1763 4612 1857 4666 τοῦ
1909 4615 2138 4686 ούρανοῦ

556 4691 756 4745 ἔδωκεν
787 4693 972 4756 αὐτοῖς
998 4696 1214 4762 φαγεῖν.

623 4775 693 4830 52
721 4771 888 4829 Εἶπεν
915 4771 1006 4846 οὖν
1037 4778 1222 4840 αὐτοῖς
1256 4777 1284 4829 6
1331 4777 1555 4847 Ἰησοῦςο
1600 4779 1771 4850 Ἀμὴν
1812 4778 1959 4848 ἀμὴν
1996 4779 2138 4846 λέγω

554 4858 716 4929 ὑμῖν·
762 4859 837 4911 Οὐ
881 4860 1119 4928 Μωῦσῆς
1163 4861 1391 4915 δέδωκεν
1432 4863 1560 4932 ὑμῖν
1596 4861 1687 4916 τὸν
1726 4864 1886 4932 ἄρτον
1933 4864 1997 4915 ἐκ
2042 4861 2136 4914 τοῦ

551 4939 817 5012 ούρανοῦ,
865 4939 979 4992 ἀλλ’
1004 4944 1032 4993 6
1067 4943 1260 5014 Πατήρ
1300 4961 1403 5013 μου
1441 4944 1652 4999 δίδωσιν
1694 4946 1820 5015 ὑμῖν
1856 4945 1947 4997 τὸν
1975 4944 2136 5014 ἄρτον

550 5025 620 5080 ἐκ
649 5023 742 5076 τοῦ
771 5022 999 5094 ούρανοῦ
1029 5023 1119 5077 τὸν
1153 5025 1424 5092 ἀληθινόν.

623 5106 692 5160 55
733 5094 790 5157 ⁴Γυ
821 5105 926 5174 γάρ
958 5104 1121 5176 ἄρτος
1157 5107 1252 5159 τοῦ
1292 5108 1427 5161 Θεοῦ
1455 5109 1600 5163 ἐστιν
1634 5108 1663 5160 ό
1705 5107 2048 5162 καταϐαίνων
2072 5110 2136 5160 ἐκ

550 5193 644 5248 τοῦ
669 5194 920 5266 ούρανοῦ,
947 5193 1039 5246 καὶ
1062 5191 1207 5262 ζωὴν
1228 5192 1406 5257 διδοὺς
1430 5192 1508 5263 τῷ
1543 5194 1752 5263 κόσμῳ.

621 5279 692 5333 54
716 5275 882 5332 Εἶπον
943 5271 1036 5330 οῦν
1094 5276 1230 5345 πρὸς
1275 5276 1468 5329 αὐτόν·
1528 5275 1719 5346 Κύριε,
1765 5273 1994 5328 πάντοτε
2047 5273 2136 5339 δὺς

555 5360 683 5433 ἡμῖν
713 5362 804 5414 τὸν
837 5363 1000 5432 ἄρτον
1025 5359 1231 5413 τοῦτον.

619 5444 690 5498 55
735 5438 872 5496 Εἶπε
903 5443 959 5496 δέ
983 5443 1165 5506 αὐτοῖς
1197 5443 1226 5494 ὁ
1273 5440 1476 5512 Ἰησοῦς
1523 5458 1536 5472 ³
1583 5441 1726 5511 Ἐγώ
1762 5443 1877 5513 εἰμι
1913 5442 1942 5494 6
1975 5440 2136 5512 ἄρτος

549 5525 648 5593 τῆς
676 5525 823 5594 ζωῆς
842 5543 855 5556 ο
887 5528 916 5579 6
944 5526 1238 5597 ἐρχόμενος
1262 5526 1398 5594 πρός
1429 5542 1517 5594 με,
1544 5528 1606 5579 ού
1643 5527 1716 5596 μὴ
1749 5525 1978 5597 πεινάσῃ
1997 5539 2010 5554 '
2044 5525 2138 5578 καὶ

552 5605 583 5656 6
611 5608 878 5662 πιστεύων
909 5611 988 5672 είς
1023 5609 1142 5679 ἐμὲ,
1173 5609 1234 5661 ού
1273 5608 1347 5679 μὴ
1373 5609 1574 5680 διψήσῃ
1612 5609 1852 5664 πώποτε.

620 5687 691 5743 56
730 5690 868 5743 Ἀλλ’
900 5687 1054 5746 εἷπον
1086 5693 1213 5761 ὑμῖν
1252 5693 1331 5746 ὅτι
1369 5693 1458 5743 καὶ
1503 5693 1784 5758 ἑωράκατέ
1829 5711 1914 5760 με,
1953 5690 2044 5745 καὶ
2077 5691 2134 5743 οὐ

2320 4615 2388 4668 57
2420 4612 2533 4664 Πᾶν
2563 4609 2590 4661 ὃ
2620 4609 2799 4662 δίδωσί
2835 4625 2924 4680 μοι
2957 4609 2985 4661 6
3019 4607 3225 4679 Πατὴρ,
3258 4608 3395 4680 πρὸς
3427 4608 3526 4679 ἐμὲ
3559 4608 3690 4679 ἡξειο
3715 4603 3788 4657 καὶ

2245 4697 2337 4748 τὸν
2364 4693 2655 4766 ἐρχόμενον
2695 4694 2831 4763 πρός
2862 4711 2928 4764 με
2956 4694 3015 4746 οὐ
3053 4693 3128 4764 μὴ
3158 4693 3372 4745 ἐκϐάλω
3402 4693 3526 4757 ἔξω.

2315 4798 2383 4852 58
2415 4798 2536 4849 Ὅτι
2561 4796 2914 4867 καταϐέϐηκα
2951 4799 3015 4850 ἐκ
3042 4795 3135 4850 τοῦ
3157 4795 3410 4866 ούρανοῦ,
3445 4798 3542 4868 οὐχ
3571 4798 3652 4849 ἵνα
3680 4789 3782 4847 ποιῶ

2241 4879 2304 4933 τὸ
2328 4879 2536 4951 θέλημα
2556 4879 2616 4932 τὸ
2645 4880 2798 4952 ἐμὸν,
2819 4879 2954 4933 ἀλλά
2972 4881 3032 4932 τὸ
3052 4879 3263 4951 θέλημα
3281 4880 3375 4933 τοῦ
3402 4877 3696 4952 πέμψαντός
3716 4889 3781 4944 μευ

2314 4995 2382 5053 59
2425 4994 2594 5050 Τοῦτο
2641 4995 2698 5049 δέ
2750 4997 2868 5049 ἐστι
2914 4995 2974 5049 τὸ
3018 4996 3227 5067 θέλημα
3269 4996 3364 5049 τοῦ
3406 4993 3703 5067 πέμψαντός
3734 5000 3783 5056 με

2245 5080 2475 5153 Πατρὸς,
2506 5081 2592 5134 ἴνα
2621 5081 2728 5133 πᾶν
2749 5079 2778 5132 ὄ
2809 5078 3006 5132 δέδωκέ
3037 5096 3148 5149 μοι,
3175 5079 3249 5150 μὴ
3269 5079 3520 5133 ἀπολέσω
3549 5079 3606 5144 ἐξ
3634 5069 3784 5131 αὑτοῦ,

2245 5164 2379 5217 ἀλλά
2404 5163 2692 5233 ἀναστήσω
2714 5162 2848 5215 αὐτὸ
2868 5164 2924 5216 ἐν
2947 5165 3013 5232 τῇ
3039 5162 3243 5234 ἐσχάτῃ
3271 5163 3476 5233 ἡμέρᾳ.

2313 5247 2382 5300 40
2428 5245 2599 5298 Τοῦτο
2649 5245 2706 5298 δέ
2753 5247 2867 5298 ἐστι
2914 5245 2970 5296 τὸ
3005 5244 3218 5315 θέλημα
3252 5245 3345 5297 τοῦ
3390 5239 3689 5314 πέμψαντός
3715 5250 3783 5306 με,

2242 5330 2330 5382 ἵνα
2356 5330 2463 5392 πᾶς
2500 5331 2527 5382 ὁ
2553 5327 2775 5400 θεωρῶν
2803 5327 2894 5381 τὸν
2927 5327 3074 5392 Υίὺν,
3102 5330 3194 5380 καὶ
3235 5326 3510 5380 πιστεύων
3537 5327 3612 5388 εἰς
3636 5319 3782 5400 αὑτὸν,

2241 5413 2339 5484 ἔχῃ
2390 5410 2532 5482 ζωὴν
2586 5399 2827 5464 αἰώνιον·
2887 5412 2980 5463 καὶ
3035 5410 3331 5480 ἀναστήσω
3381 5409 3543 5464 αὑτὸν
3587 5403 3688 5475 ἐγὼ
3730 5399 3781 5468 τί)

2243 5496 2448 5568 ἐσχάτῃ
2479 5495 2682 5567 ἡμέρᾳ.

2313 5600 2375 5654 41
2415 5598 2736 5668 Ἐγόγγυζον
2775 5593 2867 5651 οῦν
2893 5600 2939 5650 οἱ
2981 5596 3218 5650 Ἰουδαῖοι
3256 5597 3382 5668 περὶ
3422 5593 3694 5659 αὑτοῦ,ὅτι
3718 5583 3778 5668 εί-

2247 5702 2373 5741 πεν·
2418 5667 2555 5750 Ἐγώ
2583 5667 2694 5756 εἰμι
2742 5686 2769 5736 ό
2818 5683 2980 5754 ἄρτος
3010 5684 3037 5734 6
3070 5681 3312 5744 καταϐὰς
3333 5667 3415 5734 ἐκ
3445 5679 3537 5735 τοῦ
3567 5667 3776 5748 ούρανοῦ.
