3956 6202
208 290 305 345 80l

336 496 405 549 55
436 494 557 563 Ζωὴ
583 494 692 565 γὰρ
719 496 881 549 πέλεν
915 496 933 566 [
1009 497 1029 569 ]
1064 449 1329 570 ἐτήτυμόν
1360 448 1606 569 ἡμετέρη
1640 498 1775 569 σὰρξ

1910 497 2005 566 71
2041 495 2110 548 55
2140 493 2261 548 Vita
2301 496 2446 549 enim
2492 495 2620 565 estf

1170 285 1649 345 PARAPURASIS
1688 287 1753 342 IN
1786 284 2125 343 JOANNEM.
2165 317 2231 327 —
2272 286 2423 343 CAP.
2459 285 2549 342 Vl.

3374 302 3479 356 802

2766 496 2786 568 ]
2818 512 2941 552 vere
2975 508 3161 555 nostra
3212 518 3365 573 caro,
3404 511 3481 563 Et

202 584 355 658 Αἷμα
384 587 426 639 δ’
451 586 584 656 ἐμὸν
607 588 876 658 νημερτὲς
902 589 1002 658 ἔφυ
1027 592 1206 649 ποτόν.
1238 592 1306 646 56
1330 592 1428 653 ’ος
1455 592 1511 644 δέ
1538 608 1631 645 κεν
1660 592 1776 663 ἀνὴι

1910 601 2125 671 sanguis
2156 615 2309 654 meus
2348 598 2654 654 infailibilis
2696 606 2781 653 est
2815 609 2997 668 potus.
3050 603 3118 656 56
3154 604 3483 677 Quicunque

200 677 415 746 Σαρκὸς
440 676 583 747 ἐμῆς
614 677 886 745 γεύσαιτο,
915 682 1010 733 καὶ
1038 682 1270 752 αἵματος
1300 684 1378 736 εἰν
1412 684 1492 736 ἐνὶ
1520 683 1726 754 θεσμῷ,

200 762 375 831 υῦτος
407 767 548 839 ἀνὴρ
576 769 633 820 ἐν
654 769 776 837 ἐμοὶ
802 770 1002 839 μενέει,
1026 772 1120 825 καὶ
1148 774 1414 843 ὁμόζυγος
1440 774 1586 845 αὐτῷ

206 862 503 930 Ἕσσομαι,
528 859 763 930 ἔμπεδος
795 856 963 927 οἰκος,
995 864 1309 934 ἀειρόμενος
1333 865 1425 918 καὶ
1458 866 1675 937 ἀείρων.

200 949 279 1003 5⁸1
314 952 407 1013 Ὠς
430 950 487 1003 δὲ
514 950 703 1021 Πατὴρ
733 949 887 1015 ζώων
917 970 984 1022 με
1015 953 1237 1023 βοηθόον
1262 955 1451 1009 ὤπασε
1487 957 1707 1027 κόσμῳ·

202 1042 341 1096 Ζώω
368 1043 414 1095 δ’
450 1042 806 1113 ὑψιμέδοντος
835 1043 971 1114 ἐμοῦ
998 1046 1085 1098 διὰ
1113 1046 1288 1116 νεῦμα
1314 1048 1523 1117 Τοκῆος

199 1133 379 1196 Αὐτὸς
408 1134 519 1201 ἐγώ
539 1148 552 1163 ·
584 1134 676 1187 καὶ
702 1136 909 1199 ἐκεῖνος
939 1136 1079 1207 ἀνὴρ
1108 1137 1313 1209 ἰσόζυγι
1344 1138 1531 1208 θεσμῷ

212 1222 309 1288 Ἐξ
339 1224 536 1293 ἐμέθεν
561 1224 798 1294 ζήσειεν,
829 1226 961 1295 ἐμὸν
985 1227 1155 1296 δέμας
1184 1227 1563 1291 εἰλαπινάζων.

202 1311 273 1365 58
309 1311 464 1375 Ζωῆς
491 1310 713 1379 ἄφθιτος
746 1313 910 1382 ἄρτος
936 1314 1201 1383 ἐτήτυμος
1229 1309 1382 1377 οὗτος
1405 1314 1591 1367 ἀκούει
1614 1331 1625 1344 ·

201 1402 320 1471 υύχ
360 1396 470 1454 οἷον
496 1402 821 1474 τοπάροιθεν
858 1404 1100 1476 ἐρημαίῃ
1130 1406 1281 1476 παρά
1313 1406 1488 1476 λόχμῃ

210 1493 501 1563 ’Υμέτεροι
524 1493 727 1560 γλυκὺν
758 1494 920 1564 ἄρτον
948 1495 1247 1566 ἐθηήσαντο
1274 1496 1491 1565 τοκῆες,
1520 1512 1521 1515 ‘

202 1585 313 1653 72
346 1584 455 1637 Kal.
498 1584 659 1637 θάνον
704 1586 763 1637 ἐν
811 1585 1153 1639 σκοπέλοισιν
1199 1586 1520 1657 ὀριπλανέες
1560 1587 1792 1657 μετανά-

1545 1676 1715 1747 [σται.

202 1760 406 1814 Τοῦτον
432 1762 571 1833 ἀνὴρ
599 1762 901 1834 ἐπάρουρος
929 1764 1197 1836 ἐτήτυμον
1230 1767 1391 1837 ἄρτον
1420 1767 1686 1840 ἐρέπτων,

203 1852 357 1922 Ζωήν
386 1854 575 1921 δψεται
604 1850 777 1918 οὗτος,
807 1856 910 1919 ἕως
941 1856 1167 1926 δολιχοῖο
1194 1857 1407 1925 γενείου

216 1943 565 2015 Ἀμφιλαφὴς
599 1945 814 2016 πολιῇσι
840 1946 1016 2017 κόμην
1042 1947 1383 2002 λευκαίνεται
1405 1949 1559 2003 αἰών.

210 2032 272 2087 59
299 2031 487 2085 Ταῦτα
522 2033 882 2106 βαθυκρήπιδι
912 2036 1294 2107 Καφαρναοὺμ
1322 2039 1402 2091 ἐνὶ
1439 2039 1570 2109 γαίῃ

210 2122 493 2187 Ἐννεπεν,
522 2119 807 2191 εὐλάῖγγος
830 2123 936 2177 έσω
960 2127 1108 2195 νηοῖο
1143 2126 1429 2181 διδάσκων.

200 2209 270 2264 60
299 2210 495 2263 Πολλοὶ
520 2212 566 2265 δ’
589 2213 903 2279 εἰσαΐοντες,
934 2215 1245 2286 ἀμερσινόῳ
1277 2216 1381 2269 τινὶ
1405 2216 1578 2287 λύσσῃ

200 2300 295 2364 Εἰς
335 2303 493 2371 χόλον
530 2304 929 2375 οἰστρηθέντες,
972 2306 1312 2377 ἐμυθήσαντο
1343 2307 1619 2377 μαθηταί·

200 2392 445 2464 Σκληρὸς
479 2394 601 2463 ἐμοὶ
620 2395 775 2463 λόγος
805 2390 958 2459 οὗτος
994 2397 1052 2449 ὃν
1080 2396 1265 2449 ἔννεπε
1286 2414 1298 2426 ·
1332 2399 1426 2450 καὶ
1458 2398 1540 2460 τίς
1572 2399 1788 2451 ἀκούειν

196 2474 380 2537 Λῦτοῦ
415 2484 813 2555 φθεγγομένοιο
846 2488 1132 2558 δυνήσεται
1158 2504 1172 2554 ;
1201 2488 1261 2542 Gl
1293 2489 1607 2560 Αὐτόματος
1639 2490 1695 2542 δὲ

198 2574 494 2631 Γινώσκων
523 2578 604 2631 δτι
636 2578 762 2641 λαὸς
793 2579 1032 2650 ὐποδρὴς
1068 2579 1226 2633 ἔσκεν
1256 2580 1510 2652 ἑταίρων,

197 2667 501 2739 Λαθριδίην
528 2670 776 2739 ἀχάλινον
813 2671 1242 2735 ὑποκλέπτοντες
1275 2672 1423 2743 ἰωήν,

199 2760 440 2831 Χριστὸς
468 2762 871 2831 ἀμαρτινόοισιν
900 2763 1028 2827 έπος
1059 2763 1265 2829 ξύνωσε
1297 2764 1597 2834 μαθηταῖς·

210 2851 454 2919 ’Υμείων
480 2852 563 2904 ὅδε
594 2852 761 2922 μῦθος
790 2853 1021 2906 ἀπειθέα
1046 2854 1214 2924 θυμὸν
1236 2853 1504 2924 ἀμύσσει·

199 2942 268 2996 62
302 2944 369 2995 Et
407 2943 463 2995 δέ
488 2961 582 2999 κεν
612 2945 887 3015 ἀθρήσητε
917 2946 1396 3015 συναστράπτοντα
1430 2944 1600 3015 Τοκῆῖ

199 3034 494 3103 Δίθερίων,
523 3034 646 3087 ὅθεν
677 3031 861 3105 ἦλθεν,
894 3035 998 3088 ἐῶν
1027 3036 1327 3105 ἐπιϐήτορα
1357 3034 1547 3087 θώκων

211 3124 533 3197 ’Δνθρώπου
563 3126 724 3180 πάλιν
752 3123 878 3191 Υἴα,
901 3125 955 3179 τί
993 3124 1176 3196 ρέξετε
1196 3124 1355 3179 τοῦτο
1384 3124 1680 3194 μαθόντες;

1898 708 1983 758 vir
2024 703 2257 758 Carnem
2303 718 2479 758 meam
2526 705 2845 772 gustaverit,
2895 713 2948 759 et
2994 708 3317 777 sanguinem
3371 726 3477 763 una

1897 809 2206 871 sanctione,
2233 806 2329 861 llic
2350 809 2433 861 vir
2463 807 2515 860 in
2544 824 2629 862 me
2660 814 2864 872 manet,
2899 816 2952 863 et
2986 814 3320 880 conjunctus
3350 828 3477 868 cum

1897 912 2019 981 ipso
2047 911 2173 971 Ero,
2213 912 2367 965 firma
2392 911 2609 977 domus,
2637 920 2880 983 gestatus
2897 921 2949 967 et
2978 922 3221 983 gestans.
3256 917 3324 970 57
3360 916 3480 973 Sic-

1897 1020 1957 1065 ut
2010 1019 2189 1067 autem
2232 1012 2391 1067 Pater
2439 1015 2627 1068 vivens
2678 1031 2763 1069 me
2802 1017 3188 1084 opitulatorom
3244 1021 3479 1089 praebuit

1894 1116 2123 1183 mundo,
2157 1115 2293 1170 Vivo
2329 1126 2509 1170 autem
2536 1118 2877 1187 altiregentis
2903 1121 3007 1174 mei
3035 1122 3104 1174 ob
3134 1123 3473 1177 voluntatem

1894 1222 2074 1275 Patris
2108 1220 2225 1291 Ipse
2252 1236 2353 1292 ego
2381 1240 2392 1276 :
2424 1230 2477 1275 et
2505 1222 2594 1275 ille
2616 1222 2695 1275 vir
2718 1223 2915 1290 a‘quali
2948 1224 3064 1293 lege
3092 1224 3168 1277 Ex
3193 1240 3278 1278 me
3306 1226 3475 1287 vivet.

1892 1337 2070 1375 meum
2120 1336 2325 1391 corpus
2366 1322 2681 1375 comedens.
2730 1321 2798 1375 58
2850 1320 2989 1375 Vita:
3040 1324 3478 1392 incorruptibilis

1892 1426 2049 1493 panis
2084 1441 2249 1481 verus
2276 1426 2365 1481 hic
2402 1426 2646 1480 dicitur:
2685 1425 2805 1480 Non
2840 1426 3077 1495 qualiter
3107 1436 3267 1480 antea
3296 1427 3486 1482 deser-

1890 1538 1997 1582 tam
2040 1530 2182 1599 apud
2233 1531 2425 1584 silvam
2472 1529 2654 1585 Vestri
2712 1531 2928 1586 dulcem
2982 1547 3178 1601 panem
3226 1532 3477 1586 admirati

1889 1636 2023 1686 sunt
2060 1639 2265 1702 patres,
2299 1633 2403 1702 73
2436 1632 2499 1686 Et
2540 1634 2743 1688 mortui
2785 1641 2916 1688 sunt
2961 1636 3016 1689 in
3049 1635 3295 1705 scopulis
3328 1650 3477 1689 mon-

1817 1756 1859 1809 Β
1890 1735 2000 1788 tani
2031 1736 2241 1789 exules.
2280 1734 2437 1790 Hunc
2470 1736 2556 1790 vir
2598 1739 2880 1793 terrestris
2914 1754 3102 1793 verum
3154 1754 3349 1809 panem
3381 1755 3477 1795 co-

1891 1839 2138 1903 medens,
2182 1839 2361 1894 Vitam
2409 1841 2617 1895 videbit
2668 1842 2780 1906 hic,
2826 1843 3002 1898 donec
3063 1844 3257 1913 prolixi
3302 1846 3473 1900 menti

1890 1943 2193 1998 Abundans
2234 1946 2388 2000 canis
2424 1960 2638 1999 comam
2670 1946 2890 2000 dealbat
2920 1948 3204 2002 saeculum.
3238 1939 3308 2004 59
3353 1947 3476 2004 Haec

1888 2046 2146 2117 profundi
2184 2048 2527 2104 fundamenti
2555 2050 2897 2121 Capernaum
2931 2053 2985 2106 in
3023 2061 3167 2108 terra
3200 2053 3368 2120 Dixit,
3402 2055 3474 2107 la-

1890 2151 2085 2221 pidoso
2126 2153 2181 2205 in
2213 2152 2415 2221 templo
2460 2154 2690 2209 docens.
2726 2154 2793 2209 60
2835 2154 2988 2210 Multi
3025 2167 3209 2212 autem
3246 2158 3473 2213 audien-

1889 2264 1992 2320 tes,
2018 2273 2160 2312 caeca
2186 2258 2423 2328 quadam
2458 2260 2611 2315 rabie
2642 2260 2700 2314 ιη
2737 2261 2872 2314 iram
2903 2263 3184 2328 concitati,
3217 2262 3473 2319 dixerunt

1888 2361 2142 2432 discipuli
2180 2382 2193 2416 :
2245 2363 2427 2419 Durus
2477 2365 2612 2418 mihi
2656 2381 2840 2420 sermo
2883 2365 2972 2419 hic
3013 2381 3177 2434 quem
3222 2366 3379 2432 dixit,
3420 2375 3475 2422 et

1888 2465 2011 2534 quis
2033 2466 2223 2520 audire
2246 2467 2427 2536 Ipsum
2453 2468 2763 2538 loquentem
2790 2470 3029 2539 poterit?
3050 2472 3112 2524 6i
3142 2470 3254 2525 Sua
3276 2482 3476 2541 sponte

1890 2577 2073 2623 autem
2106 2568 2463 2639 Cognoscens
2507 2572 2655 2641 quod
2687 2574 2921 2643 populus
2955 2574 3298 2644 suSpiciosus
3326 2583 3476 2630 esset

1890 2672 2190 2738 sociorum,
2219 2673 2500 2727 Occultam
2537 2675 2793 2730 ell‘rcnem
2822 2679 3228 2747 supprimentes
3257 2694 3471 2746 vocem,

1889 2762 2143 2816 Christus
2188 2769 2369 2816 mente
2416 2764 2729 2817 errantibus
2772 2767 2999 2820 verbum
3040 2771 3475 2824 communicavit

1889 2852 2207 2918 discipulis:
2244 2850 2489 2906 Vestram
2522 2853 2609 2907 hic
2642 2869 2824 2909 sermo
2860 2855 3198 2909 incredulam
3233 2867 3473 2913 mentem

1891 2942 2107 2998 cruciat
2136 2961 2148 2995 :
2187 2942 2256 2996 62
2286 2942 2427 3008 Quid
2457 2958 2587 2997 vero
2621 2945 2665 2999 si
2702 2945 2949 3000 videritis
2979 2946 3141 3001 simul
3178 2946 3474 3017 fulgentem

1892 3050 2018 3088 cum
2045 3034 2205 3088 Patre
2232 3033 2574 3097 leestium,
2604 3035 2747 3089 unde
2774 3036 2940 3100 venit,
2970 3053 3193 3092 suarum
3221 3052 3475 3094 ascenso-

1816 3114 1861 3174 C
1894 3142 2007 3181 rem
2052 3126 2263 3181 sedium
2314 3126 2565 3183 Hominis
2600 3143 2792 3183 rursus
2826 3127 3049 3195 Filium,
3099 3130 3231 3200 quid
3265 3129 3476 3187 facietis

1411 3279 1693 3335 TEXTUS
1728 3279 2259 3340 EVANGELISTAﬂ.

268 3398 343 3453 42
370 3398 480 3452 Kal.
512 3397 723 3467 ἔλεγον·
756 3398 867 3467 Οὐχ
891 3390 1045 3462 οὗτός
1073 3396 1217 3450 ἐστιν
1250 3393 1457 3465 Ἰησοῦς
1484 3397 1511 3448 6
1537 3395 1649 3457 υἱὸς
1678 3395 1791 3449 ἰω-

204 3484 333 3554 σὴφ,
369 3475 431 3536 οὗ
465 3483 626 3550 ἡμεῖς
666 3480 884 3550 οῖδαμεν
915 3480 1005 3533 τὸν
1037 3480 1245 3549 πατέρα
1286 3478 1381 3531 καὶ
1411 3478 1509 3547 τὴν
1543 3477 1784 3548 μητέρα;

206 3568 325 3629 Πῶς
354 3562 451 3619 οὖν
480 3566 627 3634 λέγει
671 3560 849 3627 οὗτος·
886 3564 1005 3618 Ὅτι
1054 3564 1115 3617 ἐκ
1143 3562 1237 3615 τοῦ
1282 3559 1510 3632 ούρανοῦ
1558 3560 1788 3613 καταϐέ-

207 3650 345 3714 6ηκα
370 3666 387 3714 ;

237 3668 345 3788 ηἷὲ
372 3692 683 3803 ’Ἀπεκρίθη
718 3724 810 3784 οὖν
836 3730 869 3782 6
912 3728 1115 3800 Ἰησοῦς
1152 3728 1245 3782 καὶ
1273 3722 1424 3782 εἶπεν
1455 3727 1669 3790 αὐτοῖς·
1697 3726 1790 3797 Μή

203 3814 503 3883 γογγύζετε
542 3816 657 3884 μετ’
695 3812 959 3883 ἀλλήλων.

268 3898 339 3951 Η
373 3898 563 3960 Οὐδεὶς
591 3896 811 3951 δύναται
837 3896 1010 3949 ἐλθεῖν
1038 3895 1173 3966 πρός
1198 3911 1287 3964 με,
1315 3892 1409 3946 ἐὰν
1440 3893 1515 3963 μὴ
1543 3894 1571 3945 6
1600 3891 1791 3961 Πατὴρ

202 3981 231 4035 6
259 3981 489 4050 πέμψας
518 3996 584 4048 με
611 3978 811 4049 ἑλκύσῃ
840 3978 1021 4045 αὐτὸν,
1055 3978 1149 4031 καὶ
1181 3975 1290 4045 ἐγὼ
1315 3976 1603 4044 ἀναστήσω
1631 3974 1794 4027 αὑτὸν

202 4066 266 4135 τῇ
298 4064 508 4133 ἐσχάτῃ
537 4062 735 4132 ἡμέρᾳ

272 4148 345 4201 45
384 4148 539 4199 Ἐστι
586 4144 972 4216 γεγραμμένον
1032 4145 1090 4198 ἐν
1136 4146 1249 4208 τοῖς
1292 4143 1630 4213 προφήταις·
1681 4139 1795 4193 Καὶ

200 4229 421 4282 ἔσονται
443 4230 641 4291 πάντες
669 4228 905 4281 διδακτοὶ
930 4228 1022 4280 τοῦ
1052 4226 1209 4280 Θεοῦ.
1240 4228 1352 4289 Πᾶς
1380 4222 1473 4279 οὖν
1500 4227 1527 4278 6
1557 4222 1793 4285 ἀκούσας

200 4314 357 4383 παρὰ
386 4312 481 4365 τοῦ
518 4311 752 4380 Πατρὸς,
785 4311 879 4363 καὶ
909 4310 1115 4380 μαθὼν,
1144 4309 1360 4380 ἔρχεται
1395 4308 1531 4379 πρός
1563 4324 1650 4376 με.

1968 3398 2037 3452 55
2068 3393 2236 3452 Εἶπεν
2269 3393 2362 3453 οὖν
2392 3400 2575 3462 αὐτοῖς
2601 3401 2629 3453 6
2670 3399 2906 3469 Ἰησοῦς·
2947 3402 3119 3474 Ἀμὴν
3154 3404 3302 3476 ἀμήν
3336 3404 3478 3475 λέγω

1896 3481 2043 3549 ὑμῖν,
2077 3481 2172 3534 ἐὰν
2212 3484 2285 3554 μὴ
2336 3483 2547 3553 φάγητε
2587 3483 2687 3555 τὴν
2731 3484 2909 3554 σάρκα
2958 3486 3050 3537 τοῦ
3092 3487 3221 3540 Υἱοῦ
3256 3488 3347 3540 τοῦ
3383 3492 3476 3543 ἀν-

1893 3562 2133 3632 θρώπου,
2160 3565 2253 3618 καὶ
2280 3565 2439 3636 πίητε
2464 3564 2628 3618 αὑτοῦ
2667 3565 2727 3617 τὸ
2756 3562 2914 3635 αἷμα,
2942 3567 3041 3619 οὐκ
3069 3567 3217 3636 ἔχετε
3248 3568 3393 3638 ζωὴν
3422 3572 3477 3624 ἐν

1897 3647 2129 3710 ἑαυτοῖς.

1967 3729 2035 3782 54
2081 3729 2138 3782 '0
2174 3728 2403 3798 τρώγων
2444 3746 2546 3799 μου
2578 3730 2677 3799 τὴν
2725 3729 2918 3799 σάρκα,
2952 3730 3045 3783 καὶ
3084 3730 3254 3783 πίνων
3284 3748 3387 3802 μου
3419 3736 3480 3787 τὸ

1895 3808 2055 3880 αἷμα,
2090 3812 2201 3881 ἔχει
2229 3811 2372 3882 ζωὴν
2414 3811 2627 3866 αἰώνιον
2653 3826 2665 3840 '
2712 3812 2805 3864 καὶ
2844 3812 2955 3879 ἐγὼ
2993 3813 3281 3883 ἀναστήσω
3317 3815 3477 3869 αὑτὸν

1893 3896 1960 3963 τῇ
1991 3895 2190 3965 ἐσχάτῃ
2221 3895 2431 3965 ἡμέρᾳ·

1967 3976 2034 4029 55
2074 3974 2137 4028 Ἡ
2161 3976 2269 4047 γάρ
2303 3976 2440 4048 σάρξ
2480 3993 2582 4046 μου
2630 3974 2845 4046 άληθῶς
2876 3976 2992 4028 ἐστι
3026 3976 3248 4047 βρῶσις,
3281 3978 3375 4032 καὶ
3422 3982 3491 4034 τὸ

1895 4054 2034 4127 αἷμά
2060 4076 2161 4127 μου
2191 4059 2406 4129 ἀληθῶς
2434 4062 2548 4111 ἐστι
2578 4058 2755 4121 πόσις.

1961 4141 2029 4194 56
2063 4142 2119 4193 ’0
2151 4140 2379 4213 τρώγων
2421 4160 2521 4212 μου
2562 4143 2661 4211 τὴν
2691 4142 2889 4212 σάρκα,
2934 4142 3028 4196 καὶ
3066 4143 3237 4197 πίνων
3275 4160 3377 4215 μου
3419 4147 3478 4201 τὸ

1890 4216 2050 4293 αἷμα,
2078 4224 2134 4275 έν
2166 4225 2287 4294 ἐμοὶ
2324 4225 2497 4295 μένει,
2523 4224 2679 4293 κάγὼ
2703 4227 2760 4277 ἐν
2784 4225 2947 4295 αὐτῷ.

1962 4305 2028 4359 57
2054 4305 2249 4369 Καθὼς
2278 4307 2562 4360 ἀπέστειλέ
2608 4325 2675 4378 με
2717 4310 2746 4361 6
2797 4307 2906 4372 ζῶν
2956 4306 3165 4379 Πατὴρ,
3208 4308 3361 4377 κάγὼ
3402 4310 3477 4376 ζῶ

270 4396 343 4449 46
371 4395 486 4463 Οὐχ
518 4394 599 4446 ὅτι
629 4394 719 4446 τὸν
754 4393 973 4463 Πατέρα
1011 4410 1093 4455 τις
1126 4392 1390 4462 ἑώρακεν,
1437 4392 1485 4443 εἰ
1528 4390 1602 4459 μὴ
1648 4390 1676 4441 6
1719 4386 1793 4439 ὢν
1827 4454 1864 4464 __
1894 4386 1983 4441 διὰ
2008 4388 2098 4441 τὸν
2129 4391 2350 4463 Πατέρα
2370 4408 2382 4420 '
2413 4392 2508 4445 καὶ
2543 4392 2571 4444 6
2600 4389 2827 4462 τρώγων
2857 4408 2946 4461 με,
2978 4392 3225 4456 κάκεῖνος
3256 4393 3480 4464 ζήσεται

205 4479 360 4548 παρὰ
387 4476 486 4530 τοῦ
518 4476 650 4529 Θεοῦ
675 4493 686 4506 ·
713 4472 865 4539 οὗτος
897 4476 1105 4546 ἑώρακε
1140 4475 1230 4527 τὸν
1260 4474 1497 4543 Πατέρα.

272 4562 342 4615 67
384 4560 555 4630 ’Ᾱμὴν
584 4560 730 4630 ἀμὴν
773 4558 916 4627 λέγω
963 4559 1110 4629 ὑμῖν,
1155 4559 1184 4611 6
1229 4557 1500 4611 πιστεύων
1542 4556 1622 4618 εἰς
1668 4554 1790 4625 ἐμὲ,

202 4644 318 4713 ἔχει
350 4644 500 4712 ζωὴν
526 4643 763 4696 αἰώνιον.

269 4728 345 4781 48
388 4729 531 4795 Ἐγώ
557 4730 668 4797 εἰμι
696 4729 723 4780 6
745 4726 908 4796 ἄρτος
934 4726 1033 4795 τῆς
1062 4724 1223 4793 ζωῆς.

271 4811 344 4864 ιο
367 4812 429 4862 Ol
467 4810 699 4881 πατέρες
723 4810 751 4861 ὑ
760 4809 875 4880 μῶν
906 4808 1105 4877 ἔφαγον
1126 4807 1187 4859 τὸ
1212 4805 1385 4875 μάννα
1412 4806 1469 4858 ἐν
1489 4807 1555 4876 τῇ
1580 4805 1791 4876 ἐρήμῳ,

202 4892 298 4944 καὶ
319 4891 613 4944 ἀπέθανον.

275 4975 349 5029 50
370 4968 542 5037 Οῦτός
570 4976 715 5028 ἐστιν
741 4977 769 5028 6
792 4975 953 5043 ἄρτος
998 4975 1027 5026 6
1063 4974 1127 5025 ἐκ
1151 4971 1239 5025 τοῦ
1273 4970 1501 5042 οὐρανοῦ
1532 4968 1795 5021 καταϐαί-

202 5076 331 5122 νων,
364 5060 453 5111 ῖνα
478 5076 561 5122 τις
590 5059 651 5122 ἐξ
678 5056 840 5111 αὑτοῦ
872 5056 1022 5129 φάγῃ
1060 5057 1156 5109 καὶ
1180 5056 1255 5128 μὴ
1286 5054 1549 5125 ἀποθάνῃ.

274 5142 339 5195 51
389 5141 532 5208 Ἐγώ
576 5142 691 5210 εἰμι
734 5142 762 5193 ὁ
808 5140 969 5206 ἄρτος
1010 5140 1039 5191 6
1077 5138 1206 5203 ζῶν,
1252 5142 1279 5191 6
1323 5138 1387 5191 ὲκ
1433 5137 1526 5190 τοῦ
1566 5134 1793 5207 οὐρανοῦ

201 5225 483 5287 καταϐάς·
516 5224 611 5277 ἐάν
639 5241 721 5288 τις
757 5224 904 5293 φάγῃ
941 5224 1005 5275 ἐκ
1046 5223 1238 5275 τούτου
1271 5221 1364 5273 τοῦ
1414 5222 1600 5291 ἄρτου,
1632 5219 1791 5291 ζήσε-

199 5325 293 5361 ται
339 5310 419 5370 εἰς
456 5306 547 5360 τὸν
586 5306 784 5360 αἰῶνα·
815 5307 908 5359 καὶ
936 5307 964 5358 6
1006 5306 1168 5375 ἄρτος
1200 5304 1255 5355 δὲ
1302 5302 1360 5356 δν
1404 5302 1514 5371 ἐγὼ
1559 5301 1792 5374 δώσω,ή

202 5390 350 5460 σάρξ
385 5389 488 5459 μού
522 5391 691 5453 ἐστιν,
720 5390 786 5458 ἢν
829 5387 940 5457 ἐγὼ
983 5386 1139 5441 δώσω
1182 5386 1320 5455 ὑπὲρ
1341 5385 1437 5455 τῆς
1465 5384 1559 5437 τοῦ
1590 5386 1793 5455 κόσμου

200 5473 378 5535 ζωῆς.

272 5491 687 5624 ἓὲἘμάχοντο
718 5548 807 5607 οῦν
856 5551 986 5623 πρὸς
1022 5550 1283 5620 ἀλλήλους
1325 5550 1374 5601 οἰ
1418 5549 1675 5612 Ἰουδαῖοι,
1710 5548 1798 5601 λέ-

203 5651 428 5702 γοντες·
472 5636 590 5701 Πῶς
636 5637 852 5692 δύναται
898 5632 1050 5698 οὗτος
1096 5636 1221 5705 ήμῖν
1254 5632 1433 5688 δοῦναι
1478 5634 1576 5702 τήν
1619 5632 1795 5704 σάρκα

203 5721 409 5789 φαγεῖν
432 5736 447 5785 ;

1824 4454 1871 4510 D
1895 4471 1961 4525 δι’
1992 4475 2114 4543 ἐμέ.

1966 4555 2033 4609 58
2066 4551 2234 4620 Οὗτός
2262 4558 2407 4610 ἐστιν
2433 4558 2461 4609 6
2486 4556 2649 4627 ἄρτος
2677 4558 2705 4610 6
2740 4559 2801 4609 ἐκ
2826 4556 2919 4609 τοῦ
2945 4557 3173 4627 οὐρανοῦ
3204 4558 3447 4621 καταϐάς
3465 4576 3478 4589 ·

1894 4638 1954 4690 οὐ
2000 4638 2182 4702 καθὼς
2234 4638 2436 4707 ἔφαγον
2477 4642 2525 4692 οἱ
2572 4640 2808 4710 πατέρες
2848 4638 3004 4708 ὑμῶν
3052 4638 3114 4690 τὸ
3152 4640 3346 4708 μάννα,
3389 4641 3478 4693 καὶ

1895 4721 2184 4775 ἀπέθανον.
2222 4722 2280 4775 Ὀ
2317 4720 2546 4792 τρώγων
2578 4720 2762 4775 τοῦτον
2790 4720 2880 4773 τὸν
2914 4720 3099 4793 ἄρτον,
3139 4722 3362 4791 ζήσεται
3401 4723 3477 4783 εἰς

1893 4804 1983 4856 τὸν
2020 4803 2209 4858 αἰῶνα.

1964 4886 2034 4939 59
2059 4886 2244 4940 Ταῦτα
2271 4882 2424 4939 εἶπεν
2456 4888 2514 4940 ἐν
2547 4889 2855 4957 συναγωγῇ.
2879 4886 3145 4943 διδάσκων
3172 4888 3228 4942 ἐν
3257 4889 3481 4957 Καπερ-

1896 4986 2092 5039 ναουμ.

1965 5052 2033 5106 60
2061 5052 2251 5105 Πολλοὶ
2279 5047 2371 5106 οῦν
2403 5051 2730 5115 ἀκούσαντες
2760 5054 2823 5104 ἐκ
2858 5052 2966 5105 τῶν
2997 5052 3253 5122 μαθητῶν
3288 5051 3475 5116 αὑτοῦ,

1896 5130 2074 5188 εἶπον·
2116 5137 2355 5207 Σκληρός
2390 5138 2534 5189 ἐστιν
2561 5131 2713 5199 οὗτος
2741 5138 2769 5190 6
2795 5136 2948 5204 λόγος
2968 5153 2983 5168 ·
3008 5137 3087 5199 τίς
3119 5136 3339 5189 δύναται
3376 5136 3474 5188 αὐ-

1895 5219 1989 5272 τοῦ
2022 5218 2242 5272 ἀκούειν
2262 5236 2277 5283 ;

1967 5300 2027 5354 61
2068 5301 2237 5363 Εἰδὼς
2276 5300 2331 5352 δὲ
2368 5301 2397 5351 ὁ
2434 5299 2639 5369 Ἰησοῦς
2688 5302 2747 5353 ἐν
2794 5299 2969 5370 ἐαυτῷ
3014 5300 3094 5357 ὅτι
3147 5298 3478 5367 γογγύζουσι

1898 5386 2026 5456 περὶ
2052 5384 2243 5438 τούτου
2268 5385 2317 5435 οἰ
2350 5382 2588 5454 μαθηταὶ
2626 5383 2811 5448 αὐτοῦ,
2852 5378 3004 5437 εἶπεν
3047 5384 3254 5447 αὐτοῖς·
3308 5383 3477 5437 Τοῦτο

1898 5469 2043 5539 ὑμᾶς
2079 5465 2419 5529 σκανδαλίζει
2443 5484 2456 5530 ;

1968 5548 2035 5602 6‘)
2079 5540 2204 5601 Ἐάν
2228 5544 2321 5601 οὖν
2343 5548 2582 5618 θεωρῆτε
2610 5548 2702 5601 τὸν
2732 5548 2859 5603 Υἰὺν
2898 5548 2992 5603 τοῦ
3029 5547 3316 5621 ἀνθρώπου
3342 5549 3476 5605 ἀναι-

1898 5633 2143 5688 6αίνοντα
2170 5633 2302 5686 ὃπου
2331 5628 2397 5703 ἦν
2417 5632 2475 5686 τὸ
2500 5632 2764 5704 πρότερον
2790 5651 2803 5700 ;
