3956 6202
245 304 350 360 803

233 415 389 468 ὀττι
415 429 508 479 μιν
533 415 812 486 ὴπεροπῆῖ
842 415 978 488 δόλῳ
1013 419 1296 489 μενέαινον
1324 424 1542 477 ὀλέσσαι

229 499 363 568 Υἷες
400 505 686 572 Ἰουδαίων,
708 508 839 578 ὁσίῳ
866 510 1147 579 χαίροντες
1171 512 1291 565 όλέθ
1302 532 1398 585 ρῳ.

227 594 266 648 9.
295 590 404 648 Ἦν
428 595 484 648 δὲ
513 596 634 667 Θεῷ
661 599 940 670 πάνδημος
971 602 1184 671 ἐτήσιος
1218 606 1384 674 ἐγγὺς
1407 607 1589 680 ἑορτὴ.

232 685 617 756 Πηγνυμέναις
640 689 910 762 κλισίῃσιν
936 691 1242 758 ἐπώνυμος.
1273 697 1306 750 5
1354 697 1664 770 Ἀγχίμολοι
1697 700 1754 752 δὲ

231 775 436 828 Γνωτοὶ
467 775 750 846 ψευδαλέοι
785 779 1117 850 τετράζυγες
1141 779 1254 850 υἷες
1290 785 1510 860 Ἰωσὴφ,

229 865 471 936 Χριστὸν
496 870 939 940 ἐπισπέρχοντες,
971 872 1232 944 ὁμόθροον
1259 877 1407 947 ἴαχον
1438 867 1605 949 αύδήν
1635 896 1648 909 ·

243 957 527 1012 Ἐντεῦθεν
556 959 841 1029 μετάϐηθι,
869 962 985 1028 καὶ,
1008 963 1210 1016 ὁππότε
1238 966 1426 1036 κῶμος
1459 968 1672 1039 ἑορτῆς,

229 1047 479 1102 Σπεῦσον
519 1049 778 1120 ’ἰουδαίης
803 1052 1146 1122 ὁμοτέρμονα
1168 1057 1331 1121 γαῖαν
1355 1057 1576 1121 ὁδεύειν,

233 1141 424 1209 ’Ὀφρα
455 1141 928 1210 μεταστρέψαντες
957 1144 1182 1198 ἀπειθέα
1204 1146 1331 1200 λαὸν
1357 1148 1582 1219 ἀλήτην,

245 1229 508 1300 ’Λρχαίην
541 1230 631 1282 σέο
662 1230 842 1284 πίστιν
867 1233 1256 1306 ἀνακτήσοιντο
1284 1238 1548 1308 μαθηταὶ,

232 1321 284 1390 7
301 1321 362 1390 6
387 1321 713 1392 Δερκόμενοι
749 1323 903 1378 σέθεν
923 1324 1058 1396 ἔργα
1088 1327 1236 1399 σοφῷ
1261 1330 1620 1400 τετελεσμένα
1647 1330 1824 1402 μύθῳ.

230 1410 265 1462 4
292 1411 383 1463 Οὐί
407 1410 517 1481 γάρ
540 1427 626 1475 τις
658 1411 914 1482 μερόπων
943 1415 1274 1470 ὑποκόλπιον
1301 1418 1461 1490 ἔργον
1487 1421 1724 1490 ὑφαίνει,

235 1499 450 1570 Ἔργον
477 1499 698 1570 ὰθηήτῳ
721 1502 1141 1573 κεκαλυμμένον
1171 1507 1333 1577 ἀχλύῖ
1363 1509 1541 1581 σιγῆς,

245 1591 560 1662 ’.ἀμφαδίην
588 1592 631 1644 δ’
657 1592 832 1646 ἐθέλει
868 1595 1075 1666 Θρασὺς
1109 1598 1366 1670 ἔμμεναι.
1404 1603 1464 1655 Εἰ
1496 1603 1619 1657 τάδε
1649 1603 1826 1674 ῥέξεις

232 1683 467 1736 Ιῐοικίλα
500 1684 773 1755 θαύματα,
805 1685 981 1754 δεῖξον
1007 1689 1260 1761 ὁρώμενα
1289 1692 1545 1764 θαύματα
1575 1695 1786 1766 κόσμῳ.

232 1773 266 1825 5
296 1774 435 1827 Τοῖα
467 1775 643 1846 μάτην
677 1777 963 1848 ἀγόρευον,
993 1781 1248 1845 ἀπειθέες
1272 1777 1470 1855 οἷάπερ
1499 1784 1671 1838 ἄλλοιο

231 1866 479 1935 Χριστοῦ
508 1867 1214 1941 παμμεδέοντοςάδελφειοί
1243 1891 1348 1944 περ
1377 1875 1578 1939 ἐόντες,

233 1956 462 2019 Πίστιος
489 1956 730 2020 ἀπλανὲς
759 1953 892 2029 ἦθος
915 1960 1310 2033 ἁπηρνήσαντο
1344 1965 1436 2018 καὶ
1469 1966 1644 2018 αὐτοί.

234 2047 264 2102 θ
291 2046 405 2101 Καί
439 2065 566 2117 σφιν
596 2048 763 2116 ’Δναξ
785 2050 1046 2122 ἀγόρευεν
1078 2053 1354 2124 ἀμοιϐαίῳ
1375 2056 1480 2110 τινὶ
1511 2056 1682 2127 μύθῳ*

233 2138 406 2192 Οὔπω
430 2140 646 2211 καίριος
675 2137 839 2213 ἦλθεν
864 2143 995 2213 ἐμὸς
1021 2144 1231 2215 χρόνος·
1265 2146 1530 2218 ὑμέτερος
1557 2148 1615 2200 δὲ
1701 2183 1705 2187 η

232 2230 518 2284 Πέπταται
550 2230 669 2285 αίέν
692 2233 928 2304 ἑτοῖμος,
963 2233 1267 2304 ἐλεύθερος.
1292 2235 1322 2287 7
1353 2237 1426 2288 Ού
1457 2235 1679 2290 δύναται
1715 2235 1826 2309 γὰρ

231 2321 561 2391 Ζηλομανής
590 2337 722 2376 ποτε
757 2323 963 2393 κόσμος
993 2325 1219 2397 ἐθήμονι
1253 2325 1481 2380 λαίλαπι
1510 2325 1719 2398 λύσσης

243 2412 459 2482 ’Υμέας
494 2413 791 2484 ἐχθαίρειψ
816 2416 917 2486 ἐμὲ
951 2417 1008 2469 δὲ
1035 2416 1253 2485 στυγέει
1278 2416 1370 2469 καὶ
1399 2416 1614 2470 ἐλαύνει

228 2507 532 2577 Θαρσήεις·
575 2506 656 2559 ὅτι
693 2503 891 2576 μοὸνος
917 2505 1128 2575 ἀφειδέῖ
1157 2507 1394 2578 μάρτυρι
1429 2509 1580 2578 φωνῇ

242 2597 476 2660 Ἦθάδος
505 2597 824 2668 ἀμπλακίης
854 2597 1133 2669 ἐγκύμονα
1171 2599 1376 2669 κόσμον
1405 2597 1633 2669 ἐλέγχω,

233 2690 424 2758 Ἔργα
451 2688 627 2757 τάπερ
653 2687 828 2740 τελέει
860 2687 1028 2758 βοόων
1051 2687 1306 2759 ἀλλότρια
1333 2687 1540 2759 θεσμῷ.

229 2781 264 2834 8
298 2779 498 2849 ’Υμείς
528 2778 837 2832 εὐκελάδοιο
873 2778 1159 2850 μετέλθετε
1188 2778 1374 2849 κῶμον
1400 2779 1612 2849 ἑορτῆς·
1713 2777 1718 2782 ’

231 2867 409 2922 Οὔπω
437 2865 550 2935 ἐγὼ
574 2867 790 2944 κλισίας
819 2867 1126 2936 νεοπηγέας
1156 2865 1281 2937 ἄρτι
1311 2864 1609 2936 γεραίρων,

231 2960 329 3024 Εἰς
352 2958 578 3030 τελετὴν
601 2959 757 3030 ὁσίην
785 2959 1137 3029 ἐπιϐήσομαι’
1169 2955 1441 3028 ἡμετέρου
1469 2955 1580 3026 γὰρ

232 3049 410 3103 Οὔπω
427 3066 519 3119 μοι
536 3049 816 3102 τετέλεστο
835 3049 1029 3120 χρόνου
1059 3047 1278 3118 δρόμος.
1297 3045 1331 3100 9
1353 3046 1447 3109 ’Ὡς
1466 3047 1493 3099 6
1513 3045 1612 3116 μὲν
1631 3042 1822 3111 εἰπὼν,

238 3142 504 3210 Ἐστιχεν
531 3141 692 3209 ἁγνὸν
724 3140 937 3193 ’ἐδεθλον
965 3138 1354 3211 ἁκερσεκόμων
1378 3137 1694 3192 Γαλιλαίων.

232 3234 301 3288 10
325 3233 537 3286 Γνωτοὶ
555 3233 600 3286 δ’
627 3232 702 3298 ὡς
726 3232 1006 3286 ἀνέϐαινον
1038 3233 1095 3296 ἐς
1129 3230 1292 3303 ἱερὴν,
1320 3229 1418 3299 ὀψὲ
1451 3231 1545 3283 καὶ
1577 3231 1742 3293 αὐτὸς

235 3325 470 3378 Ἐνθεον
502 3323 647 3395 ἴχνος
679 3325 922 3395 ἔκαμψεν
961 3324 1019 3386 ἐς
1052 3322 1438 3394 ὰρτιχόρευτον
1465 3322 1680 3392 ἑορτήν.

237 3417 295 3470 fl
331 3417 448 3470 Καί
484 3434 576 3487 μιν
616 3417 857 3469 Ἰουδαῖοι
883 3415 1036 3486 φιλίῃ
1070 3415 1336 3485 μάστευον
1360 3403 1595 3486 ἀνάγκῄ’

236 3511 316 3580 Πῆ
353 3527 448 3580 μοι
474 3508 611 3580 ἔϐη;
645 3511 736 3562 ποῖ
761 3511 975 3573 κεῖνος;
1007 3508 1071 3561 12
1110 3507 1501 3578 Ὕποτρύζοντι
1531 3506 1588 3560 δὲ
1608 3505 1723 3577 λαῷ

237 3600 446 3671 Μυρίος
477 3599 635 3670 ερρεε
667 3599 836 3671 μῦθος
860 3601 1136 3670 ἀσιγήτων
1165 3600 1271 3652 ἀπὸ
1293 3597 1526 3669 λαιμῶν.

239 3693 346 3745 Καὶ
386 3691 580 3755 πολέες
614 3692 920 3760 φθέγξαιντο
954 3691 1174 3745 θεουδέα
1203 3691 1456 3762 μάρτυρα
1496 3689 1698 3760 φωνὴν,

237 3783 396 3836 Ὅττι
433 3783 596 3852 σοφὸς
622 3783 849 3848 τελέθει,
873 3783 968 3838 καὶ
1001 3783 1276 3855 ὑπέρτερα
1307 3783 1562 3854 θαύματα
1582 3782 1784 3853 τεύχει.

238 3874 426 3927 ¹’Λλλοι
460 3873 505 3925 δ’
533 3874 895 3944 άντερίδαινον
925 3874 1290 3945 ὁμογλώσσων
1323 3875 1431 3928 ἀπὸ
1465 3873 1704 3943 λαιμῶψ

234 3966 306 4018 Οὐ
345 3965 536 4033 σοφὸς,
572 3966 633 4018 ού
665 3965 826 4034 σοφὸς
848 3960 1001 4028 οὗτος
1033 3968 1320 4036 ἐτήτυμοψ
1355 3965 1660 4036 ἀγρομένου
1695 3964 1752 4016 δὲ

233 4055 407 4118 Λαοῦ,
442 4054 767 4124 κλεψινόοισι
804 4056 1152 4128 παραπλάζει
1180 4057 1352 4128 φρένα
1378 4056 1587 4126 μύθοις.

232 4146 372 4198 Τοῖα
411 4145 513 4216 μὲν
541 4146 848 4218 ἀλλήλοισιν
874 4147 1110 4218 ὁμίλεον.
1146 4148 1212 4201 15
1251 4147 1420 4218 ’Λμφὶ
1447 4147 1491 4200 δ’
1523 4146 1610 4217 ἄρ’
1646 4143 1812 4199 αὐτοῦ

231 4235 308 4287 (ιὺ
336 4235 467 4288 τότε
495 4236 772 4308 τολμήσας
805 4256 891 4301 τις
924 4237 1234 4309 ἀδειμάντῳ
1265 4238 1373 4290 τινὶ
1404 4240 1554 4309 φωνῇ

245 4327 558 4398 Ἀμφαδίην
581 4328 819 4400 όάριζεν,
853 4330 964 4400 78
987 4329 1247 4402 ἐλεύθερα
1277 4330 1462 4401 χείλεα
1486 4329 1676 4396 λύσας,

1150 306 1638 366 PARAPIIRASiS
1677 309 1744 365 ΙΝ
1783 309 2211 372 1οᾹΝΝΕΜ.-
2248 319 2401 376 CAP.
2443 318 2554 375 VII.

3402 317 3510 376 800

1856 437 1898 493 Α
1933 429 2057 485 dolo
2090 433 2346 488 volebant
2377 433 2602 504 perdere
2641 430 2763 486 Filii
2791 431 3125 498 Judzeorum,
3153 436 3340 487 sancta
3366 441 3504 502 gau-

1925 521 2114 578 dentes
2153 525 2411 592 pernicie.
2445 526 2480 578 2
2511 524 2639 578 Erat
2681 533 2862 579 autem
2901 524 3009 578 Deo
3040 524 3314 594 publicum
3347 523 3507 577 anniu

1925 613 2224 668 versarium
2270 631 2439 686 prope
2473 615 2692 677 festum,
2747 616 2789 667 A
2832 615 2952 670 lixis
3006 614 3374 669 tabernaculis
3421 612 3505 669 di~

1925 711 2092 756 ctum.
2146 705 2179 759 5
2205 704 2502 776 Propinqui
2550 715 2726 760 autem
2765 705 2983 760 Fratres
3016 690 3134 760 falsi
3187 705 3508 775 quadrupli-

1926 810 2018 848 ccs
2061 794 2150 848 filii
2195 796 2418 867 Ioseph.
2465 797 2741 852 Christum
2795 799 3122 860 incitantes,
3178 796 3506 852 concordem

1926 897 2228 941 sonuerunt
2281 905 2469 944 vocem
2506 910 2518 943 :
2552 888 2689 942 Hinc
2733 889 3051 948 discede,et
3098 887 3320 957 quando
3371 885 3509 940 cele-

1927 979 2104 1032 bratio
2141 980 2261 1035 festi
2300 981 2448 1052 (est,)
2477 980 2701 1036 Festina
2740 979 2942 1036 Judacm
2972 980 3256 1032 finitimam
3303 985 3505 1032 terram

1927 1067 2216 1131 accedere,
2284 1067 2351 1121 Ut
2419 1077 2804 1122 convertentes
2847 1068 3187 1120 incredulum
3243 1066 3506 1135 populum

1926 1167 2221 1224 errantem,
2249 1158 2493 1213 Veterem
2527 1161 2579 1213 in
2613 1169 2665 1213 te
2689 1159 2846 1212 fide’m
2880 1163 3203 1228 recuperent
3225 1154 3505 1225 discipuli.

1929 1249 2034 1318 77
2071 1247 2326 1306 Videnles
2388 1258 2479 1303 tua
2525 1264 2689 1319 opera
2736 1249 2968 1319 sapienti
3029 1248 3266 1318 perfecta
3314 1247 3502 1301 verbo.

1925 1339 1958 1391 4
1988 1339 2105 1393 Non
2147 1340 2292 1394 enim
2329 1341 2528 1410 aliquis
2563 1340 2842 1393 hominum
2872 1339 3146 1392 occultum
3178 1351 3316 1406 opus
3348 1337 3508 1399 texit.

1927 1427 2075 1500 Opus
2115 1429 2374 1486 invisibili
2404 1432 2740 1486 occultatum
2772 1430 3005 1501 caligine
3032 1429 3259 1491 silentii,
3304 1427 3510 1497 Aperte

1925 1535 2054 1574 vero
2081 1521 2195 1574 vult
2239 1521 2418 1574 audax
2475 1535 2633 1587 esse;
2681 1521 2726 1574 si
2759 1521 2873 1574 haec
2926 1518 3094 1574 facies
3133 1517 3294 1571 Varia
3341 1519 3510 1571 mira-

1926 1610 2070 1675 cula,
2119 1609 2349 1665 ostende
2387 1621 2675 1680 perspecta
2718 1610 2982 1664 miracula
3031 1606 3254 1662 mundo.
3293 1607 3326 1661 5
3357 1605 3508 1659 Talia

1931 1698 2136 1753 frustra
2185 1698 2461 1763 dicebant,
2509 1698 2777 1754 increduli
2831 1699 2975 1753 sicut
3027 1706 3079 1752 et
3126 1696 3262 1750 alii:
3303 1694 3512 1749 Christi

1858 1783 1900 1841 Β
1929 1790 2171 1844 omnium
2201 1790 2431 1846 rectoris
2466 1789 2665 1846 fratres
2689 1791 2817 1844 licet
2857 1789 3206 1850 cxsistentes,
3234 1786 3385 1841 Fidei
3415 1787 3510 1839 flr-

1927 1893 2074 1930 mum
2100 1893 2304 1934 morem
2330 1879 2672 1950 abnegarunt
2697 1889 2750 1934 et
2782 1879 2910 1948 ipsi.
2946 1879 2978 1932 6
2998 1877 3060 1930 Ει
3085 1878 3217 1947 ipsis
3239 1875 3350 1929 Rex
3373 1875 3512 1929 dixit

1927 1968 2247 2037 responsivo
2305 1969 2540 2036 quodam
2595 1966 3171 2023 sermone:Nondum
3234 1973 3512 2035 opportu-

1926 2072 2056 2111 num
2105 2059 2256 2134 venit
2304 2075 2487 2114 meum
2540 2067 2794 2128 tempus;
2835 2067 3076 2112 vestrum
3127 2064 3307 2110 autem
3352 2053 3510 2107 Volat

1927 2163 2142 2218 semper
2183 2159 2520 2218 promptum,
2576 2149 2829 2204 liberum.
2883 2149 2915 2201 7
2963 2147 3080 2201 Non
3135 2154 3312 2216 potest
3363 2145 3514 2201 enim

1926 2235 2207 2293 Insaniens
2235 2253 2475 2308 unquam
2507 2238 2744 2293 mundus
2777 2245 3041 2293 consueta
3065 2237 3303 2306 procella
3330 2233 3508 2296 rabicl

1929 2328 2037 2382 Vos
2068 2329 2282 2397 odisse;
2319 2344 2406 2384 me
2437 2336 2618 2385 autem
2654 2329 2768 2384 odit
2797 2337 2849 2384 et
2879 2328 3099 2398 expellit
3129 2327 3342 2391 Audax,
3383 2327 3514 2395 quia

1927 2421 2078 2474 solus
2118 2436 2225 2474 non
2257 2430 2517 2490 parcente
2545 2421 2873 2476 testificante
2896 2434 3032 2474 voce
3071 2418 3349 2473 Consueto
3383 2431 3512 2486 pec,

1927 2519 2051 2567 cato
2080 2513 2342 2567 refertum
2381 2512 2645 2566 mundum
2671 2512 2980 2580 redarguo,
3009 2507 3187 2580 Opera
3228 2523 3349 2578 qua:
3381 2506 3515 2560 facit

1934 2603 2182 2658 clamans
2229 2603 2405 2657 aliena
2439 2619 2468 2656 a
2518 2603 2654 2673 lege.
2704 2603 2737 2657 8
2771 2602 2883 2658 Vos
2936 2602 3124 2658 sonori
3155 2600 3401 2655 accedite
3444 2596 3510 2650 ad

1927 2691 2344 2747 celebrationem
2393 2691 2516 2749 festi
2550 2711 2562 2746 :
2595 2691 2847 2746 Nondum
2896 2707 2997 2760 ego
3042 2690 3276 2745 tentoria
3321 2702 3518 2743 recens

1927 2781 2030 2834 ﬁxa
2054 2781 2168 2849 jam
2203 2781 2499 2842 honorans.
2548 2781 2628 2834 Ad
2669 2781 2866 2835 festum
2910 2795 3129 2835 sacrum
3177 2778 3512 2845 ascendam;

1927 2871 2102 2928 nostri
2133 2871 2278 2927 enim
2317 2871 2568 2925 Nondum
2617 2871 2748 2924 mihi
2781 2871 3087 2941 completus
3125 2879 3210 2924 est
3248 2869 3512 2938 temporis

1927 2976 2143 3017 cursus.
2181 2961 2214 3015 9
2248 2960 2340 3016 Sic
2379 2962 2468 3016 ille
2515 2961 2705 3016 dicens
2743 2959 2992 3015 Pervasit
3034 2967 3282 3015 sanctum
3331 2959 3511 3013 solum

1930 3053 2274 3107 iutonsorum
2323 3051 2693 3106 Galilaeorum.
2749 3053 2815 3105 10
2861 3050 3081 3106 Fratres
3151 3061 3329 3105 autem
3385 3065 3515 3108 cum

1930 3145 2310 3199 ascendissent
2355 3144 2422 3198 ad
2475 3144 2758 3212 templum,
2807 3157 2932 3198 sero
2981 3150 3036 3197 et
3099 3144 3216 3212 ipse
3258 3141 3512 3197 Divinum

1927 3235 2219 3304 vestigium
2251 3234 2401 3288 ﬂexit
2424 3233 2492 3286 ad
2527 3249 2702 3302 nuper
2740 3231 3072 3287 celebratum
3106 3233 3324 3287 festum.
3359 3233 3419 3286 ll
3452 3231 3516 3285 Ει

1929 3327 2109 3396 ipsum
2162 3322 2333 3380 Judaei
2383 3325 2552 3378 chara
2608 3323 2925 3394 quaerebant
2976 3323 3350 3378 necessitate:
3393 3321 3516 3388 Quo

1929 3419 2068 3472 ivit?
2095 3417 2186 3471 ubi
2237 3417 2368 3471 ille?
2397 3417 2466 3470 12
2505 3414 2814 3472 Mussitanti
2847 3431 2976 3471 vero
3012 3416 3225 3486 populo,
3263 3414 3514 3468 lnfinitus

1932 3508 2132 3564 ﬂuebat
2158 3522 2339 3562 sermo
2367 3523 2477 3561 non
2505 3507 2812 3561 tacentibus
2841 3521 2870 3560 a
2902 3507 3237 3576 gutturibus.
3269 3505 3335 3559 Et
3358 3507 3516 3561 multi

1931 3610 2188 3665 dixerunt
2224 3611 2368 3680 piam
2419 3608 2800 3665 testiﬁcantem
2845 3623 3054 3673 vocem,
3083 3607 3240 3674 Quod
3289 3610 3514 3678 sapiens

1931 3721 2035 3776 est,
2083 3723 2137 3767 et
2188 3711 2388 3766 eximia
2437 3711 2701 3765 miracula
2740 3711 2890 3768 facit.
2938 3711 3043 3764 Alii
3085 3719 3266 3765 autem
3319 3720 3513 3768 contra

1932 3810 2334 3867 contendebant
2384 3811 2765 3866 consentiente
2820 3825 2890 3864 ex
2938 3816 3194 3881 gutture:
3257 3807 3376 3865 Non
3422 3825 3515 3866 sa-

1929 3918 2110 3988 piens,
2148 3930 2258 3969 non
2291 3914 2512 3985 sapiens
2555 3915 2644 3969 hic
2688 3930 2856 3979 vere;
2898 3913 3114 3969 collecti
3158 3929 3291 3969 vero
3320 3915 3513 3986 Populi

1928 4028 2169 4076 mentem.
2212 4018 2530 4073 fallentibus
2581 4017 2783 4087 decipit
2829 4018 3071 4071 animum
3101 4018 3308 4076 verbis.
3358 4019 3514 4075 Talia

1927 4123 2146 4196 quidem
2180 4123 2326 4178 inter
2350 4137 2410 4178 se
2439 4120 2818 4176 conferebant.
2853 4122 2923 4176 15
2954 4120 3028 4176 De
3067 4137 3134 4175 eo
3172 4131 3352 4178 autem
3392 4123 3513 4180 Non

1930 4234 2061 4281 tunc
2095 4225 2275 4279 audax
2309 4224 2511 4295 aliquis
2555 4222 2827 4294 intrepida
2864 4223 3098 4295 quadam
3139 4240 3272 4280 voce
3311 4225 3516 4298 Aperte

1929 4327 2152 4383 locutus
2183 4335 2290 4393 est,
2333 4327 2504 4383 libera
2527 4327 2674 4382 labia
2699 4329 2940 4392 solvens,
2975 4327 3085 4399 79
3115 4327 3516 4388 TerroremJu-

1455 4448 1736 4506 TEXTUS
1776 4447 2301 4504 EVANGELISTIE.

300 4542 339 4597 2
369 4538 483 4596 Ἦν
515 4542 574 4596 δὲ
619 4544 786 4612 ἐγγὺς
830 4545 864 4615 ἡ
897 4544 1060 4616 ἑορτὴ
1103 4543 1209 4598 τῶν
1254 4543 1526 4598 Ἰουδαίων
1557 4547 1589 4597 ἢ
1628 4561 1824 4614 σκηνο-
1860 4549 1903 4604 D
2003 4544 2037 4598 8
2076 4544 2267 4614 Ὑμεῖς
2281 4541 2520 4612 ἀνάϐητε
2544 4542 2624 4604 είς
2643 4540 2742 4610 τὴν
2759 4539 2952 4611 ἑορτὴν
2980 4539 3204 4610 ταύτην·
3231 4540 3342 4609 ἐγὼ
3363 4539 3517 4595 οὔπω

233 4627 439 4695 πηγία.

303 4711 343 4764 5
383 4705 556 4762 Εἶπον
582 4703 676 4764 οὖν
705 4709 845 4780 πρὸς
889 4704 1049 4761 αὐτὸν
1083 4710 1132 4762 οἱ
1173 4709 1392 4779 ἀδελφοὶ
1425 4709 1613 4764 αὑτοῦ·
1646 4710 1825 4765 Μετά-

231 4793 366 4855 ϐηθι
405 4792 681 4856 ἐντεῦθεν,
719 4794 814 4848 κοιλ⁸
844 4792 1023 4862 ὕπαγε
1053 4795 1134 4856 είς
1156 4794 1257 4864 τὴν
1297 4794 1578 4857 Ἰουδαίαν,
1609 4795 1696 4848 ἴνα
1731 4796 1825 4849 καὶ

234 4880 287 4933 οἱ
312 4875 564 4947 μαθηταί
588 4893 681 4928 σου
709 4875 1029 4949 θεωρήσωσι
1055 4877 1124 4929 τὰ
1147 4877 1281 4948 ἔργα
1305 4894 1396 4930 σου
1426 4877 1461 4931 ἃ
1486 4881 1679 4941 ποιεῖς·

301 4958 340 5012 4
374 4958 570 5022 Οὐδεὶς
593 4959 706 5031 γάρ
729 4961 786 5012 ἐν
813 4959 1038 5031 κρυπτῷ
1071 4978 1125 5013 τι
1159 4964 1322 5024 ποιεῖ,
1351 4960 1448 5015 καὶ
1481 4962 1636 5031 ζητεῖ
1660 4961 1824 5026 αὐτὸς

233 5043 289 5093 ἐν
315 5041 610 5112 παρρησίᾳ
630 5037 786 5096 εἶναι·
811 5044 860 5095 εί
887 5042 1057 5097 ταῦτα
1088 5047 1282 5108 ποιεῖς,
1313 5044 1625 5115 φανέρωσον
1657 5061 1822 5096 σεαυ-

236 5125 328 5177 τὸν
357 5124 442 5194 τῷ
467 5125 674 5196 κόσμῳ.

305 5207 344 5263 5
376 5207 517 5261 Οὐδὲ
544 5210 654 5280 γὰρ
679 5209 730 5261 οἱ
760 5208 981 5278 ἀδελφοὶ
1009 5207 1174 5262 αὐτοῦ
1213 5208 1497 5262 ἐπίστευον
1529 5209 1610 5271 είς
1638 5209 1821 5263 αὐτόν.

303 5292 343 5346 6
380 5292 543 5359 Λέγει
564 5289 656 5346 οὖν
683 5293 865 5358 αὐτοῖς
893 5295 922 5346 6
963 5293 1191 5363 Ἰησοῦς·
1229 5293 1286 5345 '0
1309 5292 1501 5362 καιρὸς
1526 5294 1555 5346 ὁ
1583 5293 1715 5363 ἐμὸς
1739 5291 1825 5346 οὔ·

236 5395 324 5430 κω
350 5378 640 5446 πάρεστιν·
669 5378 774 5431 ὁδε⁹
801 5377 994 5450 καιρὸς
1025 5379 1054 5430 6
1090 5376 1356 5449 ὑμέτερος
1401 5378 1629 5431 πάντοτέ
1674 5380 1822 5432 ἐστιν

229 5466 348 5516 ’ἐτοι
357 5477 483 5529 μος.

302 5543 338 5592 ’τ
368 5542 445 5594 Ού
471 5541 691 5597 δύναται
714 5545 966 5616 ὁκόσμος
998 5546 1176 5615 μισεῖν
1213 5544 1376 5614 ὑμᾶς’
1422 5544 1522 5615 ἐμὲ
1558 5545 1615 5598 δὲ
1653 5547 1820 5616 μισεῖ,

232 5634 315 5686 ετι
343 5625 461 5692 ἐγὼ
486 5627 748 5698 μαρτυρῶ
781 5627 912 5698 περὶ
945 5625 1131 5693 αὑτοῦ,
1155 5627 1236 5680 ότι
1269 5630 1338 5680 τὰ
1375 5626 1509 5697 ἔργα
1533 5628 1698 5681 αὐτοῦ
1725 5647 1818 5683 πο-

241 5709 394 5778 νηρά
418 5706 580 5762 ἐστιν.

1929 4627 2205 4682 ἀναϐαίνω
2232 4628 2311 4689 είς
2333 4625 2432 4696 τὴν
2456 4623 2649 4696 ἐορτὴν
2683 4623 2910 4694 ταύτην,
2945 4624 3028 4675 ὅτι
3050 4626 3078 4676 ὁ
3107 4625 3299 4693 καιρὸς
3327 4627 3355 4678 ό
3381 4627 3515 4696 ἐμὸς

1928 4711 2083 4766 οὔπω
2117 4711 2496 4781 πεπλήρωται.

1998 4821 2032 4876 9
2065 4819 2250 4872 Ταῦτα
2272 4819 2326 4872 δέ
2356 4817 2527 4870 εἰπὼν
2555 4815 2762 4877 αὐτοῖς,
2797 4814 3010 4884 ἔμεινεν
3039 4813 3096 4865 ἐν
3120 4813 3188 4883 τῇ
3225 4810 3512 4884 Γαλιλαίᾳ.

2001 4905 2069 4958 Ιθ
2109 4904 2196 4965 Ὠς
2229 4901 2286 4954 δέ
2327 4899 2599 4969 ἀνέϐησαν
2643 4898 2692 4950 οἱ
2740 4896 2961 4966 ἀδελφοὶ
3006 4895 3196 4961 αὑτοῦ,
3249 4897 3370 4949 τότε
3419 4897 3517 4950 καὶ

1928 4989 2092 5051 αὐτὸς
2123 4986 2290 5057 ἀνέϐη
2324 4987 2403 5049 είς
2443 4983 2540 5055 τὴν
2576 4981 2791 5054 ἑορτὴν,
2823 4982 2882 5034 οὐ
2907 4979 3178 5053 φανερῶς,
3210 4979 3326 5050 ἀλλ’
3351 4979 3426 5043 ὡς
3453 4981 3517 5034 ἐν

1930 5072 2184 5144 κρυπτῷ.

2004 5177 2065 5230 Η
2101 5176 2168 5231 Oi
2188 5172 2281 5229 οὖν
2315 5173 2558 5228 Ἰουδαῖοι
2581 5172 2812 5244 ἐζήτουν
2841 5169 3005 5224 αὐτόν
3029 5170 3087 5221 ἐν
3116 5169 3182 5239 τῇ
3211 5168 3394 5239 ἑορτῇ,
3417 5168 3518 5221 καὶ

1932 5259 2138 5328 ἔλεγονο
2176 5259 2287 5312 Ποῦ
2319 5259 2467 5311 ἐστιν
2502 5259 2749 5319 ἐκεῖνος;

2005 5364 2072 5417 12
2101 5364 2227 5416 Καὶ.
2250 5362 2566 5431 γογγυσμὸς
2617 5360 2786 5423 πολὺς
2831 5359 2960 5430 περὶ
2998 5356 3164 5412 αὑτοῦ
3202 5351 3270 5428 ἦν
3307 5357 3367 5409 ἐν
3400 5359 3517 5422 τοῖς

1928 5445 2125 5516 ὄχλοις.
2155 5446 2219 5499 Οἱ
2249 5445 2345 5515 μὲν
2368 5444 2574 5511 ἔλεγον,
2605 5444 2688 5495 ὅτι
2719 5441 2921 5509 ἀγαθός
2945 5442 3110 5494 ἐστιν’
3141 5439 3291 5493 ἄλλοι
3316 5439 3372 5493 δέ
3397 5439 3519 5493 ἐλε-

1931 5548 2046 5599 γον·
2088 5527 2186 5582 Οὔ·
2213 5528 2350 5582 ἀλλά
2384 5527 2564 5598 πλανᾷ
2593 5528 2685 5580 τὸν
2711 5527 2890 5597 ὄχλον.

2001 5627 2066 5679 15
2093 5626 2278 5689 Οὐδεὶς
2315 5624 2495 5696 μέντοι
2527 5624 2806 5696 παρρησίᾳ
2834 5621 3011 5678 ἐλάλει
3044 5619 3172 5692 περὶ
3197 5617 3390 5687 αὑτοῦ,
3425 5616 3516 5676 διὰ

1930 5709 2020 5763 τὸν
2046 5709 2206 5780 φόϐον
2235 5709 2338 5762 τῶν
2379 5707 2665 5762 Ἶουδειίων.
