3956 6202
499 296 600 351 SH

1785 269 1995 326 NONNI
2036 264 2542 324 PANOPOLITANI
3658 256 3747 310 81?.

511 412 638 465 retis
667 421 944 464 reversum
982 417 1104 460 sero
1134 409 1488 469 cognoscere,
1523 390 1633 447 Nec
1679 389 2005 449 invenietis;
2040 396 2093 442 et

2227 386 2377 439 [ολλά
2417 401 2483 454 με
2513 379 2850 453 μαστεὺσητε
2881 376 3243 446 παλίνδρομον
3267 373 3363 442 ὀψὲ
3384 369 3592 439 νοῆοαι,

510 517 618 557 non
656 500 737 555 fas
763 508 846 553 est
878 512 987 566 quo
1028 493 1164 547 vado
1199 489 1309 543 Vos
1345 484 1720 541 desiderantes
1761 482 2097 535 inaccessam

513 594 652 645 viam
691 586 1012 643 ambulare?
1040 583 1107 638 57
1151 579 1257 634 Sed
1291 576 1512 648 quando
1545 574 1736 628 ultima
1772 571 1921 626 venit
1965 570 2099 623 cho-

512 698 632 738 reas
667 676 1031 734 instaurantis
1061 674 1177 743 dies
1205 670 1348 733 festi,
1390 668 1644 723 Christus
1662 680 1757 719 rex
1790 662 1941 717 stetit
1962 660 2101 729 lapi-

515 776 653 829 doso
710 774 765 826 in
841 768 1063 838 templo.
1137 762 1379 818 Hebraeis
1434 775 1563 814 vero
1629 756 1815 813 sonuit
1866 753 2103 808 fundens

514 878 703 918 omnes
734 862 1059 914 mulcentem
1090 869 1277 909 vocem
1308 871 1321 906 :
1361 852 1416 906 Si
1457 852 1579 921 quis
1613 850 1759 905 sitim
1792 846 1951 901 habet
1984 843 2105 897 ani-

428 992 433 999 .
516 954 793 1015 micidam,
826 948 894 1002 ad
934 963 1019 1001 me
1063 945 1286 1000 veniens
1337 943 1525 997 Fontis
1580 940 1753 995 nostri
1796 938 1946 991 bibat
1985 936 2106 990 ani-

508 1065 657 1103 mam
692 1053 997 1103 servantem
1036 1057 1257 1112 aquam.
1290 1039 1359 1094 58
1400 1037 1589 1092 Omnis
1636 1033 1781 1088 enim
1820 1029 1975 1083 ﬁdem
2008 1028 2102 1081 ha-

518 1142 649 1195 bens
685 1140 872 1195 salvus
905 1137 1041 1199 erit;
1081 1134 1301 1203 priscus
1340 1144 1469 1183 vero
1510 1127 1665 1179 Sicut
1700 1123 1792 1177 Dei
1824 1119 1963 1176 dixit
1988 1134 2107 1173 ser—

518 1248 625 1296 mo,
651 1245 865 1300 semper
892 1243 988 1298 per
1011 1233 1255 1280 ventrem
1286 1222 1433 1276 illius
1453 1218 1746 1273 Prudentia
1768 1231 1863 1286 per
1891 1228 1951 1268 se
1984 1212 2107 1266 fuso

518 1322 738 1378 ﬂumina
770 1320 986 1373 vivente
1028 1316 1175 1370 [luxu
1213 1312 1467 1368 Abditam
1514 1309 1744 1364 fundent
1775 1318 1973 1359 rursus
2007 1317 2105 1356 na-

520 1422 626 1467 tam
656 1410 897 1467 divinam
944 1421 1164 1477 aquam.
1207 1403 1275 1459 '59
1306 1403 1450 1457 Dixit
1478 1400 1785 1455 vaticinans
1813 1395 2108 1450 advenien-

520 1514 625 1558 tem
673 1515 855 1557 serum
905 1498 1254 1569 splendorem
1299 1494 1561 1564 Spiritus,
1604 1505 1765 1561 quem
1816 1494 2106 1556 acceptura

521 1605 633 1648 erat
661 1593 825 1646 Deum
858 1591 1157 1660 recipiente
1202 1588 1385 1641 animo
1429 1585 1542 1656 84.
1593 1582 1783 1639 Omnis
1830 1580 2105 1635 variorum

522 1686 801 1741 hominum
846 1682 1069 1738 credula
1111 1680 1410 1752 generatio.
1448 1677 1700 1731 Nondum
1732 1674 1881 1729 enim
1912 1671 2105 1725 huma-

2203 476 2407 530 Κοὺδὲν
2432 473 2792 543 ὲφευρήσητεο
2825 470 2918 523 καὶ
2955 470 3017 521 οὑ
3046 467 3203 537 θέμις
3230 461 3427 518 ὁππόθι
3455 460 3617 530 βαίνω

2215 567 2418 637 Ὑμέας
2455 565 2769 635 ίμείροντας
2795 560 3097 631 ἀνέμϐατον
3118 552 3274 626 οἷμον
3293 554 3531 617 ὀδεύειν;

2203 659 2269 711 5'7
2318 655 2458 708 Ἀλλ’
2488 657 2575 708 ὅτε
2615 653 2846 706 λοίσθιον
2875 648 3004 721 ἦλθε
3028 645 3349 719 χοροστάδος
3375 640 3530 714 ἦμαρ
3559 642 3745 711 ἑορτῆς.

2204 747 2438 818 Χριστὸς
2470 746 2601 811 ἄναξ
2627 746 2826 815 ἕστηκε
2856 740 3103 801 λιθώδεος
3132 735 3323 805 ἐγγύθι
3356 732 3507 805 νηοῦ.

2218 838 2489 909 Ἑϐραίοις
2521 838 2565 890 δ’
2594 838 2783 906 ἰάχησε
2815 834 2954 903 χέων
2990 827 3296 896 πανθελγέα
3326 826 3527 895 φωνήψ

2208 931 2275 984 Εἴ
2302 949 2385 994 τις
2414 928 2571 999 δίψαν
2602 928 2715 997 ἔχει
2738 924 3098 995 θυμοφθόρον,
3124 922 3202 982 είς
3221 918 3322 989 ἐμὲ
3347 917 3544 986 βαίνων

2210 1023 2398 1094 Πηγῆς
2418 1021 2691 1091 ἡμετέρης
2718 1016 2888 1069 πιέτω
2916 1010 3214 1083 ψυχοσσόον
3247 1008 3412 1079 ὕδωρ.

2209 1092 2289 1169 58‘
2310 1092 2425 1176 Πᾶς
2442 1112 2553 1183 γὰρ
2578 1114 2606 1165 6
2639 1110 2822 1163 πίστιν
2845 1107 2986 1178 ἔχων
3007 1105 3126 1167 σόος
3151 1102 3386 1154 ἔσσεται·
3415 1097 3691 1168 ἁρχέγονος
3705 1092 3748 1144 δὲ

2210 1200 2311 1257 Οἷα
2343 1202 2477 1256 Θεοῦ
2511 1201 2649 1271 φάτο
2683 1198 2875 1269 μῦθος,
2906 1196 2993 1249 ἀεὶ
3022 1194 3109 1248 διὰ
3142 1192 3376 1262 γαστρὸς
3405 1190 3611 1242 ἐκείνου

2215 1296 2524 1365 Ἕμφρονες
2553 1289 2831 1359 αὑτοχύτῳ
2858 1286 3095 1356 ποταμοὶ
3130 1285 3327 1349 ζείοντι
3365 1280 3573 1352 ῥεέθρῳ

2222 1386 2544 1455 Ἐνδόμυχον
2569 1382 2858 1454 βλύσσουσι
2880 1377 3191 1447 παλιμφυὲς
3215 1375 3394 1428 ἔνθεον
3419 1371 3581 1441 ὓδωρ.

2212 1480 2278 1534 59
2310 1473 2445 1531 Εἷπε
2477 1474 2855 1548 προθεσπίζων
2893 1471 3180 1541 ἐπιδήμιον
3208 1466 3403 1536 ὄψιμον
3433 1462 3623 1532 αἴγλην

2212 1568 2351 1623 Πνεύ
2362 1585 2549 1639 ματος,
2578 1562 2747 1636 οὗπερ
2775 1564 2966 1636 ἔμελλε
2993 1564 3173 1633 τυχεῖν
3203 1558 3515 1626 θεοδέγμονι
3538 1552 3683 1623 θυμῷ

2213 1660 2324 1731 85
2353 1660 2509 1712 Πᾶσα
2538 1656 2919 1727 πολυσπερέων
2951 1654 3203 1725 μερόπων
3224 1649 3503 1704 πεισθεῖσα
3535 1646 3749 1716 γενέθλη.

523 1779 606 1834 nis
654 1776 935 1831 stabilitus
994 1742 1428 1828 erat'mentibus
1482 1767 1739 1823 Christus
1792 1780 1887 1820 rex
1929 1759 2109 1815 Patris

2227 1750 2378 1803 ζ)ὖπω
2401 1749 2510 1821 γὰρ
2547 1748 2835 1819 βροτέησιν
2866 1744 3193 1817 ὲνερρίζωτο
3220 1742 3491 1812 μενοιναῖς

525 1871 674 1927 visus
698 1868 1038 1937 propinquus
1070 1864 1266 1921 sedens
1292 1863 1346 1917 in
1376 1861 1524 1918 sede.

605 1966 675 2018 40
702 1962 851 2015 Multi
881 1977 1011 2015 vero
1034 1960 1319 2014 audientes
1338 1954 1733 2013 consentientis
1756 1960 1887 2007 tunc
1909 1949 2113 2021 populi,

534 2062 718 2117 Labiis
744 2058 982 2115 credulis
1022 2056 1373 2126 multiplicem
1404 2054 1742 2109 fremuerunt
1771 2064 1989 2107 sonum.
2016 2046 2117 2102 Hic

531 2172 692 2228 quem
737 2154 1031 2223 descripsit
1074 2153 1182 2217 lex,
1216 2166 1381 2206 verus
1430 2156 1514 2204 est
1563 2146 1844 2217 propheta.
1900 2144 1963 2198 41
2013 2141 2119 2197 Alii

533 2268 695 2317 vero,
744 2250 1126 2307 coutroversim
1192 2246 1381 2313 inscii,
1430 2244 1703 2300 habebant
1750 2239 2118 2313 praeconium,

533 2350 788 2405 Christus
842 2363 934 2400 rex
957 2355 1040 2400 est
1070 2344 1179 2398 hic.
1220 2341 1575 2397 Contentioso
1615 2348 1795 2394 autem
1846 2352 2118 2399 sermone,

536 2443 640 2496 Alii
676 2440 1019 2511 legiferorum
1067 2452 1224 2491 orum
1255 2436 1528 2489 solventes
1557 2434 1813 2502 repagula
1837 2472 1850 2496 ,
1890 2430 2121 2485 Oraeula

537 2536 789 2590 dixerunt
840 2530 1072 2601 sapienti
1124 2530 1334 2599 signata
1396 2530 1536 2583 libro
1584 2548 1596 2582 :
1652 2527 1791 2581 Num
1852 2524 2123 2578 maritima

539 2632 716 2687 veniet
748 2644 815 2683 ex
841 2627 1063 2682 Galilrea
1098 2624 1353 2679 Christus
1381 2624 1515 2679 rex?
1542 2624 1612 2677 42
1637 2622 1754 2677 Non
1808 2622 1909 2675 hoc
1951 2618 2124 2673 deilo-

540 2741 682 2797 quus
714 2724 852 2777 dixit
879 2737 1058 2777 sermo
1089 2740 1101 2775 :
1135 2721 1230 2776 sed
1260 2719 1427 2775 David
1460 2720 1624 2790 prisci
1660 2720 1867 2790 regium
1895 2714 2118 2787 sangui—

545 2837 666 2877 nem
718 2819 901 2875 ferens
950 2818 1203 2873 Christus
1254 2815 1457 2873 Iudaeis
1498 2816 1779 2887 apparebit
1811 2816 1926 2885 ipse
1965 2826 2130 2867 voca-

545 2929 653 2984 tus,
681 2916 879 2971 Patria:
906 2914 998 2969 ubi
1026 2914 1247 2968 domum
1276 2913 1619 2968 citharmdus
1660 2910 1923 2965 habitavit
1960 2906 2128 2962 David

550 3014 861 3070 Bethlehem
910 3025 1039 3064 oves
1101 3009 1397 3079 pascentis.
1446 3009 1516 3062 45
1559 3007 1726 3062 Divisi
1769 3021 1896 3061 vero
1941 3004 2127 3075 p0puli

540 3111 816 3165 .Continua
851 3106 1051 3161 diversi
1098 3105 1309 3159 consilii
1342 3111 1458 3158 erat
1488 3103 1783 3157 contentio.
1812 3102 1899 3155 44.
1930 3102 2129 3170 Ιιηρτοο
2158 3096 2204 3157 C

541 3206 660 3259 ~vidi
692 3214 870 3259 autem
907 3203 1278 3271 Imprudentes
1315 3198 1535 3270 quidam
1587 3200 1686 3253 viri
1730 3206 2010 3253 tentarunt
2035 3213 2126 3252 ea-

554 3315 682 3365 pere
709 3298 894 3352 Jcsum
916 3340 929 3363 ,
952 3296 1156 3364 injuste
1186 3294 1448 3349 instinctu
1476 3294 1774 3359 seniorum;
1814 3292 1918 3347 Sed
1950 3292 2125 3361 ipsum

554 3394 735 3449 nullus
768 3393 1099 3464 prehendit;
1142 3408 1264 3445 nam
1307 3391 1495 3445 ultima
1553 3391 1657 3461 ipsi
1708 3388 1959 3444 Nondum
2006 3403 2130 3457 per-

554 3490 788 3543 mitteuti
824 3488 995 3543 astitit
1034 3486 1312 3541 mortifera
1351 3486 1501 3540 hora.

626 3579 698 3634 .45
734 3577 797 3631 Et
826 3578 1122 3649 prudentes
1152 3577 1354 3632 reversi
1384 3585 1512 3631 sunt
1546 3576 1611 3630 ad
1649 3574 1759 3629 Deo
1820 3574 2130 3630 contrarios

2218 1840 2451 1913 Χριστὸς
2483 1839 2617 1904 ἄναξ
2650 1838 2876 1890 Γενέταο
2905 1836 3094 1906 φανεὶς
3120 1832 3440 1903 ἀγχίθρονος
3462 1830 3638 1899 ἕδρης.

2289 1932 2358 1985 40
2398 1929 2589 1983 Πολλοὶ
2622 1930 2665 1983 δ’
2696 1929 2988 1989 εἰσαΐοντες
3018 1922 3369 1996 ὀμοφραδέων
3399 1921 3519 1974 τότε
3550 1918 3698 1981 λαῶν,

2220 2021 2435 2076 Χείλεσι
2469 2018 2835 2073 πιστοτάτοισι
2873 2014 3211 2085 πολύστομον
3243 2012 3473 2083 ἔδρεμον
3503 2009 3633 2080 ἠχὼ,

2221 2109 2388 2177 οὗτος
2419 2112 2477 2165 ὃν
2503 2112 2707 2183 ἔγραφε
2745 2109 2930 2181 μῦθος,
2961 2106 3225 2179 ὲτήτυμός
3261 2107 3376 2158 ἐστι
3409 2105 3694 2175 προφήτης.

2222 2204 2283 2258 41
2331 2205 2394 2256 Oi
2419 2203 2496 2268 δὲ,
2523 2200 2870 2272 διχοστασίης
2898 2200 3218 2269 ἀδαήμονές,
3255 2190 3398 2264 εἶχον
3426 2193 3624 2263 ἀοιδὴν,

2224 2296 2458 2367 Χριστὸς
2486 2293 2618 2360 ἄναξ
2648 2293 2808 2346 πέλεν
2833 2286 3005 2354 οὗτος.
3049 2288 3406 2359 Ἀμιλλητῆρι
3443 2286 3501 2338 δὲ
3531 2282 3691 2354 μύθῳ.

2229 2386 2411 2438 ’Ἄλλοι
2443 2382 2797 2454 θεσμοφόρων
2825 2380 3106 2450 στομάτων
3137 2377 3472 2437 πετάσαντες
3497 2372 3675 2442 ὀχῆας,

2225 2476 2479 2544 Θέσφατα
2505 2471 2815 2543 μυθήσαντο
2844 2471 2979 2540 σοφῇ
3010 2466 3402 2539 κεχαραγμένα
3432 2463 3621 2534 βίϐλῳ·

2226 2567 2317 2638 Μὴ
2345 2565 2454 2637 γὰρ
2480 2563 2835 2635 ἁλικρήπιδος
2868 2560 3143 2615 ἐλεύσεται
3173 2562 3238 2613 ὲκ
3270 2556 3554 2626 Γαλιλαξης

2227 2658 2461 2731 Χριστὸς
2489 2657 2657 2722 ἄναξ;
2693 2656 2762 2710 ιε
2791 2656 2865 2709 Ob
2886 2655 3042 2709 τοῦτο
3073 2653 3331 2725 θεηγόρος
3368 2651 3583 2703 ἔννεπεν
3605 2644 3759 2716 ὀμφή”

2229 2751 2392 2804 Δαϐὶδ
2432 2750 2476 2803 δ’
2502 2750 2795 2821 ἁρχεγόνου
2831 2746 3105 2818 βασιλήϊον
3137 2740 3276 2814 αἷμα
3308 2741 3544 2811 κομίζων

2230 2841 2466 2913 Χριστὸς
2515 2839 2814 2893 Ἰουδαίοισι
2842 2838 3140 2907 φανήσεται
3169 2833 3329 2895 αὐτὸς
3360 2828 3586 2890 ἀκούων,

2232 2934 2495 3003 Πατρίδος
2528 2932 2725 2985 ὁππόθι
2764 2930 2919 2999 δῶμα
2948 2926 3286 3000 λυροκτὺπος
3310 2923 3449 2994 ᾤκεε
3478 2918 3633 2975 Δαϐιδ

2233 3024 2448 3095 Βηθλὲμ
2506 3022 2838 3093 μηλοϐότοιο.
2870 3018 2940 3073 45
2962 3015 3355 3087 Μεριζομένοιο
3384 3013 3439 3065 δὲ
3464 3010 3585 3063 λαοῦ

2247 3114 2590 3186 Ἀμφιλαφὴς
2618 3114 2899 3184 διχόμητις
2930 3109 3023 3178 ἔην
3057 3108 3190 3179 ἔρις.
3223 3106 3293 3159 44
3332 3101 3619 3173 Ἀπροῖδεῖς
3644 3097 3691 3150 δὲ

2251 3206 2539 3277 Ἀφραδέες
2563 3204 2707 3266 τινὲς
2746 3203 2935 3273 ἄνδρες
2967 3201 3327 3269 ἐπειρήσαντο
3353 3194 3556 3258 πιέζειν

2244 3296 2468 3368 Ἰησοῦν,
2508 3297 2677 3365 ἀδίκῳ
2708 3294 2813 3348 ὑπὸ
2843 3292 3113 3363 πνεύματι
3147 3286 3553 3360 δημογερόντων
3572 3298 3584 3312 ·

2243 3388 2402 3441 Ἀλλά
2422 3403 2516 3458 μιν
2532 3385 2680 3449 οὑτις
2705 3384 2945 3456 ἔμαρψεν
2960 3399 2974 3414 ο
3005 3382 3127 3435 ἐπεὶ
3150 3379 3373 3450 πυμάτη
3404 3376 3560 3432 πάλιν
3578 3369 3707 3440 αὑτῷ

2235 3480 2401 3533 Οὔπω
2424 3476 2774 3548 ὲπιτρέψαντι
2803 3474 3107 3546 παρίστατο
3139 3472 3337 3541 λοίγιος
3365 3468 3505 3541 ὥρη.

2302 3572 2373 3626 65
2409 3572 2521 3625 Καὶ
2547 3568 2755 3622 πινυτοί
2790 3569 3057 3637 νόστησαν
3082 3567 3138 3629 ὲς
3165 3561 3442 3624 ἀντιθέους
3468 3558 3640 3628 ἱερῆας

558 3669 875 3727 sacerdotes
932 3668 1232 3738 Stupeutcs
1323 3667 1595 3731 ministri;
1636 3666 1891 3720 dixerunt
1949 3672 2121 3719 autem

2230 3661 2535 3734 Θαμόαλέοι
2565 3659 2890 3730 θεράποντες
2910 3675 2923 3688 ·
2969 3656 3311 3728 ἐμυθήσαντο
3342 3653 3387 3705 δ’
3420 3652 3604 3704 ἐκεῖνοι
3626 3662 3639 3675 °

559 3762 640 3816 illi
693 3781 705 3818 :
753 3760 866 3816 Cur
938 3762 1114 3831 ipsum
1177 3775 1286 3812 non
1340 3757 1682 3812 adduxistis?
1732 3755 1803 3811 46
1855 3755 1920 3809 Εῑ
1975 3755 2128 3810 dixe-

561 3866 691 3910 runt
740 3853 991 3924 prudenti
1045 3866 1297 3907 sermone
1358 3849 1475 3903 Non
1523 3857 1770 3904 errantes
1817 3847 1999 3918 gravis
2031 3848 2131 3902 iiii-

562 3944 722 4000 nistri
768 3942 1111 3999 necessitatis
1162 3960 1175 3995 :
1230 3940 1345 3996 Non
1395 3940 1475 3996 sie
1536 3939 1697 3993 homo
1763 3939 1903 3993 alius
1953 3953 2135 4009 aequa-

564 4037 669 4091 lem
740 4034 957 4090 locutus
1024 4042 1108 4089 est
1182 4048 1391 4088 vocem.
1470 4031 1541 4085 47
1613 4030 1676 4084 Et
1741 4030 1916 4085 audax
1995 4030 2134 4084 dixit

563 4134 743 4183 cretus
788 4125 1212 4181 intractabilium
1247 4124 1685 4180 Pharisaeorum:
1730 4121 1868 4176 Num
1921 4129 2138 4176 errante

566 4234 746 4279 mente
793 4220 1005 4278 seducti
1035 4220 1171 4277 estis
1218 4229 1272 4275 et
1316 4236 1434 4286 vos,
1473 4218 1767 4274 Credeutes
1821 4217 1967 4271 illius
2016 4231 2134 4271 seu-

2234 3753 2403 3805 Τίπτε
2454 3769 2544 3821 μιν
2581 3750 2641 3803 οὑ
2690 3747 3027 3820 κομίσασθε;
3082 3749 3149 3802 46
3180 3746 3290 3799 Καὶ
3321 3744 3538 3797 ἔννεπον
3576 3738 3759 3807 ἔμφρονι

3612 3827 3706 3895 ὐθῳ

2248 3934 2537 3998 Ἀπλανέες
2560 3933 2865 4003 δασπλῆτος
2897 3928 3306 4002 ὑποδρηστῆρες
3329 3829 3610 3994 ἁνάιγκηὲίῐι

2240 4028 2353 4096 Οὑχ
2374 4026 2516 4081 οὕτω
2541 4025 2728 4097 βροτὸς
2752 4024 2908 4087 ἄλλος
2947 4024 3070 4092 ῐσην
3103 4018 3403 4089 ἐφθέγξατο
3428 4016 3620 4087 φωνήν.

2240 4123 2305 4175 47
2349 4121 2458 4175 Καὶ
2498 4119 2703 4191 θρασὺς
2744 4112 2897 4169 εἶπεν
2925 4115 3112 4185 ὅμιλος
3142 4112 3427 4181 ἀκηλήτων
3461 4100 3757 4177 Φαρισαίων

2242 4214 2335 4283 Μὴ
2362 4211 2657 4282 σφαλεραῖς
2685 4208 3012 4279 πραπίδεσσι
3033 4201 3489 4276 παρεπλάγχθητε
3516 4196 3601 4252 καὶ
3621 4191 3760 4263 ὑμεῖςο

1757 4405 2036 4462 TEXTUS
2076 4403 2605 4461 EVANGELIST/E.

568 4593 663 4647 καὶ
690 4592 787 4661 οὑχ
824 4590 1085 4661 εὑρήσετε
1106 4604 1119 4616 ’
1149 4586 1242 4640 καὶ
1268 4586 1401 4638 ὅπου
1440 4585 1555 4654 είμὶ
1589 4583 1720 4651 ἐγὼ,
1765 4582 1923 4653 ὑμεῖς
1950 4582 2010 4634 οὑ
2045 4582 2139 4635 δὺ-
2174 4586 2215 4640 D
2246 4596 2432 4651 χεται;

568 4676 730 4732 νασθε
759 4674 931 4728 ἐλθεῖν
952 4689 967 4738 ;

637 4760 704 4815 57
756 4759 844 4811 Ἐν
875 4757 931 4810 δὲ
958 4758 1023 4825 τῇ
1056 4753 1258 4824 ἐσχάτῃ
1289 4750 1471 4822 ἡμέεςι
1494 4752 1561 4821 τῇ
1595 4749 1805 4823 μεγάλῃ
1824 4749 1923 4818 τῆς
1946 4746 2140 4817 ἑορτῆς

567 4846 810 4915 εἱστήκει
859 4844 887 4895 6
953 4839 1179 4909 ἰησοῦς,
1228 4837 1322 4890 κα)⁸
1370 4835 1589 4907 ἔκραξε,
1638 4834 1844 4903 λέγων·
1896 4830 2020 4883 Ἐάν
2054 4844 2137 4890 τις

567 4929 715 4998 διψᾷ,
746 4924 989 4996 ἐρχέσθω
1020 4922 1155 4991 πρός
1196 4936 1283 4990 με,
1314 4920 1408 4972 καὶ
1440 4918 1661 4974 πινέτω.

641 4992 710 5065 5-8
762 4992 1117 5062 ’δ-πιστεὺων
1146 5005 1225 5066 είς
1261 5002 1381 5072 ἐμὲ,
1423 5000 1603 5064 καθὼς
1641 4998 1794 5053 εἶπεν
1830 5001 1863 5069 ἡ
1928 4996 1967 5048 Γ
1975 4992 2144 5065 ραφὴο

569 5092 805 5164 ποταμοὶ
828 5092 891 5143 ὲκ
911 5091 1011 5158 τῆς
1031 5085 1237 5147 κοιλίας
1259 5083 1422 5136 αὑτοῦ
1447 5082 1696 5152 ῥεύσουσι
1719 5081 1905 5164 ὓδατος
1925 5078 2143 5141 ζῶντος.

637 5156 727 5231 ὅθ’
747 5172 938 5242 (Τοῦτο
968 5156 1029 5222 δὲ
1060 5164 1178 5222 εἷπε
1210 5168 1336 5238 περὶ
1367 5165 1460 5218 τοῦ
1489 5166 1805 5233 Πνεὺματος
1835 5156 1895 5216 οὗ
1920 5159 2145 5242 ἔμελλον

2318 4664 2388 4717 42
2424 4660 2558 4729 υὺχὶ
2596 4662 2629 4730 η
2664 4662 2852 4734 Γραφὴ
2898 4657 3071 4723 εἶπεν,
3114 4662 3195 4714 ὅτι
3244 4661 3309 4712 ὲκ
3355 4659 3450 4713 τοῦ
3503 4656 3763 4734 σπέρματθξς

2248 4744 2429 4808 Δαϐὶδ,
2464 4744 2557 4796 καὶ
2583 4743 2690 4796 ἀπὸ
2722 4731 2969 4816 Βηθλεὲμ
2999 4745 3096 4814 τῆς
3125 4744 3318 4814 κώμης
3354 4742 3487 4795 ὅπου
3520 4737 3582 4811 ἦν
3620 4731 3764 4790 Δαὸὶὸ.

2244 4830 2271 4879 6
2305 4827 2533 4898 Χριστὸς
2560 4826 2777 4898 ἔρχεται
2795 4845 2808 4894 ;

2316 4910 2385 4964 45
2421 4909 2633 4981 Σχίσμα
2657 4907 2750 4964 οὖν
2782 4911 2841 4963 ὲν
2862 4909 2940 4980 τῷ
2971 4908 3113 4980 ὔχλῳ
3147 4908 3355 4977 ἐγένετο
3388 4906 3455 4960 δι’
3488 4904 3659 4960 αὑτόν.

2314 4994 2383 5047 ιιι
2419 4977 2573 5057 τίνιέ
2615 4995 2673 5047 δὲ
2719 4977 2922 5065 quam
2948 4977 3214 5058 ιε”αιότῶν
3249 4992 3442 5045 πιάσαι
3477 4989 3657 5043 αὑτόν·
3684 4977 3771 5037 ἀλλ’

2244 5076 2417 5140 οὐδεὶς
2450 5076 2712 5131 ἐπέϐαλεν
2734 5076 2819 5129 ἐπ’
2851 5076 3011 5129 αὑτὸν
3037 5074 3135 5138 τὰς
3160 5077 3365 5145 χεῖρας.

2315 5160 2385 5213 45
2424 5156 2624 5213 Ἦλθον
2670 5154 2762 5212 οὖν
2801 5162 2849 5212 oi
2892 5158 3164 5229 ὑπηρέται
3199 5156 3334 5227 πρὸς
3371 5157 3499 5217 τοὺς
3540 5146 3775 5222 ἀρχιερξξ

570 5258 867 5330 λαμϐάνειν
911 5257 959 5307 οἱ
999 5250 1343 5313 πιστεύοντες
1375 5251 1454 5311 εἰς
1494 5247 1653 5300 αὑτόν
1675 5264 1687 5278 ’
1741 5244 1895 5299 οὔπω
1938 5242 2047 5313 γὰρ
2079 5237 2147 5312 ἦν
2246 5245 2338 5297 καὶ
2376 5243 2729 5315 Φαρισαίουςο
2748 5244 2842 5296 καὶ
2866 5238 3017 5295 εἶπον
3045 5241 3227 5303 αὐτοῖς
3256 5240 3454 5293 ἐκεῖνοι
3476 5255 3487 5265 ε
3508 5235 3602 5288 Διὰ
3627 5233 3673 5285 τί
3697 5229 3776 5282 οὑκ

568 5327 797 5411 Πνεῦμα
828 5338 1001 5406 ἅγιον,
1037 5336 1119 5388 ὅτι
1143 5334 1171 5386 ὁ
1213 5332 1417 5402 Ἰησοῦς
1444 5330 1653 5383 οὐδέπω
1681 5327 1986 5399 ἐδοξάσθη.)

641 5426 710 5479 ιίθ
726 5410 731 5411 ν
748 5422 941 5477 Πολλοὶ
961 5417 1053 5474 οὖν
1083 5421 1147 5472 ὲκ
1174 5416 1267 5471 τοῦ
1306 5415 1462 5485 δχλου
1483 5413 1616 5467 ἀκού
1627 5429 1815 5477 σαντες
1840 5412 1930 5465 τὸν
1962 5410 2138 5479 λόγον,

571 5509 782 5573 ἔλεγον·
814 5500 980 5568 Οὗτός
1012 5506 1156 5556 ἐστιν
1180 5498 1395 5569 ἀληθῶς
1423 5498 1451 5549 6
1483 5498 1790 5567 προφήτης.

641 5593 703 5644 Μ
752 5590 930 5643 ’Λλλοι
967 5588 1184 5655 ἔλεγον·
1226 5575 1394 5644 Οὗτός
1435 5582 1581 5632 ἐστιν
1613 5581 1641 5632 6
1672 5581 1939 5651 Χριστός·
1992 5578 2140 5634 ἄλλοι

570 5668 625 5721 6‘:
661 5670 845 5735 ἔλεγον
866 5689 878 5701 ο
921 5672 1011 5741 Μὴ
1044 5669 1151 5737 γὰρ
1189 5668 1250 5719 ὲκ
1284 5664 1379 5732 τῆς
1414 5661 1702 5725 Γαλιλαίας
1732 5665 1759 5715 6
1787 5662 2019 5732 Χριστὸς
2047 5662 2137 5731 ἐρ⁸

2246 5329 2481 5398 ἠγάγετε
2512 5326 2673 5380 αὑτόν
2693 5343 2707 5388 ;

2320 5410 2388 5464 46
2438 5408 2833 5479 Ἀπεκρίθησαν
2882 5409 2930 5459 oi
2982 5405 3285 5475 ὑπηρέται·
3332 5402 3595 5455 υὺδέποτε
3634 5396 3776 5450 οὕτως

2250 5492 2508 5560 ἐλάλησεν
2536 5490 2838 5561 ἄνθρωπος,
2879 5490 2953 5552 ὡς
2980 5482 3132 5551 οὗτος
3160 5490 3188 5540 6
3220 5486 3523 5556 ἄνθρωπος.

2318 5575 2386 5628 47
2404 5552 2415 5560 ”
2438 5552 2834 5643 Ἀπεκρίθησαν
2860 5568 2949 5625 οὖν
2972 5572 3153 5631 αὑτοῖς
3180 5572 3226 5623 οἱ
3258 5552 3535 5637 Φαρισαῖοι
3554 5580 3570 5598 ο
3597 5559 3679 5627 Μὴ
3699 5552 3777 5611 καὶ

2252 5660 2405 5729 ὑμεῖς
2441 5655 2780 5724 πεπλάνησθε
2803 5671 2817 5720 ;
