3956 6202
290 221 400 279 813

291 336 615 410 Πειθόμενοι
644 333 843 390 κείνοιο
874 332 1107 404 νοήμασι
1127 350 1140 398 ;
1164 332 1232 387 48
1259 333 1350 405 Μή
1379 351 1462 398 τις
1491 334 1548 398 ἐς
1575 333 1738 387 αὑτὸν

304 427 622 500 Ἠγεμόνων
655 425 962 489 πίστευσεν,
997 423 1030 495 ἢ
1059 424 1323 495 ἀγχινόων
1355 424 1700 496 Φαρισαίων;

293 521 365 577 49
401 522 463 574 Εί
499 519 573 590 μὴ
602 519 796 590 δήμιος
828 511 982 582 οὗτος
1013 517 1317 583 ἀτάσθαλος
1349 519 1518 588 ἐσμὸς
1544 518 1771 590 ἀλήτης,

300 616 399 677 ’ος
437 611 602 682 νόμον
628 609 926 679 ἀγνώσσων
967 609 1314 682 βακχεύεται,
1357 609 1592 680 ἕμπλεος
1627 610 1785 681 ἀρῆς.

294 707 366 762 ξίθ
417 705 636 775 Ἀφνειῇ
662 704 717 757 δὲ
753 703 994 773 φάλαγγι
1017 703 1155 773 χέων
1191 705 1537 775 νεμεσήμονα
1561 703 1745 776 φωνὴν

308 796 644 867 Ἀγχιφανὴς
668 796 979 867 Νικόδημος
1006 796 1284 866 ἀμείϐετο,
1311 797 1516 860 πάντας
1536 797 1774 868 ἐλέγχων
1795 814 1808 828 °

292 892 410 962 86
447 891 508 945 5|
554 891 646 961 Μὴ
681 890 792 961 γάρ
833 889 1106 943 Ἰουδαίων
1152 889 1315 960 νόμος
1361 888 1542 954 ἔνθεος
1576 890 1690 956 όξέῖ
1727 890 1884 962 θυμῷ

296 967 423 1037 Οῐδέ
444 982 819 1054 κατακρίνειν,
846 981 894 1033 εί
923 979 997 1053 μὴ
1036 980 1210 1050 πάρος
1231 979 1422 1054 ἀνδρὸς
1445 980 1660 1036 ἀκούων

293 1073 670 1145 Φθεγγομένου
705 1071 907 1143 κρίνειε
929 1071 1252 1136 δικασπόλος
1280 1071 1470 1143 ἴδμονα
1496 1073 1702 1145 φωνὴν,

298 1165 478 1233 Ἔργα
500 1162 677 1232 τάπερ
694 1161 868 1215 τελέει
890 1160 1058 1216 νοέων
1081 1160 1186 1215 ὑπὸ
1209 1162 1445 1235 μάρτυρι
1477 1162 1633 1234 μύθῳ
1654 1179 1669 1229 ;

295 1254 368 1309 b9.
406 1255 513 1307 Καὶ
538 1254 699 1326 χορὸς
723 1254 1016 1326 ἀντιάχησε
1047 1255 1451 1326 θεμιστοπόλων
1479 1257 1810 1328 Φαρισαίων,

296 1347 662 1418 Μεμφόμενος
690 1346 1002 1417 Νικόδημον
1026 1347 1290 1418 ἀμεμφέα
1314 1365 1326 1378 ·
1376 1348 1468 1421 Μὴ
1507 1349 1571 1403 σὺ
1602 1350 1698 1404 καὶ
1723 1349 1886 1414 αὐτὸς

297 1435 450 1510 Αἷμα
473 1439 662 1511 φέρεις
685 1437 997 1504 Γαλιλαῖον;
1029 1440 1300 1510 ἀμοιὸάδα
1324 1440 1505 1512 βίὸλον
1533 1441 1762 1498 ἑλίσσων

299 1531 462 1596 Ἕζεο
503 1528 810 1600 μαστεύων,
847 1529 941 1584 καὶ
967 1529 1207 1600 γνώσεαι
1237 1532 1355 1586 ὅττι
1383 1533 1641 1605 προφήτη

299 1615 467 1670 Οὔπω
497 1616 882 1688 ποικιλόμυθος
911 1617 1182 1688 ἐγείρεται
1209 1621 1273 1674 ἐκ
1295 1620 1607 1693 Γαλιλαίας.

303 2288 418 2360 88
468 2289 538 2344 12
585 2290 792 2362 Ἰησοῦς
815 2293 859 2347 δ’
884 2293 1137 2366 ἀγόρευε,
1162 2297 1302 2368 χέων
1323 2300 1580 2356 λαοσσόον
1600 2304 1768 2376 αὐδήν
1789 2323 1801 2334 ·

305 2383 438 2452 Εἰμὶ
467 2383 603 2452 φάος
631 2385 857 2456 κόσμοιο
885 2387 1178 2459 λιπαυγέος
1195 2409 1208 2422 ·
1234 2391 1293 2456 ὃς
1315 2393 1371 2447 δέ
1400 2411 1488 2464 μοι
1513 2394 1650 2466 ἀνὴρ

306 2473 503 2528 Πιστδν
527 2477 894 2550 ὁμαρτήσειεν
917 2480 1056 2552 ἔχων
1082 2481 1221 2549 νόον,
1246 2483 1440 2540 οὔποτε
1467 2486 1638 2557 βαίνει

307 2565 509 2620 Ποσσὶν
532 2567 864 2640 ἀλωομένοις
892 2575 1160 2629 σκιοειδέα
1190 2577 1361 2630 κῶνον
1392 2578 1643 2649 ὁμίχλης,

321 2655 486 2710 Ἀλλά
517 2661 930 2728 καταυγάζειεν,
969 2663 1106 2734 ἔχων
1136 2665 1422 2735 όμόφοιτον
1451 2670 1509 2720 ἐν
1540 2668 1698 2739 αύτῷ¹

314 2745 470 2816 Ζωῆς
496 2746 770 2812 ἀπλανέος
802 2749 938 2818 φάος
966 2750 1218 2821 ἔμπεδον.
1251 2753 1316 2806 15
1353 2753 1657 2826 Ἀπτοεπὴς
1682 2755 1739 2807 δέ

308 2837 455 2901 Λαδς
492 2839 762 2895 Ἰουδαίων
788 2842 1092 2913 ἐπε6όμ6εε
1122 2844 1272 2899 θυάδι
1296 2847 1447 2915 φωνῇ
1471 2862 1485 2878 ·

308 2931 637 3004 Μαρτυρίην
669 2934 806 3006 ἰδίην
838 2935 1046 3000 ἐνέπεις
1074 2937 1334 3007 ὑψαύχενι
1369 2937 1522 3009 μύθῳ
1542 2954 1556 2968 °

1186 212 1671 270 PARAPHRASIS
1712 211 1775 266 iN
1813 208 2156 267 JUANNEM.
2198 237 2266 249 —
2299 205 2452 264 CAP.
2492 205 2628 261 VIII.

1907 335 1954 394 Α
1983 327 2210 385 tentiis?
2241 326 2311 382 48
2356 325 2494 381 Num
2527 322 2726 394 aliquis
2780 321 2832 376 in
2857 334 2981 377 eum
3013 318 3328 390 Principum
3365 322 3560 386 credit,

3454 210 3560 269 8H

1981 435 2065 490 vel
2095 432 2491 505 perspicacium
2516 425 2960 485 Pharisaeorum?
3010 425 3080 480 49
3115 423 3233 480 Nisi
3282 427 3568 496 popularis

1984 526 2072 581 hic
2123 523 2406 597 improbus
2456 531 2634 578 coetus
2672 534 2888 580 errans.
2930 516 3032 584 Qui
3083 519 3254 590 legem
3307 518 3570 589 ignorans

1985 618 2208 682 insanit,
2249 617 2444 687 plenus
2475 609 2973 670 exsecrationibus.
3024 609 3092 664 50
3123 610 3440 665 Abundanti
3468 625 3570 665 au-

1984 716 2090 763 tem
2120 708 2326 779 agmini
2373 706 2607 761 fundens
2651 701 3079 774 objurgatriccm
3122 717 3310 756 vocem
3344 699 3571 758 Vicinus

1985 802 2313 857 Nicodemus
2376 797 2659 864 respondit
2690 836 2705 862 ,
2767 811 2959 851 omnes
3005 797 3340 866 redarguens
3391 813 3405 850 :

1985 893 2045 946 5|
2075 892 2213 947 Num
2234 906 2364 948 vero
2381 888 2693 945 Iudaeorum
2716 888 2801 942 lex
2826 886 3007 941 divina
3030 889 3191 942 celeri
3211 888 3392 941 animo
3415 885 3576 942 Novit

1985 980 2370 1044 condemnare,
2410 978 2518 1035 nisi
2563 985 2723 1032 antea
2753 977 2928 1031 virum
2969 977 3196 1032 audiens
3237 974 3574 1056 Loqucntem

1981 1073 2310 1143 judicaverit
2339 1071 2508 1144 judex
2549 1070 2756 1125 sciente
2785 1085 2939 1136 voce,
2975 1070 3151 1140 Opera
3199 1085 3321 1140 qua:
3365 1069 3576 1139 perﬁcit

1986 1179 2325 1235 cognoscens
2381 1162 2713 1219 testiﬁcante
2780 1160 3094 1215 sermone?
3144 1161 3214 1214 52
3271 1159 3339 1214 Et
3398 1170 3578 1216 C(Blus

1988 1258 2273 1328 reSpnndit
2317 1256 2761 1326 legisperitorum
2803 1253 3228 1317 Pharisaeorum,
3260 1251 3577 1324 Reprehen-

1986 1347 2122 1405 dens
2167 1347 2527 1403 Nicodemum
2583 1346 3171 1416 irreprehensibilem:
3230 1344 3369 1400 Num
3417 1355 3471 1401 et
3518 1353 3576 1400 tu

1987 1441 2104 1510 ipse
2153 1438 2488 1510 Sanguinem
2542 1438 2655 1494 fers
2691 1437 3018 1493 Galilzeum?
3061 1438 3331 1492 alternum
3377 1438 3576 1494 librum

1986 1534 2212 1589 volvens
2249 1532 2392 1589 Sede
2445 1533 2749 1602 inquirens,
2808 1538 2862 1586 et
2909 1545 3213 1602 cognosces
3261 1530 3406 1600 quod
3453 1545 3581 1600 pro~

1989 1624 2150 1695 pheta
2182 1622 2471 1694 Nunquam
2506 1623 2751 1679 disertus
2777 1621 3048 1678 excitatur
3077 1637 3145 1677 ex
3185 1619 3426 1676 Galilma.
3453 1619 3582 1693 [Re-

1990 1715 2135 1782 liqua
2164 1715 2580 1788 desiderantﬂrJ

2623 1957 2774 2012 CAP.
2820 1955 2953 2010 VIII.

2059 2299 2172 2370 89
2209 2299 2277 2354 12
2317 2297 2477 2355 Iesus
2501 2304 2683 2353 autem
2707 2296 2863 2359 dixit,
2903 2297 3140 2353 fundens
3169 2295 3428 2368 populum
3467 2310 3587 2352 ser-

1991 2403 2208 2453 vantem
2239 2407 2460 2447 vocem:
2497 2389 2628 2445 Sum
2661 2391 2752 2444 lux
2776 2390 3237 2444 mundiobscuri:
3273 2390 3588 2460 quicunque

1994 2499 2081 2539 me
2111 2483 2194 2539 vir
2250 2482 2494 2538 Fidelem
2550 2491 2776 2537 secutus
2839 2479 3005 2536 fuerit
3061 2480 3269 2535 habens
3326 2487 3586 2544 mentem,

1997 2589 2276 2646 nunquam
2339 2573 2544 2629 incedit
2602 2573 2839 2629 Pedibus
2888 2573 3202 2628 errantibus
3268 2573 3587 2627 umbrosum

1998 2682 2094 2737 per
2127 2680 2325 2720 conum
2361 2665 2636 2735 caliginis.
2675 2663 2782 2718 Sed
2823 2663 3150 2735 splendebit,
3178 2663 3387 2720 habens
3418 2664 3591 2720 comi-

1999 2764 2106 2811 tem
2140 2756 2193 2809 in
2244 2756 2364 2826 ipso
2408 2754 2548 2810 Vita:
2588 2769 2697 2808 non
2731 2755 2969 2809 errantis
3024 2754 3202 2808 lucem
3238 2754 3470 2809 ﬁrmam.
3521 2754 3591 2808 15

2003 2845 2300 2901 lllaledicus
2350 2852 2532 2900 autem
2590 2844 2832 2915 P0pulus
2877 2841 3190 2899 Judaeorum
3238 2843 3592 2915 obstrepebat

2003 2937 2216 2993 furente
2259 2952 2432 2993 voce:
2484 2935 2883 2992 Testimonium
2925 2936 3206 3007 proprium
3239 2935 3380 2993 dicis
3414 2937 3590 3008 jacta-

305 3023 608 3094 Μάρτυρος
629 3024 688 3077 οὐ
715 3024 804 3077 σέο
828 3024 997 3096 μῦθος
1019 3028 1307 3098 ἐτήτυμος.
1335 3029 1398 3081 14
1421 3023 1556 3081 Εῐπε
1583 3029 1677 3082 καὶ
1702 3028 1886 3093 αὐτόςε

2021 3031 2188 3085 nindo
2217 3030 2420 3096 verbo;
2471 3028 2801 3084 Testificans
2846 3035 2974 3084 tuus
3005 3043 3188 3084 sermo
3227 3045 3338 3084 nor.
3387 3039 3472 3085 est
3497 3044 3593 3087 ve-

304 3115 570 3186 Γλὼσσης
598 3117 814 3171 ἀενάοιο
843 3117 1131 3190 θεόρῤυτον
1154 3120 1358 3190 ὄμϐρον
1385 3119 1602 3184 ίάλλων,

305 3210 374 3263 Et
403 3210 499 3263 καὶ
530 3211 892 3285 μαρτυρίῃσιν
928 3211 1060 3282 ἐμὸν
1090 3211 1247 3275 κλέος
1269 3213 1427 3276 αὐτὸς
1452 3211 1614 3279 ἀέξω,

316 3300 587 3372 Ἀψευδὴς
613 3304 740 3356 πέλε
771 3304 980 3377 μάρτυς
1017 3305 1147 3375 ἐμὸς
1167 3305 1326 3374 λόγος
1360 3321 1374 3334 ο
1396 3305 1704 3377 ἀμφότερον
1730 3305 1787 3359 δὲ

306 3395 523 3460 Μούνος
545 3394 654 3465 ἐγὼ
686 3396 820 3450 νεέω
851 3398 1010 3450 πόθεν
1036 3396 1251 3468 ἤλυθον,
1280 3397 1312 3468 ἢ
1341 3395 1464 3450 πόθι
1498 3397 1663 3467 βαίνω
1685 3412 1699 3427 ⁸

2005 3138 2120 3178 rus.
2164 3122 2230 3177 i4
2265 3121 2412 3176 Dixit
2450 3128 2630 3177 autem
2662 3123 2751 3178 ille
2789 3120 3053 3192 :Linguae
3081 3130 3300 3177 aeterna:
3337 3120 3592 3178 ﬂuentem

2005 3230 2034 3268 a
2091 3214 2200 3270 Deo
2249 3213 2476 3270 imbrem
2536 3213 2793 3279 mittens,
2859 3214 2975 3268 Etsi
3034 3213 3366 3271 testimoniis
3418 3229 3593 3270 meam

2004 3305 2236 3377 gloriam
2291 3305 2410 3378 ipse
2446 3321 2672 3369 auxero,
2730 3303 2908 3360 Verus
2945 3313 3030 3360 est
3083 3304 3388 3365 testilicans
3440 3321 3597 3362 meus

2004 3412 2186 3452 sermo
2233 3404 2525 3468 utrumque
2560 3412 2687 3452 vero
2711 3397 2874 3451 Solus
2907 3413 3007 3468 ego
3035 3397 3185 3462 novi,
3209 3398 3353 3452 unde
3391 3399 3515 3454 veni
3542 3405 3598 3455 et

1519 3507 1802 3563 TEXTUS
1843 3497 2374 3561 EVANGELISTAS.

383 3625 455 3680 48
494 3626 584 3696 Μή
610 3643 693 3690 τις
726 3627 790 3679 ἐκ
817 3625 926 3679 τῶν
955 3625 1230 3697 ἀρχόντων
1263 3626 1584 3679 ἐπίστευσεν
1612 3626 1694 3689 είς
1719 3625 1904 3692 αὑτὸν,

314 3707 349 3778 ἣ
389 3710 458 3763 ὲκ
497 3709 605 3763 τῶν
635 3709 974 3779 Φαρισαίων;

395 3794 468 3848 ιε)
518 3793 658 3846 ’Δλλ’
718 3795 747 3846 ό
784 3795 940 3865 ὄχλος
980 3787 1134 3858 οὗτος
1164 3795 1193 3846 6
1243 3793 1317 3864 μὴ
1367 3789 1650 3862 γινώσκων
1675 3791 1766 3844 τὸν
1819 3791 1908 3844 νό-

319 3895 444 3948 μον,
480 3879 870 3951 ἐπικατάρατοί
899 3880 1024 3932 εἰσι.

391 3959 463 4015 50
500 3961 661 4030 Λέγει
688 3962 996 4033 Νικόδημος
1029 3962 1163 4034 πρὸς
1188 3962 1406 4025 αὐτοὺς,
1441 3962 1471 4014 6
1509 3958 1678 4013 ἐλθὼν
1707 3961 1902 4023 νυκτὸς

320 4035 461 4118 πρός
485 4044 666 4109 αὐτὸν,
695 4042 777 4108 εἷς
802 4045 878 4099 ὣν
909 4045 969 4110 ἐξ
996 4046 1176 4099 αὐτῶν
1196 4061 1210 4075 ’

392 4127 459 4182 51
507 4127 591 4199 Μὴ
617 4128 647 4180 ό
673 4128 837 4199 νόμος
863 4129 1022 4200 ήμῶν
1049 4130 1225 4200 κρίνει
1245 4129 1336 4182 τὸν
1370 4127 1676 4197 ἄνθρωπον.
1714 4125 1808 4180 ἐὰν
1834 4123 1909 4196 μὴ

321 4209 536 4282 ἀκούσῃ
569 4213 701 4283 παρ’
731 4211 896 4266 αὑτοῦ
931 4213 1217 4285 πρότερον,
1246 4212 1341 4266 καὶ
1367 4209 1482 4280 γνῷ
1508 4210 1559 4263 τί
1588 4211 1765 4274 ποιεί;

398 4294 468 4348 52
517 4295 921 4366 Ἀπεκρίθησαν
958 4296 1054 4350 καὶ
1083 4293 1236 4350 εἷπον
1267 4292 1450 4364 αὐτῷ’
1487 4293 1580 4364 Μὴ
1620 4293 1715 4346 καὶ⁷
1755 4292 1819 4345 σὺ
1847 4293 1909 4345 ἐκ

2015 3626 2344 3696 κατηγορεῖν
2367 3623 2553 3677 αὑτοῦ.
2595 3624 2656 3679 '0
2685 3624 2741 3676 δὲ
2781 3623 2988 3694 Ἰησοῦς
3007 3623 3158 3677 κάτω
3178 3623 3380 3692 κύψας,
3411 3622 3488 3693 τῷ
3509 3623 3600 3678 δα-

2017 3708 2198 3777 κτύλῳ
2223 3707 2461 3777 ἔγραφεν
2489 3708 2570 3770 είς
2599 3707 2698 3775 τὴν
2730 3707 2854 3776 γῆν.

2091 3791 2120 3844 7
2170 3791 2258 3854 Ὠς
2304 3791 2363 3842 δὲ
2416 3791 2679 3858 ἐπέμενον
2727 3791 3038 3862 ἐρωτῶντες
3085 3789 3266 3852 αὑτὸν,
3319 3789 3600 3860 ἀνακύψας

2017 3868 2137 3926 εἷπε
2173 3872 2310 3943 πρὸς
2349 3872 2579 3936 αὐτούς·
2637 3873 2695 3926 '0
2733 3873 3115 3943 ἀναμάρτητος
3163 3871 3342 3942 ὑμῶν,
3382 3873 3599 3942 πρῶτος

2011 3955 2102 4008 τὸν
2127 3955 2272 4008 λίθον
2307 3955 2394 4007 ἐπ’
2430 3954 2566 4026 αὐτῇ
2601 3954 2827 4024 βαλέτω.

2083 4038 2116 4092 8
2156 4037 2265 4091 Kal.
2305 4037 2464 4091 πάλιν
2491 4038 2641 4091 κάτω
2669 4037 2865 4107 κύψας,
2894 4038 3131 4108 ἔγραφεν
3165 4039 3244 4101 εἰς
3267 4036 3366 4106 τὴν
3396 4037 3522 4107 γῆν.

2083 4121 2117 4174 9
2156 4122 2220 4174 0i
2267 4121 2343 4185 δὲ,
2395 4119 2730 4184 ἀκούσαντες
2778 4121 2873 4174 καὶ
2922 4119 3028 4173 ὑπὸ
3079 4120 3180 4190 τῆς
3241 4120 3598 4191 συνειδήσεως

2014 4204 2385 4275 ἐλεγχόμενοι,
2431 4203 2723 4274 ἐξήρχοντο
2767 4198 2846 4267 εἷς
2886 4202 3007 4256 καθ’
3035 4197 3136 4266 εἷς,
3164 4202 3460 4274 ἀρξάμενοι
3492 4204 3600 4257 ἀπὸ

2017 4289 2123 4341 τῶν
2153 4287 2537 4358 πρεσϐυτέρων
2563 4286 2668 4350 ἐως
2699 4285 2806 4340 τῶν
2835 4286 3077 4358 ἐσχάτων
3100 4305 3113 4319 ·
3144 4287 3240 4338 καὶ
3271 4287 3598 4359 κατελείφθη

320 4376 423 4447 τῆς
448 4377 737 4462 Γαλιλαίας
766 4375 849 4443 εἷς
880 4377 1174 4451 ἐρεύνησον
1199 4378 1295 4432 καὶ
1321 4377 1396 4430 [δε
1423 4377 1505 4430 ὃτι
1539 4378 1823 4448 προφήτης
1848 4376 1910 4430 ἐκ
1942 4421 1991 4480 D
2021 4372 2182 4480 μόῖρὶς
2208 4389 2255 4480 ρ⁸
2280 4370 2509 4480 1ch6;,
2661 4371 2860 4480 ήῐγυνή
2895 4372 2952 4423 ἐν
2990 4370 3402 4480 pectito-rima.

321 4460 425 4530 τῆς
464 4454 755 4526 Γαλιλαίας
786 4463 888 4516 οὑκ
924 4463 1242 4533 ἐγήγερται.

398 4541 466 4596 53
504 4543 616 4597 Kal.
653 4543 924 4616 ἐπορεύθη
949 4545 1179 4609 ἕκαστος
1215 4546 1295 4609 εἰς
1319 4545 1412 4600 τὸν
1439 4542 1584 4599 οἶκον
1618 4543 1800 4597 αὑτοῦ,

981 4671 1138 4726 ΚΕΦ.
1183 4674 1264 4726 H'.

398 4785 423 4841 1
482 4786 692 4858 Ἰησοῦς
737 4791 792 4844 δέ
837 4789 1108 4860 ἐπορεύθη
1143 4793 1222 4855 εἰς
1255 4791 1316 4844 τὸ
1361 4791 1486 4862 ὅρος
1514 4791 1622 4844 τῶν
1665 4789 1910 4843 Ἐλαιῶν.

396 4870 433 4924 2
475 4871 709 4942 Ὀρθρου
753 4874 810 4926 δὲ
851 4874 1013 4927 πάλιν
1047 4875 1380 4946 παρεγένετο
1414 4877 1491 4937 εἰς
1526 4875 1585 4927 τὸ
1622 4873 1784 4944 ἱερὸν.
1824 4875 1918 4926 καὶ

328 4955 438 5017 πᾶς
467 4955 496 5008 6
538 4954 666 5018 λαὸς
714 4957 912 5028 ἦρχετο
942 4957 1076 5028 πρὸς
1115 4959 1278 5012 αὐτόν
1299 4976 1312 4988 ο
1355 4958 1450 5011 καὶ
1481 4956 1714 5020 καθίσας
1747 4957 1918 5010 ἐδίδα-

328 5053 460 5090 σκεν
489 5055 707 5100 αυτους.

399 5121 434 5173 3
475 5121 705 5185 Ἀγουσι
731 5121 785 5175 δέ
813 5123 861 5176 oi
889 5123 1240 5194 Γραμματεῖς
1269 5123 1363 5177 καὶ
1389 5125 1438 5177 οἱ
1466 5122 1917 5196 Φαρισαῖοιπρὸς

329 5203 494 5256 α”ιτὺν
526 5208 758 5270 γυναῖκα
792 5207 850 5259 ἐν
897 5207 1114 5279 μοιχεία
1158 5207 1604 5280 κατειλημμένην
1628 5225 1639 5236 ·
1671 5207 1766 5262 καὶ
1791 5207 1920 5277 στή-

333 5301 526 5349 σαντες
550 5287 720 5358 αὐτὴν
750 5289 808 5340 ἐν
846 5289 996 5359 μέσῳ
1017 5330 1030 5348 ,

402 5367 438 5422 4
477 5369 739 5436 Λέγουσιν
769 5372 916 5442 αύτῷ
935 5389 949 5403 ·
980 5371 1298 5438 Διδάσκαλε,
1343 5373 1480 5444 αὕτη
1512 5375 1544 5444 ή
1571 5373 1706 5444 γυνὴ
1733 5389 1918 5425 κατει-

331 5448 514 5521 λήφθη
546 5454 920 5526 ὲπαυτοφώρῳ
957 5457 1318 5528 μοιχευομένη
1338 5474 1350 5486 ·

407 5533 444 5585 5
493 5534 582 5586 Ἐν
605 5535 663 5588 δὲ
693 5536 770 5606 τῷ
795 5539 944 5610 νόμῳ
977 5541 1179 5608 Μωσῆς
1207 5542 1340 5610 ἡμῖν
1374 5541 1672 5594 ἐνετείλατο
1702 5542 1799 5605 τὰς
1820 5559 1923 5595 τοι·

329 5615 506 5680 αὐτας
539 5617 930 5676 λιθοϐολεῖσθαι
953 5640 966 5654 ·
1000 5625 1064 5677 σὺ
1095 5620 1188 5677 οὖν
1216 5623 1266 5677 τί
1293 5623 1507 5692 λέγεις;

407 5695 443 5754 6
481 5699 654 5756 Τοῦτο
705 5705 763 5758 Et
801 5703 993 5774 ἔλεγον
1034 5707 1388 5778 πειράζοντες
1421 5706 1602 5770 αὑτὸν,
1636 5709 1722 5760 ἵνα
1758 5705 1921 5777 ἔχωσι

2092 4455 2158 4508 10
2208 4453 2514 4521 ’Λνακύψας
2539 4453 2596 4507 δὲ
2619 4455 2647 4506 ό
2679 4452 2905 4524 Ἰησοῦς,
2925 4453 3018 4506 καὶ
3043 4453 3244 4523 μηδένα
3266 4454 3602 4525 θεασάμενος

2016 4538 2155 4608 πλὴν
2182 4539 2280 4610 τῆς
2305 4537 2582 4606 γυναικός,
2618 4533 2770 4590 εἷπεν
2799 4537 2936 4607 αὐτῇ
2957 4552 2971 4566 ο
3015 4535 3081 4588 Ἢ
3120 4537 3278 4606 γυνὴ,
3326 4539 3430 4592 πού
3464 4541 3603 4609 εἰσιν

2018 4625 2214 4676 ἐκεῖνοι
2247 4623 2294 4674 οἱ
2325 4619 2621 4690 κατήγοροί
2649 4637 2777 4679 σούς
2807 4619 2979 4680 οὐδείς
3012 4635 3071 4669 σε
3103 4619 3460 4690 κατέκρινεν;

2093 4705 2148 4758 11
2206 4703 2270 4756 ’11
2315 4703 2372 4756 δὲ
2423 4699 2602 4756 sin-5w
2657 4703 2866 4766 Οὐδεὶς,
2903 4701 3095 4772 Κύριε.
3139 4698 3274 4754 Εἷπε
3313 4703 3370 4756 δὲ
3399 4704 3536 4775 αὐτῇ
3575 4707 3604 4758 6

2032 4785 2270 4858 ’1ησοῦς’
2325 4786 2460 4839 Ούδέ
2517 4784 2628 4853 ἐγὼ
2667 4803 2726 4838 σε
2779 4786 3122 4855 κατακρίνω·
3187 4786 3445 4856 πορεύου,
3504 4788 3603 4842 καὶ

2023 4872 2220 4944 μηκέτι
2247 4872 2550 4943 ἁμάρτανε.

2094 4955 2160 5008 12
2199 4954 2370 5008 Πάλιν
2414 4950 2506 5007 οὖν
2554 4956 2582 5006 ό
2638 4953 2844 5024 Ἰησοῦς
2889 4955 3074 5018 αὐτοῖς
3107 4954 3360 5025 ἐλάλησε,
3387 4954 3599 5024 λέγων’

2033 5037 2176 5107 Ἐγώ
2208 5040 2324 5110 είμι
2361 5039 2422 5092 τὸ
2453 5038 2570 5108 φῶς
2597 5037 2691 5091 τοῦ
2723 5039 2930 5108 κόσμου
2950 5056 2963 5069 ·
3001 5041 3028 5092 ό
3057 5038 3365 5092 ἀκολουθῶν
3393 5039 3514 5108 ἐμοὶ
3541 5040 3604 5092 οὐ

2025 5121 2099 5193 μὴ
2124 5125 2488 5193 περιπατήσει
2537 5122 2594 5174 ἐν
2623 5123 2687 5192 τῇ
2731 5119 2941 5192 σκοτίᾳ,
2964 5119 3078 5174 ἀλλ’
3129 5121 3237 5186 ἕξει
3268 5121 3327 5174 τὸ
3361 5120 3475 5190 φῶς
3505 5121 3604 5192 τῆς

2023 5204 2188 5273 ζωῆς.

2096 5289 2163 5341 15
2201 5283 2367 5340 Εἶπον
2391 5284 2483 5341 οὖν
2515 5286 2664 5358 αύτῷ
2684 5288 2733 5339 οί
2763 5289 3044 5360 Φαρισαῖοι
3066 5305 3079 5318 °
3113 5289 3186 5341 Σὺ
3216 5287 3346 5356 περὶ
3375 5286 3606 5341 σεαυτοῦ

2027 5373 2354 5443 μαρτυρεῖςο
2393 5373 2425 5438 ἠ
2457 5371 2727 5442 μαρτυρία
2771 5389 2862 5425 σου
2900 5371 2999 5424 οὐκ
3027 5371 3172 5424 ἐστιν
3201 5371 3428 5442 ἀληθής.

2096 5454 2162 5506 14
2215 5454 2506 5523 Ἀπεκρίθη
2547 5453 2757 5521 Ἰησοῦς
2792 5454 2886 5507 καὶ
2923 5449 3074 5507 εἶπεν
3109 5454 3322 5517 αὐτοῖς·
3355 5453 3474 5507 Κᾶν
3498 5453 3610 5523 ἐγὼ

2028 5537 2288 5608 μαρτυρῶ
2326 5539 2455 5608 περὶ
2503 5537 2764 5608 ἐμαυτοῦ,
2802 5539 3006 5611 ἀληθής
3049 5543 3197 5593 ἐστιν
3253 5541 3284 5610 ἡ
3335 5540 3610 5611 μαρτυρέα

2029 5637 2166 5692 μουο
2208 5622 2289 5674 ὅτι
2321 5617 2438 5674 οἶδα
2474 5623 2637 5676 πόθεν
2674 5618 2860 5691 ἦλθον,
2897 5624 2987 5677 καὶ
3029 5623 3132 5677 ποῦ
3182 5623 3410 5687 ὑπάγω·
3450 5624 3610 5694 ὑμεῖς

2025 5703 2077 5757 δὲ
2114 5704 2214 5758 οὐκ
2239 5703 2414 5758 οἴδατε
2446 5705 2609 5760 πόθεν
2642 5704 2892 5779 ἔρχομαι,
2921 5707 3013 5761 καὶ
3045 5708 3148 5763 ποῦ
3179 5709 3392 5778 ὑπάγω.

3460 794 3686 866 87’
