3956 6202
460 293 567 349 895

1687 293 1893 351 nom:
1930 291 2437 349 ranorounm
3605 302 3693 360 se,

461 424 600 472 rum,
623 407 990 462 Abrahamqu
1016 422 1282 464 annosum
1312 407 1521 462 vidisti?
1540 407 1608 463 58
1634 406 1775 459 Dixit
1804 413 1857 459 et
1888 406 2018 473 ipse:

2138 404 2376 474 ’Λντυγα
2406 406 2736 478 πεντήκοντα
2761 408 3063 479 διαπλήσας
3092 410 3370 475 ἐνιαυτῶν,

459 499 726 552 Abraham
762 507 1050 568 antequam
1097 513 1272 568 genus
1303 498 1542 562 haberet,
1590 511 1691 566 ego
1740 512 1908 551 eram.
1962 496 2028 550 59

459 591 737 645 Insaniens
782 600 963 643 autem
1016 589 1246 657 Lapides
1285 589 1491 644 habens
1534 604 1725 659 graves
1774 588 2028 641 adluebat

457 681 686 751 populus
724 682 1018 749 superbus,
1058 681 1250 735 Adhuc
1286 682 1463 750 ipsum
1502 682 1811 750 loquentem
1841 680 2024 733 occul-

456 783 572 828 tare
600 772 843 843 cogitans
883 776 1090 843 Aspero
1120 774 1345 843 cuspide
1374 773 1643 844 lapidibus
1673 774 1833 843 jaclaa
1862 772 2022 826 nivis.

452 860 615 919 .lesus
650 874 827 918 autem
859 864 1428 936 incomprehensibilis
1470 865 1572 920 sub
1602 865 1759 934 plicis
1787 864 2027 919 occulta-

456 957 612 1009 batur
644 957 849 1026 templi,
892 956 1096 1012 Tacitis
1129 965 1309 1014 autem
1355 958 1585 1027 pedibus
1630 957 1881 1028 gradiens
1930 972 2027 1026 per

453 1047 689 1102 medium
728 1050 995 1118 ipsorum,
1040 1047 1375 1119 lmprovisus
1429 1048 1727 1113 ferebatur,
1765 1047 2025 1118 lapidato-

454 1152 563 1192 rem
594 1148 794 1196 caelum
828 1141 1161 1212 relinquens.
1195 1140 1286 1195 Sic
1312 1142 1529 1211 quidem
1563 1141 1755 1196 evasit.

1059 1294 1290 1351 CAPUT
1330 1296 1417 1351 IX.

520 1459 542 1510 l
589 1456 907 1511 Praaeriens
958 1466 1160 1519 autem,
1201 1456 1270 1509 ad
1324 1458 1463 1511 viam
1513 1455 1801 1512 Sedentem
1846 1458 2022 1511 virum

449 1546 853 1611 animadvertit,
886 1562 1047 1616 quem
1100 1563 1131 1602 e
1174 1547 1298 1602 sinu
1352 1549 1543 1603 matris
1585 1547 1800 1603 Caecum
1844 1548 2023 1601 adhuc

448 1636 799 1705 palpitantem
830 1652 1107 1706 puerperae
1133 1639 1387 1693 viderunt
1415 1640 1563 1693 horze
1589 1658 1600 1693 :
1629 1639 1731 1704 Qui
1762 1647 1879 1693 erat
1910 1638 2021 1692 cir-

2135 498 2357 568 ’Ἃὸραμ
2386 498 2747 569 πουλυέτηρον
2772 500 3096 571 ἐσέδρακες;
3138 500 3205 555 58
3245 497 3379 553 Eine
3404 503 3499 555 καὶ
3521 502 3686 565 αὐτός·

2134 587 2311 656 ’Ἂϐρα
2320 604 2358 655 μ
2376 589 2504 658 πρὶν
2523 588 2678 655 γένος
2694 587 2868 658 ἔσχεν,
2885 589 2995 658 ἐγὼ
3015 591 3195 643 πέλον.
3236 591 3304 646 59
3331 592 3629 663 Αίνομανὴς
3644 594 3688 646 ἃ

2130 676 2279 741 Λᾶας
2306 676 2443 746 ἔχων
2466 677 2779 747 δασπλῆτας
2809 680 3037 750 ἐπέρῤεε
3068 680 3193 744 λαὸς
3220 681 3467 753 ἀγήνωρ,

2130 768 2310 820 Είσέτι
2343 785 2435 837 μιν
2465 768 2723 822 λαλέοντα
2752 770 3097 840 κατακρύψαι
3130 772 3426 841 μενεαίνων

2130 859 2414 930 Τρηχαλέη
2444 860 2664 930 γλωχῑνι
2690 861 3003 931 λιθοϐλήτου
3037 865 3289 931 νιφετοῖο.

2142 950 2348 1020 Ἰησοῦς
2374 952 2419 1003 δ’
2446 951 2709 1021 ἀκίχητος
2741 953 2847 1005 ὑπὸ
2872 952 3051 1023 πτύχα
3076 955 3301 1008 κεύθετο
3327 956 3457 1026 νηοῦ
3475 975 3492 992 ·

2128 1042 2408 1109 Σιγαλέοις
2435 1043 2492 1095 δέ
2521 1043 2739 1096 πόδεσσι
2770 1043 3073 1115 διερπύζων
3105 1047 3267 1116 μέσος
3290 1048 3490 1112 αὐτῶν,

2137 1134 2424 1206 Ἀπροῖδὴς
2450 1135 2747 1204 πεφόρητο,
2780 1135 3054 1189 λιθοσσόον
3088 1139 3253 1208 ἐσμὸν
3280 1138 3467 1201 ἐάσας.

2127 1225 2281 1277 Οὕτω
2309 1225 2417 1295 μὲν
2439 1225 2765 1295 παρὰμειὸε.

2780 1341 2937 1395 ΚΕΦ.
2969 1340 3045 1394 Θ¹.

2776 1454 2800 1508 1
2839 1456 3228 1526 Παραστείχων
3254 1455 3309 1507 δὲ
3341 1456 3588 1510 κελεύθου

2128 1550 2365 1619 ’Ίίμενον
2392 1548 2537 1620 ἄνδρ’
2563 1547 2773 1617 ἐνόησε,
2805 1547 2896 1600 τὸν
2929 1548 2993 1600 ἐκ
3031 1548 3251 1601 κόλποιο
3281 1548 3543 1618 τεκούσης

2125 1640 2333 1709 Τυφλδν
2365 1639 2443 1691 ἔτι
2472 1639 2770 1709 σπαίροντα
2792 1638 3043 1709 λεχωῖδες
3082 1639 3307 1710 ἔδρακον
3335 1634 3473 1709 ὧραι
3493 1658 3507 1669 '

446 1728 887 1791 cumambulans,
931 1728 1071 1785 lucis
1099 1731 1341 1799 expertis
1380 1729 1537 1785 faciei
1565 1730 1909 1793 Confertum,
1935 1732 2017 1784 in-

2138 1734 2309 1796 Ὀστις
2339 1732 2432 1801 ἔην
2467 1732 2797 1802 περίφοιτος,
2828 1732 3150 1800 ἀφωτίστοιο
3179 1731 3469 1802 προσώπου

445 1815 681 1869 divisum
718 1817 943 1883 habens,
981 1834 1089 1873 non
1130 1819 1404 1888 signatum
1431 1822 1630 1888 visum,
1661 1821 1833 1887 Quem
1867 1831 2020 1875 natu-

447 1920 502 1957 ra
554 1921 662 1960 non
704 1909 975 1977 expressit
1004 1928 1016 1963 :
1050 1918 1103 1963 et
1130 1911 1320 1965 oculos
1375 1926 1483 1965 non
1533 1912 1782 1965 habentis
1825 1912 2016 1966 circuli

458 1997 745 2067 l‘urgidum
776 2001 1013 2055 alienum
1060 2002 1277 2056 oculum
1328 2003 1526 2058 natalis
1560 2003 1793 2058 habebat
1823 2004 2016 2074 caligo;

445 2090 511 2143 Et
552 2091 809 2145 infantem
866 2109 1141 2163 nunquam
1179 2095 1339 2149 talem
1374 2096 1495 2151 sine
1518 2097 1690 2150 oculis
1742 2106 2021 2151 comtaneo

447 2182 653 2235 mundo
719 2182 920 2237 Ductor
988 2185 1111 2239 vita:
1152 2202 1351 2255 parcns
1423 2188 1680 2257 produxit
1736 2190 2016 2243 saeculum.

445 2272 475 2323 Ξ
509 2270 693 2327 Jesnm
715 2280 895 2329 autem
932 2276 1287 2347 interrogavit
1310 2294 1495 2334 comes
1517 2287 1693 2335 coetus
1718 2282 2015 2335 sociorum:

446 2363 639 2431 llabbi,
675 2366 1140 2437 interrogantibus
1164 2370 1287 2439 quis
1312 2373 1557 2439 peccavit
1584 2372 1671 2427 dic
1694 2374 2013 2443 discipulis:

446 2460 613 2514 llicne
674 2479 908 2531 peccans
974 2463 1142 2519 Deum
1203 2467 1531 2532 molestavit,
1597 2467 1678 2520 vel
1729 2467 2021 2536 parentes?

442 2551 598 2615 Quod
648 2552 824 2622 ipsum
888 2571 1081 2625 graves
1135 2557 1500 2612 obstetricata:
1555 2568 1683 2613 sunt
1740 2574 2018 2628 puerpera:

444 2640 631 2697 Matris
662 2660 727 2697 ex
756 2654 942 2699 ventre
969 2647 1217 2701 obscurae
1238 2663 1479 2702 coaevum
1516 2648 1759 2718 caligini.
1794 2649 1828 2704 3
1855 2647 2016 2705 Jesus

442 2745 620 2788 autem
651 2735 836 2790 docuit
870 2752 993 2791 vera
1048 2739 1373 2794 testificante
1404 2754 1568 2795 voce:
1606 2739 1704 2795 llic
1750 2742 2016 2797 scelerate

441 2842 607 2895 agens
663 2842 772 2881 non
808 2829 1071 2899 peccavit,
1109 2846 1285 2900 neque
1318 2841 1604 2901 parentes:
1640 2834 1746 2889 Sed
1783 2838 2015 2890 sortitus

440 2928 523 2971 t'sl
552 2918 651 2973 hoc
693 2919 952 2974 damnum
984 2922 1268 2986 divinitus,
1295 2935 1354 2979 ut
1381 2942 1477 2995 per
1503 2926 1679 2997 ipsum
1712 2926 1887 2997 Opera
1921 2928 2014 2983 Dei

445 3008 623 3065 l’atris
655 3012 857 3065 malum
885 3013 1137 3082 pcllentis
1167 3016 1609 3073 manifesteutur.
1644 3018 1677 3072 4
1706 3019 1816 3074 Nos
1845 3020 2007 3075 Altis-

2129 1824 2451 1893 Συμφερτὴν
2482 1822 2777 1893 ἀμέριστον
2809 1823 2947 1894 ἔχων
2976 1823 3283 1893 ἀχάρακτον
3312 1823 3554 1894 ὀπωπὴν.

2132 1916 2232 1967 Ἦν
2269 1914 2428 1983 φύσις
2452 1913 2551 1966 οὐκ
2584 1912 2858 1965 ἐτύπωσε·
2888 1912 3305 1984 λιποδλεφάροιο
3334 1912 3393 1964 δέ
3431 1913 3616 1965 κύκλου

2127 2006 2379 2059 Οίδαλέον
2411 2002 2559 2069 ξένον
2594 2003 2748 2074 ὄμμα
2775 2003 3053 2070 γενεθλιάς
3083 1999 3227 2073 εἶχεν
3256 2004 3452 2074 ὁμίχλη
3472 2021 3483 2031 ·

2127 2100 2235 2151 Καὶ
2269 2097 2464 2168 βρέφος
2492 2096 2686 2149 οῦποτε
2719 2097 2859 2149 τοῖον
2889 2094 3199 2164 ἀνόμματον
3237 2095 3385 2165 ἥλικι
3410 2094 3587 2166 κόσμῳ

2139 2191 2378 2261 Ἡνίοχος
2405 2189 2599 2260 βιότοιο
2632 2188 2967 2260 φυτοσπόρος
2995 2188 3197 2259 ἤγαγεν
3235 2186 3388 2240 αἰών.

2124 2287 2158 2338 ‘2
2210 2283 2415 2356 Ἰησοῦν
2447 2283 2489 2335 δ’
2520 2284 2752 2352 ἐρέεινεν
2784 2280 3073 2351 ὁμόστολος
3103 2279 3268 2348 ἐσμὸς
3296 2279 3520 2349 ἑταίρων
3540 2295 3552 2307 ·

2136 2374 2374 2438 Ῥαϐὅὶν,
2409 2372 2802 2444 ἀνειρομένοισι
2831 2371 2915 2433 τίς
2943 2370 3124 2441 ἤλιτεν
3152 2367 3273 2420 είπέ
3306 2367 3587 2439 μαθηταίςο

2126 2459 2293 2528 Οὗτος
2325 2465 2647 2536 ἀλιτραίνων
2679 2463 2809 2515 Θεὸν
2835 2463 3058 2532 ἧκαχεν,
3093 2460 3156 2531 ὴὲ
3182 2458 3404 2530 τοκῆες;

2126 2560 2316 2612 Εἰσόκε
2344 2577 2437 2629 μιν
2466 2557 2769 2627 δασπλῆτες
2798 2554 3135 2626 ἐμαιώσαντο
3161 2553 3369 2623 λοχεῖαι

2125 2650 2372 2721 Μητέρος
2398 2652 2461 2703 ἐκ
2499 2649 2757 2717 λαγόνων,
2783 2646 3050 2703 ἀλαώπιδι
3083 2644 3376 2716 σύγχρονον
3405 2642 3586 2713 ὄρφνῃ.

2124 2744 2157 2795 ὖ
2210 2741 2411 2813 Ἰησοῦς
2436 2742 2479 2794 δ’
2508 2740 2741 2806 ἐδίδαξεν
2766 2738 2953 2808 ἀληθέῖ
2984 2737 3220 2807 μάρτυρι
3259 2737 3439 2805 φωνῇ·

2124 2828 2290 2898 Οὗτος
2316 2832 2665 2887 ἀτασθαλέων
2694 2832 2796 2884 οὐκ
2826 2830 3027 2901 ἦλιτεν,
3062 2828 3182 2881 οὐδὲ
3208 2827 3403 2896 τοκῆες
3424 2844 3435 2855 ·

2136 2927 2294 2980 Ἀλλά
2325 2925 2486 2995 λάχεν
2514 2924 2631 2977 τόδε
2662 2924 2821 2994 πῆμα
2852 2920 3127 2993 θεήλατον,
3157 2920 3301 2989 δφρα
3328 2917 3393 2970 δι’
3417 2915 3573 2971 αὑτοῦ

2126 3019 2302 3090 Ἔργα
2329 3016 2465 3070 Θεοῦ
2499 3016 2794 3087 Γενετῆρος
2816 3012 3155 3078 ἀλεξικάκοιο
3176 3012 3391 3083 φανείη.

442 3102 565 3154 simi
597 3111 681 3156 est
709 3118 936 3158 necesse
966 3119 1128 3173 opera
1174 3106 1454 3174 perﬁcere,
1501 3107 1676 3178 Opera
1710 3109 1802 3165 Dei
1829 3111 2015 3165 viven-

2138 3112 2151 3164 ι
2199 3084 2409 3181 Ἧμέας
2456 3084 2731 3177 ’Υψίστοιο
2757 3106 2909 3160 πέλει
2938 3105 3099 3177 χρέος
3127 3104 3262 3177 ἔργα
3287 3105 3553 3166 τελέσσαι,

440 3193 532 3251 lis,
550 3192 724 3247 donec
752 3194 931 3248 adhuc
952 3205 1175 3265 apparet
1193 3197 1541 3253 aurora.Nox
1567 3200 1863 3269 caliginosa
1893 3214 2017 3271 post

442 3284 697 3350 pusillum
739 3287 1271 3353 veniet;venientem
1310 3298 1489 3344 autem
1526 3292 1681 3362 102
1708 3291 1903 3348 Nullus
1936 3298 2017 3348 vir

443 3389 537 3439 per
576 3381 788 3428 noctem
815 3378 1009 3445 pulerit
1034 3394 1174 3449 Opus
1207 3390 1408 3436 texere.
1443 3380 1661 3436 Faciam
1699 3393 1879 3438 autem
1914 3384 2014 3439 do-

443 3482 542 3519 nec
570 3467 689 3522 dies
722 3479 970 3538 angitur.
1006 3472 1039 3526 5
1071 3471 1201 3527 Sum
1240 3483 1418 3527 autem
1467 3476 1655 3540 mundi
1684 3475 1892 3532 Lumen
1919 3493 2018 3550 ego

439 3557 941 3627 caliginosi,donec
974 3561 1027 3614 in
1062 3562 1266 3617 mundo
1298 3566 1536 3619 ambulo.
1567 3566 1599 3621 6
1630 3566 1771 3621 Dixit
1798 3568 1932 3633 Rex,
1964 3577 2018 3624 et

438 3648 625 3702 divino
651 3665 716 3704 ex
771 3666 864 3705 ore
896 3652 949 3705 in
982 3654 1319 3708 sitibundam
1356 3666 1575 3723 terram,
1615 3657 1860 3714 Morbum
1907 3662 2018 3716 sol-

438 3748 653 3794 ventem
714 3744 935 3798 omnino
987 3745 1166 3800 albam
1221 3751 1411 3817 expuit
1462 3764 1713 3819 spumam
1747 3752 2012 3809 dentium:

440 3830 503 3883 Et
535 3836 780 3888 terrestri
799 3837 1021 3904 pulvere
1043 3840 1260 3894 mistam
1290 3856 1539 3910 spumam
1566 3844 1812 3907 volvens,
1847 3846 2019 3917 Sputo

439 3925 613 3978 lutum
649 3925 777 3981 fecit
814 3928 1128 3986 luciferum.
1167 3932 1462 3989 Humidum
1493 3945 1677 3993 autem
1704 3938 1819 3994 Viri
1858 3941 2019 3996 inun-

434 4031 570 4085 gens
602 4020 763 4073 caecis
799 4020 973 4077 lutum
1004 4025 1202 4089 oculis,
1227 4024 1339 4079 Viri
1362 4027 1618 4084 formavit
1638 4031 1849 4095 oculos,
1880 4048 2019 4105 quos

436 4124 547 4162 non
580 4118 772 4165 natura
806 4114 984 4183 potuit
1008 4118 1269 4185 prmbere,
1309 4117 1422 4174 Viri
1454 4120 1708 4179 formavit
1735 4126 1946 4191 oculos,
1966 4138 2020 4183 et

436 4201 721 4257 oculorum
771 4206 1013 4274 expertis
1055 4207 1211 4263 faciei
1252 4208 1488 4279 Signaus
1534 4215 1781 4285 duplices
1830 4219 2014 4283 orbes,

435 4292 675 4347 medium
708 4294 988 4363 impressit
1022 4299 1220 4362 visum,
1258 4299 1463 4359 Oculos
1496 4304 1784 4373 perficiens
1824 4324 2016 4366 recens

2122 3201 2297 3272 Ἔργα
2324 3197 2461 3251 Θεοῦ
2490 3196 2739 3261 ζώοντος,
2772 3196 2876 3259 ἓως
2907 3192 2985 3248 ἔτι
3018 3195 3263 3264 φαίνεται
3296 3194 3412 3264 ἠώς

2118 3294 2233 3360 Νὺξ
2262 3290 2493 3361 δνοφερὴ
2524 3290 2661 3360 μετά
2689 3288 2839 3358 βαιὸν
2863 3286 3139 3340 ἐλεύσεται
3161 3304 3174 3317 ’
3204 3286 3504 3356 ἐρχομένην
3536 3285 3589 3336 δὲ

2124 3384 2278 3455 103
2292 3382 2449 3446 Οὖτις
2468 3382 2604 3452 ἀνὴρ
2621 3382 2761 3434 κατά
2772 3378 2939 3433 νύκτα
2955 3380 3241 3451 δυνήσεται
3257 3379 3417 3449 έργον
3434 3378 3672 3447 ὑφαίνειν.

2133 3477 2298 3541 Ῥἐξω
2322 3475 2365 3529 δ’
2388 3476 2595 3528 εἰσόκεν
2614 3469 2765 3544 ἦμαρ
2792 3471 3029 3535 ἀέξεται.
3106 3471 3140 3525 5
3178 3470 3310 3541 Εἰμὶ
3333 3470 3392 3522 δέ
3425 3471 3620 3538 κόσμου

2119 3570 2324 3637 Φέγγος
2353 3566 2463 3635 ἐγὼ
2492 3566 2795 3633 ζοφὸεντος,
2827 3564 2930 3627 ἕως
2960 3564 3049 3615 ὅτε
3081 3562 3282 3633 κόσμον
3318 3562 3504 3615 ὁὸεύω.

2121 3663 2154 3716 6
2191 3655 2358 3714 Εἶπεν
2389 3659 2686 3724 Ἀναξ,καὶ
2716 3659 2856 3711 θεῖον
2889 3656 2994 3710 ὑπὸ
3023 3654 3198 3724 στόμα
3224 3654 3405 3725 enim
3430 3654 3559 3724 γαίη

2122 3753 2418 3809 Λυσίπονον
2448 3751 2747 3804 πάλλευκον
2773 3750 3048 3805 ἀπέπτυεν
3076 3747 3249 3820 ἀφρὸν
3276 3748 3504 3800 ὀδόντων
3527 3762 3541 3773 °

2122 3848 2231 3903 Kal.
2252 3845 2447 3918 χθονίῳ
2470 3843 2693 3898 κενεῶνι
2720 3840 3065 3913 πεφυρμένον
3096 3838 3268 3909 ἀφρὸν
3299 3835 3539 3899 ἑλίσσων,

2122 3938 2408 4008 Πτύσματι
2438 3934 2604 4007 πηλὸν
2635 3930 2816 3996 ἔτευξε
2842 3931 3168 4001 φαεσφόρον.
3188 3927 3467 3999 Ὶκμαλέον
3494 3927 3548 3979 δὲ

2136 4032 2347 4103 Ἀνδρος
2374 4028 2657 4101 ἐπιχρίσας
2684 4024 3005 4095 λιποφεγγέῐ
3030 4024 3197 4093 πηλὸν
3223 4022 3440 4091 ὀπωπῇ,

2134 4124 2348 4193 Ἀνέρος
2383 4121 2613 4174 ἔπλασεν
2634 4118 2807 4189 ὄμμα,
2840 4119 2900 4169 τὸ
2925 4115 2999 4187 μὴ
3026 4114 3187 4184 φύσις
3218 4106 3376 4183 εὗρεν
3408 4112 3653 4176 ὀπάσσαι,

2134 4214 2347 4285 Ἀνέρος
2377 4213 2609 4265 ἔπλασεν
2634 4210 2812 4281 ὄμμα,
2836 4208 2928 4262 καὶ
2951 4206 3207 4278 ἀγλήνοιο
3235 4204 3527 4276 προσώπου

2120 4306 2341 4378 Γράψας
2367 4306 2599 4377 δίπτυχα
2619 4303 2815 4367 κύκλα,
2849 4301 3020 4372 μέσην
3045 4299 3306 4370 ἐχάραξεν
3332 4297 3579 4368 ὀπωπὴν,

436 4384 610 4438 factos
638 4394 903 4440 consueto
936 4387 1071 4451 luto,
1104 4388 1181 4443 Ex
1200 4390 1368 4446 hmno
1390 4396 1532 4450 unde
1558 4397 1718 4451 homo
1746 4398 2017 4456 formatus

2138 4398 2474 4469 ,Οφθαλμοὺς
2508 4396 2704 4450 τελέων
2733 4394 3049 4465 νεοτευχέας
3078 4392 3236 4462 ἠθάδι
3265 4390 3424 4462 πηλῷ

436 4486 547 4528 est.
576 4477 604 4528 7
636 4475 697 4527 Et
725 4475 861 4530 dixit
891 4477 1075 4533 divina
1102 4496 1268 4536 voce:
1307 4482 1472 4552 Vade,
1501 4498 1554 4542 et
1586 4490 1703 4544 lava
1734 4497 1880 4545 tuam
1924 4492 2005 4545 fa-

2124 4494 2218 4546 Ἐκ
2258 4492 2379 4563 Xo)“;
2399 4489 2762 4561 ἀνδρογόνοιο,
2839 4486 2869 4538 7
2912 4486 3021 4539 Καὶ
3046 4483 3235 4537 ἔννεπε
3271 4482 3483 4535 θέσπιδι
3514 4479 3653 4549 φωνῇ
3673 4491 3685 4505 ⁶

1634 4644 1913 4703 ΤΕΧῙἪδ
1954 4645 2483 4704 ΕΥΑΝΘΕΙᾸΘΤΛΞ.

508 4780 576 4835 53
617 4774 784 4833 Εἶπεν
806 4780 992 4844 αὐτοῖς
1021 4784 1048 4835 ὁ
1077 4783 1284 4853 Ἰησοῦς
1301 4800 1313 4815 '
1347 4784 1518 4856 Ἀμὴν
1542 4786 1689 4857 ἀμὴν
1711 4786 1853 4855 λέγω
1874 4788 2021 4857 ὑμῖν,

436 4867 565 4936 πρὶν
601 4863 850 4934 Ἀϐραὰμ
877 4864 1149 4931 γενέσθαι,
1176 4867 1285 4934 ἐγώ
1314 4870 1449 4937 εἰμι.

506 4949 575 5003 59
612 4944 793 5018 τΗραν
837 4943 929 4999 οῦν
972 4946 1151 5010 λίθους
1190 4949 1275 5000 ἵνα
1299 4949 1532 5018 βάλωσιν
1557 4953 1642 5003 ἐπ’
1670 4953 1861 5006 αὐτόν·
1913 4955 2018 5023 Ἰη-

439 5031 564 5096 σοῦς
595 5032 651 5085 δὲ
692 5028 919 5101 ἐκρύϐη,
945 5029 1042 5082 καὶ
1069 5029 1290 5100 ἐξῆλθεν
1340 5035 1404 5084 ἐκ
1447 5032 1541 5084 τοῦ
1596 5034 1761 5103 ἱεροῦ,
1795 5034 2018 5091 διελθὼν

436 5114 524 5167 διὰ
560 5114 725 5184 μέσου
754 5111 934 5165 αὐτῶν
954 5129 967 5143 υ
1002 5112 1098 5164 καὶ
1134 5113 1382 5182 παρῆγεν
1406 5112 1601 5176 οὕτως.

510 5281 528 5331 1
576 5281 684 5333 Καὶ
732 5281 995 5352 παράγων
1040 5275 1179 5333 εἶδεν
1223 5279 1505 5351 ἄνθρωπον
1533 5280 1730 5350 τυφλὸν
1770 5282 1835 5334 ἐκ
1865 5298 2018 5350 γενεη

437 5378 561 5428 τηε,

507 5446 541 5494 :2
578 5446 687 5497 Καὶ
711 5446 1001 5518 ἠρώτησαν
1022 5447 1183 5501 αὐτὸν
1204 5450 1249 5500 oi
1280 5446 1518 5518 μαθηταὶ
1543 5448 1728 5513 αὑτοῦ,
1746 5448 2012 5519 λέγοντες·

449 5524 660 5590 Ῥαϐϐὶ,
692 5530 776 5591 τίς
802 5531 1071 5600 ἥμαρτεν,
1096 5523 1249 5594 οὗτος
1272 5531 1304 5601 ἢ
1335 5533 1383 5583 οἱ
1408 5535 1585 5600 γονεῖς
1608 5533 1793 5599 αὑτοῦ,
1820 5536 1905 5588 ἵνα
1926 5551 2017 5586 τυ-

439 5608 567 5676 φλὸς
600 5612 831 5681 γεννηθῇ
858 5632 870 5676 ;

424 5708 428 5712 ‘
506 5694 539 5746 3
591 5694 885 5766 Ἀπεκρίθη
911 5699 938 5750 ὁ
974 5697 1205 5769 Ἰησοῦς
1241 5697 1375 5755 Οὔτε
1410 5694 1559 5763 οὗτος
1586 5701 1854 5770 ἥμαρτεν,
1893 5699 2013 5753 οὔτε

2119 4790 2168 4841 οἱ
2206 4789 2385 4856 γονεῖς
2411 4782 2576 4838 αὑτοῦ
2597 4801 2611 4815 ο
2639 4785 2755 4839 ἀλλ’
2778 4785 2864 4840 ἵνα
2891 4782 3176 4856 φανερωθῇ
3202 4780 3270 4834 τὰ
3292 4778 3428 4852 ἔργα
3448 4779 3543 4833 τοῦ
3564 4780 3690 4837 Θεοῦ

2117 4873 2176 4925 ἐν
2202 4868 2369 4939 αὐτῷ.

2188 4957 2221 5011 4
2274 4951 2404 5021 Ἐμέ
2435 4950 2516 5005 δεῐ
2544 4948 2875 5021 ἐργάζεσθαι
2904 4948 2973 5001 τὰ
2998 4948 3135 5017 ἔργα
3162 4946 3256 4999 τοῦ
3284 4944 3600 5015 πέμψαντός
3631 4960 3689 5014 με

2114 5038 2219 5100 ἕως
2257 5035 2439 5108 ἡμέρα
2468 5033 2614 5087 ἐστίν
2633 5049 2645 5060 ·
2674 5033 2893 5104 ἔρχεται
2915 5031 3032 5095 νὺξ,
3049 5034 3138 5085 ὅτε
3157 5030 3330 5092 οὐδεὶς
3352 5028 3577 5082 δύναται
3608 5030 3693 5097 ὲρο

2114 5118 2393 5189 γάζεσθαι.
3078 5124 3081 5125 ⁷

2183 5203 2217 5257 5
2261 5204 2427 5255 Ὅταν
2456 5202 2513 5253 ἐν
2537 5198 2614 5271 τῷ
2639 5198 2827 5269 κόσμῳ
2852 5191 2919 5261 ὦ,
2956 5196 3070 5265 φῶς
3094 5199 3207 5266 εἰμι
3242 5194 3338 5248 τοῦ
3366 5196 3591 5265 κόσμου.

2187 5287 2219 5339 6
2260 5282 2445 5337 Ταῦτα
2473 5282 2665 5346 εἰπὼν,
2697 5282 2896 5333 ἐπτιγσε
2935 5281 3131 5350 χαμαὶ,
3160 5280 3254 5333 καὶ
3281 5279 3502 5348 ἐποίησε
3530 5277 3691 5347 πηλὸν

2117 5369 2181 5421 ἐκ
2212 5366 2304 5419 τοῦ
2335 5367 2672 5436 πτύσματος,
2704 5365 2796 5417 καὶ
2831 5364 3085 5434 ἐπέχρισε
3122 5364 3212 5417 τὸν
3256 5364 3426 5433 πηλὸν
3454 5361 3544 5415 ἐπὶ
3574 5360 3693 5419 τοὺς

2115 5450 2429 5520 ὀφθαλμοὺς
2468 5450 2561 5502 τοῦ
2593 5446 2814 5517 τυφλοῦ.

2183 5533 2215 5585 7
2254 5526 2362 5587 Καὶ
2393 5528 2545 5585 εἶπεν
2569 5530 2743 5602 αὐτῷ·
2779 5529 3017 5597 Ὕπαγε,
3034 5527 3182 5596 νίψαι
3206 5528 3285 5589 εἰς
3304 5526 3402 5595 τὴν
3425 5520 3670 5593 κολυμδή-

2116 5615 2249 5682 θραν
2291 5615 2385 5667 τοῦ
2434 5614 2654 5684 Σιλωὰμ
2701 5614 2767 5677 (ὃ
2802 5611 3182 5685 ἑρμηνεύεται,
3227 5604 3661 5679 ἀπεσταλμένος)

2127 5698 2391 5770 Ἀπῆλθεν
2422 5694 2515 5755 οὖν
2542 5699 2633 5751 καὶ
2662 5697 2904 5767 ἐνίψατο,
2942 5696 3033 5749 καὶ
3066 5690 3197 5766 ἦλθε
3227 5692 3461 5764 βλέπων.
