3956 6202
237 349 346 406 82.3

235 470 437 539 Ἐρχεό
469 488 579 540 μοι,
616 474 711 526 καὶ
740 474 893 528 νίπτε
928 477 1049 531 τεὸν
1076 479 1230 549 ῥέθος
1264 477 1355 554 ᾗχι
1385 482 1608 554 Σιλωὰμ

231 560 425 630 Πηγῆς
450 562 768 633 ἀγχιπόροιο
799 566 908 636 ῥέει
940 570 1241 641 πανδήμιος)
1275 573 1439 645 ὕδωρ,

231 652 418 723 ’Ὑδωρ
448 654 823 725 στελλομένοιο
856 660 1181 731 προώνυμον
1214 666 1278 718 ὲκ
1312 666 1402 719 σέο
1430 669 1675 739 πομπῆς.

230 745 468 814 Χριστὸς
495 745 598 818 ἔφη
624 764 636 777 ·
667 750 760 801 καὶ
793 750 993 818 τυφλὸς
1020 755 1291 823 ἐπείγετο,
1320 758 1414 810 καὶ
1448 759 1600 830 παρὰ
1633 762 1782 831 πηγῇ

228 838 403 907 Χερσὶ
432 836 831 911 βαθυνομένῃσι
859 844 1170 916 φαεσφόρον
1199 848 1406 916 ἧφυσεν
1441 848 1607 920 ὕδωρ,

228 929 430 981 "rem
458 932 743 1001 πηγαίοισι
776 934 1032 989 λιπὸσκια
1066 937 1207 1006 φάεα
1239 938 1463 993 νίπτων.

227 1021 454 1091 Σμήξας
490 1022 536 1075 δ’
566 1024 863 1095 ἀρτιτύπου
899 1030 1207 1098 τροχοειδέα
1235 1032 1430 1085 κύκλον
1478 1033 1727 1103 ὀπωπῆς,

244 1112 534 1183 Ἐξαπίνης
560 1117 693 1182 φάος
718 1116 865 1186 ἔσχε,
907 1119 966 1170 τὸ
1002 1121 1075 1190 μὴ
1109 1122 1272 1190 φύσις
1295 1120 1437 1177 οἶδεν
1460 1125 1717 1190 ὀπάσσαι,

242 1203 514 1275 Ἀθρήσας
544 1206 837 1275 φαέθοντος
865 1210 1059 1280 άήθεος
1092 1213 1285 1284 ἅμμον
1313 1215 1532 1286 αἴγλην.

226 1296 443 1365 Νίψατο
465 1315 478 1327 ·
515 1299 607 1351 καὶ
632 1299 790 1354 πάλιν
818 1298 969 1374 ἦλθε,
1002 1306 1093 1358 καὶ
1121 1307 1303 1360 ἵστατο
1331 1310 1504 1362 πάντα
1524 1309 1781 1363 δοκεύων.

227 1390 263 1441 8
302 1390 413 1441 Καί
448 1407 541 1459 μιν
572 1392 977 1463 ὲσαθρήσαντες
1003 1398 1268 1467 ἐπήλυδες
1301 1400 1491 1472 ἄνδρες
1526 1404 1696 1455 ὁδῖται

226 1482 618 1557 Μαρμαρυγὴν
647 1486 934 1555 πέμποντα
961 1488 1268 1560 νεσγλήνοιο
1293 1491 1608 1562 προσώπου,

226 1574 473 1638 Γείτονες
498 1577 827 1645 ἐφθέγγοντο
848 1579 943 1631 καὶ
969 1580 1161 1651 ἀνέρες
1196 1581 1368 1652 ῐδμονι
1400 1582 1512 1653 λαῴ
1532 1599 1545 1614 ·

226 1667 305 1718 Οὐ
342 1661 689 1748 πέλενεοῦτος
718 1671 925 1735 ἐκεῖνος
952 1672 1010 1725 ὲν
1041 1671 1195 1725 ἄστεῖ
1218 1674 1413 1743 τυφλὸς
1440 1674 1642 1744 ὁδίτης,

232 1760 333 1820 Ὃς
365 1758 536 1828 πάρος
562 1760 889 1827 αἰτίζεσκεν,
926 1763 1165 1834 ὲθήμονα
1198 1767 1356 1835 χεῖρα
1390 1766 1646 1820 τιταίνων

224 1847 515 1919 Δεξιτερὴν
544 1850 820 1920 προϐλῆτα
851 1855 1336 1924 παρερχομένοισιν
1364 1855 1597 1921 ὀδίταις;

223 1942 257 1994 9
296 1940 482 1993 ’Δλλοι
509 1941 554 1993 δ’
574 1942 907 2013 ἀντιάχησαν
934 1946 1207 2015 ἀμοιϐαίῳ
1240 1948 1348 2000 τινὶ
1378 1948 1568 2019 μύθῳ·

231 2032 303 2085 Ού
337 2032 522 2097 πέλεν,
554 2033 615 2085 ού
648 2034 810 2087 πέλεν
848 2032 1021 2100 οὗτος,
1052 2038 1194 2091 ἔοικε
1218 2038 1277 2091 δὲ
1309 2038 1506 2106 μοῦνον
1528 2037 1740 2110 ἐκείνῳ.

227 2125 296 2177 10
336 2126 527 2188 Κεῖνος
556 2125 693 2199 ἀνὴρ
719 2127 1008 2199 ἀγόρευεν·
1052 2126 1193 2197 Ἐγὼ
1232 2128 1666 2189 πέλον.Εῐσαῖων
1694 2130 1751 2183 δὲ

222 2215 367 2278 Aab;
406 2217 693 2281 Ἰουδαίων,
728 2220 1059 2286 φιλοπευθέα
1094 2222 1296 2292 ρήξατο
1324 2223 1534 2293 φωνήν·

225 2308 353 2369 Πῶς
381 2308 437 2360 δὲ
456 2310 576 2362 τεαὶ
599 2310 901 2381 προϐλῆτες
935 2312 1279 2383 ἀνωῖχθησαν
1314 2313 1568 2377 ὀπωπαί;

301 2399 460 2471 104
507 2402 563 2455 11
617 2402 889 2474 Ἑϐραίοις
937 2403 982 2456 δ’
1020 2404 1247 2475 ἀγόρευε
1288 2403 1409 2475 Θεῷ
1447 2404 1814 2475 πεφιλημένος

223 2491 417 2554 Κείνος
445 2492 582 2564 ἀνὴρ
606 2494 665 2556 ὃς
692 2495 922 2565 Χριστὸς
947 2496 1419 2559 άκούεται,ὂντινα
1450 2495 1569 2549 λαοὶ
1628 2497 1810 2569 [ἀνήρ’

230 2580 444 2649 Ἰησοῦν
481 2582 782 2649 καλέουσιν,
821 2584 959 2654 ἐμὰς
990 2585 1145 2650 ὤϊξεν
1172 2588 1423 2651 ὀπωπάς.

214 2666 450 2726 Χείλεσι
476 2675 584 2745 γὰρ
616 2676 775 2745 σοφὸν
802 2677 975 2747 ἀφρὸν
1001 2679 1274 2749 ἀνήρυγεν
1295 2696 1309 2709 ⁸
1342 2681 1399 2731 ὲν
1428 2679 1641 2750 δαπέδῳ
1663 2680 1723 2733 δὲ

242 2765 585 2833 Ἀκροτάτοις
614 2766 865 2837 ὀνύχεσσι
900 2768 1271 2839 πολύστροφον
1304 2771 1506 2840 ἰκμάδα
1535 2771 1775 2835 πάλλων,

226 2856 511 2925 Ητύσματι
541 2858 708 2926 πηλὸν
738 2858 973 2923 ἔτευξεν,
1006 2862 1145 2931 ἐμὰς
1174 2860 1219 2913 δ’
1251 2861 1466 2933 ἔχρισεν
1492 2862 1744 2925 ὀπωπάς,

221 2948 337 3000 Καί
368 2966 435 3018 με
464 2949 643 3019 μολεῖν
669 2949 948 3003 ἐκέλευσεν
976 2952 1080 3021 ὅπη
1106 2952 1227 3021 ρόος
1256 2953 1373 3004 ἐστὶ
1400 2951 1640 3021 Σιλωάμ.

222 3041 416 3111 Πηγὴς
447 3042 488 3093 δ’
514 3042 679 3110 ἐγγὺς
710 3043 891 3096 ἵκανον
913 3060 927 3073 θ
960 3042 1265 3115 ἀλεξικάκῳ
1294 3043 1351 3097 δὲ
1381 3044 1590 3115 ῥεέθρῳ

219 3131 539 3200 Νιψάμενος
570 3134 803 3201 σκιεροῖο
827 3132 1147 3202 περίτροχον
1176 3132 1422 3204 ὄμματος
1447 3132 1599 3205 ὓλην,

232 3222 529 3293 Ἑξαπίνης
560 3224 693 3292 φάος
725 3220 884 3285 εἶδον,
923 3224 951 3277 ὀ
984 3226 1057 3296 μὴ
1089 3226 1263 3296 πάρος
1293 3221 1436 3295 εἶχον
1464 3225 1703 3281 ὀπωπαί.

220 3313 291 3366 19.
342 3314 583 3384 Ἑϐραῖοι
613 3314 657 3367 δ’
689 3314 925 3385 ἐρέεινον
957 3316 1201 3379 ἀναιδέεξ
1234 3315 1431 3388 ἄφρονι
1460 3316 1613 3387 μύθῳ
1634 3334 1647 3347 ·

218 3403 304 3473 Πῆ
345 3404 471 3455 πέλε
491 3443 506 3467 ,
538 3404 615 3473 πῆ
642 3404 769 3457 πέλε
797 3409 1007 3471 κεῖνοςς
1048 3407 1105 3459 '0
1130 3406 1175 3459 δ’
1197 3406 1347 3475 [αχεν
1372 3405 1598 3476 ἔμφρονι
1623 3404 1779 3477 μύθῳ
1797 3422 1811 3437 ·

232 3492 525 3559 Ἀγνώσσω
553 3493 676 3546 πόθι
710 3497 904 3557 κεῖνος.
980 3496 1048 3549 1⁸5
1097 3494 1486 3548 Ἔπεσσεύοντο
1507 3496 1565 3548 δὲ
1596 3495 1737 3559 λαοὶ,

221 3584 328 3634 Τόν
359 3601 492 3637 ποτε
520 3586 719 3655 τυφλὸν
748 3586 972 3653 ἄγοντες
999 3588 1056 3650 ἐς
1083 3588 1362 3649 ἀντιθέους
1395 3587 1601 3659 ἱερῆας.

224 3672 291 3724 11
340 3673 643 3745 Ἐϐδομάτη
673 3674 718 3728 δ’
740 3676 1017 3747 ἄπρηκτος
1050 3678 1144 3747 ἔην
1176 3678 1297 3729 τότε
1328 3677 1581 3741 θέσκελος
1608 3675 1739 3747 ἠὼς,

220 3762 302 3831 Τῇ
338 3761 417 3815 ἔνι
441 3763 610 3833 πηλὸν
643 3763 845 3829 ἔτευξε,
876 3766 968 3818 καὶ
989 3764 1189 3818 ἔπλασε
1221 3765 1424 3834 φέγγος
1454 3766 1704 3828 ὀπιυπαίς

221 3851 479 3922 Χριστὸς,
516 3854 623 3907 ἀπὸ
647 3854 928 3927 βλεφάρων
957 3857 1155 3920 ἐλάσας
1187 3857 1441 3910 ἀλαωπὸν
1466 3857 1715 3927 ὀμίχλην.

224 3943 293 3995 15
331 3944 442 3996 Καί
478 3962 568 4014 μιν
592 3946 837 4018 ἀνείρετο
863 3948 990 4011 λαὸς
1015 3950 1393 4004 ἀπιστοτάτων
1421 3950 1751 4021 Φαρισαίων,

222 4033 350 4095 Πῶς
370 4033 651 4105 βλεφάρων
668 4036 797 4106 λάχε
822 4036 1021 4105 φέγγος
1041 4053 1054 4066 ⁸
1078 4040 1107 4091 ὀ
1127 4039 1184 4092 δὲ
1212 4040 1418 4110 θρασὺς
1443 4039 1593 4108 ἴαχεν
1625 4039 1766 4109 ἀνὴρ
1791 4054 1807 4071 ⁸

220 4124 491 4177 Θέσκελον
523 4126 820 4197 ἡμετέραις
847 4129 1155 4199 ἐπεθήκατο
1187 4130 1358 4200 πηλὸν
1384 4130 1664 4193 ὀπωπαῖς,

236 4214 582 4285 Ὀφθαλμοὺς
608 4217 652 4269 δ’
674 4217 967 4288 ἐχάραξεν
1000 4218 1112 4288 ἐγὼ
1141 4220 1186 4273 δ’
1212 4221 1318 4274 ὑπὸ
1353 4220 1554 4289 γείτονι
1584 4223 1735 4291 πηγῇ

222 4303 421 4357 ’Υδατι
451 4306 622 4375 πηλὸν
652 4307 829 4376 ἔνιψα,
860 4310 955 4362 καὶ
984 4309 1211 4380 ἵσταμαι
1240 4310 1367 4381 ἄρτι
1392 4309 1647 4366 δοκεύων.

223 4396 295 4449 16
333 4397 445 4450 Καὶ
473 4399 719 4470 φθονεροί
744 4418 888 4464 τινες
915 4397 1071 4456 εἷπον
1092 4399 1369 4475 ἅσιγήτων
1392 4404 1699 4475 Φαρισαίων
1718 4420 1731 4433 ·

221 4486 299 4538 Οὐ
324 4484 508 4541 θεόθεν
548 4490 709 4544 πέλεν
739 4487 913 4557 οὗτος,
940 4493 999 4557 ὃς
1038 4492 1158 4563 ἱερά
1186 4491 1363 4565 θεσμά
1390 4495 1662 4564 πατήσας,

1106 358 1593 417 ΡΛιὶΑιῚΙΙὶᾹΒὶὸ
1631 362 1699 418 IN
1734 362 2076 421 JOANNEM.
2118 398 2185 407 -—
2224 370 2377 429 CAP.
2419 373 2508 429 IX.

3392 387 3492 446 8‘33

1850 491 1898 548 Α
1923 487 2060 542 ciem
2087 489 2177 544 ubi
2215 490 2417 546 Siloam
2446 493 2634 551 Fontis
2660 495 2823 551 vicini
2848 497 2965 552 ltuit
2991 502 3301 557 communis
3332 518 3495 573 aqua,

1922 580 2076 648 Aqua
2111 582 2264 637 missi
2298 588 2690 653 pramominata
2732 603 2797 642 ex
2840 597 2931 642 tua
2957 590 3304 648 deductione.
3333 594 3500 650 Chri-

1923 680 2042 726 stus
2078 671 2238 740 dixit;
2270 682 2321 729 et
2351 691 2530 732 caecus
2554 678 2869 744 festinabat,
2902 680 2969 734 Et
2990 682 3133 751 apud
3154 682 3358 739 fontem
3387 685 3501 740 Ma-

1929 761 2097 816 nibus
2120 764 2272 819 cavis
2309 765 2595 821 luciferam
2624 767 2809 823 hausit
2849 784 3069 839 aquam,
3111 772 3284 842 Aquis
3324 774 3499 829 fonta»

1924 852 2015 905 nis
2039 866 2184 907 caeca
2225 856 2435 911 lumina
2469 858 2675 913 lavans.
2707 860 3038 931 Abstergens
3073 872 3255 920 autem
3290 868 3503 922 noviter

1921 945 2166 1013 expressi
2206 947 2500 1001 rotundum
2540 950 2802 1003 ambitum
2857 954 3025 1017 oculi,
3074 953 3266 1009 Statim
3321 958 3503 1013 lucem

1922 1034 2178 1099 habebat,
2222 1052 2386 1107 quam
2433 1047 2631 1094 natura
2658 1056 2767 1096 non
2799 1052 3023 1098 noverat
3048 1048 3307 1115 prazbere,
3341 1048 3505 1120 Aspi-

1921 1125 2073 1181 ciens
2101 1129 2235 1183 solis
2268 1130 2577 1186 inconsueti
2607 1147 2789 1187 serum
2831 1136 3199 1204 splendorem.
3227 1138 3412 1207 Lavit;
3444 1152 3500 1197 et

1921 1233 2116 1274 rursus
2173 1220 2342 1285 venit,
2379 1232 2432 1276 et
2483 1224 2635 1278 stetit
2672 1226 2856 1279 omnia
2912 1228 3119 1283 videns.
3154 1230 3187 1282 8
3221 1232 3287 1285 Et
3320 1233 3499 1301 ipsum

1923 1312 2256 1380 aspicientes
2286 1314 2512 1369 advenae
2537 1316 2636 1369 viri
2676 1316 2915 1372 viatores
2941 1318 3297 1388 Splendorem
3341 1326 3499 1377 emit-
3612 1342 3613 1345 ‘

1922 1409 2131 1458 tentem
2170 1420 2200 1458 a
2252 1421 2450 1463 recens
2500 1408 2677 1463 visum
2726 1421 3087 1479 recuperante
3120 1414 3276 1479 facie,
3329 1416 3501 1471 Vicini

1922 1494 2176 1550 dixerunt
2211 1507 2262 1551 et
2291 1497 2394 1551 viri
2424 1499 2620 1554 scienti
2666 1501 2901 1569 populo:
2941 1500 3133 1557 Nonne
3162 1513 3245 1559 est
3276 1506 3364 1560 llic
3412 1508 3503 1562 ille

1923 1587 1979 1639 in
2007 1588 2231 1643 civitate
2266 1605 2445 1645 czecus
2477 1592 2675 1653 viator,
2713 1591 2817 1657 Qui
2875 1602 3033 1647 antea
3071 1596 3305 1663 petebat,
3367 1612 3502 1651 con-

1922 1686 2134 1731 suetam
2178 1695 2398 1734 manrum
2441 1684 2745 1738 extendens
2800 1684 3051 1739 Dextram
3105 1688 3501 1755 prominentem

1922 1773 2380 1838 praetereuntibus
2410 1775 2752 1831 viatoribus?
2783 1777 2816 1831 9
2848 1778 2947 1832 Alii
2994 1786 3172 1832 autem
3194 1787 3384 1831 contra
3410 1794 3503 1833 so-

1841 1865 1883 1920 B
1917 1868 2154 1913 nuerunt
2182 1866 2504 1931 responsivo
2532 1865 2769 1934 quodam
2796 1882 3080 1922 sermone:
3110 1867 3227 1922 Non
3258 1875 3363 1933 est,
3392 1884 3501 1922 non

1915 1956 2000 2003 est
2037 1950 2155 2005 hic:
2193 1953 2393 2007 similis
2445 1962 2530 2010 est
2575 1963 2786 2009 tantum
2822 1957 2920 2010 illi.
2954 1957 3019 2011 10
3055 1957 3146 2009 Ille
3192 1957 3277 2009 vir
3323 1958 3499 2012 dixit:

1914 2040 2030 2112 Ego
2056 2060 2199 2099 sum.
2238 2046 2486 2101 Audiens
2507 2056 2687 2103 autem
2717 2048 2959 2118 Pepulus
2994 2048 3328 2113 Judarorum,
3363 2052 3501 2105 scis-

1914 2134 2270 2189 citabundam
2312 2137 2460 2205 rupit
2500 2154 2690 2192 vocem
2723 2158 2737 2193 :
2780 2139 3067 2205 Quomodo
3098 2157 3227 2196 vero
3259 2146 3335 2194 tui
3365 2157 3501 2211 pra:-

1914 2223 2186 2278 minentes
2221 2225 2395 2293 aperti
2432 2235 2565 2281 sunt
2593 2227 2778 2281 oculi?

1919 2392 2074 2463 105
2106 2395 2167 2448 ¹11
2200 2395 2405 2451 ludatis
2434 2406 2615 2451 autem
2640 2398 2779 2452 dixit
2808 2398 2919 2454 Deo
2942 2400 3145 2455 charus
3167 2402 3271 2457 vir:
3309 2401 3403 2457 Ille
3418 2403 3502 2456 vir

1917 2486 2010 2554 qui
2048 2486 2306 2543 Christus
2340 2487 2568 2551 dicitur,
2606 2503 2767 2558 quem
2805 2492 3040 2559 populus
3077 2490 3263 2546 Iesum
3318 2502 3499 2556 vocat,

1916 2593 2068 2632 meos
2122 2579 2339 2648 aperuit
2382 2579 2597 2634 oculos.
2634 2579 2819 2635 Labiis
2856 2583 2999 2636 enim
3034 2583 3329 2651 sapientem
3368 2599 3502 2653 spu-

1915 2686 2058 2725 mam
2082 2674 2293 2742 expuit;
2328 2671 2381 2725 in
2418 2674 2729 2742 pavimento
2755 2682 2935 2729 autem
2963 2674 3203 2729 Summis
3229 2676 3504 2745 unguibus

1916 2765 2235 2817 versatilem
2285 2764 2573 2817 humorem
2616 2766 2893 2832 quatiens,
2924 2765 3102 2835 Sputo
3142 2768 3311 2820 lutum
3352 2767 3499 2831 fecit,

1914 2860 1970 2907 et
1993 2868 2145 2909 meos
2178 2856 2336 2908 unxit
2369 2856 2583 2910 oculos.
2627 2855 2694 2908 lit
2744 2870 2831 2909 me
2867 2856 2946 2910 ire
2972 2856 3143 2925 jussit
3180 2858 3269 2911 ubi
3318 2857 3501 2912 ﬂuxus

1912 2953 1998 2998 est
2022 2945 2248 2999 Siloam.
2287 2947 2365 3001 Ad
2413 2947 2616 3001 fontem
2661 2956 2841 3001 autem
2867 2962 3036 3017 prope
3090 2951 3231 3010 veni,
3268 2950 3500 3002 malum-

1915 3050 2019 3104 que
2042 3037 2271 3105 pellente
2291 3038 2442 3093 ﬂuxu
2467 3038 2682 3094 Lavans
2706 3040 2950 3093 umbrosi
2972 3040 3330 3093 orbiculatam
3358 3055 3496 3093 ocu-

1915 3127 1952 3180 li
1987 3129 2290 3195 materiam,
2334 3130 2531 3185 Statim
2567 3131 2752 3186 lumen
2806 3130 2938 3195 vidi,
2993 3131 3140 3200 quod
3193 3146 3300 3185 non
3340 3140 3498 3186 antea

1834 3221 1877 3279 C
1911 3216 2187 3271 habebant
2237 3219 2404 3272 oculi.
2458 3218 2527 3271 12
2584 3218 2797 3274 Hebraei
2851 3227 3034 3272 autem
3093 3220 3501 3289 interrogarunt

1914 3310 2261 3379 impudentes
2295 3310 2573 3380 insipienti
2610 3310 2809 3365 verbo:
2849 3309 2951 3366 Ubi
2980 3320 3092 3377 est,
3126 3312 3219 3366 ubi
3248 3320 3332 3367 est
3375 3313 3501 3366 ille?

1913 3402 2005 3457 Ille
2033 3413 2213 3457 autem
2239 3404 2426 3458 sonuit
2457 3403 2708 3473 prudenti
2738 3420 3023 3458 sermone:
3065 3404 3261 3475 Ignoro
3290 3404 3382 3459 ubi
3412 3406 3502 3460 ille

1912 3492 2006 3547 sit.
2042 3493 2109 3547 15
2143 3492 2536 3547 Concitabatur
2565 3505 2742 3548 autem
2777 3497 3032 3564 populus,
3061 3496 3197 3549 Eum
3226 3498 3317 3566 qui
3347 3497 3501 3565 prius

1910 3598 2091 3639 emeris
2115 3591 2235 3639 erat
2262 3584 2471 3640 ducens
2492 3584 2559 3639 ad
2587 3584 2694 3638 Deo
2720 3587 3031 3640 contrarios
3060 3587 3397 3641 sacerdotes.
3432 3588 3501 3641 14

1914 3672 2157 3743 Septima
2183 3691 2312 3729 vero
2338 3676 2515 3730 otiosa
2546 3684 2664 3729 erat
2694 3685 2822 3729 tunc
2849 3677 3032 3730 divina
3060 3691 3279 3736 aurora,
3309 3676 3364 3729 In
3389 3692 3494 3746 qua

1911 3766 2091 3820 lutum
2127 3765 2276 3827 fecit,
2310 3773 2365 3819 et
2415 3765 2673 3818 formavit
2722 3764 2897 3818 lucem
2937 3765 3113 3819 oculis
3156 3765 3433 3829 Christus,
3466 3780 3497 3819 a

1910 3858 2187 3927 palpebris
2226 3857 2505 3925 expellens
2532 3871 2731 3912 caecam
2766 3859 3078 3928 caliginem.
3120 3858 3186 3911 15
3224 3856 3285 3910 Et
3310 3859 3497 3928 ipsum

1910 3948 2267 4018 interrogavit
2294 3956 2475 4002 cmtus
2517 3949 2925 4002 incredulorum
2957 3949 3385 4013 Pharisaeorum,
3425 3954 3492 4004 Ut

1909 4040 2196 4095 oculorum
2224 4046 2424 4093 nactus
2447 4051 2595 4094 esset
2644 4041 2851 4093 lucem:
2906 4039 2994 4093 ille
3029 4055 3157 4093 vero
3185 4039 3362 4094 audax
3408 4054 3499 4093 so-

1910 4130 2033 4183 nuit
2068 4128 2174 4183 vir:
2207 4126 2459 4181 Divinum
2482 4128 2899 4197 meisimposuit
2928 4130 3101 4182 lutum
3132 4129 3329 4189 oculis,
3360 4128 3497 4183 Ocu-

1910 4222 1995 4276 los
2044 4228 2103 4276 et
2149 4220 2422 4291 signavit;
2476 4235 2578 4291 ego
2635 4228 2815 4274 autem
2868 4220 2939 4274 ad
2989 4220 3230 4275 vicinum
3292 4220 3496 4275 fontem

1917 4312 2074 4382 Aqua
2099 4312 2269 4367 lutum
2308 4313 2477 4377 ablui,
2512 4321 2570 4367 et
2614 4318 2701 4367 sto
2732 4328 2882 4366 nunc
2913 4313 3126 4369 videns.
3166 4313 3232 4367 16
3260 4313 3326 4366 Et
3356 4312 3495 4367 invi-

1907 4404 1963 4457 di
2014 4404 2236 4474 quidam
2293 4404 2553 4459 dixerunt
2603 4404 2999 4475 impudentium
3053 4405 3481 4463 Pharismorum:

1910 4493 2029 4548 Non
2068 4510 2135 4549 ex
2166 4493 2277 4549 Deo
2304 4503 2390 4550 est
2417 4494 2527 4559 bic,
2553 4493 2649 4564 qui
2680 4508 2894 4549 sacram
2928 4496 3103 4567 legem
3142 4496 3493 4551 conculcans.

1427 4628 1707 4685 TEXTUS
1749 4629 2278 4687 EVANGELISTIE.

294 4768 329 4821 8
367 4767 433 4820 Οί
454 4762 549 4821 οὖν
579 4768 817 4835 γείτονες
847 4773 940 4825 καὶ
968 4773 1018 4825 ot
1041 4772 1373 4845 θεωροῦντες
1400 4776 1562 4830 αὐτὸν
1586 4776 1645 4830 τὸ
1665 4776 1801 4847 πρό-
1834 4778 1880 4835 ι)
1909 4776 2023 4828 Οὐκ
2050 4770 2188 4827 οῖδα.

216 4867 378 4921 τερον
411 4852 494 4904 ὅτι
534 4852 729 4920 τυφλὸς
762 4849 849 4924 ἦν,
882 4854 1094 4925 ελεγον·
1127 4858 1238 4927 Οὐχ
1272 4853 1425 4924 οὗτός
1446 4860 1642 4914 ἐστινό
1664 4860 1799 4916 καθ-

218 4934 426 5005 ήμενος
455 4934 550 4987 καὶ
573 4938 917 5005 προσαιτῶν;

290 5018 325 5071 9
366 5018 551 5071 Ἀλλοι
584 5018 768 5088 ἔλεγον
788 5038 801 5051 ·
837 5022 957 5074 Ὅτι
991 5014 1144 5087 οὗτός
1173 5023 1321 5076 ἐστιν
1341 5039 1354 5053 ⁶
1386 5022 1532 5077 ἄλλοι
1554 5024 1612 5077 δέ
1633 5041 1646 5054 ο
1680 5024 1801 5077 Ὅτι

216 5100 405 5169 ὅμοιος
438 5102 589 5173 αύτῷ
627 5104 793 5159 ἐστιν.
812 5104 1046 5168 Ἐκεῖνος
1080 5106 1263 5173 ἔλεγεν
1285 5122 1297 5133 “
1338 5104 1460 5159 Ὀτι
1485 5107 1595 5175 ἐγώ
1628 5107 1761 5176 εἰμι.

292 5185 357 5237 10
399 5184 623 5253 Ἔλεγον
668 5182 761 5240 οὖν
802 5187 983 5258 αὐτῷ’
1044 5188 1169 5251 Πῶς
1224 5187 1574 5261 ἀνεῴχθησάν
1622 5207 1704 5243 σοι
1754 5191 1803 5242 οἱ

214 5265 490 5338 ὀφθαλμοί
516 5285 530 5332 ;

294 5352 353 5405 11
406 5350 703 5425 Ἀπεκρίθη
735 5354 942 5417 ἐκεῖνος
972 5354 1065 5407 καὶ
1092 5348 1273 5407 εἶπεν
1308 5353 1625 5424 Ἀνθρωπος
1650 5355 1806 5424 λεγόο

217 5451 382 5503 μενος
423 5435 628 5505 Ἰησοῦς
682 5438 851 5507 πηλὸν
876 5438 1121 5509 ἐποίησε,
1151 5436 1244 5489 καὶ
1274 5436 1529 5507 ὲπέχρισέ
1555 5455 1654 5508 μου
1680 5442 1803 5503 τοὺς

212 5516 672 5586 ὀφθαλμοὶςγγαλ.
695 5516 817 5573 εἶπέ
874 5537 991 5591 μοι·
1030 5520 1249 5588 ’Υπαγε
1297 5519 1374 5581 εἰς
1400 5519 1499 5590 τὴν
1528 5521 1804 5593 κολυμϐή-

212 5598 357 5667 θραν
384 5600 481 5652 τοῦ
514 5601 758 5673 Σιλωὰμ,
793 5605 887 5657 καὶ
914 5603 1085 5673 νίψαι.
1139 5600 1414 5656 ’Δπελθὼν
1443 5602 1498 5656 δὲ
1533 5604 1626 5657 καὶ
1648 5604 1805 5675 νιψά-

219 5698 403 5749 μενος,
435 5683 727 5754 ἀνέϐλεψα.

296 5765 361 5818 12
386 5764 552 5823 Εἶπον
590 5766 684 5826 οὖν
732 5771 912 5844 αὐτῷ·
970 5771 1080 5825 Ποό
1129 5772 1277 5826 ἐστιν
1326 5772 1561 5838 ἐκεῖνος;
1600 5771 1798 5841 Δέγει⁹

1980 4870 2048 4923 15
2080 4868 2338 4934 Ἄγουσιν
2366 4867 2529 4921 αὑτὸν
2554 4866 2691 4940 πρὸς
2721 4865 2848 4928 τοὺς
2869 4864 3218 4937 Φαρισαίους,
3242 4865 3335 4920 τόν
3367 4885 3488 4923 ποτε

1906 4952 2125 5022 τυφλόν.

1981 5055 2049 5109 14
2077 5048 2185 5107 Ἦν
2214 5054 2272 5106 δὲ
2308 5053 2577 5107 σάϐϐατον
2602 5054 2691 5107 ὅτε
2718 5054 2810 5107 τὸν
2839 5053 3008 5123 πηλὸν
3040 5052 3294 5123 ἐποίησεν
3326 5054 3356 5105 ὀ
3390 5054 3495 5126 ’1η-

1910 5139 2058 5205 σοῦς,
2095 5138 2189 5191 καὶ
2222 5138 2457 5208 ἀνέῳξεν
2488 5137 2652 5191 αὑτοῦ
2690 5138 2814 5200 τοὺς
2843 5136 3175 5206 ὀφθαλμούς.

1984 5242 2052 5296 15
2092 5242 2259 5295 Πάλιν
2286 5238 2376 5294 οὖν
2404 5242 2634 5313 ἠρώτων
2671 5242 2830 5295 αὑτὸν
2864 5244 2957 5294 καὶ
2983 5244 3030 5293 οί
3066 5243 3345 5309 Φαρισαῖοι
3378 5240 3490 5305 πῶς

1912 5324 2225 5392 ἀνέϐλεψεν.
2283 5324 2340 5375 Ὀ
2368 5324 2423 5375 δὲ
2457 5321 2609 5375 εἶπεν
2637 5324 2845 5385 αὐτοῖς·
2904 5323 3080 5392 Πηλὸν
3110 5324 3375 5393 ἐπέθηκεν
3400 5323 3490 5377 ἐπὶ

1912 5410 2036 5471 τοὶς
2065 5405 2379 5476 ὀφθαλμούς
2414 5423 2539 5474 μου,
2581 5406 2674 5458 καὶ
2702 5405 2994 5476 ἐνιψάμην,
3027 5406 3120 5458 καὶ
3149 5406 3348 5476 βλέπω.

1981 5522 2047 5576 16
2079 5520 2305 5589 Ἔλεγον
2334 5516 2428 5572 οὖν
2468 5522 2534 5573 ὲκ
2565 5519 2672 5573 τῶν
2699 5520 3008 5592 Φαρισαίων
3037 5520 3181 5585 τινές
3201 5539 3214 5551 ·
3266 5514 3431 5584 Οὗτος
3461 5524 3491 5576 ὀ

1909 5606 2195 5677 ἄνθρωπος
2234 5606 2334 5657 οὐκ
2362 5603 2476 5655 ἔστι
2513 5603 2663 5673 παρά
2699 5603 2792 5657 τοῦ
2826 5603 2983 5669 Θεοῦ,
3018 5606 3100 5658 ὅτι
3125 5605 3182 5657 τὸ
3223 5604 3490 5659 σάϐϐατον

1909 5692 1969 5742 οὐ
2020 5690 2194 5759 τηρεῖ.
2248 5687 2425 5741 ’Λλλοι
2472 5686 2694 5753 ελεγον·
2758 5687 2882 5750 Πῶς
2920 5688 3142 5743 ’δύναται
3207 5688 3491 5759 ἄνθρωπος

1910 5773 2232 5847 ἀμαρτωλδς
2259 5770 2479 5825 τοιαῦτα
2510 5772 2708 5841 σημεῖα
2741 5774 2939 5839 ποιεῖν,
