3956 6202
526 357 629 419 827

1770 344 1977 400 NONNI
2018 345 2523 402 PANOPOLITAM

3672 350 3759 404 8'38

528 470 646 526 Non
673 482 897 524 cursum
942 463 1130 519 otiosa:
1174 469 1357 516 servat
1396 460 1687 531 septimum
1720 474 1950 514 aurone.
1994 460 2099 513 Alii

2211 465 2276 516 U5
2304 463 2501 534 δρόμον
2529 460 2834 532 ἀπρήκτοιο
2863 458 3196 527 φυλάσσεται
3221 458 3447 528 ἕϐδομον
3472 456 3585 525 ήοῦι
3604 501 3615 510 .

526 570 705 617 autem
735 568 925 612 contra
980 559 1285 608 sonuerunt
1334 551 1713 605 consentiente
1766 564 1797 601 a
1843 557 2096 619 gutture:

528 650 818 719 Quomodo
868 652 1045 715 poteSt
1079 644 1193 696 haec
1224 644 1407 697 omnia
1437 642 1589 694 varia
1622 638 1884 693 miracula
1922 637 2101 693 facere

531 741 775 797 Mortalis
797 739 881 793 vir
912 747 967 790 et
1002 733 1297 805 peccator?
1327 732 1669 788 Contentiosi
1704 739 1886 785 autem
1916 730 2100 799 populi

530 831 789 885 Bifariaui
822 826 1005 889 divisi,
1040 824 1240 894 duplex
1265 824 1545 893 strepebat
1570 838 1777 887 sonus;
1810 820 1876 873 Et
1900 821 2104 875 multus

528 930 920 979 controversus
945 929 1063 975 erat
1107 918 1398 973 tumultus.
1451 917 1514 969 17
1553 915 1688 971 Viro
1736 923 1917 968 autem
1961 928 2105 967 caeco

530 1016 734 1069 Omnes
762 1012 1057 1067 dixerunt:
1092 1008 1173 1063 Tu
1205 1016 1387 1063 autem
1422 1017 1605 1061 mente
1634 1006 1702 1060 de
1734 1006 1856 1075 ipso
1880 1004 2105 1069 Qualem

530 1104 856 1160 sententiam
887 1100 1095 1154 habes?
1127 1098 1274 1168 quod
1300 1096 1569 1166 judicium
1595 1096 1872 1167 proferes?
1896 1094 2106 1150 Recens

530 1196 719 1251 videns
748 1202 930 1247 autem
947 1193 1309 1245 inconcussus
1334 1190 1413 1243 vir
1432 1189 1675 1243 credenti
1692 1203 1941 1242 sermone
1968 1186 2109 1239 Dixit

528 1288 731 1349 audax,
764 1285 909 1356 quod
936 1284 1156 1337 divinus
1184 1292 1269 1337 est
1312 1281 1595 1351 propheta.
1636 1280 1797 1349 106
1830 1279 1897 1332 18
1929 1277 2109 1347 Popu-

531 1381 620 1435 ius
650 1386 830 1431 autem
860 1392 969 1430 non
994 1372 1225 1428 credidit
1254 1388 1397 1427 vene
1421 1372 1521 1426 viri
1551 1373 1671 1426 voci
1699 1371 1801 1436 Qui
1834 1369 2107 1440 quondam

529 1483 707 1525 cacus
736 1474 871 1531 erat,
909 1475 963 1519 et
1004 1464 1210 1534 recepit
1249 1464 1425 1517 lucem
1456 1463 1654 1525 oculis,
1681 1460 1797 1516 Nisi
1834 1462 1987 1531 prius
2017 1476 2111 1515 vo-

530 1568 751 1616 cassent
795 1555 1064 1611 increduli
1097 1554 1386 1625 pontifices
1422 1552 1538 1608 Viri
1578 1554 1673 1624 qui
1700 1554 1877 1607 visum
1907 1550 2111 1620 recepit

530 1652 769 1707 scientes
792 1655 1065 1719 parentes.
1098 1646 1164 1699 l9
1201 1644 1473 1715 Utrosque
1491 1653 1673 1699 autem
1705 1645 2112 1715 interrogabant

535 1736 721 1792 invido
755 1736 993 1805 quodatn
1027 1748 1318 1788 sermone:
1362 1730 1627 1788 Vesterne
1680 1732 1824 1788 ﬁlius
1869 1732 1957 1787 bic
2000 1738 2108 1793 est,

2209 555 2386 607 Ἀλλοι
2416 555 2459 606 δ’
2484 553 2819 621 ἀντιάχησαν
2846 549 3203 620 ὁμοφθόγγων
3237 548 3345 601 άπὸ
3373 547 3586 617 λαιμῶν
3606 566 3619 577 ⁸

2205 646 2327 709 Πῶς
2358 646 2575 698 δύναται
2601 643 2725 696 τάδε
2760 641 2939 695 πάντα
2972 640 3289 711 πολύτροπα
3304 640 3559 710 θαύματα
3575 646 3760 713 τεύχειν

2204 736 2405 806 Θνητὸς
2434 736 2574 805 ἀνὴρ
2605 736 2700 787 καὶ
2727 732 2971 805 ἀλιτρός;
3014 731 3371 803 ’Δμιλλητῆρι
3401 731 3459 782 δὲ
3491 731 3603 801 λαῷ

2205 826 2371 898 Διχθά
2400 824 2739 897 μεριζομένῳ
2763 823 3107 895 διδυμὸθροος
3136 822 3367 893 ἔϐρεμεν
3399 822 3545 890 ἠχώ·

2206 920 2317 972 Kal
2335 918 2498 981 πολὺς
2514 918 2855 988 ἀμφήριστος
2872 914 2966 986 έην
2984 914 3190 977 κλόνος.
3233 914 3299 967 17
3339 912 3522 983 Ἀνδρὶ
3537 911 3590 963 δέ
3607 910 3761 981 τυφλῷ

2208 1013 2415 1073 Πάντες
2442 1010 2781 1081 ἐμυθήσαντο
2800 1024 2814 1038 ·
2854 1008 2927 1061 Σὺ
2960 1007 3017 1060 δὲ
3047 1006 3238 1077 φρεσὶν
3266 1006 3451 1057 εῖνεκα
3486 1003 3658 1055 κείνου

2210 1103 2377 1173 nol-qv
2409 1102 2568 1172 μῆτιν
2594 1102 2771 1171 ἐχεις;
2797 1099 2918 1152 τίνα
2950 1114 3060 1169 μοι,
3078 1098 3198 1151 τίνα
3229 1096 3391 1167 μῆτιν
3418 1095 3646 1164 ἐνίψεις;

2224 1192 2514 1266 Ἀρτιφαὴς
2544 1192 2588 1244 δ’
2609 1191 2864 1261 ἀδὸνητος
2891 1189 3030 1261 ἀνὴρ
3058 1189 3349 1259 πειθήμονι
3380 1187 3540 1257 μύθῳ

2214 1287 2442 1339 Ἕννεπε
2473 1283 2751 1353 τολμήεις,
2777 1283 2857 1335 ὅτι
2884 1280 3136 1343 θέσκελος
3164 1282 3280 1332 ἐστι
3307 1280 3615 1349 προφήτης.

2216 1378 2369 1447 107
2405 1376 2470 1429 18
2495 1375 2629 1428 Aaol
2649 1374 2693 1426 δ’
2726 1374 2826 1426 οὐκ
2853 1372 3118 1443 ἐπίθησαν
3150 1370 3338 1441 ἀληθέῖ
3368 1370 3548 1439 gms;
3581 1372 3667 1438 ἰωῇ

2214 1470 2313 1531 Ὃς
2341 1484 2470 1520 ποτε
2500 1466 2697 1534 τυφλὸς
2726 1465 2843 1535 ἔην,
2876 1464 2970 1516 καὶ
2996 1463 3214 1529 ἐδέξατο
3238 1463 3437 1532 φέγγος
3463 1462 3717 1521 ὀπωπάς,

2213 1561 2275 1612 Εἰ
2313 1558 2386 1629 μὴ
2425 1557 2616 1629 πρῶτα
2655 1555 2923 1609 κάλεσσαν
2952 1552 3205 1616 ἀπειθέες
3233 1551 3525 1623 ἀρχιερῆες

2226 1651 2441 1721 Ἀνδρδς
2468 1648 2871 1718 ἀναϐλέψαντος
2909 1645 3309 1716 ἐπισταμένους
3336 1645 3530 1713 γενετή
3541 1661 3653 1713 ρας.

2218 1742 2282 1798 19
2320 1741 2685 1812 Ἀμφοτέρους
2704 1740 2748 1792 δ’
2774 1738 2982 1808 εἴροντο
3019 1736 3306 1807 βαρυζήλῳ
3329 1736 3437 1787 τινὶ
3469 1733 3650 1803 μύθῳ·

531 1842 695 1898 quem
746 1826 1006 1881 dixerunt
1033 1825 1185 1879 cives
1229 1823 1302 1876 Ex
1340 1831 1498 1878 utero
1527 1822 1673 1893 quod
1709 1838 1888 1878 czecus
1926 1837 2112 1892 reger-

2228 1800 2465 1904 ’Υμείων
2491 1800 2619 1895 παῖς
2647 1800 2915 1894 chrea-5v
2939 1800 3516 1898 ἐφθέγξαντο-πολῖται

533 1918 762 1973 minavit
791 1916 1094 1987 parientis?
1137 1915 1202 1970 Et
1257 1916 1401 1971 unde
1428 1931 1552 1971 sero
1586 1914 1880 1985 perfectam
1911 1914 2119 1984 recepit

533 2012 707 2064 lucem
732 2008 947 2063 oculis?
982 2008 1053 2060 ἑο
1092 2006 1156 2060 Et
1202 2015 1403 2062 metum
1452 2006 1822 2077 parturientes
1874 2014 2111 2059 mentem

532 2102 894 2171 reprimentes
956 2099 1311 2169 deceptores,
1388 2098 1707 2152 Sermonem
1778 2097 2119 2151 occultantes

532 2194 789 2249 diXt'l‘lllll
811 2200 1063 2262 parentes
1089 2208 1103 2247 :
1138 2191 1354 2246 Scimus
1382 2189 1527 2259 quod
1562 2188 1724 2242 homo
1747 2188 1836 2242 hic
1859 2188 1951 2257 qui
1973 2202 2122 2242 recc-

535 2285 613 2355 pit
644 2285 926 2339 oculornm
970 2281 1312 2352 splendorem
1361 2280 1558 2335 Noster
1614 2288 1698 2334 est
1744 2278 1889 2333 filius
1919 2293 2118 2343 verus;

535 2376 630 2431 sed
653 2384 708 2430 et
740 2375 845 2443 ipsi
895 2373 1111 2428 Scimus
1144 2388 1243 2426 sua
1276 2388 1305 2424 a
1335 2380 1512 2426 matre
1539 2371 1683 2440 quod
1728 2370 1908 2424 infans
1947 2370 2003 2422 in
2034 2369 2119 2421 lu-

533 2482 652 2521 cem
693 2483 883 2533 repens
912 2466 1103 2518 CiBClIS
1143 2473 1280 2526 erat,
1319 2464 1403 2516 lac
1446 2464 1689 2517 nondum
1724 2472 1978 2533 gustans,
2015 2463 2114 2515 ad-

535 2558 643 2611 huc
668 2558 885 2625 spirans
908 2563 1141 2625 partum.
1167 2553 1230 2606 21
1266 2553 1550 2618 Quomodo
1576 2566 1754 2607 autem
1786 2554 1834 2607 ei
1865 2555 2119 2621 utrinque

536 2647 795 2717 perforati
821 2648 992 2717 aperti
1020 2646 1129 2699 sint
1153 2645 1319 2709 oculi,
1356 2644 1420 2698 Et
1446 2645 1571 2715 quis
1602 2643 1962 2699 obscurorum
1986 2659 2118 2697 ocu-

536 2740 712 2793 lorum
748 2738 1095 2806 dissipaverit
1143 2738 1453 2806 caliginem,
1490 2735 1599 2791 Nos
1625 2734 1906 2790 nescimus
1944 2735 2119 2788 incul-

536 2830 681 2898 pati:
722 2828 1088 2897 propinquum
1141 2835 1322 2882 autem
1364 2825 1635 2881 Scientcm
1672 2826 1840 2879 filium
1884 2826 2119 2880 interro-

538 2928 664 2989 gate
690 2920 760 2973 de
801 2919 886 2973 his
919 2935 1041 2987 qua:
1077 2918 1329 2972 nesciunt
1360 2924 1634 2985 parentes.
1669 2915 1787 2970 Non
1818 2924 1903 2971 est
1934 2916 2117 2971 infans

537 3008 630 3062 hic
651 3006 857 3062 habens
882 3009 1141 3076 puerilem
1168 3007 1529 3076 pubertatem:
1552 3004 1672 3060 Non
1695 3021 1830 3060 voce
1854 3006 1956 3059 alia
1978 3022 2117 3076 opus

536 3100 700 3155 habet
747 3117 760 3153 :
798 3100 863 3154 de
895 3115 953 3153 se
990 3099 1133 3153 enim
1179 3098 1392 3151 Recens
1425 3097 1625 3152 florens
1652 3096 1870 3165 juvenis
1904 3097 1994 3151 hic
2024 3112 2115 3151 ve-

536 3207 658 3247 rum
699 3206 1007 3247 sermonem
1064 3190 1241 3253 dicet,
1294 3188 1442 3243 Fidei
1494 3204 1791 3244 mensuras
1842 3188 2114 3257 perfectas

536 3281 725 3337 ferens
759 3280 1121 3337 recrescentis
1150 3280 1477 3349 pubertatis.
1511 3279 1582 3333 22
1611 3279 1761 3332 Talia
1792 3288 1937 3333 metu
1962 3279 2117 3333 dolo-

534 3374 583 3428 si
621 3374 876 3428 dixerunt
905 3380 1177 3443 parentes,
1210 3371 1485 3425 Timorem
1515 3370 1825 3426 Judzeorum
1848 3372 2113 3425 vitantes:

536 3463 873 3518 insanientes
905 3464 1051 3518 enim
1083 3461 1282 3517 Contra
1318 3462 1622 3526 Christum,
1652 3462 1827 3516 zelum
1854 3462 2118 3517 habentes

535 3553 882 3607 inimitabilia
918 3562 1142 3624 propter
1197 3568 1385 3623 opera,
1432 3553 1637 3609 Fwtlus
1685 3554 2117 3624 pronuntiarunt

535 3645 635 3702 toti
676 3645 897 3700 credulo
929 3647 1149 3716 populo,
1182 3643 1251 3699 Ut
1281 3645 1459 3715 ipsum
1490 3650 1585 3717 qui
1617 3646 1887 3715 receperit
1929 3654 2113 3700 mente

534 3747 591 3793 et
622 3737 899 3792 Christum
932 3738 1155 3802 dixerit,
1193 3735 1310 3791 Non
1341 3738 1579 3792 divinam
1628 3738 1861 3805 attingat
1910 3737 1966 3791 in
2012 3753 2117 3807 qua

537 3828 689 3883 Deus
730 3830 1017 3883 invocatur
1054 3830 1403 3886 dontutnuﬁi’)
1438 3829 1590 3885 Unde
1628 3829 1834 3884 Judaeis
1866 3830 2120 3885 dixerunt

535 3928 791 3988 parentes
822 3939 835 3975 :
867 3921 1139 3977 Scientcm
1164 3924 1333 3977 lilium
1372 3923 1725 3993 interrogate,
1758 3930 1812 3977 et
1842 3939 1950 3977 non
1981 3938 2119 3993 opus

533 4019 618 4065 est
649 4014 1010 4081 parentibus:
1048 4016 1215 4071 Vobis
1256 4030 1384 4070 vero
1416 4016 1882 4084 interregantibus
1922 4018 2121 4086 poterit

537 4103 627 4159 hic
665 4104 867 4168 dicere,
921 4105 1201 4163 Perfectas
1252 4124 1539 4164 mensuras
1598 4107 1860 4163 ferentem
1913 4108 2121 4161 habens

538 4197 909 4263 praegrandem
940 4198 1303 4265 pubertatem.
1333 4200 1396 4253 Et
1431 4210 1588 4269 pater
1618 4200 1747 4253 caici
1779 4200 2000 4253 miscuit
2028 4198 2122 4251 ad-

537 4287 816 4339 mirationi
846 4302 1031 4339 vocem
1066 4287 1271 4357 Lingua
1304 4290 1630 4349 occultante.
1670 4305 1740 4342 ne
1771 4288 1985 4342 hostilis
2004 4302 2120 4342 ca:-

540 4386 626 4431 tus
657 4379 889 4438 audiret,
924 4380 1085 4447 108
1126 4378 1248 4433 Filii
1301 4382 1492 4437 videns
1530 4397 1727 4435 novum
1780 4383 1956 4435 visum
2000 4382 2119 4450 pul-

537 4468 687 4522 chris
727 4469 899 4522 oculis
931 4470 1168 4538 praedita:
1205 4469 1384 4524 faciei.

596 4560 668 4615 21
719 4558 908 4615 Virum
960 4570 1141 4617 autem
1177 4561 1268 4632 qui
1329 4578 1499 4633 vagus
1541 4574 1660 4618 erat
1698 4579 1873 4619 cazcus
1913 4564 2106 4633 viator,

2232 1927 2327 1979 Ἐκ
2352 1925 2593 1993 λαγόνων
2618 1924 2699 1977 ὃτι
2730 1922 2932 1990 τυφλὸς
2954 1920 3323 1990 ἀνεϐλάστησε
3350 1917 3655 1987 τεκούσης

2222 2019 2333 2072 Kal
2367 2016 2531 2069 πόθεν
2555 2014 2899 2084 ὀψιτέλεστον
2924 2013 3143 2076 ἐδέξατο
3173 2010 3373 2079 φέγγος
3406 2009 3669 2084 ὀπωπάῖς;

2220 2109 2291 2164 20
2319 2110 2425 2161 Kal
2454 2106 2617 2176 φόϐον
2646 2104 2927 2166 ὼδίνοντες
2955 2102 3247 2173 ἐχέφρονες
3273 2098 3588 2170 ἠπεροπῆες

2221 2200 2403 2254 Μῦθον
2425 2197 2850 2260 ὑποκλέπτοντες
2876 2194 3215 2265 ἐμυθήσαντο
3243 2192 3437 2261 τοκῆες
3460 2210 3475 2220 ’

2226 2292 2403 2361 Ἰδμεν
2430 2291 2511 2343 ὅτι
2537 2289 2725 2360 βροτὸς
2750 2282 2903 2349 οῦτος
2926 2286 2985 2347 ὃς
3014 2284 3236 2355 ἔλλαχεν
3261 2283 3507 2352 ὄμματος
3536 2279 3711 2349 αἴγλην

2232 2382 2468 2452 Ἦμεὶων
2502 2380 2631 2433 πέλε
2659 2378 2853 2449 κοῦρος
2883 2377 3148 2446 ἐτήτυμος
3166 2391 3181 2405 ·
3218 2373 3353 2427 ἀλλὰ
3383 2373 3478 2425 καὶ
3508 2371 3654 2424 αὐτοὶ

2225 2473 2405 2543 Ἰδμεν
2430 2474 2525 2542 ἐῆς
2546 2471 2654 2525 άπὸ
2687 2469 2889 2542 μητρὸς
2916 2469 2997 2522 ὃτι
3026 2467 3224 2539 βρέφος
3252 2468 3332 2528 εἰς
3367 2465 3501 2533 φάος
3528 2458 3699 2534 ἕρπων

2222 2563 2431 2633 Τυφλδς
2454 2564 2570 2634 ἔην,
2594 2562 2923 2631 ἀγάλακτος,
2951 2561 3031 2613 ἐτι
3065 2559 3263 2612 πνείων
3288 2559 3546 2615 τοκετοῖο.

2216 2657 2277 2710 21
2314 2653 2441 2717 Πῶς
2471 2654 2527 2707 δέ
2553 2655 2601 2707 οἱ
2632 2651 2973 2724 ἀμφιτρῆτες
2994 2650 3341 2719 ἀνωῖχθησαν
3368 2646 3602 2709 ὀπωπαὶ,

2222 2747 2331 2800 Kal
2355 2745 2440 2809 τίς
2461 2744 2787 2813 ἀφωτίστων
2820 2741 3103 2812 βλεφάρων
3132 2740 3424 2793 ἐκέδασσεν
3457 2737 3699 2808 ὀμίχλην,

2232 2840 2424 2908 Ἡμεῖς
2448 2837 2547 2891 οὐκ
2570 2836 2808 2906 ἐδάημεν
2836 2832 3139 2904 ἁμεμφέες,
3186 2830 3486 2901 ’Λγχιφανῆ
3519 2828 3573 2881 δὲ

2222 2928 2441 2997 Ἴδμονα
2470 2924 2667 2995 κοῦρον
2700 2921 2889 2993 ἔρεσθε
2922 2921 2991 2975 τά
3028 2920 3105 2992 μὴ
3129 2919 3347 2973 δεδάασι
3378 2918 3566 2984 τοκῆες
3588 2932 3601 2941 ·

2219 3020 2292 3073 Οὐ
2320 3018 2447 3071 πέλε
2469 3018 2662 3088 νήπιος
2681 3008 2854 3078 οὗτος,
2887 3013 3025 3084 έχων
3051 3012 3299 3082 παιδήῖον
3328 3010 3470 3080 ἥϐην
3486 3026 3499 3039 ·

2141 3141 2182 3197 C
2218 3113 2293 3165 Οὐ
2333 3109 2574 3180 φθογγῆς
2607 3108 2800 3197 ἑτέρης
2827 3104 3135 3158 ἐπιδεύεται
3154 3118 3168 3134 '
3196 3102 3340 3172 ἀμφὶ
3370 3102 3491 3153 ἕθεν
3519 3099 3620 3169 γάρ

2230 3199 2548 3272 ’Δρτιθαλὴς
2586 3198 2705 3260 νέος
2734 3190 2888 3260 οὗτος
2916 3194 3122 3263 ἀληθέα
3160 3191 3328 3263 μῦθον
3354 3191 3546 3261 ἐνίψει.

2218 3292 2423 3361 Πιστῆς
2453 3291 2628 3362 μέτρα
2656 3289 2838 3342 τέλεια
2867 3288 3050 3358 φέρων
3084 3283 3439 3348 παλιναυξέος
3467 3282 3619 3353 ἥϐης.

2215 3384 2287 3437 2‘2
2308 3384 2439 3436 Τοῖα
2478 3383 2625 3451 φόϐῳ
2649 3380 2921 3443 δολόεντες
2948 3375 3355 3446 έπεφθέγξαντο
3375 3375 3585 3444 τοκῆες,

2217 3474 2429 3546 Τάρϐος
2463 3472 2728 3526 Ἰουδαίων
2760 3468 3195 3541 πεφυλαγμένοι·
3222 3467 3537 3538 αἰνομανεῖς
3566 3463 3659 3532 γάρ

2218 3564 2455 3637 Χριστοῦ
2484 3563 2644 3633 ζῆλον
2676 3562 2892 3633 ἔχοντες
2924 3562 3215 3632 ἀμιμήτων
3249 3559 3411 3629 χάριν
3440 3556 3625 3628 ἔργων,

2217 3657 2513 3727 Συνθεσίην
2548 3655 2793 3727 κήρυξαν
2824 3655 2931 3725 ὅλῳ
2970 3653 3257 3723 πειθήμονι
3286 3650 3423 3721 λαῷ,

2222 3752 2405 3820 Ὄφρα
2436 3765 2531 3819 μιν
2555 3750 2614 3811 ὃς
2646 3748 2859 3811 δέξαιτο
2888 3747 2993 3816 νόῳ
3026 3746 3120 3799 καὶ
3144 3743 3377 3815 Χριστὸν
3410 3743 3585 3813 ὲνίιξῃ,

2218 3841 2308 3911 Μὴ
2333 3839 2528 3902 ζαθέου
2559 3838 2786 3911 ψαύσειε
2811 3838 3120 3909 θεοκλήτοιο
3156 3835 3448 3907 μελάθρου.

2218 3931 2288 3984 9.3
2313 3922 2388 3982 Οῦ
2412 3930 2571 4001 χάριν
2614 3928 2942 4000 Ἐϐραίοισιν
2970 3927 3311 3999 ἐμυθήσαντο
3348 3926 3542 3995 τοκῆες
3568 3941 3582 3953 ·

2225 4020 2443 4089 Ἴδμονα
2464 4019 2661 4090 κοῦρον
2687 4018 2899 4090 ἔρεσθε,
2935 4018 3029 4071 καὶ
3053 4018 3114 4069 οὐ
3145 4016 3305 4087 χρέος
3333 4017 3451 4069 ἐστὶ
3482 4015 3673 4084 τοκήων
3691 4026 3706 4040 ·

2232 4113 2388 4181 Ὑμῖν
2417 4112 2460 4165 δ’
2496 4111 2817 4183 εἰρομένοισι
2844 4111 3131 4181 δυνήσεται
3160 4103 3313 4173 οὗτος
3349 4110 3551 4178 ἐνίψαι,

2225 4206 2419 4276 Ι’Ἄρτια
2445 4205 2620 4275 μέτρα
2650 4204 2921 4274 φέρουσαν
2944 4204 3083 4274 έχων
3114 4204 3484 4274 περιμήκετον
3509 4200 3656 4271 ἥϐην.

2221 4294 2331 4346 Kal
2356 4293 2582 4365 γενέτης
2614 4293 2797 4347 ἀλαοῖο
2824 4311 2884 4346 κε
2895 4294 3096 4364 ράσατο
3129 4293 3384 4363 θαύματα
3406 4291 3589 4361 φωνήν

2221 4383 2448 4457 Γλώσσῃ
2474 4385 2801 4456 κρυπταδίῃ,
2832 4385 2905 4456 μή
2931 4386 3080 4457 δήῖος
3108 4385 3277 4455 ἐσμὸς
3305 4382 3537 4453 ἀκούσῃ,

2146 4486 2187 4541 D
2222 4475 2380 4545 109
2408 4476 2604 4539 Παιδὸς
2638 4475 2761 4530 ἰδὼν
2790 4477 2908 4530 νέον
2952 4477 3107 4548 ὄμμα
3142 4476 3455 4547 βοογλήνοιο
3485 4471 3755 4543 προσώπω.

2287 4567 2358 4621 24
2396 4567 2591 4638 Ἀνέρα
2625 4567 2668 4620 δ’
2693 4568 2752 4632 ὃς
2778 4569 3087 4640 περίφοιτος
3113 4568 3208 4639 ἔην
3232 4567 3487 4631 άλαωπὸς
3513 4567 3675 4632 ὁδίτης

1735 4680 2016 4736 TEXTUS
2056 4682 2593 4738 EVANGELISTAS.

610 4778 673 4832 17
709 4777 818 4830 Kal
852 4776 1055 4847 σχίσμα
1103 4771 1171 4847 ἦν
1210 4777 1267 4829 ἐν
1314 4776 1516 4839 αὐτοῖς.
1569 4776 1798 4839 Λέγουσι
1831 4774 1909 4845 τῷ
1937 4775 2120 4846 τυφλῷ

535 4860 729 4915 πάλιν⁹
762 4860 833 4911 Σὺ
861 4860 912 4909 τί
939 4859 1115 4926 λέγεις
1150 4859 1278 4928 περὶ
1304 4859 1490 4921 αὑτοῦ,
1526 4858 1608 4910 ὅτι
1648 4858 1819 4929 ήνοιξέ
1855 4874 1946 4909 σου
1994 4859 2121 4922 τοὺς

538 4939 885 5010 ἐφθαλμούςς
933 4938 990 4991 '0
1024 4940 1080 4990 δὲ
1116 4940 1299 4992 εἶπεν
1341 4942 1461 4992 ’Ὀτι
1496 4942 1779 5010 προφήτης
1807 4940 1972 4993 ἐστίν.

609 5024 674 5077 18
703 5023 815 5075 Οὐκ
849 5020 1175 5073 ἐπίστευσαν
1209 5016 1300 5072 οῦν
1333 5022 1381 5071 οἱ
1417 5021 1661 5073 Ἰουδαῖοι
1690 5023 1816 5091 περὶ
1841 5021 2007 5075 αὑτοῦ
2035 5024 2115 5077 ὅτι

536 5106 732 5176 τυφλὸς
760 5100 828 5176 ἦν
867 5105 960 5157 καὶ
1005 5102 1317 5171 ἀνέϐλεψεν,
1365 5102 1470 5165 ἕως
1512 5103 1635 5155 ὅτου
1666 5103 1953 5175 ἐφώνησαν
1986 5107 2114 5170 τοὺς

536 5192 716 5257 γονεῖς
747 5188 910 5242 αὐτοῦ
944 5186 1037 5241 τοῦ
1060 5185 1480 5254 ἀναϐλέψαντος.

451 5346 457 5351 Ι
612 5272 676 5325 19
716 5273 824 5325 Kal
855 5270 1147 5342 ἠρώτησαν
1180 5270 1396 5335 αὐτοὺς,
1433 5268 1681 5338 λέγοντες
1703 5287 1718 5302 ·
1773 5266 1942 5337 Οὗτός
1970 5274 2115 5325 ἐστιν

538 5355 566 5406 ὁ
595 5356 708 5419 υἱὸς
741 5354 915 5425 ὑμῶν,
956 5354 1013 5405 ὃν
1049 5354 1205 5424 ὑμεῖς
1248 5352 1435 5423 λέγετε
1480 5355 1562 5408 ὅτι
1593 5354 1790 5425 τυφλὸς
1824 5355 2115 5426 ἐγεννήθη;

543 5438 658 5501 πῶς
684 5434 776 5491 οὖν
806 5438 929 5507 ἄρτι
964 5435 1179 5505 βλέπεις

611 5520 682 5571 9.0
710 5518 1113 5589 ’Δπεκρξοησαν
1138 5519 1322 5581 αὐτοῖς
1349 5521 1398 5572 οἱ
1422 5523 1599 5589 γονεῖς
1622 5520 1787 5574 αὑτοῦ
1816 5521 1909 5575 καὶ
1942 5518 2112 5573 εἷπον·

537 5598 772 5671 οἴῖαμεν
801 5602 879 5653 ὅτι⁷
909 5594 1063 5665 οῦτός
1092 5604 1239 5654 ἐστιν
1270 5605 1298 5656 ὁ
1329 5604 1443 5667 υἱὸς
1474 5604 1647 5675 ήμῶν,
1678 5607 1770 5657 καὶ
1800 5607 1881 5658 ὅτι
1914 5601 2108 5674 τυφλὸς

543 5681 825 5749 ἐγεννήθη.

614 5762 676 5816 ’ἐι
709 5762 833 5826 Πῶς
870 5763 924 5815 δέ
960 5763 1053 5819 νῦν
1080 5763 1291 5836 βλέπει,
1324 5770 1424 5822 οὐκ
1446 5768 1685 5839 οἴδαμεν,
1736 5769 1766 5839 ἧ
1804 5770 1881 5834 τίς
1912 5768 2117 5842 ἤνοιξεν

1834 6102 2085 6171 Α

2224 4774 2389 4827 αὐτοῦ
2429 4774 2556 4836 τοὺς
2601 4775 2934 4848 ὀφθαλμοὺς,
2978 4779 3141 4848 ἡμεῖς
3179 4776 3280 4829 οὐκ
3323 4776 3584 4846 οἴδαμεν
3635 4770 3758 4826 αὐτὸς

2222 4856 2433 4926 ἠλικίαν
2476 4857 2608 4928 ἔχει,
2652 4860 2815 4913 αὑτὸν
2865 4862 3215 4931 ἐρωτήσατε·
3261 4860 3425 4923 αὐτὸς
3467 4859 3593 4929 περὶ
3628 4850 3757 4908 αὑτοῦ

2220 4939 2461 5013 λαλήσει.

2286 5048 2358 5101 22
2396 5045 2578 5101 Ταῦτα
2614 5042 2768 5099 εἶπον
2815 5048 2864 5100 οἱ
2911 5050 3091 5115 γονεῖς
3138 5044 3342 5108 αὑτοῦ,
3390 5044 3473 5096 ὅτι
3512 5040 3761 5111 ἐφοϐοῦντο

2220 5133 2345 5195 τοὺς
2387 5130 2701 5193 Ίουδαίους’
2747 5130 2847 5201 ήδη
2881 5130 2990 5201 γὰρ
3036 5128 3403 5183 συνετέθειντο
3440 5129 3490 5180 οἱ
3539 5125 3760 5178 ἰουδαῖαν

2223 5216 2309 5267 ἵνα
2352 5214 2445 5268 ἐάν
2476 5231 2561 5277 τις
2600 5214 2762 5267 αὐτὸν
2808 5213 3115 5284 ὁμολογήσῃ
3156 5212 3411 5283 Χριστὸν,
3447 5207 3761 5274 ἀποσυνάγωο

2223 5316 2317 5366 γος
2347 5298 2589 5368 γένηται.

2298 5400 2369 5454 25
2393 5400 2490 5454 Διά
2524 5400 2681 5453 τοῦτο
2708 5400 2757 5453 οἱ
2792 5403 2971 5470 γονεῖς
2997 5398 3161 5455 αὐτοῦ
3194 5395 3346 5455 εἷπον
3370 5416 3384 5429 ·
3432 5401 3551 5453 Ὅτι
3583 5393 3763 5471 ήλικέιν

2216 5482 2350 5554 ἕχει,
2381 5484 2544 5537 αὐτὸν
2572 5484 2905 5556 ἐρωτήσατε.

2283 5603 2354 5655 24
2415 5602 2729 5671 Ἐφώνησαν
2763 5598 2855 5656 οὖν
2888 5603 2951 5655 ἐκ
2990 5601 3243 5673 δευτέρου
3276 5601 3365 5653 τὸν
3407 5599 3674 5675 mpm}
3704 5587 3761 5675 ,ὃς

2214 5682 2281 5754 ἦν
2325 5686 2541 5753 τυφλὸς,
2592 5686 2686 5737 καὶ
2738 5681 2890 5738 εἷπον
2940 5685 3122 5754 αὐτῷ·
3187 5684 3285 5747 Δὸς
3323 5683 3479 5747 δόξαν
3516 5681 3587 5745 τῷ
3626 5669 3758 5733 θεῷ’

2222 5773 2378 5841 ἡμεῖς
2401 5768 2617 5840 οἴδαμεν
2657 5770 2737 5823 ὅτι
2755 5771 2781 5824 ὁ
2810 5769 3089 5841 ἄνθρωπος
3117 5762 3267 5831 οὗτος
3293 5762 3599 5840 ἁμαρτωλός
3614 5760 3755 5811 ἐστιν.
