3956 6202
605 339 699 391 851

1829 319 1872 373 Ν
1878 320 2036 375 ONNl
2074 311 2574 375 PANOPOLITANI

3718 312 3793 366 εἴιί

612 440 783 507 mine,
812 440 934 509 quis
964 446 1049 493 cst
1089 438 1178 491 ille
1228 451 1390 505 quem
1421 436 1629 502 dixisti,
1666 446 1724 492 ut
1760 440 2056 496 honorem?
2108 442 2175 496 57

2280 440 2535 509 Κοίρανε,
2563 436 2647 498 τίς
2679 434 2836 487 πέλεν
2862 422 3018 494 οὗτος
3046 429 3104 483 ὃν
3136 429 3375 494 ἐννεπες,
3400 429 3538 501 ὄφρα
3564 429 3792 503 γεραίρω,

612 527 769 585 Jesus
797 536 974 583 autem
1010 526 1310 596 respondit:
1359 526 1423 580 Et
1464 528 1643 584 vidisti
1674 528 1849 599 ipsum
1884 532 2081 593 oculis,
2113 530 2180 584 Et

613 630 793 674 tecum
830 632 977 672 nunc
1015 618 1245 685 loquens
1271 620 1388 686 ipse
1418 627 1521 673 est.
1550 619 1617 673 58
1645 619 1790 675 Dixit
1810 630 1864 676 et
1889 622 2037 689 ipse:
2076 622 2181 677 Do-

614 709 777 770 mine,
813 706 997 771 credo;
1045 715 1317 777 caputque
1374 718 1533 763 terra:
1567 710 1883 777 admovens,
1913 712 1979 767 Et
2028 712 2177 783 pedi-

610 798 713 851 bus
752 796 1154 851 immortalibus
1184 808 1463 853 curvatam
1498 801 1764 855 cervicem
1786 800 2183 862 llectens.Niti-

608 888 738 942 dum
774 889 1001 941 multum
1032 896 1386 943 consutorum
1412 892 1698 960 amplexus
1725 901 1807 947 est
1834 904 2041 949 tarsum
2074 896 2183 950 cal-

608 996 856 1035 ceorum.
889 980 959 1035 59
984 980 1145 1035 Jesus
1169 991 1349 1040 autem
1387 983 1688 1053 reSpondit,
1718 985 2017 1054 sapientem
2066 1002 2183 1042 sero

609 1085 823 1123 monem
856 1069 1117 1123 audiens:
1151 1068 1207 1122 In
1232 1070 1498 1135 judicium
1524 1072 1644 1126 veni
1668 1074 1721 1126 in
1755 1073 1896 1127 hunc
1920 1075 2183 1145 insipien-

610 1169 717 1215 tem
764 1161 1024 1213 mundutn
1060 1170 1365 1227 errantem;
1406 1163 1464 1215 ln
1506 1161 1774 1231 judicium
1814 1165 2012 1233 duplex
2059 1166 2183 1221 veni

610 1250 897 1316 dissimile,
928 1261 986 1304 ut
1016 1259 1067 1305 et
1099 1253 1200 1321 ipsi
1250 1252 1422 1305 Antea
1454 1265 1562 1304 non
1613 1252 1857 1308 videntes
1891 1253 2182 1311 invisibilis

611 1340 785 1396 lucem
834 1357 1065 1408 aurora,
1102 1341 1241 1396 Caeci
1287 1342 1463 1397 visum
1520 1343 1788 1414 recipiant
1830 1347 2181 1415 inspicientes

611 1432 822 1491 oculis;
856 1433 1026 1487 At-ute
1061 1442 1242 1487 autem
1288 1433 1535 1489 videntes
1571 1433 1705 1488 ﬁant
1758 1437 1909 1490 caeci.
1946 1437 2014 1491 40
2043 1436 2181 1491 Pro-

607 1522 933 1592 pinquorum
963 1532 1141 1578 autem
1165 1522 1383 1579 Christo
1412 1521 1644 1594 populus
1672 1524 1803 1579 dixit
1838 1527 2180 1596 sequentium

608 1611 1006 1668 Pharisaeorum
1037 1633 1049 1669 :
1093 1612 1235 1668 Num
1278 1614 1594 1670 errantibus
1624 1617 1798 1671 oculis
1830 1617 1958 1671 caeci
1990 1633 2181 1673 sumus

608 1712 660 1756 et
686 1703 825 1757 nos?
853 1703 914 1756 41
945 1702 1106 1760 Jesus
1137 1712 1319 1760 autem
1350 1704 1509 1770 dixit,
1544 1706 1885 1761 incredulum
1919 1710 2178 1778 populum

2278 532 2345 586 57
2382 528 2588 600 Ἰησοῦς
2607 527 2650 580 δ’
2676 526 2991 595 άπάμειπτο
3012 541 3024 553 ⁸
3060 523 3172 577 Kal
3195 522 3422 593 ἔδρακες
3447 523 3599 577 αὐτὸν
3621 523 3793 593 omni,

2280 621 2389 674 Kal
2423 637 2506 673 σοι
2530 618 2623 673 νῦν
2655 616 2860 670 λαλέων
2881 615 3044 677 αὐτὸς
3068 614 3253 667 πέλεν.
3278 613 3346 668 '58
3376 609 3506 666 Εἷπε
3534 614 3619 667 καὶ
3640 614 3763 673 αὐτός
3780 632 3792 647 ·

2279 712 2536 785 Κοίρανε,
2574 710 2815 763 πιστεύω
2840 725 2853 737 ο
2888 705 3130 775 κεφαλὴν
3159 705 3201 757 δ’
3232 705 3327 756 ἐπὶ
3356 708 3513 773 γαῖαν
3551 705 3750 775 ἐρείσας,

2278 803 2389 857 Kal
2420 802 2575 855 ποσὶν
2618 798 2939 870 άμϐροσίοις
2972 796 3340 869 κυρτούμενον
3371 795 3570 865 αύχένα
3601 797 3796 865 κάμψας,

2279 893 2483 965 Φαιδρὰ
2504 889 2931 963 πολλυρῤαφέων
2960 886 3339 958 προσπτύξατο
3362 888 3537 958 ταρσὰ
3562 887 3769 939 πεδίλων.

2278 987 2345 1040 ’59
2382 985 2584 1056 Ἰησοῦς
2619 984 2662 1037 δ’
2690 982 3006 1051 ὰπάμειπτο
3031 980 3303 1050 σαόφρονα
3335 978 3502 1047 μῦθον
3528 978 3742 1031 άκυύωψ

2281 1077 2373 1139 Εἰς
2412 1075 2589 1147 κρίμα
2612 1074 2803 1127 τοῦτον
2837 1073 3021 1126 ἵκανον
3052 1072 3111 1133 ές
3148 1071 3358 1139 ἄφρονα
3384 1070 3584 1140 κόσμον
3612 1070 3796 1137 ἀλήτην·

2282 1166 2376 1227 Εἰς
2409 1165 2583 1235 κρίμα
2619 1164 2802 1216 δισσὸν
2837 1162 2968 1231 ἔϐην
2997 1160 3376 1231 ἑτερότροπον,
3406 1160 3551 1229 ὄφρα
3577 1160 3661 1212 καὶ
3687 1159 3803 1211 αὐτοὶ

2283 1255 2345 1306 Οἱ
2374 1252 2545 1323 πάρος
2575 1252 2674 1321 οὐχ
2704 1251 2969 1322 ὁρόωντες
2996 1250 3236 1320 ἀθηήτου
3263 1248 3398 1317 φάος
3427 1248 3582 1317 ἠοῦς,

2283 1346 2488 1414 Τυφλοι
2515 1344 2893 1412 άναϐλέψωσιν
2929 1342 3330 1413 ὲσαθρήσαντες
3363 1340 3609 1402 ὀπωπαῖς
3628 1357 3639 1369 ο

2296 1433 2583 1502 ,Οξυφαείς
2606 1432 2663 1485 δὲ
2690 1432 2953 1499 γένωνται
2977 1428 3287 1497 λιπαυγέες,
3335 1429 3405 1484 40
3443 1430 3747 1498 Ἀγχιπὸρων

2284 1523 2504 1595 Χριστῷ
2528 1524 2654 1587 λαὸς
2685 1523 2865 1576 ἔειπεν
2894 1521 3277 1592 ἑφεσπομένων
3302 1520 3642 1591 Φαρισαίων·

2284 1617 2374 1688 Μὴ
2409 1616 2695 1687 σφαλεροῖς
2720 1615 3011 1685 βλεφάροις
3033 1614 3189 1667 άλαοὶ
3216 1613 3528 1682 γενόμεσθα
3548 1613 3634 1665 καὶ
3658 1612 3803 1682 ἡμεῐςς

2284 1706 2343 1759 41
2388 1703 2593 1776 Ἰησοῦς
2620 1705 2667 1758 δ’
2699 1704 2935 1775 όάριζεν,
2976 1701 3204 1756 ἀπειθέα
3229 1701 3353 1754 λαὸν
3381 1702 3614 1754 ἐνίπτων
3635 1718 3647 1730 ο

607 1797 940 1869 objurgans:
971 1796 1025 1852 Si
1058 1799 1234 1870 caligo
1263 1798 1429 1853 vestri
1472 1799 1754 1854 ambiisset
1790 1800 1963 1854 lucem
2005 1801 2175 1868 visus,

2286 1797 2347 1849 El
2383 1795 2544 1865 ζόφος
2571 1796 2842 1867 ὑμετέρης
2870 1793 3224 1864 περιδέδρομε
3259 1792 3463 1860 φέγγος
3494 1791 3723 1861 ὀπωπῆς,

612 1888 718 1942 Vos
760 1890 967 1957 peccati
1007 1890 1301 1945 inscientes
1355 1890 1617 1945 dixissem
1652 1906 1813 1957 esse;
1867 1891 2023 1947 Nunc
2054 1908 2182 1949 vero

606 1981 781 2033 lucem
811 1982 1079 2045 videntes,
1112 1992 1361 2039 errantes
1395 1983 1531 2039 estis
1568 1991 1627 2038 et
1660 1998 1798 2051 vos;
1825 1984 1969 2040 Caeci
2002 1995 2183 2042 autem

606 2072 738 2127 estis
768 2081 947 2128 mente
982 2087 1146 2142 quam
1171 2074 1350 2129 oculis
1384 2075 1507 2144 plus
1560 2092 1574 2128 :
1607 2076 1811 2144 quibus
1852 2078 2000 2131 enim
2050 2078 2185 2135 viris

604 2160 836 2219 Peccata
858 2172 1101 2229 manent,
1136 2163 1339 2221 frustra
1369 2174 1602 2220 cernunt
1633 2168 1833 2224 oculis.

1230 2274 1463 2330 CAPUT
1514 2276 1585 2333 X.

680 2382 696 2433 Ι
728 2380 1051 2439 Testiﬁcans
1074 2385 1329 2441 immotus
1359 2387 1530 2443 Anien
1560 2388 1733 2447 Amen
1764 2408 1944 2448 sermo
1967 2396 2057 2457 sit,
2081 2392 2184 2460 Qui

606 2473 886 2542 irrepscrit
919 2489 1013 2541 per
1042 2474 1239 2527 ostium
1268 2475 1403 2530 bene
1437 2478 1633 2532 muniti
1675 2481 1835 2535 ovilis
1861 2482 2182 2537 Abditarum

556 2548 561 2551 ’
603 2563 807 2628 ovium,
864 2573 915 2617 et
945 2564 1194 2632 superior
1223 2565 1439 2621 aliunde
1466 2570 1603 2636 repit
1630 2570 1786 2639 112
1820 2570 1923 2624 Per
1955 2586 2182 2629 curvum

600 2656 896 2709 obscurum
929 2654 1133 2709 aditum
1158 2656 1480 2723 ascendens,
1506 2655 1697 2714 Praedo
1718 2669 1802 2717 est
1824 2662 1911 2717 hic
1933 2664 2015 2718 vir
2044 2681 2185 2734 prte-

602 2746 814 2799 datorio
850 2746 984 2815 pede
1013 2764 1025 2800 :
1058 2744 1093 2799 2
1121 2745 1222 2811 Qui
1252 2762 1381 2801 vero
1407 2750 1673 2806 accedens
1702 2766 1810 2807 non
1846 2765 2103 2811 curvatus
2128 2760 2184 2813 in

602 2837 813 2890 caulam
855 2844 1073 2893 erectus
1111 2838 1279 2902 venit,
1312 2837 1505 2895 Pastor
1538 2841 1628 2896 hic
1656 2851 1741 2899 est
1770 2858 1899 2901 oves
1925 2860 2180 2916 pascens.

600 2927 635 2980 5
670 2926 914 2982 Venienti
947 2936 1126 2982 autem
1167 2936 1414 2997 apertum
1446 2929 1648 2984 stabuli
1686 2934 1887 2987 ostium
1925 2935 2182 2991 ostiarius

601 3018 794 3085 aperit.
820 3015 958 3072 Oves
975 3027 1156 3073 autem
1181 3026 1578 3088 cognoscentes
1601 3022 1805 3076 saliunt
1827 3025 1971 3077 circa
1999 3033 2184 3094 pasto-

2298 1887 2500 1957 ’Υμέας
2528 1886 2852 1958 ἀμπλακίης
2892 1884 3203 1956 άδαήμονας
3233 1882 3453 1936 ἔννεπον
3486 1878 3624 1936 εἶναι
3647 1901 3659 1913 ·

2238 2048 2241 2049 ν
2284 1978 2397 2031 Νῦν
2432 1978 2491 2031 δὲ
2522 1978 2665 2047 φόως
2697 1978 2960 2047 ὁρόωντες
2990 1976 3256 2047 ἀλήμονές
3276 1976 3400 2027 ἐστε
3436 1977 3533 2028 καὶ
3561 1977 3724 2044 ὑμεῖς’

2286 2070 2487 2139 Τυφλοὶ
2507 2070 2553 2121 δ’
2577 2069 2700 2122 ἐστὲ
2721 2069 2826 2139 νόῳ
2852 2068 3138 2139 βλεφάρων
3166 2066 3346 2120 πλέον.
3370 2061 3494 2120 Οἷσι
3528 2068 3634 2137 γὰρ
3653 2064 3809 2136 ἀνδρῶν

2298 2159 2629 2232 ’Δμπλακίαι
2671 2157 2956 2231 μίμνουσι,
2990 2159 3168 2229 μάτην
3192 2158 3418 2227 όρόωσιν
3449 2160 3705 2220 όπωπαίς.

2940 2272 3099 2325 ΚΕΦ.
3132 2273 3189 2325 1'.

2356 2386 2380 2440 1
2423 2385 2716 2458 Μάρτυρος
2750 2381 3136 2453 ἀστυφέλικτος
3169 2381 3315 2453 ἀμὴν
3340 2382 3485 2453 ἀμὴν
3512 2382 3663 2451 λόγος
3682 2379 3801 2443 ἔστω,

2288 2479 2386 2541 ’ος
2412 2493 2475 2531 κε
2506 2477 2790 2549 παρατξειε
2824 2472 2997 2548 θύρην
3022 2472 3278 2546 εὐερκέθς
3308 2475 3478 2544 αὐλῆς

2298 2567 2637 2638 Ἑνδομύχων
2660 2566 2966 2637 προϐάτων,
2999 2565 3091 2617 καὶ
3110 2563 3409 2636 ὑπέρτερος
3438 2563 3654 2617 ἄλλοθεν
3673 2561 3804 2631 ἕρπει,

2290 2659 2445 2729 113
2483 2660 2580 2723 Είς
2615 2657 2832 2727 σκολιὴν
2856 2655 3071 2725 ἀΐδηλον
3102 2655 3399 2725 έπηλυσίην
3427 2656 3732 2714 ἀναϐαίνων,

2286 2750 2530 2819 Ληῖστὴρ
2557 2747 2718 2801 πέλεν
2751 2741 2904 2809 οὗτος
2934 2745 3072 2817 ἀνὴρ
3102 2745 3347 2816 ληῖστορι
3377 2746 3589 2817 ταρσηῖν

2284 2840 2319 2893 2
2360 2843 2455 2903 Ὃς
2487 2840 2544 2893 δὲ
2578 2838 2753 2910 μολὼν
2797 2839 3114 2907 άγναμπτος
3147 2839 3205 2901 ἐς
3245 2836 3424 2890 αὔλιον
3456 2837 3620 2908 ὃρθος
3664 2835 3803 2891 ἱκάνει.

2286 2930 2496 3001 Ποιμὴν
2525 2924 2677 2994 οὗτος
2715 2929 2817 3000 ἔφυ
2851 2929 3206 3001 μηλοτρόφος.
3243 2930 3278 2984 '5
3319 2930 3699 3000 Ἐρχομένῳδὲ

2296 3024 2593 3094 Ἀμφαδίην
2629 3022 2883 3093 σταθμοῖο
2909 3022 3079 3094 θύρην
3110 3021 3394 3093 πυλαωρὸς
3420 3024 3646 3090 ἀνοίγει.

601 3122 714 3161 rem
745 3106 948 3163 Vocem
977 3110 1287 3177 audientes;
1320 3111 1387 3163 ad
1423 3113 1751 3167 vestibulum
1779 3122 1959 3169 autem
1992 3126 2175 3185 pastor

2282 3115 2444 3183 Μῆλα
2471 3115 2527 3167 δὲ
2552 3114 2886 3182 γινώσκοντα
2918 3113 3333 3185 περισκαῖρουσι
3357 3114 3557 3185 νομῆα,

600 3199 805 3270 Greges
846 3215 1068 3270 pascere
1111 3211 1302 3256 evocat
1340 3210 1600 3257 consueta
1647 3220 1798 3260 voce.
1839 3205 2007 3260 Extra
2035 3209 2177 3264 ovile

600 3300 779 3347 autem
834 3293 1129 3363 gestientes
1194 3310 1321 3350 oves
1375 3295 1545 3349 ducit.
1598 3295 1631 3349 ι
1680 3295 1934 3352 Educens
1990 3306 2173 3353 autem

595 3384 820 3453 quando
864 3400 1085 3439 omnem
1128 3388 1545 3458 congregaverit
1573 3387 1819 3443 ordinem
1858 3388 2061 3459 gregis,
2091 3390 2174 3445 Ad

601 3490 804 3544 pascua
850 3476 1180 3531 venientium
1227 3478 1407 3531 ovium
1458 3494 1765 3549 prazcursor
1803 3479 1985 3547 vadit;
2027 3478 2170 3535 Grex

599 3576 782 3622 autem
833 3568 1189 3625 multiformis
1233 3570 1552 3641 retrogrado
1602 3571 1737 3639 pede
1793 3571 2020 3635 incedit,
2083 3572 2168 3627 Ad

598 3658 814 3712 roscida
846 3668 996 3726 prata
1022 3675 1258 3728 sequens
1286 3668 1581 3730 pastorem.
1621 3660 1655 3715 5
1678 3659 2033 3731 Peregrinum
2074 3675 2171 3716 au-

596 3756 704 3800 tem
750 3763 861 3802 non
910 3750 1141 3803 audiunt
1169 3760 1224 3804 et
1256 3762 1392 3803 non-
1430 3757 1700 3805 noverunt
1752 3750 1943 3805 audire
1992 3751 2169 3806 Alieni

595 3837 846 3892 vocantis
876 3837 1254 3893 inconsuetam
1290 3838 1527 3908 pastoris
1559 3855 1768 3904 vocem,
1806 3839 1911 3896 Sed
1945 3850 2172 3911 praeter-

595 3934 818 3980 euntem
859 3930 1106 3997 spurium
1139 3928 1356 4000 fugiunt
1390 3938 1686 3999 pastorem.

664 4018 697 4072 6
732 4018 862 4074 Tale
900 4020 1124 4075 verbum
1170 4021 1416 4076 recitavit
1458 4022 1825 4091 proverbiale;
1870 4023 2016 4077 circa
2055 4036 2174 4076 ser-

594 4125 807 4165 monem
862 4121 1042 4166 autem
1101 4111 1341 4182 Populus
1376 4114 1690 4180 haesitabat,
1727 4122 1781 4170 et
1826 4132 1935 4170 non
1981 4112 2174 4168 didicit

593 4216 759 4271 prope
772 4200 999 4256 audiens
1016 4201 1268 4259 Christus
1283 4204 1513 4261 obscura
1532 4222 1654 4277 quzn
1670 4206 1807 4261 dixit
1819 4206 2002 4260 divina
2017 4216 2172 4259 voce.

2283 3204 2528 3275 Φθογγῆς
2546 3194 2816 3259 εἶσαΐοντα
2841 3224 2853 3236 ·
2886 3205 3035 3277 παρὰ
3064 3202 3382 3275 προθύροισι
3406 3203 3463 3256 δὲ
3493 3204 3694 3275 ποιμὴν

2284 3294 2441 3347 Πώεα
2474 3295 2777 3364 ποιμαίνειν
2807 3292 3191 3365 προκαλίζεται
3218 3292 3386 3362 ἦθάδι
3419 3295 3594 3361 φωνῇ.

2286 3382 2507 3436 Ἕκτοοι
2532 3383 2589 3436 δὲ
2618 3381 2875 3453 σταθμοῖο
2905 3381 3174 3453 γεγηθότα
3202 3382 3348 3451 μῆλα
3373 3381 3602 3451 κομίζει.

2281 3475 2315 3530 4
2364 3473 2677 3543 Ἐξαγαγὼν
2722 3474 2766 3526 δ’
2796 3474 2885 3527 ὅτε
2913 3475 3092 3527 πᾶσαν
3121 3472 3375 3545 ἀολλίσσῃ
3412 3473 3568 3542 στίχα
3598 3471 3807 3540 ποίμνης.

2291 3568 2378 3629 Ἐς
2407 3567 2568 3637 νομὸν
2590 3564 2900 3636 ἐρχομένων
2926 3562 3052 3619 ὀΐων
3087 3564 3449 3636 προκέλευθος
3476 3562 3645 3617 ὁδεύει

2280 3658 2491 3729 Ποίμνη
2525 3656 2569 3710 δ’
2599 3658 2962 3724 αἱολόμορφος
2991 3656 3339 3727 όπισθοπόρῳ
3372 3657 3491 3709 ποδὶ
3520 3655 3698 3727 βαίνει,

2278 3748 2373 3810 Εἰς
2399 3748 2691 3819 δροσεροὶις
2718 3747 2991 3815 λειμῶνας
3027 3746 3365 3816 ὀπηδεύουσα
3388 3748 3567 3818 νομῆῖ.

2280 3839 2313 3892 5
2342 3838 2523 3892 Ξείνου
2550 3836 2595 3888 δ’
2618 3839 2716 3891 οὐκ
2745 3839 2943 3902 άῖουσι,
2972 3838 3066 3891 καὶ
3094 3839 3153 3892 οὐ
3185 3837 3433 3891 δεδάασιν
3472 3837 3698 3899 ἀκούειν,

2293 3924 2595 3998 ’Δλλοτρίου
2633 3926 2919 3989 καλέοντος
2952 3925 3125 3997 ἀήθεα
3151 3926 3410 3996 ποιμένος
3447 3926 3627 3995 αὐδὴν,

2291 4019 2453 4073 Ἀλλὰ
2482 4020 2853 4089 παραϊσσοντα
2887 4018 3038 4071 νόθον
3068 4018 3330 4087 φεύγουσι
3368 4020 3565 4089 νομῆα,

2346 4109 2379 4165 6
2406 4110 2560 4162 Τοῖον
2584 4109 2713 4172 ἔπος
2735 4108 2991 4174 κατέλεξε
3016 4109 3389 4180 παράτροπον.
3432 4108 3592 4180 Ἀμφὶ
3616 4106 3667 4159 δὲ
3688 4102 3807 4177 μύὲφ

2280 4201 2424 4264 Λαδς
2453 4199 2853 4271 άμηχανέεσκε,
2884 4194 2978 4252 καὶ
3003 4199 3064 4253 οὐ
3103 4199 3271 4270 μάθεν
3304 4200 3469 4268 ἔγγὺς
3496 4197 3700 4253 ἀκούων

1793 4341 2077 4398 TEXTUS
2117 4340 2346 4397 EVANG
2356 4338 2645 4395 ELISTIE.

660 4481 727 4535 57
761 4473 895 4532 Εἶπε
928 4478 983 4532 δὲ
1012 4477 1159 4550 αὐτῷ
1180 4482 1209 4534 ό
1260 4482 1499 4553 Ἰησοῦς⁹
1548 4482 1658 4537 Kal
1691 4481 1943 4554 ἑώρακας
1983 4483 2167 4551 αὐτὸν,
2202 4490 2245 4546 ῖ)
2273 4485 2372 4553 τῆς
2407 4483 2577 4554 θύρας
2605 4484 2685 4546 εἰς
2719 4481 2816 4554 τὴν
2856 4482 3025 4554 αὐλὴν
3055 4482 3167 4535 τῶν
3198 4482 3505 4553 προϐάτων,
3552 4480 3674 4537 ἀλλὰ
3696 4476 3803 4533 ava-

592 4564 685 4619 καὶ
706 4568 733 4618 ό
760 4562 933 4617 λαλῶν
966 4564 1103 4634 μετὰ
1126 4564 1241 4630 σοῦ,
1273 4566 1478 4629 ἐκεῖνός
1508 4569 1674 4621 ἐστιν.

658 4650 726 4705 58
762 4649 819 4702 '0
848 4648 904 4702 δὲ
930 4648 1035 4721 εφη
1060 4664 1073 4678 ³
1109 4647 1376 4716 Πιστεύω,
1402 4650 1595 4722 Κύριε,
1630 4651 1723 4706 καὶ
1757 4651 2162 4724 προσεκύνησεν

587 4754 755 4789 αυτω.

658 4754 869 4873 ἔκηα
922 4815 1126 4870 εἷπενό
1166 4815 1405 4887 Ἰησοῦς·
1462 4816 1557 4881 Εἰς
1597 4820 1770 4889 κρῖμα
1809 4818 1919 4887 ἐγὼ
1964 4822 2042 4883 εἰς
2071 4819 2162 4872 τὸν

582 4903 790 4973 κόσμον
813 4900 1001 4953 τοῦτον
1024 4896 1188 4970 ἦλθον
1207 4917 1221 4933 ο
1273 4900 1359 4954 ἵνα
1398 4900 1447 4954 οἱ
1482 4900 1555 4972 μὴ
1580 4902 1867 4971 βλέποντες
1901 4902 2159 4972 βλέπωσι,

586 4987 678 5037 καὶ
703 4986 751 5037 οἱ
783 4984 1071 5053 βλέποντες
1104 4983 1294 5052 τυφλοὶ
1326 4984 1610 5053 γένωνται.

656 5068 725 5123 40
768 5068 877 5119 Kal
908 5067 1146 5137 ἤκουσαν
1194 5069 1258 5120 ἐκ
1289 5066 1395 5120 τῶν
1421 5066 1727 5136 Φαρισαίων
1773 5068 1945 5122 ταῦτα
1994 5070 2044 5123 ol
2072 5071 2159 5124 ὅν-

584 5166 673 5213 τες
704 5152 819 5220 μετ’
855 5149 1041 5216 αὑτοῦ,
1083 5151 1177 5204 καὶ
1212 5147 1365 5203 εἷπον
1395 5148 1579 5221 αὐτῷ*
1616 5150 1709 5223 Μὴ
1749 5151 1843 5203 καὶ
1877 5154 2036 5225 ἡμεῖς
2064 5172 2156 5207 τυ-

584 5233 703 5302 φλοί
733 5235 898 5304 ἐσμεν
920 5251 933 5299 ;

652 5318 713 5369 4|
752 5314 919 5369 Εἶπεν
952 5317 1132 5380 αὐτοῖς
1163 5318 1191 5369 ὀ
1230 5317 1436 5389 Ἰησοῦς
1462 5335 1475 5348 ⁸
1518 5321 1579 5374 El
1600 5323 1790 5391 τυφλοὶ
1815 5321 1932 5396 ἦτε,
1960 5323 2061 5375 οὐκ
2088 5322 2154 5376 ἂν

582 5400 757 5479 rixata
805 5402 1109 5473 ἁμαρτίαν
1161 5403 1253 5456 νῦν
1287 5402 1342 5455 δὲ
1375 5402 1560 5473 λέγετε
1581 5422 1594 5436 ’
1634 5405 1757 5462 Ὅτι
1787 5406 2083 5479 βλέπομεν·
2119 5408 2153 5478 ἡ

580 5478 675 5536 οὖν
696 5484 938 5554 ἁμαρτία
964 5483 1117 5537 ὑμῶν
1150 5483 1320 5550 μένει.
1540 5488 1549 5493 ”

1239 5607 1395 5661 ΚΕΦ.
1441 5612 1494 5664 l'.

660 5707 681 5759 ί
744 5708 912 5781 ’Δμὴν
947 5713 1091 5781 ἀμὴν
1131 5714 1272 5781 λέγω
1298 5715 1446 5785 ὑμῖν,
1471 5722 1498 5771 ό
1535 5720 1608 5788 μὴ
1653 5720 2032 5792 εἰσερχόμενος
2070 5721 2156 5777 διὰ

2265 4568 2464 4622 ϐαίνων
2491 4566 2806 4637 ἀλλαχόθεν,
2838 4568 3041 4629 ἐκεῖνος
3075 4565 3315 4636 κλέπτης
3345 4565 3467 4618 ἐστὶ
3502 4568 3589 4631 καὶ
3616 4562 3805 4634 λῃστής-

2333 4670 2370 4723 9.
2407 4670 2464 4721 ὐ
2494 4669 2551 4721 δὲ
2590 4669 2966 4741 εἰσερχόμενος
3003 4668 3093 4722 διὰ
3112 4669 3211 4739 τῆς
3247 4668 3438 4740 θύρας,
3479 4670 3674 4739 ποιμήν
3710 4668 3802 4717 ἐστι

2263 4752 2373 4805 τῶν
2410 4751 2721 4820 προϐάτων.

2333 4845 2367 4898 ’5
2396 4842 2582 4913 Τούτῳ
2610 4845 2637 4896 ό
2671 4843 2916 4914 θυρωρὸς
2941 4846 3168 4914 ἀνοίγει,
3204 4846 3298 4899 καὶ
3348 4843 3418 4898 τὰ
3460 4840 3693 4915 πρόϐατα
3724 4836 3806 4903 τίς

2263 4928 2447 4999 φωνῆς
2504 4926 2668 4980 αὑτοῦ
2713 4926 2935 4980 ἀκούει·
2991 4930 3085 4981 καὶ
3128 4928 3198 4981 τὰ
3244 4928 3351 4981 ῐδια
3400 4928 3641 4998 πρόϐατα
3680 4919 3805 4975 itali?

2265 5013 2387 5067 κατ’
2419 5010 2610 5080 ὄνομα,
2640 5009 2733 5064 καὶ
2760 5010 2947 5079 ἐξάγει
2974 5013 3135 5066 αὑτά.

2336 5116 2369 5170 4
2411 5112 2515 5167 Kal
2544 5114 2672 5167 ὅταν
2715 5112 2785 5166 τὰ
2837 5114 2945 5168 ῐδια
2989 5115 3233 5187 πρόϐατα
3275 5114 3502 5186 ἐκϐάλῃ,
3543 5105 3804 5183 ἔμπροσθεν

2253 5199 2440 5253 ἀὐτῶν
2487 5196 2812 5269 πορεύεταιο
2849 5199 2942 5251 καὶ
2980 5201 3048 5253 τά
3081 5200 3327 5271 πρόϐατα
3365 5198 3515 5269 αὐτῷ
3545 5189 3805 5251 ἀκολουθεῖ.

2260 5284 2341 5336 ὅτι
2365 5282 2537 5335 οἴδασι
2564 5281 2660 5352 τὴν
2683 5279 2863 5353 φωνὴν
2891 5280 3076 5339 αὑτοῦ.
3374 5322 3375 5325 η

2330 5377 2363 5432 5
2406 5375 2696 5461 Ἀλλοτρίῳ
2730 5377 2787 5431 δὲ
2825 5379 2896 5461 ,οὐ
2932 5379 3010 5449 μὴ
3054 5376 3512 5461 άκολουθήσωσιν,
3544 5372 3668 5461 ἀλλὰ

2260 5461 2437 5526 ξονται
2469 5460 2562 5514 ἀπ’
2592 5461 2754 5515 αὑτοῦ
2774 5477 2789 5493 ο
2818 5459 2901 5515 ὅτι
2939 5462 3038 5516 οὐκ
3070 5463 3242 5516 οἴδασι
3276 5461 3384 5514 τῶν
3416 5456 3691 5530 ἀλλοτρίων
3719 5456 3805 5514 τὴν

2259 5545 2464 5616 φωνήν.
3733 5619 3754 5629 ﬂ

2329 5640 2362 5694 6
2388 5638 2602 5712 Ταύτην
2653 5640 2750 5711 τὴν
2798 5641 3095 5711 παροιμίαν
3145 5634 3296 5692 εἶπεν
3330 5636 3514 5699 αὐτοῖς
3545 5634 3571 5686 ὀ
3611 5633 3805 5699 Ἰησωςι

2261 5726 2456 5779 ἐκεῖνοι
2488 5723 2544 5778 δὲ
2573 5725 2671 5779 οὐκ
2707 5724 2948 5796 ἔγνωσαν
2980 5725 3098 5778 τίνα
3128 5719 3194 5795 ἦν
3224 5723 3259 5779 ἃ,
3283 5722 3459 5776 ἐλάλει
3484 5719 3677 5780 αὐτοῖς.

2286 5852 2307 5855 -ν
2332 5850 2437 5859 ν-η.ν--ν
