3956 6202
215 182 323 239 835

218 295 455 388 Χριστὸς
486 296 787 388 ἀσημάντῳ
815 303 991 374 τάπερ
1015 305 1202 363 ἔννεπε
1229 312 1440 368 Θέσπιδι
1467 319 1640 388 φωνῇ.

289 385 321 435 7
359 384 567 454 Ἰησοῦς
587 386 634 439 δ’
663 389 925 460 ἀγόρευεν
954 393 1195 470 ἀριζήλῳ
1223 403 1328 455 τινι

218 476 494 569 Πάνδοκός
517 479 796 552 είμιθύρη
821 484 1111 553 προϐάτων
1156 491 1516 562 πολυκανδέος
1540 496 1730 569 αὐλῆς.

214 567 248 618 8
273 567 494 661 Πάντες
524 569 638 623 ὅσοι
670 571 847 642 πάρος
873 569 1040 645 ἦλθον
1063 579 1456 639 ὑποκλέπτοντι
1486 567 1706 661 πεδίλῳ,

212 658 406 730 Φῶρες
428 660 560 716 ἔσαν
590 662 865 729 δολόεντες
888 683 901 696 ·
929 668 1056 723 ὅθεν
1077 670 1320 746 ληΐστορι
1353 680 1504 749 φωνῇ

212 751 409 804 Αὐτῶν
441 751 832 825 φθεγγομένων
857 759 959 814 οὑκ
985 761 1144 817 ἔκλυε
1176 765 1330 822 πώεα
1358 769 1614 841 ποίμνης.

209 843 248 932 O
288 842 566 908 Πάνδοκός
591 847 708 917 είμι
737 847 875 921 θύρη
911 853 1240 922 μηλοσσόος·
1270 859 1541 932 ἡμετέρης
1568 862 1624 915 δὲ

210 931 316 1022 "Oc
351 951 447 988 κεν
472 934 566 990 ίὼν
588 936 652 990 δι’
680 939 834 1009 ὲμεϊο
863 941 1036 1015 θύρην
1067 947 1392 1004 ὑποδύσεται
1419 953 1621 1022 αὐλῆς,

210 1017 389 1088 Οὗτος
422 1024 534 1080 ἔσω
566 1029 786 1100 στείχει,
817 1033 913 1087 καὶ
937 1035 1245 1107 ὑπότροπος
1269 1037 1423 1106 αὖτις
1448 1017 1639 1109 ὁδεύει,

211 1115 328 1168 Καὶ
359 1116 523 1187 νομὸν
554 1120 797 1191 εὑρήσει,
835 1123 929 1178 καὶ
956 1126 1171 1202 ἀείσοος
1196 1129 1412 1186 ἔσσεται
1443 1133 1601 1205 ἀνήρ.

215 1206 288 1260 10
314 1209 567 1281 Δηῖστηρ
591 1210 638 1263 δ’
667 1212 883 1284 ἀΐδηλος
910 1217 969 1280 ὲς
991 1216 1170 1273 αὔλιον
1201 1220 1394 1276 οὔποτε
1426 1221 1620 1292 βαίνει,

212 1299 280 1351 Et
311 1297 390 1369 μὴ
415 1300 502 1352 ἵνα
521 1301 772 1372 κλέψειεν
811 1305 1149 1380 άμάρτυρος,
1181 1310 1213 1382 ἢ
1250 1312 1344 1366 καὶ
1368 1313 1584 1385 ὀλέσσῃ,

223 1389 322 1442 Ἦὲ
344 1390 692 1461 διατμήξειεν
719 1395 930 1463 ἀφειδέἲ
970 1399 1113 1470 μῆλα
1147 1402 1410 1477 μαχαίρῃ.

207 1479 408 1551 Λύτάρ
436 1481 546 1548 ἐγὼ
571 1483 720 1556 παρά
745 1486 975 1558 Πατρὸς,
1009 1490 1159 1555 ὅπως
1189 1492 1298 1562 ὲμά
1326 1494 1472 1565 μῆλα
1503 1494 1719 1561 σαώσω,

213 1571 454 1626 Ἥλυθον
479 1591 494 1606 ·
535 1573 681 1648 ὄφρα
707 1577 920 1650 λάχοιεν
948 1583 1218 1656 ἀλωφήτῳ
1241 1587 1349 1639 τινὶ
1377 1591 1509 1661 τιμῇ

211 1662 375 1733 Ζωὴν
402 1664 724 1738 ὲσσομένην,
750 1669 849 1741 τὴν
878 1673 939 1724 οὑ
971 1675 1162 1744 χρόνος
1191 1671 1330 1730 οῐδεν
1352 1677 1589 1740 ὀλέσσαι,

1196 193 1676 255 PARAPIIRASIS
1713 198 1778 253 IN
1817 199 2156 263 JOANNEM.
2195 236 2262 248 --
2291 206 2442 262 CAP.
2484 207 2552 266 Χ.

3375 225 3484 283 834

1838 325 1879 379 Λ
1975 323 2006 374 7
2034 321 2192 379 Jesus
2217 334 2396 381 autem
2423 325 2560 382 dixit
2589 327 2785 384 illustri
2808 331 3041 400 quodam
3070 348 3352 394 sermone:
3379 340 3484 396 llo.

1906 415 2098 486 Spirale
2114 433 2233 473 sum
2252 421 2452 476 ostium
2469 422 2650 478 ovium
2670 426 3014 494 capacissimi
3033 430 3215 487 ovilis.
3231 431 3264 486 8
3278 431 3481 491 Omnes

1904 521 2170 584 quotquot
2209 524 2368 574 antea
2419 529 2685 576 venerunt
2730 525 3040 579 occultante
3093 527 3249 595 pede,
3307 527 3482 588 Fures

1902 616 2057 662 erant
2075 610 2270 676 dolosi,
2284 613 2427 668 unde
2442 615 2742 684 prtedatitia
2760 633 2891 675 voce
2907 617 3055 688 Ipsos
3072 619 3357 689 loquentes
3369 639 3479 678 non

1901 702 2226 760 audiverunt
2261 723 2470 780 greges.
2510 710 2542 764 9
2569 708 2769 766 Omnes
2801 713 3072 782 recipiens
3102 731 3223 768 sum
3253 717 3476 784 ostium,

1900 814 2029 857 oves
2061 818 2314 871 servans;
2345 811 2526 866 nostri
2581 815 2764 864 autem
2791 808 3115 880 Quicunque
3143 811 3348 867 vadens
3382 830 3480 883 per

1899 910 1986 951 me
2033 897 2234 954 ostium
2265 901 2705 966 suliierit’ovilis,
2758 901 2858 956 Hie
2897 905 3084 967 intrat,
3126 912 3180 959 et
3225 923 3477 965 reversus

1898 993 2096 1048 iterum
2119 995 2337 1062 incedit,
2357 997 2423 1051 Et
2447 1014 2646 1068 pascua
2675 1001 2934 1064 inveniet,
2961 1008 3015 1055 et
3041 1016 3258 1072 semper
3287 1006 3478 1062 vivens

1898 1091 2002 1147 erit
2030 1093 2132 1149 vir.
2166 1095 2232 1150 10
2260 1093 2448 1149 Praedo
2475 1103 2657 1152 autem
2689 1111 2901 1152 nocuus
2932 1097 2988 1152 in
3019 1099 3161 1152 ovile
3195 1115 3476 1170 nunquam

1897 1187 2131 1256 scandit,
2151 1187 2266 1245 Nisi
2290 1197 2349 1245 ut
2379 1189 2590 1246 furetur
2624 1191 2744 1248 sine
2775 1199 2910 1248 teste
2939 1191 3012 1263 [id
3029 1200 3142 1257 est,
3177 1193 3363 1266 clam],
3392 1196 3477 1250 vel

1899 1283 2126 1350 perdat,
2170 1283 2266 1341 Vel
2320 1285 2596 1356 discerpat
2641 1301 2752 1342 non
2798 1294 3056 1356 parcente
3099 1303 3228 1343 oves
3271 1289 3474 1357 gladio.

1897 1377 2004 1434 Sed
2049 1395 2150 1452 ego
2179 1398 2209 1437 a
2241 1382 2421 1447 Patre,
2456 1393 2516 1439 ut
2547 1401 2700 1441 meas
2739 1401 2871 1441 oves
2919 1401 3154 1451 servem,
3211 1384 3370 1452 Veni,
3417 1399 3478 1442 ut

1893 1476 2178 1545 acquirunt
2219 1479 2568 1540 indesinente
2609 1483 2846 1554 quadam
2884 1483 3058 1554 gloria
3105 1481 3283 1537 Vitam
3329 1483 3478 1539 futu-

1895 1587 2036 1638 ram,
2068 1591 2232 1645 quam
2267 1586 2485 1650 tempus
2521 1582 2697 1636 nescit
2739 1581 2987 1651 perdere,
3023 1581 3180 1651 115
3206 1581 3273 1635 Et
3300 1582 3478 1638 abun-

1823 1672 1870 1726 B
1895 1666 2117 1728 dantius
2155 1673 2390 1730 habeant
2425 1677 2619 1747 magis.
2667 1677 2726 1730 11
2765 1675 2898 1730 Sum
2941 1685 3121 1731 autem
3156 1687 3346 1747 pastor
3375 1679 3480 1733 Bo-

212 1753 259 1821 ι
272 1753 446 1826 1411
471 1757 564 1810 Ἢὲ
584 1760 840 1828 περισσὸν
856 1761 1028 1832 ἔχοιεν
1052 1765 1367 1838 ὑπέρτερον.
1382 1769 1510 1841 Είμὶ
1522 1770 1579 1823 δὲ
1597 1767 1762 1841 ποιμὴ

1903 1781 2010 1821 nus
2038 1784 2172 1840 ego;
2209 1779 2398 1841 pastor
2441 1779 2620 1826 autem
2664 1772 2842 1828 bonus
2868 1786 2996 1828 oves
3026 1775 3364 1838 custodiens,
3412 1772 3479 1827 Et

210 1843 393 1907 Καλὸς
416 1843 528 1912 ἐγώ
549 1862 564 1878 ·
592 1847 794 1920 ποιμὴν
813 1850 871 1904 δὲ
899 1851 1060 1918 καλὸς
1093 1855 1220 1924 περὶ
1245 1855 1389 1926 μῆλα
1416 1859 1724 1927 φυλάσσων,

213 1933 322 1987 Καὶ
355 1935 536 2006 ψυχῆς
569 1937 706 2010 ίδίης
731 1941 792 1995 οὑ
820 1943 1079 2011 φείδεται,
1103 1945 1239 2000 ἀλλά
1268 1947 1300 2000 ὲ
1327 1947 1482 2019 θήσει

441 2027 543 2080 ἑῶν
565 2029 716 2120 δίων.
733 2031 820 2094 13,
849 2033 917 2088 15
938 2035 994 2091 ⁸0
1009 2036 1064 2090 δὲ
1087 2036 1297 2107 μίσθιος
1315 2039 1378 2093 οὑ
1410 2039 1534 2094 πέλε
1560 2045 1762 2120 ποιμὴν
1777 2060 1790 2076 ·

207 2115 372 2183 Δήῖον
402 2115 786 2185 ἀγχικέλευθον
815 2121 936 2175 ίδὼν
965 2122 1127 2178 λύκον
1154 2126 1378 2198 ἅρπαγα
1411 2129 1614 2200 μήλων,

209 2208 474 2277 Κρυπτὸς
495 2209 817 2277 ἀλυσκάζων
839 2213 1147 2280 ὑποδύεται,
1179 2218 1307 2284 ὀξὺς
1334 2220 1500 2286 ὲάσας

211 2301 566 2372 Βοσκομένων
589 2305 876 2375 ἀφύλακτα
909 2307 1226 2365 πολύπλανα
1257 2311 1407 2365 πώεα
1443 2315 1656 2383 μήλων·

209 2393 467 2463 Κρυπτὸς
487 2395 805 2462 ἀλυσκάζων
839 2399 1153 2455 ὑποδύεται·
1188 2404 1288 2457 οὑκ
1312 2404 1493 2472 ἀλέγει
1521 2405 1578 2459 δὲ

205 2483 414 2553 Μήλων
437 2485 748 2559 ἀλλοτρίων,
776 2489 858 2544 δτι
894 2491 1104 2561 μίσθιος
1127 2493 1288 2558 αὐτὸς
1316 2494 1522 2550 ἀκούει.

203 2575 320 2628 Καὶ
346 2574 507 2640 λύκος
535 2578 903 2651 ἀγκυλόμητις
928 2581 1215 2654 ἐπέρχεται
1245 2583 1454 2656 ἀρπαγι
1481 2587 1663 2659 λαιμῷ

201 2663 372 2734 Μῆλα
391 2665 766 2732 διασκεδάσας,
798 2672 1136 2744 σημάντορος
1165 2674 1225 2726 οὑ
1253 2675 1572 2746 παρεόντος.

208 2755 298 2817 1-1,
325 2756 394 2810 15
418 2758 626 2830 Ποιμὴν
655 2759 820 2824 καλὸς
847 2760 1004 2831 ἔφυν,
1031 2763 1126 2816 καὶ
1151 2763 1304 2818 πώεα
1322 2765 1463 2818 καλά
1493 2765 1724 2836 νομεύω.

204 2845 468 2900 Γινώσκω
496 2848 542 2902 δ’
565 2849 675 2919 ὲμά
699 2850 862 2921 μῆλα,
893 2855 986 2907 καὶ
1012 2853 1185 2925 ἠθάδα
1212 2856 1556 2928 μηλοϐοτῆρα

202 2934 397 2988 Ταῦτά
428 2953 494 3006 με
523 2938 881 3005 γινώσκουσιν
906 2943 1005 3013 ίσῳ
1034 2943 1310 3012 διδυμάονι
1333 2945 1549 3016 θεσμῷ·

213 3025 304 3089 Ὡς
327 3025 559 3099 Γενέτης
579 3029 714 3082 νοέει
738 3047 827 3100 με,
859 3033 952 3086 καὶ
978 3033 1054 3097 ὡς
1080 3033 1216 3088 νοέω
1233 3034 1521 3106 Γενετῆρα.

203 3117 403 3188 Ψυχὴν
426 3117 472 3170 δ’
495 3119 769 3191 ἡμετέρην
791 3121 920 3175 όῒων
958 3122 1100 3195 ὓπερ
1121 3125 1316 3178 αὐτίκα
1347 3126 1528 3197 θήσω.’

207 3205 272 3260 16
292 3207 453 3261 Ἐστι
481 3209 600 3278 μὲν,
613 3208 728 3264 ἐστι
751 3213 845 3266 καὶ
871 3213 1005 3268 ἄλλα
1035 3214 1345 3285 πολύτροπα
1362 3215 1511 3272 πώεα
1535 3216 1786 3289 ποίμνης,

205 3294 428 3371 Ταύτης
457 3299 518 3352 ού
544 3301 798 3371 γεγαῶτα
827 3304 956 3377 μιῆς
985 3303 1333 3376 θεοδέγμονος
1359 3307 1548 3378 αὐλῆς,

219 3388 506 3462 Ἀλλογενῆ
530 3409 543 3423 ·
569 3392 663 3446 καὶ
689 3393 862 3448 ταῦτα
890 3393 1040 3448 πέλει
1068 3396 1228 3467 χρέος
1259 3396 1336 3460 ὣς
1359 3414 1452 3450 κεν
1472 3397 1676 3469 ἀγείρω

209 3478 464 3550 Φθογγῆς
491 3481 770 3555 ἡμετέρης
805 3485 1068 3556 ἀριήκοα·
1101 3491 1194 3541 καὶ
1221 3488 1318 3558 μία
1343 3489 1543 3559 ποίμνη

213 3567 469 3624 Ἐσπται
500 3571 890 3643 ἀμφοτέρωθεν
914 3574 1034 3637 ἑνὸς
1059 3575 1352 3631 τελέθουσα
1374 3578 1596 3648 ωμῆος.

208 3661 273 3741 17
300 3661 457 3715 Τοῦδ’
488 3662 672 3716 ἕνεκεν
699 3663 870 3732 φιλέει
921 3682 988 3735 με
1017 3666 1202 3738 Πατὴρ
1225 3667 1376 3737 ἐμὸς,
1405 3668 1602 3722 οὔνεκα
1637 3667 1786 3741 θήσω

203 3739 397 3822 ἱὶύχὴν
425 3750 698 3822 ἡμετέρην
728 3751 854 3806 ὀΐων
885 3751 1045 3824 ὑπερ,
1070 3753 1215 3825 όφρα
1239 3770 1332 3823 μιν
1352 3755 1491 3825 αἴρω

210 3840 298 3903 Εἰς
319 3841 422 3910 ἐμὲ
456 3840 810 3911 νεισσομένην
831 3842 1223 3914 παλινάγρετον
1238 3859 1252 3875 ·
1277 3843 1344 3898 18
1362 3842 1484 3897 οὐδέ
1508 3859 1592 3905 τις
1613 3842 1783 3913 αὐτὴν

209 3929 416 4003 εεσμδς
442 3933 752 4003 ἀφαιρεῖταί
786 3951 854 4006 με
887 3933 1178 4004 γενέθλιος,
1209 3935 1270 3990 οὑ
1300 3935 1488 4006 χρόνος
1521 3934 1731 4007 ἕρπων,

1897 1861 2024 1917 vita:
2053 1866 2288 1934 propriae
2319 1882 2428 1921 non
2464 1869 2660 1937 parcit,
2696 1867 2789 1921 sed
2825 1867 2999 1936 ipsam
3034 1875 3197 1936 ponet
3230 1867 3474 1924 Pretium

1895 1956 2284 2030 redemptionis
2313 1977 2414 2032 pro
2445 1963 2562 2018 suis
2594 1962 2807 2018 ovibus.
2868 1963 2953 2029 12,
2987 1962 3054 2017 15
3095 1963 3474 2019 Μοτοεηοι·ῖυε

1895 2060 2076 2109 autem
2117 2070 2226 2109 non
2258 2063 2344 2110 est
2400 2053 2888 2129 pastor;llostilem
2903 2054 3264 2128 prepinquum
3285 2059 3473 2114 videns

1893 2149 2081 2220 lupum
2128 2159 2401 2224 raptorem
2435 2153 2642 2219 ovium,
2676 2155 2941 2211 Occultus
2973 2154 3186 2227 fugiens
3217 2155 3473 2211 subducit

1892 2260 1972 2309 se,
2030 2247 2174 2303 celer
2230 2249 2548 2320 relinquens
2603 2249 2953 2308 Pascentium
3007 2268 3114 2306 non
3165 2251 3474 2306 custoditos

1890 2342 2120 2396 multum
2166 2352 2414 2400 errantes
2457 2361 2649 2417 greges
2699 2348 2903 2402 ovium.
2947 2347 3212 2402 Occultus
3258 2346 3474 2417 fugiens

1890 2437 2148 2495 subducit
2194 2455 2291 2506 se;
2328 2457 2436 2496 non
2487 2453 2644 2500 curat
2692 2451 2820 2500 ante
2872 2441 3014 2498 Oves
3063 2442 3294 2506 alienas,
3344 2443 3474 2512 quia

1890 2537 2268 2593 mercenarius
2311 2537 2430 2608 ipse
2480 2537 2702 2592 dicitur.
2751 2537 2816 2594 Et
2855 2539 3017 2608 lupus
3069 2547 3327 2592 versutus
3381 2551 3474 2606 ag-

1888 2630 2136 2698 greditur
2190 2633 2374 2703 rapaci
2420 2642 2641 2704 gutture
2691 2632 2836 2689 Ovcs
2884 2633 3197 2703 dissipans,
3248 2639 3473 2701 pastore

1886 2741 1997 2781 non
2027 2736 2318 2797 praesente.
2349 2729 2436 2790 M,
2472 2728 2540 2782 15
2567 2729 2762 2784 Pastor
2791 2730 2970 2785 bonus
3002 2745 3146 2793 sum,
3190 2736 3245 2784 et
3277 2743 3473 2800 greges

1887 2822 2066 2878 bonos
2095 2838 2285 2892 pasco.
2315 2822 2604 2894 Cognosce
2653 2830 2836 2878 autem
2879 2837 3031 2879 meas
3071 2837 3228 2888 oves,
3255 2831 3309 2878 et
3337 2837 3471 2880 con-

1886 2927 2106 2974 suetum
2147 2919 2441 2989 upilionem
2485 2918 2590 2974 illae
2631 2933 2716 2974 me
2751 2926 3092 2988 cognoscunt
3136 2918 3331 2988 aequali
3375 2917 3472 2972 du.

1823 3023 1867 3080 (ζ
1900 3013 2026 3082 plici
2060 3013 2216 3084 lege:
2249 3012 2403 3069 Sicut
2429 3015 2589 3069 Pater
2618 3014 2769 3068 novit
2804 3028 2911 3079 me,
2951 3022 3011 3067 et
3031 3013 3175 3070 sicut
3207 3011 3332 3068 novi
3369 3012 3472 3066 Pa-
3511 3065 3514 3067 _

1893 3116 2054 3167 trem.
2085 3109 2264 3165 Vitam
2299 3121 2480 3166 autent
2513 3119 2756 3168 nostram
2795 3125 2896 3179 pro
2928 3111 3127 3165 ovibus
3161 3110 3348 3165 statim
3378 3124 3471 3180 po-

1891 3222 2044 3262 nam.
2077 3207 2144 3262 16
2168 3207 2310 3263 Sunt
2339 3222 2474 3262 vero.
2499 3215 2552 3263 et
2576 3208 2666 3262 alii
2700 3208 2837 3262 varii
2869 3223 3080 3278 greges,
3110 3209 3189 3262 Ex
3230 3207 3333 3262 hoc
3357 3221 3467 3262 non

1889 3311 1996 3366 orti
2028 3327 2136 3368 uno
2163 3311 2333 3368 Deum
2373 3311 2674 3381 recipiente
2703 3312 2869 3378 ovili,
2897 3311 3249 3382 Alienigena;
3289 3320 3342 3366 et
3369 3311 3470 3367 hos

1887 3421 1974 3471 est
2005 3429 2234 3470 necesse
2267 3423 2325 3469 ut
2349 3430 2678 3487 congregem
2699 3413 2904 3470 Vocem
2937 3423 3125 3470 nostra
3166 3423 3323 3470 acute
3372 3429 3471 3470 au-

1887 3515 2132 3580 dientes;
2167 3523 2222 3572 et
2254 3532 2402 3571 unus
2423 3531 2554 3586 grex
2579 3515 2695 3570 Erit
2721 3517 2982 3586 utrinque
3011 3516 3173 3572 unius
3194 3517 3469 3572 exsistens

1885 3620 2148 3690 pastoris.
2184 3619 2251 3672 17
2299 3617 2530 3690 Propter
2573 3618 2679 3674 hoe
2725 3618 2902 3689 diligit
2952 3634 3041 3673 me
3084 3616 3247 3673 Pater
3289 3634 3464 3683 meus,

1891 3725 2034 3794 quod
2065 3738 2259 3794 ponam
2297 3721 2478 3776 Vitam
2519 3733 2762 3777 nostram
2806 3736 2905 3792 pro
2947 3721 3162 3786 ovibus,
3198 3729 3257 3774 ut
3290 3721 3464 3790 ipsam

1891 3829 2152 3898 accipiam
2177 3827 2256 3882 Ad
2282 3843 2366 3881 me
2388 3827 2703 3882 redeuntem
2726 3842 2921 3882 rursus
2948 3826 3230 3882 collectam
3255 3847 3267 3883 :
3290 3827 3353 3882 l8
3370 3842 3465 3884 ne~

1889 3949 1994 4005 que
2017 3931 2304 4002 ullaipsam
2323 3929 2449 3986 mihi
2465 3929 2575 3986 Lex
2592 3930 2996 4002 aufertnatalis,
3014 3949 3120 3990 non
3137 3945 3353 4002 tempus
3377 3948 3464 3988 re-

1398 4108 1678 4167 TEXTUS
1715 4103 2245 4164 EVANGELISTIE.

272 4268 309 4322 7
339 4263 511 4322 Εἶπεν
543 4263 635 4323 οῦν
665 4270 827 4326 πάλιν
866 4270 1048 4334 αὐτοῖς
1081 4271 1109 4324 6
1150 4272 1390 4343 Ἰησοῦς·
1428 4271 1599 4342 Ἀμὴν
1636 4270 1781 4343 ἀμὴν
1811 4274 1859 4333 D
1884 4271 1948 4325 ού
1975 4269 2128 4342 μέλει
2156 4268 2312 4340 αὐτῷ
2338 4269 2464 4341 περὶ
2494 4269 2606 4326 τῶν
2632 4269 2941 4342 προϐάτων.

199 4352 348 4419 λέγω
378 4352 529 4422 ὑμῖν,
560 4353 641 4406 ὅτι
662 4353 772 4422 ἐγώ
801 4355 914 4424 εἰμι
949 4355 983 4425 ἡ
1015 4353 1154 4425 θύρα
1185 4356 1292 4407 τῶν
1331 4354 1638 4424 προϐάτων.

270 4437 304 4490 8
333 4436 541 4498 Πάντες
569 4437 683 4489 ὅσοι
728 4437 836 4508 πρὸ
877 4436 1011 4508 ἐμοῦ
1048 4433 1229 4507 ἦλθον,
1259 4436 1488 4490 κλέπται
1538 4437 1644 4490 eiul.
1690 4437 1783 4491 καὶ

200 4517 397 4589 λῃσταί
416 4537 431 4551 ·
467 4521 581 4574 ἀλλ’
606 4522 708 4576 οὑκ
733 4523 970 4592 ἥκουσαν
998 4520 1178 4576 αὑτῶν
1205 4519 1274 4573 τά
1302 4519 1570 4590 πρόϐατα.

271 4602 305 4656 9
523 4605 638 4674 είμι
685 4606 718 4675 ἠ
770 4603 942 4674 θύρα·
994 4602 1062 4656 δι’
1099 4601 1234 4673 ἐμοῦ
1285 4601 1380 4654 ὲάν
1411 4617 1496 4664 τις
1529 4600 1742 4672 εισέλθῃ
1766 4641 1780 4664 ,

199 4685 539 4757 σωθήσεται·
593 4687 688 4742 καὶ
731 4685 1092 4741 εἰσελεύσεται
1135 4685 1230 4740 καὶ
1282 4683 1641 4751 ἐξελεύσεται,
1687 4685 1780 4739 καὶ

200 4769 374 4838 νομὴν
407 4770 650 4840 εὑρήσει.

268 4851 342 4904 1ο
379 4851 438 4905 Ὀ
471 4852 713 4922 κλέπτης
746 4852 849 4906 οὑκ
879 4852 1101 4922 ἔρχεται
1142 4852 1193 4904 εί
1228 4848 1300 4922 μὴ
1349 4849 1435 4902 ἵνα
1470 4849 1646 4922 κλέψῃ
1687 4851 1782 4904 καὶ

197 4931 342 5006 θύσῃ
384 4933 478 4988 καὶ
512 4935 749 5007 ἀπολέσῃ
769 4952 782 4966 ·
815 4934 926 5003 ἑγὼ
959 4929 1123 5004 ἦλθον
1167 4933 1255 4986 ἵνα
1283 4929 1432 5001 ζωὴν
1470 4929 1654 5000 ἔχωσι,
1690 4932 1783 4984 καὶ

199 5017 464 5083 περισσὸν
497 5016 714 5086 ἔχωσιν.

269 5097 338 5156 il
384 5098 524 5166 Ἐγώ
547 5101 664 5170 είμι
689 5101 718 5153 6
749 5098 950 5170 ποιμὴν
985 5100 1014 5153 6
1047 5098 1232 5162 καλός.
1266 5098 1328 5152 'O
1365 5098 1566 5169 ποιμὴν
1610 5097 1640 5150 6
1680 5112 1782 5149 κα-

195 5179 289 5243 λδς
318 5179 420 5251 τὴν
450 5181 630 5253 ψυχὴν
657 5182 820 5236 αὑτοῦ
853 5182 1064 5252 τίθησιν
1095 5182 1232 5252 ὑπὲρ
1257 5182 1364 5236 τῶν
1403 5181 1710 5252 προϐάτων.

272 5261 345 5314 12
377 5263 434 5314 Ὀ
469 5263 734 5331 μισθωτὸς
757 5265 836 5328 δὲ,
868 5264 962 5317 καὶ
990 5263 1089 5316 οὑκ
1112 5263 1187 5316 ὣν
1221 5265 1442 5335 ποιμὴν,
1471 5258 1531 5317 οὗ
1555 5262 1652 5317 οὑκ
1676 5258 1784 5314 eici

194 5344 267 5396 τᾶ
305 5344 553 5414 πρόϐατα
600 5347 727 5410 ίδια,
766 5347 964 5416 θεωρεῖ
1003 5345 1100 5399 τὸν
1140 5344 1302 5401 λύκον
1338 5347 1649 5418 ιρχὸμενον,
1690 5343 1784 5397 καὶ

197 5426 398 5496 ἀφίησι
427 5427 497 5481 τὰ
526 5429 792 5498 πρόϐατα,
824 5430 920 5484 καὶ¹
957 5422 1180 5498 φεύγει·
1215 5430 1308 5483 καὶ
1347 5431 1376 5485 6
1414 5430 1576 5495 λύκος
1609 5426 1784 5500 ἀρπά-

195 5509 284 5574 {at
317 5509 478 5573 αὑτὰ,
511 5512 606 5564 καὶ
637 5512 920 5584 σκορπίζει
947 5512 1015 5565 τά
1043 5511 1307 5583 πρόϐατα.

273 5591 346 5647 13
381 5593 440 5649 '0
468 5592 526 5647 δὲ
565 5594 831 5666 μισθωτὺς
861 5595 1071 5664 φεύγει,
1102 5597 1183 5650 ὅτι
1222 5596 1652 5668 μισθωτόςὲστι,
1691 5599 1785 5651 καὶ

1953 4369 2021 4439 1-1
2061 4366 2200 4436 Ἐγώ
2234 4368 2346 4438 εἰμι
2384 4370 2412 4421 6
2447 4368 2650 4439 ποιμὴν
2690 4369 2718 4421 6
2757 4369 2938 4433 καλὸς,
2975 4367 3066 4422 καὶ
3100 4368 3353 4438 γινώσκω
3395 4369 3463 4424 τὰ

1887 4438 2015 4526 ὲμὰξ
2041 4452 2135 4505 καὶ
2172 4450 2510 4520 γινώσκομαι
2537 4438 2641 4504 ὑπὸ
2666 4450 2775 4504 τῶν
2799 4452 2967 4523 ἐμῶν.

1953 4547 2021 4603 15
2053 4547 2246 4610 Καθὼς
2288 4545 2543 4614 γινώσκει
2588 4564 2655 4617 με
2696 4549 2724 4600 6
2763 4548 2983 4618 Πατὴρ,
3020 4547 3173 4615 κάγὼ
3195 4548 3464 4617 ’γινώσκω

1881 4631 1972 4684 τὸν
2003 4630 2254 4702 Πατέρα·
2300 4629 2396 4685 καὶ
2440 4629 2540 4702 τὴν
2577 4629 2755 4702 ψυχήν
2798 4647 2899 4701 μου
2934 4629 3125 4700 τίθημι
3172 4631 3312 4702 ὑπὲρ
3354 4634 3462 4685 τῶν

1883 4712 2190 4784 προϐάτων.

1953 4810 2020 4864 16
2050 4809 2154 4864 Καὶ
2181 4808 2315 4863 ἄλλα
2338 4808 2584 4880 πρόϐατα
2614 4807 2743 4880 ἔχω,
2774 4808 2812 4864 ἃ
2847 4809 2947 4863 οὑκ
2972 4809 3118 4864 ἐστιν
3149 4810 3215 4864 ἐκ
3246 4809 3344 4879 τῆς
3365 4809 3463 4862 αὑ-

1882 4893 1980 4966 λῆς
2001 4892 2234 4964 ταύτης·
2268 4892 2497 4946 κάκεῖνά
2525 4910 2595 4963 με
2619 4892 2700 4945 δεῖ
2730 4893 2985 4961 ἀγαγεῖν·
3019 4892 3114 4946 καὶ
3150 4892 3248 4962 τῆς
3278 4891 3462 4961 φωνῆς

1886 4993 1985 5047 μου
2014 4975 2366 5030 ἀκούσουσιν·
2401 4977 2494 5029 καὶ
2534 4977 2814 5048 γενήσεται
2854 4976 2952 5047 μία
2985 4976 3211 5046 ποίμνη,
3245 4969 3323 5037 εἷς
3345 4989 3461 5027 ποι-

1887 5060 2012 5130 μὴν⁸

1954 5155 2019 5208 17
2044 5153 2144 5207 Διά
2175 5155 2330 5208 τοῦτο
2371 5157 2399 5207 6
2441 5157 2630 5224 Πατήρ
2662 5172 2727 5224 με
2766 5156 2973 5225 ἀγαπᾷ.
3003 5155 3085 5208 ὅτι
3130 5151 3242 5222 ἐγὼ
3269 5151 3460 5224 τίθημι

1883 5237 1980 5308 τὴν
2005 5237 2181 5306 ψυχήν
2211 5254 2314 5306 μου
2340 5237 2426 5292 ἴνα
2462 5237 2623 5292 πάλιν
2645 5237 2797 5290 λάϐω
2818 5238 3014 5307 αὑτήν.

1954 5333 2021 5387 18
2051 5333 2237 5397 Οὐδεὶς
2273 5333 2414 5403 αἴρει
2451 5331 2618 5402 αὐτὴν
2656 5333 2751 5386 ἀπ’
2781 5331 2949 5404 ἐμοῦ·
2981 5331 3096 5386 ἀλλ’
3120 5330 3230 5400 ἐγὼ
3269 5329 3460 5402 τίθημι

1883 5417 2052 5488 αὐτὴν
2078 5417 2172 5470 ἀπ’
2195 5416 2456 5486 ἐμαυτοῦ.
2495 5415 2771 5480 Ἐξουσίαν
2801 5413 2908 5487 ἔχω
2938 5413 3110 5468 θεῖναι
3146 5414 3336 5485 αὑτὴν.
3363 5412 3459 5466 καὶ

1886 5499 2129 5567 ἐξουσίαν
2157 5498 2266 5570 εχω
2295 5498 2455 5552 πάλιν
2478 5499 2662 5553 λαϐεῖν
2690 5499 2879 5570 αὑτήν.
2922 5497 3135 5570 Ταύτην
3171 5497 3271 5570 τὴν
3314 5498 3468 5552 ivss-

1885 5585 1984 5654 λὴν
2014 5583 2202 5638 ἔλαϐον
2228 5582 2376 5654 παρὰ
2404 5582 2497 5637 τοῦ
2533 5581 2743 5654 Πατρός
2771 5598 2898 5654 μου.
3279 5590 3292 5598 ⁸
