3956 6202
602 258 714 314 835

1880 255 2088 313 NONNI
2122 256 2630 313 PANOPOLITANI
3713 266 3781 324 εδδ

608 385 765 443 pens,
784 368 980 425 Omnia
1015 377 1267 434 damans,
1296 366 1651 433 indomitum,
1676 366 1761 422 vel
1790 367 1951 423 solidi
1974 370 2188 425 consilii

2301 369 2686 440 [Ιανδαμάτωρ.
2720 369 3048 440 ἀδάμαστος,
3084 369 3115 442 ἢ
3152 371 3506 443 ὲμπεδόμητις
3533 374 3738 448 ἀνάγκη·

607 463 911 517 necessitas
934 477 950 525 ;
977 460 1070 514 sed
1095 459 1264 528 ipsam
1295 465 1488 528 sponte
1506 458 1694 528 jussus
1717 458 1903 513 volens
1918 460 2185 514 volentem

610 551 900 621 praebebo,
943 557 999 604 ut
1044 548 1299 616 recipiam
1343 555 1466 617 post
1507 548 1786 618 pusillum,
1838 549 2047 604 habens
2095 565 2189 619 per

612 655 672 694 se
706 640 983 693 collectam
1033 645 1379 705 potestatem.
1421 637 1534 693 Hoc
1581 639 1896 710 altiregente
1938 641 2112 695 habeo
2159 659 2187 694 a

615 727 778 781 Patre
823 736 1179 794 praeceptum,
1224 725 1454 791 Ponere,
1486 736 1537 782 et
1576 728 1771 782 iterum
1810 730 2057 799 accipere
2091 732 2162 784 du

615 819 740 886 plici
797 819 931 884 lege.
990 818 1049 872 19
1102 817 1169 870 Et
1212 835 1408 874 rursus
1458 819 1806 874 Hebraeorum
1852 821 2058 877 divisus
2108 834 2192 878 est

611 907 847 976 pOpuIns
898 908 1128 962 audiens
1171 925 1184 963 :
1233 909 1304 962 ΩΟ
1364 912 1429 963 Et
1477 910 1631 963 multi
1683 909 1937 965 dixerunt
1991 928 2191 967 sonoro

612 998 847 1067 quodam
878 1014 1129 1054 sermone
1160 1020 1172 1054 :
1198 1000 1533 1071 Loquentem
1560 1002 1839 1058 velocibus
1865 1004 2024 1058 sinite
2048 1004 2192 1058 hunc

611 1090 791 1143 vei-tis
826 1108 841 1144 :
875 1089 1182 1147 Daemouem
1220 1092 1405 1156 habet,
1451 1101 1505 1148 et
1557 1094 1801 1161 insanit;
1845 1096 2191 1165 insipientem

614 1182 759 1236 hunc
782 1180 934 1248 117
965 1183 1311 1253 Relinquite;
1344 1185 1523 1241 insani
1578 1202 1679 1241 cur
1702 1186 1977 1244 festinatis
1993 1204 2196 1244 sermo-

616 1285 738 1323 nem
771 1271 1003 1327 audire?
1041 1273 1106 1327 21
1145 1274 1252 1327 Alii
1289 1282 1474 1329 autem
1505 1285 1695 1330 contra
1728 1288 2032 1333 sonuerunt
2066 1294 2196 1334 cou-

612 1360 768 1414 cordi
796 1376 825 1413 a
846 1363 1231 1431 gutture:Non
1262 1365 1317 1417 hi
1348 1365 1676 1422 insanientis
1714 1370 1990 1439 sapientes
2017 1369 2195 1425 ﬂuxus

614 1452 927 1519 verborum;
944 1452 1254 1524 lnsipientis
1279 1472 1388 1510 non
1412 1466 1540 1513 sunt
1563 1460 1698 1525 haec;
1719 1477 1846 1514 num
1864 1462 2196 1532 caliginosus

615 1558 856 1613 unquam
905 1544 1119 1601 damon
1163 1548 1363 1603 Oculos
1394 1549 1522 1603 caeci
1576 1551 1776 1618 poterit
1805 1551 1919 1621 ipse
1947 1554 2197 1622 aperire?

684 1635 756 1687 22
794 1634 859 1688 Et
925 1652 1119 1693 rursus
1170 1638 1287 1695 dies
1338 1650 1454 1695 erat
1506 1643 1794 1712 publicus,
1842 1644 1897 1698 in
1961 1660 2069 1714 quo
2097 1661 2199 1715 po-

2301 460 2461 514 Ἀλλά
2496 478 2586 526 μιν
2635 461 3052 526 αὐτοκέλευστος
3096 462 3237 516 ἑκὼν
3282 465 3557 519 ἐθέλουσαν
3589 468 3787 523 ὀπάσσω·

2293 551 2476 620 Ὄφρα
2508 550 2657 604 λάϐω
2689 550 2826 621 μετά
2860 551 3030 620 βαιὸν,
3062 552 3200 621 ἔχων
3231 552 3550 623 αὐτάγρετον
3576 554 3731 626 ἀλκήν.

2290 640 2504 711 Ταύτην
2540 641 2887 711 ὑψιμέδοντος
2920 642 3028 712 ἔχω
3056 642 3205 713 παρὰ
3238 644 3445 712 Πατρός
3481 646 3707 716 ὲιρετμὴν,

2290 730 2491 796 Θεῖναι,
2523 732 2613 784 καὶ
2647 732 2967 801 παλίνορσον
3000 732 3137 785 ἑλεῖν
3161 734 3434 801 διδυμάονι
3470 734 3654 805 θεσμῷ.

2294 821 2358 875 19
2385 822 2490 873 Καὶ
2522 822 2681 877 πάλιν
2726 823 2993 893 Ἑϐραίων
3023 823 3306 895 ἐμερίζετο
3336 825 3462 888 λαὸς
3491 825 3703 879 ἀκούων·

2290 912 2360 967 90
2390 913 2498 967 Καὶ
2526 914 2716 978 πολέες
2751 916 3051 984 φθέγξαντο
3085 915 3458 986 πολυφλοίσϐῳ
3477 917 3577 969 τινὶ⁵
3602 916 3744 988 μύθῳ·

2290 1004 2660 1074 Φθεγγόμενον
2695 1005 2940 1077 βαλίῃσιν
2972 1008 3167 1061 ἐάσατε
3200 1006 3385 1060 τοῦτον
3411 1008 3637 1071 ἀέλλαις·

2293 1099 2577 1168 Δαιμόνιον
2614 1098 2862 1170 μεθέπει,
2902 1100 2995 1152 καὶ
3033 1099 3311 1168 μαίνεται·
3348 1100 3551 1170 ἄφρονα
3576 1101 3728 1153 τοῦτον

2299 1188 2459 1257 116
2482 1189 2711 1243 Λεῐπετε
2726 1207 2739 1219 ·
2764 1189 3085 1260 μαινομένου
3103 1190 3153 1242 τί
3171 1188 3425 1243 σπεύδετε
3445 1191 3598 1262 μῦθον
3610 1193 3795 1257 ἀκούειν,

2294 1280 2355 1332 ‘2!
2396 1278 2577 1332 Ἀλλοι
2605 1280 2649 1332 δ’
2675 1280 3006 1350 ἀντιάχησαν
3031 1280 3309 1351 ὁμοζήλων
3334 1282 3443 1334 ἀπὸ
3470 1281 3657 1351 λαιμῶν
3676 1301 3688 1315 ·

2296 1368 2370 1421 Ού
2398 1370 2522 1422 τάδε
2551 1371 2893 1440 μαινομένοιο
2933 1370 3203 1441 σαόφρονα
3229 1372 3481 1443 χεύματα
3507 1374 3695 1444 μύθων·

2301 1460 2565 1532 Ἀφρονος
2594 1462 2652 1513 ού
2697 1462 2821 1514 πέλε
2848 1462 3040 1516 ταῦτα.
3080 1462 3171 1534 Μὴ
3222 1464 3471 1534 ἀχλυόεις
3510 1466 3626 1517 ποτε
3651 1465 3802 1535 δαὶμων

2312 1551 2651 1622 ὐφθαλμοὺς
2683 1553 2864 1606 ἀλαοῖο
2891 1554 3177 1623 δυνήσεται
3210 1555 3375 1619 αὐτὸς
3398 1557 3625 1623 (moliar;

2368 1642 2437 1695 22
2474 1643 2585 1695 Kal
2623 1643 2784 1696 πάλιν
2814 1640 2968 1716 ἦμαρ
2991 1644 3086 1717 ἔην
3120 1646 3445 1716 πανδήμιον,
3475 1641 3519 1714 ᾧ
3545 1647 3614 1701 ἑνι
3636 1649 3731 1701 λαοὶ

624 1724 788 1792 pulus
855 1724 1169 1781 Memoriam
1242 1730 1549 1785 celebrabat
1610 1734 2075 1798 anniversariam,
2134 1753 2193 1792 ex

2305 1731 2663 1803 Μνημοσύνην
2693 1733 2971 1788 τελέεσκον
2998 1737 3228 1808 ἐτήσιον,
3263 1730 3322 1802 ἐξ
3356 1737 3446 1789 ὅτε
3472 1737 3592 1808 νηοῦ

618 1828 727 1884 quo
772 1816 955 1884 templi
1018 1814 1354 1873 Fulcimenta
1414 1820 1697 1877 mditicans
1759 1822 2017 1878 Solomon
2079 1826 2201 1895 pul-

624 1906 791 1961 chras
835 1908 1121 1964 columnas
1167 1908 1399 1967 faciente
1432 1920 1547 1967 arte
1577 1912 1751 1968 Divini
1782 1924 2017 1969 veterem
2043 1931 2202 1971 reuo-

620 1996 770 2050 vavit
812 1997 981 2068 legem
1020 1999 1167 2055 festi.
1225 2000 1290 2053 Et
1333 2012 1465 2057 tunc
1497 2004 1818 2074 pruinosum
1869 2005 2024 2060 alluit
2070 2007 2202 2079 hye-

618 2090 724 2144 mis
772 2098 1024 2160 tempus;
1074 2092 1146 2147 ‘23
1186 2091 1347 2149 Jesus
1392 2102 1571 2149 autem
1615 2112 1773 2152 sacro
1817 2098 2100 2154 incedebat
2142 2099 2197 2154 in

620 2180 846 2248 templo,
915 2179 1169 2235 Divinum
1232 2186 1478 2254 porticus
1531 2187 1885 2243 artiﬁciosum
1926 2189 2202 2259 pavimen-

622 2277 737 2321 tum
784 2270 1110 2337 pervadens,
1147 2272 1192 2324 A
1223 2275 1405 2343 prisco
1438 2273 1730 2331 Solomone
1759 2278 1987 2332 dictum.
2022 2279 2091 2333 24
2124 2276 2203 2332 Ιη-

620 2359 730 2412 vidi
764 2366 944 2413 autem
1002 2360 1215 2415 llehrwi
1265 2366 1614 2421 circulariter
1657 2370 1938 2438 conjuncti
1991 2372 2044 2424 in
2093 2386 2201 2425 uno

623 2450 744 2501 loco
792 2451 1072 2504 Christum
1111 2453 1614 2521 circumdederunt,
1665 2471 1717 2514 et
1751 2462 2008 2515 dixerunt
2058 2464 2196 2517 insi-

623 2537 792 2603 pienti
853 2538 1065 2591 verbo:
1104 2539 1357 2595 Nostram
1414 2558 1701 2616 quousque
1762 2548 1904 2603 fallis
1962 2561 2197 2606 mentem

626 2626 1025 2681 sermonibus?
1064 2627 1121 2681 Si
1167 2636 1222 2683 tu
1263 2630 1519 2688 Christus
1557 2637 1755 2691 venisti
1788 2654 1970 2703 verus,
2014 2651 2201 2710 aperte

624 2717 780 2772 nobis
812 2718 1168 2790 Congregat-Is
1194 2723 1281 2777 dic
1311 2744 1323 2779 :
1368 2738 1468 2780 cur
1497 2735 1647 2781 tuum
1688 2746 1884 2785 nomen
1917 2735 2202 2790 occultas?

618 2809 688 2861 9.5
712 2808 875 2864 Jesus
917 2820 1097 2867 autem
1144 2816 1307 2870 simul
1332 2819 1588 2873 omnibus
1620 2823 1939 2890 respondit:
1984 2824 2199 2895 Saepius

619 2905 774 2960 vobis
825 2904 1037 2977 Saepius
1083 2909 1198 2979 ipse
1239 2911 1372 2978 dixi,
1413 2924 1469 2969 ct
1516 2930 1620 2969 non
1654 2918 1877 2973 creditis
1922 2922 2196 2976 sermoni:

618 2998 798 3068 Opera
843 3017 963 3073 quae
1006 3003 1148 3060 facio
1183 3007 1442 3064 invocans
1474 3020 1760 3081 paternum
1804 3016 1989 3080 robur,
2027 3018 2202 3073 Testi-

2304 1822 2541 1892 Ἕδρανα
2564 1821 2823 1893 δωμήσας
2856 1823 3109 1894 Σολομὼν
3135 1826 3337 1879 εύκίονι
3369 1828 3530 1899 τέχνῃ

2299 1914 2605 1982 Θεσπεσίης
2637 1915 2863 1985 ἀρχαῖον
2897 1917 3137 1970 ὲκαίνισε
3164 1917 3369 1986 θεσμὸν
3405 1919 3613 1989 ἑορτῆς·

2301 2004 2411 2058 Καὶ
2435 2004 2552 2058 τότε
2585 2009 2901 2076 παχνήεσσα
2928 2008 3227 2079 παρίστατο
3253 2009 3512 2079 χείματος
3536 2008 3665 2080 ὤρη·

2298 2096 2370 2151 ’25
2410 2096 2614 2166 Ἰησοῦς
2638 2097 2682 2150 δ’
2722 2098 2884 2169 ἱεροῖο
2912 2099 3174 2171 διέστιχεν
3204 2099 3382 2153 ἔνδοθι
3409 2102 3552 2170 νηοῦ,

2301 2187 2565 2239 Θέσκελον
2602 2186 2859 2259 αἰθούσης
2891 2188 3268 2243 πολυδαίδαλον
3296 2187 3462 2256 οὖδας
3496 2194 3683 2260 ὁδεύων,

2315 2278 2632 2349 Ἀρχεγόνου
2664 2279 3006 2350 Σολομῶντος
3027 2281 3332 2353 ἐπώνυμον.
3380 2285 3451 2338 24
3482 2286 3748 2356 Αἰνομανεῖς
3767 2283 3806 2336 δὲ

2314 2366 2553 2437 Ἑϐραῖοι
2584 2370 2908 2439 στεφανηδὸν
2937 2371 3202 2440 όμόζυγες
3234 2374 3313 2425 εἰν
3340 2374 3428 2428 ἐνὶ
3452 2374 3600 2447 χώρῳ

2302 2458 2536 2528 Χριστὸν
2574 2459 2974 2526 ἐκυκλώσαντο,
3004 2463 3097 2515 καὶ
3125 2463 3344 2517 ἔννεπον
3382 2469 3568 2539 ἄφρονι
3600 2468 3739 2538 μύθῳ·

2314 2547 2549 2617 Ὶίμείων
2575 2552 2665 2605 τέο
2705 2550 2896 2623 μέχρις
2922 2553 3276 2619 ύποκλέπτεις
3307 2559 3485 2628 φρένα
3524 2559 3707 2627 μύθοις;

2302 2640 2363 2692 Εἰ
2394 2642 2457 2693 σὺ
2483 2641 2715 2715 Χριστὸς
2744 2644 2932 2707 ἵκανες
2962 2646 3247 2717 ἐτήτυμος,
3278 2650 3525 2719 ἀμφαδὸν
3548 2654 3659 2721 ἡμῖν

2316 2731 2660 2803 ’Δγρομένοις
2691 2736 2952 2805 ἀγόρευε·
2990 2738 3042 2789 τί
3078 2739 3171 2791 καὶ
3200 2740 3320 2793 τεὸν
3362 2742 3563 2813 οὔνομα
3601 2742 3786 2806 κεύθειςς

2301 2822 2372 2878 25
2404 2823 2607 2894 Ἰησοῦς
2639 2826 2682 2879 δ’
2708 2826 2822 2897 ἅμα
2849 2829 3012 2881 πᾶσιν
3039 2830 3251 2900 ἀνίαχε·
3283 2834 3551 2899 Πολλάκις
3578 2836 3685 2905 ὑμῖν

2302 2914 2568 2979 Πολλάκις
2592 2917 2751 2981 αὐτὸς
2780 2918 2958 2985 ἔλεξα,
2984 2921 3080 2973 καὶ
3110 2922 3171 2973 ού
3212 2926 3497 2979 πιστεύετε
3533 2927 3686 2997 μύθῳ·

2306 3005 2484 3076 Ἔργα
2510 3007 2681 3079 τάπερ
2707 3008 2875 3062 τελέω
2907 3011 3113 3065 καλέων
3149 3016 3429 3087 πατρώϊον
3462 3020 3636 3090 ἀλκὴν,

620 3096 840 3151 ﬁcaMia
882 3099 996 3153 haec
1039 3111 1188 3165 sunt,
1229 3112 1283 3157 et
1336 3107 1633 3176 loquuntur
1680 3111 1932 3178 prudenti
1981 3114 2193 3169 silentio

2304 3096 2569 3168 Μάρτυρα
2602 3099 2775 3153 ταῦτα
2803 3101 2975 3165 πέλει,
3006 3104 3101 3157 καὶ
3125 3104 3426 3175 φθέγγεται
3452 3111 3657 3182 ἔμφρονι
3683 3110 3769 3179 σιγῇ

621 3188 853 3249 Visibile
928 3198 1240 3254 hominibus
1313 3202 1539 3271 loquens
1607 3209 1885 3277 exemplar
1929 3210 2043 3264 :26
2105 3213 2197 3266 sed

618 3305 717 3344 vos
769 3290 953 3346 Oetlis
1006 3294 1221 3358 videtis,
1271 3306 1324 3351 et
1367 3313 1476 3352 non
1538 3302 1760 3357 creditis
1817 3304 2034 3360 animis.
2078 3305 2197 3360 Non

620 3386 767 3438 enim
812 3402 1057 3442 mearum
1090 3392 1271 3445 ovium
1302 3409 1365 3447 ex
1399 3395 1622 3451 credula
1653 3398 1787 3452 estis
1814 3402 2193 3469 generatione:

618 3478 687 3533 ‘27
736 3482 977 3538 Auribus
1024 3485 1309 3543 ohlectatis
1353 3505 1597 3546 mearum
1636 3494 1763 3563 quia
1790 3496 1973 3549 ovium
2004 3512 2196 3568 greges

625 3575 820 3634 Vocem
859 3595 1034 3634 meam
1071 3584 1321 3650 audiunt,
1380 3595 1433 3642 et
1486 3599 1794 3659 sequuntur
1845 3591 2063 3647 ducem.
2126 3594 2197 3650 28

616 3675 907 3745 Cognosco
933 3684 1113 3733 autem
1140 3694 1289 3735 meas
1317 3697 1467 3749 oves,
1494 3691 1546 3738 et
1575 3685 1741 3740 simul
1770 3688 2023 3743 omnibus
2054 3689 2197 3745 dabo

617 3768 794 3825 Vitam
834 3782 1124 3827 venturam
1168 3783 1453 3846 :cternam;
1495 3796 1775 3849 nunquam
1818 3786 1997 3857 gregis
2044 3786 2198 3843 Nun-

614 3881 777 3936 quam
824 3882 955 3925 aves
1008 3870 1090 3925 lue
1135 3881 1385 3943 pereunt,
1432 3875 1605 3933 donec
1650 3884 1917 3938 manserit
1961 3884 2197 3956 Sponta-

616 3965 734 4019 ncis
788 3968 1031 4022 arcuatis
1088 3970 1459 4029 volutionibus
1509 3974 1841 4036 circumiens
1897 3985 2184 4039 saeculum.

614 4056 800 4129 Neque
862 4061 1060 4132 aliquis
1114 4066 1291 4134 rapiet
1348 4083 1527 4123 meum
1581 4072 1904 4141 prudentem
1969 4094 2186 4150 gregem

613 4154 776 4212 Manu
806 4174 873 4213 ex
908 4169 1093 4217 nostra
1122 4181 1135 4218 :
1173 4163 1243 4219 29
1276 4164 1436 4221 Pater
1478 4183 1653 4233 meus,
1688 4174 1817 4241 quia
1862 4173 1931 4228 ad
1956 4189 2187 4244 pascen-

610 4252 740 4307 dum
771 4254 875 4319 Qui
906 4257 1039 4311 mihi
1069 4274 1262 4330 greges
1289 4260 1467 4327 chdit,
1516 4266 1765 4335 superior
1792 4276 1877 4324 est
1906 4271 2184 4329 omnibus.

616 4348 777 4419 118
814 4350 883 4404 50
932 4348 1053 4421 Ipse
1087 4368 1208 4422 ego,
1251 4363 1306 4409 et
1344 4370 1539 4427 regens
1589 4359 1749 4416 Pater
1792 4380 1970 4426 meus,
2020 4382 2188 4422 unum

2302 3188 2509 3258 Θηητὸν
2543 3192 2841 3261 μερόπεσσι
2868 3194 3027 3249 λάλον
3058 3196 3225 3251 τύπον
3243 3216 3256 3229 ·
3291 3199 3364 3254 26
3390 3202 3525 3256 άλλά
3550 3220 3639 3256 που
3669 3203 3783 3271 rip-5'3

2316 3278 2403 3331 Ἐν
2438 3279 2725 3350 βλεφάροις
2756 3284 3033 3356 δέρκεσθε,
3066 3288 3159 3341 καὶ
3203 3292 3265 3343 οὐ
3294 3292 3545 3347 πείθεσθε
3579 3292 3802 3364 μενοιναῖς.

2302 3370 2375 3421 Od
2410 3370 2518 3441 γάρ
2548 3372 2695 3443 ὲμῶν
2726 3374 2852 3429 ὀΐων
2876 3381 3230 3449 ταχυπειθέος
3257 3382 3386 3435 ἐστὲ
3418 3385 3683 3453 γενέθλης·

2309 3461 2376 3513 Q7
2414 3460 2580 3516 Ούασι
2610 3464 3008 3537 θελγομένοισιν
3046 3470 3185 3543 ἐμῆς
3208 3475 3287 3527 ὅτι
3316 3476 3477 3531 πώεα
3504 3478 3705 3547 ποίμνης

2302 3552 2479 3623 Γῆρυν
2504 3553 2641 3626 ἐμὴν
2661 3557 2790 3621 ἀΐει,
2820 3560 2912 3613 καὶ
2950 3562 3243 3630 ὲφέσπεται
3272 3568 3566 3641 ἡγεμονῆῖ.

2298 3642 2367 3696 28
2400 3644 2656 3700 Γινώσκω
2682 3648 2725 3700 δ’
2752 3650 2861 3720 ἐμὰ
2901 3652 3066 3723 μῆλα,
3109 3656 3201 3707 καὶ
3237 3659 3317 3709 ειν
3355 3660 3441 3711 ἑνὶ
3475 3663 3627 3713 πᾶσιν
3647 3656 3811 3711 ὀπάσσω

2297 3735 2452 3805 Ζωὴν
2479 3738 2778 3811 ὲσσομένην
2806 3742 3040 3798 αἰώνιον.
3075 3745 3284 3801 Ούποτε
3314 3750 3557 3821 ποίμνης

2298 3826 2506 3880 Οΰποτε
2536 3828 2687 3884 πώεα
2718 3834 2889 3887 ταῦτα
2912 3836 3196 3905 διόλλυται,
3222 3839 3398 3893 εἰσόκε
3424 3844 3599 3914 μίμνῃ

2297 3920 2639 3991 Αύτομάταις
2665 3922 2848 3992 ἁψῖσιν
2872 3925 2992 3992 ἕλιξ
3019 3927 3384 4000 κυκλούμενος
3415 3933 3570 3986 αξών.

2298 4008 2435 4065 Ούδέ
2461 4030 2544 4077 τις
2568 4014 2859 4085 ἁρπάξειεν
2882 4018 3020 4090 ἐμὴν
3053 4022 3411 4093 πινυτόφρονα
3450 4027 3669 4097 ποίμνην

2296 4101 2491 4173 Χειρὸς
2511 4105 2604 4174 ἀφ’
2634 4107 2938 4181 ἡμετέρης·
2972 4110 3039 4167 ἳ9
3064 4112 3289 4184 Γενέτης
3313 4114 3450 4186 ἐμὸς
3488 4118 3594 4172 ὄττι
3624 4113 3811 4186 νομεύειν

2298 4189 2393 4255 ’ος
2436 4209 2527 4263 μοι
2553 4192 2705 4250 πώεα
2725 4196 2916 4267 δῶκεν,
2947 4202 3243 4276 ὑπέρτερος
3278 4206 3476 4263 ἔπλετο
3502 4210 3711 4263 πάντων.

2300 4281 2342 4349 1
2355 4282 2461 4354 19
2498 4286 2568 4345 50
2587 4288 2757 4355 Αὐτὸς
2767 4290 2896 4358 ἐγὼ,
2911 4296 3113 4363 μεδέων
3124 4313 3181 4349 τε
3199 4299 3385 4373 Πατὴρ
3398 4302 3554 4374 ἐμὸς,
3619 4299 3671 4352 ἓν
3700 4296 3810 4365 γένος

3591 4389 3765 4463 [ὲσμὲν,

1816 4453 2098 4512 TEXTUS
2136 4459 2662 4523 EVANGELISTAS.

680 4554 986 4682 όθλξχίσμα
1012 4554 1105 4658 οξν
1130 4561 1288 4616 πάλιν
1317 4564 1531 4633 ἐγένετο
1566 4569 1623 4623 ἐν
1653 4572 1762 4635 τοῖς
1804 4572 2075 4640 Ἰουδαέοις
2100 4577 2187 4632 διὰ
2218 4588 2262 4643 ι)
2360 4585 2430 4639 25
2472 4588 2766 4661 Ἀπεκρίθη
2821 4592 3004 4657 αὐτοῖς
3049 4596 3077 4648 ὁ
3116 4595 3349 4665 Ἰησοῦς.
3392 4594 3561 4653 Εἶπον
3602 4599 3714 4669 ὑμῖν
3752 4595 3816 4682 καὶ

607 4640 733 4704 τοὺς
756 4640 945 4710 λόγους
972 4636 1215 4710 τούτους.

652 4724 747 4778 ΞΟ
780 4726 1001 4797 Ἔλεγον
1022 4729 1077 4782 δὲ
1109 4731 1292 4784 πολλοὶ
1324 4731 1381 4799 ἐξ
1416 4733 1611 4789 αὐτῶν·
1643 4740 1924 4810 Δαιμόνιον
1952 4741 2065 4813 ἔχει
2096 4746 2189 4798 καὶ

611 4809 889 4879 μαίνεται·
926 4814 978 4865 τί
1007 4813 1171 4866 αὑτοῦ
1205 4816 1462 4883 dixerit-:15;

674 4891 953 4976 ΞΙῌἊλλοι
982 4894 1166 4964 ἔλεγον
1186 4914 1198 4929 ο
1227 4900 1412 4955 Ταῦτα
1450 4902 1515 4955 τὰ
1545 4905 1765 4976 ῥήματα
1794 4909 1891 4963 οὐκ
1920 4909 2032 4963 ἔστι
2069 4912 2187 4965 δαιη

610 4973 991 5063 μονιζομένου·
1027 4978 1100 5048 μὴ
1139 4978 1410 5051 δαιμόνιον
1455 4973 1675 5041 δύναται
1723 4993 1937 5061 τυφλῶν
1990 4993 2187 5063 ὀφθαλ-

610 5057 743 5123 μοὺς
769 5058 1005 5126 ἀνοίγειν
1026 5076 1038 5125 ;

674 5140 745 5230 .22
791 5141 1036 5230 Ἐγένε-το
1071 5144 1127 5196 δὲ
1160 5144 1227 5198 τά
1257 5148 1505 5215 ἐγκαίνια
1536 5154 1593 5205 ὲν
1624 5156 1736 5218 τοῖς
1780 5156 2189 5230 Ἱεροσολύμοις,

606 5222 699 5276 καὶ
716 5223 925 5293 χειμὼν
959 5221 1045 5297 ἦν.

674 5307 744 5398 3:5
794 5310 922 5398 K_al_
948 5313 1268 5398 περιεπάτει
1312 5314 1340 5365 ό
1378 5316 1584 5388 Ἰησοῦς
1628 5321 1686 5375 ὲν
1732 5323 1811 5395 τῷ
1853 5325 1983 5397 ἱερῷ
2031 5328 2090 5381 ἐν
2127 5330 2193 5398 τῇ

607 5390 737 5460 στοᾷ
766 5389 857 5442 τοῦ
885 5392 1247 5464 Σολομῶντος.

673 5472 745 5562 ἓξ
790 5474 1132 5562 ’ξέκύκλωσαν
1166 5475 1258 5562 ούν
1290 5482 1450 5562 αὐτὸν
1487 5486 1535 5537 οἱ
1576 5488 1835 5557 Ἰουδαῖοι,
1874 5493 1967 5546 καὶ
2007 5492 2190 5562 ἔλεγον

604 5553 784 5647 flos-:3.
812 5556 955 5647 ~Fw;
991 5560 1132 5647 ‘75:;
1168 5560 1266 5647 τὴν
1293 5561 1471 5635 ψυχὴν
1515 5570 1673 5638 ἡμῶν
1719 5553 1925 5647 αἴρεις;
1954 5577 2002 5629 εἰ
2042 5553 2118 5631 σὺ·
2141 5572 2193 5629 εἴ

604 5634 631 5685 ό
671 5636 922 5707 Χριστὸς,
957 5644 1074 5695 εἰπὲ
1111 5645 1242 5714 ἡμῖν
1273 5634 1576 5720 παρρησίαξ

2292 4668 2353 4720 οὐ
2388 4669 2668 4723 πιστεύετε
2684 4688 2697 4703 ·
2726 4673 2796 4726 τὰ
2822 4674 3018 4747 ἐργα·ἆ
3040 4677 3152 4745 ἐγὼ
3178 4680 3316 4733 ποιῶ
3346 4683 3405 4734 ὲν
3429 4682 3506 4753 τῷ
3529 4684 3732 4753 ὀνόματι
3750 4672 3818 4729 “sua

2294 4751 2506 4835 Πατρός
2533 4769 2658 4835 μου,
2689 4756 2863 4811 ταῦτα
2889 4765 3156 4832 μαρτυρεί
3188 4765 3316 4835 περὶ
3346 4751 3501 4835 ἐμοῦ.

2361 4833 2433 4921 ’Ξθ
2453 4834 2613 4921 ’Ἀλλ’
2642 4836 2799 4921 ύμεῖς
2840 4842 2901 4895 οὐ
2944 4844 3225 4898 πιστεύετε
3243 4833 3270 4878 ’ἡ
3295 4848 3355 4900 οὐ
3380 4833 3489 4921 γάρ
3518 4853 3635 4903 ἐστε
3663 4848 3717 4899 ὲκ
3742 4839 3819 4895 ςῦν

2293 4914 2579 5001 προβάτων
2604 4920 2714 4974 τῶν
2751 4923 2919 4992 ἐμῶν.
2948 4925 3129 4991 καθὼς
3156 4923 3308 4983 εἷπον
3334 4914 3477 5001 ὑμῖν.

2365 4999 2434 5084 27
2477 4999 2557 5053 Τὰ
2606 5004 2853 5073 πρόὸατα
2893 5007 2959 5061 τὰ
2996 5008 3105 5079 ἐμὰ
3147 5011 3247 5080 τῆς
3289 4999 3471 5084 φωνῆς
3517 5031 3617 5084 μου
3654 5006 3814 5071 ἀκούει,

2297 5083 2452 5151 κάγὼ
2479 5084 2729 5152 γινώσκω
2752 5089 2907 5151 αὐτὰ,
2937 5094 3029 5144 καὶ
3054 5094 3405 5149 ἀκολουθοῦσί
3430 5083 3544 5167 μοι.

2480 5167 2651 5237 Κάγὼ
2688 5170 2831 5241 ζωὴν
2861 5171 3078 5227 αἰώνιον
3107 5175 3294 5249 δίδωμι
3336 5166 3533 5244 αὐτοῖς,
3567 5179 3654 5232 καὶ
3688 5176 3739 5229 ού
3766 5177 3821 5245 μὴ

2300 5248 2603 5303 ἀπόλωνται
2640 5253 2719 5315 εἰς
2750 5254 2839 5306 τὸν
2880 5254 3069 5323 αἰῶνα,
3099 5261 3192 5313 καὶ
3231 5248 3327 5333 οὐχ
3359 5263 3587 5335 ἁρπάσει
3613 5278 3691 5325 τις
3716 5258 3814 5313 αὐτὶ

2302 5332 2368 5384 ὲκ
2403 5332 2501 5402 τῆς
2527 5334 2708 5405 χειρός
2740 5354 2863 5405 μου.

2366 5413 2436 5500 ἓξ,
2480 5415 2536 5468 Ὁ
2570 5416 2757 5490 Πατήρ
2790 5437 2910 5489 μου,
2944 5422 3003 5486 δεῖ
3034 5423 3232 5479 δέδωκέ
3266 5445 3375 5498 μοι,
3412 5428 3606 5500 μείζων
3646 5426 3818 5479 πάιντωί

2298 5498 2413 5551 ἐστι
2433 5513 2446 5527 ·
2480 5500 2572 5552 καὶ
2599 5501 2768 5565 οὐδεὶς
2799 5503 3019 5561 δύναται
3044 5509 3306 5578 ἁρπάζειν
3339 5498 3521 5585 ἐκ-τῆς
3564 5510 3725 5584 χειρὸς
3746 5505 3813 5559 τοῦ

2299 5581 2511 5652 Πατρός
2543 5600 2665 5653 μου.

2369 5663 2437 5718 30
2482 5664 2621 5732 Ἐγὼ
2641 5669 2730 5721 καὶ
2760 5671 2783 5722 ό
2814 5668 3010 5735 Πατήρ.
3035 5673 3095 5730 ἓν
3119 5676 3302 5748 ἐσμεν.
