3956 6202
239 201 350 259 857

248 318 553 383 Ιηᾌιφυτον,
586 315 991 389 αὐτόπρεμνον,
1022 320 1144 374 ὅθεν
1172 321 1314 389 φυτὰ
1342 324 1512 393 μυρία
1538 323 1764 392 κόσμου.

309 408 373 460 51
409 403 575 459 Εἶπεν
611 408 811 473 Ἀναξ·
843 405 962 463 λαοὶ
1002 411 1056 464 δὲ
1088 413 1394 484 συνέρρεον,
1429 416 1491 467 ἐκ
1513 413 1739 467 δαπέδου
1777 411 1833 465 δέ

242 500 395 560 Λᾶας
423 496 777 567 ἁνηέρταζον,
814 498 962 561 ὅπως
986 500 1089 553 ὑπὸ
1112 503 1339 572 χερμάδι
1362 502 1533 572 λύσσῃ

248 585 485 657 Χριστὸν
507 585 828 639 όῐστεύσωσι
858 590 1233 661 χαραδραίοισι
1269 591 1546 662 βελέμνοις
1569 607 1582 621 ο

240 680 311 734 3'2
357 677 562 748 Ἰησοῦς
592 678 635 731 δ’
669 678 1028 748 ἀπάμειμπτο
1052 684 1191 751 χέων
1231 683 1591 754 πολυμεμφέα
1618 684 1827 754 φωνήψ

256 774 560 844 Ἠμετέρου
584 772 723 827 καλά
754 774 925 828 πολλά
950 777 1078 847 παρ’
1104 776 1346 845 ὑψίστοιο
1371 778 1575 848 Τοκῆος

260 866 466 936 Ὑμέας
495 866 631 936 ἔργα
661 865 846 932 δίδαξα
869 867 1048 939 τάπερ
1084 869 1281 939 μάθον
1307 871 1425 923 ἀντὶ
1446 870 1587 934 τίνος
1622 869 1679 922 δὲ

243 958 450 1027 Ἐργου
484 956 768 1009 Θεσπεσίου
796 957 985 1027 φονίην
1006 957 1243 1021 τίνοντες
1270 958 1526 1030 ἀμοιϐὴν,

238 1048 337 1110 Εἰς
366 1047 464 1117 ἐμὲ
491 1046 779 1100 λαϊνέοισιν
803 1047 1152 1120 ἐθωρήχθητε
1191 1048 1473 1119 βελέμνοις
1495 1067 1511 1116 ;

236 1138 308 1191 53
339 1138 469 1190 Aaoi.
504 1137 549 1189 δ’
578 1137 911 1209 ἀντιάχησαν
938 1139 1249 1209 ἀμοιϐαδίς
1284 1140 1359 1192 Οὐ
1386 1139 1545 1210 χάριν
1576 1138 1739 1210 ἔργου

236 1225 426 1279 Καλοῦ
452 1224 651 1278 λύσσαν
686 1224 902 1295 ἔχοντες
928 1225 1234 1291 ἀολλίζοντο
1263 1226 1497 1292 πολῖται,

240 1318 426 1386 Ὀςρρα
453 1334 512 1369 σε
546 1317 825 1387 πετρόεντι
860 1317 1256 1388 κατακρύψωσι
1282 1319 1498 1389 χιτῶνι’

250 1407 411 1460 Ἀλλὰ
440 1406 846 1478 βαρυγλώσσοιο
876 1408 997 1460 τεοῦ
1023 1408 1181 1478 χάριν
1205 1408 1564 1479 ἀνθερεῶνος,

240 1499 398 1552 ὐτ-ιι
434 1497 795 1569 χαμαιγενέος
826 1498 1074 1568 μεθέπων
1115 1497 1399 1569 βλάστημα
1435 1497 1714 1568 γενέθλης,

234 1589 441 1660 θνητὸς
470 1589 572 1642 ἐὼν
602 1590 813 1652 ἐνέπεις
846 1588 977 1653 Θεὸς
1002 1591 1257 1661 ἔμμεναι.
1291 1590 1359 1645 54
1393 1588 1691 1661 Ἀντιπόρῳ
1718 1586 1773 1639 δὲ

232 1678 469 1750 Χριστὸς
490 1678 901 1749 ἀναμφήριστον
930 1679 1059 1742 ἔπος
1082 1680 1364 1751 μυθήσατο
1394 1680 1508 1751 λαῷ
1526 1697 1541 1710 ·

232 1773 311 1824 Οὐ
340 1771 500 1840 νόμος
535 1770 738 1841 ὑμείων
765 1772 1156 1842 κεχαραγμένα
1186 1772 1355 1825 ταῦτα
1378 1771 1628 1843 κομίζει·

231 1854 401 1909 Εἶπον
419 1855 546 1925 ἐγώ·
566 1856 689 1909 Θεοί
714 1858 835 1909 ἐστε
853 1873 866 1922 ;
890 1857 959 1911 55
974 1859 1080 1911 Καὶ
1102 1862 1147 1911 εί
1169 1859 1394 1930 χθονίων
1411 1860 1560 1924 τινὰς
1588 1858 1818 1932 ἀνδρῶν,

231 1940 329 2007 Οἷς
355 1944 476 1997 τότε
510 1944 705 2015 μοῦνον
735 1945 885 1998 ἵκανε
915 1946 1048 1999 Θεοῦ
1083 1947 1239 2016 λόγος
1269 1945 1385 2013 ἶσος
1407 1949 1623 2021 ὀνείρῳ,

243 2036 543 2107 ’Υμετέρου
572 2036 790 2107 θεσμοῖο
821 2035 974 2100 θεοὺς
1004 2038 1297 2093 ἐκάλεσσεν
1328 2040 1500 2111 ἀοιδὴ,

232 2126 343 2182 Καὶ
367 2125 647 2196 γραφικῆς
687 2124 888 2194 βί6λοιο
918 2126 1238 2192 παλίλλυτος
1277 2128 1508 2199 ἔμμεναι
1530 2130 1678 2203 ὀμφὴ

230 2218 305 2269 Οὐ
328 2215 572 2272 δύναται⁶
605 2216 671 2271 56
686 2217 856 2286 Λόγον
879 2217 1039 2272 αὐτὸν
1054 2219 1111 2274 ὃν
1128 2220 1432 2291 ’Υψιμέδων
1450 2222 1583 2292 πόρε
1608 2222 1817 2294 κόσμῳ,

229 2308 342 2363 Καὶ
364 2308 611 2379 καθαρῆς
643 2308 902 2379 παλάμης
940 2310 1079 2379 ἁγίῳ
1097 2312 1482 2384 ςφρηγίσσατο
1513 2312 1720 2384 θεσμῷ,

240 2405 435 2474 Ὑμεῖς
460 2403 669 2475 ἄφρονα
705 2378 870 2473 μῦθον
904 2378 1312 2469 ἐπεφθέγξασθε
1352 2378 1633 2473 μανέντες,

230 2495 384 2548 Ὅττι
418 2493 551 2547 Θεοῦ
587 2493 815 2558 ζώοντος
841 2492 951 2562 ἐγὼ
986 2493 1143 2557 Πάῖς.
1178 2494 1249 2547 ’57
1296 2494 1594 2565 Ἦμετέρου
1629 2494 1686 2548 δὲ

230 2589 295 2641 Εἰ
334 2588 408 2659 μὴ
448 2586 557 2656 ἐγὼ
586 2586 754 2640 τελέω
778 2585 1056 2659 ζωαρκέος
1084 2585 1220 2658 ἔργα
1244 2587 1473 2657 Τοκῆος,

231 2682 329 2751 Μή
354 2680 483 2733 ποτέ
515 2697 603 2751 μοι
636 2679 916 2733 πείθεσθε·
951 2678 1019 2732 58
1048 2679 1140 2732 καὶ
1172 2679 1222 2731 εί
1250 2677 1527 2750 βιοδώτορι
1561 2679 1721 2756 μύθῳ.

244 2773 312 2824 Ἠ
325 2771 553 2842 μετέρου
590 2770 883 2841 Γενετῆρος
918 2770 1210 2842 ἀτέρμονος
1237 2770 1359 2833 ἄξια
1384 2768 1523 2841 ῥέζω

238 2864 467 2932 Ἔργοις
503 2861 811 2932 ἡμετέροις,
844 2861 1020 2929 τάπερ
1050 2861 1246 2933 ἔδρακε
1278 2860 1487 2932 μάρτυς
1513 2860 1729 2932 όπωπὴ,

236 2957 427 3024 Ὀερρα
464 2970 527 3007 κε
553 2952 868 3023 γινώσκοιτε
899 2951 1237 3023 θεοπνεύστῳ
1272 2952 1375 3004 τινὶ
1413 2952 1587 3023 μύθῳ,

233 3046 327 3109 Ὠς
354 3047 412 3097 ἐν
440 3045 562 3114 ἐμοὶ
589 3042 794 3097 τελέθει
818 3042 1047 3112 Γενέτης
1080 3043 1211 3112 ἐμός
1230 3059 1243 3073 ·
1278 3043 1391 3095 ὅττι
1423 3043 1516 3095 καὶ
1546 3043 1706 3108 αὐτὸς

236 3134 593 3207 ’Λγχιφανὴς,
622 3134 932 3205 ἀμέριστός,
964 3132 1229 3204 ὁμόζυγός
1267 3134 1381 3204 εἰμι
1411 3135 1639 3205 Τοκῆος.

280 3225 353 3281 59
386 3227 595 3299 Ἰησοῦν
611 3226 660 3281 δ’
678 3228 936 3297 ἀκίχητον
955 3224 1315 3296 ἐπειρήσαντο
1332 3221 1536 3286 πιέζειν

229 3319 396 3389 120
437 3316 728 3390 Ἀφραδέες
765 3317 908 3381 τινὲς
947 3316 1139 3388 ἄνδρες
1164 3332 1178 3347 ’
1217 3318 1247 3371 ὁ
1290 3317 1347 3371 δὲ
1390 3317 1650 3388 φθαμένῳ
1696 3319 1817 3372 ποδὶ

1524 3408 1747 3480 [βαίνων

230 3498 553 3552 Δυσσεϐέων
587 3497 695 3552 ἀπὸ
724 3501 925 3570 χειρὸς,
959 3498 1029 3553 40
1071 3499 1357 3571 Ἰορδανοῖο
1397 3499 1618 3571 ῥεέθρου

232 3590 408 3654 [Ιέζαν
436 3592 495 3654 ἐς
534 3591 884 3661 ἀντιπέραιαν
918 3590 1174 3661 ἐχάζετο*
1208 3592 1269 3645 41
1303 3592 1396 3645 καί
1424 3594 1471 3645 οί
1502 3592 1633 3645 ἰόντι

233 3682 502 3744 Ἀσπετος
531 3681 840 3753 ὀμάρτησεν
876 3682 1207 3753 όμοστιχέων
1236 3682 1390 3752 χορὸς
1411 3682 1639 3753 ἀνδρῶν.

233 3773 416 3843 Ἀλλῳ
449 3773 495 3826 δ’
524 3771 681 3835 ἄλλος
711 3771 856 3835 ἔλεξε
888 3770 1028 3842 χέων
1063 3771 1367 3842 πειθήμονα
1403 3772 1598 3842 βουλήν
1619 3789 1631 3802 ’

234 3862 426 3932 Θαῦμα
456 3860 556 3932 μὲν
586 3861 958 3932 ἐμπεδόμυοος
988 3862 1118 3914 ἰδεῖν
1148 3860 1374 3934 θηήτορι
1399 3862 1513 3932 λαῷ

235 3954 393 4007 Οὐδὲν
436 3953 687 4023 Ἰωάννης
723 3951 1065 4006 ἐπεδείκνυεν
1085 3967 1099 3981 ·
1128 3952 1273 4022 ἀμφὶ
1303 3953 1359 4005 δὲ
1397 3950 1586 4004 τούτου

233 4047 523 4115 Ὀμμασιν
549 4045 911 4098 ἀπλανέεσσιν
945 4044 1187 4114 ἐτήτυμα
1217 4042 1391 4095 πάντα
1419 4040 1624 4095 δοκεύω

234 4134 493 4192 Ὀππόσα
522 4139 696 4200 κεῖνος
733 4134 900 4200 ἔλεξε.
937 4134 1006 4188 42
1042 4131 1150 4185 Καὶ¹
1204 4131 1392 4203 ἀνέρες
1421 4130 1605 4185 αὐτόοι
1636 4131 1815 4186 πολλοὶ

231 4230 386 4283 nam
406 4228 540 4282 Θεοῦ
575 4228 846 4290 πίστευον,
868 4225 1159 4299 ἁμιμὴτων
1189 4223 1348 4295 χάριν
1378 4223 1573 4291 ἔργων.

1234 209 1717 267 PARAPHRASIS
1748 207 1815 264 IN
1850 204 2189 265 JOANNEM.
2226 240 2296 254 κ-
2330 212 2484 270 CAP.
2522 212 2568 268 Χ

3402 225 3509 285 838

1863 321 1910 379 Α
1940 334 2112 389 genus
2161 338 2374 389 sumus,
2433 324 2685 394 lnsitum,
2717 341 2814 397 per
2870 342 2929 383 se
2980 328 3315 397 radicatum,
3362 339 3510 392 unde

1938 411 2138 481 planta:
2179 413 2405 468 inﬁnitae
2428 417 2636 471 mundi.

2003 502 2061 556 '51
2096 502 2241 556 Dixit
2271 503 2656 576 Rex;populus
2684 516 2863 562 autem
2886 508 3237 574 conﬂuxit,et
3264 529 3329 567 ex
3356 515 3507 583 pavl-

1935 603 2117 647 mento
2136 593 2367 665 Lapides
2388 599 2633 662 sustulit,
2656 596 2967 664 utlapidum
2991 610 3327 671 arreptorum
3357 605 3508 661 rabie

1933 684 2209 740 Christum
2231 687 2566 757 jacularetur
2593 706 2656 745 ex
2682 690 2801 745 loco
2826 692 3155 763 confragoso
3172 695 3326 749 lectis
3350 696 3509 764 jacu-

1934 774 2018 830 lis.
2038 778 2106 831 52
2127 777 2287 834 Jesus
2319 790 2495 835 autem
2523 783 2825 851 respondit,
2854 784 3085 840 {inridens
3119 788 3506 857 expostulatri-

1931 881 2049 919 cem
2083 884 2268 924 vocem
2297 888 2311 923 :
2341 869 2537 924 Nostro
2572 872 2711 926 bona
2747 874 2917 927 multa
2946 875 3015 927 ab
3047 876 3317 930 altissimo
3344 875 3506 930 Patre

1932 955 2041 1013 Vos
2057 974 2219 1028 opera
2236 959 2394 1015 docui
2418 976 2539 1031 quae
2561 961 2723 1016 didici
2743 982 2756 1017 :
2776 980 2872 1031 pro
2890 980 2999 1033 quo
3024 974 3204 1020 autem
3227 966 3401 1036 Opere
3423 967 3505 1022 di-

1931 1049 2055 1101 vino
2078 1048 2474 1104 homicidialem
2494 1052 2862 1120 persolventes
2882 1055 3317 1123 retributionem,
3337 1055 3392 1110 In
3417 1071 3505 1111 mc

1932 1139 2195 1208 lapidosis
2227 1143 2492 1195 exarmati
2522 1144 2659 1198 estis
2684 1143 2929 1212 jaculis?
2962 1146 3034 1200 55
3053 1146 3295 1216 Populus
3321 1156 3502 1203 autem

1929 1232 2208 1299 respondit
2274 1231 2517 1286 vicissim
2569 1250 2583 1285 :
2634 1231 2754 1286 Non
2814 1242 3036 1303 propter
3095 1251 3234 1305 opus
3290 1236 3501 1291 Bonum

1929 1322 2132 1377 rabiem
2173 1321 2443 1378 habentes
2480 1325 2795 1396 congregati
2822 1336 2952 1381 sunt
2985 1329 3154 1403 cives,
3188 1330 3255 1385 Ut
3287 1339 3338 1385 te
3364 1331 3500 1401 lapi-

1926 1414 2060 1469 dosa
2091 1415 2366 1470 occultent
2412 1416 2633 1480 tunica;
2669 1414 2773 1471 Sed
2826 1418 3150 1473 maledicum
3187 1432 3338 1475 tuum
3372 1439 3504 1493 pro-

1941 1514 2066 1575 pter
2096 1522 2177 1569 os,
2214 1506 2366 1572 Quod
2406 1516 2631 1562 terrena:
2682 1509 2889 1565 habens
2939 1526 3157 1579 germen
3202 1516 3506 1583 generatio-

1928 1596 2034 1655 nis,
2061 1594 2307 1650 Mortalis
2335 1598 2626 1663 exsistens,
2667 1599 2806 1653 dicis
2834 1608 2885 1653 te
2916 1599 3083 1654 Deum
3109 1618 3251 1658 esse.
3299 1606 3367 1659 54
3395 1603 3505 1675 Ορο

1856 1662 2107 1755 Bposito
2176 1696 2354 1741 autem
2422 1662 2678 1744 Christus
2746 1690 3114 1746 indubitatum
3193 1662 3501 1750 sermonem

1922 1777 2059 1831 dixit
2090 1778 2331 1847 populo:
2367 1777 2557 1832 Nonne
2601 1780 2682 1834 lex
2731 1789 2911 1835 vestra
2962 1783 3176 1852 signata
3222 1785 3339 1840 haec
3368 1798 3498 1856 pro.

1924 1866 2073 1921 fert:
2108 1867 2223 1921 Dixi
2272 1883 2409 1938 ego:
2444 1868 2523 1923 Dii
2568 1871 2744 1926 estis?
2797 1873 2865 1926 55
2922 1872 3006 1938 Et,
3041 1873 3099 1929 'si
3140 1879 3496 1935 terrestribus

1923 1958 2190 2027 quosdam
2236 1975 2300 2013 ex
2347 1962 2500 2025 viris,
2556 1962 2636 2015 Ad
2685 1978 2824 2031 quos
2856 1972 2987 2019 tunc
3024 1967 3198 2019 solum
3229 1967 3375 2021 venit
3406 1966 3500 2021 Dei

1922 2049 2145 2103 verbum
2191 2050 2366 2104 simile
2422 2052 2654 2115 somnio,
2693 2051 2901 2108 Vestra:
2950 2055 3085 2125 legis
3126 2057 3256 2111 deos
3286 2058 3503 2113 vocavit

1923 2150 2133 2205 cantus,
2181 2140 2248 2194 Et
2292 2144 2482 2212 scripti
2532 2145 2655 2199 libri
2704 2146 2945 2201 rescissa
3000 2164 3123 2203 esse
3162 2148 3345 2203 divina
3394 2166 3497 2208 vox

1910 2233 2037 2288 [Non
2076 2242 2284 2304 potest:
2334 2234 2403 2289 56
2454 2234 2522 2291 de
2571 2234 2750 2292 Verbo
2800 2238 2945 2307 quod
2998 2240 3303 2310 Altiregens
3351 2241 3499 2295 dedit

1921 2327 2144 2391 mundo,
2177 2325 2241 2379 Et
2264 2341 2415 2396 pura:
2447 2341 2644 2382 manus
2673 2336 2860 2383 sancta
2891 2330 3199 2399 obsignavit
3222 2332 3361 2400 lege,
3387 2329 3497 2387 Vos

1920 2417 2267 2486 insipientem
2330 2433 2639 2473 sermonem
2710 2420 2880 2473 locuti
2944 2422 3078 2477 estis
3139 2422 3502 2479 insanientes.

1923 2508 2060 2573 Quia
2095 2506 2188 2562 Dei
2223 2507 2326 2561 vivi
2370 2524 2470 2577 ego
2507 2520 2627 2563 sunt
2662 2509 2853 2565 Filius.
2889 2511 2957 2565 57
2978 2510 3163 2566 Nostri
3211 2523 3391 2567 autem
3439 2512 3499 2567 Si

1921 2611 2029 2650 non
2070 2610 2171 2666 ego
2216 2596 2439 2665 perﬁcio
2490 2598 2671 2653 vitalis
2719 2613 2885 2668 opera
2934 2598 3136 2665 Patris,
3207 2599 3497 2670 Nunquam

1920 2688 2049 2741 mihi
2092 2688 2317 2743 creditis
2349 2706 2362 2741 :
2394 2688 2463 2742 '58
2504 2699 2558 2743 et
2599 2690 2644 2744 si
2682 2691 2804 2744 vita:
2848 2690 3039 2745 datore
3086 2693 3251 2745 verbo
3297 2691 3499 2748 Nostro

1919 2777 2078 2832 Patre
2116 2787 2323 2834 aeterno
2370 2779 2530 2848 digna
2586 2780 2729 2834 facio
2780 2782 3050 2852 Operibus
3100 2783 3328 2847 nostris,
3374 2797 3498 2853 qum

1917 2874 2057 2929 vidit
2101 2875 2400 2929 testificaris
2436 2875 2610 2937 visus,
2644 2873 2713 2929 Ut
2744 2877 3089 2945 cognoscatis
3120 2892 3149 2929 a
3185 2876 3295 2932 Deo
3323 2880 3496 2950 inspi-

1845 2990 1885 3045 ρ
1921 2977 2041 3023 rato
2065 2970 2298 3039 quodam
2324 2985 2597 3032 sermone,
2634 2970 2789 3035 Quod
2820 2971 2873 3023 in
2901 2984 2987 3024 me
3013 2980 3097 3024 est
3118 2970 3278 3025 Pater
3304 2987 3491 3037 meus;

1916 3067 2061 3136 quod
2106 3074 2160 3119 et
2206 3067 2321 3135 ipse
2376 3064 2551 3135 Prope
2600 3080 2892 3135 apparens,
2931 3066 3221 3129 indivisns,
3273 3082 3496 3138 compar

1918 3177 2038 3216 sum
2074 3161 2241 3214 Patri.
2298 3162 2366 3217 59
2418 3161 2601 3216 Jesum
2654 3172 2833 3216 autem
2890 3162 3490 3232 incomprehensibilem

1919 3264 2199 3313 tentarunt
2247 3272 2443 3326 capere
2469 3258 2621 3325 121
2657 3257 3033 3327 Imprudentes
3077 3259 3300 3329 quidam
3347 3261 3445 3314 viri
3477 3280 3490 3315 :

1917 3355 2008 3409 ille
2042 3361 2223 3407 autem
2267 3352 2429 3407 celeri
2482 3354 2618 3421 pede
2664 3352 2901 3408 evadens
2934 3352 3226 3423 lmpiorum
3258 3370 3289 3409 e
3319 3355 3494 3409 mani-

1916 3449 2038 3513 bus,
2079 3450 2147 3504 40
2166 3448 2388 3503 Jordani
2431 3447 2581 3501 ﬂuvii
2622 3447 2916 3518 [legionem
2954 3450 3007 3502 in
3036 3450 3343 3518 Oppositam
3374 3448 3492 3505 dis-

1918 3546 2120 3614 cessit;
2162 3548 2226 3602 U
2266 3553 2326 3600 et
2358 3546 2533 3616 ipsum
2575 3555 2796 3601 euntem
2837 3546 3090 3601 lntinitus
3160 3548 3494 3617 sequebatur

1917 3643 2083 3698 simul
2122 3641 2434 3698 vadentium
2477 3649 2655 3695 castus
2694 3642 2954 3695 virorum.
2995 3641 3100 3694 Alii
3127 3650 3308 3695 autem
3352 3642 3496 3695 alius

1917 3740 2092 3803 dixit,
2148 3736 2383 3791 inridens
2432 3737 2705 3791 credulam
2766 3738 3136 3792 sententiam:
3170 3736 3491 3792 Miraculum

1917 3836 2137 3906 quidem
2165 3832 2507 3902 ﬁrmiloquus
2532 3832 2599 3885 ad
2624 3832 2913 3887 videndum
2944 3832 3256 3903 inspicienti
3290 3834 3491 3902 poliqu

1917 3927 2137 3984 Nullum
2168 3927 2410 3982 Joannes
2440 3927 2796 3993 monstravit;
2832 3927 2899 3983 de
2940 3928 3045 3982 hoc
3086 3937 3266 3982 autem
3302 3925 3492 3983 Oculis

1919 4040 2029 4081 non
2078 4023 2397 4079 errantibus
2433 4037 2559 4077 vera
2590 4022 2775 4075 omnia
2816 4023 2972 4078 video
3003 4021 3357 4093 Quaecunque
3402 4022 3493 4077 ille

1918 4122 2075 4177 dixit.
2104 4119 2176 4175 42
2205 4118 2270 4172 Et
2297 4117 2398 4171 viri
2445 4118 2518 4173 ibi
2565 4115 2722 4171 multi
2754 4116 2891 4173 Filio
2916 4117 3010 4175 Dei
3064 4120 3363 4177 credebant
3408 4122 3493 4175 in-

1923 4217 2209 4274 imitabilia
2244 4222 2469 4286 propter
2495 4229 2682 4283 opera.

1429 4347 1714 4405 TEXTUS
1754 4341 2287 4407 EVANGELISTIE.

298 4474 358 4529 3|
414 4470 749 4525 Ἑϐάστασαν
789 4464 880 4522 οὖν
919 4468 1077 4521 πάλιν
1118 4465 1297 4529 λίθους
1339 4463 1390 4517 οἱ
1424 4464 1685 4532 Ἰουδαῖοι,
1723 4465 1809 4519 ἵνα
1843 4470 1884 4524 D
1980 4461 2047 4516 57
2080 4460 2142 4513 El
2184 4459 2247 4511 οὐ
2293 4455 2428 4509 ποιῶ
2466 4454 2534 4508 τὰ
2580 4455 2715 4526 ἔργα
2760 4455 2852 4510 τοῦ
2885 4456 3093 4529 Πατρός
3130 4478 3252 4529 μου,
3284 4462 3359 4535 μὴ
3403 4483 3493 4519 πι-

231 4557 526 4609 λιθάσωσιν
553 4551 735 4606 αὐτόν.

295 4638 367 4693 '52
422 4634 719 4706 Ἀπεκρίθη
747 4634 929 4698 αὐτοῖς
959 4636 987 4688 ὁ
1025 4630 1253 4703 Ἰησοῦς·
1299 4628 1475 4683 Πολλὰ
1506 4628 1645 4682 καλά
1674 4628 1809 4700 ἔργα

228 4721 405 4785 ἔδειξα
448 4719 576 4788 ὑμῖν
619 4719 684 4770 ἐκ
724 4715 818 4770 τοῦ
866 4715 1077 4787 Πατρός
1123 4729 1256 4784 μου⁶
1309 4712 1397 4765 διὰ
1451 4714 1598 4765 ποῖον
1632 4711 1810 4765 αὐτῶν

226 4806 390 4876 ἔργον
422 4799 672 4865 λιθάζετέ
713 4816 779 4869 με
801 4816 815 4864 ;

296 4890 370 4943 55
397 4884 799 4956 ’Δπεκρίθησαν
830 4882 977 4953 αὑτῷ
999 4883 1046 4935 οἱ
1085 4879 1346 4941 Ἰουδαῖοι,
1369 4878 1613 4946 λέγοντες
1630 4890 1643 4908 ⁵
1675 4878 1748 4930 Πε
1759 4877 1811 4950 pi

226 4969 396 5026 καλοῦ
427 4969 588 5041 ἔργου
616 4968 677 5020 οὐ
701 4964 990 5037 λιθάζομέν
1016 4981 1098 5026 σε,
1121 4962 1256 5017 ἀλλά
1284 4963 1413 5031 περὶ
1446 4960 1813 5030 βλασφημίας,

224 5054 324 5108 καὶ
359 5054 442 5105 ὃτι
472 5051 539 5104 σὺ
572 5050 857 5120 ἄνθρωπος
886 5046 963 5101 ὣν
996 5049 1167 5109 ποιεῖς
1197 5042 1421 5098 σεαυτὸν
1448 5042 1601 5095 Θεόν.

298 5135 370 5189 54
410 5131 704 5203 ’Δπεκρίθη
729 5132 912 5194 αὐτοῖς
941 5132 971 5184 ὁ
1006 5127 1209 5199 Ἰησοῦς
1229 5143 1243 5155 ·
1278 5126 1390 5180 Οὐκ
1426 5123 1541 5176 ἔστι
1572 5138 1817 5193 γεγραμ-

230 5219 396 5288 μένον
417 5218 474 5270 ἐν
502 5215 581 5286 τῷ
610 5217 760 5286 νόμῳ
787 5214 967 5285 ὑμῶν’
1016 5209 1156 5279 Ἐγὼ
1187 5207 1337 5273 εἶπα,
1367 5206 1477 5260 θεοί
1508 5209 1662 5271 ἐστε;

305 5301 376 5355 55
418 5300 481 5353 Ei
520 5297 757 5360 ἐκείνους
801 5293 923 5351 εἶπε
961 5294 1137 5357 θεοὺς,
1168 5292 1306 5364 πρὸς
1346 5290 1438 5353 οὒς
1469 5293 1497 5343 ὁ
1529 5288 1686 5357 λόγος
1724 5287 1814 5341 τοῦ

227 5382 369 5435 Θεοῦ
398 5381 633 5449 ἐγένετο,
662 5381 755 5433 καὶ
786 5380 845 5433 οὐ
873 5378 1095 5431 δύναται
1117 5375 1340 5445 λυθῆναι
1368 5375 1402 5443 ἡ
1432 5372 1619 5442 Γραφή
1643 5387 1658 5401 ο

304 5464 374 5519 56
410 5465 508 5517 Ὃν
552 5464 581 5516 ὁ
624 5463 814 5533 Πατὴρ
854 5461 1047 5532 ἡγίασε
1096 5457 1189 5511 καὶ
1240 5454 1557 5509 ἀπέστειλεν
1606 5454 1686 5533 είς
1731 5452 1821 5505 τὸν

228 5547 463 5617 κόσμον,
496 5547 652 5616 ὑμεῖς
685 5530 900 5613 λέγετελ
929 5545 1049 5597 Ὀτι
1094 5540 1429 5613 βλασφημεῖς
1453 5554 1466 5567 ·
1509 5537 1591 5590 ὃτι
1638 5530 1817 5588 εἷπον·

233 5629 367 5695 Υἱὸς
408 5627 502 5682 τοῦ
537 5626 673 5681 Θεοῦ
708 5629 852 5699 εἰμις

1913 4541 2293 4626 στευειὲέῄμρι.
2352 4618 2379 4626 _
2481 4618 2502 4626 _
2575 4620 2587 4626 μ
2672 4619 2682 4626 _
2773 4619 2784 4626 -
2944 4592 2989 4626 ο

1981 4624 2050 4680 38
2083 4624 2144 4675 Εί
2170 4621 2226 4674 δὲ
2251 4618 2410 4681 ποιῶ,
2440 4618 2542 4673 κᾶν
2572 4619 2695 4689 ἐμοὶ
2726 4619 2800 4689 μὴ
2829 4618 3140 4691 πιστέύητε,
3175 4626 3287 4689 τοῖς
3313 4626 3493 4700 ἔργοις

1912 4705 2268 4761 πιστεύσατεο
2310 4701 2396 4753 ἵνα
2431 4701 2603 4769 γνῶτε
2650 4702 2744 4755 καὶ
2786 4703 3108 4775 πιστεύσητε
3152 4706 3235 4757 ὅτι
3281 4709 3337 4760 ἐν
3371 4710 3494 4781 ἐμοὶ

1911 4794 1940 4845 ὁ
1974 4787 2181 4859 Πατὴρ,
2216 4783 2373 4853 κάγὼ
2392 4785 2449 4836 ἐν
2477 4781 2647 4853 αὐτῷ.

1984 4875 2053 4930 39
2089 4871 2340 4942 Ἐζήτουν
2361 4866 2456 4922 οὖν
2490 4868 2652 4922 πάλιν
2689 4868 2850 4922 αὐτὸν
2879 4868 3101 4923 πιάσαν
3138 4871 3233 4925 καὶ
3270 4871 3494 4944 ἐξῆλθεν

1918 4958 1982 5010 ἐκ
2018 4956 2115 5025 τῆς
2150 4952 2332 5023 χειρὸς
2363 4951 2565 5005 αὐτῶν.

1987 5037 2056 5092 40
2076 5036 2185 5091 Καὶ
2208 5034 2421 5105 ἀπῆλθε
2454 5034 2620 5088 πάλιν
2662 5035 2835 5104 πέραν
2868 5034 2959 5088 τοῦ
3002 5035 3263 5106 Ἰορδάνου
3299 5038 3379 5100 εἰς
3404 5036 3493 5091 τὸν

1916 5121 2078 5175 τόπον
2118 5119 2253 5171 ὅπου
2293 5113 2362 5188 ἦν
2413 5117 2665 5188 Ἰωάννης
2692 5117 2753 5169 τὸ
2791 5117 3006 5186 πρῶτον
3042 5116 3349 5187 βαπτίζων*
3397 5120 3492 5174 καὶ

1918 5203 2129 5275 ἔμεινεν
2150 5202 2285 5254 ἐκεῖ.

1989 5285 2051 5339 41
2105 5284 2210 5336 Καὶ
2260 5280 2444 5334 πολλοὶ
2485 5276 2648 5351 ἦλθον
2690 5282 2828 5350 πρὸς
2875 5280 3072 5343 αὑτὸν,
3130 5283 3222 5335 καὶ
3274 5283 3489 5351 ἔλεγονο

1920 5369 2041 5421 Ὀτι
2086 5364 2336 5432 Ἰωάννης
2374 5361 2473 5431 μὲν
2519 5364 2744 5432 σημεῖον
2785 5363 3041 5432 ἐποίησεν
3091 5364 3277 5418 οὐδέν·
3319 5365 3503 5421 πάντα

1917 5450 1973 5503 δὲ
2010 5449 2111 5501 ὅσα
2138 5441 2291 5498 εἶπεν
2326 5443 2579 5513 Ἰωάννης
2610 5444 2739 5515 περὶ
2761 5443 2975 5509 τούτου,
3012 5445 3188 5517 ἀληθῆ
3225 5441 3316 5520 ἦν.

1989 5531 2059 5584 42
2079 5528 2185 5582 Καὶ
2210 5526 2535 5580 ἐπίστευσαν
2565 5524 2752 5579 ’πολλοὶ⁵
2770 5527 2887 5581 ἐκεῖ
2907 5527 2987 5591 είς
3012 5527 3197 5584 αὐτόν.
