3956 6202
199 299 308 357 ΒόἹ

195 420 371 517 (ἕως
394 418 539 517 ἀνὴρ
574 419 829 517 πίστευεν
849 439 862 454 ·
902 425 974 482 38
998 426 1147 494 ὅπως
1182 435 1562 511 πληρούμενον
1594 443 1682 517 εἴη

212 511 445 604 Ἡσαΐας
469 512 640 585 τόπερ
662 510 804 582 εἷπε,
834 517 975 590 χέων
1001 523 1348 597 πρωτόθροον
1373 529 1580 604 ὀμφήν·

195 603 463 699 ξοίρανε,
494 605 577 669 τίς
614 608 755 678 μετὰ
781 611 952 666 τόσσα
982 618 1080 689 τεῇ
1111 618 1407 676 πίστευσεν
1439 624 1651 699 ἀκουῇς

197 694 276 746 Ἣ
301 695 407 788 τίνι
431 700 777 767 παγγενέταο
803 702 938 759 Θεοῦ
962 710 1240 779 γυμνοῦτο
1269 713 1543 788 βραχίων;

190 785 267 879 ξε)
296 781 376 843 Οὔ
408 791 570 862 χάριν
596 792 698 847 οὐκ
720 795 975 854 ἐδύναντο
990 800 1212 859 θεουδέα
1446 781 1650 879 ἀέξειν·

190 870 361 975 Ὀττι
394 882 491 935 καὶ
526 882 756 950 Ἡσαΐας
784 888 947 943 πάλιν
970 890 1163 949 ἔννεπε
1203 897 1416 955 θέσπιδι

191 972 367 1047 1“
403 975 474 1033 40
527 977 875 1051 Ὀφθαλμοὺς
918 984 1167 1043 ἀλάωσεν
1206 991 1359 1062 ἐμῶν
1411 972 1795 1069 ἐπιμάρτυρας

1520 1087 1698 1142 ἔργων

188 1157 308 1213 Καὶ
330 1158 452 1213 νόον
482 1160 829 1218 ίθυκέλευθον
862 1165 1099 1237 ἐθήκατο
1119 1172 1320 1242 τυφλὸν
1350 1086 1719 1251 aerifwa

189 1250 289 1318 Μὴ
319 1250 517 1322 κραδίῃ
545 1252 757 1321 νοέωσι,
787 1256 882 1309 καὶ
908 1257 1240 1332 ἀθρήσουσιν
1259 1250 1533 1334 ὀπωπαῖς,

187 1341 309 1394 Καί
346 1360 436 1413 μοι
462 1344 866 1417 ὑποστρέψωσι,
899 1350 1227 1419 νοοϐλαϐέας
1259 1356 1316 1411 δὲ
1344 1358 1541 1414 σαώσω

189 1433 436 1506 Ἀνδρας
464 1435 874 1508 ἁλιτραίνοντας
897 1442 1016 1515 ἐμῷ
1045 1447 1266 1519 παιήονι
1298 1450 1476 1522 μύθῳ,

197 1524 391 1599 ’ἰητὴρ
422 1526 679 1600 ἀσίδηρος
709 1532 979 1605 ἐχέφρονα
1022 1537 1290 1609 φάρμακα
1330 1543 1575 1600 πάσσων.

184 1616 253 1670 41
316 1618 541 1711 Ἦσαῖας
562 1621 691 1675 τάδε
714 1624 895 1680 πάντα
923 1629 1236 1702 κατέγραφε
1266 1632 1479 1691 Θέσπιδι
1506 1641 1679 1711 φωνῇ,

185 1709 354 1763 Ὀττι
378 1710 516 1765 Θεοῦ
551 1714 812 1786 Χριστοῖο
842 1719 1117 1793 προώριον
1155 1724 1353 1796 ἔδρακε
1386 1732 1553 1800 τιμὴν

197 1801 503 1875 ὀφθαλμῷ
532 1808 764 1879 κραδίης
789 1813 1104 1886 πανδερκέῖ,
1142 1818 1236 1870 καὶ
1258 1819 1419 1891 χάριν
1444 1820 1611 1876 αὐτοῦ

198 1894 538 1968 Ἐσσομένην
588 1901 953 1971 προκέλευθον
976 1905 1265 1972 ἐθέσπιζεν
1298 1908 1484 1965 ἔνθεον
1511 1912 1713 1983 ὀμφήν.

191 1986 257 2040 42
300 1988 532 2062 Ἔμπης
566 1992 840 2059 ἀπλανέες
866 1998 1012 2061 τινὲς
1031 1999 1227 2071 ἀνέρες
1260 2000 1436 2072 ἴδμονι
1466 2006 1592 2075 σιγῇ

198 2080 370 2152 Ἀρχὴ
416 2082 707 2151 Ἰουδαίων,
736 2086 1040 2159 ὑψαύχενος
1067 2090 1295 2162 ὄμματα
1319 2092 1536 2164 βουλῆς,

184 2170 348 2223 Παιδὶ
375 2170 514 2225 Θεοῦ
548 2174 800 2230 πείθοντο
835 2176 1142 2249 θεηγενέων
1177 2181 1338 2253 χάριν
1371 2183 1572 2254 ἔργων·

198 2261 359 2315 Ἀλλὰ
395 2263 561 2332 φόϐον
592 2266 685 2318 καὶ
712 2265 875 2339 ζῆλον
902 2268 1230 2334 ἀλυσκάζων
1258 2274 1573 2343 Φαρισαίων

199 2354 477 2423 Ἀμφαδὸν
512 2356 661 2423 οὔτις
689 2358 889 2430 ἔφηνεν
919 2361 1007 2414 ἐὸν
1032 2362 1172 2416 νόον·
1204 2365 1484 2437 αίδομένου
1512 2366 1571 2422 δὲ

200 2446 525 2518 Ἐνδόμυχος
555 2450 677 2503 τότε
716 2451 899 2517 πίστις
927 2453 1031 2507 ὑπὸ
1054 2454 1235 2526 φρένα
1253 2457 1431 2525 φωτὸς
1464 2457 1721 2527 ἑκάστου,

196 2539 510 2612 Ἀπροῖδὴς,
544 2540 775 2613 ἀϐόητος
804 2545 1060 2600 ὲκεύθετο
1093 2548 1298 2617 φωλάδι
1336 2552 1483 2621 σιγῇ.

178 2629 251 2684 45
280 2631 403 2696 Πᾶς
451 2633 559 2705 γὰρ
594 2635 737 2709 ἀνὴρ
795 2637 1129 2710 προϐέϐουλε
1179 2644 1561 2714 χαμαιγενέων
1617 2647 1781 2718 χάριν

1465 2732 1709 2809 [ἀνδρῶν

179 2818 253 2870 Ἢ
294 2817 532 2888 μεγάλου
564 2819 782 2890 μούνοιο
818 2821 955 2877 Θεοῦ
992 2823 1344 2896 πολυφεγγέα
1365 2828 1557 2900 τιμήν.

174 2910 249 2965 44
306 2911 513 2982 Ἰησοῦς
532 2912 575 2966 δ’
600 2912 792 2985 ἰάχησε
823 2915 1058 2982 θυώδεος
1086 2917 1260 2973 ἔνδοθι
1290 2918 1445 2991 νηοῦ·

179 3002 380 3068 Ὅστις
408 3005 555 3076 ἐμῶν
583 3006 788 3073 δέξοιτο
819 3009 1160 3083 θεοφραδέων
1185 3012 1342 3085 στίχα
1375 3013 1580 3085 μύθων·

176 3095 277 3160 Εἰς
301 3096 405 3168 ἐμὲ
436 3099 707 3156 πιστεύων
732 3101 794 3155 ού
831 3102 1097 3168 πείθεται,
1127 3103 1264 3161 ἀλλὰ
1294 3105 1466 3177 Τοκῆῖ

177 3188 378 3253 Ὅστις
398 3189 501 3260 ἐμὲ
526 3191 787 3265 προέηκε.
817 3193 891 3249 45
922 3194 1033 3248 Καὶ
1060 3196 1426 3271 ἀνδρομέῃσιν
1451 3199 1705 3265 όπωπαῖς

176 3280 301 3343 Πᾶς
323 3278 427 3351 ἐμὲ
456 3282 794 3348 παπταίνων,
830 3284 925 3338 καὶ
956 3284 1090 3356 ἐμὸν
1115 3286 1393 3360 Γενετῆρα
1414 3288 1649 3346 δοκεύει.

176 3370 249 3427 48
288 3371 597 3444 Οὑρανόθεν
634 3374 771 3444 φάος
796 3371 961 3447 ἦλθον
986 3375 1097 3445 ἐγὼ
1130 3376 1455 3450 λιποφεγγέϊ
1488 3381 1699 3454 κόσμῳ·

180 3462 494 3535 Οὐρανόθεν
522 3464 659 3534 φάος
687 3462 873 3538 ἦλθον,
904 3468 991 3522 ἵνα
1024 3468 1215 3542 βροτὸς
1239 3471 1300 3536 ὃς
1335 3489 1404 3543 με
1439 3474 1701 3547 γεραίρῃ.

182 3554 377 3609 Πίστιν
410 3555 550 3627 ἔχων
584 3556 896 3623 άτίνακτον,
931 3560 990 3615 ἐν
1027 3560 1188 3632 ἀχλύῖ
1217 3564 1430 3634 μήποτε
1470 3565 1663 3640 μίμνῃ.

183 3647 247 3701 47
289 3648 482 3711 Ὅστις
520 3648 673 3719 ἐμῶν
696 3650 902 3715 δὲξοιτο
926 3650 1189 3707 θεόσσυτα
1213 3653 1465 3725 χεύματα
1496 3656 1705 3728 μύθων,

185 3740 296 3794 Καὶ
330 3740 407 3812 μὴ
447 3741 739 3813 ἁσυλήτοιο
761 3742 884 3797 νόου
911 3744 1186 3817 σφρηγῖδα
1217 3746 1452 3819 φυλάξῃ,

186 3833 256 3886 οὐ
287 3834 460 3903 κρίνω
482 3834 613 3888 ποτέ
638 3834 827 3890 τοῦτον
859 3834 972 3904 ἐγὼ
1010 3835 1221 3908 βροτόν·
1258 3838 1319 3891 οὐ
1362 3838 1469 3911 γὰρ
1502 3840 1673 3896 ἱκάνω

191 3924 404 3997 Κόσμον
434 3927 523 3980 ἴνα
556 3927 800 3998 κρίνοιμι
832 3927 1194 3995 πολύπλανον,
1227 3929 1367 3984 ἀλλὰ
1404 3930 1632 3987 σαῶσαι.

186 4013 255 4069 48
288 4016 387 4081 ’ος
425 4033 493 4088 με
525 4017 955 4090 παραγράψαιτο
978 4021 1074 4074 καὶ
1097 4019 1376 4091 ἡμετέρης
1406 4020 1614 4094 θρασὺς
1638 4023 1780 4097 ἀνὴρ

186 4107 445 4178 mpm
473 4108 550 4181 μὴ
577 4109 792 4175 δέξαιτο
819 4110 1041 4182 βιοσσόα
1066 4112 1319 4184 χεύματα
1356 4114 1564 4186 φωνῆς’

181 4194 356 4264 οὗτος
394 4200 509 4272 ἔχει
544 4202 804 4274 κρίνοντα
826 4204 1176 4260 δικασπόλον·
1206 4205 1481 4277 ἡμέτερος
1506 4207 1616 4281 γὰρ

184 4291 350 4377 146
385 4294 484 4349 Ὀν
507 4293 683 4351 λαλέω
701 4295 881 4366 λόγος,
912 4288 1071 4363 οὗτος
1084 4296 1319 4353 ἀπειθέα
1347 4297 1539 4354 τοῦτον
1567 4298 1777 4371 ἐλέγξει

3390 365 3494 421 858

1828 459 1876 512 Α
1903 451 2054 508 tibus
2074 469 2259 511 coram
2283 467 2439 514 extra
2462 459 2689 528 famam,
2717 462 2913 523 Nullus
2933 468 3019 524 vir
3042 470 3311 542 credidit;
3334 475 3403 530 38
3433 477 3491 520 ιιι

1904 545 2227 617 impleretur
2271 550 2446 609 Isaias
2490 554 2637 625 quod
2694 557 2854 626 dixit,
2916 558 3175 620 fundcnm
3221 568 3491 639 propheti-

1902 650 2024 691 cam
2064 653 2295 696 vocem:
2330 639 2581 711 Domine,
2616 649 2741 718 quis
2788 658 2914 720 post
2973 660 3125 710 tanta
3165 663 3259 711 tuo
3319 660 3491 716 credi-

1904 725 1987 780 dit
2038 728 2295 785 auditui?
2338 730 2432 787 Vel
2479 735 2568 790 cui
2618 738 2864 794 omnium
2935 744 3200 813 genitoris
3248 744 3345 803 Dei
3391 766 3493 805 nu-

1900 817 2090 873 datum
2133 832 2219 877 est
2257 824 2580 881 brachium?
2611 829 2681 884 '59
2712 828 2941 902 Propter
2970 836 3115 905 quod
3155 852 3265 893 non
3302 850 3485 909 potue-

1900 918 2031 965 runt
2100 914 2411 985 religiosam
2473 918 2633 974 fidem
2685 936 2918 994 angere;
2991 928 3130 994 Quia
3197 938 3253 985 et
3322 929 3493 988 Isaias

1899 1016 2098 1061 rursus
2160 1005 2292 1062 dixit
2350 1010 2669 1081 prophetica
2713 1029 2849 1071 voce
2898 1033 2915 1070 :
2972 1018 3130 1091 145
3169 1019 3241 1075 40
3290 1020 3489 1081 Oculos

1899 1096 2201 1153 obcaacavit
2226 1115 2474 1155 meorum
2499 1112 2668 1160 testes
2704 1122 2951 1177 operum,
2983 1109 3047 1164 Et
3078 1120 3315 1169 mentem
3366 1130 3487 1171 rec-

1899 1187 2165 1259 tigradam
2217 1191 2343 1248 fecit
2379 1209 2577 1250 caecam
2628 1199 3033 1269 errabundam;
3074 1202 3153 1259 Ne
3192 1206 3356 1263 corde
3404 1208 3489 1262 in-

1898 1279 2167 1352 telligant,
2211 1295 2267 1339 et
2325 1285 2549 1341 videant
2603 1289 2800 1357 oculis,
2857 1290 2924 1345 Et
2988 1293 3055 1348 ad
3118 1311 3203 1352 me
3256 1313 3485 1355 conver-

1899 1376 2122 1436 tantur”
2184 1384 2366 1431 mente
2419 1386 2603 1433 autem
2650 1371 2811 1436 laesos
2874 1396 3091 1440 servem
3147 1382 3308 1445 Viros
3352 1404 3482 1459 pec-

1897 1469 2090 1519 cantes
2148 1479 2271 1520 meo
2317 1478 2550 1524 sanante
2606 1471 2798 1537 verbo,
2861 1473 3109 1531 Medicus
3164 1478 3285 1535 sine
3337 1480 3485 1536 ferro

1896 1556 2282 1612 convenientia
2341 1560 2741 1619 medicamenta
2805 1566 3152 1638 inspergcns.
3200 1571 3265 1626 4l
3313 1573 3484 1643 Isaias

1898 1641 2015 1697 haec
2072 1648 2257 1702 omnia
2312 1652 2644 1722 conscripsit
2696 1654 2923 1734 fatidica
2977 1673 3147 1724 voce,
3199 1658 3337 1727 Quia
3389 1641 3482 1717 Dei

1896 1734 2099 1792 Christi
2127 1746 2341 1809 tempus
2364 1756 2837 1814 praeoccupantem
2866 1749 3005 1803 vidit
3029 1750 3283 1821 gloriam,
3311 1752 3483 1808 Oculo

1817 1817 1865 1877 Β
1892 1825 2077 1881 cordis
2093 1828 2277 1882 omnia
2294 1830 2533 1900 vidente,
2561 1844 2612 1890 et
2628 1846 2851 1906 propter
2869 1817 3052 1908 ipsum
3062 1817 3321 1896 Futuram
3342 1859 3482 1917 pra:-

1889 1927 2202 1975 currentem
2221 1921 2550 1980 vaticinatus
2576 1936 2661 1982 est
2696 1928 2937 1984 divinam
2959 1948 3170 1987 vocem.
3190 1933 3260 1987 42
3275 1934 3478 1990 Tamen

1890 2005 2035 2059 ﬁrmi
2090 2009 2319 2077 quidam
2350 2012 2455 2067 viri
2491 2012 2692 2069 scienti
2741 2017 2961 2072 silentio
2994 2017 3341 2090 Principatus
3383 2019 3479 2080 Ju-

1888 2094 2160 2165 daaorum,
2207 2102 2432 2172 superbi
2466 2105 2611 2159 oculi
2651 2107 2894 2171 consilii,
2929 2107 3068 2163 Filio
3104 2107 3197 2163 Dei
3231 2109 3480 2165 credide-

1887 2198 2019 2244 runt
2069 2189 2258 2246 divina
2308 2204 2533 2266 propter
2580 2212 2784 2269 Opera;
2827 2198 2933 2255 Sed
2982 2210 3185 2255 metum
3219 2211 3273 2256 et
3300 2202 3475 2257 zelum

1887 2283 2073 2340 vitans
2121 2283 2553 2355 Pharisaeorum,
2607 2291 2809 2360 Aperte
2864 2291 3051 2347 nullus
3107 2291 3479 2348 manifestavit

1886 2389 2043 2432 mm
2079 2385 2359 2446 mentem;
2397 2382 2701 2437 reverentis
2730 2389 2912 2436 autem
2943 2383 3098 2437 Intus
3137 2384 3311 2438 latens
3347 2393 3477 2438 tunc

1886 2467 2023 2523 ﬁdes
2073 2468 2178 2524 sub
2233 2470 2555 2539 praecordiis
2624 2472 2729 2527 viri
2791 2472 3087 2542 cujuslibet
3150 2473 3475 2543 lmprovisa.

1885 2559 2056 2614 tacita
2082 2561 2465 2617 occultabatur
2489 2563 2711 2619 condito
2741 2564 2984 2622 silentio.
3011 2565 3083 2620 43
3108 2564 3301 2627 Omnis
3328 2566 3474 2621 enim

1879 2655 1964 2712 vir
2014 2658 2343 2727 praeoptavit
2403 2660 2871 2730 humigenitorum
2926 2661 3159 2733 gratiam
3212 2661 3475 2727 virorum,

1881 2751 2057 2818 Quam
2112 2753 2296 2824 magni
2332 2755 2507 2811 solius
2540 2753 2639 2811 Dei
2671 2757 2901 2811 multum
2945 2757 3320 2826 splendentem
3376 2758 3477 2814 bo.

1878 2862 2091 2904 norem.
2137 2848 2208 2904 44
2242 2847 2403 2907 Jesus
2437 2858 2620 2907 autem
2659 2851 2845 2908 sonuit
2880 2851 3111 2906 odorato
3140 2855 3197 2907 in
3229 2853 3429 2924 templo
3457 2871 3472 2910 :

1878 2944 1983 3012 Qui
2049 2960 2300 3002 meorum
2369 2947 2644 3019 receperit
2710 2947 3179 3019 diviniloquorum
3242 2948 3470 3005 ordines

1877 3042 2196 3109 verborum,
2229 3043 2288 3099 ln
2322 3060 2410 3100 me
2440 3044 2675 3100 credens
2715 3059 2826 3099 non
2876 3045 3127 3111 conlidit,
3179 3043 3273 3100 sed
3320 3043 3470 3101 Patri

1800 3151 1848 3217 ο
1881 3139 1987 3207 Qui
2016 3156 2101 3198 me
2131 3140 2418 3212 praemisit.
2452 3141 2525 3196 45
2558 3141 2625 3196 Et
2658 3140 2919 3196 humanis
2951 3140 3129 3195 oculis
3166 3138 3358 3197 Omnis
3385 3156 3472 3202 me

1871 3237 2089 3303 videns,
2118 3246 2173 3293 et
2202 3253 2380 3294 meum
2413 3237 2631 3295 Patrem
2660 3238 2829 3293 videt.
2860 3236 2930 3290 46
2957 3236 3187 3293 Coelitus
3228 3237 3320 3290 lux
3347 3240 3471 3292 veni

1873 3349 1976 3407 ego
2009 3334 2314 3405 caliginoso
2361 3334 2591 3401 mundo,
2635 3332 2870 3389 leitus
2913 3334 3002 3388 lux
3036 3333 3184 3398 veni,
3214 3344 3274 3388 ut
3309 3332 3471 3388 homo

1874 3432 1970 3503 qui
2011 3446 2099 3486 me
2142 3430 2519 3498 honoraverit,
2569 3428 2758 3485 Fidem
2809 3430 3021 3486 habens
3068 3430 3374 3496 immotam,
3416 3430 3469 3484 in

1873 3527 2108 3599 caligine
2150 3541 2433 3599 nunquam
2469 3534 2711 3582 maneat.
2757 3525 2828 3580 47
2863 3525 3189 3597 Quicunque
3218 3541 3467 3581 meorum

1875 3624 2179 3694 susceperit
2223 3639 2253 3678 a
2296 3622 2409 3679 Deo
2460 3624 2728 3695 impulsos
2778 3624 2959 3678 ﬂuxus
3014 3637 3352 3685 sermonum,
3404 3620 3468 3674 Et

1874 3719 2150 3775 inviolatae
2198 3721 2402 3774 mentis
2449 3719 2687 3790 sigillum
2740 3718 3064 3783 servaverit,
3114 3718 3228 3772 Non
3276 3716 3468 3786 judico

1876 3831 2121 3887 unquam
2149 3815 2297 3871 hunc
2327 3830 2428 3887 ego
2456 3815 2769 3883 hominem;
2804 3830 2912 3869 non
2950 3814 3097 3868 enim
3129 3813 3293 3868 venio
3320 3811 3467 3867 Mun-

1875 3912 2005 3968 dum
2052 3920 2114 3967 ut
2158 3911 2399 3984 judicem
2447 3914 2679 3968 multum
2729 3924 3028 3977 errantem,
3083 3912 3179 3969 sed
3220 3927 3463 3969 servare.

1878 4010 1951 4066 48
1980 4009 2085 4076 Qui
2136 4025 2225 4066 me
2278 4009 2556 4081 reiecerit,
2605 4016 2660 4066 et
2708 4019 2915 4066 nostra:
2963 4009 3142 4064 audax
3179 4010 3262 4064 vir
3292 4008 3462 4066 Viros

1876 4121 1987 4162 non
2033 4107 2301 4178 receperit
2352 4107 2523 4162 vitam
2577 4114 2864 4163 servantes
2911 4106 3091 4162 ﬂuxus
3140 4105 3311 4171 vocis,
3365 4104 3467 4161 llic

1875 4205 2042 4261 habet
2096 4204 2437 4276 iudicantem
2490 4204 2777 4277 judicem;
2851 4215 3043 4264 noster
3099 4206 3244 4262 enim
3305 4205 3464 4278 147

1877 4300 2051 4370 Quem
2096 4303 2294 4375 loquor
2339 4318 2547 4371 sermo,
2578 4304 2671 4361 hic
2700 4304 3047 4362 incredulum
3084 4305 3231 4360 hunc
3275 4303 3465 4362 redar-

1388 4498 1675 4557 TEXTUS
1713 4498 2251 4561 EVANGELISTE.

249 4684 321 4773 ὃς
357 4685 543 4773 Ἵνα-ό
575 4683 734 4773 λόγος
774 4686 1001 4773 ᾝσατου
1036 4688 1133 4743 τοῦ
1164 4690 1447 4763 προφήτου
1483 4692 1770 4768 πληρωθῇ,
1803 4702 1852 4763 ι)
1946 4694 2019 4749 45
2068 4694 2393 4768 Ἠγάπησαν
2420 4696 2527 4769 γὰρ
2554 4698 2656 4771 τὴν
2682 4697 2841 4765 δόξαν
2864 4696 2973 4752 τῶν
2995 4697 3298 4771 ἀνθρώπων
3322 4703 3460 4773 μᾶλ-

176 4769 236 4829 δν
264 4766 409 4823 εἷπε·
445 4767 642 4842 Κύριε,
677 4770 762 4834 τίς
797 4770 1085 4831 ἐπίστευσε
1125 4776 1192 4847 τῇ
1221 4775 1358 4849 ἀκοῇ
1392 4766 1588 4850 ήμῶν,
1610 4778 1706 4833 καὶ
1738 4766 1771 4832 ό

181 4851 425 4929 βραχίων
450 4851 658 4923 Κυρίου
692 4853 799 4907 τίνι
826 4854 1223 4928 ἀπεκαλύφθη;

248 4938 319 4991 59
358 4935 459 4989 Διά
482 4934 641 4991 τοῦτο
668 4935 768 4990 οὐκ
794 4936 1057 5009 ἠδύναντο
1082 4938 1374 5008 πιστεύειν,
1401 4942 1483 4997 ὅτι
1510 4942 1673 4997 πάλιν
1694 4938 1771 4997 εἴ-

180 5037 283 5075 πεν
326 5019 575 5084 Ἡσαΐας·

250 5104 320 5158 40
359 5101 719 5171 Τετύφλωκεν
740 5102 920 5159 αὐτῶν
943 5104 1071 5169 τοὺς
1100 5106 1431 5178 ὀφθαλμοὺς,
1459 5107 1552 5162 καὶ
1583 5109 1768 5162 πεπώη

183 5203 362 5257 ρωκεν
392 5186 575 5239 αὐτῶν
610 5184 711 5259 τὴν
741 5187 989 5258 καρδίαν·
1022 5188 1109 5243 ἵνα
1142 5189 1216 5262 μὴ
1249 5190 1399 5244 ίδωσι
1426 5193 1539 5254 τοῖς
1565 5190 1767 5261 ὀφθαλ-

181 5273 327 5339 μοῖς,
370 5269 466 5322 καὶ
502 5270 738 5341 νοήσωσι
769 5272 838 5342 τῇ
873 5270 1090 5344 καρδίᾳ,
1121 5273 1215 5326 καὶ
1242 5274 1638 5344 ἐπιστραφῶσι,
1674 5274 1769 5329 καὶ

184 5354 427 5425 ἰάσωμαι
456 5352 673 5417 αὐτούς.

250 5436 312 5490 41
360 5435 549 5492 Ταῦτα
584 5433 737 5490 εἶπεν
779 5437 1008 5503 Ἡσαΐας
1034 5439 1123 5492 ὅτε
1152 5433 1257 5493 εἶδε
1291 5439 1391 5512 τὴν
1416 5440 1573 5507 δόξαν
1602 5440 1767 5496 αὑτοῦ

178 5521 278 5573 καὶ
308 5519 538 5591 ἐλάλησε
562 5520 691 5593 περὶ
720 5521 907 5577 αὐτοῦ.

251 5604 323 5656 42
369 5603 560 5673 Ὅμως
608 5606 791 5676 μέντοι
846 5607 940 5661 καὶ
991 5608 1055 5661 ἐκ
1113 5610 1221 5662 τῶν
1273 5609 1550 5679 ἀρχόντων
1586 5610 1767 5665 πολλοὶ

178 5686 513 5742 ἐπίστευσαν
567 5690 646 5751 είς
697 5690 879 5744 αὐτόν·
916 5692 1052 5746 αλλά
1112 5692 1201 5747 διὰ
1263 5694 1389 5757 τοὺς
1442 5695 1763 5765 Φαρισαίους

179 5768 285 5840 οὐχ
304 5767 638 5845 ὡμολόγουν,
670 5772 757 5829 ἵνα
791 5774 866 5848 μὴ
892 5777 1304 5849 ἀποσυνάγωγοι
1336 5777 1617 5848 γένωνται·

1876 4774 1968 4830 λον
1996 4778 2141 4848 ἥπερ
2174 4778 2274 4849 τὴν
2302 4778 2461 4845 δόξαν
2487 4780 2582 4834 τοῦ
2611 4779 2769 4837 Θεοῦ.

1944 4859 2016 4914 44
2066 4859 2276 4930 Ἰησοῦς
2322 4862 2380 4916 δὲ
2422 4861 2620 4935 ἔκραξε
2659 4865 2755 4918 καὶ
2782 4858 2954 4918 εἶπεν·
2996 4865 3054 4920 'O
3080 4866 3351 4920 πιστεύων
3377 4868 3458 4933 είς

1873 4943 1997 5015 ἐμὲ,
2046 4945 2108 4997 οὑ
2152 4944 2403 5001 πιστεύει
2450 4948 2531 5011 είς
2576 4947 2699 5019 ἐμὲ,
2744 4948 2861 5003 ἀλλ’
2903 4950 2983 5013 εἰς
3027 4949 3119 5003 τὸν
3165 4951 3458 5022 πέμψαντά

1942 5111 2014 5167 45
2050 5113 2162 5168 Καὶ
2190 5114 2219 5167 δ
2244 5114 2465 5191 θεωρῶν
2484 5117 2608 5188 ἐμὲ,
2638 5116 2836 5189 θεωρεῖ
2850 5116 2944 5172 τὸν
2971 5116 3265 5188 πέμψαντά
3292 5136 3383 5190 με.

1940 5195 2011 5249 46
2062 5196 2205 5266 Ἐγὼ
2242 5198 2359 5267 φῶς
2399 5201 2482 5264 είς
2512 5201 2604 5255 τὸν
2628 5200 2833 5273 κόσμον
2860 5200 3116 5273 ἐλήλυθα,
3161 5202 3248 5255 ἵνα
3281 5204 3389 5268 πᾶς
3424 5202 3454 5256 δ

1870 5280 2143 5334 πιστεύων
2164 5282 2243 5345 εἰς
2264 5282 2365 5352 ἐμὲ
2386 5285 2444 5337 ἐν
2464 5286 2528 5355 τῇ
2566 5285 2757 5357 σκοτίᾳ
2780 5285 2854 5357 μὴ
2885 5286 3063 5359 μείνῃ.

1939 5362 2006 5415 47
2048 5363 2159 5416 Καὶ
2185 5364 2280 5417 ἐάν
2321 5381 2404 5428 τις
2447 5382 2548 5435 μου
2580 5367 2788 5442 ἀκούσῃ
2826 5368 2932 5422 τῶν
2956 5369 3216 5441 ῥημάτων
3255 5373 3345 5425 καὶ
3375 5370 3451 5443 μὴ

1870 5445 2158 5518 πιστεύσῃ,
2207 5443 2320 5514 ἐγὼ
2362 5448 2425 5500 οὐ
2459 5448 2630 5518 κρίνω
2673 5450 2855 5507 αὐτόν.
2899 5454 2974 5505 Οὐ
3008 5453 3116 5525 γὰρ
3161 5450 3322 5524 ἦλθον
3363 5455 3450 5509 ἵνα

1868 5530 2041 5601 κρίνω
2065 5529 2156 5582 τὸν
2188 5529 2411 5599 κόσμον,
2444 5532 2559 5585 ἀλλ’
2588 5532 2675 5586 ἵνα
2706 5533 2865 5587 σώσω
2885 5535 2977 5587 τὸν
2998 5537 3221 5608 κόσμον.

1940 5612 2009 5667 48
2060 5612 2119 5666 'O
2148 5611 2356 5666 ἀθετῶν
2400 5614 2499 5685 ἐμὲ
2542 5615 2635 5669 καί
2677 5617 2751 5688 μὴ
2795 5618 3088 5689 λαμϐάνων
3126 5622 3193 5675 τὰ
3228 5623 3448 5693 ῥήματα

1875 5714 1999 5767 μου,
2038 5697 2153 5768 ἔχει
2202 5698 2293 5752 τὸν
2334 5699 2585 5772 κρίνοντα
2626 5700 2808 5755 αὐτόν·
2844 5704 2873 5757 ό
2909 5702 3064 5772 λόγος
3100 5705 3159 5760 ὃν
3188 5705 3445 5781 ἐλάλησα,

1870 5783 2076 5848 ἐκεῖνος
2104 5785 2277 5856 κρινεῖ
2306 5784 2467 5842 αὐτὸν
2492 5787 2549 5841 ἐν
2577 5787 2641 5858 τῇ
2677 5786 2878 5862 ἐσχάτῃ
2914 5789 3111 5863 ἡμέρᾳ·
