  <div class='ocr_page' id='page_1' title='image "/cluster/home/n/w/nwhite01/storage/ocr_20150623/43/hvd.32044054272794/446.png"; bbox 0 0 3956 6202; ppageno 0'>
   <div class='ocr_carea' id='block_1_1' title="bbox 124 303 235 358">
    <p class='ocr_par' dir='ltr' id='par_1_1' title="bbox 124 303 235 358">
     <span class='ocr_line' id='line_1_1' title="bbox 124 303 235 358; baseline 0.009 -1"><span class='ocrx_word' id='word_1_1' title='bbox 124 303 201 357; x_wconf 71' lang='lat'><strong>86</strong></span> <span class='ocrx_word' id='word_1_2' title='bbox 216 304 235 358; x_wconf 86' lang='grc' dir='ltr'><strong>Ι</strong></span> 
     </span>
    </p>
   </div>
   <div class='ocr_carea' id='block_1_2' title="bbox 140 416 1459 506">
    <p class='ocr_par' dir='ltr' id='par_1_2' title="bbox 140 416 1459 506">
     <span class='ocr_line' id='line_1_2' title="bbox 140 416 1459 506; baseline 0.017 -38"><span class='ocrx_word' id='word_1_3' title='bbox 140 416 432 491; x_wconf 76' lang='grc' dir='ltr'>Ἑζομένῳ</span> <span class='ocrx_word' id='word_1_4' title='bbox 468 421 673 493; x_wconf 83' lang='grc' dir='ltr'>Σξμωνι</span> <span class='ocrx_word' id='word_1_5' title='bbox 713 425 977 501; x_wconf 87' lang='grc' dir='ltr'>θεηγόρος</span> <span class='ocrx_word' id='word_1_6' title='bbox 1006 425 1162 486; x_wconf 73' lang='grc' dir='ltr'>εἶπεν</span> <span class='ocrx_word' id='word_1_7' title='bbox 1212 435 1459 506; x_wconf 76' lang='grc' dir='ltr'>Ἰησοῦςο</span> 
     </span>
    </p>
   </div>
   <div class='ocr_carea' id='block_1_3' title="bbox 138 509 1604 597">
    <p class='ocr_par' dir='ltr' id='par_1_3' title="bbox 138 509 1604 597">
     <span class='ocr_line' id='line_1_3' title="bbox 138 509 1604 597; baseline 0.016 -37"><span class='ocrx_word' id='word_1_8' title='bbox 138 509 308 579; x_wconf 77' lang='grc' dir='ltr'>’Ᾱρτι</span> <span class='ocrx_word' id='word_1_9' title='bbox 346 512 445 580; x_wconf 82' lang='grc' dir='ltr'>μὲν</span> <span class='ocrx_word' id='word_1_10' title='bbox 471 512 547 576; x_wconf 79' lang='grc' dir='ltr'>ὡς</span> <span class='ocrx_word' id='word_1_11' title='bbox 574 514 746 569; x_wconf 82' lang='grc' dir='ltr'>τελέω</span> <span class='ocrx_word' id='word_1_12' title='bbox 775 517 1106 593; x_wconf 80' lang='grc' dir='ltr'>δρηστήριον</span> <span class='ocrx_word' id='word_1_13' title='bbox 1129 523 1293 595; x_wconf 82' lang='grc' dir='ltr'>ἔργον</span> <span class='ocrx_word' id='word_1_14' title='bbox 1327 528 1571 596; x_wconf 76' lang='grc' dir='ltr'>ὑφαίνων</span> <span class='ocrx_word' id='word_1_15' title='bbox 1587 568 1604 597; x_wconf 92' lang='lat'>,</span> 
     </span>
    </p>
   </div>
   <div class='ocr_carea' id='block_1_4' title="bbox 131 600 1558 689">
    <p class='ocr_par' dir='ltr' id='par_1_4' title="bbox 131 600 1558 689">
     <span class='ocr_line' id='line_1_4' title="bbox 131 600 1558 689; baseline 0.015 -37"><span class='ocrx_word' id='word_1_16' title='bbox 131 600 215 653; x_wconf 83' lang='grc' dir='ltr'>Οὑ</span> <span class='ocrx_word' id='word_1_17' title='bbox 244 600 473 655; x_wconf 74' lang='grc' dir='ltr'>δύνασαι</span> <span class='ocrx_word' id='word_1_18' title='bbox 501 604 695 670; x_wconf 80' lang='grc' dir='ltr'>νοέειν,</span> <span class='ocrx_word' id='word_1_19' title='bbox 731 608 1029 676; x_wconf 88' lang='grc' dir='ltr'>μετέπειτα</span> <span class='ocrx_word' id='word_1_20' title='bbox 1053 612 1109 665; x_wconf 76' lang='grc' dir='ltr'>δὲ</span> <span class='ocrx_word' id='word_1_21' title='bbox 1144 615 1301 669; x_wconf 84' lang='grc' dir='ltr'>τοῦτο</span> <span class='ocrx_word' id='word_1_22' title='bbox 1323 618 1558 689; x_wconf 82' lang='grc' dir='ltr'>νοήσεις.</span> 
     </span>
    </p>
   </div>
   <div class='ocr_carea' id='block_1_5' title="bbox 128 692 1520 780">
    <p class='ocr_par' dir='ltr' id='par_1_5' title="bbox 128 692 1520 780">
     <span class='ocr_line' id='line_1_5' title="bbox 128 692 1520 780; baseline 0.016 -38"><span class='ocrx_word' id='word_1_23' title='bbox 128 692 165 744; x_wconf 85' lang='grc'>8</span> <span class='ocrx_word' id='word_1_24' title='bbox 199 693 314 745; x_wconf 82' lang='grc' dir='ltr'>Καί</span> <span class='ocrx_word' id='word_1_25' title='bbox 346 695 395 745; x_wconf 77' lang='grc' dir='ltr'>οἱ</span> <span class='ocrx_word' id='word_1_26' title='bbox 428 693 637 765; x_wconf 84' lang='grc' dir='ltr'>Πέτρος</span> <span class='ocrx_word' id='word_1_27' title='bbox 665 696 835 764; x_wconf 68' lang='grc' dir='ltr'>ἔλεξε,</span> <span class='ocrx_word' id='word_1_28' title='bbox 864 698 1011 771; x_wconf 82' lang='grc' dir='ltr'>χέων</span> <span class='ocrx_word' id='word_1_29' title='bbox 1044 704 1230 777; x_wconf 76' lang='grc' dir='ltr'>ἡδεῖαν</span> <span class='ocrx_word' id='word_1_30' title='bbox 1257 708 1520 780; x_wconf 77' lang='grc' dir='ltr'>ἀπειλήνσ</span> 
     </span>
    </p>
   </div>
   <div class='ocr_carea' id='block_1_6' title="bbox 129 784 1621 874">
    <p class='ocr_par' dir='ltr' id='par_1_6' title="bbox 129 784 1621 874">
     <span class='ocr_line' id='line_1_6' title="bbox 129 784 1621 874; baseline 0.015 -39"><span class='ocrx_word' id='word_1_31' title='bbox 129 784 215 836; x_wconf 78' lang='grc' dir='ltr'>Οὔ</span> <span class='ocrx_word' id='word_1_32' title='bbox 228 802 353 838; x_wconf 82' lang='grc' dir='ltr'>ποτε</span> <span class='ocrx_word' id='word_1_33' title='bbox 390 786 746 857; x_wconf 79' lang='grc' dir='ltr'>φαιδρύνειας</span> <span class='ocrx_word' id='word_1_34' title='bbox 778 793 949 862; x_wconf 79' lang='grc' dir='ltr'>ἐμοὺς</span> <span class='ocrx_word' id='word_1_35' title='bbox 984 796 1175 862; x_wconf 87' lang='grc' dir='ltr'>πόδας,</span> <span class='ocrx_word' id='word_1_36' title='bbox 1202 800 1282 863; x_wconf 81' lang='grc' dir='ltr'>εἰς</span> <span class='ocrx_word' id='word_1_37' title='bbox 1304 802 1430 855; x_wconf 85' lang='grc' dir='ltr'>ὅσον</span> <span class='ocrx_word' id='word_1_38' title='bbox 1458 802 1621 874; x_wconf 75' lang='grc' dir='ltr'>ἕρπει</span> 
     </span>
    </p>
   </div>
   <div class='ocr_carea' id='block_1_7' title="bbox 125 875 1528 964">
    <p class='ocr_par' dir='ltr' id='par_1_7' title="bbox 125 875 1528 964">
     <span class='ocr_line' id='line_1_7' title="bbox 125 875 1528 964; baseline 0.014 -38"><span class='ocrx_word' id='word_1_39' title='bbox 125 875 284 929; x_wconf 71' lang='lat' dir='ltr'><strong>Aith</strong></span> <span class='ocrx_word' id='word_1_40' title='bbox 318 876 726 943; x_wconf 59' lang='grc' dir='ltr'>ωυλυέλικτος.</span> <span class='ocrx_word' id='word_1_41' title='bbox 762 883 935 952; x_wconf 76' lang='grc' dir='ltr'>Ἀναξ</span> <span class='ocrx_word' id='word_1_42' title='bbox 964 885 1010 939; x_wconf 80' lang='grc' dir='ltr'>δ’</span> <span class='ocrx_word' id='word_1_43' title='bbox 1046 888 1308 957; x_wconf 78' lang='grc' dir='ltr'>ἠμείϐετο</span> <span class='ocrx_word' id='word_1_44' title='bbox 1340 893 1528 964; x_wconf 78' lang='grc' dir='ltr'>μύθῳ·</span> 
     </span>
    </p>
   </div>
   <div class='ocr_carea' id='block_1_8' title="bbox 124 967 1653 1053">
    <p class='ocr_par' dir='ltr' id='par_1_8' title="bbox 124 967 1653 1053">
     <span class='ocr_line' id='line_1_8' title="bbox 124 967 1653 1053; baseline 0.014 -35"><span class='ocrx_word' id='word_1_45' title='bbox 124 967 210 1019; x_wconf 77' lang='grc' dir='ltr'>Οὔ</span> <span class='ocrx_word' id='word_1_46' title='bbox 223 968 352 1021; x_wconf 82' lang='grc' dir='ltr'>ποτέ</span> <span class='ocrx_word' id='word_1_47' title='bbox 384 986 466 1022; x_wconf 89' lang='grc' dir='ltr'>σοι</span> <span class='ocrx_word' id='word_1_48' title='bbox 495 971 616 1041; x_wconf 81' lang='grc' dir='ltr'>μετ’</span> <span class='ocrx_word' id='word_1_49' title='bbox 642 973 798 1043; x_wconf 81' lang='grc' dir='ltr'>ἐμεῖο</span> <span class='ocrx_word' id='word_1_50' title='bbox 827 975 998 1047; x_wconf 80' lang='grc' dir='ltr'>μέρος</span> <span class='ocrx_word' id='word_1_51' title='bbox 1026 980 1452 1053; x_wconf 80' lang='grc' dir='ltr'>πεφυλαγμένον</span> <span class='ocrx_word' id='word_1_52' title='bbox 1476 984 1653 1051; x_wconf 78' lang='grc' dir='ltr'>ἔσται,</span> 
     </span>
    </p>
   </div>
   <div class='ocr_carea' id='block_1_9' title="bbox 127 1058 1526 1147">
    <p class='ocr_par' dir='ltr' id='par_1_9' title="bbox 127 1058 1526 1147">
     <span class='ocr_line' id='line_1_9' title="bbox 127 1058 1526 1147; baseline 0.015 -38"><span class='ocrx_word' id='word_1_53' title='bbox 127 1058 197 1110; x_wconf 78' lang='grc' dir='ltr'><strong>Εἰ</strong></span> <span class='ocrx_word' id='word_1_54' title='bbox 238 1059 315 1130; x_wconf 82' lang='grc' dir='ltr'>μὴ</span> <span class='ocrx_word' id='word_1_55' title='bbox 345 1058 458 1128; x_wconf 78' lang='grc' dir='ltr'>ἐγὼ</span> <span class='ocrx_word' id='word_1_56' title='bbox 490 1060 630 1131; x_wconf 74' lang='grc' dir='ltr'>νίψω</span> <span class='ocrx_word' id='word_1_57' title='bbox 662 1080 745 1127; x_wconf 87' lang='grc' dir='ltr'>σε,</span> <span class='ocrx_word' id='word_1_58' title='bbox 785 1066 928 1137; x_wconf 86' lang='grc' dir='ltr'>χέων</span> <span class='ocrx_word' id='word_1_59' title='bbox 964 1072 1325 1144; x_wconf 83' lang='grc' dir='ltr'>μεταχείριον</span> <span class='ocrx_word' id='word_1_60' title='bbox 1358 1073 1526 1147; x_wconf 74' lang='grc' dir='ltr'>ὕδωρ.</span> 
     </span>
    </p>
   </div>
   <div class='ocr_carea' id='block_1_10' title="bbox 129 1150 1496 1235">
    <p class='ocr_par' dir='ltr' id='par_1_10' title="bbox 129 1150 1496 1235">
     <span class='ocr_line' id='line_1_10' title="bbox 129 1150 1496 1235; baseline 0.012 -34"><span class='ocrx_word' id='word_1_61' title='bbox 129 1151 166 1203; x_wconf 85' lang='lat'><strong>9</strong></span> <span class='ocrx_word' id='word_1_62' title='bbox 195 1150 307 1203; x_wconf 79' lang='grc' dir='ltr'>Καί</span> <span class='ocrx_word' id='word_1_63' title='bbox 334 1154 384 1204; x_wconf 79' lang='grc' dir='ltr'>οἱ</span> <span class='ocrx_word' id='word_1_64' title='bbox 420 1152 591 1223; x_wconf 76' lang='grc' dir='ltr'>μῦθον</span> <span class='ocrx_word' id='word_1_65' title='bbox 626 1154 777 1220; x_wconf 80' lang='grc' dir='ltr'>ἔλεξε</span> <span class='ocrx_word' id='word_1_66' title='bbox 808 1157 915 1229; x_wconf 86' lang='grc' dir='ltr'>νὸῳ</span> <span class='ocrx_word' id='word_1_67' title='bbox 949 1160 1243 1232; x_wconf 85' lang='grc' dir='ltr'>πειθήμονι</span> <span class='ocrx_word' id='word_1_68' title='bbox 1278 1164 1496 1235; x_wconf 87' lang='grc' dir='ltr'>Σίμων·</span> 
     </span>
    </p>
   </div>
   <div class='ocr_carea' id='block_1_11' title="bbox 124 1240 1740 1328">
    <p class='ocr_par' dir='ltr' id='par_1_11' title="bbox 124 1240 1740 1328">
     <span class='ocr_line' id='line_1_11' title="bbox 124 1240 1740 1328; baseline 0.013 -36"><span class='ocrx_word' id='word_1_69' title='bbox 124 1240 246 1294; x_wconf 75' lang='grc' dir='ltr'>Ναὶ</span> <span class='ocrx_word' id='word_1_70' title='bbox 278 1242 524 1313; x_wconf 81' lang='grc' dir='ltr'>λίτομαι,</span> <span class='ocrx_word' id='word_1_71' title='bbox 559 1245 635 1317; x_wconf 84' lang='grc' dir='ltr'>μὴ</span> <span class='ocrx_word' id='word_1_72' title='bbox 671 1248 871 1318; x_wconf 75' lang='grc' dir='ltr'>μοῦνον</span> <span class='ocrx_word' id='word_1_73' title='bbox 902 1250 1070 1320; x_wconf 74' lang='grc' dir='ltr'>ἐμοὺς</span> <span class='ocrx_word' id='word_1_74' title='bbox 1103 1254 1295 1317; x_wconf 82' lang='grc' dir='ltr'>πόδας,</span> <span class='ocrx_word' id='word_1_75' title='bbox 1327 1256 1650 1328; x_wconf 75' lang='grc' dir='ltr'>ἀμφοτέρας</span> <span class='ocrx_word' id='word_1_76' title='bbox 1683 1258 1740 1313; x_wconf 67' lang='grc' dir='ltr'>δὲ</span> 
     </span>
    </p>
   </div>
   <div class='ocr_carea' id='block_1_12' title="bbox 123 1330 1733 1415">
    <p class='ocr_par' dir='ltr' id='par_1_12' title="bbox 123 1330 1733 1415">
     <span class='ocr_line' id='line_1_12' title="bbox 123 1330 1733 1415; baseline 0.01 -33"><span class='ocrx_word' id='word_1_77' title='bbox 123 1330 331 1400; x_wconf 63' lang='grc' dir='ltr'>Νίψον,</span> <span class='ocrx_word' id='word_1_78' title='bbox 367 1331 557 1398; x_wconf 78' lang='grc' dir='ltr'>Ἀναξ,</span> <span class='ocrx_word' id='word_1_79' title='bbox 591 1334 687 1387; x_wconf 78' lang='grc' dir='ltr'>καὶ</span> <span class='ocrx_word' id='word_1_80' title='bbox 707 1338 899 1408; x_wconf 85' lang='grc' dir='ltr'>χεῖρας</span> <span class='ocrx_word' id='word_1_81' title='bbox 920 1338 1082 1408; x_wconf 77' lang='grc' dir='ltr'>ἐμὰς,</span> <span class='ocrx_word' id='word_1_82' title='bbox 1115 1340 1213 1394; x_wconf 78' lang='grc' dir='ltr'>καὶ</span> <span class='ocrx_word' id='word_1_83' title='bbox 1245 1342 1489 1396; x_wconf 87' lang='grc' dir='ltr'>κυκλάδα</span> <span class='ocrx_word' id='word_1_84' title='bbox 1509 1343 1733 1415; x_wconf 82' lang='grc' dir='ltr'>κόρσην·</span> 
     </span>
    </p>
   </div>
   <div class='ocr_carea' id='block_1_13' title="bbox 122 1423 1733 1509">
    <p class='ocr_par' dir='ltr' id='par_1_13' title="bbox 122 1423 1733 1509">
     <span class='ocr_line' id='line_1_13' title="bbox 122 1423 1733 1509; baseline 0.01 -34"><span class='ocrx_word' id='word_1_85' title='bbox 122 1423 245 1476; x_wconf 71' lang='grc' dir='ltr'>Ναὶ</span> <span class='ocrx_word' id='word_1_86' title='bbox 259 1424 441 1491; x_wconf 86' lang='grc' dir='ltr'>πάλιν,</span> <span class='ocrx_word' id='word_1_87' title='bbox 456 1425 523 1495; x_wconf 75' lang='grc' dir='ltr'>ἢν</span> <span class='ocrx_word' id='word_1_88' title='bbox 543 1427 759 1500; x_wconf 78' lang='grc' dir='ltr'>ἐθέλῃς,</span> <span class='ocrx_word' id='word_1_89' title='bbox 774 1429 870 1483; x_wconf 71' lang='grc' dir='ltr'>καὶ</span> <span class='ocrx_word' id='word_1_90' title='bbox 889 1430 1010 1484; x_wconf 83' lang='grc' dir='ltr'>ὅλον</span> <span class='ocrx_word' id='word_1_91' title='bbox 1027 1428 1081 1484; x_wconf 88' lang='grc' dir='ltr'>δέ</span> <span class='ocrx_word' id='word_1_92' title='bbox 1089 1436 1292 1500; x_wconf 76' lang='grc' dir='ltr'>μας.10</span> <span class='ocrx_word' id='word_1_93' title='bbox 1310 1431 1476 1489; x_wconf 81' lang='grc' dir='ltr'>Εἶπεν</span> <span class='ocrx_word' id='word_1_94' title='bbox 1504 1436 1733 1509; x_wconf 78' lang='grc' dir='ltr'>Ἰησοῦς·</span> 
     </span>
    </p>
   </div>
   <div class='ocr_carea' id='block_1_14' title="bbox 123 1517 1447 1599">
    <p class='ocr_par' dir='ltr' id='par_1_14' title="bbox 123 1517 1447 1599">
     <span class='ocr_line' id='line_1_14' title="bbox 123 1517 1447 1599; baseline 0.009 -31"><span class='ocrx_word' id='word_1_95' title='bbox 123 1517 213 1569; x_wconf 87' lang='grc' dir='ltr'>Οὑ</span> <span class='ocrx_word' id='word_1_96' title='bbox 243 1518 429 1587; x_wconf 83' lang='grc' dir='ltr'>χατέει</span> <span class='ocrx_word' id='word_1_97' title='bbox 454 1520 672 1591; x_wconf 83' lang='grc' dir='ltr'>νεαροῖο</span> <span class='ocrx_word' id='word_1_98' title='bbox 702 1519 1029 1593; x_wconf 76' lang='grc' dir='ltr'>λελουμένος</span> <span class='ocrx_word' id='word_1_99' title='bbox 1062 1522 1254 1589; x_wconf 74' lang='grc' dir='ltr'>ὓδατος</span> <span class='ocrx_word' id='word_1_100' title='bbox 1286 1527 1447 1599; x_wconf 81' lang='grc' dir='ltr'>ἀνὴρ,</span> 
     </span>
    </p>
   </div>
   <div class='ocr_carea' id='block_1_15' title="bbox 126 1609 1562 1692">
    <p class='ocr_par' dir='ltr' id='par_1_15' title="bbox 126 1609 1562 1692">
     <span class='ocr_line' id='line_1_15' title="bbox 126 1609 1562 1692; baseline 0.009 -32"><span class='ocrx_word' id='word_1_101' title='bbox 126 1609 201 1661; x_wconf 80' lang='grc' dir='ltr'><strong>Εἰ</strong></span> <span class='ocrx_word' id='word_1_102' title='bbox 239 1609 317 1681; x_wconf 81' lang='grc' dir='ltr'>μὴ</span> <span class='ocrx_word' id='word_1_103' title='bbox 353 1609 526 1681; x_wconf 77' lang='grc' dir='ltr'>μοῦνα</span> <span class='ocrx_word' id='word_1_104' title='bbox 558 1612 782 1667; x_wconf 84' lang='grc' dir='ltr'>πόδεσσι</span> <span class='ocrx_word' id='word_1_105' title='bbox 811 1614 1086 1686; x_wconf 81' lang='grc' dir='ltr'>καθάρσια</span> <span class='ocrx_word' id='word_1_106' title='bbox 1108 1618 1310 1689; x_wconf 84' lang='grc' dir='ltr'>νίπτρα</span> <span class='ocrx_word' id='word_1_107' title='bbox 1337 1620 1562 1692; x_wconf 78' lang='grc' dir='ltr'>πορείης</span> 
     </span>
    </p>
   </div>
   <div class='ocr_carea' id='block_1_16' title="bbox 122 1701 1694 1787">
    <p class='ocr_par' dir='ltr' id='par_1_16' title="bbox 122 1701 1694 1787">
     <span class='ocr_line' id='line_1_16' title="bbox 122 1701 1694 1787; baseline 0.009 -32"><span class='ocrx_word' id='word_1_108' title='bbox 122 1701 414 1775; x_wconf 74' lang='grc' dir='ltr'>Είνοδίης’</span> <span class='ocrx_word' id='word_1_109' title='bbox 449 1707 690 1777; x_wconf 85' lang='grc' dir='ltr'>καθαρὸν</span> <span class='ocrx_word' id='word_1_110' title='bbox 722 1707 833 1780; x_wconf 75' lang='grc' dir='ltr'>γάρ</span> <span class='ocrx_word' id='word_1_111' title='bbox 865 1709 987 1763; x_wconf 82' lang='grc' dir='ltr'>ὅλον</span> <span class='ocrx_word' id='word_1_112' title='bbox 1018 1709 1209 1782; x_wconf 87' lang='grc' dir='ltr'>δέμας.</span> <span class='ocrx_word' id='word_1_113' title='bbox 1263 1712 1594 1787; x_wconf 78' lang='grc' dir='ltr'>’Δνδρομέης</span> <span class='ocrx_word' id='word_1_114' title='bbox 1634 1715 1694 1769; x_wconf 87' lang='grc' dir='ltr'>δὲ</span> 
     </span>
    </p>
   </div>
   <div class='ocr_carea' id='block_1_17' title="bbox 1046 315 2503 397">
    <p class='ocr_par' dir='ltr' id='par_1_17' title="bbox 1046 315 2503 397">
     <span class='ocr_line' id='line_1_17' title="bbox 1046 315 2503 397; baseline 0.017 -26"><span class='ocrx_word' id='word_1_115' title='bbox 1046 315 1540 381; x_wconf 76' lang='lat' dir='ltr'><strong>PARAPllRASIS</strong></span> <span class='ocrx_word' id='word_1_116' title='bbox 1582 324 1649 380; x_wconf 78' lang='lat' dir='ltr'>IN</span> <span class='ocrx_word' id='word_1_117' title='bbox 1687 324 2030 388; x_wconf 74' lang='lat' dir='ltr'>JOANNEM.</span> <span class='ocrx_word' id='word_1_118' title='bbox 2069 365 2139 376; x_wconf 91' lang='lat'>—-</span> <span class='ocrx_word' id='word_1_119' title='bbox 2177 336 2330 394; x_wconf 84' lang='lat' dir='ltr'><strong>CAP.</strong></span> <span class='ocrx_word' id='word_1_120' title='bbox 2367 340 2503 397; x_wconf 81' lang='lat' dir='ltr'><strong>Xlll.</strong></span> 
     </span>
    </p>
   </div>
   <div class='ocr_carea' id='block_1_18' title="bbox 1830 544 3433 632">
    <p class='ocr_par' dir='ltr' id='par_1_18' title="bbox 1830 544 3433 632">
     <span class='ocr_line' id='line_1_18' title="bbox 1830 544 3433 632; baseline 0.012 -36"><span class='ocrx_word' id='word_1_121' title='bbox 1830 544 1940 597; x_wconf 89' lang='lat' dir='ltr'><strong>.cio</strong></span> <span class='ocrx_word' id='word_1_122' title='bbox 1997 548 2200 602; x_wconf 82' lang='lat' dir='ltr'><strong>servile</strong></span> <span class='ocrx_word' id='word_1_123' title='bbox 2248 564 2388 619; x_wconf 86' lang='lat' dir='ltr'><strong>opus</strong></span> <span class='ocrx_word' id='word_1_124' title='bbox 2439 559 2668 617; x_wconf 84' lang='lat' dir='ltr'><strong>texens,</strong></span> <span class='ocrx_word' id='word_1_125' title='bbox 2720 551 2841 608; x_wconf 78' lang='lat' dir='ltr'>Non</span> <span class='ocrx_word' id='word_1_126' title='bbox 2896 563 3053 624; x_wconf 85' lang='lat' dir='ltr'><strong>potes</strong></span> <span class='ocrx_word' id='word_1_127' title='bbox 3109 557 3433 632; x_wconf 67' lang='lat' dir='ltr'>intelligere,</span> 
     </span>
    </p>
   </div>
   <div class='ocr_carea' id='block_1_19' title="bbox 1846 637 3431 723">
    <p class='ocr_par' dir='ltr' id='par_1_19' title="bbox 1846 637 3431 723">
     <span class='ocr_line' id='line_1_19' title="bbox 1846 637 3431 723; baseline 0.014 -32"><span class='ocrx_word' id='word_1_128' title='bbox 1846 637 2105 708; x_wconf 84' lang='lat' dir='ltr'>deinceps</span> <span class='ocrx_word' id='word_1_129' title='bbox 2156 655 2337 699; x_wconf 84' lang='lat' dir='ltr'><strong>autem</strong></span> <span class='ocrx_word' id='word_1_130' title='bbox 2380 646 2485 701; x_wconf 81' lang='lat' dir='ltr'><strong>hoc</strong></span> <span class='ocrx_word' id='word_1_131' title='bbox 2533 648 2695 703; x_wconf 85' lang='lat' dir='ltr'>scies.</span> <span class='ocrx_word' id='word_1_132' title='bbox 2734 647 2769 701; x_wconf 91' lang='lat'>8</span> <span class='ocrx_word' id='word_1_133' title='bbox 2800 648 2864 704; x_wconf 87' lang='lat' dir='ltr'><strong>Et</strong></span> <span class='ocrx_word' id='word_1_134' title='bbox 2915 648 2967 703; x_wconf 91' lang='lat' dir='ltr'>ei</span> <span class='ocrx_word' id='word_1_135' title='bbox 3024 650 3221 709; x_wconf 81' lang='lat' dir='ltr'><strong>Petrus</strong></span> <span class='ocrx_word' id='word_1_136' title='bbox 3272 655 3431 723; x_wconf 62' lang='lat' dir='ltr'><strong>dixit,</strong></span> 
     </span>
    </p>
   </div>
   <div class='ocr_carea' id='block_1_20' title="bbox 1846 735 3433 819">
    <p class='ocr_par' dir='ltr' id='par_1_20' title="bbox 1846 735 3433 819">
     <span class='ocr_line' id='line_1_20' title="bbox 1846 735 3433 819; baseline 0.014 -31"><span class='ocrx_word' id='word_1_137' title='bbox 1846 735 2083 793; x_wconf 81' lang='lat' dir='ltr'><strong>fundens</strong></span> <span class='ocrx_word' id='word_1_138' title='bbox 2117 754 2317 797; x_wconf 84' lang='lat' dir='ltr'><strong>suaves</strong></span> <span class='ocrx_word' id='word_1_139' title='bbox 2349 743 2527 797; x_wconf 81' lang='lat' dir='ltr'><strong>minas</strong></span> <span class='ocrx_word' id='word_1_140' title='bbox 2554 762 2567 797; x_wconf 75' lang='grc' dir='ltr'>ι</span> <span class='ocrx_word' id='word_1_141' title='bbox 2600 741 2894 812; x_wconf 84' lang='lat' dir='ltr'>Nunquam</span> <span class='ocrx_word' id='word_1_142' title='bbox 2922 750 3255 819; x_wconf 83' lang='lat' dir='ltr'><strong>expurgabis</strong></span> <span class='ocrx_word' id='word_1_143' title='bbox 3281 767 3433 810; x_wconf 82' lang='lat' dir='ltr'><strong>meos</strong></span> 
     </span>
    </p>
   </div>
   <div class='ocr_carea' id='block_1_21' title="bbox 1846 833 3432 910">
    <p class='ocr_par' dir='ltr' id='par_1_21' title="bbox 1846 833 3432 910">
     <span class='ocr_line' id='line_1_21' title="bbox 1846 833 3432 910; baseline 0.013 -24"><span class='ocrx_word' id='word_1_144' title='bbox 1846 833 2036 904; x_wconf 82' lang='lat' dir='ltr'><strong>pedes,</strong></span> <span class='ocrx_word' id='word_1_145' title='bbox 2077 835 2255 891; x_wconf 88' lang='lat' dir='ltr'><strong>donec</strong></span> <span class='ocrx_word' id='word_1_146' title='bbox 2299 840 2442 910; x_wconf 81' lang='lat' dir='ltr'><strong>repit</strong></span> <span class='ocrx_word' id='word_1_147' title='bbox 2484 840 2685 895; x_wconf 69' lang='lat' dir='ltr'><strong>jEvum</strong></span> <span class='ocrx_word' id='word_1_148' title='bbox 2728 843 2961 898; x_wconf 89' lang='lat' dir='ltr'><strong>multum</strong></span> <span class='ocrx_word' id='word_1_149' title='bbox 3001 846 3273 903; x_wconf 84' lang='lat' dir='ltr'><strong>volutum.</strong></span> <span class='ocrx_word' id='word_1_150' title='bbox 3315 847 3432 906; x_wconf 80' lang='lat' dir='ltr'><strong>Rex</strong></span> 
     </span>
    </p>
   </div>
   <div class='ocr_carea' id='block_1_22' title="bbox 1843 934 3430 1009">
    <p class='ocr_par' dir='ltr' id='par_1_22' title="bbox 1843 934 3430 1009">
     <span class='ocr_line' id='line_1_22' title="bbox 1843 934 3430 1009; baseline 0.014 -30"><span class='ocrx_word' id='word_1_151' title='bbox 1843 936 2027 982; x_wconf 88' lang='lat' dir='ltr'><strong>autem</strong></span> <span class='ocrx_word' id='word_1_152' title='bbox 2075 934 2364 1001; x_wconf 77' lang='lat' dir='ltr'><strong>respondit</strong></span> <span class='ocrx_word' id='word_1_153' title='bbox 2409 937 3023 1009; x_wconf 81' lang='lat' dir='ltr'><strong>sermone:Nuuquam</strong></span> <span class='ocrx_word' id='word_1_154' title='bbox 3071 942 3169 996; x_wconf 86' lang='lat' dir='ltr'><strong>tibi</strong></span> <span class='ocrx_word' id='word_1_155' title='bbox 3216 958 3430 1000; x_wconf 83' lang='lat' dir='ltr'><strong>mecum</strong></span> 
     </span>
    </p>
   </div>
   <div class='ocr_carea' id='block_1_23' title="bbox 1846 1026 3431 1101">
    <p class='ocr_par' dir='ltr' id='par_1_23' title="bbox 1846 1026 3431 1101">
     <span class='ocr_line' id='line_1_23' title="bbox 1846 1026 3431 1101; baseline 0.015 -26"><span class='ocrx_word' id='word_1_156' title='bbox 1846 1037 1975 1093; x_wconf 87' lang='lat' dir='ltr'><strong>pars</strong></span> <span class='ocrx_word' id='word_1_157' title='bbox 2006 1026 2287 1080; x_wconf 84' lang='lat' dir='ltr'><strong>custodita</strong></span> <span class='ocrx_word' id='word_1_158' title='bbox 2320 1028 2445 1091; x_wconf 89' lang='lat' dir='ltr'><strong>erit,</strong></span> <span class='ocrx_word' id='word_1_159' title='bbox 2482 1029 2596 1085; x_wconf 85' lang='lat' dir='ltr'><strong>Nisi</strong></span> <span class='ocrx_word' id='word_1_160' title='bbox 2624 1046 2724 1101; x_wconf 77' lang='lat' dir='ltr'><strong>ego</strong></span> <span class='ocrx_word' id='word_1_161' title='bbox 2757 1033 2932 1089; x_wconf 84' lang='lat' dir='ltr'><strong>lavem</strong></span> <span class='ocrx_word' id='word_1_162' title='bbox 2965 1045 3035 1101; x_wconf 91' lang='lat' dir='ltr'>te,</span> <span class='ocrx_word' id='word_1_163' title='bbox 3073 1036 3307 1096; x_wconf 83' lang='lat' dir='ltr'><strong>fundens</strong></span> <span class='ocrx_word' id='word_1_164' title='bbox 3335 1042 3431 1097; x_wconf 86' lang='lat' dir='ltr'><strong>ad-</strong></span> 
     </span>
    </p>
   </div>
   <div class='ocr_carea' id='block_1_24' title="bbox 1844 1119 3431 1194">
    <p class='ocr_par' dir='ltr' id='par_1_24' title="bbox 1844 1119 3431 1194">
     <span class='ocr_line' id='line_1_24' title="bbox 1844 1119 3431 1194; baseline 0.013 -24"><span class='ocrx_word' id='word_1_165' title='bbox 1844 1119 2300 1175; x_wconf 80' lang='lat' dir='ltr'><strong>ministratoriatn</strong></span> <span class='ocrx_word' id='word_1_166' title='bbox 2327 1138 2547 1194; x_wconf 86' lang='lat' dir='ltr'><strong>aquam.</strong></span> <span class='ocrx_word' id='word_1_167' title='bbox 2582 1125 2614 1179; x_wconf 92' lang='lat'><strong>9</strong></span> <span class='ocrx_word' id='word_1_168' title='bbox 2644 1125 2710 1179; x_wconf 84' lang='lat' dir='ltr'><strong>Et</strong></span> <span class='ocrx_word' id='word_1_169' title='bbox 2739 1127 2789 1183; x_wconf 89' lang='lat' dir='ltr'>ei</span> <span class='ocrx_word' id='word_1_170' title='bbox 2812 1130 3042 1185; x_wconf 82' lang='lat' dir='ltr'><strong>verbum</strong></span> <span class='ocrx_word' id='word_1_171' title='bbox 3074 1131 3213 1188; x_wconf 86' lang='lat' dir='ltr'><strong>dixit</strong></span> <span class='ocrx_word' id='word_1_172' title='bbox 3247 1144 3431 1191; x_wconf 86' lang='lat' dir='ltr'><strong>mente</strong></span> 
     </span>
    </p>
   </div>
   <div class='ocr_carea' id='block_1_25' title="bbox 1841 1214 3427 1300">
    <p class='ocr_par' dir='ltr' id='par_1_25' title="bbox 1841 1214 3427 1300">
     <span class='ocr_line' id='line_1_25' title="bbox 1841 1214 3427 1300; baseline 0.014 -34"><span class='ocrx_word' id='word_1_173' title='bbox 1841 1214 2067 1269; x_wconf 86' lang='lat' dir='ltr'><strong>credula</strong></span> <span class='ocrx_word' id='word_1_174' title='bbox 2103 1215 2325 1272; x_wconf 90' lang='lat' dir='ltr'><strong>Simon:</strong></span> <span class='ocrx_word' id='word_1_175' title='bbox 2348 1219 2444 1286; x_wconf 89' lang='lat' dir='ltr'><strong>Ita,</strong></span> <span class='ocrx_word' id='word_1_176' title='bbox 2474 1236 2691 1290; x_wconf 80' lang='lat' dir='ltr'><strong>precor,</strong></span> <span class='ocrx_word' id='word_1_177' title='bbox 2720 1238 2830 1278; x_wconf 80' lang='lat' dir='ltr'>non</span> <span class='ocrx_word' id='word_1_178' title='bbox 2858 1226 3035 1280; x_wconf 80' lang='lat' dir='ltr'><strong>solum</strong></span> <span class='ocrx_word' id='word_1_179' title='bbox 3060 1243 3214 1285; x_wconf 91' lang='lat' dir='ltr'><strong>meos</strong></span> <span class='ocrx_word' id='word_1_180' title='bbox 3241 1231 3427 1300; x_wconf 82' lang='lat' dir='ltr'><strong>pedes,</strong></span> 
     </span>
    </p>
   </div>
   <div class='ocr_carea' id='block_1_26' title="bbox 1845 1313 3428 1391">
    <p class='ocr_par' dir='ltr' id='par_1_26' title="bbox 1845 1313 3428 1391">
     <span class='ocr_line' id='line_1_26' title="bbox 1845 1313 3428 1391; baseline 0.013 -28"><span class='ocrx_word' id='word_1_181' title='bbox 1845 1319 2107 1383; x_wconf 89' lang='lat' dir='ltr'><strong>utrasque</strong></span> <span class='ocrx_word' id='word_1_182' title='bbox 2135 1329 2324 1369; x_wconf 91' lang='lat' dir='ltr'><strong>verum</strong></span> <span class='ocrx_word' id='word_1_183' title='bbox 2348 1313 2515 1383; x_wconf 86' lang='lat' dir='ltr'><strong>Lava,</strong></span> <span class='ocrx_word' id='word_1_184' title='bbox 2552 1315 2687 1384; x_wconf 78' lang='lat' dir='ltr'><strong>Rex,</strong></span> <span class='ocrx_word' id='word_1_185' title='bbox 2724 1329 2777 1374; x_wconf 88' lang='lat' dir='ltr'>et</span> <span class='ocrx_word' id='word_1_186' title='bbox 2811 1336 3007 1378; x_wconf 86' lang='lat' dir='ltr'><strong>manus</strong></span> <span class='ocrx_word' id='word_1_187' title='bbox 3034 1340 3204 1391; x_wconf 87' lang='lat' dir='ltr'><strong>meas,</strong></span> <span class='ocrx_word' id='word_1_188' title='bbox 3237 1336 3292 1381; x_wconf 89' lang='lat' dir='ltr'>et</span> <span class='ocrx_word' id='word_1_189' title='bbox 3321 1329 3428 1383; x_wconf 86' lang='lat' dir='ltr'><strong>cir-</strong></span> 
     </span>
    </p>
   </div>
   <div class='ocr_carea' id='block_1_27' title="bbox 1839 1407 3428 1485">
    <p class='ocr_par' dir='ltr' id='par_1_27' title="bbox 1839 1407 3428 1485">
     <span class='ocr_line' id='line_1_27' title="bbox 1839 1407 3428 1485; baseline 0.013 -26"><span class='ocrx_word' id='word_1_190' title='bbox 1839 1407 2026 1462; x_wconf 86' lang='lat' dir='ltr'><strong>culare</strong></span> <span class='ocrx_word' id='word_1_191' title='bbox 2062 1417 2247 1479; x_wconf 85' lang='lat' dir='ltr'><strong>caput,</strong></span> <span class='ocrx_word' id='word_1_192' title='bbox 2286 1409 2347 1466; x_wconf 89' lang='lat' dir='ltr'><strong>Et</strong></span> <span class='ocrx_word' id='word_1_193' title='bbox 2389 1426 2607 1483; x_wconf 87' lang='lat' dir='ltr'><strong>rursus,</strong></span> <span class='ocrx_word' id='word_1_194' title='bbox 2644 1415 2689 1470; x_wconf 87' lang='lat' dir='ltr'>si</span> <span class='ocrx_word' id='word_1_195' title='bbox 2722 1416 2984 1485; x_wconf 82' lang='lat' dir='ltr'><strong>volueris,</strong></span> <span class='ocrx_word' id='word_1_196' title='bbox 3015 1429 3066 1475; x_wconf 91' lang='lat' dir='ltr'>et</span> <span class='ocrx_word' id='word_1_197' title='bbox 3102 1429 3272 1476; x_wconf 91' lang='lat' dir='ltr'><strong>totum</strong></span> <span class='ocrx_word' id='word_1_198' title='bbox 3304 1438 3428 1479; x_wconf 89' lang='lat' dir='ltr'><strong>cor-</strong></span> 
     </span>
    </p>
   </div>
   <div class='ocr_carea' id='block_1_28' title="bbox 1838 1503 3428 1589">
    <p class='ocr_par' dir='ltr' id='par_1_28' title="bbox 1838 1503 3428 1589">
     <span class='ocr_line' id='line_1_28' title="bbox 1838 1503 3428 1589; baseline 0.012 -33"><span class='ocrx_word' id='word_1_199' title='bbox 1838 1519 1959 1573; x_wconf 85' lang='lat' dir='ltr'><strong>pus.</strong></span> <span class='ocrx_word' id='word_1_200' title='bbox 1990 1503 2057 1557; x_wconf 85' lang='grc'>10</span> <span class='ocrx_word' id='word_1_201' title='bbox 2075 1504 2424 1564; x_wconf 84' lang='lat' dir='ltr'><strong>DixitJesus:</strong></span> <span class='ocrx_word' id='word_1_202' title='bbox 2452 1507 2570 1564; x_wconf 87' lang='lat' dir='ltr'>Non</span> <span class='ocrx_word' id='word_1_203' title='bbox 2593 1511 2800 1584; x_wconf 80' lang='lat' dir='ltr'><strong>indiget</strong></span> <span class='ocrx_word' id='word_1_204' title='bbox 2817 1529 2957 1570; x_wconf 88' lang='lat' dir='ltr'><strong>nova</strong></span> <span class='ocrx_word' id='word_1_205' title='bbox 2983 1516 3127 1573; x_wconf 92' lang='lat' dir='ltr'><strong>lotus</strong></span> <span class='ocrx_word' id='word_1_206' title='bbox 3154 1534 3295 1589; x_wconf 89' lang='lat' dir='ltr'><strong>aqua</strong></span> <span class='ocrx_word' id='word_1_207' title='bbox 3324 1519 3428 1587; x_wconf 90' lang='lat' dir='ltr'><strong>vir,</strong></span> 
     </span>
    </p>
   </div>
   <div class='ocr_carea' id='block_1_29' title="bbox 1834 1598 3431 1688">
    <p class='ocr_par' dir='ltr' id='par_1_29' title="bbox 1834 1598 3431 1688">
     <span class='ocr_line' id='line_1_29' title="bbox 1834 1598 3431 1688; baseline 0.011 -34"><span class='ocrx_word' id='word_1_208' title='bbox 1834 1598 1951 1655; x_wconf 82' lang='lat' dir='ltr'><strong>Nisi</strong></span> <span class='ocrx_word' id='word_1_209' title='bbox 1974 1603 2150 1657; x_wconf 86' lang='lat' dir='ltr'><strong>solum</strong></span> <span class='ocrx_word' id='word_1_210' title='bbox 2183 1604 2415 1674; x_wconf 83' lang='lat' dir='ltr'><strong>pedibus</strong></span> <span class='ocrx_word' id='word_1_211' title='bbox 2434 1621 2573 1675; x_wconf 91' lang='lat' dir='ltr'><strong>puro</strong></span> <span class='ocrx_word' id='word_1_212' title='bbox 2611 1609 2829 1666; x_wconf 87' lang='lat' dir='ltr'><strong>lavacro</strong></span> <span class='ocrx_word' id='word_1_213' title='bbox 2860 1628 2959 1683; x_wconf 89' lang='lat' dir='ltr'>pro</span> <span class='ocrx_word' id='word_1_214' title='bbox 2981 1614 3178 1671; x_wconf 87' lang='lat' dir='ltr'><strong>itinere</strong></span> <span class='ocrx_word' id='word_1_215' title='bbox 3206 1616 3431 1688; x_wconf 76' lang='lat' dir='ltr'><strong>Compi-</strong></span> 
     </span>
    </p>
   </div>
   <div class='ocr_carea' id='block_1_30' title="bbox 1838 1698 3428 1778">
    <p class='ocr_par' dir='ltr' id='par_1_30' title="bbox 1838 1698 3428 1778">
     <span class='ocr_line' id='line_1_30' title="bbox 1838 1698 3428 1778; baseline 0.013 -25"><span class='ocrx_word' id='word_1_216' title='bbox 1838 1698 1964 1767; x_wconf 89' lang='lat' dir='ltr'><strong>tali;</strong></span> <span class='ocrx_word' id='word_1_217' title='bbox 2020 1717 2219 1771; x_wconf 83' lang='lat' dir='ltr'><strong>purum</strong></span> <span class='ocrx_word' id='word_1_218' title='bbox 2266 1704 2412 1757; x_wconf 90' lang='lat' dir='ltr'><strong>enim</strong></span> <span class='ocrx_word' id='word_1_219' title='bbox 2463 1712 2640 1759; x_wconf 91' lang='lat' dir='ltr'><strong>totum</strong></span> <span class='ocrx_word' id='word_1_220' title='bbox 2686 1721 2917 1778; x_wconf 89' lang='lat' dir='ltr'><strong>corpus;</strong></span> <span class='ocrx_word' id='word_1_221' title='bbox 2973 1709 3198 1766; x_wconf 85' lang='lat' dir='ltr'><strong>humani</strong></span> <span class='ocrx_word' id='word_1_222' title='bbox 3244 1720 3428 1773; x_wconf 89' lang='lat' dir='ltr'><strong>autem</strong></span> 
     </span>
    </p>
   </div>
   <div class='ocr_carea' id='block_1_31' title="bbox 128 1783 1697 1878">
    <p class='ocr_par' dir='ltr' id='par_1_31' title="bbox 128 1783 1690 1872">
     <span class='ocr_line' id='line_1_31' title="bbox 128 1783 1690 1872; baseline 0.009 -27"><span class='ocrx_word' id='word_1_223' title='bbox 128 1794 416 1864; x_wconf 76' lang='grc' dir='ltr'>’Δμμοροι</span> <span class='ocrx_word' id='word_1_224' title='bbox 451 1796 775 1868; x_wconf 84' lang='grc' dir='ltr'>ἀμπλακίης</span> <span class='ocrx_word' id='word_1_225' title='bbox 802 1799 1034 1872; x_wconf 69' lang='grc' dir='ltr'>καθαροὶ</span> <span class='ocrx_word' id='word_1_226' title='bbox 1062 1801 1181 1855; x_wconf 86' lang='grc' dir='ltr'>νόον</span> <span class='ocrx_word' id='word_1_227' title='bbox 1217 1803 1339 1856; x_wconf 79' lang='grc' dir='ltr'>ἐστὲ</span> <span class='ocrx_word' id='word_1_228' title='bbox 1506 1783 1690 1859; x_wconf 75' lang='grc' dir='ltr'>αὑτοίο</span> 
     </span>
    </p>
   </div>
   <div class='ocr_carea' id='block_1_32' title="bbox 1834 1783 3427 1878">
    <p class='ocr_par' dir='ltr' id='par_1_32' title="bbox 1834 1798 3427 1878">
     <span class='ocr_line' id='line_1_32' title="bbox 1834 1798 3427 1878; baseline 0.009 -26"><span class='ocrx_word' id='word_1_229' title='bbox 1834 1798 2104 1868; x_wconf 75' lang='lat' dir='ltr'><strong>Expertes</strong></span> <span class='ocrx_word' id='word_1_230' title='bbox 2135 1800 2325 1865; x_wconf 88' lang='lat' dir='ltr'><strong>errati,</strong></span> <span class='ocrx_word' id='word_1_231' title='bbox 2359 1801 2481 1871; x_wconf 91' lang='lat' dir='ltr'><strong>puri</strong></span> <span class='ocrx_word' id='word_1_232' title='bbox 2515 1813 2698 1858; x_wconf 86' lang='lat' dir='ltr'><strong>mente</strong></span> <span class='ocrx_word' id='word_1_233' title='bbox 2727 1807 2861 1860; x_wconf 89' lang='lat' dir='ltr'><strong>estis</strong></span> <span class='ocrx_word' id='word_1_234' title='bbox 2891 1816 2944 1860; x_wconf 89' lang='lat' dir='ltr'>et</span> <span class='ocrx_word' id='word_1_235' title='bbox 2976 1806 3116 1878; x_wconf 86' lang='lat' dir='ltr'><strong>ipsi;</strong></span> <span class='ocrx_word' id='word_1_236' title='bbox 3161 1808 3269 1865; x_wconf 92' lang='lat' dir='ltr'><strong>Sed</strong></span> <span class='ocrx_word' id='word_1_237' title='bbox 3315 1827 3427 1867; x_wconf 91' lang='lat' dir='ltr'>non</span> 
     </span>
    </p>
   </div>
   <div class='ocr_carea' id='block_1_33' title="bbox 140 1883 1697 1973">
    <p class='ocr_par' dir='ltr' id='par_1_33' title="bbox 140 1883 1697 1970">
     <span class='ocr_line' id='line_1_33' title="bbox 140 1883 1697 1970; baseline 0.009 -35"><span class='ocrx_word' id='word_1_238' title='bbox 140 1883 281 1936; x_wconf 80' lang='grc' dir='ltr'>Ἀλλ’</span> <span class='ocrx_word' id='word_1_239' title='bbox 312 1884 503 1950; x_wconf 72' lang='grc' dir='ltr'>οὔπως</span> <span class='ocrx_word' id='word_1_240' title='bbox 533 1888 651 1959; x_wconf 84' lang='grc' dir='ltr'>ἆμα</span> <span class='ocrx_word' id='word_1_241' title='bbox 680 1890 903 1954; x_wconf 87' lang='grc' dir='ltr'>πάντες.</span> <span class='ocrx_word' id='word_1_242' title='bbox 930 1890 990 1944; x_wconf 78' lang='grc' dir='ltr'>Η</span> <span class='ocrx_word' id='word_1_243' title='bbox 1042 1892 1195 1946; x_wconf 76' lang='grc' dir='ltr'>Ἐπεὶ</span> <span class='ocrx_word' id='word_1_244' title='bbox 1222 1892 1397 1965; x_wconf 89' lang='grc' dir='ltr'>πάρος</span> <span class='ocrx_word' id='word_1_245' title='bbox 1427 1895 1545 1966; x_wconf 77' lang='grc' dir='ltr'>ἥῖδε</span> <span class='ocrx_word' id='word_1_246' title='bbox 1571 1895 1697 1970; x_wconf 72' lang='grc' dir='ltr'>θυμζ</span> 
     </span>
    </p>
   </div>
   <div class='ocr_carea' id='block_1_34' title="bbox 1834 1883 3423 1973">
    <p class='ocr_par' dir='ltr' id='par_1_34' title="bbox 1834 1896 3423 1973">
     <span class='ocr_line' id='line_1_34' title="bbox 1834 1896 3423 1973; baseline 0.007 -22"><span class='ocrx_word' id='word_1_247' title='bbox 1834 1896 1995 1951; x_wconf 86' lang='lat' dir='ltr'><strong>simul</strong></span> <span class='ocrx_word' id='word_1_248' title='bbox 2030 1910 2243 1951; x_wconf 85' lang='lat' dir='ltr'><strong>omnes.</strong></span> <span class='ocrx_word' id='word_1_249' title='bbox 2296 1898 2353 1951; x_wconf 86' lang='lat' dir='ltr'>ll</span> <span class='ocrx_word' id='word_1_250' title='bbox 2404 1897 2543 1965; x_wconf 86' lang='lat' dir='ltr'><strong>Quia</strong></span> <span class='ocrx_word' id='word_1_251' title='bbox 2598 1910 2757 1955; x_wconf 87' lang='lat' dir='ltr'><strong>antea</strong></span> <span class='ocrx_word' id='word_1_252' title='bbox 2813 1901 3023 1957; x_wconf 85' lang='lat' dir='ltr'><strong>sciebat</strong></span> <span class='ocrx_word' id='word_1_253' title='bbox 3066 1906 3251 1961; x_wconf 82' lang='lat' dir='ltr'><strong>animo</strong></span> <span class='ocrx_word' id='word_1_254' title='bbox 3287 1904 3423 1973; x_wconf 88' lang='lat' dir='ltr'><strong>Quis</strong></span> 
     </span>
    </p>
   </div>
   <div class='ocr_carea' id='block_1_35' title="bbox 133 1975 1485 2056">
    <p class='ocr_par' dir='ltr' id='par_1_35' title="bbox 133 1975 1485 2056">
     <span class='ocr_line' id='line_1_35' title="bbox 133 1975 1485 2056; baseline 0.008 -29"><span class='ocrx_word' id='word_1_255' title='bbox 133 1975 231 2036; x_wconf 85' lang='grc' dir='ltr'>Τίς</span> <span class='ocrx_word' id='word_1_256' title='bbox 259 1993 355 2045; x_wconf 85' lang='grc' dir='ltr'>μιν</span> <span class='ocrx_word' id='word_1_257' title='bbox 385 1976 529 2050; x_wconf 83' lang='grc' dir='ltr'>ἀνὴρ</span> <span class='ocrx_word' id='word_1_258' title='bbox 567 1978 807 2050; x_wconf 72' lang='grc' dir='ltr'>ἤμελλεν</span> <span class='ocrx_word' id='word_1_259' title='bbox 846 1982 1119 2046; x_wconf 81' lang='grc' dir='ltr'>Ἰουδαίοις</span> <span class='ocrx_word' id='word_1_260' title='bbox 1143 1984 1485 2056; x_wconf 84' lang='grc' dir='ltr'>παραδώσειν</span> 
     </span>
    </p>
   </div>
   <div class='ocr_carea' id='block_1_36' title="bbox 136 2067 1486 2149">
    <p class='ocr_par' dir='ltr' id='par_1_36' title="bbox 136 2067 1486 2149">
     <span class='ocr_line' id='line_1_36' title="bbox 136 2067 1486 2149; baseline 0.009 -31"><span class='ocrx_word' id='word_1_261' title='bbox 136 2067 321 2120; x_wconf 84' lang='grc' dir='ltr'>Ὠνιον</span> <span class='ocrx_word' id='word_1_262' title='bbox 359 2068 683 2124; x_wconf 61' lang='grc' dir='ltr'>ἀντιδίοισγ</span> <span class='ocrx_word' id='word_1_263' title='bbox 714 2070 800 2139; x_wconf 87' lang='grc' dir='ltr'>τίς</span> <span class='ocrx_word' id='word_1_264' title='bbox 838 2071 1082 2146; x_wconf 83' lang='grc' dir='ltr'>έμπορος</span> <span class='ocrx_word' id='word_1_265' title='bbox 1109 2069 1207 2146; x_wconf 82' lang='grc' dir='ltr'>ἦεν</span> <span class='ocrx_word' id='word_1_266' title='bbox 1242 2074 1486 2149; x_wconf 79' lang='grc' dir='ltr'>ὀλέθρου.</span> 
     </span>
    </p>
   </div>
   <div class='ocr_carea' id='block_1_37' title="bbox 124 2152 1574 2239">
    <p class='ocr_par' dir='ltr' id='par_1_37' title="bbox 124 2152 1574 2239">
     <span class='ocr_line' id='line_1_37' title="bbox 124 2152 1574 2239; baseline 0.008 -28"><span class='ocrx_word' id='word_1_267' title='bbox 124 2152 204 2212; x_wconf 68' lang='lat'>05</span> <span class='ocrx_word' id='word_1_268' title='bbox 240 2160 403 2229; x_wconf 82' lang='grc' dir='ltr'>χάριν</span> <span class='ocrx_word' id='word_1_269' title='bbox 431 2158 772 2231; x_wconf 86' lang='grc' dir='ltr'>ἀγχιθέοισιν</span> <span class='ocrx_word' id='word_1_270' title='bbox 804 2164 974 2231; x_wconf 79' lang='grc' dir='ltr'>Ἀναξ</span> <span class='ocrx_word' id='word_1_271' title='bbox 1007 2167 1241 2239; x_wconf 77' lang='grc' dir='ltr'>ἀγόρευε</span> <span class='ocrx_word' id='word_1_272' title='bbox 1271 2167 1574 2239; x_wconf 85' lang='grc' dir='ltr'>μαθηταίς⁶</span> 
     </span>
    </p>
   </div>
   <div class='ocr_carea' id='block_1_38' title="bbox 130 2250 1659 2329">
    <p class='ocr_par' dir='ltr' id='par_1_38' title="bbox 130 2250 1659 2329">
     <span class='ocr_line' id='line_1_38' title="bbox 130 2250 1659 2329; baseline 0.01 -29"><span class='ocrx_word' id='word_1_273' title='bbox 130 2250 420 2322; x_wconf 80' lang='grc' dir='ltr'>Ἀμμορον</span> <span class='ocrx_word' id='word_1_274' title='bbox 449 2250 773 2325; x_wconf 80' lang='grc' dir='ltr'>ἀμπλακίης</span> <span class='ocrx_word' id='word_1_275' title='bbox 802 2256 1042 2329; x_wconf 78' lang='grc' dir='ltr'>καθαρὸν</span> <span class='ocrx_word' id='word_1_276' title='bbox 1073 2258 1194 2312; x_wconf 87' lang='grc' dir='ltr'>νόον</span> <span class='ocrx_word' id='word_1_277' title='bbox 1219 2260 1334 2314; x_wconf 81' lang='grc' dir='ltr'>ίστε</span> <span class='ocrx_word' id='word_1_278' title='bbox 1359 2259 1455 2313; x_wconf 77' lang='grc' dir='ltr'>καὶ</span> <span class='ocrx_word' id='word_1_279' title='bbox 1483 2258 1659 2328; x_wconf 71' lang='grc' dir='ltr'>αὑτοὶ,</span> 
     </span>
    </p>
   </div>
   <div class='ocr_carea' id='block_1_39' title="bbox 144 2340 1721 2425">
    <p class='ocr_par' dir='ltr' id='par_1_39' title="bbox 144 2340 1721 2425">
     <span class='ocr_line' id='line_1_39' title="bbox 144 2340 1721 2425; baseline 0.008 -32"><span class='ocrx_word' id='word_1_280' title='bbox 144 2340 279 2393; x_wconf 82' lang='grc' dir='ltr'>Ἀλλ’</span> <span class='ocrx_word' id='word_1_281' title='bbox 310 2341 495 2407; x_wconf 77' lang='grc' dir='ltr'>οὔπως</span> <span class='ocrx_word' id='word_1_282' title='bbox 521 2344 639 2417; x_wconf 79' lang='grc' dir='ltr'>ἅμα</span> <span class='ocrx_word' id='word_1_283' title='bbox 672 2346 898 2410; x_wconf 84' lang='grc' dir='ltr'>πάντες.</span> <span class='ocrx_word' id='word_1_284' title='bbox 932 2348 998 2401; x_wconf 64' lang='lat' dir='ltr'>li</span> <span class='ocrx_word' id='word_1_285' title='bbox 1029 2349 1435 2423; x_wconf 83' lang='grc' dir='ltr'>Ὑποδρηστῆρι</span> <span class='ocrx_word' id='word_1_286' title='bbox 1457 2351 1513 2405; x_wconf 85' lang='grc' dir='ltr'>δὲ</span> <span class='ocrx_word' id='word_1_287' title='bbox 1535 2351 1721 2425; x_wconf 82' lang='grc' dir='ltr'>θεσμῷ</span> 
     </span>
    </p>
   </div>
   <div class='ocr_carea' id='block_1_40' title="bbox 140 2436 1644 2515">
    <p class='ocr_par' dir='ltr' id='par_1_40' title="bbox 140 2436 1644 2515">
     <span class='ocr_line' id='line_1_40' title="bbox 140 2436 1644 2515; baseline 0.007 -27"><span class='ocrx_word' id='word_1_288' title='bbox 140 2436 380 2490; x_wconf 85' lang='grc' dir='ltr'>Ὀππότε</span> <span class='ocrx_word' id='word_1_289' title='bbox 411 2437 755 2510; x_wconf 80' lang='grc' dir='ltr'>δαιτυμόνων</span> <span class='ocrx_word' id='word_1_290' title='bbox 786 2440 1114 2496; x_wconf 81' lang='grc' dir='ltr'>δυοκαίδεκα</span> <span class='ocrx_word' id='word_1_291' title='bbox 1142 2443 1344 2497; x_wconf 84' lang='grc' dir='ltr'>κύκλον</span> <span class='ocrx_word' id='word_1_292' title='bbox 1377 2444 1644 2515; x_wconf 79' lang='grc' dir='ltr'>ἀμείϐων,</span> 
     </span>
    </p>
   </div>
   <div class='ocr_carea' id='block_1_41' title="bbox 120 2524 1533 2605">
    <p class='ocr_par' dir='ltr' id='par_1_41' title="bbox 120 2524 1533 2605">
     <span class='ocr_line' id='line_1_41' title="bbox 120 2524 1533 2605; baseline 0.006 -27"><span class='ocrx_word' id='word_1_293' title='bbox 120 2524 297 2595; x_wconf 75' lang='grc' dir='ltr'>Νίψεν</span> <span class='ocrx_word' id='word_1_294' title='bbox 326 2527 433 2580; x_wconf 80' lang='grc' dir='ltr'>έῶν</span> <span class='ocrx_word' id='word_1_295' title='bbox 466 2528 677 2601; x_wconf 78' lang='grc' dir='ltr'>ἑτάρων</span> <span class='ocrx_word' id='word_1_296' title='bbox 710 2530 892 2594; x_wconf 73' lang='grc' dir='ltr'>ὁσίους</span> <span class='ocrx_word' id='word_1_297' title='bbox 921 2530 1087 2595; x_wconf 85' lang='grc' dir='ltr'>πόδας</span> <span class='ocrx_word' id='word_1_298' title='bbox 1118 2533 1280 2602; x_wconf 84' lang='grc' dir='ltr'>ἁγνὸς</span> <span class='ocrx_word' id='word_1_299' title='bbox 1328 2533 1533 2605; x_wconf 80' lang='grc' dir='ltr'>Ἰησοῦς</span> 
     </span>
    </p>
   </div>
   <div class='ocr_carea' id='block_1_42' title="bbox 116 2615 1535 2695">
    <p class='ocr_par' dir='ltr' id='par_1_42' title="bbox 116 2615 1535 2695">
     <span class='ocr_line' id='line_1_42' title="bbox 116 2615 1535 2695; baseline 0.007 -26"><span class='ocrx_word' id='word_1_300' title='bbox 116 2615 518 2687; x_wconf 81' lang='grc' dir='ltr'>Κεκλιμένους.</span> <span class='ocrx_word' id='word_1_301' title='bbox 549 2619 876 2693; x_wconf 87' lang='grc' dir='ltr'>παλίνορσος</span> <span class='ocrx_word' id='word_1_302' title='bbox 905 2622 1030 2686; x_wconf 80' lang='grc' dir='ltr'>ἑοὺς</span> <span class='ocrx_word' id='word_1_303' title='bbox 1057 2622 1241 2677; x_wconf 81' lang='grc' dir='ltr'>ἔνδυνε</span> <span class='ocrx_word' id='word_1_304' title='bbox 1269 2624 1535 2695; x_wconf 73' lang='grc' dir='ltr'>χιτῶναςο</span> 
     </span>
    </p>
   </div>
   <div class='ocr_carea' id='block_1_43' title="bbox 115 2709 1438 2787">
    <p class='ocr_par' dir='ltr' id='par_1_43' title="bbox 115 2709 1438 2787">
     <span class='ocr_line' id='line_1_43' title="bbox 115 2709 1438 2787; baseline 0.008 -27"><span class='ocrx_word' id='word_1_305' title='bbox 115 2709 229 2760; x_wconf 75' lang='grc' dir='ltr'>Καὶ</span> <span class='ocrx_word' id='word_1_306' title='bbox 262 2709 529 2783; x_wconf 84' lang='grc' dir='ltr'>παλάμης</span> <span class='ocrx_word' id='word_1_307' title='bbox 554 2712 779 2781; x_wconf 80' lang='grc' dir='ltr'>ἀγκῶνα</span> <span class='ocrx_word' id='word_1_308' title='bbox 815 2713 1190 2787; x_wconf 81' lang='grc' dir='ltr'>παλινδίνητον</span> <span class='ocrx_word' id='word_1_309' title='bbox 1219 2716 1438 2786; x_wconf 87' lang='grc' dir='ltr'>ὲρείσας</span> 
     </span>
    </p>
   </div>
   <div class='ocr_carea' id='block_1_44' title="bbox 118 2802 1713 2884">
    <p class='ocr_par' dir='ltr' id='par_1_44' title="bbox 118 2802 1713 2884">
     <span class='ocr_line' id='line_1_44' title="bbox 118 2802 1713 2884; baseline 0.006 -29"><span class='ocrx_word' id='word_1_310' title='bbox 118 2802 289 2873; x_wconf 74' lang='lat'>150</span> <span class='ocrx_word' id='word_1_311' title='bbox 311 2804 637 2873; x_wconf 73' lang='grc' dir='ltr'>Ἀκρότατον</span> <span class='ocrx_word' id='word_1_312' title='bbox 662 2809 787 2879; x_wconf 62' lang='grc' dir='ltr'>περὶ¹</span> <span class='ocrx_word' id='word_1_313' title='bbox 802 2809 1002 2864; x_wconf 76' lang='grc' dir='ltr'>κύκλον</span> <span class='ocrx_word' id='word_1_314' title='bbox 1018 2811 1378 2882; x_wconf 80' lang='grc' dir='ltr'>ὁμοστόργοιο</span> <span class='ocrx_word' id='word_1_315' title='bbox 1400 2809 1678 2884; x_wconf 78' lang='grc' dir='ltr'>τραπέζης</span> <span class='ocrx_word' id='word_1_316' title='bbox 1700 2850 1713 2877; x_wconf 89' lang='grc'><em>,</em></span> 
     </span>
    </p>
   </div>
   <div class='ocr_carea' id='block_1_45' title="bbox 115 2891 1539 2970">
    <p class='ocr_par' dir='ltr' id='par_1_45' title="bbox 115 2891 1539 2970">
     <span class='ocr_line' id='line_1_45' title="bbox 115 2891 1539 2970; baseline 0.008 -24"><span class='ocrx_word' id='word_1_317' title='bbox 115 2891 292 2947; x_wconf 80' lang='grc' dir='ltr'>Εἶπεν</span> <span class='ocrx_word' id='word_1_318' title='bbox 322 2896 433 2959; x_wconf 80' lang='grc' dir='ltr'>ἑοῖς</span> <span class='ocrx_word' id='word_1_319' title='bbox 459 2897 703 2970; x_wconf 73' lang='grc' dir='ltr'>ἑτάροιςο</span> <span class='ocrx_word' id='word_1_320' title='bbox 738 2900 1044 2956; x_wconf 84' lang='grc' dir='ltr'>Γινώσκετε</span> <span class='ocrx_word' id='word_1_321' title='bbox 1075 2903 1237 2956; x_wconf 82' lang='grc' dir='ltr'>τοῦτο</span> <span class='ocrx_word' id='word_1_322' title='bbox 1258 2904 1352 2957; x_wconf 73' lang='grc' dir='ltr'>καὶ</span> <span class='ocrx_word' id='word_1_323' title='bbox 1384 2904 1539 2957; x_wconf 64' lang='grc' dir='ltr'>αὑτοὶ⁵</span> 
     </span>
    </p>
   </div>
   <div class='ocr_carea' id='block_1_46' title="bbox 126 2982 1459 3065">
    <p class='ocr_par' dir='ltr' id='par_1_46' title="bbox 126 2982 1459 3065">
     <span class='ocr_line' id='line_1_46' title="bbox 126 2982 1459 3065; baseline 0.009 -28"><span class='ocrx_word' id='word_1_324' title='bbox 126 2986 295 3057; x_wconf 92' lang='grc' dir='ltr'>Ὑμῖν</span> <span class='ocrx_word' id='word_1_325' title='bbox 320 2982 433 3040; x_wconf 81' lang='grc' dir='ltr'>οἷον</span> <span class='ocrx_word' id='word_1_326' title='bbox 463 2988 646 3059; x_wconf 78' lang='grc' dir='ltr'>ἔρεξα,</span> <span class='ocrx_word' id='word_1_327' title='bbox 676 2990 965 3064; x_wconf 84' lang='grc' dir='ltr'>διάκτορον</span> <span class='ocrx_word' id='word_1_328' title='bbox 1000 2994 1160 3065; x_wconf 74' lang='grc' dir='ltr'>ἔργον</span> <span class='ocrx_word' id='word_1_329' title='bbox 1187 2994 1459 3065; x_wconf 81' lang='grc' dir='ltr'>ὑφαίνων;</span> 
     </span>
    </p>
   </div>
   <div class='ocr_carea' id='block_1_47' title="bbox 117 3078 1564 3159">
    <p class='ocr_par' dir='ltr' id='par_1_47' title="bbox 117 3078 1564 3159">
     <span class='ocr_line' id='line_1_47' title="bbox 117 3078 1564 3159; baseline 0.006 -28"><span class='ocrx_word' id='word_1_330' title='bbox 117 3078 186 3132; x_wconf 76' lang='grc'>13</span> <span class='ocrx_word' id='word_1_331' title='bbox 231 3079 431 3147; x_wconf 88' lang='grc' dir='ltr'>Ὑμεῖς</span> <span class='ocrx_word' id='word_1_332' title='bbox 462 3082 723 3154; x_wconf 81' lang='grc' dir='ltr'>διχθαδίῳ</span> <span class='ocrx_word' id='word_1_333' title='bbox 756 3102 826 3155; x_wconf 91' lang='grc' dir='ltr'>με</span> <span class='ocrx_word' id='word_1_334' title='bbox 859 3086 1010 3157; x_wconf 83' lang='grc' dir='ltr'>σοφῷ</span> <span class='ocrx_word' id='word_1_335' title='bbox 1043 3087 1369 3159; x_wconf 81' lang='grc' dir='ltr'>κικλήσκετε</span> <span class='ocrx_word' id='word_1_336' title='bbox 1406 3087 1564 3159; x_wconf 79' lang='grc' dir='ltr'>μύθῳ</span> 
     </span>
    </p>
   </div>
   <div class='ocr_carea' id='block_1_48' title="bbox 116 3170 1537 3244">
    <p class='ocr_par' dir='ltr' id='par_1_48' title="bbox 116 3170 1537 3244">
     <span class='ocr_line' id='line_1_48' title="bbox 116 3170 1537 3244; baseline 0.008 -21"><span class='ocrx_word' id='word_1_337' title='bbox 116 3170 423 3241; x_wconf 76' lang='grc' dir='ltr'>Κοίρανον,</span> <span class='ocrx_word' id='word_1_338' title='bbox 455 3173 664 3243; x_wconf 84' lang='grc' dir='ltr'>ὑμείων</span> <span class='ocrx_word' id='word_1_339' title='bbox 691 3193 753 3229; x_wconf 87' lang='grc' dir='ltr'>τε</span> <span class='ocrx_word' id='word_1_340' title='bbox 780 3176 1102 3232; x_wconf 73' lang='grc' dir='ltr'>διδάσκαλον</span> <span class='ocrx_word' id='word_1_341' title='bbox 1122 3196 1135 3209; x_wconf 72' lang='grc'><strong>⁸</strong></span> <span class='ocrx_word' id='word_1_342' title='bbox 1177 3179 1447 3244; x_wconf 86' lang='grc' dir='ltr'>ἀπλανέες</span> <span class='ocrx_word' id='word_1_343' title='bbox 1478 3180 1537 3234; x_wconf 78' lang='grc' dir='ltr'>δὲ</span> 
     </span>
    </p>
   </div>
   <div class='ocr_carea' id='block_1_49' title="bbox 117 3259 1682 3345">
    <p class='ocr_par' dir='ltr' id='par_1_49' title="bbox 117 3259 1682 3345">
     <span class='ocr_line' id='line_1_49' title="bbox 117 3259 1682 3345; baseline 0.01 -33"><span class='ocrx_word' id='word_1_344' title='bbox 117 3259 291 3314; x_wconf 77' lang='grc' dir='ltr'>Τοῦτο</span> <span class='ocrx_word' id='word_1_345' title='bbox 320 3262 510 3327; x_wconf 83' lang='grc' dir='ltr'>καλῶς</span> <span class='ocrx_word' id='word_1_346' title='bbox 542 3264 845 3335; x_wconf 75' lang='grc' dir='ltr'>φθέγγεσθε</span> <span class='ocrx_word' id='word_1_347' title='bbox 886 3267 1187 3340; x_wconf 82' lang='grc' dir='ltr'>δαήμονες·</span> <span class='ocrx_word' id='word_1_348' title='bbox 1219 3272 1339 3341; x_wconf 78' lang='grc' dir='ltr'>εἰμὶ</span> <span class='ocrx_word' id='word_1_349' title='bbox 1369 3271 1479 3343; x_wconf 80' lang='grc' dir='ltr'>γὰρ</span> <span class='ocrx_word' id='word_1_350' title='bbox 1519 3274 1682 3345; x_wconf 79' lang='grc' dir='ltr'>ἄμφω</span> 
     </span>
    </p>
   </div>
   <div class='ocr_carea' id='block_1_50' title="bbox 130 3350 1505 3434">
    <p class='ocr_par' dir='ltr' id='par_1_50' title="bbox 130 3350 1505 3434">
     <span class='ocr_line' id='line_1_50' title="bbox 130 3350 1505 3434; baseline 0.013 -32"><span class='ocrx_word' id='word_1_351' title='bbox 130 3350 215 3416; x_wconf 83' lang='grc' dir='ltr'>Ὡς</span> <span class='ocrx_word' id='word_1_352' title='bbox 242 3355 348 3425; x_wconf 75' lang='grc' dir='ltr'>ἐμὲ</span> <span class='ocrx_word' id='word_1_353' title='bbox 388 3354 705 3426; x_wconf 75' lang='grc' dir='ltr'>μυθίζεσθε.</span> <span class='ocrx_word' id='word_1_354' title='bbox 737 3359 805 3413; x_wconf 70' lang='grc'>14</span> <span class='ocrx_word' id='word_1_355' title='bbox 834 3360 1179 3433; x_wconf 77' lang='grc' dir='ltr'>Φιλοστόργῳ</span> <span class='ocrx_word' id='word_1_356' title='bbox 1206 3362 1264 3416; x_wconf 82' lang='grc' dir='ltr'>δὲ</span> <span class='ocrx_word' id='word_1_357' title='bbox 1286 3368 1505 3434; x_wconf 81' lang='grc' dir='ltr'>μενοινῇ</span> 
     </span>
    </p>
   </div>
   <div class='ocr_carea' id='block_1_51' title="bbox 119 3444 1432 3526">
    <p class='ocr_par' dir='ltr' id='par_1_51' title="bbox 119 3444 1432 3526">
     <span class='ocr_line' id='line_1_51' title="bbox 119 3444 1432 3526; baseline 0.011 -31"><span class='ocrx_word' id='word_1_358' title='bbox 119 3444 181 3496; x_wconf 84' lang='grc' dir='ltr'><strong>Εἰ</strong></span> <span class='ocrx_word' id='word_1_359' title='bbox 208 3445 386 3510; x_wconf 85' lang='grc' dir='ltr'>πόδας</span> <span class='ocrx_word' id='word_1_360' title='bbox 418 3447 623 3519; x_wconf 81' lang='grc' dir='ltr'>ὑμείων</span> <span class='ocrx_word' id='word_1_361' title='bbox 659 3449 885 3523; x_wconf 81' lang='grc' dir='ltr'>καθαρῷ</span> <span class='ocrx_word' id='word_1_362' title='bbox 915 3452 1183 3524; x_wconf 80' lang='grc' dir='ltr'>φαίδρυνα</span> <span class='ocrx_word' id='word_1_363' title='bbox 1207 3455 1432 3526; x_wconf 82' lang='grc' dir='ltr'>λοετρῷ,</span> 
     </span>
    </p>
   </div>
   <div class='ocr_carea' id='block_1_52' title="bbox 131 3539 1580 3617">
    <p class='ocr_par' dir='ltr' id='par_1_52' title="bbox 131 3539 1580 3617">
     <span class='ocr_line' id='line_1_52' title="bbox 131 3539 1580 3617; baseline 0.009 -26"><span class='ocrx_word' id='word_1_364' title='bbox 131 3539 379 3612; x_wconf 79' lang='grc' dir='ltr'>Ἡγητὴρ</span> <span class='ocrx_word' id='word_1_365' title='bbox 413 3542 509 3595; x_wconf 74' lang='grc' dir='ltr'>καὶ</span> <span class='ocrx_word' id='word_1_366' title='bbox 544 3541 681 3610; x_wconf 77' lang='grc' dir='ltr'>ἄναξ</span> <span class='ocrx_word' id='word_1_367' title='bbox 710 3545 1045 3617; x_wconf 78' lang='grc' dir='ltr'>περιδέξιος·</span> <span class='ocrx_word' id='word_1_368' title='bbox 1082 3546 1225 3602; x_wconf 83' lang='grc' dir='ltr'>ἀλλά</span> <span class='ocrx_word' id='word_1_369' title='bbox 1252 3550 1348 3602; x_wconf 82' lang='grc' dir='ltr'>καὶ</span> <span class='ocrx_word' id='word_1_370' title='bbox 1373 3549 1580 3614; x_wconf 76' lang='grc' dir='ltr'>αὐτοὺς</span> 
     </span>
    </p>
   </div>
   <div class='ocr_carea' id='block_1_53' title="bbox 136 3627 1562 3708">
    <p class='ocr_par' dir='ltr' id='par_1_53' title="bbox 136 3627 1562 3708">
     <span class='ocr_line' id='line_1_53' title="bbox 136 3627 1562 3708; baseline 0.01 -29"><span class='ocrx_word' id='word_1_371' title='bbox 136 3627 454 3683; x_wconf 80' lang='grc' dir='ltr'>Ἀντίτυπον</span> <span class='ocrx_word' id='word_1_372' title='bbox 484 3630 642 3702; x_wconf 80' lang='grc' dir='ltr'>θέμις</span> <span class='ocrx_word' id='word_1_373' title='bbox 678 3635 829 3688; x_wconf 79' lang='grc' dir='ltr'>ἐστὶν</span> <span class='ocrx_word' id='word_1_374' title='bbox 855 3636 989 3707; x_wconf 70' lang='grc' dir='ltr'>ἐμὸν</span> <span class='ocrx_word' id='word_1_375' title='bbox 1030 3636 1259 3708; x_wconf 83' lang='grc' dir='ltr'>μίμημα</span> <span class='ocrx_word' id='word_1_376' title='bbox 1292 3638 1562 3708; x_wconf 85' lang='grc' dir='ltr'>μαθόντας</span> 
     </span>
    </p>
   </div>
   <div class='ocr_carea' id='block_1_54' title="bbox 132 3718 1526 3796">
    <p class='ocr_par' dir='ltr' id='par_1_54' title="bbox 132 3718 1526 3796">
     <span class='ocr_line' id='line_1_54' title="bbox 132 3718 1526 3796; baseline 0.009 -24"><span class='ocrx_word' id='word_1_377' title='bbox 132 3718 355 3792; x_wconf 82' lang='grc' dir='ltr'>Ὑμέας,</span> <span class='ocrx_word' id='word_1_378' title='bbox 392 3722 641 3796; x_wconf 80' lang='grc' dir='ltr'>ἀλλήλων</span> <span class='ocrx_word' id='word_1_379' title='bbox 672 3726 883 3795; x_wconf 80' lang='grc' dir='ltr'>φιλίους</span> <span class='ocrx_word' id='word_1_380' title='bbox 903 3728 1069 3791; x_wconf 87' lang='grc' dir='ltr'>πόδας</span> <span class='ocrx_word' id='word_1_381' title='bbox 1110 3727 1266 3782; x_wconf 81' lang='grc' dir='ltr'>ὓδατι</span> <span class='ocrx_word' id='word_1_382' title='bbox 1297 3729 1526 3785; x_wconf 89' lang='grc' dir='ltr'>νίπτειν.</span> 
     </span>
    </p>
   </div>
   <div class='ocr_carea' id='block_1_55' title="bbox 126 3809 1716 3893">
    <p class='ocr_par' dir='ltr' id='par_1_55' title="bbox 126 3809 1716 3893">
     <span class='ocr_line' id='line_1_55' title="bbox 126 3809 1716 3893; baseline 0.009 -32"><span class='ocrx_word' id='word_1_383' title='bbox 126 3809 190 3862; x_wconf 71' lang='grc'>15</span> <span class='ocrx_word' id='word_1_384' title='bbox 205 3813 419 3882; x_wconf 83' lang='grc' dir='ltr'>Δεῖγμα</span> <span class='ocrx_word' id='word_1_385' title='bbox 434 3814 544 3885; x_wconf 79' lang='grc' dir='ltr'>γὰρ</span> <span class='ocrx_word' id='word_1_386' title='bbox 557 3814 750 3869; x_wconf 81' lang='grc' dir='ltr'>ἔπλετο</span> <span class='ocrx_word' id='word_1_387' title='bbox 765 3816 923 3870; x_wconf 76' lang='grc' dir='ltr'>τοῦτο</span> <span class='ocrx_word' id='word_1_388' title='bbox 935 3816 1278 3885; x_wconf 83' lang='grc' dir='ltr'>διδάσκαλον,</span> <span class='ocrx_word' id='word_1_389' title='bbox 1290 3819 1437 3890; x_wconf 74' lang='grc' dir='ltr'>ὄφρα</span> <span class='ocrx_word' id='word_1_390' title='bbox 1450 3822 1543 3874; x_wconf 81' lang='grc' dir='ltr'>καὶ</span> <span class='ocrx_word' id='word_1_391' title='bbox 1560 3821 1716 3893; x_wconf 82' lang='grc' dir='ltr'>ὑμεῖς</span> 
     </span>
    </p>
   </div>
   <div class='ocr_carea' id='block_1_56' title="bbox 132 3900 1525 3981">
    <p class='ocr_par' dir='ltr' id='par_1_56' title="bbox 132 3900 1525 3981">
     <span class='ocr_line' id='line_1_56' title="bbox 132 3900 1525 3981; baseline 0.009 -29"><span class='ocrx_word' id='word_1_392' title='bbox 132 3900 325 3971; x_wconf 82' lang='grc' dir='ltr'>Ἔργον</span> <span class='ocrx_word' id='word_1_393' title='bbox 349 3905 490 3975; x_wconf 82' lang='grc' dir='ltr'>ὅπερ</span> <span class='ocrx_word' id='word_1_394' title='bbox 519 3906 720 3979; x_wconf 79' lang='grc' dir='ltr'>ποίησα</span> <span class='ocrx_word' id='word_1_395' title='bbox 751 3908 915 3977; x_wconf 72' lang='grc' dir='ltr'>σοφὸν</span> <span class='ocrx_word' id='word_1_396' title='bbox 948 3908 1208 3981; x_wconf 81' lang='grc' dir='ltr'>τελέσητε</span> <span class='ocrx_word' id='word_1_397' title='bbox 1242 3909 1338 3963; x_wconf 69' lang='grc' dir='ltr'>καὶ</span> <span class='ocrx_word' id='word_1_398' title='bbox 1368 3911 1525 3964; x_wconf 62' lang='grc' dir='ltr'>αιῖδτολ⁵</span> 
     </span>
    </p>
   </div>
   <div class='ocr_carea' id='block_1_57' title="bbox 124 3991 1435 4071">
    <p class='ocr_par' dir='ltr' id='par_1_57' title="bbox 124 3991 1435 4071">
     <span class='ocr_line' id='line_1_57' title="bbox 124 3991 1435 4071; baseline 0.009 -26"><span class='ocrx_word' id='word_1_399' title='bbox 124 3991 326 4058; x_wconf 79' lang='grc' dir='ltr'>Πάντες</span> <span class='ocrx_word' id='word_1_400' title='bbox 356 3997 417 4048; x_wconf 82' lang='grc' dir='ltr'>ὲν</span> <span class='ocrx_word' id='word_1_401' title='bbox 445 3996 752 4067; x_wconf 79' lang='grc' dir='ltr'>ἀλλήλοισιν</span> <span class='ocrx_word' id='word_1_402' title='bbox 780 3999 1054 4071; x_wconf 79' lang='grc' dir='ltr'>ἀμοιϐαίῳ</span> <span class='ocrx_word' id='word_1_403' title='bbox 1082 4002 1191 4053; x_wconf 76' lang='grc' dir='ltr'>τινὶ</span> <span class='ocrx_word' id='word_1_404' title='bbox 1223 3999 1435 4071; x_wconf 82' lang='grc' dir='ltr'>θεσμῷ·</span> 
     </span>
    </p>
   </div>
   <div class='ocr_carea' id='block_1_58' title="bbox 134 4081 1301 4163">
    <p class='ocr_par' dir='ltr' id='par_1_58' title="bbox 134 4081 1301 4163">
     <span class='ocr_line' id='line_1_58' title="bbox 134 4081 1301 4163; baseline 0.012 -30"><span class='ocrx_word' id='word_1_405' title='bbox 134 4081 378 4153; x_wconf 76' lang='grc' dir='ltr'>Ίσοφυὲς</span> <span class='ocrx_word' id='word_1_406' title='bbox 402 4087 632 4158; x_wconf 89' lang='grc' dir='ltr'>μίμημα</span> <span class='ocrx_word' id='word_1_407' title='bbox 665 4089 937 4161; x_wconf 87' lang='grc' dir='ltr'>δαήμονος</span> <span class='ocrx_word' id='word_1_408' title='bbox 970 4091 1301 4163; x_wconf 84' lang='grc' dir='ltr'>ήγεμονῆος.</span> 
     </span>
    </p>
   </div>
   <div class='ocr_carea' id='block_1_59' title="bbox 120 4175 1713 4257">
    <p class='ocr_par' dir='ltr' id='par_1_59' title="bbox 120 4175 1713 4257">
     <span class='ocr_line' id='line_1_59' title="bbox 120 4175 1713 4257; baseline 0.007 -29"><span class='ocrx_word' id='word_1_409' title='bbox 120 4175 185 4229; x_wconf 74' lang='grc'>16</span> <span class='ocrx_word' id='word_1_410' title='bbox 212 4178 289 4229; x_wconf 84' lang='grc' dir='ltr'>Οὑ</span> <span class='ocrx_word' id='word_1_411' title='bbox 317 4176 451 4231; x_wconf 84' lang='grc' dir='ltr'>πέλε</span> <span class='ocrx_word' id='word_1_412' title='bbox 473 4178 661 4252; x_wconf 81' lang='grc' dir='ltr'>λάτρις</span> <span class='ocrx_word' id='word_1_413' title='bbox 680 4183 913 4247; x_wconf 79' lang='grc' dir='ltr'>ἄνακτος</span> <span class='ocrx_word' id='word_1_414' title='bbox 932 4184 1229 4257; x_wconf 86' lang='grc' dir='ltr'>ὑπέρτερος</span> <span class='ocrx_word' id='word_1_415' title='bbox 1252 4200 1267 4215; x_wconf 79' lang='grc' dir='ltr'><strong><em>ο</em></strong></span> <span class='ocrx_word' id='word_1_416' title='bbox 1303 4183 1423 4238; x_wconf 83' lang='grc' dir='ltr'>οὐδέ</span> <span class='ocrx_word' id='word_1_417' title='bbox 1457 4200 1541 4247; x_wconf 89' lang='grc' dir='ltr'>τις</span> <span class='ocrx_word' id='word_1_418' title='bbox 1574 4184 1713 4257; x_wconf 80' lang='grc' dir='ltr'>ἀνὴρ</span> 
     </span>
    </p>
   </div>
   <div class='ocr_carea' id='block_1_60' title="bbox 127 4265 1567 4347">
    <p class='ocr_par' dir='ltr' id='par_1_60' title="bbox 127 4265 1567 4347">
     <span class='ocr_line' id='line_1_60' title="bbox 127 4265 1567 4347; baseline 0.008 -29"><span class='ocrx_word' id='word_1_419' title='bbox 127 4265 430 4338; x_wconf 81' lang='grc' dir='ltr'>Ἡγεμόνος</span> <span class='ocrx_word' id='word_1_420' title='bbox 480 4270 798 4342; x_wconf 71' lang='grc' dir='ltr'>πέμψαντος</span> <span class='ocrx_word' id='word_1_421' title='bbox 834 4274 1136 4338; x_wconf 82' lang='grc' dir='ltr'>ἀπόστολός</span> <span class='ocrx_word' id='word_1_422' title='bbox 1166 4276 1315 4329; x_wconf 83' lang='grc' dir='ltr'>ἐστιν</span> <span class='ocrx_word' id='word_1_423' title='bbox 1345 4276 1567 4347; x_wconf 88' lang='grc' dir='ltr'>ἀρείων.</span> 
     </span>
    </p>
   </div>
   <div class='ocr_carea' id='block_1_61' title="bbox 118 4356 1643 4439">
    <p class='ocr_par' dir='ltr' id='par_1_61' title="bbox 118 4356 1643 4439">
     <span class='ocr_line' id='line_1_61' title="bbox 118 4356 1643 4439; baseline 0.009 -30"><span class='ocrx_word' id='word_1_424' title='bbox 118 4356 183 4410; x_wconf 75' lang='grc' dir='ltr'><strong><em>Π</em></strong></span> <span class='ocrx_word' id='word_1_425' title='bbox 209 4359 271 4411; x_wconf 82' lang='grc' dir='ltr'>Εἰ</span> <span class='ocrx_word' id='word_1_426' title='bbox 297 4359 359 4413; x_wconf 75' lang='grc' dir='ltr'>δὲ</span> <span class='ocrx_word' id='word_1_427' title='bbox 389 4359 531 4431; x_wconf 85' lang='grc' dir='ltr'>λόγῳ</span> <span class='ocrx_word' id='word_1_428' title='bbox 558 4365 685 4418; x_wconf 85' lang='grc' dir='ltr'>τάδε</span> <span class='ocrx_word' id='word_1_429' title='bbox 719 4366 899 4420; x_wconf 82' lang='grc' dir='ltr'>πάντα</span> <span class='ocrx_word' id='word_1_430' title='bbox 931 4368 1184 4439; x_wconf 78' lang='grc' dir='ltr'>νοήσατε,</span> <span class='ocrx_word' id='word_1_431' title='bbox 1221 4368 1316 4421; x_wconf 75' lang='grc' dir='ltr'>καὶ</span> <span class='ocrx_word' id='word_1_432' title='bbox 1345 4367 1465 4431; x_wconf 87' lang='grc' dir='ltr'>νόος</span> <span class='ocrx_word' id='word_1_433' title='bbox 1495 4366 1643 4439; x_wconf 80' lang='grc' dir='ltr'>ἔργῳ</span> 
     </span>
    </p>
   </div>
   <div class='ocr_carea' id='block_1_62' title="bbox 1827 1988 3411 2066">
    <p class='ocr_par' dir='ltr' id='par_1_62' title="bbox 1827 1988 3411 2066">
     <span class='ocr_line' id='line_1_62' title="bbox 1827 1988 3411 2066; baseline 0.006 -20"><span class='ocrx_word' id='word_1_434' title='bbox 1827 1991 1981 2047; x_wconf 87' lang='lat' dir='ltr'><strong>illum</strong></span> <span class='ocrx_word' id='word_1_435' title='bbox 2021 1992 2106 2047; x_wconf 87' lang='lat' dir='ltr'>vir</span> <span class='ocrx_word' id='word_1_436' title='bbox 2136 2001 2283 2048; x_wconf 86' lang='lat' dir='ltr'><strong>esset</strong></span> <span class='ocrx_word' id='word_1_437' title='bbox 2320 1991 2526 2050; x_wconf 60' lang='lat' dir='ltr'><strong>ludatis</strong></span> <span class='ocrx_word' id='word_1_438' title='bbox 2560 1988 2878 2066; x_wconf 82' lang='lat' dir='ltr'><strong>proditurus</strong></span> <span class='ocrx_word' id='word_1_439' title='bbox 2930 1997 3183 2054; x_wconf 84' lang='lat' dir='ltr'><strong>Venalcm</strong></span> <span class='ocrx_word' id='word_1_440' title='bbox 3230 2001 3411 2056; x_wconf 84' lang='lat' dir='ltr'><strong>hosti-</strong></span> 
     </span>
    </p>
   </div>
   <div class='ocr_carea' id='block_1_63' title="bbox 1825 2086 3412 2168">
    <p class='ocr_par' dir='ltr' id='par_1_63' title="bbox 1825 2086 3412 2168">
     <span class='ocr_line' id='line_1_63' title="bbox 1825 2086 3412 2168; baseline 0.009 -29"><span class='ocrx_word' id='word_1_441' title='bbox 1825 2086 1972 2155; x_wconf 81' lang='lat' dir='ltr'><strong>bus;</strong></span> <span class='ocrx_word' id='word_1_442' title='bbox 2030 2087 2156 2158; x_wconf 90' lang='lat' dir='ltr'><strong>quis</strong></span> <span class='ocrx_word' id='word_1_443' title='bbox 2211 2089 2525 2159; x_wconf 79' lang='lat' dir='ltr'><strong>negotiator</strong></span> <span class='ocrx_word' id='word_1_444' title='bbox 2571 2098 2717 2146; x_wconf 87' lang='lat' dir='ltr'><strong>esset</strong></span> <span class='ocrx_word' id='word_1_445' title='bbox 2758 2091 2934 2147; x_wconf 86' lang='lat' dir='ltr'><strong>exitii.</strong></span> <span class='ocrx_word' id='word_1_446' title='bbox 2985 2092 3217 2165; x_wconf 86' lang='lat' dir='ltr'><strong>Propter</strong></span> <span class='ocrx_word' id='word_1_447' title='bbox 3262 2098 3412 2168; x_wconf 83' lang='lat' dir='ltr'><strong>quod</strong></span> 
     </span>
    </p>
   </div>
   <div class='ocr_carea' id='block_1_64' title="bbox 1824 2184 3412 2264">
    <p class='ocr_par' dir='ltr' id='par_1_64' title="bbox 1824 2184 3412 2264">
     <span class='ocr_line' id='line_1_64' title="bbox 1824 2184 3412 2264; baseline 0.006 -24"><span class='ocrx_word' id='word_1_448' title='bbox 1824 2184 1940 2241; x_wconf 87' lang='lat' dir='ltr'>Deo</span> <span class='ocrx_word' id='word_1_449' title='bbox 1994 2185 2318 2257; x_wconf 86' lang='lat' dir='ltr'><strong>propinquis</strong></span> <span class='ocrx_word' id='word_1_450' title='bbox 2364 2185 2483 2241; x_wconf 76' lang='lat' dir='ltr'><strong>ltex</strong></span> <span class='ocrx_word' id='word_1_451' title='bbox 2544 2185 2680 2244; x_wconf 81' lang='lat' dir='ltr'><strong>dixit</strong></span> <span class='ocrx_word' id='word_1_452' title='bbox 2733 2188 3060 2261; x_wconf 83' lang='lat' dir='ltr'><strong>discipulis:</strong></span> <span class='ocrx_word' id='word_1_453' title='bbox 3117 2191 3412 2264; x_wconf 83' lang='lat' dir='ltr'><strong>Expertem</strong></span> 
     </span>
    </p>
   </div>
   <div class='ocr_carea' id='block_1_65' title="bbox 1822 2281 3421 2355">
    <p class='ocr_par' dir='ltr' id='par_1_65' title="bbox 1822 2281 3421 2355">
     <span class='ocr_line' id='line_1_65' title="bbox 1822 2281 3421 2355; baseline 0.005 -16"><span class='ocrx_word' id='word_1_454' title='bbox 1822 2281 1990 2339; x_wconf 81' lang='lat' dir='ltr'><strong>errati</strong></span> <span class='ocrx_word' id='word_1_455' title='bbox 2027 2297 2226 2350; x_wconf 85' lang='lat' dir='ltr'><strong>purum</strong></span> <span class='ocrx_word' id='word_1_456' title='bbox 2261 2282 2506 2338; x_wconf 86' lang='lat' dir='ltr'><strong>animum</strong></span> <span class='ocrx_word' id='word_1_457' title='bbox 2544 2283 2704 2339; x_wconf 80' lang='lat' dir='ltr'><strong>scitis</strong></span> <span class='ocrx_word' id='word_1_458' title='bbox 2730 2292 2787 2340; x_wconf 91' lang='lat' dir='ltr'>et</span> <span class='ocrx_word' id='word_1_459' title='bbox 2810 2286 2939 2355; x_wconf 88' lang='lat' dir='ltr'><strong>ipsi,</strong></span> <span class='ocrx_word' id='word_1_460' title='bbox 2970 2287 3068 2344; x_wconf 88' lang='lat' dir='ltr'>sed</span> <span class='ocrx_word' id='word_1_461' title='bbox 3100 2304 3210 2345; x_wconf 84' lang='lat' dir='ltr'>non</span> <span class='ocrx_word' id='word_1_462' title='bbox 3252 2291 3421 2347; x_wconf 84' lang='lat' dir='ltr'><strong>simul</strong></span> 
     </span>
    </p>
   </div>
   <div class='ocr_carea' id='block_1_66' title="bbox 1824 2377 3419 2458">
    <p class='ocr_par' dir='ltr' id='par_1_66' title="bbox 1824 2377 3419 2458">
     <span class='ocr_line' id='line_1_66' title="bbox 1824 2377 3419 2458; baseline 0.006 -25"><span class='ocrx_word' id='word_1_463' title='bbox 1824 2393 2036 2434; x_wconf 89' lang='lat' dir='ltr'><strong>omnes.</strong></span> <span class='ocrx_word' id='word_1_464' title='bbox 2068 2377 2137 2432; x_wconf 77' lang='grc'>12</span> <span class='ocrx_word' id='word_1_465' title='bbox 2159 2377 2357 2434; x_wconf 87' lang='lat' dir='ltr'><strong>Servili</strong></span> <span class='ocrx_word' id='word_1_466' title='bbox 2400 2388 2586 2458; x_wconf 67' lang='lat' dir='ltr'><strong>autem</strong></span> <span class='ocrx_word' id='word_1_467' title='bbox 2634 2380 2753 2450; x_wconf 73' lang='lat' dir='ltr'><strong>lege</strong></span> <span class='ocrx_word' id='word_1_468' title='bbox 2784 2378 3019 2447; x_wconf 84' lang='lat' dir='ltr'><strong>Quando</strong></span> <span class='ocrx_word' id='word_1_469' title='bbox 3060 2387 3419 2443; x_wconf 81' lang='lat' dir='ltr'><strong>convivarum</strong></span> 
     </span>
    </p>
   </div>
   <div class='ocr_carea' id='block_1_67' title="bbox 1830 2476 3421 2547">
    <p class='ocr_par' dir='ltr' id='par_1_67' title="bbox 1830 2476 3421 2547">
     <span class='ocr_line' id='line_1_67' title="bbox 1830 2476 3421 2547; baseline 0.006 -15"><span class='ocrx_word' id='word_1_470' title='bbox 1830 2476 2124 2532; x_wconf 83' lang='lat' dir='ltr'><strong>duodecim</strong></span> <span class='ocrx_word' id='word_1_471' title='bbox 2152 2476 2421 2531; x_wconf 89' lang='lat' dir='ltr'><strong>circulum</strong></span> <span class='ocrx_word' id='word_1_472' title='bbox 2453 2476 2763 2547; x_wconf 83' lang='lat' dir='ltr'><strong>pervadens</strong></span> <span class='ocrx_word' id='word_1_473' title='bbox 2789 2477 2946 2533; x_wconf 85' lang='lat' dir='ltr'><strong>Lavit</strong></span> <span class='ocrx_word' id='word_1_474' title='bbox 2978 2495 3204 2537; x_wconf 88' lang='lat' dir='ltr'><strong>suorum</strong></span> <span class='ocrx_word' id='word_1_475' title='bbox 3235 2485 3421 2544; x_wconf 84' lang='lat' dir='ltr'><strong>socio-</strong></span> 
     </span>
    </p>
   </div>
   <div class='ocr_carea' id='block_1_68' title="bbox 1822 2570 3412 2645">
    <p class='ocr_par' dir='ltr' id='par_1_68' title="bbox 1822 2570 3412 2645">
     <span class='ocr_line' id='line_1_68' title="bbox 1822 2570 3412 2645; baseline 0.006 -18"><span class='ocrx_word' id='word_1_476' title='bbox 1822 2587 1946 2627; x_wconf 86' lang='lat' dir='ltr'>rum</span> <span class='ocrx_word' id='word_1_477' title='bbox 1982 2586 2149 2642; x_wconf 84' lang='lat' dir='ltr'><strong>puros</strong></span> <span class='ocrx_word' id='word_1_478' title='bbox 2182 2570 2351 2645; x_wconf 86' lang='lat' dir='ltr'><strong>pedes</strong></span> <span class='ocrx_word' id='word_1_479' title='bbox 2384 2579 2611 2629; x_wconf 88' lang='lat' dir='ltr'><strong>sanctus</strong></span> <span class='ocrx_word' id='word_1_480' title='bbox 2644 2571 2806 2629; x_wconf 83' lang='lat' dir='ltr'><strong>Jesus</strong></span> <span class='ocrx_word' id='word_1_481' title='bbox 2839 2573 3269 2644; x_wconf 76' lang='lat' dir='ltr'><strong>Recumbentes,</strong></span> <span class='ocrx_word' id='word_1_482' title='bbox 3319 2596 3412 2637; x_wconf 87' lang='lat' dir='ltr'><strong>re-</strong></span> 
     </span>
    </p>
   </div>
   <div class='ocr_carea' id='block_1_69' title="bbox 1820 2668 3407 2739">
    <p class='ocr_par' dir='ltr' id='par_1_69' title="bbox 1820 2668 3407 2739">
     <span class='ocr_line' id='line_1_69' title="bbox 1820 2668 3407 2739; baseline 0.006 -14"><span class='ocrx_word' id='word_1_483' title='bbox 1820 2670 2076 2739; x_wconf 83' lang='lat' dir='ltr'><strong>ciprocus</strong></span> <span class='ocrx_word' id='word_1_484' title='bbox 2100 2683 2255 2725; x_wconf 85' lang='lat' dir='ltr'><strong>suam</strong></span> <span class='ocrx_word' id='word_1_485' title='bbox 2286 2668 2465 2724; x_wconf 90' lang='lat' dir='ltr'><strong>induit</strong></span> <span class='ocrx_word' id='word_1_486' title='bbox 2497 2670 2741 2725; x_wconf 85' lang='lat' dir='ltr'><strong>tunicam</strong></span> <span class='ocrx_word' id='word_1_487' title='bbox 2768 2690 2781 2727; x_wconf 91' lang='lat'><strong>:</strong></span> <span class='ocrx_word' id='word_1_488' title='bbox 2812 2671 2880 2727; x_wconf 87' lang='lat' dir='ltr'><strong>Et</strong></span> <span class='ocrx_word' id='word_1_489' title='bbox 2917 2689 3117 2731; x_wconf 89' lang='lat' dir='ltr'><strong>manus</strong></span> <span class='ocrx_word' id='word_1_490' title='bbox 3158 2677 3407 2735; x_wconf 84' lang='lat' dir='ltr'><strong>cubitum</strong></span> 
     </span>
    </p>
   </div>
   <div class='ocr_carea' id='block_1_70' title="bbox 1819 2763 3415 2834">
    <p class='ocr_par' dir='ltr' id='par_1_70' title="bbox 1819 2763 3415 2834">
     <span class='ocr_line' id='line_1_70' title="bbox 1819 2763 3415 2834; baseline 0.007 -15"><span class='ocrx_word' id='word_1_491' title='bbox 1819 2765 2067 2820; x_wconf 85' lang='lat' dir='ltr'><strong>volutum</strong></span> <span class='ocrx_word' id='word_1_492' title='bbox 2121 2764 2348 2820; x_wconf 77' lang='lat' dir='ltr'><strong>firmans</strong></span> <span class='ocrx_word' id='word_1_493' title='bbox 2396 2763 2550 2834; x_wconf 79' lang='lat'><strong>151</strong></span> <span class='ocrx_word' id='word_1_494' title='bbox 2602 2763 2893 2822; x_wconf 90' lang='lat' dir='ltr'><strong>Summum</strong></span> <span class='ocrx_word' id='word_1_495' title='bbox 2951 2770 3101 2825; x_wconf 74' lang='lat' dir='ltr'><strong>circa</strong></span> <span class='ocrx_word' id='word_1_496' title='bbox 3144 2774 3415 2830; x_wconf 82' lang='lat' dir='ltr'><strong>ambitum</strong></span> 
     </span>
    </p>
   </div>
   <div class='ocr_carea' id='block_1_71' title="bbox 1820 2861 3412 2931">
    <p class='ocr_par' dir='ltr' id='par_1_71' title="bbox 1820 2861 3412 2931">
     <span class='ocr_line' id='line_1_71' title="bbox 1820 2861 3412 2931; baseline 0.004 -15"><span class='ocrx_word' id='word_1_497' title='bbox 1820 2861 2119 2917; x_wconf 83' lang='lat' dir='ltr'><strong>concordis</strong></span> <span class='ocrx_word' id='word_1_498' title='bbox 2175 2862 2230 2916; x_wconf 89' lang='lat' dir='ltr'>in</span> <span class='ocrx_word' id='word_1_499' title='bbox 2291 2877 2477 2917; x_wconf 84' lang='lat' dir='ltr'><strong>amore</strong></span> <span class='ocrx_word' id='word_1_500' title='bbox 2530 2878 2765 2930; x_wconf 66' lang='lat' dir='ltr'><strong>mensae,</strong></span> <span class='ocrx_word' id='word_1_501' title='bbox 2829 2865 2977 2921; x_wconf 85' lang='lat' dir='ltr'><strong>Dixit</strong></span> <span class='ocrx_word' id='word_1_502' title='bbox 3031 2869 3150 2929; x_wconf 84' lang='lat' dir='ltr'><strong>suis</strong></span> <span class='ocrx_word' id='word_1_503' title='bbox 3201 2874 3412 2931; x_wconf 79' lang='lat' dir='ltr'><strong>sociis;</strong></span> 
     </span>
    </p>
   </div>
   <div class='ocr_carea' id='block_1_72' title="bbox 1821 2958 3416 3033">
    <p class='ocr_par' dir='ltr' id='par_1_72' title="bbox 1821 2958 3416 3033">
     <span class='ocr_line' id='line_1_72' title="bbox 1821 2958 3416 3033; baseline 0.008 -19"><span class='ocrx_word' id='word_1_504' title='bbox 1821 2959 2172 3029; x_wconf 73' lang='lat' dir='ltr'><strong>Cognoscitis</strong></span> <span class='ocrx_word' id='word_1_505' title='bbox 2203 2958 2308 3014; x_wconf 89' lang='lat' dir='ltr'>hoc</span> <span class='ocrx_word' id='word_1_506' title='bbox 2337 2966 2392 3014; x_wconf 89' lang='lat' dir='ltr'>et</span> <span class='ocrx_word' id='word_1_507' title='bbox 2423 2959 2527 3029; x_wconf 86' lang='lat' dir='ltr'><strong>ipsi</strong></span> <span class='ocrx_word' id='word_1_508' title='bbox 2558 2958 2728 3017; x_wconf 83' lang='lat' dir='ltr'><strong>Vobis</strong></span> <span class='ocrx_word' id='word_1_509' title='bbox 2761 2963 2893 3032; x_wconf 91' lang='lat' dir='ltr'><strong>quid</strong></span> <span class='ocrx_word' id='word_1_510' title='bbox 2929 2965 3176 3033; x_wconf 86' lang='lat' dir='ltr'><strong>fecerim,</strong></span> <span class='ocrx_word' id='word_1_511' title='bbox 3215 2970 3416 3027; x_wconf 79' lang='lat' dir='ltr'><strong>servile</strong></span> 
     </span>
    </p>
   </div>
   <div class='ocr_carea' id='block_1_73' title="bbox 1823 3054 3407 3130">
    <p class='ocr_par' dir='ltr' id='par_1_73' title="bbox 1823 3054 3407 3130">
     <span class='ocr_line' id='line_1_73' title="bbox 1823 3054 3407 3130; baseline 0.008 -19"><span class='ocrx_word' id='word_1_512' title='bbox 1823 3070 1965 3127; x_wconf 88' lang='lat' dir='ltr'><strong>opus</strong></span> <span class='ocrx_word' id='word_1_513' title='bbox 2002 3056 2234 3111; x_wconf 84' lang='lat' dir='ltr'><strong>texens?</strong></span> <span class='ocrx_word' id='word_1_514' title='bbox 2272 3056 2341 3112; x_wconf 72' lang='grc'><strong>15</strong></span> <span class='ocrx_word' id='word_1_515' title='bbox 2386 3054 2494 3112; x_wconf 82' lang='lat' dir='ltr'>Vos</span> <span class='ocrx_word' id='word_1_516' title='bbox 2533 3057 2739 3127; x_wconf 90' lang='lat' dir='ltr'><strong>duplici</strong></span> <span class='ocrx_word' id='word_1_517' title='bbox 2784 3074 2872 3114; x_wconf 87' lang='lat' dir='ltr'>me</span> <span class='ocrx_word' id='word_1_518' title='bbox 2911 3061 3148 3130; x_wconf 87' lang='lat' dir='ltr'><strong>sapienti</strong></span> <span class='ocrx_word' id='word_1_519' title='bbox 3198 3067 3407 3124; x_wconf 82' lang='lat' dir='ltr'><strong>vocatis</strong></span> 
     </span>
    </p>
   </div>
   <div class='ocr_carea' id='block_1_74' title="bbox 1743 3121 3413 3226">
    <p class='ocr_par' dir='ltr' id='par_1_74' title="bbox 1743 3121 3413 3226">
     <span class='ocr_line' id='line_1_74' title="bbox 1743 3121 3413 3226; baseline -0.002 -18"><span class='ocrx_word' id='word_1_520' title='bbox 1743 3121 1791 3185; x_wconf 66' lang='grc' dir='ltr'>ο</span> <span class='ocrx_word' id='word_1_521' title='bbox 1824 3121 1989 3209; x_wconf 79' lang='lat' dir='ltr'><strong>verbo</strong></span> <span class='ocrx_word' id='word_1_522' title='bbox 2021 3151 2337 3216; x_wconf 89' lang='lat' dir='ltr'><strong>Dominum,</strong></span> <span class='ocrx_word' id='word_1_523' title='bbox 2391 3161 2448 3208; x_wconf 89' lang='lat' dir='ltr'>et</span> <span class='ocrx_word' id='word_1_524' title='bbox 2493 3162 2736 3209; x_wconf 87' lang='lat' dir='ltr'><strong>vestrum</strong></span> <span class='ocrx_word' id='word_1_525' title='bbox 2779 3156 3139 3226; x_wconf 74' lang='lat' dir='ltr'><strong>magistrum;</strong></span> <span class='ocrx_word' id='word_1_526' title='bbox 3179 3174 3289 3216; x_wconf 78' lang='lat' dir='ltr'>non</span> <span class='ocrx_word' id='word_1_527' title='bbox 3321 3174 3413 3217; x_wconf 70' lang='grc' dir='ltr'>ειν-</span> 
     </span>
    </p>
   </div>
   <div class='ocr_carea' id='block_1_75' title="bbox 1820 3247 3409 3321">
    <p class='ocr_par' dir='ltr' id='par_1_75' title="bbox 1820 3247 3409 3321">
     <span class='ocr_line' id='line_1_75' title="bbox 1820 3247 3409 3321; baseline 0.006 -15"><span class='ocrx_word' id='word_1_528' title='bbox 1820 3260 2008 3306; x_wconf 88' lang='lat' dir='ltr'><strong>rantes</strong></span> <span class='ocrx_word' id='word_1_529' title='bbox 2028 3259 2213 3306; x_wconf 83' lang='lat' dir='ltr'><strong>autem</strong></span> <span class='ocrx_word' id='word_1_530' title='bbox 2236 3249 2350 3306; x_wconf 82' lang='lat' dir='ltr'><strong>Hoc</strong></span> <span class='ocrx_word' id='word_1_531' title='bbox 2375 3250 2515 3306; x_wconf 86' lang='lat' dir='ltr'><strong>bene</strong></span> <span class='ocrx_word' id='word_1_532' title='bbox 2542 3247 2733 3307; x_wconf 64' lang='lat' dir='ltr'><strong>dicitis</strong></span> <span class='ocrx_word' id='word_1_533' title='bbox 2756 3253 3077 3321; x_wconf 78' lang='lat' dir='ltr'><strong>prudentes,</strong></span> <span class='ocrx_word' id='word_1_534' title='bbox 3107 3271 3228 3313; x_wconf 89' lang='lat' dir='ltr'>sum</span> <span class='ocrx_word' id='word_1_535' title='bbox 3260 3259 3409 3315; x_wconf 79' lang='lat' dir='ltr'><strong>enim</strong></span> 
     </span>
    </p>
   </div>
   <div class='ocr_carea' id='block_1_76' title="bbox 1821 3347 3410 3417">
    <p class='ocr_par' dir='ltr' id='par_1_76' title="bbox 1821 3347 3410 3417">
     <span class='ocr_line' id='line_1_76' title="bbox 1821 3347 3410 3417; baseline 0.005 -15"><span class='ocrx_word' id='word_1_536' title='bbox 1821 3356 2120 3417; x_wconf 73' lang='lat' dir='ltr'><strong>utrumque</strong></span> <span class='ocrx_word' id='word_1_537' title='bbox 2144 3347 2217 3402; x_wconf 89' lang='lat' dir='ltr'><strong>Ut</strong></span> <span class='ocrx_word' id='word_1_538' title='bbox 2246 3362 2335 3403; x_wconf 90' lang='lat' dir='ltr'>me</span> <span class='ocrx_word' id='word_1_539' title='bbox 2365 3347 2599 3403; x_wconf 85' lang='lat' dir='ltr'><strong>vocatis.</strong></span> <span class='ocrx_word' id='word_1_540' title='bbox 2628 3348 2698 3403; x_wconf 76' lang='lat' dir='ltr'><strong>M</strong></span> <span class='ocrx_word' id='word_1_541' title='bbox 2723 3347 2995 3405; x_wconf 85' lang='lat' dir='ltr'><strong>Benevolo</strong></span> <span class='ocrx_word' id='word_1_542' title='bbox 3016 3361 3199 3410; x_wconf 84' lang='lat' dir='ltr'><strong>autem</strong></span> <span class='ocrx_word' id='word_1_543' title='bbox 3224 3354 3410 3410; x_wconf 85' lang='lat' dir='ltr'><strong>animo</strong></span> 
     </span>
    </p>
   </div>
   <div class='ocr_carea' id='block_1_77' title="bbox 1823 3444 3416 3517">
    <p class='ocr_par' dir='ltr' id='par_1_77' title="bbox 1823 3444 3416 3517">
     <span class='ocr_line' id='line_1_77' title="bbox 1823 3444 3416 3517; baseline 0.006 -18"><span class='ocrx_word' id='word_1_544' title='bbox 1823 3444 1883 3499; x_wconf 88' lang='lat' dir='ltr'>Si</span> <span class='ocrx_word' id='word_1_545' title='bbox 1932 3446 2101 3516; x_wconf 81' lang='lat' dir='ltr'><strong>pedes</strong></span> <span class='ocrx_word' id='word_1_546' title='bbox 2134 3452 2354 3500; x_wconf 84' lang='lat' dir='ltr'><strong>vestros</strong></span> <span class='ocrx_word' id='word_1_547' title='bbox 2396 3458 2535 3514; x_wconf 81' lang='lat' dir='ltr'><strong>puro</strong></span> <span class='ocrx_word' id='word_1_548' title='bbox 2582 3449 2881 3517; x_wconf 74' lang='lat' dir='ltr'><strong>expurgavi</strong></span> <span class='ocrx_word' id='word_1_549' title='bbox 2926 3448 3169 3515; x_wconf 84' lang='lat' dir='ltr'><strong>lavacro,</strong></span> <span class='ocrx_word' id='word_1_550' title='bbox 3208 3450 3325 3507; x_wconf 78' lang='lat' dir='ltr'><strong>Dux</strong></span> <span class='ocrx_word' id='word_1_551' title='bbox 3358 3462 3416 3508; x_wconf 84' lang='lat' dir='ltr'>et</span> 
     </span>
    </p>
   </div>
   <div class='ocr_carea' id='block_1_78' title="bbox 1820 3540 3393 3614">
    <p class='ocr_par' dir='ltr' id='par_1_78' title="bbox 1820 3540 3393 3614">
     <span class='ocr_line' id='line_1_78' title="bbox 1820 3540 3393 3614; baseline 0.004 -18"><span class='ocrx_word' id='word_1_552' title='bbox 1820 3558 1918 3597; x_wconf 82' lang='lat' dir='ltr'>rex</span> <span class='ocrx_word' id='word_1_553' title='bbox 1962 3542 2222 3612; x_wconf 86' lang='lat' dir='ltr'><strong>sapiens;</strong></span> <span class='ocrx_word' id='word_1_554' title='bbox 2273 3540 2372 3597; x_wconf 88' lang='lat' dir='ltr'>sed</span> <span class='ocrx_word' id='word_1_555' title='bbox 2414 3550 2469 3597; x_wconf 90' lang='lat' dir='ltr'>et</span> <span class='ocrx_word' id='word_1_556' title='bbox 2508 3543 2663 3612; x_wconf 81' lang='lat' dir='ltr'><strong>ipsos</strong></span> <span class='ocrx_word' id='word_1_557' title='bbox 2708 3543 2792 3598; x_wconf 80' lang='lat' dir='ltr'><strong>Ad</strong></span> <span class='ocrx_word' id='word_1_558' title='bbox 2837 3556 3156 3614; x_wconf 80' lang='lat' dir='ltr'><strong>espressam</strong></span> <span class='ocrx_word' id='word_1_559' title='bbox 3195 3546 3276 3603; x_wconf 80' lang='lat' dir='ltr'>fas</span> <span class='ocrx_word' id='word_1_560' title='bbox 3302 3556 3393 3604; x_wconf 86' lang='lat' dir='ltr'>est</span> 
     </span>
    </p>
   </div>
   <div class='ocr_carea' id='block_1_79' title="bbox 1820 3641 3411 3711">
    <p class='ocr_par' dir='ltr' id='par_1_79' title="bbox 1820 3641 3411 3711">
     <span class='ocr_line' id='line_1_79' title="bbox 1820 3641 3411 3711; baseline 0.004 -15"><span class='ocrx_word' id='word_1_561' title='bbox 1820 3657 1999 3697; x_wconf 84' lang='lat' dir='ltr'><strong>meam</strong></span> <span class='ocrx_word' id='word_1_562' title='bbox 2030 3642 2393 3698; x_wconf 82' lang='lat' dir='ltr'><strong>imitationem</strong></span> <span class='ocrx_word' id='word_1_563' title='bbox 2441 3642 2719 3699; x_wconf 89' lang='lat' dir='ltr'><strong>discentes</strong></span> <span class='ocrx_word' id='word_1_564' title='bbox 2760 3641 2890 3711; x_wconf 81' lang='lat' dir='ltr'><strong>Vos,</strong></span> <span class='ocrx_word' id='word_1_565' title='bbox 2937 3643 3170 3698; x_wconf 87' lang='lat' dir='ltr'><strong>invicem</strong></span> <span class='ocrx_word' id='word_1_566' title='bbox 3210 3647 3411 3703; x_wconf 83' lang='lat' dir='ltr'><strong>charos</strong></span> 
     </span>
    </p>
   </div>
   <div class='ocr_carea' id='block_1_80' title="bbox 1820 3741 3397 3815">
    <p class='ocr_par' dir='ltr' id='par_1_80' title="bbox 1820 3741 3397 3815">
     <span class='ocr_line' id='line_1_80' title="bbox 1820 3741 3397 3815; baseline 0.001 -16"><span class='ocrx_word' id='word_1_567' title='bbox 1820 3744 1989 3815; x_wconf 82' lang='lat' dir='ltr'><strong>pedes</strong></span> <span class='ocrx_word' id='word_1_568' title='bbox 2019 3757 2161 3814; x_wconf 84' lang='lat' dir='ltr'><strong>aqua</strong></span> <span class='ocrx_word' id='word_1_569' title='bbox 2178 3743 2379 3797; x_wconf 86' lang='lat' dir='ltr'><strong>lavare.</strong></span> <span class='ocrx_word' id='word_1_570' title='bbox 2408 3742 2470 3795; x_wconf 78' lang='lat'>15</span> <span class='ocrx_word' id='word_1_571' title='bbox 2487 3741 2811 3811; x_wconf 83' lang='lat' dir='ltr'><strong>Exemplum</strong></span> <span class='ocrx_word' id='word_1_572' title='bbox 2833 3743 2978 3796; x_wconf 89' lang='lat' dir='ltr'><strong>enim</strong></span> <span class='ocrx_word' id='word_1_573' title='bbox 3007 3752 3129 3799; x_wconf 88' lang='lat' dir='ltr'><strong>erat</strong></span> <span class='ocrx_word' id='word_1_574' title='bbox 3154 3743 3259 3799; x_wconf 82' lang='lat' dir='ltr'>hoc</span> <span class='ocrx_word' id='word_1_575' title='bbox 3295 3745 3397 3800; x_wconf 73' lang='lat' dir='ltr'><strong>do~</strong></span> 
     </span>
    </p>
   </div>
   <div class='ocr_carea' id='block_1_81' title="bbox 1816 3839 3408 3913">
    <p class='ocr_par' dir='ltr' id='par_1_81' title="bbox 1816 3839 3408 3913">
     <span class='ocr_line' id='line_1_81' title="bbox 1816 3839 3408 3913; baseline 0.003 -16"><span class='ocrx_word' id='word_1_576' title='bbox 1816 3859 1970 3905; x_wconf 86' lang='lat' dir='ltr'><strong>cens,</strong></span> <span class='ocrx_word' id='word_1_577' title='bbox 2019 3851 2079 3897; x_wconf 94' lang='lat' dir='ltr'>ut</span> <span class='ocrx_word' id='word_1_578' title='bbox 2106 3850 2161 3897; x_wconf 91' lang='lat' dir='ltr'>et</span> <span class='ocrx_word' id='word_1_579' title='bbox 2190 3856 2287 3897; x_wconf 87' lang='lat' dir='ltr'>vos</span> <span class='ocrx_word' id='word_1_580' title='bbox 2318 3839 2471 3912; x_wconf 87' lang='lat' dir='ltr'><strong>Opus</strong></span> <span class='ocrx_word' id='word_1_581' title='bbox 2494 3841 2639 3913; x_wconf 90' lang='lat' dir='ltr'><strong>quod</strong></span> <span class='ocrx_word' id='word_1_582' title='bbox 2674 3841 2776 3897; x_wconf 84' lang='lat' dir='ltr'><strong>feci</strong></span> <span class='ocrx_word' id='word_1_583' title='bbox 2808 3841 3050 3913; x_wconf 85' lang='lat' dir='ltr'><strong>sapiens,</strong></span> <span class='ocrx_word' id='word_1_584' title='bbox 3096 3841 3321 3901; x_wconf 75' lang='lat' dir='ltr'><strong>faciatis</strong></span> <span class='ocrx_word' id='word_1_585' title='bbox 3350 3854 3408 3902; x_wconf 87' lang='lat' dir='ltr'>et</span> 
     </span>
    </p>
   </div>
   <div class='ocr_carea' id='block_1_82' title="bbox 1815 3943 3408 4018">
    <p class='ocr_par' dir='ltr' id='par_1_82' title="bbox 1815 3943 3408 4018">
     <span class='ocr_line' id='line_1_82' title="bbox 1815 3943 3408 4018; baseline 0 -16"><span class='ocrx_word' id='word_1_586' title='bbox 1815 3947 1917 4018; x_wconf 87' lang='lat' dir='ltr'><strong>ipsi</strong></span> <span class='ocrx_word' id='word_1_587' title='bbox 1952 3946 2158 4002; x_wconf 85' lang='lat' dir='ltr'><strong>Omnes</strong></span> <span class='ocrx_word' id='word_1_588' title='bbox 2199 3944 2435 3999; x_wconf 87' lang='lat' dir='ltr'><strong>invicem</strong></span> <span class='ocrx_word' id='word_1_589' title='bbox 2471 3952 2663 3998; x_wconf 88' lang='lat' dir='ltr'><strong>mutua</strong></span> <span class='ocrx_word' id='word_1_590' title='bbox 2705 3943 2944 4014; x_wconf 82' lang='lat' dir='ltr'><strong>quadam</strong></span> <span class='ocrx_word' id='word_1_591' title='bbox 2984 3945 3126 4016; x_wconf 68' lang='lat' dir='ltr'><strong>lege.</strong></span> <span class='ocrx_word' id='word_1_592' title='bbox 3170 3944 3408 4018; x_wconf 88' lang='lat' dir='ltr'><strong>Compar</strong></span> 
     </span>
    </p>
   </div>
   <div class='ocr_carea' id='block_1_83' title="bbox 1814 4044 3407 4122">
    <p class='ocr_par' dir='ltr' id='par_1_83' title="bbox 1814 4044 3407 4122">
     <span class='ocr_line' id='line_1_83' title="bbox 1814 4044 3407 4122; baseline 0.001 -16"><span class='ocrx_word' id='word_1_593' title='bbox 1814 4050 2123 4119; x_wconf 81' lang='lat' dir='ltr'><strong>exemplum</strong></span> <span class='ocrx_word' id='word_1_594' title='bbox 2169 4048 2329 4122; x_wconf 86' lang='lat' dir='ltr'><strong>periti</strong></span> <span class='ocrx_word' id='word_1_595' title='bbox 2379 4046 2559 4102; x_wconf 90' lang='lat' dir='ltr'><strong>ducis.</strong></span> <span class='ocrx_word' id='word_1_596' title='bbox 2596 4045 2664 4101; x_wconf 84' lang='grc'>16</span> <span class='ocrx_word' id='word_1_597' title='bbox 2707 4044 2826 4101; x_wconf 84' lang='lat' dir='ltr'>Non</span> <span class='ocrx_word' id='word_1_598' title='bbox 2870 4055 2955 4103; x_wconf 90' lang='lat' dir='ltr'>est</span> <span class='ocrx_word' id='word_1_599' title='bbox 3000 4048 3250 4104; x_wconf 88' lang='lat' dir='ltr'><strong>minister</strong></span> <span class='ocrx_word' id='word_1_600' title='bbox 3278 4064 3407 4122; x_wconf 67' lang='lat' dir='ltr'><strong>rege</strong></span> 
     </span>
    </p>
   </div>
   <div class='ocr_carea' id='block_1_84' title="bbox 1828 4146 3403 4222">
    <p class='ocr_par' dir='ltr' id='par_1_84' title="bbox 1828 4146 3403 4222">
     <span class='ocr_line' id='line_1_84' title="bbox 1828 4146 3403 4222; baseline 0.001 -16"><span class='ocrx_word' id='word_1_601' title='bbox 1828 4151 2101 4222; x_wconf 86' lang='lat' dir='ltr'><strong>superior,</strong></span> <span class='ocrx_word' id='word_1_602' title='bbox 2130 4164 2309 4221; x_wconf 86' lang='lat' dir='ltr'><strong>neque</strong></span> <span class='ocrx_word' id='word_1_603' title='bbox 2335 4149 2537 4220; x_wconf 88' lang='lat' dir='ltr'><strong>aliquis</strong></span> <span class='ocrx_word' id='word_1_604' title='bbox 2581 4148 2667 4203; x_wconf 88' lang='lat' dir='ltr'>vir</span> <span class='ocrx_word' id='word_1_605' title='bbox 2712 4146 2861 4204; x_wconf 89' lang='lat' dir='ltr'><strong>Duce</strong></span> <span class='ocrx_word' id='word_1_606' title='bbox 2899 4148 3151 4206; x_wconf 88' lang='lat' dir='ltr'><strong>mittente</strong></span> <span class='ocrx_word' id='word_1_607' title='bbox 3191 4150 3403 4221; x_wconf 77' lang='lat' dir='ltr'><strong>legatus</strong></span> 
     </span>
    </p>
   </div>
   <div class='ocr_carea' id='block_1_85' title="bbox 1816 4246 3405 4307">
    <p class='ocr_par' dir='ltr' id='par_1_85' title="bbox 1816 4246 3405 4307">
     <span class='ocr_line' id='line_1_85' title="bbox 1816 4246 3405 4307; baseline 0.002 -3"><span class='ocrx_word' id='word_1_608' title='bbox 1816 4258 1901 4304; x_wconf 89' lang='lat' dir='ltr'>est</span> <span class='ocrx_word' id='word_1_609' title='bbox 1943 4250 2156 4304; x_wconf 87' lang='lat' dir='ltr'><strong>melior.</strong></span> <span class='ocrx_word' id='word_1_610' title='bbox 2191 4248 2257 4302; x_wconf 81' lang='grc'>17</span> <span class='ocrx_word' id='word_1_611' title='bbox 2282 4246 2340 4302; x_wconf 91' lang='lat' dir='ltr'>Si</span> <span class='ocrx_word' id='word_1_612' title='bbox 2369 4264 2498 4302; x_wconf 86' lang='lat' dir='ltr'><strong>vero</strong></span> <span class='ocrx_word' id='word_1_613' title='bbox 2528 4248 2742 4303; x_wconf 89' lang='lat' dir='ltr'><strong>ratione</strong></span> <span class='ocrx_word' id='word_1_614' title='bbox 2778 4248 2893 4305; x_wconf 67' lang='lat' dir='ltr'><strong>haec</strong></span> <span class='ocrx_word' id='word_1_615' title='bbox 2921 4249 3105 4305; x_wconf 87' lang='lat' dir='ltr'><strong>omnia</strong></span> <span class='ocrx_word' id='word_1_616' title='bbox 3132 4250 3405 4307; x_wconf 82' lang='lat' dir='ltr'><strong>intellexi-</strong></span> 
     </span>
    </p>
   </div>
   <div class='ocr_carea' id='block_1_86' title="bbox 1816 4350 3396 4425">
    <p class='ocr_par' dir='ltr' id='par_1_86' title="bbox 1816 4350 3396 4425">
     <span class='ocr_line' id='line_1_86' title="bbox 1816 4350 3396 4425; baseline 0.003 -19"><span class='ocrx_word' id='word_1_617' title='bbox 1816 4354 1936 4415; x_wconf 90' lang='lat' dir='ltr'><strong>stis,</strong></span> <span class='ocrx_word' id='word_1_618' title='bbox 1994 4360 2047 4407; x_wconf 88' lang='lat' dir='ltr'>et</span> <span class='ocrx_word' id='word_1_619' title='bbox 2083 4367 2235 4409; x_wconf 88' lang='lat' dir='ltr'><strong>mens</strong></span> <span class='ocrx_word' id='word_1_620' title='bbox 2268 4365 2391 4406; x_wconf 86' lang='lat' dir='ltr'>cum</span> <span class='ocrx_word' id='word_1_621' title='bbox 2422 4367 2586 4424; x_wconf 90' lang='lat' dir='ltr'><strong>opere</strong></span> <span class='ocrx_word' id='word_1_622' title='bbox 2629 4350 2956 4421; x_wconf 82' lang='lat' dir='ltr'><strong>Certaverlt,</strong></span> <span class='ocrx_word' id='word_1_623' title='bbox 3017 4353 3205 4425; x_wconf 89' lang='lat' dir='ltr'><strong>utique</strong></span> <span class='ocrx_word' id='word_1_624' title='bbox 3256 4353 3396 4414; x_wconf 86' lang='lat' dir='ltr'><strong>estis</strong></span> 
     </span>
    </p>
   </div>
   <div class='ocr_carea' id='block_1_87' title="bbox 120 4447 1697 4530">
    <p class='ocr_par' dir='ltr' id='par_1_87' title="bbox 120 4447 1697 4530">
     <span class='ocr_line' id='line_1_87' title="bbox 120 4447 1697 4530; baseline 0.007 -28"><span class='ocrx_word' id='word_1_625' title='bbox 120 4447 339 4523; x_wconf 83' lang='grc' dir='ltr'>Ἥρισε,</span> <span class='ocrx_word' id='word_1_626' title='bbox 358 4453 564 4525; x_wconf 88' lang='grc' dir='ltr'>καίπερ</span> <span class='ocrx_word' id='word_1_627' title='bbox 587 4455 753 4526; x_wconf 79' lang='grc' dir='ltr'>ἔφυτε</span> <span class='ocrx_word' id='word_1_628' title='bbox 773 4457 1129 4529; x_wconf 86' lang='grc' dir='ltr'>μακάρτεροι.</span> <span class='ocrx_word' id='word_1_629' title='bbox 1150 4458 1217 4513; x_wconf 83' lang='grc'>18</span> <span class='ocrx_word' id='word_1_630' title='bbox 1234 4459 1308 4513; x_wconf 67' lang='lat' dir='ltr'><strong>Oti</strong></span> <span class='ocrx_word' id='word_1_631' title='bbox 1332 4460 1460 4530; x_wconf 80' lang='grc' dir='ltr'>περὶ</span> <span class='ocrx_word' id='word_1_632' title='bbox 1480 4460 1697 4513; x_wconf 86' lang='grc' dir='ltr'>πάντων</span> 
     </span>
    </p>
   </div>
   <div class='ocr_carea' id='block_1_88' title="bbox 1834 4447 3397 4530">
    <p class='ocr_par' dir='ltr' id='par_1_88' title="bbox 1834 4452 3397 4528">
     <span class='ocr_line' id='line_1_88' title="bbox 1834 4452 3397 4528; baseline 0.001 -17"><span class='ocrx_word' id='word_1_633' title='bbox 1834 4456 2096 4512; x_wconf 88' lang='lat' dir='ltr'><strong>eatiores.</strong></span> <span class='ocrx_word' id='word_1_634' title='bbox 2133 4453 2199 4511; x_wconf 76' lang='grc'>18</span> <span class='ocrx_word' id='word_1_635' title='bbox 2224 4452 2344 4511; x_wconf 84' lang='grc' dir='ltr'>Νοιι</span> <span class='ocrx_word' id='word_1_636' title='bbox 2382 4454 2450 4510; x_wconf 89' lang='lat' dir='ltr'>de</span> <span class='ocrx_word' id='word_1_637' title='bbox 2478 4454 2733 4512; x_wconf 83' lang='lat' dir='ltr'><strong>omnibus</strong></span> <span class='ocrx_word' id='word_1_638' title='bbox 2763 4453 2883 4511; x_wconf 85' lang='lat' dir='ltr'><strong>Dixi</strong></span> <span class='ocrx_word' id='word_1_639' title='bbox 2916 4456 3070 4513; x_wconf 92' lang='lat' dir='ltr'><strong>vobis</strong></span> <span class='ocrx_word' id='word_1_640' title='bbox 3098 4457 3206 4513; x_wconf 89' lang='lat' dir='ltr'><strong>alio</strong></span> <span class='ocrx_word' id='word_1_641' title='bbox 3254 4470 3397 4528; x_wconf 86' lang='lat' dir='ltr'><strong>puro</strong></span> 
     </span>
    </p>
   </div>
   <div class='ocr_carea' id='block_1_89' title="bbox 1335 4611 2192 4672">
    <p class='ocr_par' dir='ltr' id='par_1_89' title="bbox 1335 4611 2192 4672">
     <span class='ocr_line' id='line_1_89' title="bbox 1335 4611 2192 4672; baseline -0.005 -2"><span class='ocrx_word' id='word_1_642' title='bbox 1335 4614 1619 4672; x_wconf 83' lang='lat' dir='ltr'>TEXTUS</span> <span class='ocrx_word' id='word_1_643' title='bbox 1660 4611 2192 4671; x_wconf 67' lang='lat' dir='ltr'>EVANGELISTIE.</span> 
     </span>
    </p>
   </div>
   <div class='ocr_carea' id='block_1_90' title="bbox 178 4721 1714 4806">
    <p class='ocr_par' dir='ltr' id='par_1_90' title="bbox 178 4721 1714 4806">
     <span class='ocr_line' id='line_1_90' title="bbox 178 4721 1714 4806; baseline 0.005 -27"><span class='ocrx_word' id='word_1_644' title='bbox 178 4721 213 4779; x_wconf 84' lang='lat'><strong>8</strong></span> <span class='ocrx_word' id='word_1_645' title='bbox 252 4725 431 4792; x_wconf 78' lang='grc' dir='ltr'>Λέγει</span> <span class='ocrx_word' id='word_1_646' title='bbox 472 4726 624 4797; x_wconf 80' lang='grc' dir='ltr'>αυτῷ</span> <span class='ocrx_word' id='word_1_647' title='bbox 664 4728 902 4801; x_wconf 66' lang='grc' dir='ltr'>Πέτρος*</span> <span class='ocrx_word' id='word_1_648' title='bbox 936 4732 1011 4785; x_wconf 83' lang='grc' dir='ltr'><strong>Οὐ</strong></span> <span class='ocrx_word' id='word_1_649' title='bbox 1054 4732 1129 4803; x_wconf 70' lang='grc' dir='ltr'>μὴ</span> <span class='ocrx_word' id='word_1_650' title='bbox 1174 4732 1339 4806; x_wconf 80' lang='grc' dir='ltr'>νίψῃς</span> <span class='ocrx_word' id='word_1_651' title='bbox 1381 4734 1511 4797; x_wconf 80' lang='grc' dir='ltr'>τοὺς</span> <span class='ocrx_word' id='word_1_652' title='bbox 1546 4733 1714 4797; x_wconf 86' lang='grc' dir='ltr'>πόδας</span> 
     </span>
    </p>
   </div>
   <div class='ocr_carea' id='block_1_91' title="bbox 119 4808 1714 4887">
    <p class='ocr_par' dir='ltr' id='par_1_91' title="bbox 119 4808 1714 4887">
     <span class='ocr_line' id='line_1_91' title="bbox 119 4808 1714 4887; baseline 0.008 -30"><span class='ocrx_word' id='word_1_653' title='bbox 119 4822 215 4873; x_wconf 81' lang='grc' dir='ltr'>μου</span> <span class='ocrx_word' id='word_1_654' title='bbox 244 4808 329 4871; x_wconf 87' lang='grc' dir='ltr'>είς</span> <span class='ocrx_word' id='word_1_655' title='bbox 356 4808 453 4860; x_wconf 81' lang='grc' dir='ltr'>τὸν</span> <span class='ocrx_word' id='word_1_656' title='bbox 478 4810 675 4867; x_wconf 75' lang='grc' dir='ltr'>αἰῶνα.</span> <span class='ocrx_word' id='word_1_657' title='bbox 717 4812 1020 4886; x_wconf 82' lang='grc' dir='ltr'>Ἀπεκρίθη</span> <span class='ocrx_word' id='word_1_658' title='bbox 1058 4814 1210 4886; x_wconf 83' lang='grc' dir='ltr'>αὑτῷ</span> <span class='ocrx_word' id='word_1_659' title='bbox 1234 4818 1264 4870; x_wconf 85' lang='grc' dir='ltr'><strong>ὁ</strong></span> <span class='ocrx_word' id='word_1_660' title='bbox 1305 4816 1543 4887; x_wconf 80' lang='grc' dir='ltr'>Ἰησοῦς·</span> <span class='ocrx_word' id='word_1_661' title='bbox 1587 4815 1714 4869; x_wconf 80' lang='grc' dir='ltr'>Ἐὰν</span> 
     </span>
    </p>
   </div>
   <div class='ocr_carea' id='block_1_92' title="bbox 115 4888 1340 4969">
    <p class='ocr_par' dir='ltr' id='par_1_92' title="bbox 115 4888 1340 4969">
     <span class='ocr_line' id='line_1_92' title="bbox 115 4888 1340 4969; baseline 0.011 -28"><span class='ocrx_word' id='word_1_662' title='bbox 115 4888 189 4958; x_wconf 78' lang='grc' dir='ltr'>μὴ</span> <span class='ocrx_word' id='word_1_663' title='bbox 213 4891 369 4960; x_wconf 76' lang='grc' dir='ltr'>νίψω</span> <span class='ocrx_word' id='word_1_664' title='bbox 401 4908 483 4957; x_wconf 76' lang='grc' dir='ltr'>σε,</span> <span class='ocrx_word' id='word_1_665' title='bbox 506 4894 607 4947; x_wconf 80' lang='grc' dir='ltr'>οὐκ</span> <span class='ocrx_word' id='word_1_666' title='bbox 646 4893 793 4965; x_wconf 76' lang='grc' dir='ltr'>ἔχεις</span> <span class='ocrx_word' id='word_1_667' title='bbox 830 4897 997 4969; x_wconf 83' lang='grc' dir='ltr'>μέρος</span> <span class='ocrx_word' id='word_1_668' title='bbox 1033 4900 1150 4969; x_wconf 79' lang='grc' dir='ltr'>μετ’</span> <span class='ocrx_word' id='word_1_669' title='bbox 1181 4897 1340 4969; x_wconf 68' lang='grc' dir='ltr'>ἐμοῦ.</span> 
     </span>
    </p>
   </div>
   <div class='ocr_carea' id='block_1_93' title="bbox 187 4972 1715 5054">
    <p class='ocr_par' dir='ltr' id='par_1_93' title="bbox 187 4972 1715 5054">
     <span class='ocr_line' id='line_1_93' title="bbox 187 4972 1715 5054; baseline 0.006 -28"><span class='ocrx_word' id='word_1_670' title='bbox 187 4972 222 5026; x_wconf 82' lang='lat'><strong>9</strong></span> <span class='ocrx_word' id='word_1_671' title='bbox 260 4973 438 5042; x_wconf 73' lang='grc' dir='ltr'>Λέγει</span> <span class='ocrx_word' id='word_1_672' title='bbox 468 4976 620 5047; x_wconf 83' lang='grc' dir='ltr'>αὐτῷ</span> <span class='ocrx_word' id='word_1_673' title='bbox 654 4978 840 5049; x_wconf 84' lang='grc' dir='ltr'>Σίμων</span> <span class='ocrx_word' id='word_1_674' title='bbox 876 4981 1108 5053; x_wconf 57' lang='grc' dir='ltr'>Πέτρος</span> <span class='ocrx_word' id='word_1_675' title='bbox 1138 4982 1333 5054; x_wconf 79' lang='grc' dir='ltr'>Κύριε,</span> <span class='ocrx_word' id='word_1_676' title='bbox 1360 4983 1438 5053; x_wconf 83' lang='grc' dir='ltr'>μὴ</span> <span class='ocrx_word' id='word_1_677' title='bbox 1464 4983 1591 5046; x_wconf 72' lang='grc' dir='ltr'>τοὺς</span> <span class='ocrx_word' id='word_1_678' title='bbox 1612 4981 1715 5035; x_wconf 85' lang='grc' dir='ltr'>πό-</span> 
     </span>
    </p>
   </div>
   <div class='ocr_carea' id='block_1_94' title="bbox 115 5052 1701 5137">
    <p class='ocr_par' dir='ltr' id='par_1_94' title="bbox 115 5052 1701 5137">
     <span class='ocr_line' id='line_1_94' title="bbox 115 5052 1701 5137; baseline 0.009 -31"><span class='ocrx_word' id='word_1_679' title='bbox 115 5052 207 5119; x_wconf 78' lang='grc' dir='ltr'>δας</span> <span class='ocrx_word' id='word_1_680' title='bbox 230 5074 337 5126; x_wconf 90' lang='grc' dir='ltr'>μου</span> <span class='ocrx_word' id='word_1_681' title='bbox 373 5060 555 5127; x_wconf 85' lang='grc' dir='ltr'>μόνον,</span> <span class='ocrx_word' id='word_1_682' title='bbox 582 5060 720 5115; x_wconf 78' lang='grc' dir='ltr'>ἀλλὰ</span> <span class='ocrx_word' id='word_1_683' title='bbox 744 5063 840 5116; x_wconf 76' lang='grc' dir='ltr'>καὶ</span> <span class='ocrx_word' id='word_1_684' title='bbox 857 5063 959 5128; x_wconf 81' lang='grc' dir='ltr'>τάς</span> <span class='ocrx_word' id='word_1_685' title='bbox 971 5068 1181 5137; x_wconf 81' lang='grc' dir='ltr'>χεῖρας,</span> <span class='ocrx_word' id='word_1_686' title='bbox 1216 5052 1309 5120; x_wconf 82' lang='grc' dir='ltr'>καὶ</span> <span class='ocrx_word' id='word_1_687' title='bbox 1320 5052 1701 5137; x_wconf 14' lang='grc' dir='ltr'>τὴννκεφαλήν.</span> 
     </span>
    </p>
   </div>
   <div class='ocr_carea' id='block_1_95' title="bbox 186 5140 1709 5221">
    <p class='ocr_par' dir='ltr' id='par_1_95' title="bbox 186 5140 1709 5221">
     <span class='ocr_line' id='line_1_95' title="bbox 186 5140 1709 5221; baseline 0.007 -29"><span class='ocrx_word' id='word_1_688' title='bbox 186 5140 254 5193; x_wconf 75' lang='grc'>10</span> <span class='ocrx_word' id='word_1_689' title='bbox 291 5140 462 5209; x_wconf 73' lang='grc' dir='ltr'>Λέγει</span> <span class='ocrx_word' id='word_1_690' title='bbox 493 5143 644 5215; x_wconf 78' lang='grc' dir='ltr'>αὐτῷ</span> <span class='ocrx_word' id='word_1_691' title='bbox 671 5146 701 5198; x_wconf 84' lang='grc' dir='ltr'>ό</span> <span class='ocrx_word' id='word_1_692' title='bbox 728 5147 956 5217; x_wconf 84' lang='grc' dir='ltr'>Ἰησοῦς·</span> <span class='ocrx_word' id='word_1_693' title='bbox 992 5149 1050 5202; x_wconf 87' lang='lat'><strong>&#39;0</strong></span> <span class='ocrx_word' id='word_1_694' title='bbox 1071 5148 1395 5219; x_wconf 81' lang='grc' dir='ltr'>λελουμένος</span> <span class='ocrx_word' id='word_1_695' title='bbox 1422 5149 1483 5202; x_wconf 87' lang='grc' dir='ltr'>οὑ</span> <span class='ocrx_word' id='word_1_696' title='bbox 1517 5151 1709 5221; x_wconf 85' lang='grc' dir='ltr'>χρείαν</span> 
     </span>
    </p>
   </div>
   <div class='ocr_carea' id='block_1_96' title="bbox 117 5221 1709 5304">
    <p class='ocr_par' dir='ltr' id='par_1_96' title="bbox 117 5221 1709 5304">
     <span class='ocr_line' id='line_1_96' title="bbox 117 5221 1709 5304; baseline 0.009 -30"><span class='ocrx_word' id='word_1_697' title='bbox 117 5221 227 5291; x_wconf 73' lang='grc' dir='ltr'>ἔχει</span> <span class='ocrx_word' id='word_1_698' title='bbox 260 5224 295 5294; x_wconf 74' lang='grc' dir='ltr'>ἢ</span> <span class='ocrx_word' id='word_1_699' title='bbox 332 5226 461 5290; x_wconf 77' lang='grc' dir='ltr'>τοὺς</span> <span class='ocrx_word' id='word_1_700' title='bbox 492 5226 661 5293; x_wconf 84' lang='grc' dir='ltr'>πόδας</span> <span class='ocrx_word' id='word_1_701' title='bbox 691 5229 975 5299; x_wconf 74' lang='grc' dir='ltr'>νίψασθαι,</span> <span class='ocrx_word' id='word_1_702' title='bbox 1002 5231 1123 5285; x_wconf 84' lang='grc' dir='ltr'>ἀλλ’</span> <span class='ocrx_word' id='word_1_703' title='bbox 1152 5231 1270 5284; x_wconf 72' lang='grc' dir='ltr'>ἔστι</span> <span class='ocrx_word' id='word_1_704' title='bbox 1299 5231 1537 5304; x_wconf 75' lang='grc' dir='ltr'>καθαρὸς</span> <span class='ocrx_word' id='word_1_705' title='bbox 1566 5234 1709 5299; x_wconf 78' lang='grc' dir='ltr'>ὅλος⁸</span> 
     </span>
    </p>
   </div>
   <div class='ocr_carea' id='block_1_97' title="bbox 117 5307 1413 5385">
    <p class='ocr_par' dir='ltr' id='par_1_97' title="bbox 117 5307 1413 5385">
     <span class='ocr_line' id='line_1_97' title="bbox 117 5307 1413 5385; baseline 0.009 -28"><span class='ocrx_word' id='word_1_706' title='bbox 117 5307 207 5359; x_wconf 75' lang='grc' dir='ltr'>καὶ</span> <span class='ocrx_word' id='word_1_707' title='bbox 239 5308 407 5378; x_wconf 82' lang='grc' dir='ltr'>ὑμεῖς</span> <span class='ocrx_word' id='word_1_708' title='bbox 440 5310 674 5383; x_wconf 75' lang='grc' dir='ltr'>καθαροί</span> <span class='ocrx_word' id='word_1_709' title='bbox 702 5314 849 5379; x_wconf 79' lang='grc' dir='ltr'>ἐστε,</span> <span class='ocrx_word' id='word_1_710' title='bbox 883 5312 1000 5367; x_wconf 86' lang='grc' dir='ltr'>ἀλλ’</span> <span class='ocrx_word' id='word_1_711' title='bbox 1030 5315 1154 5385; x_wconf 76' lang='grc' dir='ltr'>οὐχὶ</span> <span class='ocrx_word' id='word_1_712' title='bbox 1186 5315 1413 5381; x_wconf 86' lang='grc' dir='ltr'>πάντες.</span> 
     </span>
    </p>
   </div>
   <div class='ocr_carea' id='block_1_98' title="bbox 187 5391 1711 5469">
    <p class='ocr_par' dir='ltr' id='par_1_98' title="bbox 187 5391 1711 5469">
     <span class='ocr_line' id='line_1_98' title="bbox 187 5391 1711 5469; baseline 0.008 -25"><span class='ocrx_word' id='word_1_713' title='bbox 187 5391 247 5444; x_wconf 78' lang='grc' dir='ltr'>ιι</span> <span class='ocrx_word' id='word_1_714' title='bbox 303 5393 465 5465; x_wconf 76' lang='grc' dir='ltr'>’ῌδει</span> <span class='ocrx_word' id='word_1_715' title='bbox 512 5395 627 5467; x_wconf 82' lang='grc' dir='ltr'>γὰρ</span> <span class='ocrx_word' id='word_1_716' title='bbox 659 5396 751 5450; x_wconf 79' lang='grc' dir='ltr'>τὸν</span> <span class='ocrx_word' id='word_1_717' title='bbox 790 5398 1158 5469; x_wconf 87' lang='grc' dir='ltr'>παραδιδόντα</span> <span class='ocrx_word' id='word_1_718' title='bbox 1203 5399 1399 5454; x_wconf 78' lang='grc' dir='ltr'>αὐτόν’</span> <span class='ocrx_word' id='word_1_719' title='bbox 1430 5399 1518 5455; x_wconf 75' lang='grc' dir='ltr'>διὰ</span> <span class='ocrx_word' id='word_1_720' title='bbox 1554 5401 1711 5456; x_wconf 81' lang='grc' dir='ltr'>τοῦτο</span> 
     </span>
    </p>
   </div>
   <div class='ocr_carea' id='block_1_99' title="bbox 115 5468 1148 5554">
    <p class='ocr_par' dir='ltr' id='par_1_99' title="bbox 115 5468 1148 5554">
     <span class='ocr_line' id='line_1_99' title="bbox 115 5468 1148 5554; baseline 0.013 -32"><span class='ocrx_word' id='word_1_721' title='bbox 115 5468 268 5527; x_wconf 74' lang='grc' dir='ltr'>εἶπεν</span> <span class='ocrx_word' id='word_1_722' title='bbox 287 5493 301 5506; x_wconf 89' lang='grc'><strong>·</strong></span> <span class='ocrx_word' id='word_1_723' title='bbox 345 5478 480 5547; x_wconf 73' lang='grc' dir='ltr'>Οὐχὶ</span> <span class='ocrx_word' id='word_1_724' title='bbox 510 5480 711 5544; x_wconf 87' lang='grc' dir='ltr'>πάντες</span> <span class='ocrx_word' id='word_1_725' title='bbox 740 5468 971 5554; x_wconf 89' lang='grc' dir='ltr'>καθαροί</span> <span class='ocrx_word' id='word_1_726' title='bbox 1003 5485 1148 5537; x_wconf 80' lang='grc' dir='ltr'>ἐστε.</span> 
     </span>
    </p>
   </div>
   <div class='ocr_carea' id='block_1_100' title="bbox 182 5557 1705 5633">
    <p class='ocr_par' dir='ltr' id='par_1_100' title="bbox 182 5557 1705 5633">
     <span class='ocr_line' id='line_1_100' title="bbox 182 5557 1705 5633; baseline 0.007 -24"><span class='ocrx_word' id='word_1_727' title='bbox 182 5557 252 5609; x_wconf 68' lang='grc'><strong>12</strong></span> <span class='ocrx_word' id='word_1_728' title='bbox 294 5558 429 5621; x_wconf 84' lang='grc' dir='ltr'>Ὅτε</span> <span class='ocrx_word' id='word_1_729' title='bbox 460 5557 555 5614; x_wconf 78' lang='grc' dir='ltr'>οὖν</span> <span class='ocrx_word' id='word_1_730' title='bbox 588 5564 740 5633; x_wconf 78' lang='grc' dir='ltr'>ἔνιψε</span> <span class='ocrx_word' id='word_1_731' title='bbox 778 5566 906 5630; x_wconf 74' lang='grc' dir='ltr'>τοὺς</span> <span class='ocrx_word' id='word_1_732' title='bbox 969 5567 1141 5631; x_wconf 87' lang='grc' dir='ltr'>πόδας</span> <span class='ocrx_word' id='word_1_733' title='bbox 1181 5564 1385 5631; x_wconf 79' lang='grc' dir='ltr'>αὐτῶν,</span> <span class='ocrx_word' id='word_1_734' title='bbox 1421 5566 1517 5620; x_wconf 68' lang='grc' dir='ltr'>καὶ</span> <span class='ocrx_word' id='word_1_735' title='bbox 1548 5566 1705 5619; x_wconf 77' lang='grc' dir='ltr'>ἔλασε</span> 
     </span>
    </p>
   </div>
   <div class='ocr_carea' id='block_1_101' title="bbox 114 5638 1705 5718">
    <p class='ocr_par' dir='ltr' id='par_1_101' title="bbox 114 5638 1705 5718">
     <span class='ocr_line' id='line_1_101' title="bbox 114 5638 1705 5718; baseline 0.011 -30"><span class='ocrx_word' id='word_1_736' title='bbox 114 5638 178 5691; x_wconf 78' lang='grc' dir='ltr'>τὰ</span> <span class='ocrx_word' id='word_1_737' title='bbox 206 5640 409 5710; x_wconf 76' lang='grc' dir='ltr'>ἱμάτια</span> <span class='ocrx_word' id='word_1_738' title='bbox 436 5644 622 5711; x_wconf 79' lang='grc' dir='ltr'>αὑτοῦ,</span> <span class='ocrx_word' id='word_1_739' title='bbox 661 5648 951 5703; x_wconf 81' lang='grc' dir='ltr'>ἀναπεσὼν</span> <span class='ocrx_word' id='word_1_740' title='bbox 984 5650 1165 5718; x_wconf 85' lang='grc' dir='ltr'>πάλιν,</span> <span class='ocrx_word' id='word_1_741' title='bbox 1202 5645 1356 5705; x_wconf 74' lang='grc' dir='ltr'>εἶπεν</span> <span class='ocrx_word' id='word_1_742' title='bbox 1378 5650 1561 5716; x_wconf 83' lang='grc' dir='ltr'>αὑτοῖς</span> <span class='ocrx_word' id='word_1_743' title='bbox 1584 5672 1592 5682; x_wconf 95' lang='grc'><strong>·</strong></span> <span class='ocrx_word' id='word_1_744' title='bbox 1616 5652 1654 5705; x_wconf 84' lang='grc' dir='ltr'><strong><em>Γ</em></strong></span> <span class='ocrx_word' id='word_1_745' title='bbox 1661 5670 1705 5705; x_wconf 87' lang='grc' dir='ltr'>ι-</span> 
     </span>
    </p>
   </div>
   <div class='ocr_carea' id='block_1_102' title="bbox 115 5722 948 5801">
    <p class='ocr_par' dir='ltr' id='par_1_102' title="bbox 115 5722 948 5801">
     <span class='ocr_line' id='line_1_102' title="bbox 115 5722 948 5801; baseline 0.041 -32"><span class='ocrx_word' id='word_1_746' title='bbox 115 5722 360 5783; x_wconf 77' lang='grc' dir='ltr'>νώσκετε</span> <span class='ocrx_word' id='word_1_747' title='bbox 393 5727 445 5782; x_wconf 88' lang='grc' dir='ltr'>τί</span> <span class='ocrx_word' id='word_1_748' title='bbox 478 5730 755 5798; x_wconf 82' lang='grc' dir='ltr'>πεποίηκα.</span> <span class='ocrx_word' id='word_1_749' title='bbox 786 5733 948 5801; x_wconf 72' lang='grc' dir='ltr'>ὑμῖνί</span> 
     </span>
    </p>
   </div>
   <div class='ocr_carea' id='block_1_103' title="bbox 1896 4722 3404 4798">
    <p class='ocr_par' dir='ltr' id='par_1_103' title="bbox 1896 4722 3404 4798">
     <span class='ocr_line' id='line_1_103' title="bbox 1896 4722 3404 4798; baseline -0.003 -15"><span class='ocrx_word' id='word_1_750' title='bbox 1896 4729 1962 4783; x_wconf 69' lang='grc'>15</span> <span class='ocrx_word' id='word_1_751' title='bbox 2006 4728 2199 4798; x_wconf 82' lang='grc' dir='ltr'>Ὑμεῖς</span> <span class='ocrx_word' id='word_1_752' title='bbox 2233 4727 2463 4796; x_wconf 80' lang='grc' dir='ltr'>φωνεῖτέ</span> <span class='ocrx_word' id='word_1_753' title='bbox 2501 4744 2570 4797; x_wconf 92' lang='grc' dir='ltr'>με</span> <span class='ocrx_word' id='word_1_754' title='bbox 2591 4743 2607 4758; x_wconf 72' lang='grc'><strong><em>⁸</em></strong></span> <span class='ocrx_word' id='word_1_755' title='bbox 2656 4725 2715 4778; x_wconf 82' lang='grc'>’0</span> <span class='ocrx_word' id='word_1_756' title='bbox 2749 4722 3069 4787; x_wconf 85' lang='grc' dir='ltr'>διδάσκαλος</span> <span class='ocrx_word' id='word_1_757' title='bbox 3106 4722 3200 4778; x_wconf 70' lang='grc' dir='ltr'>καὶ</span> <span class='ocrx_word' id='word_1_758' title='bbox 3226 4724 3256 4777; x_wconf 82' lang='grc' dir='ltr'>ὁ</span> <span class='ocrx_word' id='word_1_759' title='bbox 3286 4722 3404 4780; x_wconf 76' lang='grc' dir='ltr'>Κύ-</span> 
     </span>
    </p>
   </div>
   <div class='ocr_carea' id='block_1_104' title="bbox 1816 4807 2868 4887">
    <p class='ocr_par' dir='ltr' id='par_1_104' title="bbox 1816 4807 2868 4887">
     <span class='ocr_line' id='line_1_104' title="bbox 1816 4807 2868 4887; baseline -0.003 -20"><span class='ocrx_word' id='word_1_760' title='bbox 1816 4830 1934 4887; x_wconf 86' lang='grc' dir='ltr'>ριος</span> <span class='ocrx_word' id='word_1_761' title='bbox 1954 4829 1969 4842; x_wconf 92' lang='grc'><strong>·</strong></span> <span class='ocrx_word' id='word_1_762' title='bbox 2006 4810 2101 4865; x_wconf 78' lang='grc' dir='ltr'>καὶ</span> <span class='ocrx_word' id='word_1_763' title='bbox 2130 4810 2313 4873; x_wconf 83' lang='grc' dir='ltr'>καλῶς</span> <span class='ocrx_word' id='word_1_764' title='bbox 2340 4808 2558 4877; x_wconf 84' lang='grc' dir='ltr'>λέγετε·</span> <span class='ocrx_word' id='word_1_765' title='bbox 2596 4808 2713 4879; x_wconf 72' lang='grc' dir='ltr'>είμῖ</span> <span class='ocrx_word' id='word_1_766' title='bbox 2742 4807 2868 4879; x_wconf 84' lang='grc' dir='ltr'>γάρ.</span> 
     </span>
    </p>
   </div>
   <div class='ocr_carea' id='block_1_105' title="bbox 1892 4888 3403 4964">
    <p class='ocr_par' dir='ltr' id='par_1_105' title="bbox 1892 4888 3403 4964">
     <span class='ocr_line' id='line_1_105' title="bbox 1892 4888 3403 4964; baseline -0.005 -13"><span class='ocrx_word' id='word_1_767' title='bbox 1892 4896 1960 4951; x_wconf 71' lang='grc'>14</span> <span class='ocrx_word' id='word_1_768' title='bbox 1999 4895 2061 4948; x_wconf 86' lang='lat' dir='ltr'><strong>El</strong></span> <span class='ocrx_word' id='word_1_769' title='bbox 2086 4889 2179 4947; x_wconf 81' lang='grc' dir='ltr'>οὖν</span> <span class='ocrx_word' id='word_1_770' title='bbox 2209 4892 2321 4962; x_wconf 76' lang='grc' dir='ltr'>ἐγὼ</span> <span class='ocrx_word' id='word_1_771' title='bbox 2363 4892 2524 4962; x_wconf 75' lang='grc' dir='ltr'>ἔνιψα</span> <span class='ocrx_word' id='word_1_772' title='bbox 2558 4894 2711 4964; x_wconf 78' lang='grc' dir='ltr'>ὑμῶν</span> <span class='ocrx_word' id='word_1_773' title='bbox 2756 4892 2883 4956; x_wconf 76' lang='grc' dir='ltr'>τοὺς</span> <span class='ocrx_word' id='word_1_774' title='bbox 2915 4890 3102 4954; x_wconf 83' lang='grc' dir='ltr'>πόδας,</span> <span class='ocrx_word' id='word_1_775' title='bbox 3143 4890 3172 4943; x_wconf 77' lang='grc' dir='ltr'>ό</span> <span class='ocrx_word' id='word_1_776' title='bbox 3202 4888 3403 4962; x_wconf 84' lang='grc' dir='ltr'>Κύριος</span> 
     </span>
    </p>
   </div>
   <div class='ocr_carea' id='block_1_106' title="bbox 1816 4973 3402 5048">
    <p class='ocr_par' dir='ltr' id='par_1_106' title="bbox 1816 4973 3402 5048">
     <span class='ocr_line' id='line_1_106' title="bbox 1816 4973 3402 5048; baseline -0.004 -13"><span class='ocrx_word' id='word_1_777' title='bbox 1816 4981 1912 5035; x_wconf 77' lang='grc' dir='ltr'>καὶ</span> <span class='ocrx_word' id='word_1_778' title='bbox 1944 4982 1972 5035; x_wconf 87' lang='grc' dir='ltr'>ό</span> <span class='ocrx_word' id='word_1_779' title='bbox 2003 4976 2346 5041; x_wconf 83' lang='grc' dir='ltr'>διδάσκαλος,</span> <span class='ocrx_word' id='word_1_780' title='bbox 2397 4977 2491 5031; x_wconf 75' lang='grc' dir='ltr'>καὶ</span> <span class='ocrx_word' id='word_1_781' title='bbox 2541 4978 2702 5048; x_wconf 81' lang='grc' dir='ltr'>ὑμεῖς</span> <span class='ocrx_word' id='word_1_782' title='bbox 2751 4975 2994 5046; x_wconf 66' lang='grc' dir='ltr'>ὀφείλετε</span> <span class='ocrx_word' id='word_1_783' title='bbox 3037 4973 3279 5047; x_wconf 80' lang='grc' dir='ltr'>ἀλλήλων</span> <span class='ocrx_word' id='word_1_784' title='bbox 3322 4975 3402 5029; x_wconf 86' lang='grc' dir='ltr'>νί-</span> 
     </span>
    </p>
   </div>
   <div class='ocr_carea' id='block_1_107' title="bbox 1812 5058 2342 5126">
    <p class='ocr_par' dir='ltr' id='par_1_107' title="bbox 1812 5058 2342 5126">
     <span class='ocr_line' id='line_1_107' title="bbox 1812 5058 2342 5126; baseline 0 -9"><span class='ocrx_word' id='word_1_785' title='bbox 1812 5080 1964 5117; x_wconf 87' lang='grc' dir='ltr'>πτειν</span> <span class='ocrx_word' id='word_1_786' title='bbox 1995 5062 2123 5126; x_wconf 72' lang='grc' dir='ltr'>τοὺς</span> <span class='ocrx_word' id='word_1_787' title='bbox 2156 5058 2342 5125; x_wconf 78' lang='grc' dir='ltr'>πόδας.</span> 
     </span>
    </p>
   </div>
   <div class='ocr_carea' id='block_1_108' title="bbox 1887 5140 3400 5215">
    <p class='ocr_par' dir='ltr' id='par_1_108' title="bbox 1887 5140 3400 5215">
     <span class='ocr_line' id='line_1_108' title="bbox 1887 5140 3400 5215; baseline -0.002 -13"><span class='ocrx_word' id='word_1_788' title='bbox 1887 5147 1956 5202; x_wconf 79' lang='grc'>15</span> <span class='ocrx_word' id='word_1_789' title='bbox 2005 5146 2344 5215; x_wconf 86' lang='grc' dir='ltr'>Ὑπόδειγμα</span> <span class='ocrx_word' id='word_1_790' title='bbox 2394 5143 2505 5215; x_wconf 78' lang='grc' dir='ltr'>γάρ</span> <span class='ocrx_word' id='word_1_791' title='bbox 2536 5144 2713 5198; x_wconf 76' lang='grc' dir='ltr'>ἔδωκα</span> <span class='ocrx_word' id='word_1_792' title='bbox 2747 5145 2896 5215; x_wconf 83' lang='grc' dir='ltr'>ὑμῖν,</span> <span class='ocrx_word' id='word_1_793' title='bbox 2929 5143 3016 5196; x_wconf 80' lang='grc' dir='ltr'>ἵνα</span> <span class='ocrx_word' id='word_1_794' title='bbox 3064 5140 3245 5206; x_wconf 83' lang='grc' dir='ltr'>καθὼς</span> <span class='ocrx_word' id='word_1_795' title='bbox 3290 5142 3400 5211; x_wconf 80' lang='grc' dir='ltr'>ἐγὼ</span> 
     </span>
    </p>
   </div>
   <div class='ocr_carea' id='block_1_109' title="bbox 1815 5226 2791 5302">
    <p class='ocr_par' dir='ltr' id='par_1_109' title="bbox 1815 5226 2791 5302">
     <span class='ocr_line' id='line_1_109' title="bbox 1815 5226 2791 5302; baseline -0.004 -19"><span class='ocrx_word' id='word_1_796' title='bbox 1815 5232 2050 5302; x_wconf 76' lang='grc' dir='ltr'>ἐποίησα</span> <span class='ocrx_word' id='word_1_797' title='bbox 2091 5231 2243 5300; x_wconf 85' lang='grc' dir='ltr'>ὑμῖν,</span> <span class='ocrx_word' id='word_1_798' title='bbox 2273 5228 2368 5281; x_wconf 73' lang='grc' dir='ltr'>καὶ</span> <span class='ocrx_word' id='word_1_799' title='bbox 2397 5226 2555 5296; x_wconf 82' lang='grc' dir='ltr'>ὑμεῖς</span> <span class='ocrx_word' id='word_1_800' title='bbox 2580 5226 2791 5298; x_wconf 79' lang='grc' dir='ltr'>ποιῆτε.</span> 
     </span>
    </p>
   </div>
   <div class='ocr_carea' id='block_1_110' title="bbox 1892 5306 3405 5384">
    <p class='ocr_par' dir='ltr' id='par_1_110' title="bbox 1892 5306 3405 5384">
     <span class='ocr_line' id='line_1_110' title="bbox 1892 5306 3405 5384; baseline -0.005 -15"><span class='ocrx_word' id='word_1_801' title='bbox 1892 5316 1958 5369; x_wconf 81' lang='grc'>16</span> <span class='ocrx_word' id='word_1_802' title='bbox 2010 5312 2182 5384; x_wconf 83' lang='grc' dir='ltr'>’Δμὴν</span> <span class='ocrx_word' id='word_1_803' title='bbox 2216 5311 2361 5383; x_wconf 83' lang='grc' dir='ltr'>ἀμὴν</span> <span class='ocrx_word' id='word_1_804' title='bbox 2394 5309 2538 5378; x_wconf 85' lang='grc' dir='ltr'>λέγω</span> <span class='ocrx_word' id='word_1_805' title='bbox 2575 5310 2724 5379; x_wconf 82' lang='grc' dir='ltr'>ὑμῖν,</span> <span class='ocrx_word' id='word_1_806' title='bbox 2748 5309 2850 5362; x_wconf 82' lang='grc' dir='ltr'>οὑκ</span> <span class='ocrx_word' id='word_1_807' title='bbox 2891 5306 3007 5361; x_wconf 73' lang='grc' dir='ltr'>ἔστι</span> <span class='ocrx_word' id='word_1_808' title='bbox 3045 5306 3230 5371; x_wconf 81' lang='grc' dir='ltr'>δοῦλος</span> <span class='ocrx_word' id='word_1_809' title='bbox 3277 5308 3405 5379; x_wconf 81' lang='grc' dir='ltr'>μεί-</span> 
     </span>
    </p>
   </div>
   <div class='ocr_carea' id='block_1_111' title="bbox 1812 5390 3402 5464">
    <p class='ocr_par' dir='ltr' id='par_1_111' title="bbox 1812 5390 3402 5464">
     <span class='ocr_line' id='line_1_111' title="bbox 1812 5390 3402 5464; baseline -0.006 -12"><span class='ocrx_word' id='word_1_810' title='bbox 1812 5397 1919 5462; x_wconf 78' lang='grc' dir='ltr'>ζων</span> <span class='ocrx_word' id='word_1_811' title='bbox 1956 5395 2051 5449; x_wconf 80' lang='grc' dir='ltr'>τοῦ</span> <span class='ocrx_word' id='word_1_812' title='bbox 2088 5395 2280 5464; x_wconf 87' lang='grc' dir='ltr'>κυρίου</span> <span class='ocrx_word' id='word_1_813' title='bbox 2330 5391 2494 5446; x_wconf 81' lang='grc' dir='ltr'>αὑτοῦ</span> <span class='ocrx_word' id='word_1_814' title='bbox 2518 5433 2531 5457; x_wconf 91' lang='grc'>,</span> <span class='ocrx_word' id='word_1_815' title='bbox 2578 5392 2697 5447; x_wconf 80' lang='grc' dir='ltr'>οὐδὲ</span> <span class='ocrx_word' id='word_1_816' title='bbox 2738 5390 3035 5456; x_wconf 75' lang='grc' dir='ltr'>ἀπόστολος</span> <span class='ocrx_word' id='word_1_817' title='bbox 3072 5390 3276 5463; x_wconf 77' lang='grc' dir='ltr'>μείζων</span> <span class='ocrx_word' id='word_1_818' title='bbox 3301 5392 3402 5453; x_wconf 75' lang='grc' dir='ltr'>τοῦ</span> 
     </span>
    </p>
   </div>
   <div class='ocr_carea' id='block_1_112' title="bbox 1812 5477 2335 5551">
    <p class='ocr_par' dir='ltr' id='par_1_112' title="bbox 1812 5477 2335 5551">
     <span class='ocr_line' id='line_1_112' title="bbox 1812 5477 2335 5551; baseline -0.004 -17"><span class='ocrx_word' id='word_1_819' title='bbox 1812 5480 2125 5551; x_wconf 72' lang='grc' dir='ltr'>πέμψαντος</span> <span class='ocrx_word' id='word_1_820' title='bbox 2153 5477 2335 5532; x_wconf 78' lang='grc' dir='ltr'>αὐτόν.</span> 
     </span>
    </p>
   </div>
   <div class='ocr_carea' id='block_1_113' title="bbox 1884 5555 3391 5630">
    <p class='ocr_par' dir='ltr' id='par_1_113' title="bbox 1884 5555 3391 5630">
     <span class='ocr_line' id='line_1_113' title="bbox 1884 5555 3391 5630; baseline -0.005 -14"><span class='ocrx_word' id='word_1_821' title='bbox 1884 5562 1949 5616; x_wconf 83' lang='grc'>17</span> <span class='ocrx_word' id='word_1_822' title='bbox 1989 5564 2053 5615; x_wconf 78' lang='lat' dir='ltr'><strong>El</strong></span> <span class='ocrx_word' id='word_1_823' title='bbox 2084 5560 2257 5614; x_wconf 78' lang='grc' dir='ltr'>ταῦτα</span> <span class='ocrx_word' id='word_1_824' title='bbox 2313 5557 2515 5625; x_wconf 76' lang='grc' dir='ltr'>οἴδατε,</span> <span class='ocrx_word' id='word_1_825' title='bbox 2572 5558 2829 5630; x_wconf 88' lang='grc' dir='ltr'>μακάριοί</span> <span class='ocrx_word' id='word_1_826' title='bbox 2878 5558 3005 5611; x_wconf 82' lang='grc' dir='ltr'>ὲστε</span> <span class='ocrx_word' id='word_1_827' title='bbox 3053 5555 3147 5613; x_wconf 76' lang='grc' dir='ltr'>ἐὰν</span> <span class='ocrx_word' id='word_1_828' title='bbox 3196 5556 3391 5628; x_wconf 72' lang='grc' dir='ltr'>ποιῆτε</span> 
     </span>
    </p>
   </div>
   <div class='ocr_carea' id='block_1_114' title="bbox 1811 5664 1972 5703">
    <p class='ocr_par' dir='ltr' id='par_1_114' title="bbox 1811 5664 1972 5703">
     <span class='ocr_line' id='line_1_114' title="bbox 1811 5664 1972 5703; baseline -0.019 0"><span class='ocrx_word' id='word_1_829' title='bbox 1811 5664 1972 5703; x_wconf 88' lang='grc' dir='ltr'>αυτα.</span> 
     </span>
    </p>
   </div>
   <div class='ocr_carea' id='block_1_115' title="bbox 1886 5722 3362 5806">
    <p class='ocr_par' dir='ltr' id='par_1_115' title="bbox 1886 5722 3362 5806">
     <span class='ocr_line' id='line_1_115' title="bbox 1886 5722 3362 5806; baseline 0.003 -20"><span class='ocrx_word' id='word_1_830' title='bbox 1886 5734 1952 5788; x_wconf 85' lang='grc'>18</span> <span class='ocrx_word' id='word_1_831' title='bbox 1990 5732 2063 5786; x_wconf 87' lang='grc' dir='ltr'>Οὐ</span> <span class='ocrx_word' id='word_1_832' title='bbox 2094 5731 2223 5804; x_wconf 73' lang='grc' dir='ltr'>περὶ</span> <span class='ocrx_word' id='word_1_833' title='bbox 2265 5738 2487 5798; x_wconf 82' lang='grc' dir='ltr'>πάντων</span> <span class='ocrx_word' id='word_1_834' title='bbox 2524 5732 2674 5805; x_wconf 79' lang='grc' dir='ltr'>ὑμῶν</span> <span class='ocrx_word' id='word_1_835' title='bbox 2696 5732 2867 5806; x_wconf 77' lang='grc' dir='ltr'>λέγω·</span> <span class='ocrx_word' id='word_1_836' title='bbox 2898 5730 3009 5803; x_wconf 62' lang='grc' dir='ltr'>ἐγὼ</span> <span class='ocrx_word' id='word_1_837' title='bbox 3036 5722 3258 5790; x_wconf 74' lang='grc' dir='ltr'>οἶδαοῦς</span> <span class='ocrx_word' id='word_1_838' title='bbox 3272 5722 3362 5795; x_wconf 58' lang='grc' dir='ltr'>ἕξ-</span> 
     </span>
    </p>
   </div>
   <div class='ocr_carea' id='block_1_116' title="bbox 3331 351 3562 411">
    <p class='ocr_par' dir='ltr' id='par_1_116' title="bbox 3331 351 3562 411">
     <span class='ocr_line' id='line_1_116' title="bbox 3331 351 3562 411; baseline 0.004 -1"><span class='ocrx_word' id='word_1_839' title='bbox 3331 351 3439 410; x_wconf 66' lang='grc'>862</span> <span class='ocrx_word' id='word_1_840' title='bbox 3543 396 3562 411; x_wconf 82' lang='grc'>.</span> 
     </span>
    </p>
   </div>
   <div class='ocr_carea' id='block_1_117' title="bbox 1774 445 3435 535">
    <p class='ocr_par' dir='ltr' id='par_1_117' title="bbox 1774 445 3435 535">
     <span class='ocr_line' id='line_1_117' title="bbox 1774 445 3435 535; baseline 0.015 -35"><span class='ocrx_word' id='word_1_841' title='bbox 1774 448 1823 509; x_wconf 77' lang='grc' dir='ltr'><strong>Α</strong></span> <span class='ocrx_word' id='word_1_842' title='bbox 1850 445 2222 519; x_wconf 86' lang='lat' dir='ltr'><strong>diviuiloquus</strong></span> <span class='ocrx_word' id='word_1_843' title='bbox 2268 454 2410 510; x_wconf 86' lang='lat' dir='ltr'><strong>dixit</strong></span> <span class='ocrx_word' id='word_1_844' title='bbox 2454 454 2655 512; x_wconf 72' lang='lat' dir='ltr'><strong>Iesus:</strong></span> <span class='ocrx_word' id='word_1_845' title='bbox 2686 455 2806 511; x_wconf 75' lang='lat' dir='ltr'><strong>Jam</strong></span> <span class='ocrx_word' id='word_1_846' title='bbox 2841 457 3063 529; x_wconf 86' lang='lat' dir='ltr'><strong>quidem</strong></span> <span class='ocrx_word' id='word_1_847' title='bbox 3088 463 3235 531; x_wconf 89' lang='lat' dir='ltr'><strong>quod</strong></span> <span class='ocrx_word' id='word_1_848' title='bbox 3268 471 3435 535; x_wconf 82' lang='lat' dir='ltr'><strong>perli-</strong></span> 
     </span>
    </p>
   </div>
  </div>
