3956 6202
513 196 618 251 867

1717 189 1929 247 NONNl
1967 190 2470 249 PANOPOLITANI

3693 191 3787 249 808

519 333 576 385 in
608 329 772 386 domo
798 324 983 384 Patris
1015 327 1155 382 Sunt
1190 326 1506 382 mansiones
1542 326 1738 384 ordine
1770 344 2090 402 compares;

2230 313 2455 367 μΠολλαὶ
2483 311 2528 365 δ’
2562 310 2913 382 ὑψιμέδοντος
2944 308 3080 381 ἐμοῦ
3112 311 3257 365 κατὰ
3284 310 3443 382 δῶμα
3462 310 3674 382 Τοκῆος

521 423 765 494 spatiosa
794 438 926 477 vero
960 421 1076 476 Nsi
1109 421 1249 474 atrio
1283 420 1464 486 amplo
1504 422 1728 491 praedita
1781 439 1902 479 mea
1949 433 2099 480 esset

522 512 810 582 hOSpitalis
848 512 994 576 aula,
1026 508 1194 565 Vobis
1238 511 1428 580 utique
1473 512 1733 569 dixissem
1763 516 1908 585 quod
1960 531 2101 586 prte-

520 616 719 657 cursor
746 602 923 654 iturus
969 600 1097 666 sim,
1131 598 1201 654 Ut
1224 616 1522 670 praparem
1558 607 1876 675 percapacis
1920 606 2099 660 domi-

521 694 707 748 cilium
746 692 903 756 aulae,
951 689 1181 760 Dignum
1230 692 1384 747 vobis
1429 695 1644 749 noviter
1680 696 1884 749 factum
1921 698 2100 751 locum

522 791 747 847 texens;
790 784 825 836 5
852 781 917 835 Ει
944 791 1068 852 post
1099 782 1343 838 divinum
1376 786 1555 840 solum
1602 788 1966 856 paratissima:
1997 790 2102 843 do-

522 890 647 929 mus
683 874 946 929 Revertar
977 878 1311 947 reciprocus,
1340 879 1393 932 in
1422 887 1690 934 aeternum
1723 882 1900 936 solum
1929 889 2104 935 attra-

523 965 661 1020 hens
692 963 823 1027 Vos,
854 974 917 1020 ut
947 970 1215 1025 maneatis
1252 971 1481 1026 comites
1515 970 1608 1025 ubi
1642 987 1835 1026 maneo
1875 970 2103 1026 immor-

523 1060 663 1112 tales
718 1056 1055 1114 habitatores
1111 1078 1125 1114 :
1176 1061 1210 1115 4
1244 1076 1419 1116 meam
1468 1064 1612 1116 viam
1667 1063 1824 1118 scitis
1875 1073 1929 1118 et
1980 1079 2102 1119 vos.

523 1148 691 1202 Dixit.
738 1148 771 1204 5
814 1147 1058 1205 Audiens
1107 1167 1239 1207 vero
1289 1154 1584 1210 binominis
1625 1156 1809 1211 sonuit
1840 1154 2104 1221 Thomas,

525 1237 697 1305 Quem
736 1239 1023 1312 Didymum
1074 1253 1330 1312 parentes
1362 1254 1654 1312 vocarunt,
1698 1263 1765 1302 ex
1806 1263 1916 1319 quo
1953 1249 2106 1320 pueri

526 1330 744 1385 Octava:
804 1333 1088 1387 oriebatur
1141 1335 1354 1404 cupidae
1416 1336 1857 1395 circumcisionis
1911 1356 2109 1397 cursus

527 1438 739 1477 aurorae
775 1442 788 1477 :
821 1421 1094 1491 Nondum,
1132 1424 1272 1492 Rex,
1318 1427 1528 1483 scimus
1577 1446 1687 1500 quo
1736 1431 1890 1501 pedis
1943 1431 2111 1486 vesti-

527 1514 675 1585 gium
727 1515 964 1569 incitas:
998 1515 1406 1573 Dimensionem
1452 1518 1599 1575 unde
1644 1521 1913 1576 sciremus
1954 1522 2110 1577 inve-

529 1607 837 1675 stigabilem
864 1608 969 1662 viae
989 1608 1014 1662 ?
1033 1608 1068 1663 6
1090 1607 1255 1665 Iesus
1283 1620 1462 1665 autem
1488 1612 1697 1677 sonuit,
1730 1613 1985 1669 audiendi
2012 1629 2111 1668 cu-

2208 404 2329 457 Είσὶ
2359 404 2517 475 μοναὶ
2553 403 2831 474 στοιχηδὸν
2850 403 3140 473 ὁμόζυγες·
3173 403 3472 475 εὐρυτενὴς
3503 404 3561 457 δὲ

2209 496 2271 548 ΕΞ
2299 494 2375 566 μὴ
2399 493 2845 565 πουλυμέλαθρος
2867 491 2975 565 ἐμὴ
3011 494 3145 547 πέλε
3180 495 3450 559 πάνδοκος
3476 495 3640 566 αύλὴ,

2219 587 2380 657 Ὑμῖν
2407 586 2499 639 καί
2529 603 2627 639 κεν
2660 585 2841 640 ἔειπον
2865 588 2947 639 ὅτι
2973 586 3339 657 προκέλευθος
3374 587 3603 652 ὁδεύσω,
3642 645 3662 666 ⁸

2213 678 2396 748 Ὄφρα
2417 694 2514 729 κεν
2552 675 2759 730 ὲντύνω
2780 676 3139 746 πολυχανδέος
3168 676 3344 731 ἔνδιον
3367 676 3561 746 αὐλῆς,

2213 767 2396 833 ’Δξιον
2425 768 2632 837 ὑμείων
2659 768 2952 837 νεοτευχέα
2970 768 3150 839 χῶρον
3178 767 3447 836 ὑφαίνων·

2210 860 2243 913 5
2270 861 2382 912 Καὶ
2414 859 2554 930 μετὰ
2582 860 2839 914 θέσκελον
2860 856 3019 923 οὖδας
3040 860 3415 930 ὲτοιμοτάτοιο
3447 858 3710 931 μελάθρου

2210 950 2476 1021 Νοστήσω
2514 950 2858 1022 παλίνορσος,
2900 953 2959 1014 ὲς
2992 950 3268 1023 ἄμϐροτον
3292 948 3457 1014 οὖδας
3489 951 3719 1004 ἀνέλκων

2225 1041 2446 1112 Ὑμέας,
2474 1042 2617 1114 ὄφρα
2645 1043 2845 1113 μένητε
2883 1042 3177 1113 συνήλυδες
3207 1042 3409 1096 ὁππόθι
3441 1044 3625 1113 μίμνω

2214 1129 2498 1185 Ἀθάνατοι
2526 1133 2811 1203 νπτῆρες·
2833 1134 2868 1186 4
2897 1132 3039 1203 ἐμὴν
3070 1132 3192 1185 ὁδὸν
3224 1134 3339 1186 ῖστε
3364 1135 3461 1186 καὶ
3486 1136 3656 1189 αὐτοί.

2217 1222 2502 1277 Ἐννεπεν.
2530 1222 2565 1276 5
2593 1224 2827 1275 Είσαῖων
2854 1223 2911 1275 δὲ
2947 1222 3215 1292 διώνυμος
3257 1222 3377 1293 ῐαχε
3409 1225 3627 1294 Θωμᾶς.

2221 1316 2318 1367 "Ov
2343 1314 2570 1384 Δίδυμον
2597 1315 2889 1385 γενετῆρες
2922 1315 3202 1385 ὲφήμισαν
3232 1316 3380 1383 ἐξότε
3404 1319 3602 1389 κοῦρον

2229 1404 2522 1475 ὐγδοάτης
2544 1404 2795 1457 ἀνέτελλε
2819 1405 3153 1475 φιλοτμήτου
3172 1407 3378 1478 δρόμος
3403 1408 3556 1478 ἠοῦς·

2218 1495 2406 1557 Οὔπω,
2441 1496 2629 1561 Ἀναξ,
2663 1496 2900 1567 ὲδάημεν
2928 1496 3037 1567 ὅπη
3064 1498 3226 1561 ποδὸς
3254 1499 3402 1568 ῑχνος
3434 1501 3684 1570 ὲκείγεις·

2218 1588 2411 1660 Μέτρα
2440 1588 2602 1642 πόθεν
2627 1587 2941 1658 δυνάμεσθα
2970 1588 3164 1658 μαθεῖν
3185 1590 3423 1661 ἀκίχητα
3450 1593 3715 1662 κελεύθως

528 1695 717 1767 pidum
773 1697 953 1751 virum
1014 1697 1443 1764 docens:Vita,
1493 1711 1546 1755 ct
1588 1704 1812 1769 veritas,
1862 1715 1916 1759 et
1964 1713 2111 1759 recta

2230 1681 2248 1732 ἰ
2288 1678 2497 1751 Ἰησοῦς
2532 1679 2578 1732 δ’
2617 1679 2830 1750 ίάχησε,
2866 1680 3127 1751 φιλήκοον
3149 1680 3321 1755 ἄνδρα
3348 1683 3633 1739 διδάσκων·

529 1800 654 1841 sum
696 1786 786 1840 via
816 1804 830 1840 :
864 1785 987 1842 Vita
1016 1801 1138 1859 ego,
1179 1796 1234 1844 et
1262 1789 1391 1845 vita!
1421 1791 1549 1857 via;
1580 1806 1689 1845 non
1723 1800 1904 1862 potest
1933 1800 2116 1848 autem

528 1880 610 1936 Ad
659 1880 827 1936 Deum
868 1880 1091 1938 Patrem
1127 1883 1315 1938 venire
1364 1886 1643 1940 terrestris
1682 1885 1787 1950 vir,
1836 1884 1953 1943 Nisi
1993 1886 2117 1956 quis

529 1988 629 2044 per
658 1987 744 2027 me
767 1986 798 2025 a
836 1970 947 2027 Deo
971 1972 1268 2043 impulsum
1303 1973 1591 2045 vestigium
1617 1976 1955 2042 incitaverit,
1988 1976 2119 2031 Pero

527 2064 737 2119 vadens
775 2074 976 2118 rectam
1007 2065 1151 2118 viam
1193 2080 1290 2136 per
1324 2063 1526 2120 Filium
1578 2066 1648 2120 ad
1694 2066 1936 2123 Patrem.
1986 2067 2018 2121 7
2059 2066 2118 2121 Si

528 2171 660 2211 vero
696 2156 953 2225 deiloquo
986 2171 1073 2211 me
1108 2157 1355 2226 sapiente
1394 2159 1797 2229 cognovissetis
1841 2173 2117 2226 sermone,

531 2248 611 2302 Ex
648 2264 735 2303 me
768 2251 1175 2318 cognosceretis
1216 2258 1271 2305 et
1304 2251 1679 2323 altiregentem
1710 2250 1966 2307 Patrem:
1996 2250 2117 2305 Jam

530 2353 666 2391 vero
719 2338 899 2407 ipsum
956 2339 1329 2407 eognovistls,
1379 2350 1432 2395 et
1485 2342 1860 2412 altiregentem
1915 2343 2114 2396 edacti.

530 2425 765 2481 BJesum
790 2441 921 2479 vero
952 2426 1242 2496 Philippus
1269 2444 1371 2482 suo
1394 2431 1653 2485 demulsit
1674 2432 1843 2485 verbo
1872 2449 1885 2485 :
1914 2432 1956 2485 Ο
1980 2429 2112 2497 Rex,

528 2526 684 2569 tuum
742 2514 960 2569 Patrem
1021 2517 1132 2570 tuis
1194 2518 1423 2573 ostende
1470 2519 1760 2589 discipulis
1812 2538 1827 2576 :
1872 2520 2118 2577 Ostende

526 2615 685 2660 tuum
726 2607 1041 2670 Parentem,
1075 2614 1131 2665 et
1168 2608 1405 2665 suﬂiciat
1446 2611 1630 2667 nobis.
1669 2614 1701 2668 9
1733 2610 1898 2669 Iesus
1933 2622 2117 2669 autem

526 2698 688 2764 dixit,
728 2698 1236 2758 iuvisibilisPatris
1278 2700 1582 2774 (lunatam
1614 2705 1854 2761 divinam
1889 2706 2116 2763 formam

530 2792 741 2847 habens
804 2791 1046 2846 humana
1109 2794 1297 2863 specie
1342 2812 1360 2849 :
1404 2796 1580 2853 Tanto
1634 2812 1777 2863 cuiu,
1845 2797 2115 2869 Philippe,

530 2887 697 2955 longo
753 2898 1000 2955 tempore
1054 2885 1144 2941 hic
1211 2902 1441 2944 manens
1504 2890 1750 2949 Consors
1802 2902 2000 2958 vester,
2063 2899 2119 2953 et

530 2991 710 3031 meam
768 2989 876 3028 non
928 2975 1114 3033 vidisti
1172 2976 1417 3034 faciem?
1473 2979 1640 3051 158
1700 2980 1893 3038 Omnis
1955 2982 2118 3038 homo

2218 1772 2360 1843 Ζωὴ,
2384 1771 2609 1843 ἀληθείη
2641 1789 2701 1825 τε
2733 1771 2828 1825 καὶ
2854 1771 3041 1842 ὖρθιός
3066 1773 3185 1842 είμι
3215 1777 3433 1845 πορεὶη·

2218 1863 2339 1934 Ζωὴ
2367 1860 2499 1930 ἐγὼ,
2524 1860 2723 1933 βιότοιο
2752 1862 2849 1916 καὶ
2876 1861 3145 1933 ἀτραπός·
3172 1865 3236 1915 οὐ
3262 1863 3494 1918 δύναται
3517 1865 3577 1918 δὲ

2218 1957 2312 2018 Εἰς
2351 1954 2484 2007 Θεὸν
2521 1956 2601 2018 είς
2627 1954 2903 2026 Γενετῆρα
2940 1953 3121 2026 μολεῖν
3148 1954 3368 2026 γαιήἳος
3396 1958 3557 2029 ἀνὴρ,

2219 2048 2282 2102 Ei
2313 2049 2386 2118 μή
2413 2065 2497 2111 τις
2518 2047 2587 2101 δι’
2617 2048 2773 2118 ἐμεῖο
2793 2047 3083 2101 θεόσσυτον
3110 2049 3254 2118 ῖχνος
3272 2050 3508 2118 ἐπείγει,

2220 2138 2454 2209 Στείχων
2480 2136 2616 2209 ὀρθὰ
2646 2137 2879 2191 κέλευθα
2908 2137 2975 2190 δι’
3005 2138 3163 2203 Υίέος
3192 2140 3274 2203 εἰς
3302 2141 3594 2212 Γενετῆρα.

2222 2229 2253 2281 7
2279 2230 2341 2282 El
2363 2229 2419 2282 δὲ
2448 2230 2732 2301 θεορῤήτῳ
2766 2247 2833 2300 με
2864 2228 3015 2299 σοφῷ
3046 2229 3348 2298 γινώσκετε
3382 2231 3559 2302 μύθῳ,

2220 2322 2311 2389 Ἐξ
2341 2323 2536 2393 ἐμέθεν
2561 2321 2835 2391 γνώσεσθε
2858 2322 2955 2374 καὶ
2976 2321 3310 2392 ὑψιμέδοντα
3340 2322 3531 2394 τοκῆα

2225 2416 2384 2486 ’Λρτι
2412 2414 2469 2467 δέ
2499 2432 2590 2485 μιν
2622 2412 2964 2485 φράσσασθε,
2990 2415 3085 2467 καὶ
3121 2415 3485 2485 Ὑψιμέδοντα
3525 2416 3790 2487 μαθόντες.

2221 2502 2252 2556 8
2274 2503 2484 2573 Ἰησοῦν
2508 2504 2564 2556 δὲ
2587 2503 2854 2566 Φίλιππος
2885 2501 2958 2574 ἑῷ
2993 2502 3271 2575 μειλίξατο
3293 2504 3472 2575 μύθῳ·

2218 2590 2289 2648 Ὦ
2319 2596 2479 2660 "Ave,
2514 2596 2608 2650 σὸν
2633 2595 2908 2667 Γενετῆρα
2932 2599 3076 2658 τεοῖς
3094 2596 3356 2660 ὰνάφαινε
3390 2596 3665 2666 μαθηταῖς
3682 2611 3697 2625 ·

2221 2687 2447 2741 Δείκνυε
2476 2688 2569 2741 σὺν
2592 2688 2886 2759 Γενετῆρα,
2921 2687 3017 2741 καὶ⁸
3046 2688 3237 2759 ἄρκιον
3269 2688 3415 2759 ἄμμι
3443 2687 3705 2755 γενέσθω.

2219 2780 2252 2835 9
2274 2779 2486 2851 Ἰησοῦς
2515 2779 2561 2833 δ’
2591 2780 2879 2851 ἀγόρευεν,
2906 2779 3168 2851 sommo
3195 2781 3408 2850 Τοκῆος

2220 2870 2291 2921 Συ
2299 2869 2474 2940 μφυὲς
2498 2868 2682 2922 ἔνθεον
2698 2865 2838 2932 εἶδος
2862 2868 3000 2939 ἔχων
3027 2870 3320 2941 βροτοειδέῖ
3358 2876 3568 2945 μορφῇ·

2219 2962 2453 3033 Τηλίκον
2484 2962 2620 3032 εἰμὶ,
2646 2961 2902 3027 Φίλιππε,
2936 2962 3106 3015 πολὺν
3137 2963 3329 3035 χρόνον
3367 2966 3554 3021 ἐνθάδε
3600 2970 3797 3041 μίμνων

531 3067 627 3138 qui
688 3082 775 3122 me
841 3066 1029 3131 novit,
1093 3067 1257 3122 etiam
1331 3080 1595 3126 aeternum
1666 3072 1802 3126 vidit
1873 3070 2111 3128 Patrem.

2230 3052 2496 3123 Ξύννομος
2523 3053 2753 3123 ὑμείων,
2788 3056 2885 3107 καὶ
2910 3055 2938 3106 ὲ
2947 3055 3053 3125 μὴν
3072 3055 3174 3107 οὑκ
3197 3051 3337 3119 εἶδες
3358 3058 3593 3129 ὀπωπήν
3614 3079 3629 3126 ;

529 3163 782 3218 Nondum
844 3161 1005 3218 [idem
1050 3162 1218 3221 babes
1257 3167 1404 3238 quod
1454 3183 1679 3237 compar
1730 3185 1855 3225 sum
1912 3168 2114 3235 Patris,

531 3259 600 3313 Et
652 3259 814 3315 Pater
875 3259 1122 3314 continet
1182 3277 1267 3317 me
1305 3278 1413 3317 una
1475 3266 1838 3321 conveniente
1904 3265 2117 3320 forma?

532 3356 599 3411 Et
621 3356 765 3412 unde
790 3356 1036 3428 postulas
1064 3370 1096 3408 a
1126 3371 1214 3412 me
1275 3358 1451 3415 divisa
1503 3360 1739 3431 quadam
1774 3362 1910 3433 lege,
1960 3362 2116 3416 Mon-

530 3463 645 3511 stra
713 3455 845 3510 mibi
881 3456 1143 3512 Patrem?
1199 3472 1363 3526 quem
1428 3459 1617 3515 vidisti
1683 3475 1773 3515 me
1818 3460 2115 3531 aspiciens,

532 3552 611 3607 Ex
641 3552 807 3609 corde
851 3552 1018 3627 luteo]
1054 3554 1280 3625 quando
1316 3555 1549 3611 verbum
1577 3567 1790 3611 σηοω.
1826 3556 1894 3609 10
1926 3554 1986 3611 In
2028 3572 2113 3611 me

514 3665 782 3715 manens,
836 3650 1070 3721 Adjutor
1112 3651 1242 3705 mihi
1281 3650 1525 3722 loquenti
1575 3650 1736 3707 Pater
1767 3668 1922 3708 meus
1971 3668 2111 3724 opus

536 3747 691 3802 texit.
726 3746 979 3803 Nondum
1031 3748 1416 3805 testiﬁcantes:
1466 3764 1776 3806 sermonem
1817 3750 2115 3806 conﬁrma-

426 3850 433 3855 ’
531 3842 634 3898 stis
664 3851 881 3909 mente;
910 3841 978 3897 Et
1003 3858 1219 3899 mecum
1255 3852 1339 3899 est
1361 3843 1524 3900 Pater
1553 3859 1730 3911 meus,
1762 3846 1890 3917 quia
1921 3854 1975 3901 et
2001 3846 2118 3918 ipse

531 3935 738 3995 lnsitus
776 3954 896 3994 sum
921 3937 1069 3994 Patri
1096 3958 1112 4009 ;
1144 3956 1266 4013 ego,
1288 3942 1551 4011 loquens;
1587 3942 1677 3997 ille
1709 3959 1861 4008 vero,
1891 3943 2119 4001 faciens.

531 4034 594 4089 Η
626 4034 683 4089 Si
713 4050 824 4090 non
873 4035 1008 4090 mihi
1060 4036 1311 4102 creditis,
1345 4037 1691 4108 sapientibus
1735 4039 1947 4097 credite
1983 4042 2120 4098 solis

529 4128 800 4202 0pcribns
833 4132 1065 4201 nostris,
1106 4140 1168 4187 ut
1200 4135 1549 4205 cognoscatis
1575 4142 1633 4191 et
1661 4150 1759 4191 vos
1789 4134 2116 4192 Societatem

532 4222 823 4284 indi'visam
854 4242 967 4283 uno
984 4229 1343 4299 coniunctam
1372 4233 1665 4304 repaguio;
1706 4231 1831 4288 Filii
1870 4234 1923 4287 in
1953 4232 2117 4289 Patre

2176 3224 2179 3229 ⁴
2229 3144 2390 3214 159
2409 3146 2522 3207 na;
2544 3144 2737 3216 βροτὸς
2759 3147 2817 3208 ὃς
2844 3163 2909 3217 με
2924 3146 3102 3216 νόησε,
3122 3147 3216 3201 καὶ
3238 3148 3465 3218 ἄφθιτον
3482 3146 3593 3205 εἶδε
3608 3153 3814 3225 Testis.

2225 3234 2390 3291 Οὔπω
2421 3237 2603 3290 πίστιν
2640 3238 2784 3308 ἔχεις
2812 3240 2895 3292 ὅτι
2926 3238 3161 3309 σύζυγός
3184 3242 3301 3312 είμι
3328 3243 3561 3315 Τοκῆος,

2224 3329 2337 3381 Καὶ
2361 3329 2593 3400 Γενέτης
2624 3331 2849 3401 μεθέπει
2876 3350 2942 3403 με
2978 3335 3071 3405 μιῇ
3098 3336 3407 3406 συναηρότα
3433 3341 3656 3409 μορφῇς

2227 3419 2337 3471 Καὶ
2356 3418 2520 3473 πόθεν
2546 3421 2773 3484 αἰτίζεις
2801 3438 2869 3491 με
2894 3424 3234 3495 μεριζομένῳ
3252 3426 3359 3479 τινὶ
3387 3425 3599 3499 θεσμῷ,

2225 3511 2408 3578 Δεῖξον
2441 3512 2564 3583 ἐμοὶ
2593 3513 2899 3584 Γεπτῆρας
2930 3515 3026 3568 τὸν
3058 3516 3283 3587 ἔδρακες
3315 3519 3395 3581 εἰς
3430 3520 3532 3590 ἐμὲ
3560 3520 3810 3577 λεύσσων

2236 3602 2331 3655 Ἐκ
2345 3602 2571 3674 κραδίης
2598 3605 2687 3656 ὅτε
2716 3605 2885 3674 μῦθον
2920 3606 3238 3677 ὲρεύγομαι.
3261 3608 3328 3661 10
3352 3611 3445 3673 El;
3468 3612 3570 3681 ἐμὲ
3600 3614 3818 3684 μίμνων

2223 3692 2390 3756 Ξυνὸς
2413 3696 2535 3764 ἐμοὶ⁵
2560 3695 2803 3749 λαλέοντι
2829 3698 3020 3769 Πατὴρ
3050 3701 3076 3752 ὲ
3086 3700 3185 3770 μὺς
3211 3701 3371 3769 ἔργον
3400 3703 3622 3771 ὑφαίνει
3641 3723 3657 3737 ·

2224 3782 2390 3838 Οὔπω
2420 3787 2671 3858 μάρτυρα
2705 3787 2872 3858 μῦθον
2909 3790 3286 3846 ὲπιστώσασθε
3323 3799 3574 3866 μενοινῇ·

2224 3877 2335 3929 Καὶ
2364 3877 2460 3931 σὺν
2483 3878 2607 3948 ἐμοὶ
2639 3880 2848 3933 τελέθει
2877 3882 3111 3952 Γενέτης
3133 3884 3285 3954 έμδς,
3318 3887 3431 3939 ὅττι
3462 3890 3557 3941 καὶ
3579 3891 3753 3955 αὑτὸς

2224 3964 2509 4037 Σύμφυτός
2548 3970 2661 4039 εἰμι
2691 3970 2928 4041 Τοκῆος·
2971 3971 3083 4041 ἐγὼ
3117 3973 3344 4041 λαλέων,
3374 3978 3402 4030 6
3434 3977 3493 4030 δὲ
3518 3979 3723 4048 ῥέζων.

2224 4057 2284 4110 Η
2326 4059 2389 4110 El
2422 4058 2497 4129 μὴ
2534 4061 2657 4131 ἐμοὶ
2695 4060 2972 4128 πείθεσθε,
3001 4067 3185 4133 σοφοῖς
3223 4066 3552 4121 πιστεύσατε
3597 4071 3822 4141 μούνοις

2224 4148 2450 4220 Ἔργοις
2472 4152 2819 4223 ἡμετέροισιν
2841 4169 2855 4184 ·
2878 4154 2975 4208 ῖνα
2999 4155 3286 4228 γνώσησθε
3316 4159 3413 4212 καὶ
3441 4161 3604 4217 αὑτοὶ

2221 4235 2493 4311 Συζυγίην
2516 4241 2811 4315 ἀμέριστον
2839 4246 2919 4300 ἑνὶ
2943 4244 3262 4318 ζευχθεῖσαν
3295 4250 3437 4320 mi,

1728 4348 2013 4407 TEXTUS
2053 4351 2590 4417 EVANGELISTIE.

596 4456 633 4509 2
672 4458 761 4510 Ἐν
783 4460 850 4527 τῇ
885 4457 1033 4537 οἰκία
1070 4461 1165 4513 τοῦ
1207 4464 1420 4532 Πατρός
1460 4482 1562 4537 μου
1614 4465 1773 4535 μοναὶ
1806 4466 1998 4521 πολλαί
2037 4471 2118 4523 εἰ·
2146 4476 2195 4530 D
2225 4488 2359 4526 κατε
2381 4475 2563 4528 αὑτόν.

529 4556 640 4593 σιν·
680 4541 727 4593 εί
760 4538 817 4592 δὲ
851 4540 949 4612 μὴ,
982 4536 1135 4595 εἶπον
1164 4543 1230 4597 ἂν
1275 4546 1433 4614 ὑμῖν·
1460 4536 1783 4619 Πορεύομαι
1820 4550 2111 4621 ἑτοιμάσαι

526 4622 691 4677 τόπον
723 4622 874 4696 ὑμῖν.

599 4707 633 4761 5
656 4708 765 4763 Καὶ
785 4708 881 4761 ἐὰν
907 4709 1180 4782 πορευθῶ,
1208 4711 1303 4766 καὶ
1332 4711 1610 4784 ἑτοιμάσω
1643 4716 1772 4787 ὑμῖν
1804 4715 1988 4785 τόπον,
2014 4720 2112 4775 πά-

524 4790 617 4875 λιν’
642 4790 894 4863 ἔρχομαι,
936 4795 1030 4847 καὶ
1071 4796 1462 4867 παραλήψομαι
1494 4799 1638 4869 ὑμᾶς
1674 4800 1809 4870 πρὸς
1840 4802 2108 4870 ἐμαυτόν·

526 4875 614 4927 ἵνα
642 4876 777 4928 ὅπου
808 4876 924 4946 εἰμὶ
955 4875 1066 4944 ἐγὼ
1096 4879 1191 4931 καὶ
1225 4880 1384 4950 ὑμεῖς
1414 4877 1534 4952 ἦτε.

592 4957 630 5010 4
663 4958 773 5010 Καὶ
799 4957 1073 5026 δπουέγὼ
1111 4960 1308 5030 ὑπάγω
1354 4964 1561 5030 οἴδατε,
1612 4966 1705 5019 καὶ
1739 4967 1836 5038 τὴν
1878 4966 1996 5020 ὁδὸν
2035 4968 2112 5021 οἴ-

525 5038 672 5091 δατε.

595 5121 629 5175 5
684 5122 839 5189 Λέγει
883 5122 1032 5193 αὐτῷ
1082 5126 1316 5198 Θωμᾶς’
1361 5128 1563 5198 Κύριε,
1600 5132 1700 5185 οὐκ
1741 5132 1963 5204 οἴδαμεν
2006 5132 2109 5189 ποῦ

524 5205 783 5275 ὑπάγεις·
819 5209 913 5261 καὶ
942 5207 1060 5274 πῶς
1092 5210 1371 5282 δυνάμεθα
1394 5212 1493 5282 τὴν
1527 5213 1644 5268 ὁδὸν
1675 5218 1905 5283 εἰδέναις

592 5290 815 5375 ϐᾉΛέγει
861 5293 1010 5364 αὑτῷ
1042 5295 1070 5345 6
1104 5295 1311 5365 Ἰησοῦς
1334 5314 1345 5325 ·
1392 5295 1533 5364 Ἐγώ
1553 5301 1667 5370 είμι
1700 5304 1731 5374 ἡ
1766 5302 1903 5365 ὁδὸς,
1946 5303 2039 5356 καὶ
2075 5306 2107 5375 ἡ

521 5372 767 5457 ἀλήθεια,
814 5377 908 5429 καὶ
946 5379 977 5448 ἡ
1019 5377 1155 5449 ζωή.
1192 5380 1380 5443 Οὐδεὶς
1428 5381 1648 5451 ἔρχεται
1698 5372 1836 5457 πρὸς
1875 5383 1965 5439 τὸν
1998 5372 2111 5439 Ila;

520 5455 653 5525 τέρα
682 5460 729 5508 εἰ
767 5458 840 5527 μὴ
870 5459 937 5511 δι’
969 5461 1123 5533 ἐμοῦ.
1485 5460 1489 5465 ’

594 5538 624 5588 7
664 5537 732 5623 Ei
760 5539 1048 5607 ἐγνώκειτέ
1090 5562 1180 5615 με,
1235 5546 1327 5598 καὶ
1369 5545 1459 5599 τὸν
1511 5548 1737 5621 Πατέρα
1791 5570 1890 5623 μου
1940 5551 2109 5621 ἐγνώ-

522 5634 670 5674 κειτε
705 5622 769 5676 ἄν
792 5639 804 5653 ·
844 5625 939 5678 καὶ
981 5627 1074 5679 ἀπ’
1116 5630 1239 5698 ἄρτι
1267 5628 1565 5699 γινώσκετε
1595 5622 1903 5703 αύτὸν,ίκα“ι
1930 5637 2103 5703 ἑωρᾶ-

2289 4556 2323 4611 8
2351 4558 2512 4627 Λέγει
2548 4559 2699 4631 αὐτῷ
2738 4562 3033 4627 Φίλιππος·
3082 4562 3275 4634 Κύριε,
3327 4562 3503 4630 δεῖξον
3549 4565 3689 4637 ἡμῖν
3728 4569 3818 4622 τὸν

2220 4637 2459 4710 Πατέρα,
2492 4645 2588 4695 καὶ
2610 4645 2770 4714 ἀρκεῖ
2801 4648 2949 4717 ἡμῖν.

2298 4722 2332 4776 9
2372 4724 2534 4792 Λέγει
2577 4728 2725 4798 αύτῷ
2770 4730 2799 4781 6
2858 4729 3095 4801 Ἰησοῦς·
3142 4730 3410 4786 Τοσοῦτον
3454 4733 3658 4803 χρόνον
3689 4735 3810 4805 gae-9‘

2218 4807 2371 4890 ὑμῶν
2404 4809 2673 4890 είμιηκαὶ
2707 4811 2806 4866 οὑκ
2851 4812 3096 4882 ἔγνωκάς
3138 4833 3248 4886 με;
3284 4816 3538 4879 Φίλιππε,
3572 4820 3605 4870 6
3636 4820 3813 4890 ἑωρα-

2218 4889 2329 4954 κὼς
2364 4891 2483 4961 ἐμὲ,
2513 4889 2725 4965 ἑώρακε
2756 4896 2845 4949 τὸν
2878 4898 3133 4967 Πατέρα·
3178 4899 3274 4953 καὶ
3319 4899 3435 4964 πῶς
3477 4905 3541 4954 σὺ
3595 4900 3808 4969 λέγεις·

2217 4974 2398 5041 Δεῖξον
2427 4978 2558 5046 ἡμῖν
2587 4977 2677 5030 τὸν
2702 4980 2952 5052 Πατέρα;
3766 4978 3773 4997 “

2292 5060 2358 5113 10
2388 5058 2461 5113 Οὐ
2490 5061 2763 5125 πιστεύεις
2787 5064 2866 5116 ὃτι
2898 5062 3007 5132 ἐγὼ
3027 5065 3086 5117 ὲν
3110 5063 3188 5133 τῷ
3212 5066 3412 5135 Πατρὶ,
3437 5066 3531 5119 καὶ
3554 5070 3585 5120 ὁ
3616 5068 3814 5139 Πατὴρ

2217 5143 2274 5195 ἐν
2307 5143 2429 5212 ἐμοί
2463 5145 2611 5212 seu;
2647 5144 2717 5197 τὰ
2744 5148 2966 5217 ῥήματα
2988 5147 3021 5201 ἃ
3045 5147 3155 5216 ἐγὼ
3176 5147 3323 5201 λαλῶ
3346 5149 3495 5219 ὑμῖν,
3515 5152 3616 5203 ἀπ’
3642 5154 3814 5222 ἐμαν-

2215 5224 2308 5277 τοῦ
2339 5227 2395 5277 ού
2426 5226 2569 5280 λαλῶ
2588 5245 2601 5258 ·
2628 5230 2655 5282 6
2676 5228 2730 5281 δὲ
2756 5230 2943 5301 Πατὴρ
2966 5234 2994 5284 6
3014 5234 3071 5284 ὲν
3099 5234 3224 5302 ἐμοὶ
3249 5232 3446 5302 μένων,
3474 5233 3643 5296 αὐτὸς
3669 5237 3816 5286 ποιεῖ

2216 5308 2285 5361 τὰ
2317 5308 2471 5380 ἔργα.

2285 5392 2342 5445 Η
2390 5392 2680 5447 Πιστεύετέ
2726 5413 2815 5466 μοι
2857 5397 2937 5451 ὅτι
2981 5399 3091 5468 ἐγὼ
3139 5401 3198 5454 έν
3247 5401 3325 5471 τῷ
3386 5400 3586 5471 Πατρὶ,
3646 5403 3748 5457 καὶ
3783 5403 3813 5453 6

2214 5475 2399 5547 Πατὴρ
2436 5477 2492 5529 ὲν
2549 5479 2668 5547 ἐμοί
2720 5482 2864 5535 ἐστιν
2911 5499 2924 5512 ·
2996 5485 3045 5537 εἰ
3105 5484 3162 5536 δὲ
3217 5485 3333 5554 μὴ,
3391 5482 3480 5538 διὰ
3528 5483 3609 5538 τὰ
3670 5485 3815 5557 ἔργα

2212 5560 2350 5613 αὐτὰ
2388 5562 2670 5615 πιστεύετέ
2713 5580 2821 5632 μοι.
