3956 6202
395 370 490 428 875

1616 353 1822 411 NONNI
1846 344 2350 406 PANOPOLITA'NI

3555 330 3656 383 8713

391 495 684 552 dilectione
717 490 878 548 aliam
926 502 1036 544 non
1071 483 1194 539 novi
1240 481 1559 552 intelligere,
1605 481 1844 536 Pretium
1881 493 1966 532 re-

2104 465 2370 533 ὀσσατίης
2397 461 2615 534 ἀγάπης
2651 462 2843 530 ἑτέρην
2866 459 2966 512 οὑκ
2993 453 3112 510 οῖδα
3143 456 3357 526 νοῆσαι,

392 586 718 656 dcmptiouis
747 598 846 654 pro
874 593 1100 634 suorum
1121 577 1394 632 sociorum
1423 575 1532 628 vita
1556 582 1612 630 ut
1635 575 1759 644 quis
1789 573 1963 644 ipsam

395 680 642 732 Animam
710 673 963 725 omnibus
1026 669 1248 724 cliaram
1323 665 1647 736 adjutricem
1701 666 1963 735 praebeat.

401 768 598 822 ItVos
628 765 786 822 simul
828 777 1018 818 omnes
1062 761 1168 816 mei
1206 759 1368 817 amici
1405 757 1667 833 [estis],si
1698 767 1965 830 przecepta

397 862 588 916 Nostra
612 859 826 915 facietis
848 857 1014 912 vitam
1052 855 1280 911 ferentia
1308 870 1426 926 quae
1451 856 1722 924 praecrpio.
1758 854 1824 908 l5
1859 851 1968 907 Vos

400 985 505 1022 non
531 968 760 1038 amplius
797 981 988 1022 omnes
1019 980 1171 1022 meos
1201 963 1480 1021 ministros
1509 963 1736 1020 vocabo.
1763 963 1968 1018 Servus

396 1077 479 1129 vir
510 1090 616 1130 non
659 1074 809 1129 novit
840 1073 984 1144 quod
1025 1072 1283 1128 dominus
1312 1087 1450 1141 opus
1474 1071 1624 1130 texit,
1652 1070 1854 1124 Servus
1889 1069 1971 1120 \‘ir

396 1191 504 1230 non
557 1175 754 1237 novit;
793 1186 944 1227 meos
1005 1178 1184 1227 autem
1247 1167 1520 1223 nominavi
1572 1169 1752 1224 socios
1812 1166 1968 1232 Vos;

397 1285 732 1342 qumcunque
765 1271 910 1324 enim
955 1268 1058 1338 ipsi
1097 1265 1304 1324 cmlesti
1336 1281 1364 1318 a
1403 1280 1540 1319 .voce
1575 1264 1766 1319 Audivi
1796 1265 1971 1319 nostri

396 1370 641 1427 bonevoli
681 1367 878 1431 Patris,
911 1365 1077 1420 Vobis
1107 1365 1365 1420 omnibus
1401 1364 1770 1420 manifestavi.
1809 1364 1878 1419 16
1906 1362 1972 1418 Et

401 1484 509 1526 non
555 1467 770 1523 mortali
822 1480 909 1520 me
946 1464 1129 1519 animo
1180 1462 1290 1519 Vos
1339 1464 1617 1533 elegistis;
1649 1463 1974 1519 discernens

401 1573 583 1621 autem
617 1561 916 1633 discipulos
948 1559 1059 1617 Vos
1099 1576 1167 1616 ex
1203 1560 1389 1614 multis
1418 1559 1752 1628 intelligente
1792 1567 1975 1614 mente

401 1676 592 1717 omnes
635 1660 853 1728 suscepi
902 1657 1222 1722 Fideliores,
1254 1667 1306 1712 et
1359 1655 1462 1712 feci
1493 1656 1744 1720 comites,
1774 1664 1834 1710 ut
1876 1671 1974 1725 _ve-

400 1759 614 1814 nicntes
665 1755 927 1812 Fructum
980 1754 1372 1817 accumuletis.
1405 1761 1458 1808 et
1507 1762 1746 1808 vestrum
1787 1768 1972 1808 semen

2070 556 2278 628 Λύτρον
2300 555 2404 608 ἑῶν
2437 553 2648 622 ἑτάρων
2681 550 2952 623 ζωάγριον
2977 549 3127 621 ὄφρα
3157 565 3242 612 τις
3271 545 3437 616 αὑτὴν

2069 648 2261 718 Ψυχὴν
2289 648 2424 700 πᾶσι
2454 645 2723 717 μέλουσαν
2750 642 3109 713 ἀλεξήτειραν
3143 639 3372 710 ὀπάσσῃ.

2073 740 2137 791 14
2175 739 2362 808 Ὑμεῖς
2392 739 2471 789 εἰν
2511 735 2592 788 ἐνὶ
2623 737 2824 797 πάντες
2859 733 2982 804 ἐμοὶ
3019 732 3187 800 φίλοι,
3229 730 3386 783 αἶκεν
3415 729 3665 799 ἐφετμὰς

2079 830 2383 900 Ἥμετέρας
2413 828 2672 898 τελέσητε
2703 825 2966 898 βιαρκὲας
2993 824 3060 887 ἃς
3088 822 3369 876 ἐπιτέλλω.

2075 919 2140 972 15
2184 917 2386 989 ’Υμέας
2417 917 2599 970 οὐκέτι
2635 917 2844 978 πάντας
2878 913 3047 985 ἐμοὺς
3088 912 3428 985 θεράποντας
3471 909 3667 977 ἐνίψω.

2072 1010 2268 1074 Δοῦλος
2301 1009 2438 1082 ἀνὴρ
2466 1010 2564 1063 οὑκ
2589 1006 2697 1062 οἶδε
2720 1009 2772 1062 τί
2801 1009 3051 1078 κοίρανος
3080 1005 3238 1076 ἔργον
3278 1004 3516 1069 ὑφαίνει,

2073 1101 2266 1164 Δοῦλος
2297 1101 2437 1172 ἀνὴρ
2472 1103 2572 1154 οὑκ
2603 1097 2744 1153 οἶδεν
2764 1116 2777 1130 ·
2820 1099 2986 1170 ἐμοὺς
3020 1097 3065 1150 δ’
3099 1096 3364 1166 όνόμηνον
3408 1093 3673 1160 ἑταίρους

2087 1190 2306 1260 ’Υμέας.
2331 1190 2508 1244 Ὄσσα
2547 1189 2653 1260 γὰρ
2685 1188 2848 1250 αὐτὸς
2885 1185 3215 1258 ἐπουρανίης
3237 1183 3346 1238 ἀπὸ
3381 1183 3568 1252 φωνῆς

2079 1280 2308 1333 Ἐκλυον
2335 1280 2622 1352 ἡμετέροιο
2647 1279 3022 1351 φιλοστόργοιο
3052 1278 3278 1348 Τοκῆος,

2087 1373 2246 1442 Ὑμῖν
2271 1372 2436 1424 πᾶσιν
2468 1371 2660 1440 twn.
2701 1372 2767 1424 i6
2796 1371 2904 1423 Kal
2928 1371 2992 1424 οὐ
3018 1370 3212 1441 βροτέῃ
3239 1387 3308 1440 με
3339 1373 3558 1442 μενοινῇ

2089 1462 2276 1530 Ὑμεῖς
2301 1460 2644 1527 ἐξελέτεσθε·
2675 1459 2966 1530 διακρίνων
2995 1458 3051 1512 δὲ
3082 1459 3330 1530 μαθητὰς

2089 1553 2291 1623 ’Υμέας
2321 1553 2384 1605 ἐκ
2415 1551 2624 1605 πολέων
2646 1554 2806 1622 νοερῇ
2840 1552 2999 1621 φρενὶ
3029 1551 3234 1614 πάντας
3261 1551 3499 1621 ἐδέγμην

2079 1643 2459 1712 Πιστοτέρονς,
2496 1643 2588 1696 καὶ
2631 1641 2803 1713 ἔθηκα
2848 1642 3164 1714 συνήλυδας,
3211 1643 3357 1714 ὄφρα
3408 1642 3680 1714 μολόντες

2079 1736 2306 1806 Καρπὸν
2329 1735 2616 1805 ἁεξήσητε.
2650 1733 2744 1787 καὶ
2764 1733 2971 1804 ὑμείων
3002 1735 3202 1806 σπόρος
3225 1737 3308 1806 εἴη

399 1854 848 1914 sitFructii'erum
879 1855 932 1909 in
962 1862 1249 1916 aeternum.
1275 1861 1326 1908 et
1353 1852 1584 1923 supplici
1608 1851 1842 1922 quodam
1863 1865 1976 1905 ser-

2104 1828 2374 1900 ἱάρπιμος
2398 1828 2478 1888 είς
2505 1824 2706 1878 αίῶνα·
2738 1826 2834 1878 καὶ
2875 1825 3066 1896 ἱκεσίῳ
3091 1825 3200 1879 τινί
3232 1823 3391 1896 μύθῳ

403 1971 562 2009 mune
606 1953 981 2022 Quodcunque
1035 1950 1303 2022 petieritis
1356 1951 1424 2006 ab
1471 1949 1739 2004 altissimo
1784 1947 1972 2010 Patre,

411 2049 612 2104 Nomen
647 2049 966 2104 invocantes
988 2062 1191 2112 meum,
1217 2047 1398 2102 omnia
1429 2045 1724 2117 perficiam.
1762 2045 1823 2097 i7
1853 2041 1977 2097 “me

401 2149 705 2215 praedicens
757 2144 1016 2218 praecipio
1062 2143 1316 2215 prudenti
1374 2159 1636 2202 sermone
1687 2141 1976 2197 Vinculum

409 2246 641 2300 invicem
682 2244 937 2300 amicitia:
962 2241 1273 2298 insolubilis
1302 2249 1360 2296 ut
1392 2240 1740 2298 custodiatis.
1773 2239 1841 2294 18
1870 2237 1980 2294 Vos

399 2342 444 2396 si
477 2341 589 2396 odit
629 2347 848 2396 errante
886 2345 1066 2396 mente
1097 2340 1332 2394 mundus
1371 2353 1506 2407 supe
1539 2338 1671 2401 bus,
1713 2336 1829 2392 Hoc
1873 2337 1980 2390 liu-

400 2437 782 2506 r‘nigenitorum
821 2437 977 2490 scitis
1003 2442 1172 2494 testes
1206 2449 1455 2504 operum,
1485 2434 1658 2499 Quam
1703 2450 1800 2488 vos
1835 2435 1977 2503 quod

402 2531 572 2599 magis
599 2528 864 2584 conviciis
896 2529 1200 2591 incessens,
1220 2527 1375 2582 Prius
1409 2545 1496 2583 me
1538 2529 1665 2583 odio
1707 2529 1976 2582 habuerit.

406 2627 472 2680 l9
507 2625 592 2690 Et,
627 2626 672 2681 si
717 2624 1058 2681 terrestrium
1103 2623 1335 2682 formam
1388 2625 1628 2680 virorum
1686 2624 1862 2681 Mores
1891 2643 1983 2679 no-

401 2724 576 2779 centis
609 2724 986 2779 inconstantes
1020 2722 1297 2778 haberetis
1327 2721 1536 2786 mundi,
1574 2722 1686 2782 Vos
1721 2732 1980 2796 tanquam

405 2822 654 2892 proprios
689 2820 987 2878 associaret
1016 2819 1254 2875 mundus
1288 2834 1503 2875 errans.
1532 2819 1641 2876 Sed
1676 2822 1804 2892 quia
1829 2839 1978 2879 erra-

403 2925 517 2972 tum
551 2917 802 2977 humana:
827 2916 1056 2973 nescitis
1089 2917 1482 2988 generationis,
1507 2917 1572 2971 Et
1602 2935 1799 2975 curras
1833 2938 1987 2977 mun-

402 3015 456 3068 ili
487 3014 866 3084 cogitationes,
896 3013 1238 3084 imprudente
1264 3030 1391 3070 vero
1412 3009 1522 3078 Vos
1555 3031 1620 3071 ex
1653 3017 1858 3071 mundo
1899 3017 1951 3071 in
1972 3049 1984 3057 -

402 3110 710 3180 telligentes
755 3109 872 3179 ipse
921 3093 1160 3180 suscepi,
1197 3108 1265 3164 Ut
1305 3111 1552 3180 Spurium
1594 3111 1846 3167 humana:
1873 3129 1982 3167 non

2083 1919 2236 1972 Ὅττι
2266 1935 2359 1971 κεν
2388 1915 2632 1986 αἱτίζητε
2659 1914 2786 1987 παρ’
2819 1915 3046 1986 ὑψίστου
3075 1916 3362 1986 Βασιλῆος,

2081 2007 2301 2079 Οῦνομα
2333 2007 2718 2078 κικλήσκοντες
2752 2007 2908 2078 ἐμὸν,
2943 2008 3230 2078 ξύμπαντα
3255 2007 3524 2060 τελέσσω.

2087 2101 2148 2156 l7
2181 2101 2363 2154 Ταῦτα
2393 2099 2744 2172 θεοπροπέων
2777 2101 3125 2172 ἐπιτέλλομαι
3151 2101 3384 2172 ἔμφρονι
3421 2100 3588 2174 μύθῳ

2083 2194 2289 2264 Δεσμὸν
2317 2195 2374 2257 ἐς
2409 2193 2674 2263 ἀλλήλους
2700 2193 2885 2265 φιλίης
2913 2193 3127 2247 ἀλύτοιο
3154 2194 3470 2263 φυλάσσειν.

2087 2287 2151 2341 18
2186 2287 2388 2356 Ὑμέας
2412 2289 2462 2338 εί
2495 2287 2712 2355 στυγέει
2738 2287 2980 2358 σφαλερῇ
3010 2288 3167 2358 φρενὶ
3193 2287 3395 2357 κόσμος
3425 2287 3686 2358 ἀγήνωρ,

2084 2378 2252 2431 Τοῦτο
2277 2379 2655 2448 χαμαιγενέων
2688 2377 2987 2447 γινώσκετε
3024 2379 3298 2450 μάρτυρες
3336 2378 3542 2450 ἔργων,

2097 2469 2333 2540 ’Υμείων
2359 2471 2441 2523 ὅτι
2475 2470 2674 2541 μᾶλλον
2703 2469 3082 2542 ἐπεσόολίῃσιν
3107 2469 3368 2540 ἐλέγχων,

2086 2559 2307 2630 Πρῶτον
2321 2560 2421 2630 ἐμὲ
2436 2560 2751 2628 στυγέεσκε.
2770 2560 2834 2614 19
2847 2560 2956 2614 Kal.
2969 2558 3016 2611 εί
3039 2559 3265 2635 χθονίων
3280 2559 3690 2632 τῦπονάνδριῖη

2085 2645 2255 2713 Ἦθος
2286 2649 2617 2720 ἁλιτροὸίοιο
2644 2648 2930 2718 βιοπλανὲς
2954 2649 3125 2718 εἴχετε
3163 2648 3393 2718 κόσμου,

2098 2742 2305 2813 ’Υμέας
2330 2743 2404 2806 ὼς
2441 2742 2601 2805 ἰδίους
2624 2741 2902 2815 ὲταρίξετο
2925 2742 3128 2812 κόσμος
3155 2741 3360 2812 ἀλήτης
3387 2758 3400 2771 .

2099 2833 2237 2886 Ἀλλ’
2267 2833 2388 2886 ἐπεὶ
2423 2833 2741 2904 ἀμπλακίην
2769 2833 2995 2904 βροτέης
3027 2833 3128 2886 οὑκ
3161 2833 3276 2886 ἴστε
3303 2833 3602 2906 γενέθλης,

2091 2927 2198 2977 Καὶ
2225 2924 2442 2989 σκολιὰς
2472 2925 2698 2996 κόσμοιο
2739 2925 3054 2996 μεληὸὀνας,
3087 2924 3355 2995 ἀφραδέος
3377 2924 3434 2978 δὲ

2099 3017 2304 3086 Ὑμέας
2333 3019 2396 3069 ὲκ
2419 3017 2643 3087 κόσμοιο
2675 3019 2944 3088 νοήμονας
2973 3017 3136 3081 αὑτὸς
3168 3017 3424 3088 ἐδέγμην,

2103 3106 2190 3168 Ὠς
2224 3106 2375 3158 νόθον
2408 3105 2710 3177 ἀνδρομέης
2740 3108 2799 3158 οὑ
2831 3109 3052 3178 γνήσιον
3087 3101 3224 3176 αἷμα
3249 3106 3538 3177 γενέθλης,

405 3206 707 3278 legitimum
745 3205 1066 3280 sanguinem
1105 3207 1490 3275 generationis,
1524 3206 1636 3263 Vos
1674 3208 1790 3263 odit
1833 3225 1982 3264 mun-

2104 3194 2306 3264 'Tp.é1g
2335 3195 2526 3262 ἐστυγε
2545 3194 2769 3264 κόσμος.
2798 3195 2869 3247 ἓθ
2907 3196 2993 3248 Ἐν
3017 3196 3271 3266 ἀτρέπτῳ
3297 3195 3353 3249 δὲ
3385 3200 3620 3270 μενοινῇ

404 3303 528 3358 dus.
556 3301 628 3358 20
661 3301 988 3356 lmmutabili
1042 3313 1224 3358 autem
1258 3311 1437 3359 mente
1460 3304 1621 3376 168
1650 3303 1830 3359 Nostri
1869 3321 1986 3360 mc-

420 3397 660 3454 ministis
695 3396 979 3468 prudentis
1008 3399 1188 3454 adhuc
1212 3399 1507 3462 sermonis,
1548 3397 1606 3454 ln
1636 3415 1804 3454 unum
1849 3416 1985 3456 con-

406 3493 647 3562 gregatis
676 3508 836 3562 quem
868 3501 1026 3549 antea
1057 3494 1166 3549 dixi
1204 3495 1394 3549 vobis:
1424 3493 1628 3551 Servus
1653 3497 1736 3550 vir
1768 3512 1878 3552 non
1906 3508 1988 3554 est

411 3605 512 3645 suo
541 3606 668 3661 rege
708 3591 1053 3661 praestantior
1080 3607 1096 3656 ;
1125 3589 1312 3660 Neque
1351 3590 1534 3659 aliquo
1572 3592 1820 3647 mittente
1849 3595 1990 3664 lega-

415 3697 503 3742 tus
536 3694 620 3740 est
647 3686 843 3756 major.
882 3683 941 3740 Si
977 3685 1215 3742 humana
1259 3702 1344 3741 me
1369 3695 1654 3756 persecuta
1697 3697 1781 3754 est
1806 3690 1989 3745 minax

409 3783 720 3854 generatio,
749 3781 995 3852 Expellet
1043 3781 1302 3852 deinceps
1348 3791 1401 3838 et
1446 3798 1544 3839 vos
1581 3804 1594 3840 :
1641 3785 1686 3838 si
1727 3794 1782 3839 et
1811 3785 1988 3856 ipsum

413 3874 733 3934 Sermonem
788 3877 893 3936 mei
941 3877 1181 3948 pectoris
1233 3877 1565 3934 custoditum
1613 3880 1763 3937 intus
1806 3884 1990 3937 occul-

410 3987 511 4044 tat,
542 3978 717 4034 Etiam
766 3992 1078 4050 sermqnetn
1111 3986 1352 4034 vestrum
1388 3977 1532 4032 intra
1566 3993 1662 4032 eor
1700 3978 1986 4035 custodiet.

409 4075 471 4128 Sil
518 4075 643 4136 Haec
673 4091 802 4130 vero
839 4072 994 4130 tidele
1024 4088 1202 4130 meum
1245 4080 1466 4142 propter
1488 4088 1684 4129 nomen
1731 4076 1830 4128 viri
1867 4092 1991 4145 pec-

411 4181 626 4230 eatores
651 4169 820 4225 luridi
859 4169 1059 4224 t‘aeieut
1091 4169 1267 4223 vobis.
1293 4167 1555 4222 Neutrum
1590 4170 1733 4223 enim
1771 4168 1881 4226 Nec
1907 4188 1993 4228 me

411 4274 772 4336 cognoscunt,
803 4279 903 4317 nec
927 4263 1232 4317 mittentem
1265 4261 1593 4320 Patrem.22
1624 4263 1735 4320 Nisi
1769 4281 1798 4318 a
1834 4264 1994 4323 Patre

415 4364 689 4418 venissem
734 4376 835 4432 ego
885 4361 1035 4414 vitali
1084 4359 1434 4423 deductione,
1461 4359 1728 4416 Omnibus
1778 4362 1991 4432 pietatis

2095 3285 2257 3356 169
2302 3284 2605 3355 Ἦμετέρου
2639 3285 2920 3356 μέμνησθε
2951 3286 3247 3357 σαόφρονος
3281 3286 3447 3350 εἰσέτι
3483 3289 3694 3359 μύθου,

2094 3375 2207 3448 [Εἰς
2315 3376 2687 3446 ἁγειρομένοις
2719 3378 2807 3430 τὸν
2840 3376 3031 3448 πρώην
3062 3378 3281 3431 ἔννεπον
3308 3379 3435 3448 ὑμῖν

2091 3465 2284 3528 Δοῦλος
2307 3467 2444 3536 ἀνὴρ
2471 3466 2570 3518 οὐκ
2599 3465 2744 3517 ἐστιν
2777 3465 2868 3517 ἑοῦ
2910 3465 3162 3536 βασιλῆος
3189 3467 3388 3536 ἀρείων
3412 3481 3424 3493 ·

2091 3557 2224 3611 eoat
2253 3575 2397 3621 τινος
2425 3555 2737 3628 πέμψαντος
2766 3556 3061 3620 ἀπόστολος
3085 3555 3280 3610 ἔπλετο
3309 3559 3536 3629 μείζων.

2091 3649 2154 3702 Εἰ
2185 3648 2378 3719 βροτέη
2417 3665 2482 3718 με
2509 3647 2702 3701 δίωκεν
2727 3647 3084 3719 ἀπειλήτειρα
3115 3647 3363 3718 γενέθλη,

2105 3739 2379 3806 Ἐξελάσει
2401 3737 2693 3809 μετόπισθε
2724 3737 2817 3791 καὶ
2843 3738 3016 3808 ὑμέας
3039 3759 3051 3771 ο
3087 3739 3216 3793 εἰδὲ
3252 3741 3344 3793 καὶ
3372 3739 3541 3794 αὑτὸν

2090 3831 2275 3885 Μῦθον
2309 3829 2456 3901 ἐμῶν
2489 3829 2774 3900 πραπίδων
2816 3829 3222 3901 φρουρούμενον
3264 3831 3436 3884 ἔνδοθι
3467 3832 3689 3902 κεύθει,

2096 3923 2202 3975 Καὶ
2231 3921 2389 3990 λόγον
2418 3921 2622 3991 ὑμείων
2661 3919 2890 3992 κραδίης
2921 3919 3138 3975 ἔντοσθε
3173 3919 3420 3991 φυλάξει.

2090 4015 2152 4068 21
2189 4013 2374 4067 Ταῦτα
2398 4013 2455 4066 δὲ
2502 4012 2692 4065 πιστὸν
2723 4014 2875 4082 ἐμεῖο
2904 4011 2970 4065 δι’
3011 4011 3215 4084 οὕνομα
3241 4015 3419 4084 φῶτες
3465 4017 3692 4090 ἀλιτροὶ

2095 4105 2424 4176 Ζηλομανεῖς
2457 4104 2764 4158 τελέσουσιν
2807 4105 2864 4168 ἐς
2892 4105 3066 4175 ὑμέας
3087 4122 3101 4136 ⁸
3129 4107 3473 4179 ἀμφοτέρους
3498 4111 3614 4184 γὰρ

2095 4195 2218 4248 Οὑ;’
2250 4195 2351 4264 ἐμὲ
2381 4193 2729 4263 γινώσκουσι,
2758 4195 2852 4246 καὶ
2876 4195 2939 4247 οὑ
2969 4195 3260 4266 πέμψαντα
3290 4197 3496 4269 Τοκῆα.

2093 4287 2164 4340 22
2199 4289 2261 4341 Ei.
2297 4287 2370 4358 μὴ
2407 4286 2620 4358 Πατρὸς
2646 4287 2831 4339 ἵκανον
2854 4286 2964 4354 ἐγὼ
3003 4286 3244 4358 ζωαρκέῖ
3279 4292 3496 4361 πομπῇ,

2097 4381 2236 4432 [litat
2271 4377 2545 4450 θεουδείης
2567 4377 2687 4431 ὁδὸν
2714 4377 2954 4442 ἔννεπον,
2983 4379 3082 4433 οὑκ
3111 4380 3176 4433 ἀν
3209 4383 3405 4434 ἐκεῖνοι

415 4459 554 4514 viam
590 4456 888 4518 dixissem,
932 4469 1040 4509 non
1090 4469 1223 4508 sane
1264 4455 1340 4508 illi
1389 4454 1662 4510 Haberent
1715 4469 1982 4528 peccatum

2104 4465 2258 4540 Εἶχον
2290 4467 2645 4542 ἀλιτροσύνην
2671 4468 3044 4539 νεμεσήμονα·
3080 4468 3174 4524 νῦν
3207 4471 3264 4524 δὲ
3297 4473 3563 4542 μαθόντες

413 4554 840 4620 vindicandum;
882 4568 1026 4608 nunc
1054 4568 1182 4608 vero
1221 4553 1399 4608 edocti
1429 4553 1545 4609 Non
1580 4559 1899 4613 excusatiou
1923 4579 1982 4614 ιιι]

2104 4539 2479 4632 υὺνπρόφασιν
2509 4558 2835 4630 μεθέπουσιν
2869 4558 3150 4632 ἐλεύθερον
3183 4539 3415 4631 ἄφρονος
3446 4565 3610 4635 ἄτης.

1612 4671 1796 4728 ΤΕΧΤ
1809 4676 1892 4730 US
1928 4674 2454 4732 EVANGELISTIE.

489 4767 552 4821 M
597 4767 785 4839 Ὑμεῖς
816 4764 957 4833 φίλοι
993 4781 1093 4835 μου
1124 4763 1246 4818 ἐστέ
1277 4763 1370 4816 ἐὰν
1420 4765 1606 4833 ποιῆτε
1639 4767 1738 4819 ὅσα
1766 4767 1876 4834 ἐγὼ
1910 4772 1997 4822 ἐν-

413 4853 669 4920 τέλλομαι
704 4849 851 4918 ὑμῖν.

487 4933 554 4988 13
583 4931 778 4986 Οὐκέτι
817 4932 962 4999 ὑμᾶς
1008 4931 1150 4998 λέγω
1185 4933 1425 4994 δούλους.
1477 4933 1616 4986 ὅτιὸ
1660 4930 1844 4992 δοῦλος
1894 4931 1995 4985 οὑκ

413 5011 521 5069 οἶδε
552 5016 604 5068 τί
634 5018 778 5068 ποιεῖ
807 5014 972 5067 αὑτοῦ
1003 5017 1030 5067 ό
1055 5013 1244 5084 κύριος
1267 5032 1279 5045 ’
1309 5015 1453 5084 ὑμᾶς
1479 5015 1534 5066 δὲ
1560 5014 1757 5083 εἴρηκα
1780 5011 1990 5081 φίλους,

413 5099 495 5150 ὅτι
530 5097 704 5152 πάντα
733 5098 770 5152 ἃ
794 5098 1002 5169 ἥκουσα
1025 5096 1176 5167 παρὰ
1198 5095 1293 5148 τοῦ
1321 5095 1532 5165 Πατρός
1564 5111 1688 5163 μου,
1715 5093 1992 5166 ἐγνώρισα

415 5182 564 5251 ὑμῖν.
1223 5217 1228 5220 -
1783 5198 1785 5200 ’

487 5263 554 5317 16
585 5264 696 5333 Οὐχ
742 5265 899 5332 ὑμεῖς
947 5279 1014 5334 με
1060 5260 1395 5328 ἐξελέξασθε,
1443 5262 1557 5315 ἀλλ’
1587 5261 1716 5330 ὲγὼ-
1744 5259 1985 5328 ἐξελεξά-

419 5361 527 5416 μην
559 5347 721 5417 ὑμᾶς,
753 5347 847 5402 καὶ
889 5346 1058 5417 ἔθηκα
1085 5346 1248 5417 ὑμᾶς,
1283 5347 1367 5400 ἵνα
1417 5346 1576 5415 ὑμεῖς
1617 5346 1872 5414 ὑπάγητε.
1898 5345 1992 5397 καὶ

419 5427 627 5496 καρπὸν
663 5428 888 5498 φέρητε,
915 5429 1006 5481 καὶ
1052 5429 1080 5480 ὁ
1117 5428 1329 5500 καρπὸς
1369 5429 1523 5498 ὑμῶν
1577 5429 1742 5501 μένῃ⁸
1771 5428 1857 5479 ἵνα
1891 5427 1919 5479 ὅ
1944 5443 1998 5479 τι

421 5504 482 5558 ἂν
501 5510 760 5579 αἰτήσητε
794 5510 885 5563 τὸν
908 5511 1127 5583 Πατέρα
1155 5513 1214 5564 ἐν
1242 5511 1320 5581 τῷ
1335 5511 1560 5580 ὀνόματί
1599 5529 1722 5580 μου,
1752 5510 1826 5580 δῷ
1845 5510 1994 5580 ὑμῖν.

490 5588 552 5640 Π
587 5591 772 5644 Ὶάῦτα
802 5593 1118 5662 ἐντέλλομαι
1148 5594 1397 5664 ὑμῖν,ἴνα
1428 5595 1679 5660 ἀγαπᾶτε
1712 5591 1994 5663 ἀλλήλους.

481 5665 514 5719 8
579 5673 689 5726 Ei'o
710 5673 912 5742 κόσμος
937 5677 1079 5745 ὑμᾶς
1111 5677 1278 5744 μισεῖ,
1298 5672 1598 5740 γινώσκετε
1622 5677 1700 5727 ὅτι
1726 5674 1824 5743 ἐμὲ
1848 5672 1995 5743 πρῶ-

425 5767 518 5807 τον
537 5752 686 5822 ὑμῶν
713 5755 1036 5823 μεμίσηκεν.

2172 4768 2236 4818 19
2271 4765 2331 4815 Εἰ
2355 4767 2418 4814 ἐκ
2449 4764 2540 4814 τοῦ
2577 4766 2780 4834 κόσμου
2806 4761 2924 4837 ἦτε,
2952 4768 2978 4819 ὁ
2999 4767 3202 4835 κόσμος
3227 4767 3294 4821 ἂν
3322 4772 3381 4823 τὶ
3411 4771 3542 4827 ῐδιον
3567 4774 3686 4844 ἐφί-

2017 4858 2050 4871 ·“
2093 4850 2203 4902 λει·
2239 4846 2320 4897 ὅτι
2357 4844 2414 4897 δὲ
2437 4848 2500 4896 ὲκ
2540 4846 2634 4920 τοῦ
2664 4849 2870 4918 κόσμου
2895 4851 2994 4902 οὑκ
3025 4850 3166 4909 ἐστὲ,
3200 4850 3317 4904 ἀλλ’
3352 4853 3460 4921 ἐγὼ
3504 4855 3688 4918 ἐξελε-

2093 4929 2270 4999 ξάμην
2312 4928 2455 4999 ὑμᾶς
2484 4929 2548 4980 ἐκ
2573 4930 2669 4982 τοῦ
2712 4931 2944 5001 κόσμου,
2979 4932 3066 4985 διὰ
3101 4931 3256 4988 τοῦτο
3288 4939 3437 5004 μισεῖ
3480 4939 3630 5008 ὑμᾶς
3654 4941 3686 4994 ό

2093 5013 2309 5084 κόσμος.

2163 5096 2232 5149 illi
2266 5097 2648 5166 Μνημονεὺετε
2675 5098 2769 5150 τοῦ
2800 5097 2959 5164 λόγου
2984 5093 3043 5151 οὗ
3071 5097 3180 5166 ἐγὼ
3202 5094 3353 5152 εἶπον
3375 5101 3536 5171 ὑμῖν·
3563 5106 3685 5159 Οὐκ

2101 5179 2213 5232 ἔστι
2247 5179 2429 5243 δοῦλος
2477 5182 2676 5249 μείζων
2704 5181 2797 5233 τοῦ
2841 5180 3034 5252 κυρίου
3066 5181 3253 5234 αὑτοῦ.
3286 5184 3351 5235 Εἰ
3391 5186 3491 5254 ἐμὲ
3527 5186 3684 5242 ἐδίω-

2101 5261 2218 5328 ξαν,
2247 5264 2341 5315 καὶ
2362 5263 2506 5332 ὑμᾶς
2537 5264 2814 5328 διώξουσιν
2839 5281 2852 5295 ·
2877 5265 2926 5315 εί
2953 5262 3044 5316 τὸν
3068 5263 3222 5333 λόγον
3246 5283 3348 5336 μου
3381 5267 3684 5340 ἐτήρησαν,

2101 5346 2194 5397 καὶ
2221 5345 2312 5396 τὸν
2347 5345 2608 5415 ὑμέτερον
2631 5349 2978 5417 τηρήσουσιν.

2169 5426 2234 5479 21
2278 5427 2435 5480 Ἀλλά
2489 5427 2660 5508 ταῦτα
2707 5430 2884 5482 πάντα
2937 5430 3254 5499 ποιήσουσιν
3307 5433 3435 5502 ὑμῖν
3490 5433 3582 5488 διὰ
3624 5435 3689 5490 τὸ

2099 5510 2271 5579 ὄνομά
2307 5527 2430 5579 μου,
2458 5512 2538 5563 ὅτι
2564 5512 2662 5564 οὑκ
2692 5512 2864 5566 οῖδασι
2893 5511 2986 5564 τὸν
3021 5512 3318 5582 πέμψαντά
3352 5532 3437 5584 με.

2169 5590 2240 5643 22
2271 5591 2331 5643 Εἰ
2367 5593 2439 5664 μὴ
2465 5589 2624 5661 ἦλθον
2659 5596 2752 5646 καὶ
2781 5594 3016 5664 ἐλάλησα
3040 5595 3244 5659 αὐτοῖς,
3280 5595 3556 5666 ἁμαρτίαν
3579 5598 3686 5650 οὐκ

2100 5667 2274 5741 εἶχον·
2309 5675 2400 5726 νῦν
2438 5676 2492 5728 δὲ
2541 5677 2808 5747 πρόφασιν
2857 5677 2956 5729 οὑκ
2993 5675 3171 5745 ἔχουσι
3205 5679 3333 5746 περὶ
3366 5679 3463 5750 τῆς
3503 5679 3692 5750 ἁμαρ-

2099 5757 2220 5817 τίσις
2252 5757 2448 5814 αὐτῶν,
