3956 6202
266 398 370 451 8'7"!

1151 379 1635 441 PARAPIIRASIS
1672 376 1736 431 IN
1777 372 2186 431 JOANNEM.—-—
2229 370 2379 436 CAP.
2422 370 2558 433 XVI.

3405 374 3504 441 8'79

261 499 269 568 ξ
299 504 369 555 25
402 504 591 563 Ὅστις
620 500 941 569 ἀπεχθαίρει
976 514 1040 567 με
1077 498 1164 549 καὶ
1200 495 1467 565 ἡμέτερον
1498 491 1787 560 Γενετῆρα,

1966 489 2141 542 tabent
2180 488 2401 543 liberam
2445 492 2753 559 insipientis
2793 493 3016 546 erroris.
3041 493 3110 547 9.3
3140 493 3240 561 Qui
3276 498 3386 549 odit
3427 514 3509 552 me

264 592 433 656 Οὗτος
466 588 841 651 ἀτασθάλλων,
875 586 1200 657 ἀλιτήμονος
1232 585 1465 655 ἔμπλεος
1498 583 1655 654 ἀρῆς,

266 686 427 737 Mani
463 679 848 749 παμμεδέοντα
881 676 1035 739 Θεὸν,
1064 676 1371 746 τεχνήμονα
1412 670 1663 743 κόσμου.]

265 778 328 829 2i
354 776 414 827 Εἰ
441 773 515 842 μὴ
542 768 651 839 ἐγὼ
677 771 852 838 κάμον
876 768 1011 840 ἔργα
1030 767 1097 822 τὰ
1122 767 1195 837 μὴ
1221 766 1391 837 μάθεν
1411 764 1839 828 ἄλλοςάνύσσαι,

265 862 452 918 Αιότῶν
480 858 821 931 δερκομένων
851 858 940 911 ὅτε
977 857 1252 928 μαρτυρες
1284 851 1423 926 ἦσαν
1456 856 1695 919 ὁπωπαὶ,

262 956 377 1009 Οὐκ
409 954 477 1007 ἂν
505 949 837 1019 ἀτασθαλίης
867 950 1198 1019 ποινήτορας
1226 943 1371 1018 εἶχον
1394 947 1627 1018 ἀμοιϐάς
1652 963 1665 978 ·

263 1046 377 1100 Νῦν
399 1044 457 1097 δὲ
484 1043 579 1096 καὶ
606 1041 914 1111 εἰσορόωσι,
948 1041 1042 1093 καὶ
1070 1038 1414 1110 ἀμφοτέρους
1438 1040 1520 1093 ἐν).
1541 1038 1726 1109 θεσμῷ

262 1136 437 1191 Αὑτὸν
468 1135 569 1204 ἐμὲ
601 1132 889 1200 στυγέουσι
917 1132 1011 1185 καὶ
1037 1130 1365 1201 ὑψιμέδοντα
1388 1129 1595 1198 Τοκῆα.

263 1229 334 1280 2Ξὶ
371 1223 529 1277 Ἄλλά
552 1223 718 1293 νόμου
749 1222 1041 1291 γραφικοτο
1056 1219 1226 1290 τόπερ
1252 1218 1392 1286 φάτο
1418 1218 1674 1281 θέσκελος
1694 1216 1843 1288 ὀμφὴ

276 1300 500 1385 Ἃνέρος
529 1313 898 1383 εὑφόρμιγγος
931 1311 1078 1375 ὅπως
1104 1306 1485 1379 τετελεσμένον
1511 1310 1593 1377 εἰη
1620 1325 1633 1338 ·

262 1410 499 1480 Προικὸς
523 1407 621 1477 ἐμὲ
650 1405 995 1471 στυγέεσκον.
1027 1402 1099 1457 26
1136 1401 1304 1473 Ἑπὴν
1333 1402 1377 1455 δ’
1414 1401 1696 1471 ἐπιδήμιον
1718 1392 1844 1468 ἔλθῃ

266 1499 491 1569 Πνεῦμα
524 1494 658 1549 Θεοῦ
692 1496 896 1564 νοεροῖο
924 1492 1271 1564 διορνύμενον
1299 1493 1614 1562 Γενετῆρος,

266 1589 490 1659 Πνεῦμα
512 1589 679 1657 τόπερ
711 1584 857 1656 παρὰ
884 1584 1097 1654 Πατρὸς
1124 1586 1181 1646 ἐς
1207 1583 1377 1654 ὑμέας
1403 1582 1564 1645 αὐτὸς
1592 1580 1773 1643 ἰάλλω,

264 1679 447 1733 Πολλά
466 1696 532 1750 με
552 1676 807 1748 κηρύξειε
832 1677 960 1747 παρ’
992 1675 1242 1746 ἀνδράσι.
1270 1674 1343 1727 27
1366 1673 1542 1727 Πολλὰ
1568 1674 1663 1726 καὶ
1688 1673 1846 1742 ὑμεῖς

276 1772 443 1839 Ἀμφ’
479 1768 673 1838 ἐμέθεν
708 1766 1011 1835 φθέγγεσθε
1038 1766 1269 1837 δαήμονι
1311 1768 1546 1838 μάρτυρι
1583 1766 1749 1836 μύθῳ.

264 1861 379 1913 Καὶ
409 1860 515 1929 γὰρ
539 1860 661 1928 ὲμοί
683 1857 996 1927 παρεόντες,
1024 1857 1325 1927 ὁμόφρονές
1360 1858 1484 1910 ἔστε
1514 1857 1772 1928 μαθηταὶ,

274 1946 371 2017 Ἐξ
391 1952 565 2023 ἀρχῆς
600 1948 874 2019 γεγαῶτες
902 1949 1039 2002 ὅλων
1072 1948 1335 2020 θηήτορες
1364 1949 1561 2019 ἔργων.

918 2038 1072 2112 κεφ.
1113 2056 1224 2123 ις’.

365 2151 388 2206 1
436 2151 597 2219 Ὑμῖν
628 2148 673 2201 δ’
706 2144 913 2217 ἔμπεδα
940 2144 1113 2198 ταῦτα
1143 2142 1519 2214 προθεσπίζων
1548 2141 1814 2212 ἀγορεύω,

263 2234 362 2309 Μὴ
381 2238 586 2309 θρασὺς
604 2232 817 2307 οἶστρος
848 2236 1075 2299 ἄπιστος
1096 2236 1153 2297 ἐς
1168 2235 1439 2305 ὑμετέραν
1463 2235 1633 2306 φρένα
1664 2237 1839 2307 βαίνῃ.

264 2326 435 2401 170
469 2329 505 2383 2
542 2328 746 2399 Ὑμέας
774 2326 1085 2391 έξελάσουσι
1116 2326 1426 2397 θεοκλίγτοιο
1449 2325 1735 2397 μελάθρου.

276 2421 443 2474 Ἀλλά
470 2421 640 2490 ταχὺς
660 2418 849 2489 χρόνος
872 2409 1032 2480 οὗτος
1063 2419 1151 2470 ὅτε
1182 2418 1344 2487 φρεσἱ
1364 2419 1471 2479 πᾶς
1497 2418 1684 2487 βροτὸς
1707 2418 1845 2487 ἀνὴρ

276 2511 486 2582 ἰ’μέας
514 2512 573 2573 ὃς
611 2509 867 2563 κτείνειεν
898 2504 1178 2579 ἀλοιητῆρι
1209 2509 1429 2579 σιδήρῳ,

266 2600 605 2669 Δουλοσύνην
628 2599 838 2651 ἔλποιτο
869 2598 989 2669 Θεῷ
1026 2598 1260 2667 φιλέοντι
1281 2598 1551 2660 τελέσσαι,
1616 2636 1617 2639 η

271 2690 479 2761 Ἄνδρα
508 2687 822 2759 θυηπολέων
857 2687 1017 2757 βοέης
1044 2688 1267 2757 μίμημα
1295 2686 1571 2756 γενέθλης,

280 2781 506 2843 ἰσάζων
530 2779 745 2832 θυέεσσι
774 2778 908 2848 βοῶν
937 2776 1235 2849 φθισήνορα
1258 2778 1463 2847 λοιδήν.
1715 2812 1720 2816 -

271 2875 303 2927 5
332 2873 443 2927 Καὶ
476 2871 546 2924 τά
580 2871 675 2941 μὲν
704 2869 1080 2940 οἰστρηθέντες
1107 2869 1415 2940 ἀμερσινόῳ
1446 2870 1553 2921 τινὶ
1580 2867 1749 2938 λύσσῃ

270 2965 570 3025 Δυσσεδέες
595 2963 900 3016 τελέσουσιν
928 2963 986 3024 ὲς
1008 2961 1181 3031 ὑμέας
1200 2979 1211 2991 ·
1238 2961 1356 3013 οὑδὲ
1396 2959 1498 3031 γὰρ
1522 2961 1673 3013 αὑτοὶ

273 3056 410 3109 Υἰέα
438 3056 765 3123 γινώσκουσι
794 3054 888 3105 καὶ
916 3052 1240 3122 ὑψιμέδοντα
1269 3052 1467 3121 Τοκῆα.

273 3146 305 3199 6
339 3145 504 3198 ’Λλλά
519 3145 586 3196 τὰ
606 3145 703 3213 μὲν
722 3142 1009 3213 ξύμπαντα
1032 3143 1380 3213 προέννετων,
1398 3143 1541 3214 ὄφρα
1559 3161 1650 3196 κεν
1670 3144 1849 3197 αὐτῶν
1882 3164 1923 3223 C

274 3235 513 3305 Ὂψιμος
548 3234 919 3304 ἀγχιτέλεστος
953 3234 1040 3286 ὅτε
1075 3234 1265 3304 χρόνος
1296 3234 1460 3305 ὥριος
1492 3235 1641 3305 ἔλθῃ,

286 3327 605 3396 Ἰιμετέρων
642 3325 916 3396 μνήσησθε
949 3326 1260 3395 προάγγελα
1300 3325 1542 3395 θέσφατα
1575 3326 1777 3396 μύθων,

272 3416 467 3471 Ταῦτα
502 3418 558 3471 δὲ
590 3417 887 3488 μυθοτόκου
918 3417 1146 3487 κραδίης
1178 3416 1565 3487 κεκαλυμμένα
1605 3420 1730 3488 σιγῇ

286 3506 379 3576 Ἐξ
410 3509 586 3579 ἀρχῆς
615 3508 777 3560 νοέων
808 3508 908 3560 οὑκ
936 3507 1175 3569 ἔννεπον,
1214 3507 1377 3560 εἰσέτι
1406 3508 1619 3577 μίμνων

284 3590 527 3668 ⁴Υμείων
554 3596 839 3667 ὁμόφοιτος
868 3594 959 3649 ἐπὶ
984 3596 1134 3666 χθονί
1152 3613 1165 3626 ⁸
1197 3598 1230 3650 5
1254 3596 1347 3649 νῦν
1376 3597 1433 3649 δὲ
1463 3598 1632 3665 Τοκῆῖ

280 3690 497 3759 Ἶξομαι
529 3689 872 3757 ὀψικέλευθος
907 3691 965 3751 ἐς
1008 3688 1221 3758 αἰθέρα,
1259 3691 1421 3757 γαῖαν
1458 3689 1643 3751 ὲάσας.

277 3782 415 3834 υὺδέ
445 3798 527 3844 τις
555 3781 757 3851 ὑμείων
787 3798 852 3851 με
889 3781 1277 3853 παρεδρήσσων
1309 3782 1534 3851 ἐρεείνει
1558 3799 1571 3811 ο

280 3872 539 3943 Κοίρανε,
566 3873 643 3940 πῆ
670 3872 1095 3936 σπεύδειςςτίνα
1132 3888 1219 3941 μοι
1256 3872 1375 3925 τίνα
1409 3874 1581 3942 χῶρον
1623 3874 1857 3938 ἰκάνεις;

283 3964 311 4013 (5
358 3964 499 4015 Ἀλλ’
525 3964 653 4032 ὑμῖν
680 3964 760 4016 ὅτι
782 3962 952 4015 ταῦτα
983 3963 1174 4033 διήῖον,
1204 3964 1349 4032 ἠνίδε
1386 3964 1552 4034 πολλὴ

294 4054 601 4125 ’Υμετέρην
629 4053 860 4122 ἔπλησεν
890 4052 1017 4122 ὅλην
1054 4053 1223 4123 φρένα
1250 4053 1450 4117 πενθάς
1478 4054 1622 4124 ἀνίη.

282 4140 311 4195 '7
350 4146 638 4214 Ἀτρεκίην
667 4145 711 4196 δ’
741 4139 1002 4215 ἀγόρευον
1040 4143 1300 4213 ἀμεμφέα
1322 4160 1335 4173 ο
1362 4144 1633 4215 τηλεφανῆ
1662 4144 1719 4197 δὲ

294 4236 455 4305 Ὑμῖν
487 4233 645 4287 λώϊόν
669 4237 815 4286 ἐστιν
836 4234 892 4297 ἐς
911 4233 1138 4304 οὐρανὸν
1167 4233 1309 4304 ὄφρα
1335 4234 1578 4304 περήσω.

286 4325 347 4376 Εἰ
381 4323 455 4393 μὴ
487 4324 592 4395 γὰρ
620 4324 939 4395 παλίνορσος
969 4325 1025 4387 ἐς
1055 4322 1249 4394 αἰθέρα
1276 4323 1525 4393 νόστιμος
1556 4324 1714 4384 ἔλθω,

287 4411 512 4481 Πνεῦμα
542 4412 676 4465 Θεοῦ
711 4413 938 4477 ζώοντος
972 4415 1026 4475 ἐς
1053 4412 1225 4482 ὑμέας
1250 4410 1444 4465 οὔποτε
1472 4412 1641 4481 βαίνει
1667 4430 1679 4442 ⁸

1946 590 1996 631 et
2037 585 2283 631 nostrum
2319 578 2625 641 Parcntem,
2665 579 2764 633 llic
2796 581 2995 649 injuste
3027 596 3213 651 agens,
3248 584 3510 640 Scelerata

1946 672 2136 737 plenus
2162 671 2537 725 exsecratione
2556 712 2569 735 ,
2606 670 2729 725 Odit
2760 673 3001 725 euntium
3030 683 3294 729 rectorem
3322 675 3513 740 Deum,

1945 762 2190 829 upitieem
2243 762 2449 817 mundi.
2499 763 2569 816 ει
2618 763 2729 817 Nisi
2783 779 2882 833 ego
2918 763 3167 819 fecissem
3202 781 3365 835 Opera
3396 784 3516 838 quae.

1947 869 2054 905 non
2093 852 2281 907 didicit
2312 853 2451 909 alius
2476 855 2757 923 perlicere,
2781 854 2914 924 Ipsis
2953 857 3263 912 videntibus
3297 860 3516 927 quando

1946 953 2112 999 testes
2157 955 2315 1000 erant
2353 946 2531 1008 oculi,
2581 946 2697 1001 Non
2752 962 2884 1002 sane
2934 948 3229 1017 impietatis
3272 949 3517 1005 vindices

1949 1037 2207 1091 haberent
2240 1052 2458 1107 poenas;
2494 1036 2648 1092 Nunc
2693 1048 2869 1092 autem
2906 1046 2959 1091 et
2988 1039 3206 1103 vident,
3243 1048 3296 1093 ct
3330 1042 3517 1095 ambos

1949 1144 2053 1181 una
2078 1131 2191 1198 lege
2210 1129 2391 1198 Ipsum
2420 1145 2507 1183 me
2529 1130 2850 1195 oderunt,et
2877 1130 3248 1200 altiregentem
3279 1129 3514 1185 Patrem.

1944 1222 2015 1275 25
2050 1220 2152 1275 Sed
2199 1222 2328 1291 legis
2375 1222 2593 1290 scﬁpta:
2653 1221 2795 1289 quod
2856 1222 2993 1274 dixit
3048 1222 3228 1275 divina
3263 1237 3364 1276 vox
3404 1222 3516 1276 Viri

1948 1311 2227 1381 pulchram
2283 1310 2545 1363 citharam
2576 1310 2825 1364 habentis
2860 1319 2917 1363 ut
2953 1311 3305 1379 impleretur:
3336 1311 3517 1366 Gratis

1948 1417 2032 1455 me
2055 1401 2306 1456 oderunt.
2333 1400 2403 1454 ‘26
2436 1394 2728 1470 Postquam
2762 1416 2892 1455 vero
2926 1401 3129 1455 advena
3161 1404 3367 1457 venerit
3406 1402 3518 1473 Spi-

1947 1496 2086 1549 ritus
2129 1492 2237 1548 Deo
2264 1492 2597 1563 'intelligenti
2646 1492 2946 1562 procedens
2989 1509 3017 1546 a
3050 1492 3246 1554 Patre,
3286 1495 3520 1562 Spiritus

1947 1602 2106 1654 quem
2141 1602 2169 1639 a
2200 1585 2361 1640 Patre
2394 1586 2459 1640 ad
2490 1601 2586 1640 vos
2615 1587 2729 1655 ipse
2756 1588 2985 1648 mittam,
3013 1584 3239 1639 Multum
3270 1602 3354 1640 me
3394 1601 3524 1654 prae-

1947 1677 2150 1731 dicabit
2184 1676 2325 1745 apud
2349 1677 2612 1730 homines.
2664 1677 2731 1728 27
2762 1675 2987 1729 Multum
3021 1684 3074 1731 et
3107 1690 3203 1731 vos
3231 1676 3297 1730 de
3329 1692 3413 1731 me
3442 1676 3526 1730 lo-

1949 1768 2185 1837 quemini
2214 1767 2466 1836 prudenti
2494 1766 2821 1822 testiﬁcante
2868 1783 3139 1823 sermone.
3167 1767 3375 1822 Etenim
3406 1784 3524 1821 mc-

1953 1876 2077 1913 t-um
2107 1867 2423 1928 pmsentes,
2449 1858 2753 1914 concordes
2780 1858 2915 1914 estis
2945 1859 3225 1929 discipuli,
3257 1859 3339 1912 Ab
3369 1857 3527 1911 initio
3576 1918 3577 1921 η

1956 1950 2084 2004 facti
2114 1951 2360 2006 omnium
2392 1950 2728 2018 inspectores
2762 1963 3011 2018 operum.

2574 2059 2726 2116 CAP.
2779 2056 2916 2113 XVI.

2026 2150 2050 2201 1
2092 2148 2258 2204 Vobis
2311 2158 2489 2204 autem
2540 2150 2694 2203 ﬁrma
2728 2149 2837 2205 lucc
2888 2150 3189 2219 prmdicens
3225 2162 3408 2211 narro,
3444 2145 3521 2200 Ne

1953 2246 2130 2300 audax
2147 2248 2401 2303 stimulus
2424 2247 3053 2303 incredulusinvestram
3069 2253 3299 2300 mentem
3324 2243 3522 2298 veniat.

1958 2340 2110 2411 171
2147 2343 2182 2395 2
2210 2342 2318 2397 Vos
2347 2344 2618 2414 expellent
2647 2343 2833 2397 divino
2878 2358 2908 2397 e
2950 2341 3190 2411 templo;
3224 2340 3329 2395 Sed
3371 2342 3525 2394 velox

1961 2443 2176 2506 tempus
2209 2439 2313 2491 erit
2339 2438 2390 2492 id
2422 2454 2546 2493 cum
2578 2449 2757 2493 mente
2778 2438 3006 2508 quilibet
3036 2437 3282 2492 mortalis
3315 2438 3397 2489 vir
3416 2435 3526 2491 Vos

1956 2536 2048 2604 qui
2106 2534 2440 2590 interfecerit
2473 2536 2783 2605 pernicioso
2827 2534 3027 2605 gladio,
3057 2532 3384 2587 Servitutem
3414 2549 3530 2602 spe-

1957 2640 2037 2686 ret
2089 2625 2198 2687 Deo
2249 2632 2416 2686 cbaro
2469 2632 2747 2700 perlicere,
2798 2631 2986 2686 Virum
3046 2640 3294 2686 mactans
3348 2631 3528 2685 boviui

1958 2730 2133 2785 instar
2160 2732 2393 2800 generis,
2438 2729 2804 2800 AEquiparans
2833 2730 3122 2785 sacriﬁciis
3166 2730 3329 2783 boum
3356 2729 3529 2783 homi-

1957 2829 2116 2881 nibus
2157 2827 2445 2881 exitiosam
2487 2826 2825 2882 libationem.
2865 2827 2899 2880 ὅ
2941 2824 3007 2877 Et
3046 2826 3160 2879 haec
3190 2825 3410 2894 quidem
3448 2827 3530 2879 in-

1956 2926 2105 2979 citati
2140 2925 2367 2981 vecorde
2398 2924 2629 2995 quadam
2660 2925 2807 2979 rabie
2840 2923 2993 2994 lmpii
3022 2924 3301 2994 perﬁcient
3333 2924 3385 2975 in
3411 2939 3526 2983 vus.

1958 3037 2133 3090 neque
2170 3022 2313 3075 enim
2353 3022 2451 3090 ipsi
2484 3018 2678 3073 Filium
2725 3028 3067 3089 cognoscunt
3113 3030 3166 3075 et
3208 3019 3525 3088 celsiregem

1958 3118 2196 3174 Patrem.
2241 3119 2275 3173 4
2311 3118 2416 3173 Sed
2465 3117 2682 3188 quidem
2731 3116 2846 3171 haec
2874 3116 3055 3171 omnia
3107 3115 3351 3186 praedixi,
3390 3121 3448 3166 ut
3478 3121 3533 3167 et

1957 3216 2198 3285 ipsorum
2232 3212 2425 3268 Serum
2450 3212 2815 3282 propinquum
2838 3211 3057 3283 quando
3096 3218 3312 3280 tempus
3333 3223 3533 3279 oppor-

1960 3319 2153 3364 tunum
2184 3309 2414 3374 venerit,
2448 3308 2767 3364 Nostrorum
2821 3306 3181 3363 recordemini
3223 3305 3530 3376 pramuutia

1962 3406 2181 3459 fatidica
2238 3420 2578 3459 sermonum.
2614 3403 2741 3459 llaec
2796 3416 2925 3459 vero
2976 3404 3270 3457 verborum
3312 3402 3532 3455 fecundi

1961 3507 2147 3562 cordis
2185 3513 2325 3561 tecta
2352 3507 2567 3563 silentio
2623 3505 2703 3559 Ab
2727 3505 2881 3559 initio
2912 3504 3221 3574 intelligens
3256 3518 3364 3557 non
3398 3502 3530 3567 dixi,

1962 3603 2141 3657 adhuc
2182 3616 2407 3655 manens
2437 3596 2629 3656 Vester
2659 3615 2843 3655 comes
2871 3613 3035 3668 super
3058 3606 3257 3651 terram
3282 3614 3295 3649 :
3327 3598 3360 3649 5
3389 3612 3535 3650 nunc

1958 3720 2138 3767 autem
2161 3712 2225 3765 ad
2249 3705 2462 3765 Patrem
2492 3709 2712 3763 Veniam
2746 3721 2901 3763 serus
2927 3706 2979 3758 in
3003 3704 3225 3764 caelum,
3274 3709 3417 3755 terra
3452 3712 3537 3755 τοι

1958 3801 2107 3855 licta.
2132 3800 2314 3868 Neque
2336 3798 2530 3867 aliquis
2554 3813 2618 3852 ex
2644 3797 2795 3851 vobis
2820 3810 2901 3849 me
2924 3795 3165 3848 assidens
3186 3794 3483 3858 interrogat
3522 3810 3536 3843 :

1964 3904 2211 3968 Domine,
2242 3914 2351 3970 quo
2384 3898 2652 3953 festinas?
2685 3896 2739 3949 in
2769 3908 2928 3963 quem
2968 3893 3098 3946 mihi
3138 3893 3314 3946 locum
3344 3889 3535 3944 venis?

1960 4011 1993 4061 6
2024 4007 2129 4062 Sed
2155 4005 2309 4059 vobis
2328 4002 2455 4072 quia
2486 4002 2599 4055 haec
2624 4000 2802 4063 retuli,
2824 4014 2952 4055 ecce
2971 3998 3138 4053 multa
3166 3995 3414 4051 Vestram
3449 4007 3535 4049 re-

1963 4113 2124 4182 plevit
2158 4119 2324 4164 totam
2359 4114 2593 4162 mentem
2630 4107 2881 4159 luctuosa
2930 4103 3198 4157 molestia.
3234 4101 3264 4153 7
3307 4099 3535 4154 Verita-

1962 4222 2068 4266 tem
2097 4216 2275 4263 autem
2304 4204 2413 4260 dixi
2445 4202 2980 4273 irreprehensibilem
3004 4218 3020 4267 ;
3046 4198 3237 4265 procul
3268 4211 3535 4267 apparens

1964 4330 2093 4372 vero
2134 4311 2301 4367 Vobis
2340 4309 2535 4364 melius
2585 4315 2669 4361 est
2721 4308 2774 4359 in
2804 4306 3000 4359 coelum
3038 4313 3097 4358 ut
3132 4304 3379 4372 migrent.
3422 4298 3533 4352 Nisi

1964 4421 2106 4473 enim
2160 4428 2410 4469 reversus
2452 4412 2504 4466 in
2555 4412 2751 4465 cmlum
2791 4409 2959 4463 redux
3014 4422 3229 4467 venero,
3298 4402 3536 4472 Spiritus

1486 4527 1768 4587 TEXTUS
1807 4531 2335 4592 EVANGELISTAS.

354 4646 426 4698 23
469 4646 526 4696 Ὀ
558 4644 657 4713 ἐμὲ
692 4644 863 4713 μισῶν
896 4646 990 4696 καὶ
1018 4643 1110 4695 τὸν
1136 4644 1352 4714 Πατέρα
1387 4661 1485 4713 μου
1517 4650 1682 4713 μισεῖ.

354 4727 429 4780 ει
460 4726 521 4779 Εἰ
550 4726 620 4777 τά
647 4726 783 4796 ἔργα
822 4728 894 4797 μὴ
935 4726 1164 4793 ἐποίησα
1194 4728 1250 4777 ὲν
1284 4726 1465 4787 αὑτοῖς
1510 4728 1543 4782 ἀ
1574 4730 1748 4795 οὐδεὶς
1772 4733 1861 4786 ἀλ-

287 4808 373 4871 ing
415 4809 734 4878 πεποίηκεν,
770 4810 1046 4879 ἁμαρτίαν
1071 4810 1172 4860 οὑκ
1208 4804 1376 4877 εἰχον·
1408 4809 1506 4863 νῦν
1536 4812 1593 4863 δὲ
1627 4816 1721 4867 καὶ
1761 4817 1861 4869 ἑω-

290 4892 511 4958 ράκασι,
540 4893 633 4944 καὶ
658 4893 995 4962 μεμισήκασι
1021 4891 1115 4944 καὶ
1144 4891 1242 4960 ἐμὲ
1264 4892 1355 4945 καὶ
1381 4890 1471 4945 τὸν
1495 4895 1712 4967 Πατέρα
1738 4916 1859 4966 μου.

352 4971 426 5025 25
464 4973 602 5024 Ἀλλ’
632 4975 718 5026 ἵνα
759 4974 1019 5045 πληρωθῇ
1065 4975 1091 5026 6
1132 4972 1286 5039 λόγος
1328 4973 1356 5023 6
1392 4980 1775 5047 γεγραμμένος
1807 4983 1862 5032 ἐν

285 5052 364 5123 τῷ
394 5052 545 5124 νόμῳ
576 5056 756 5110 αὑτῶν
775 5074 787 5087 ·
828 5058 949 5109 Ὅτι
979 5055 1250 5125 ἐμίσησαν
1278 5072 1343 5123 με
1371 5054 1579 5125 δωρεάν

355 5134 427 5189 26
455 5136 618 5191 Ὀταν
664 5139 721 5191 δὲ
771 5139 897 5211 ἔλθῃ
932 5142 961 5191 ὁ
1008 5137 1383 5209 Παράκλητος.
1426 5138 1484 5190 ὃν
1518 5140 1628 5207 ἐγὼ
1667 5144 1867 5214 πέμψω

289 5216 418 5284 ὑμῖν
443 5219 595 5288 παρά
628 5221 721 5273 τοῦ
760 5222 973 5286 Πατρδς
1019 5221 1097 5287 (τὸ
1134 5218 1357 5288 Πνεῦμα
1400 5221 1499 5289 τῆς
1528 5223 1805 5291 ἀληθείας,
1837 5226 1863 5278 ὑ

290 5300 441 5368 παρά
472 5302 565 5369 τοῦ
594 5303 805 5373 Πατρδς
843 5303 1245 5373 ἐκπορεύεται),
1277 5302 1481 5366 ἐκεῖνος
1527 5311 1864 5380 μαρτυρήσει

287 5382 418 5449 περί
443 5384 598 5451 ἐμοῦ.

356 5462 426 5515 27
461 5467 571 5518 Καὶ
604 5468 765 5537 ὑμεῖς
800 5467 857 5521 δὲ
908 5470 1258 5539 μαρτυρεῖτε,
1293 5472 1375 5524 ὅτι
1407 5471 1503 5524 ἀπ’
1534 5472 1708 5543 ἀρχῆς
1750 5474 1865 5542 μετ’

287 5545 425 5612 ἑλοῦ
445 5548 589 5601 ἐστε.

921 5635 1077 5687 xm.
1111 5637 1227 5701 ις’.

362 5713 386 5761 ἰ
427 5708 611 5766 Ταῦτα
640 5714 910 5786 λελάληκα
944 5718 1072 5785 ὑμῖν
1095 5716 1182 5770 ἵνα
1208 5719 1282 5789 μὴ
1323 5717 1767 5787 σκανδαλισθῆτε.

368 5792 403 5841 2
434 5792 912 5868 Ἀποσυναγώγους
945 5802 1254 5874 ποιήσουσιν
1282 5804 1426 5874 ὑμᾶς
1452 5822 1464 5835 ·
1504 5805 1617 5859 ἀλλ’
1643 5802 1858 5872 ἔρχεται

1895 4660 1934 4714 ι)
1965 4654 2084 4723 ὥρα
2135 4652 2223 4703 ἵνα
2280 4650 2387 4709 πᾶς
2430 4648 2458 4700 6
2510 4648 2835 4709 ἀποκτείνας
2888 4646 3063 4714 ὑμᾶς,
3113 4643 3241 4717 δόξῃ
3291 4644 3541 4714 λατρείαν

1974 4734 2301 4806 προσφέρειν
2324 4729 2401 4799 τῷ
2438 4730 2574 4798 Θεῷ.

2038 4819 2071 4869 5
2102 4816 2209 4867 Καὶ
2238 4814 2407 4867 ταῦτα
2437 4814 2751 4882 ποιήσουσιν
2775 4812 2921 4881 ὑμῖν,
2950 4811 3030 4862 ὅτι
3061 4810 3159 4863 οὐκ
3183 4809 3419 4876 ἔγνωσαν
3453 4810 3541 4862 τὸν

1971 4898 2218 4968 Πατέρα,
2251 4895 2368 4948 οὑδὲ
2398 4895 2517 4964 ἐμέ.

2042 4981 2073 5033 4
2113 4979 2270 5031 Ἀλλά
2302 4977 2475 5031 ταῦτα
2522 4976 2793 5043 λελάληκα
2843 4976 3006 5045 ὑμῖν,
3048 4978 3133 5029 ἵνα
3175 4977 3301 5029 ὃταν
3337 4974 3461 5045 ἔλθῃ
3512 4976 3542 5044 ἡ

1973 5064 2109 5133 ὥρα,
2143 5060 2513 5132 μνημονεύητε
2545 5059 2741 5120 αὑτῶν,
2769 5061 2849 5112 ὄτι
2879 5059 2987 5127 ἐγὼ
3010 5056 3160 5112 εἶπον
3190 5060 3335 5129 ὑμῖν.
3360 5058 3542 5109 Ταῦτα

1972 5146 2029 5200 δὲ
2060 5148 2185 5215 ὑμῖν
2213 5145 2271 5208 ἐξ
2301 5145 2473 5215 ἀρχῆς
2503 5144 2601 5195 οὑκ
2634 5139 2783 5195 εἷπον
2806 5182 2819 5205 ,
2855 5144 2936 5194 ὅτι
2974 5142 3089 5212 μεθ’
3117 5141 3269 5211 ὑμῶν
3304 5144 3471 5210 ήμην.

2044 5230 2076 5281 5
2096 5227 2209 5281 Νῦν
2239 5228 2294 5279 δὲ
2322 5227 2517 5292 ὑπάγω
2540 5225 2673 5293 πρὸς
2699 5226 2789 5278 τὸν
2817 5226 3103 5294 πέμψαντά
3138 5242 3225 5295 με,
3250 5227 3341 5277 καὶ
3370 5226 3544 5288 οὑίεἳς

1971 5313 2029 5378 ἐξ
2057 5311 2209 5381 ὑμῶν
2242 5311 2423 5378 ἐρωτᾷ
2457 5325 2521 5377 με
2542 5322 2554 5335 ⁸
2592 5310 2699 5359 Ποῦ
2732 5308 2999 5375 ὑπάγεις;

2042 5394 2074 5447 6
2116 5392 2251 5445 Ἀλλ’
2275 5393 2353 5443 ὃτι
2384 5389 2554 5441 ταῦτα
2593 5389 2861 5458 λελάληκα
2892 5391 3017 5459 ὑμῖν
3038 5431 3050 5453 ,
3103 5392 3135 5461 ή
3166 5390 3307 5460 λύπη
3341 5392 3546 5462 πεπλήο

1976 5493 2149 5548 ρωκεν
2184 5474 2334 5543 ὑμῶν
2367 5473 2463 5542 τὴν
2501 5471 2750 5541 καρδίαν.

2044 5559 2074 5610 7
2116 5556 2250 5609 Ἀλλ’
2303 5555 2412 5624 ἐγὼ
2441 5556 2539 5624 τὴν
2584 5554 2837 5624 ἀλήθειαν
2870 5554 3011 5621 λέγω
3050 5556 3178 5625 ὑμῖν
3206 5596 3219 5619 ,
3275 5555 3542 5627 συμφέρει

1972 5641 2098 5711 ὑμῖν
2128 5641 2215 5693 ἴνα
2240 5637 2349 5707 ἐγὼ
2381 5636 2626 5690 ἀπέλθω’
2660 5636 2753 5689 ἐὰν
2786 5636 2893 5708 γάρ
2927 5637 2999 5709 μὴ
3030 5638 3265 5704 ἀπέλθω,
3295 5640 3322 5691 6
3353 5639 3540 5707 Παράι

1970 5724 2163 5793 κλητος
2207 5723 2307 5775 οὑκ
2358 5721 2636 5772 ἐλεύσεται
2689 5722 2824 5791 πρὸς
2847 5723 3021 5792 ὑμᾶς·
3055 5721 3147 5775 ὲάν
3173 5722 3227 5775 δὲ
3271 5718 3536 5795 πορευθῶ)

1968 5805 2169 5878 πέμψω
2202 5804 2361 5858 αὑτὸν
2386 5802 2522 5873 πρὸς
2555 5803 2718 5873 ὑμᾶς.
