3956 6202
384 334 498 397 sta
1628 325 1836 380 NONNI
1883 324 2383 384 mxoromm
3542 311 3651 383 ’880

394 446 482 503 ltei
516 445 623 501 vivi
656 446 719 501 ad
752 461 849 501 vos
885 460 1164 514 nunquam
1194 444 1379 508 venit;
1420 442 1476 498 Si
1509 462 1635 499 vero
1657 447 1859 505 abiero,
1912 448 1964 525 in

2100 450 2178 501 Πν
2206 450 2260 501 δὲ
2301 450 2467 519 μόλω,
2505 448 2639 519 μετὰ
2674 452 2833 517 γαῖαν
2863 451 2957 503 ἀπ’
2987 448 3203 519 αἰθέρος
3230 449 3393 511 αὐτὸς
3425 446 3605 501 ἰάλλω.

346 546 591 617 ιιοιοιεειιη
635 552 665 591 e
696 538 852 592 caelis
882 538 999 606 ipse
1030 535 1263 589 mittam.
1306 535 1338 589 8
1374 534 1611 592 Veniens
1645 546 1825 593 autem
1860 539 1965 592 huc

2096 546 2101 590 ς
2143 540 2325 593 Ἐλθὺν
2353 540 2397 592 δ’
2430 539 2617 593 ἐνθάθε
2646 543 2806 607 κεῖνο,
2840 540 3068 594 ἀπειθέα
3094 540 3299 610 κόσμον
3331 539 3561 606 ἐλέγξει,

353 623 363 713 ί
391 626 501 691 ille,
540 628 883 682 incredulum
916 626 1181 680 mundum
1215 628 1527 699 redarguet,
1561 629 1739 684 Causa
1773 630 1964 701 impie-

2096 634 2269 686 Ξῖνεκα
2297 631 2585 701 δυσσεϐίης
2613 631 2929 702 ἀλιτήμονος
2952 650 2964 662 ·
3003 632 3139 684 ἀλλά
3174 633 3268 684 καὶ
3294 632 3465 699 αὐτῆς

356 718 362 799 ξ
390 718 520 772 tatis
549 718 851 780 sceleratae;
876 716 968 771 sed
1004 726 1056 771 et
1082 718 1254 788 ipsius
1284 720 1462 774 Causa
1492 720 1719 789 iustitiae
1749 729 1802 776 et
1822 722 1968 791 judi-

2096 726 2249 795 Ἀμφὶ
2280 723 2626 794 δικαιοσύνης
2661 723 2756 777 καὶ
2798 723 3027 793 κρίσιος.
3070 723 3103 777 9
3138 722 3485 794 Ἀμπλακίης
3535 726 3657 793 μὲν,

353 818 359 849 ι
392 810 483 865 cii.
514 809 545 863 9
572 808 801 878 Propter
830 815 1117 879 peccatum
1149 810 1391 879 quidem,
1427 810 1565 877 Quia
1596 813 1649 867 in
1675 828 1760 868 me
1780 830 1968 870 omnes

2102 815 2229 867 Οττι
2266 831 2360 867 κεν
2392 815 2471 877 εἰς
2517 813 2615 883 ἐμὲ
2658 811 2857 876 πάντες
2890 810 3162 874 άπειθέες.
3199 813 3267 866 10
3305 813 3572 877 Εὐσεδέος
3602 814 3660 867 δὲ

352 893 360 945 l
392 901 693 965 increduli;
721 902 789 955 10
820 900 963 971 piam
996 917 1125 958 vero
1149 901 1682 975 Pr0pterjustitiam,
1713 907 1858 976 quod
1884 923 1970 962 re-

392 994 494 1048 deo
532 994 598 1046 ad
633 991 870 1057 Patrem,
902 992 1012 1049 Nec
1038 1012 1123 1051 me
1163 995 1415 1052 videbitis
1438 998 1807 1054 convictorem
1854 1014 1969 1053 am-

392 1085 537 1156 plius
591 1084 908 1139 hominum:
941 1086 999 1138 11
1031 1085 1259 1156 Propter
1290 1103 1416 1143 vero
1444 1088 1709 1157 judicium
1750 1090 1969 1154 vindex,

394 1179 521 1247 quia
559 1178 745 1231 mundi
774 1177 1061 1235 Judicatus
1093 1188 1177 1234 est
1205 1182 1393 1235 aeterni
1424 1193 1681 1237 versutus
1714 1184 1971 1253 princeps

395 1269 684 1338 superbus.
740 1269 803 1322 19
858 1268 1019 1323 Multa
1072 1280 1251 1327 autem
1309 1272 1514 1327 habens
1547 1276 1613 1327 ad
1650 1274 1967 1337 dicendum,

393 1376 598 1423 renuo;
634 1376 740 1414 non
768 1361 911 1416 enim
958 1363 1147 1417 audire
1206 1365 1363 1433 172
1412 1364 1573 1419 Plura
1623 1367 1735 1435 jam
1796 1373 1979 1435 potes-

395 1453 486 1508 tis.
537 1453 600 1506 15
652 1453 975 1508 Consolator
1027 1470 1157 1509 vero
1213 1456 1429 1525 quando
1479 1458 1725 1521 venerit,
1783 1456 1977 1512 Omnia

394 1544 743 1615 gubernabit;
810 1555 969 1614 atque
1024 1546 1249 1600 veritate
1304 1547 1357 1599 in
1421 1548 1567 1600 omni
1636 1546 1829 1602 Vester
1883 1548 1976 1601 de-

394 1634 590 1687 ductor
664 1632 718 1686 in
784 1635 926 1687 viam
998 1635 1234 1689 duxerit.
1298 1634 1430 1688 Nam
1488 1652 1583 1705 per
1635 1653 1695 1691 se
1751 1636 1975 1705 jussus,

394 1739 590 1795 expers
668 1724 888 1779 auditus
962 1725 1097 1779 nihil
1170 1726 1347 1791 dicet;
1428 1724 1532 1781 Sed
1614 1726 1979 1797 quodcunque

2087 905 2253 974 Ἀμφὶ
2277 905 2644 975 δικαιοσύνης,
2667 905 2750 957 ὅτι
2788 904 3041 973 νόστιμός
3070 906 3184 974 εἰμι
3219 903 3406 973 Τοκῆῐ,

2074 996 2210 1050 Οὐδέ
2240 1014 2306 1067 με
2332 995 2598 1067 θηήσεσθε
2624 994 2899 1048 συνέστιον
2922 994 3087 1047 εἰσέτι
3115 994 3308 1064 φωτῶν
3326 1011 3339 1023 ο

2077 1090 2137 1143 11
2177 1090 2371 1142 Εἵνεκα
2398 1089 2454 1143 δὲ
2482 1089 2692 1157 κρίσιος
2721 1088 3062 1157 ποινήτορος,
3097 1087 3281 1139 εἵνεκα
3313 1087 3515 1154 κόσμου

2077 1181 2341 1249 Κέκριται
2369 1181 2585 1234 ἀενάοιο
2609 1180 2946 1251 πολύτροπος
2971 1178 3137 1249 ἀρχὸς
3168 1179 3406 1248 ἀγήνωρ.

2080 1273 2146 1325 12
2176 1272 2351 1325 Πολλὰ
2378 1273 2421 1325 δ’
2445 1272 2583 1341 ἔχων
2614 1272 2845 1335 ἐνέπειν,
2872 1270 3193 1339 ἀναδύομαι,
3214 1270 3274 1321 οὐ
3302 1268 3409 1337 γάρ
3438 1267 3671 1320 ἀκούειν

2085 1363 2241 1434 173
2268 1363 2516 1425 Πλείονος
2558 1363 2680 1433 ἄρτι
2704 1361 2952 1416 δύνασθε.
2982 1362 3050 1415 15
3076 1360 3424 1432 Παράκλητος
3454 1359 3498 1411 δ’
3532 1361 3670 1412 ὅταν

3374 1451 3391 1523 [
3418 1451 3551 1521 ἔλθῃ
3576 1494 3592 1517 ,

2082 1544 2266 1597 Πάντα
2297 1544 2681 1613 κυδερνήσειεν
2701 1560 2712 1571 '
2747 1542 2975 1613 ἀληθείῃ
3001 1541 3045 1595 δ’
3072 1543 3152 1595 ἐνὶ
3182 1543 3332 1615 πάσῃ

2094 1634 2327 1704 ’Υμείων
2352 1634 2612 1703 ὀχετηγὸς
2638 1634 2693 1696 ἐς
2722 1632 2966 1703 ἀτραπὸν
3000 1632 3374 1702 ἡγεμονεύσει.

2084 1726 2218 1779 Οὐδὲ
2248 1725 2356 1795 γὰρ
2394 1724 2846 1788 αὐτοκέλευστος,
2881 1724 3106 1793 ἀνήκοος
3140 1723 3292 1775 οὐδὲν
3326 1722 3517 1791 ἐνίψει,

396 1816 582 1879 audit,
653 1816 814 1870 etiam
888 1817 1173 1888 loquetur;
1235 1815 1542 1870 futurorum
1621 1833 1747 1873 vero
1814 1815 1975 1871 Vobis

2096 1815 2229 1867 Ἀλλ’
2260 1814 2394 1883 ὅπερ
2420 1813 2634 1874 εἰσαῖει,
2671 1812 2767 1865 καὶ
2799 1809 3125 1880 φθέγγεται·
3163 1810 3473 1879 ὲσσομένων
3498 1809 3561 1862 δὲ

399 1909 559 1964 simul
588 1908 845 1965 omnibus
876 1908 1269 1964 vaticinabitur
1303 1908 1459 1964 l‘mem
1497 1924 1748 1979 operum.
1787 1910 1850 1963 H
1875 1908 1975 1962 Hic

400 2002 591 2056 exiens
620 2016 648 2053 a
678 1998 837 2056 Patre
877 2000 1135 2056 exaltabit
1170 2016 1254 2056 me
1286 1999 1596 2065 honorans;
1625 2001 1761 2067 Quia
1790 2008 1978 2054 nostro

400 2093 668 2163 recipiens
706 2108 737 2146 a
770 2092 929 2147 Patre
974 2091 1141 2148 Vobis
1174 2093 1504 2164 promiscuis
1528 2104 1741 2164 tempus
1769 2108 1979 2163 praeoc-

398 2182 652 2252 cupantia
680 2182 901 2236 oracula
924 2182 1175 2237 ostendet
1210 2182 1568 2254 Quaecunque
1602 2186 1853 2239 evenient
1878 2198 1978 2237 vo-

400 2272 505 2329 bis.
541 2275 608 2328 15
631 2273 694 2326 Et
718 2275 899 2343 prisca
942 2276 1179 2343 quadam
1231 2277 1513 2330 sanctione
1543 2275 1676 2330 Sors
1712 2291 1827 2330 mea
1854 2283 1979 2331 sunt

399 2365 580 2418 omnia
616 2363 774 2418 Pater
808 2378 963 2417 meus
998 2380 1120 2433 qua:
1154 2366 1337 2418 habet.
1382 2365 1609 2434 Propter
1644 2366 1789 2435 quod
1824 2367 1979 2421 vobis

399 2453 511 2505 dixi
550 2453 691 2520 quod
723 2451 909 2503 divino
937 2467 965 2503 a
994 2451 1152 2505 Patre
1189 2454 1482 2522 Recipiens
1509 2464 1697 2507 nostro
1729 2471 1981 2523 praenun-

400 2542 555 2594 tiabit
596 2542 752 2595 linem
782 2556 1029 2610 operum.
1065 2542 1129 2594 16
1155 2541 1421 2596 Pusillum
1454 2543 1629 2598 adhuc
1656 2552 1870 2615 tempus
1896 2554 1981 2601 est

399 2630 671 2691 relictum.
704 2646 768 2684 ex
797 2645 905 2700 quo
936 2646 1020 2685 me
1046 2634 1234 2687 mundi
1287 2632 1404 2688 Non
1460 2636 1691 2703 amplius
1727 2636 1981 2692 videbitis

401 2723 654 2777 comitem
682 2742 695 2790 ;
738 2724 979 2777 vicinum
1012 2740 1140 2779 vero
1191 2724 1351 2781 Deest
1389 2726 1567 2781 adhuc
1596 2728 1853 2798 pusillum
1885 2746 1981 2784 vo-

404 2819 569 2874 lubile
606 2828 840 2890 tempus,
867 2836 929 2875 ex
964 2836 1073 2889 quo
1102 2837 1187 2876 me
1221 2823 1321 2878 soli
1354 2822 1569 2880 Rursus
1599 2826 1900 2895 aspicietis,
1930 2836 1983 2881 et

400 2918 654 2973 rmleslcs
689 2933 783 2987 per
810 2918 964 2973 sinus
997 2918 1223 2973 Veniam
1260 2920 1327 2973 ad
1358 2920 1593 2975 Patrem.
1635 2922 1697 2975 17
1728 2921 1790 2975 Et
1829 2923 1974 2978 dixe-

400 3024 529 3070 runt
556 3014 835 3084 discipuli,
870 3014 1186 3072 Sermonem
1223 3021 1627 3087 supprimentes
1664 3020 1805 3073 intra
1830 3037 1984 3075 men-

403 3123 532 3178 tem,
560 3115 948 3183 promissorcm
970 3116 1137 3180 vocis,
1162 3114 1385 3185 Lingua:
1404 3118 1791 3185 propinquum,
1812 3134 1982 3172 aemu-

412 3211 517 3261 lum
552 3208 752 3262 silentii
784 3227 795 3263 :
833 3210 968 3275 Quis
1001 3220 1084 3266 est
1112 3227 1292 3266 sermo
1326 3211 1413 3266 hic
1437 3228 1596 3282 quem
1639 3214 1794 3275 dixit,
1834 3216 1977 3284 quod

402 3303 578 3358 adhuc
632 3306 908 3373 pusillum,
963 3304 1226 3364 Pusillum
1268 3308 1445 3362 adhuc
1492 3316 1706 3387 tempus
1736 3318 1820 3365 est
1850 3312 1980 3367 reli-

401 3408 569 3463 ctum,
617 3416 679 3455 ex
712 3418 821 3471 quo
847 3419 934 3459 me
970 3407 1156 3461 mundi
1185 3405 1303 3461 Non
1337 3408 1571 3477 amplius
1608 3408 1861 3465 videbitis
1891 3426 1983 3466 co-

404 3498 618 3567 mitem;
669 3502 1034 3573 propinquum
1077 3520 1207 3560 vero
1271 3506 1431 3563 Deest
1488 3508 1667 3563 adhuc
1719 3510 1979 3580 pusillum

408 3596 646 3654 volubile
678 3607 913 3669 tempus,
951 3618 1013 3658 ex
1046 3618 1153 3672 quo
1181 3618 1265 3657 me
1296 3604 1395 3658 soli
1432 3603 1645 3662 Rursus
1673 3607 1977 3679 aspicietis,

401 3694 1148 3754 ctveniamadPatremHB
1206 3739 1218 3754 .
1301 3739 1315 3754 .
1396 3740 1409 3754 .
1490 3743 1503 3755 .
1586 3743 1598 3756 .
1678 3744 1691 3756 .
1774 3746 1786 3758 .
1866 3743 1879 3757 .
1962 3748 1975 3759 .

407 3828 419 3839 .
465 3828 477 3840 .
558 3830 571 3844 ο
652 3832 665 3845 ο
746 3831 759 3847 ο
839 3835 854 3849 ο
935 3835 947 3847 Ι
1029 3836 1041 3848 ο
1121 3836 1135 3849 Ι
1288 3836 1300 3849 ο
1388 3840 1398 3851 ι
1482 3838 1493 3849 Ο
1578 3838 1591 3851 ο
1672 3840 1683 3852 ο
1768 3840 1780 3853 ο
1866 3844 1876 3854 Ι
1961 3841 1973 3853 ⁸

405 3882 470 3937 19
513 3884 673 3943 Jesus
741 3904 871 3944 vero
926 3892 1199 3946 sociorum
1270 3892 1574 3963 intelligens
1627 3896 1838 3949 varium
1883 3911 1980 3950 cor

402 3978 555 4044 Quod
614 3985 863 4062 collocuti
924 3995 1126 4051 essent,
1183 3996 1237 4041 et
1292 3989 1544 4044 volebant
1604 3991 1968 4061 interrogare,

402 4076 761 4139 Antevertens
815 4097 1067 4138 sermone
1120 4082 1257 4137 dixit
1312 4084 1607 4141 solertihus
1651 4086 1971 4157 discipulis:

400 4168 515 4226 Cur
546 4175 776 4234 invicem
809 4177 1083 4247 inquiritis
1123 4178 1297 4233 vicina
1327 4180 1510 4251 lingua
1535 4181 1689 4247 Quod
1726 4193 1847 4250 post
1878 4196 1980 4251 pu-

2090 1907 2251 1976 ’Υμῖν
2282 1907 2360 1958 εἰν
2397 1906 2478 1957 ἑνὶ
2509 1906 2643 1958 πᾶσι
2676 1902 3029 1975 προθεσπίζει
3062 1902 3216 1965 τέλος
3248 1901 3444 1973 ἔργων.

2084 1998 2149 2051 11
2176 1991 2343 2060 Οὐτος
2368 1996 2459 2049 ἰὼν
2491 1994 2639 2067 παρὰ
2666 1995 2877 2066 Πατρδς
2947 1992 3221 2063 ἀνυψὼσει
3259 2009 3323 2061 με
3353 1992 3640 2061 γεραίρων
3659 2009 3673 2021 ο

2085 2090 2239 2143 Ὄττι
2271 2105 2364 2142 κεν
2401 2087 2689 2157 ἡμετέροιο
2716 2085 3033 2155 δεδεγμένος
3068 2086 3131 2137 ἐκ
3158 2084 3452 2153 Γενετῆρος

2096 2182 2251 2251 Ὑμῖν
2276 2180 2640 2250 συμμιγέεσσι
2677 2178 2923 2249 προώρια
2956 2176 3199 2244 θέσφατα
3226 2176 3405 2245 φαίνει

2088 2274 2373 2341 ὐσσαπερ
2414 2272 2628 2322 ἔσσεται
2655 2267 2817 2337 ὔμμι.
2844 2266 2908 2321 15
2926 2268 3033 2319 Καὶ
3055 2266 3335 2338 ἀρχεγόνῳ
3350 2266 3459 2318 τινὶ
3485 2264 3679 2333 θεσμῷ

2088 2364 2303 2435 Κλῆρος
2340 2362 2470 2431 ἐμὸς
2499 2360 2627 2412 πέλε
2660 2360 2836 2412 πάντα
2865 2359 3053 2430 Πατὴρ
3098 2358 3232 2429 ἐμὸς
3262 2360 3392 2411 ὅσσα
3430 2358 3673 2426 κομίζει.

2086 2450 2160 2509 Οὐ
2188 2456 2345 2525 χάριν
2379 2453 2551 2524 ὐμμιν
2578 2452 2756 2505 ἔειπον
2789 2451 2871 2504 δτι
2901 2450 3115 2515 ζαθέοιο
3139 2450 3348 2520 Τοκῆος

2083 2544 2351 2613 Δέγμενος
2372 2543 2659 2613 ἡμετέροιο
2688 2541 3047 2613 προαγγέλλει
3082 2540 3235 2604 τέλος
3256 2542 3453 2611 ἔργων.

2086 2636 2151 2689 to
2194 2635 2354 2698 Βαιδς
2423 2636 2501 2689 ετι
2541 2635 2727 2706 χρόνος
2795 2635 2911 2687 ἐστὶ
2956 2620 3340 2705 λελειμμένος,
3394 2630 3525 2687 εὖτέ
3612 2650 3679 2703 με

3348 2723 3362 2794 [
3390 2724 3609 2794 κόσμου

2086 2818 2282 2871 Οὐκέτι
2326 2815 2591 2888 θηήσεσθε
2626 2814 2985 2885 συνέμπορον·
3020 2813 3326 2883 ἀγχιφανὴς
3361 2813 3419 2865 δὲ

2085 2910 2341 2963 Δείπεται
2371 2908 2535 2961 εἰσέτι
2566 2907 2712 2977 βαιὸς
2739 2905 2851 2970 ἕλιξ
2878 2908 3095 2976 χρόνος,
3120 2901 3245 2959 εὖτέ
3280 2923 3343 2975 με
3402 2905 3603 2974 μοῦνοι

2090 3001 2364 3070 Ἐμπαλιν
2397 2999 2696 3070 ἀθρήσητε,
2733 2999 2825 3051 καὶ
2865 2997 3122 3067 αἰθερίων
3153 2999 3246 3051 ἐπὶ
3277 2999 3494 3051 κόλπων

2089 3092 2301 3162 ’Ὶξομαι
2331 3093 2409 3153 εἰς
2439 3091 2732 3161 Γενετῆρα,
2780 3090 2843 3143 17
2874 3089 2983 3142 Καὶ
3010 3088 3338 3158 ἐφθέγγοντο
3372 3089 3647 3159 μαθηταὶ,

2010 3158 2051 3216 c
2085 3158 2267 3237 Μῦθον
2302 3158 2735 3246 ὐποκλέπτοντες
2771 3183 2878 3235 έσω
2925 3183 3148 3253 φρενὸς,
3181 3158 3380 3250 ἔγγυον
3407 3183 3603 3251 αὐδῆς,

2089 3275 2345 3344 Γλώσσης
2372 3274 2755 3343 άγχικέλευθον
2782 3316 2795 3339 ,
2833 3275 3176 3346 ἀμιλλητῆρα
3211 3275 3420 3346 σιωπῆς
3444 3290 3457 3305 ·

2090 3366 2185 3429 Τίς
2218 3364 2419 3417 τελέθει
2441 3364 2597 3433 λόγος
2629 3360 2783 3428 οὗτος
2813 3366 2871 3417 ὃν
2899 3364 3119 3418 ἔννεπεν
3138 3406 3152 3427 ,
3183 3365 3257 3428 ὡς
3281 3366 3360 3418 ἐτι
3388 3366 3567 3434 βαιὸς,

2090 3452 2249 3515 Βαιὺς
2273 3451 2351 3504 ἔτι
2379 3452 2569 3523 χρόνος
2612 3452 2729 3505 ἐστὶ
2756 3452 3110 3523 λελειμμένος
3134 3493 3149 3517 ,
3177 3450 3299 3507 εὖτέ
3337 3472 3403 3522 με
3432 3456 3650 3525 κόσμου

2088 3544 2284 3597 Οὐκέτι
2310 3543 2577 3615 θηήσεσθε
2613 3542 2955 3616 συνέμπορον
2977 3562 2989 3575 ·
3023 3546 3329 3616 άγχιφανὴς
3361 3547 3417 3599 δὲ

2088 3636 2346 3689 Λείπεται
2382 3636 2548 3689 εἰσέτι
2577 3634 2723 3705 βαιὸς
2751 3635 2864 3701 ἕλιξ
2907 3638 3126 3707 χρόνος,
3159 3634 3279 3691 εὖτέ
3324 3656 3388 3708 με
3423 3638 3620 3707 μοῦνοι
3664 3664 3673 3670 -

2092 3726 2365 3795 Ἐμπαλιν
2393 3728 2693 3799 ἀθρήσητε,
2729 3730 2822 3782 καὶ
2853 3730 3034 3800 ἵξομαι
3066 3732 3145 3794 εἰς
3171 3731 3443 3801 Γενετῆρα
3471 3748 3485 3793 ;

2091 3816 3678 3876 18................

2090 3907 2156 3963 19
2194 3908 2397 3978 Ἰησοῦς
2429 3910 2472 3963 δ’
2503 3910 2714 3981 ἑτάρων
2747 3911 3073 3981 δεδαημένος
3108 3912 3286 3965 αἰόλον
3322 3908 3477 3983 ἦτορ,

2092 4001 2241 4052 ’Όττι
2275 4000 2699 4072 συνεφθέγγοντο
2723 4047 2735 4065 ,
2772 4003 2865 4056 καὶ
2896 4002 3084 4071 ἤθελον
3111 4002 3449 4073 ἐξερεείνειν,

2088 4091 2432 4163 Προφθαδίην
2456 4093 2684 4164 ἀγόρευε
2720 4094 3115 4165 περισσονόοισι
3143 4095 3409 4164 μαθηταῖς
3437 4112 3449 4125 ·

2090 4184 2258 4237 Τίπτε
2302 4184 2418 4255 μετ’
2444 4184 2688 4254 ἀλλήλων
2724 4186 3019 4256 μαστεύετε
3045 4186 3243 4254 γείτονι
3271 4185 3488 4257 γλώσσῃ

1599 4328 1880 4390 TEXTUS
1919 4334 2448 4394 EVANGELISTZE.

470 4493 503 4549 8
546 4492 655 4545 Kal.
706 4493 873 4547 ἐλθὼν
924 4496 1163 4557 ἐκεῖνος,
1217 4492 1420 4562 ἐλέγξει
1456 4496 1546 4549 τὸν
1602 4497 1803 4567 κόσμον
1851 4501 1978 4571 περὶ
2011 4504 2054 4557 D

400 4577 673 4649 ἁμαρτίας
704 4578 794 4631 καὶ
820 4579 945 4647 περι⁵
972 4577 1311 4648 δικαιοσύνης
1344 4582 1437 4633 καὶ
1474 4582 1600 4650 περὶ
1633 4582 1884 4651 κρίσεως.

383 4728 389 4735 θ
468 4662 657 4731 9Περὶ
720 4660 991 4732 ἁμαρτίας
1046 4660 1176 4732 μὲν,
1230 4661 1308 4713 ὅτι
1366 4660 1425 4715 οὐ
1504 4665 1846 4717 πιστεύουσιν
1894 4668 1974 4729 εἰς

399 4746 527 4814 ἐμέ·

474 4830 535 4882 10
567 4827 702 4897 Περὶ
734 4828 1077 4897 δικαιοσύνης
1100 4829 1176 4893 δὲ,
1202 4830 1282 4881 ὅτι
1318 4828 1452 4900 πρδς
1494 4830 1585 4883 τὸν
1615 4830 1833 4901 Πατέρα
1871 4848 1972 4902 μου

400 4910 615 4975 ὑπάγω,
655 4908 747 4962 καὶ¹
779 4910 877 4962 οὐκ
906 4908 985 4960 ἔτι
1014 4910 1264 4979 θεωρεῖτέ
1303 4930 1369 4981 με
1396 4928 1409 4943 ·

470 4991 529 5046 11
563 4991 697 5062 Περὶ
722 4989 778 5042 δὲ
806 4990 1059 5058 κρίσεως,
1084 4992 1164 5045 ὅτι
1196 4994 1224 5045 ό
1263 4992 1446 5063 ἄρχων
1482 4994 1576 5048 τοῦ
1613 4996 1816 5066 κόσμου
1847 4995 1971 5048 τού-

398 5090 490 5127 του
526 5074 794 5143 κέκριται.

471 5155 538 5208 12
579 5157 698 5208 Ἔτι
750 5154 921 5209 πολλὰ
960 5152 1067 5225 έχω
1095 5156 1274 5224 λέγειν
1308 5158 1457 5226 ὐμῖν,
1495 5158 1608 5211 ἀλλ’
1634 5160 1693 5211 οὐ
1735 5159 1963 5217 δύνασθε

401 5231 688 5305 βαστάζειν
713 5240 856 5309 άρτι.

472 5320 539 5373 15
572 5320 737 5373 Ὅταν
765 5321 821 5375 δὲ
859 5320 987 5394 ἔλθῃ
1035 5322 1276 5387 ἐκεῖνος,
1317 5322 1377 5377 τὸ
1422 5322 1643 5395 Πνεῦμα
1688 5326 1786 5394 τῆς
1838 5327 1972 5398 ἀληο

2179 4502 2246 4555 15
2299 4502 2481 4557 Πάντα
2542 4503 2642 4555 ὃσα
2697 4501 2873 4571 ἔχειὸ
2934 4501 3154 4572 Πατὴρ,
3205 4502 3315 4571 ἐμὰ
3369 4503 3523 4554 ἐστι·
3581 4501 3675 4556 διά

2083 4585 2240 4639 τοῦτο
2288 4584 2435 4640 εἶπον
2476 4587 2557 4638 ὅτι
2600 4585 2663 4636 ἐκ
2696 4585 2789 4637 τοῦ
2826 4585 2962 4655 ἐμοῦ
2988 4586 3253 4657 λήψεται,
3297 4585 3388 4637 καὶ
3421 4586 3670 4653 ἀναγγε-

2082 4674 2164 4728 λεῖ
2208 4674 2355 4745 ὑμῖν.
2400 4700 2411 4707 ν

2157 4757 2223 4810 16
2262 4757 2489 4829 Μικρὸν,
2525 4757 2617 4811 καὶ
2663 4756 2724 4809 οὐ
2779 4755 3033 4827 θεωρεῖτέ
3090 4774 3192 4826 με·
3243 4757 3336 4809 καὶ
3370 4754 3535 4808 πάλιν
3576 4772 3668 4825 μι-

2083 4838 2251 4911 κρὸν,
2311 4841 2403 4895 καὶ
2445 4838 2641 4911 ὄψεσθέ
2698 4856 2799 4909 με,
2850 4838 2933 4892 ὅτι
2980 4838 3091 4907 ἐγὼ
3139 4840 3336 4907 ὑπάγω
3381 4838 3519 4909 πρὸς
3574 4838 3668 4890 τὸν

2082 4924 2320 4995 Πατέρα.

2159 5008 2221 5060 17
2256 5004 2426 5061 Εἶπον
2464 5004 2556 5059 οὖν
2592 5010 2655 5059 ἐκ
2682 5005 2789 5058 τῶν
2842 5004 3096 5076 μαθητῶν
3130 5003 3293 5056 αὐτοῦ
3326 5003 3463 5074 πρὸς
3492 5003 3663 5072 ἀλλήο

2082 5091 2206 5155 λους
2226 5105 2239 5119 ⁸
2268 5090 2331 5140 Τί
2366 5092 2478 5140 ἐστι
2526 5089 2682 5141 τοῦτο
2706 5090 2734 5141 ὃ
2783 5089 2930 5157 λέγει
2979 5090 3141 5157 ἡμῖν·
3178 5087 3387 5155 Μικρὸν
3415 5127 3430 5149 ,
3472 5086 3572 5138 καὶ
3597 5086 3662 5138 οὐ

2080 5169 2327 5242 θεωρεῖτέ
2361 5185 2426 5237 με
2445 5186 2457 5197 ο
2491 5170 2582 5220 καὶ
2602 5172 2762 5223 πάλιν
2794 5172 3011 5241 μικρὸν,
3039 5170 3130 5223 καὶ
3152 5168 3347 5239 ὄψεσθέ
3378 5185 3446 5238 με
3467 5184 3481 5197 °
3513 5168 3613 5221 καὶ
3638 5208 3659 5235 ,

2081 5258 2199 5307 ’Ὁτι
2229 5248 2339 5317 ἐγὼ
2376 5249 2571 5317 ὑπάγω
2598 5254 2734 5322 πρὸς
2760 5253 2852 5306 τόν
2880 5255 3098 5324 Πατέρα
3123 5268 3136 5316 ;

2148 5334 2213 5387 18
2237 5332 2460 5400 Ἔλεγον
2482 5330 2575 5387 οὗν
2601 5352 2614 5365 ·
2643 5337 2813 5391 Τοῦτο
2835 5338 2888 5391 τί
2922 5340 3066 5391 ἐστιν
3088 5336 3115 5389 ὃ
3137 5336 3304 5403 λέγει,
3337 5333 3395 5388 τὸ
3429 5336 3659 5406 μικρόγς

399 5398 582 5487 θείας,
618 5403 872 5475 ὁδηγήσει
912 5406 1053 5477 ὑμᾶς
1082 5407 1161 5470 εἰς
1192 5408 1371 5461 πᾶσαν
1417 5405 1513 5477 τὴν
1565 5406 1854 5477 ἀλήθειαν·
1907 5410 1967 5461 οὐ
2074 5419 2172 5471 οὐκ
2199 5398 2416 5487 οἴδαμεν
2453 5418 2507 5472 τί
2544 5419 2713 5474 λαλεῖ,

399 5484 508 5554 γὰρ
541 5487 759 5557 λαλήσει
796 5490 886 5556 ἀφ’
914 5488 1128 5552 ἑαυτοῦ,
1165 5490 1279 5543 ἀλλ’
1302 5490 1400 5542 ὅσα
1435 5490 1500 5543 ἂν
1528 5490 1735 5562 ἀκούσῃ
1756 5531 1769 5553 ,
1806 5490 1970 5559 λαλή-

401 5579 483 5617 σει
508 5605 522 5628 ,
556 5568 646 5619 καὶ
679 5568 746 5619 τὰ
769 5569 1037 5638 ἐρχόμενα
1064 5571 1352 5639 ἀναγγελεῖ
1377 5571 1528 5639 ὑμῖν.

471 5648 535 5701 H-
576 5649 813 5711 Ἐκεῖνος
844 5652 941 5720 ἐμὲ
966 5652 1195 5717 δοξάσει,
1220 5654 1301 5705 ὅτι
1330 5654 1392 5704 ἐκ
1424 5649 1515 5703 τοῦ
1546 5650 1679 5718 ἐμοῦ
1713 5650 1962 5721 λήψεται,

411 5734 499 5783 καὶ
520 5730 807 5794 ἀναγγελεί
838 5731 985 5799 ὑμῖν.

2145 5499 2212 5553 19
2254 5501 2433 5569 Ἔγνω
2468 5498 2559 5557 οὖν
2591 5506 2619 5556 ὁ
2660 5502 2866 5571 Ἰησοῦς
2902 5505 2981 5556 ὅτι
3049 5502 3242 5574 ἤθελον
3307 5500 3466 5556 αὐτὸν
3514 5500 3662 5570 ἐρω-

2071 5583 2169 5651 τᾷν
2196 5620 2211 5645 ,
2260 5584 2354 5635 καὶ
2398 5580 2548 5638 εἶπεν
2596 5587 2810 5649 αὐτοῖς’
2864 5586 3001 5656 Περὶ
3056 5583 3244 5637 τούτου
3279 5583 3492 5653 ζητεῖτε
3531 5584 3661 5652 μετ’

2070 5664 2310 5735 ἀλλήλων
2355 5667 2435 5720 ὅτι
2481 5664 2665 5721 εἷπονο
2703 5669 2913 5738 Μικρὸν
2940 5707 2955 5729 ,
2989 5668 3081 5721 καὶ
3130 5667 3189 5719 οὐ
3224 5665 3481 5735 θεωρεῖτέ
3539 5680 3612 5732 με
3636 5681 3656 5695 ⁶

2071 5748 2165 5804 καὶ
2197 5749 2356 5804 πάλιν
2392 5750 2614 5821 μικρὸν,
2649 5752 2743 5804 καὶ
2771 5751 2966 5822 ὄψεσθέ
3001 5767 3096 5826 μεξ
