3956 6202
382 193 474 254 ssi
607 172 618 182 ’
1278 211 1758 272 PARAPIIRASIS
1796 218 1862 273 IN
1899 220 2306 284 JOANNEM.—
2342 230 2495 291 CAP.
2537 235 2674 293 xvr.

379 313 435 366 ει
468 315 607 386 μετά
639 317 793 389 βαιὸν
827 323 1007 378 ἔειπον
1043 327 1152 380 ἀπὸ
1185 328 1468 403 βλεφάρων
1499 336 1810 404 μεταϐαίνω
1831 355 1845 369 '

376 404 484 457 Καὶ
499 406 674 496 ἓάλιν
699 412 866 466 εἰσέτι
892 414 1045 484 βαιὸν
1079 419 1424 494 ἐσαθρήσητε
1449 429 1682 494 φανέντα
1706 449 1720 496 ;

447 492 608 564 17‘.
629 494 700 548 20
718 496 785 588 ’Ὠ
794 515 942 588 ρκιον
959 502 1334 574 ἐμπεδόμυθον
1352 492 1498 581 ἀμήν
1515 513 1660 584 ἀμὴν
1676 492 1944 588 ἀγορεύω,

374 581 669 647 κλαύσετε,
703 586 797 638 καὶ
828 587 1057 659 θρήνους
1092 593 1370 651 ἐπαείσετε
1393 617 1407 631 θ
1439 581 1734 670 λυσσαλέος
1758 581 1814 661 δὲ

372 675 593 748 Κόσμος
623 680 709 732 ἐπ’
740 682 837 753 οὑχ
871 683 1063 738 όσίοισι
1086 690 1387 760 χαρήσεται
1407 709 1422 723 °
1457 694 1593 749 ἀλλὰ
1622 699 1715 751 καὶ
1740 697 1893 765 αὖθις

371 770 640 841 Πένθιμος
673 773 942 847 ὑμετέρης
973 781 1384 848 μετανείσσεται
1416 782 1628 859 οῐστρος
1657 792 1842 861 ἀνίης⁶

369 860 429 914 ΞΙ
475 864 630 917 Ὂττι
659 866 794 936 γυνὴ
826 866 1168 941 βαρύφορτος
1193 873 1322 944 ἄχος
1351 877 1477 948 περὶ
1501 879 1672 950 θυμὸν
1697 860 1917 948 ἑλίσσει,

381 951 688 1026 Ὀξυτέροις
726 955 1003 1026 βελέεσσιν
1029 963 1370 1038 ίμασσομὲνη
1403 977 1641 1026 τοκετοῖο
1665 991 1677 1005 ο

369 1044 543 1114 ’Ὡρην
572 1047 681 1116 γὰρ
711 1049 929 1118 τρομέει
953 1050 1278 1124 βαρυώδινον
1305 1073 1319 1089 ⁸
1344 1060 1412 1130 ἦν
1443 1061 1499 1114 δὲ
1525 1063 1778 1137 λοχεύση’

365 1135 543 1204 Δριμὺ
586 1139 990 1212 πεπαινομένης
1016 1144 1329 1201 ἀποσείεται
1363 1150 1527 1220 ἄχθος
1560 1155 1734 1224 ἀνίης,

366 1225 475 1277 Καὶ
507 1227 780 1300 προτέρης
820 1231 1010 1300 ὀδύνης
1042 1236 1102 1287 οὑ
1127 1237 1364 1305 μνώεται
1384 1281 1399 1306 ,
1423 1244 1538 1296 ὄττι
1565 1245 1658 1297 καὶ
1683 1246 1840 1311 ἄλλος

376 1315 706 1409 ΪΑρτιιφανὴς
735 1319 1036 1394 βλάστησεν
1066 1328 1204 1400 ἀνὴρ
1227 1331 1542 1401 παλιναυξέῖ
1572 1338 1764 1409 κόσμῳ
1788 1356 1802 1370 ·

472 1405 787 1477 Ἀγχιτόκου
817 1412 1041 1484 μίμημα
1069 1415 1322 1487 λεχωΐδος
1346 1459 1361 1485 ,
1395 1422 1520 1492 ἄρτι
1551 1426 1643 1478 καὶ
1673 1404 1833 1495 ὑμεῖς

360 1494 564 1565 Πρῶσα
590 1497 689 1567 μὲν
711 1501 1068 1573 ἀγρύπνοισιν
1101 1509 1334 1578 ἀμύξετε
1369 1511 1540 1583 θυμὸν
1565 1494 1776 1580 ἀνίαις*

371 1585 534 1642 Ἀλλά
564 1605 668 1642 που
697 1591 919 1664 ἀθρήσω
944 1596 1104 1651 πάλιν
1140 1600 1312 1670 ὑμέας
1331 1617 1345 1632 '
1377 1604 1614 1677 ὑμετέρη
1648 1607 1704 1660 δὲ

359 1676 600 1749 Γηθήσει
634 1682 828 1754 κραδίη
860 1685 1276 1758 παλινάγρετοςο
1312 1693 1576 1762 ὑψιφανὲς
1605 1676 1663 1748 δὲ

355 1765 564 1837 Χάρμα
592 1770 722 1841 παρ’
753 1773 955 1841 ὑμείων
983 1777 1361 1849 ἀμετάτροπον
1389 1782 1535 1846 οὔτις
1568 1787 1799 1857 ἀμέρσει

3526 261 3633 317 882

1982 349 2029 405 Α
2061 347 2249 403 silium
2291 353 2402 406 dixi
2438 356 2505 410 ab
2533 359 2707 415 oculis
2744 365 2965 434 recedo;
3000 367 3065 424 Et
3092 386 3285 430 rursus
3313 383 3435 445 post
3455 379 3634 448 pusil-

2061 441 2167 497 lum
2197 446 2476 516 aspicietis
2509 461 2903 524 apparentem?

2143 543 2298 614 175
2323 546 2392 601 20
2431 546 2823 620 Jusjurandum
2859 557 3231 630 lirmiloquum
3261 564 3432 622 Amen
3459 567 3631 622 Amen

2061 631 2185 689 dico
2232 655 2244 688 :
2297 635 2626 710 Plorabitis,
2662 654 2717 699 et
2739 647 3013 718 lacrymas
3047 652 3341 720 incinetis;
3376 657 3632 713 rabiosus

2057 744 2189 784 vero
2220 729 2455 790 Mundus
2509 735 2564 789 in
2594 753 2704 792 non
2735 744 2940 798 sanctis
2971 747 3258 815 gaudebit;
3302 752 3396 805 sed
3426 763 3476 808 et
3509 770 3628 809 rur-

2057 839 2150 877 sus
2182 825 2491 886 Luctuosus
2533 841 2723 888 vestra:
2770 839 3022 894 transibit
3060 843 3314 900 stimulus
3353 848 3625 917 tristitizn;

2050 920 2112 972 ‘21
2171 920 2308 986 Quia
2355 926 2551 982 mulier
2594 930 2815 998 gravida
2872 934 3147 990 tristitiam
3203 940 3385 994 animo
3433 943 3622 1008 volvit.

2053 1017 2242 1073 Acutis
2272 1020 2487 1089 sagittis
2523 1023 2716 1080 amicta
2753 1035 2972 1098 partus:
3009 1030 3207 1088 Horam
3253 1039 3398 1092 enim
3442 1040 3628 1094 horret

2049 1115 2230 1183 gravis
2270 1123 2496 1185 partus;
2548 1122 2596 1174 si
2649 1138 2777 1196 vero
2823 1127 3052 1195 peperit,
3095 1129 3330 1188 Acutum
3377 1137 3626 1191 coucncti

2047 1213 2251 1264 excutit
2302 1214 2518 1282 pondus
2572 1221 2843 1284 mceroris,
2885 1219 2949 1274 Et
3001 1226 3198 1292 prioris
3258 1227 3462 1285 doloris
3512 1245 3621 1286 non

2058 1307 2324 1372 meminit,
2364 1310 2490 1380 quia
2525 1319 2580 1366 et
2611 1313 2749 1369 alius
2778 1313 2958 1386 Nuper
2987 1333 3254 1388 apparens
3301 1327 3625 1394 germinavit

2047 1400 2130 1453 vir
2193 1406 2531 1460 recrescenti
2589 1409 2810 1465 mundo.
2846 1411 2917 1464 22
2968 1410 3170 1470 Vicina:
3227 1421 3400 1487 partui
3453 1424 3626 1477 instar

2043 1509 2326 1566 puerperae
2382 1500 2495 1568 jam
2552 1512 2604 1557 et
2659 1520 2756 1560 vos
2800 1504 3045 1562 Primum
3095 1513 3313 1580 quidem
3363 1516 3618 1584 vigilibus

2045 1594 2296 1663 pungetis
2347 1596 2587 1652 animum
2636 1604 3004 1672 maeroribus;
3043 1606 3151 1662 Sed
3180 1607 3375 1664 videbo
3433 1625 3625 1666 rursus

1968 1675 2009 1729 Β
2046 1704 2140 1742 vos
2164 1707 2178 1756 ;
2207 1701 2447 1746 vestrum
2475 1703 2658 1750 autem
2689 1696 2957 1755 Gaudebit
2977 1717 3072 1756 cor
3097 1719 3292 1760 rursus
3314 1705 3622 1773 collectum;

2044 1786 2278 1842 sublime
2312 1789 2476 1843 etiam
2509 1789 2778 1847 Gaudium
2813 1810 2845 1850 a
2869 1796 3022 1854 vobis
3054 1799 3391 1856 immutabile
3421 1801 3606 1856 nullus

350 1857 454 1922 Εἰς
488 1859 683 1930 χρόνον
727 1864 787 1916 ού
828 1863 1090 1935 λήγοντα·
1131 1867 1199 1922 25
1238 1871 1364 1934 καὶ,
1405 1873 1482 1936 ὡς
1528 1875 1729 1945 πάρος,
1770 1878 1912 1948 ήματ

2040 1882 2250 1940 auferet
2281 1885 2339 1939 ln
2368 1893 2666 1956 aeternum;
2699 1891 2768 1945 23
2812 1900 2888 1958 et,
2920 1903 2978 1948 ut
3009 1903 3190 1962 antea,
3221 1898 3427 1954 dieillo
3465 1898 3611 1955 Nihil

1669 1965 1862 2039 [κείνῳ

347 2042 521 2096 Οὐδὲν
549 2043 630 2099 ἔτι
668 2047 916 2120 προτέρῳ
953 2067 1018 2119 με
1057 2051 1202 2122 σοφῷ
1232 2053 1600 2123 προσπτύξετε
1635 2057 1806 2128 μύθῳ.

349 2135 532 2189 Ὄσσα
559 2135 669 2209 γὰρ
695 2138 955 2210 αἰτήσητε
995 2140 1268 2214 θεοκλήτῳ
1301 2145 1404 2197 τινὶ
1430 2149 1578 2218 φωνῇ
1602 2187 1616 2211 ,

347 2228 613 2282 Ἕσσεται
636 2229 847 2301 ἔμπεδα
871 2231 1044 2287 ταῦτα
1069 2235 1447 2306 χαριζομένοιο
1475 2239 1698 2310 Τοκῆος.

341 2320 418 2373 24
445 2321 628 2392 Μέχρι
656 2321 714 2376 δὲ
743 2321 839 2376 νῦν
871 2322 1023 2377 οὔπω
1048 2326 1316 2396 βιοτήσιον
1343 2329 1500 2398 ἔργον
1535 2331 1760 2385 ἀνύσσαι

343 2413 629 2484 Πατρόθεν
656 2415 933 2486 ᾐτήσασθε
967 2416 1118 2485 φίλον
1148 2418 1315 2490 γέρας
1337 2437 1350 2450 ·
1384 2421 1520 2474 ἀλλά
1548 2423 1796 2478 τελέσσαι

347 2505 514 2577 Ἄρτι
543 2505 705 2560 πάλιν
727 2507 996 2574 λίσσεσθε,
1036 2511 1128 2562 καὶ
1166 2510 1340 2580 ὑμέας
1367 2513 1584 2567 ὁππόσα
1622 2515 1821 2585 θέλγει,

345 2597 534 2652 Πάντα
567 2599 696 2668 παρ’
721 2600 1071 2671 ὑψιμέδοντος
1104 2601 1240 2672 ἐμοῦ
1273 2603 1489 2668 δέξεσθε
1519 2607 1746 2678 Τοκῆος,

345 2687 755 2760 [Χάρμαὸπως
783 2690 954 2758 γλυκὺ
988 2691 1249 2762 ὑμέτερον
1281 2693 1662 2765 τετελεσμένον
1687 2699 1821 2770 εἰη]

341 2779 417 2833 25
438 2779 554 2832 Νῦν
590 2780 822 2844 σκολιοῖς
844 2782 1064 2835 ἐπέεσσι
1091 2783 1445 2855 παραϐλήδην
1499 2787 1746 2858 ἀγορεύω
1770 2806 1783 2821 ο

344 2871 491 2940 Ἤδη
519 2870 563 2923 δ’
596 2871 974 2942 ἀγχιτὲλεστος
999 2873 1278 2927 ἐλεύσεται
1309 2874 1490 2939 ἔνθεος
1514 2876 1632 2949 ,ὥρη
1655 2919 1668 2941 ,

354 2961 661 3034 Ἀμφαδίην
688 2963 776 3015 ὅτε
809 2964 984 3016 πάντα
1023 2964 1158 3018 Θεοῦ
1189 2966 1341 3037 παρὰ
1371 2969 1582 3038 Πατρὸς
1615 2972 1852 3038 ἀκούσας
1953 3003 1994 3059 C

343 3052 562 3122 Ἱξομαι
593 3052 870 3120 ἀγγέλλων
896 3053 1226 3126 ἐτερότροπα
1257 3055 1477 3110 λευκάδι
1507 3064 1657 3131 φωνῇ

339 3142 546 3197 Ιιύθων
573 3142 708 3214 ὸρθά
734 3143 986 3210 κέλευθα,
1013 3147 1108 3198 καὶ
1137 3147 1320 3199 οὐκέτι
1340 3147 1562 3219 δόχμιον
1581 3152 1782 3224 ὀμφήν.

335 3237 412 3290 26
443 3237 553 3290 Καὶ
575 3236 706 3294 Θεὸν
736 3239 994 3310 αἰτήσητε
1028 3239 1342 3294 πολύλλιτον
1366 3244 1535 3313 ἤματι
1562 3247 1724 3318 κείνῳ

335 3327 622 3398 Εὑχωλαῖς
651 3327 845 3382 όσίοισι
870 3349 883 3361 ·
917 3331 1011 3382 καὶ
1044 3331 1228 3384 οὐκέτι
1269 3333 1456 3387 τοῦτον
1488 3336 1654 3406 ἐνίψω

349 3420 442 3481 Ὠς
468 3419 641 3490 πάρος
669 3418 856 3490 ἠθάδας
877 3419 1044 3491 μῦθον
1063 3437 1076 3450 ·
1115 3423 1245 3492 ἐμὸν
1269 3421 1476 3487 ζώοντα
1508 3427 1692 3499 Τοκῆα

338 3511 568 3563 Εἰνεκεν
594 3511 797 3581 ὑμείων
829 3511 1138 3583 μειλίξομαι
1165 3532 1178 3544 ο
1201 3515 1269 3568 27
1309 3517 1612 3587 Ὑψιμὲδων
1634 3520 1742 3591 γάρ

351 3603 670 3656 ’Δντίτυπον
705 3604 867 3657 πόθον
901 3605 1061 3673 ἁγνὸν
1100 3607 1253 3676 ἐμοῖς
1292 3609 1558 3681 φίλτροισι
1597 3613 1886 3680 φυλάσσων

339 3695 506 3766 176
531 3695 737 3766 Ὑμὲας
769 3697 1190 3760 αὐτοκέλευστος
1217 3697 1347 3769 ἐμὸς
1370 3701 1598 3771 Γενέτης
1624 3705 1916 3772 ἀγαπάζει·

336 3786 498 3838 Ὄττι
521 3783 656 3843 Θεοῦ
682 3785 854 3854 Λόγον
878 3783 983 3838 Υία
1022 3787 1169 3858 σοφῷ
1193 3788 1288 3841 καὶ
1315 3789 1576 3860 ὁμόφρονι
1599 3793 1783 3865 δεσμῷ

332 3878 608 3931 θέσκελον
635 3880 713 3941 είς
745 3877 845 3949 ἐμὲ
875 3879 1096 3951 φίλτρον
1129 3879 1503 3937 ἐπιστώσασθε
1530 3887 1625 3938 καὶ
1657 3888 1813 3958 ὑμεῖς

336 3972 568 4026 ἾΙθεσιν
600 3973 957 4026 ἀπλανέεσσιν
981 3988 994 4001 ·
1023 3973 1442 4044 ἑπεφράσσασθε
1475 3975 1532 4027 δὲ
1570 3975 1726 4047 μύθῳ

338 4065 497 4116 Ὄττι
522 4063 817 4134 φερεζώοιο
847 4063 981 4116 Θεοῦ
1012 4064 1164 4135 παρά
1192 4067 1404 4137 Πατρὸς
1442 4069 1629 4122 ίκάνω.

331 4157 406 4210 23
433 4151 634 4208 ’Πλθον
659 4155 769 4223 ἐγὼ
802 4153 953 4224 παρά
982 4155 1224 4226 Πατρὸς,
1249 4157 1568 4230 ἐφωμίλησα
1606 4160 1662 4214 δέ
1689 4165 1878 4236 κόσμῳ
1898 4183 1910 4196 ·

335 4249 441 4307 Καὶ
470 4246 630 4300 πάλιν
658 4247 976 4324 ἀμπλακίης
1005 4247 1286 4318 ἐγκύμονα
1316 4250 1519 4321 κόσμον
1550 4253 1695 4311 ἐάσω
1719 4271 1732 4285 ·

2039 1982 2274 2050 amplius
2330 1983 2513 2053 priore
2558 2000 2646 2042 me
2691 1988 2938 2058 sapiente
2988 1992 3392 2066 interrogabitis
3432 1999 3616 2052 verbo.

2037 2075 2388 2150 Quaecunque
2420 2082 2564 2137 enim
2590 2085 2861 2153 petieritis
2885 2086 3052 2144 Deum
3076 2091 3366 2148 invocaute
3384 2093 3620 2163 quadam

2037 2190 2188 2240 voce,
2229 2177 2401 2232 Erunt
2444 2181 2598 2235 ﬁrma
2635 2184 2818 2238 omnia
2848 2201 2880 2240 a
2907 2185 3165 2244 benevolo
3198 2190 3374 2247 Patre.
3408 2192 3479 2246 τι
3500 2189 3617 2246 Huc

2037 2288 2208 2342 usque
2245 2275 2486 2330 nondum
2524 2278 2685 2334 vitale
2713 2295 2852 2350 opus
2887 2285 3145 2352 perlicere
3170 2288 3215 2340 Α
3249 2288 3408 2343 Patre
3433 2296 3619 2357 postu-

2036 2369 2190 2425 lastis
2219 2372 2444 2426 cliarum
2465 2389 2694 2441 munus;
2727 2377 2822 2431 sed
2841 2379 3100 2447 perlicere
3125 2381 3282 2437 Modo
3311 2400 3501 2440 rursus
3527 2400 3619 2455 pe-

2036 2463 2151 2524 tite,
2181 2468 2234 2516 et
2275 2477 2373 2517 vos
2420 2479 2760 2536 quaecunque
2812 2469 3102 2536 delectant,
3131 2472 3326 2528 Omnia
3360 2475 3428 2529 ab
3458 2476 3618 2531 celsi-

2033 2573 2159 2628 rege
2184 2573 2304 2614 meo
2324 2560 2603 2630 accipietis
2645 2561 2824 2629 Patre,
2861 2564 3132 2622 Gaudium
3187 2581 3245 2624 ut
3302 2585 3470 2626 suave
3517 2587 3610 2627 ve-

1997 2663 2207 2726 _strum
2245 2655 2544 2726 perfectum
2581 2660 2670 2715 sit.
2713 2660 2785 2715 25
2832 2661 2988 2718 Nunc
3034 2667 3219 2720 curvis
3281 2669 3463 2723 verbis
3513 2684 3609 2738 per

2045 2751 2360 2821 parabolam
2392 2753 2620 2824 loquor;
2653 2753 2771 2808 Jam
2801 2771 2928 2810 vero
2960 2773 3056 2827 pro
3066 2775 3131 2829 pe
3167 2762 3409 2831 perfecta
3439 2766 3615 2821 veniet

2029 2848 2213 2902 divina
2247 2849 2402 2914 hora,
2434 2853 2634 2920 Aperte
2667 2852 2894 2920 quando
2923 2855 3104 2908 omnia
3133 2872 3163 2910 a
3192 2857 3302 2912 Deo
3325 2857 3482 2914 Patre
3511 2875 3611 2914 au-

2030 2943 2188 2999 diens
2213 2943 2489 3002 Venturus
2524 2961 2646 3001 sum
2680 2949 3013 3004 annuntians
3042 2953 3195 3006 varia
3249 2963 3436 3024 aperta
3480 2971 3613 3011 voce

2033 3040 2359 3096 Sermonum
2395 3051 2574 3098 rectas
2619 3043 2756 3109 vias,
2790 3054 2842 3100 et
2893 3061 3001 3102 non
3052 3049 3287 3119 amplius
3334 3053 3612 3122 obliquam

2033 3152 2242 3193 vocem.
2273 3138 2344 3192 26
2389 3137 2456 3194 Ει
2488 3140 2655 3195 Deum
2689 3142 2916 3198 orabitis
2946 3145 3135 3201 multis
3166 3148 3424 3216 precibus
3449 3150 3603 3204 invo-

2028 3234 2280 3289 candum‘
2305 3235 2394 3290 die
2422 3235 2514 3290 illo
2550 3235 2966 3296 Precationibus
3003 3244 3230 3308 sanctis,
3267 3251 3324 3298 et
3356 3259 3465 3298 non
3492 3259 3607 3298 am—

2041 3331 2185 3399 plius
2220 3331 2367 3386 hunc
2394 3332 2572 3387 dicam
2604 3331 2674 3388 Ut
2703 3345 2863 3391 antea
2894 3348 3217 3393 consuetum
3261 3355 3606 3405 sermonem;

2026 3445 2203 3485 meum
2237 3432 2508 3489 viventem
2542 3432 2758 3489 Patrem
2788 3435 3017 3508 Propter
3044 3453 3140 3493 vos
3160 3439 3502 3497 demulcebo.
3525 3441 3597 3494 27

2026 3534 2332 3607 Altiregens
2394 3537 2542 3592 enim
2577 3538 2909 3610 Expressum
2961 3541 3294 3596 desiderium
3351 3555 3599 3600 sanctum

2028 3641 2136 3696 mei
2175 3642 2378 3698 amoris
2411 3643 2730 3700 custodiens
2769 3645 2926 3715 177
2965 3643 3074 3704 Vos
3101 3655 3294 3715 sponte
3324 3663 3478 3712 meus
3506 3648 3608 3703 Pa-

2021 3755 2104 3803 ter
2126 3747 2333 3819 diligit:
2360 3748 2496 3815 Quia
2529 3749 2619 3804 Dei
2650 3749 2886 3806 Verbum
2909 3751 3108 3807 Filium
3137 3753 3370 3823 sapienti
3402 3762 3458 3810 et
3477 3768 3607 3812 con-

2023 3853 2176 3908 cordi
2205 3853 2425 3909 vineulo
2455 3853 2708 3909 Divinum
2745 3855 2801 3910 in
2839 3872 2926 3912 me
2963 3872 3207 3914 amorem
3229 3859 3604 3930 conjunxistis

2017 3966 2070 4010 et
2104 3971 2202 4014 vos
2225 3955 2470 4014 Moribus
2499 3973 2608 4013 non
2640 3959 2992 4028 errantibus;
3022 3969 3077 4016 et
3119 3963 3456 4034 cognovistis
3489 3980 3605 4022 ser-

2017 4079 2179 4120 mone
2206 4064 2365 4132 Quod
2404 4063 2571 4119 vitam
2603 4062 2809 4120 ferente
2851 4079 2882 4119 a
2919 4065 3029 4122 Deo
3071 4066 3232 4123 Patre
3280 4070 3460 4126 venio.
3519 4073 3594 4126 28

2021 4164 2152 4222 Veni
2187 4182 2288 4238 ego
2323 4183 2352 4222 a
2385 4167 2564 4234 Patre,
2602 4177 2656 4224 et
2700 4175 3059 4224 conversatus
3097 4183 3219 4224 sum
3254 4169 3310 4224 in
3344 4171 3549 4228 mundo
3581 4192 3598 4240 ς

2015 4257 2080 4311 Ει
2113 4273 2306 4314 rursus
2339 4269 2562 4330 peccato
2618 4257 2879 4314 refertum
2915 4257 3177 4314 mundum
3223 4259 3502 4333 relinquo;
3534 4262 3601 4320 Et

1533 4401 1817 4464 TEXTUS
1861 4410 2394 4470 EVANGELISTE.

404 4515 473 4570 20
512 4513 682 4584 ’Δμὴν
706 4509 1023 4605 ἀμὴνᾳλέγω
1062 4512 1217 4582 ὑμῖν,
1247 4512 1328 4605 ὅτι
1364 4513 1627 4605 κλαύσετε
1662 4521 1915 4605 καίθρη-
1947 4530 1991 4588 ι)
2022 4543 2151 4596 μου*
2184 4529 2405 4593 αἰτεῖτε,
2455 4529 2549 4582 καὶ
2573 4527 2809 4598 λήψεσθε
2830 4567 2844 4593 ,
2895 4529 2979 4582 ῖνα
3013 4530 3047 4599 ή
3077 4531 3221 4602 χαρά
3257 4530 3470 4605 ὑμῶνῇ
3502 4553 3598 4590 πε-

333 4598 524 4667 νήσετε
556 4596 747 4664 ὑμεῖς,
781 4598 810 4647 δ
849 4593 904 4646 δὲ
937 4594 1140 4663 κόσμος
1167 4596 1497 4664 χαρήσεται·
1532 4599 1688 4669 ὑμεῖς
1734 4603 1790 4656 δὲ
1820 4593 1910 4657 λυ-

333 4677 682 4749 πηθήσεσθε,
717 4675 831 4730 ἀλλ’
858 4677 891 4746 ή
933 4675 1078 4746 λύπη
1106 4677 1259 4746 ὑμῶν
1287 4678 1366 4742 εἰς
1397 4679 1570 4750 χαράν
1601 4685 1908 4754 γενήσεται.

399 4762 466 4814 21
507 4761 573 4813 Ἦ
601 4760 740 4832 γυνὴ
765 4759 894 4812 ὅταν
941 4760 1134 4831 τίκτῃ,
1182 4758 1359 4830 λύπην
1401 4761 1512 4830 ἔχει
1533 4800 1548 4824 ,
1579 4763 1660 4816 ὅτι
1687 4761 1848 4836 ἦλθεν
1876 4772 1908 4839 ἠ

327 4845 450 4918 ὥρα
497 4845 708 4916 αὑτῆςο
739 4847 867 4901 ὅταν
915 4843 971 4896 δέ
1025 4844 1256 4913 γεννήσῃ
1309 4842 1370 4895 τὺ
1419 4845 1664 4911 παιδίον,
1698 4849 1797 4901 οὑκ
1831 4852 1910 4904 ἔτι

332 4927 666 4998 μνημονεύει
709 4929 810 5000 τῆς
849 4926 1080 4995 θλίψεως
1104 4965 1118 4989 ,
1153 4924 1241 4978 διὰ
1272 4926 1371 4994 τὴν
1399 4927 1573 4999 χαρὰν
1600 4971 1613 4995 ,
1648 4930 1728 4983 ὅτι
1758 4934 1909 5001 ἐγεν-

324 5012 466 5082 νήθη
499 5010 785 5083 ἄνθρωπος
811 5012 893 5074 είς
931 5009 1024 5064 τὸν
1057 5009 1280 5078 κόσμον.

2020 4610 2374 4680 πληρωμένηο

2085 4692 2156 4745 25
2189 4691 2372 4744 Ταῦτα
2409 4693 2464 4744 ἐν
2499 4693 2816 4763 παροιμίαις
2851 4693 3120 4765 λελάληκα
3155 4697 3314 4764 ὑμῖν·
3359 4698 3474 4752 ἀλλ’
3502 4699 3594 4771 έρ-

2015 4792 2170 4845 χεται
2221 4774 2339 4845 ὥρα
2366 4777 2454 4828 ὅτε
2488 4776 2587 4828 οὑκ
2620 4775 2698 4828 ἔτι
2731 4779 2789 4828 ἐν
2820 4777 3140 4848 παροιμίαις
3185 4777 3404 4849 λαλήσω
3441 4782 3590 4853 ὑμῖν,

2014 4857 2148 4911 ἀλλὰ
2186 4857 2469 4928 παρρησίᾳ
2499 4859 2626 4928 περὶ
2652 4859 2744 4912 τοῦ
2773 4860 2988 4931 Πατρὸς
3013 4861 3293 4930 ἀναγγελῶ
3324 4865 3471 4934 ὑμῖν.

2081 4941 2151 4998 26
2202 4941 2288 4993 Ἐν
2317 4941 2502 5012 ἐκείνῃ
2530 4943 2596 5012 τῇ
2629 4943 2810 5013 ἡμέρᾳ
2843 4945 2900 4996 ἐν
2930 4943 3009 5014 τῷ
3047 4944 3268 5016 ὀνόματί
3299 4964 3401 5016 μου
3433 4951 3587 5022 αἰτή-

2012 5025 2168 5077 σεσθε
2197 5043 2209 5054 ·
2239 5026 2333 5078 καὶ
2362 5025 2421 5076 ού
2456 5024 2599 5092 λέγω
2636 5026 2761 5095 ὑμῖν
2791 5026 2873 5079 ὃτι
2897 5025 3008 5095 ἐγὼ
3049 5028 3312 5100 ἐρωτήσω
3345 5029 3436 5084 τὸν
3473 5033 3586 5086 Πα-

396 5093 470 5148 22
513 5094 622 5147 Καὶ
656 5093 815 5164 ὑμεῖς
843 5089 936 5147 οὑν
970 5092 1149 5162 λύπην
1200 5091 1298 5179 μὲν
1325 5088 1418 5179 νιῖν
1444 5091 1595 5179 ἔχετε
1617 5109 1629 5122 ·
1650 5095 1824 5179 ,πάλιν
1851 5096 1908 5150 δὲ
2007 5107 2141 5179 τέρα
2170 5107 2299 5179 περὶ
2326 5107 2508 5177 ὑμῶν·

324 5174 529 5245 ὕψομαι
577 5176 752 5246 ὑμᾶς,
787 5176 884 5231 καὶ
929 5177 1228 5246 χαρήσεται
1263 5174 1418 5246 ὑμῶν
1468 5177 1501 5246 ή
1535 5177 1730 5249 καρδία
1756 5219 1772 5244 ,
1815 5180 1910 5233 καὶ

323 5257 425 5328 τὴν
447 5257 623 5328 χαρὰν
644 5258 798 5328 ὑμῶν
822 5257 997 5321 οὐδεὶς
1024 5257 1169 5328 αῐρει
1199 5257 1290 5326 ἀφ’
1324 5257 1498 5327 ὑμῶν.
1904 5320 1908 5324 _

398 5340 469 5394 23
493 5342 605 5394 Kal.
625 5341 684 5395 ἐν
715 5341 898 5412 ἐκείνῃ
931 5342 997 5410 τῇ
1020 5339 1205 5410 ἡμέρᾳ
1233 5340 1330 5409 ἐμὲ
1358 5342 1458 5394 οὑκ
1490 5343 1792 5413 ἐρωτήσετε
1816 5344 1908 5396 οὑ-

326 5417 439 5475 δέν.
477 5423 648 5494 ’Δμὴν
691 5423 838 5495 ἀμὴν
883 5423 1027 5491 λέγω
1061 5423 1222 5493 ὑμῖν,
1257 5424 1340 5476 ὄτι
1382 5425 1482 5478 ὅσα
1533 5425 1598 5478 ἂν
1639 5427 1898 5499 αἰτήσητε

317 5501 416 5558 τὸν
446 5506 665 5577 Πατέρα
686 5508 742 5559 ἐν
774 5506 851 5576 τῷ
876 5506 1102 5577 ὀνόματί
1142 5523 1242 5576 μου
1269 5545 1282 5569 ,
1311 5506 1469 5559 δώσει
1500 5507 1646 5577 ὑμῖν.

394 5585 466 5656 2.}
493 5588 638 5650 Ἕως
682 5590 805 5660 ἄρτι
851 5589 951 5643 οὑκ
999 5590 1238 5661 ᾐτήσατε
1281 5589 1432 5644 οὑδέν
1470 5593 1526 5643 ἐν
1564 5589 1640 5668 τῷ
1672 5590 1896 5660 ὀνόματί

2078 5190 2150 5242 27
2176 5189 2346 5252 Αὐτὸς
2369 5189 2477 5258 γὰρ
2501 5191 2530 5242 ὁ
2563 5190 2750 5260 Πατὴρ
2783 5190 2926 5259 φιλεῖ
2954 5191 3098 5260 ὑμᾶς
3121 5229 3136 5256 ,
3171 5191 3251 5245 ὅτι
3279 5194 3437 5264 ὑμεῖς
3472 5199 3574 5267 ἐμὲ

2012 5271 2370 5341 πεφιλήκατε,
2385 5271 2479 5324 καὶ
2500 5273 2900 5325 πεπιστεύκατε
2920 5273 3003 5326 ὅτι
3029 5271 3138 5341 ἐγὼ
3165 5274 3314 5345 παρά
3342 5277 3435 5330 τοῦ
3448 5277 3584 5335 Θεοῦ

2010 5353 2440 5504 ὲξτὲέθῖἒξῆλθον
2474 5435 2622 5505 παρὰ
2667 5436 2760 5489 τοῦ
2791 5437 3036 5508 Πατρὺς,
3086 5439 3178 5492 καὶ
3231 5441 3464 5512 ἐλήλυθα
3501 5445 3579 5512 είς

2010 5520 2099 5572 τὸν
2133 5517 2336 5588 κόσμον
2356 5532 2370 5547 ·
2413 5515 2573 5569 πάλιν
2603 5519 2805 5591 ἀφίημι
2849 5519 2940 5575 τὸν
2973 5521 3203 5595 κόσμον,
3227 5525 3324 5579 καὶ
3358 5525 3579 5597 nepetit):

2012 5620 2109 5674 μαι
2133 5603 2268 5674 πρὸς
2292 5601 2381 5656 τὸν
2406 5600 2639 5672 Πατέρα.
