3956 6202
327 294 431 351 883

1595 293 1779 352 NONN
1785 295 1802 351 ι
1840 296 2338 354 PANOPOLITAN!

3488 297 3596 356 884

325 408 472 466 celer
504 406 719 462 veniam
753 421 946 463 rursus
977 405 1045 461 ad
1093 419 1273 462 meum
1323 404 1626 462 mittentem
1661 407 1900 464 Patrem.

2038 412 2115 464 Lat
2142 412 2310 482 ταχὺς
2333 410 2519 480 ἵξομαι
2549 403 2702 473 αὖθις
2733 407 2850 479 ἐμῷ
2880 407 3158 479 πέμψαντι
3184 408 3374 479 Toxil

327 503 396 558 29
428 503 491 556 Et
515 501 563 555 ei
594 499 778 555 omnia
809 499 985 554 edocti
1004 495 1406 566 responderunt
1430 497 1706 568 discipuli:
1741 501 1911 569 Aper-

337 607 391 652 te
421 609 568 648 nunc
597 592 862 662 loqueris,
896 605 1003 644 non
1050 589 1295 659 loqueris
1326 591 1588 661 mysteria
1618 591 1908 647 verborum

331 686 509 742 Curva
543 693 879 755 pervertens,
931 683 1107 738 aliena
1143 682 1438 750 indigentia
1472 697 1622 737 voce.
1659 683 1728 737 ΞΟ
1756 681 1910 737 Nunc

330 793 483 841 sane,
514 791 660 830 nunc
694 775 904 829 scimus
935 773 1080 843 quod
1108 773 1345 828 humana
1372 787 1504 828 voce
1531 772 1648 828 Non
1677 774 1909 844 indiges,

333 877 389 922 ut
425 867 548 936 quis
605 873 655 918 te
719 864 1058 935 praeveniens
1115 873 1290 934 roget.
1325 862 1554 934 Propter
1585 863 1733 934 quod
1761 872 1911 918 certo

329 957 714 1030 cognoscimus
748 955 894 1027 quod
928 963 985 1009 tu
1016 955 1220 1010 mundo
1253 955 1512 1010 Christus
1540 955 1780 1010 (scelestis
1815 954 1909 1009 Dei

327 1051 498 1106 Filius
555 1049 672 1119 ipse
703 1048 874 1104 venis.
929 1048 991 1103 5i
1033 1045 1195 1103 Jesus
1229 1053 1409 1102 autem
1439 1047 1742 1117 respondit,
1775 1061 1912 1118 pra:-

327 1142 587 1198 nuntians
621 1139 779 1194 linem
807 1153 1033 1208 operum
1063 1157 1074 1193 :
1105 1137 1222 1192 Jam
1256 1140 1507 1194 conversi
1537 1153 1658 1194 meo
1687 1139 1910 1195 creditis

328 1230 712 1291 sermoni?5‘2
765 1228 935 1299 Prope
974 1243 1101 1283 vero
1156 1236 1241 1284 est
1275 1237 1488 1298 tempus
1539 1229 1641 1284 hoc
1691 1229 1910 1298 quando

326 1319 702 1393 dispergimiui
763 1317 1028 1390 fugientes
1060 1318 1140 1371 Ad
1173 1333 1326 1372 suam
1379 1317 1602 1372 domum
1659 1319 1907 1388 quilibet,

328 1412 628 1470 abscedens
656 1411 795 1466 alius
835 1410 902 1464 ab
947 1410 1078 1475 alio,
1139 1408 1326 1464 Solum
1375 1426 1462 1465 me
1504 1411 1907 1480 relinquentes;

328 1522 430 1577 ego
477 1512 656 1560 autem
705 1504 924 1574 quando
959 1503 1192 1572 populus
1225 1503 1375 1557 venit
1407 1501 1651 1570 Hostilis,
1681 1519 1787 1557 non
1817 1520 1908 1559 so-

326 1599 412 1654 lus
444 1613 586 1660 sum,
615 1595 828 1651 etiamsi
863 1593 1078 1666 fugiant
1112 1595 1398 1666 discipuli;
1422 1597 1527 1650 Sed
1554 1612 1774 1651 manere
1798 1613 1910 1650 me-

327 1704 451 1744 cum
468 1687 628 1743 Pater
648 1703 800 1742 meus
829 1701 1107 1756 nunquam
1127 1685 1347 1742 desinit.
1370 1687 1439 1741 55
1457 1685 1561 1742 Sed
1588 1687 1701 1742 lucc
1730 1687 1907 1740 omnia

2015 501 2085 553 29
2110 501 2218 553 Kal
2250 503 2299 553 οί
2333 501 2505 554 πάντα
2529 500 2788 571 μαθόντες
2808 499 3212 569 ἐπεφθέγξαντο
3245 497 3503 570 μαθηταί.

2031 593 2278 662 Ἀμφαδὰ
2304 593 2399 646 νῦν
2425 593 2635 656 λαλέεις
2655 634 2669 658 ,
2705 593 2766 645 ού
2795 591 3057 661 φθέγγεαι
3090 591 3251 662 ὄργια
3282 591 3468 661 μύθων

2016 681 2159 745 Λοξά
2187 683 2605 754 παρατροπέων,
2637 681 2830 753 ἑτέρης
2853 681 3101 734 ἐπιδευέα
3132 679 3332 751 φωνῆς.

2017 773 2088 828 50
2110 772 2224 826 Νῦν
2254 775 2362 844 ἄρα
2387 772 2483 827 νῦν
2513 774 2747 846 ἐδάημεν
2779 774 2861 826 ὅτι
2892 773 3118 844 βροτέης
3149 773 3257 828 ἀπὺ
3282 771 3465 842 φωνῆς

2019 865 2091 916 Οὐ
2123 864 2335 933 χατέεις
2366 866 2454 918 ἵνα
2480 865 2565 929 τίς
2597 881 2658 918 σε
2685 863 3084 937 παραφθάσσας
3114 863 3324 937 ἐρεείνῃ
3345 883 3360 896 ⁸

2019 947 2096 1007 Οὗ
2120 953 2277 1024 χάριν
2310 953 2595 1023 ἀσφαλέως
2629 953 2968 1024 γινώσκομεν
3003 955 3117 1006 ὅττι
3145 955 3210 1007 σὺ
3237 954 3428 1024 κόσμῳ

2018 1044 2252 1116 Χριστὸς
2281 1046 2624 1118 ἐπουρανίοιο
2651 1045 2785 1100 Θεοῦ
2812 1046 2970 1115 γόνος
2996 1047 3157 1109 αὐτὸς
3189 1046 3414 1108 ἱκάνεις.

2017 1140 2078 1193 3|
2123 1139 2328 1210 Ἰησοῦς
2359 1140 2404 1192 δ’
2437 1141 2774 1212 ἀπάμειπτο,
2804 1139 3189 1212 προθεσπίζων
3216 1141 3367 1203 τέλος
3395 1138 3604 1210 ἔργων’

2019 1231 2185 1302 ’Λρτι
2213 1230 2710 1301 μεταστρεφθέντες
2740 1231 2860 1301 ἐμῷ
2893 1233 3177 1284 πιστεύετε
3208 1229 3391 1300 μύθῳς

2018 1323 2088 1376 32
2122 1321 2342 1391 Ἑγγύθι
2363 1322 2420 1376 δὲ
2449 1323 2640 1393 χρόνος
2673 1316 2826 1386 οὗτος
2857 1323 2946 1376 ὅτε
2995 1322 3273 1385 σκίδνασθε
3298 1323 3570 1392 φυγόντες

2021 1413 2118 1475 Ei;
2151 1413 2238 1464 ἐὸν
2267 1410 2412 1465 οἷκον
2453 1413 2715 1476 ἔκαστος,
2751 1414 3052 1477 ἁπόσσυτος
3097 1414 3251 1478 ἄλλος
3286 1417 3381 1466 ἀπ’
3414 1413 3610 1482 ἄλλον,

2021 1496 2228 1550 Μοῦνον
2261 1497 2361 1568 ἐμὲ
2389 1498 2742 1569 προλιπόντες
2762 1518 2776 1533 ο
2813 1499 2926 1568 ἐγὼ
2949 1500 2996 1554 δ’
3018 1503 3105 1554 ὅτε
3130 1500 3257 1565 λαὸς
3291 1502 3466 1555 ἱκάνει

2018 1588 2176 1657 Δήῖος
2198 1630 2213 1653 ,
2244 1589 2306 1641 ού
2341 1589 2502 1660 μόνος
2527 1590 2663 1659 εἰμὶ,
2690 1591 2782 1644 καὶ
2811 1592 2857 1642 εί
2891 1592 3151 1659 φεύγουσι
3181 1591 3415 1663 μαθηταί
3438 1608 3452 1622 ·

2029 1681 2187 1734 Ἀλλά
2213 1682 2390 1751 μένων
2418 1682 2533 1751 μετ’
2558 1682 2711 1751 ἐμεῖο
2734 1681 2924 1752 Πατὴρ
2949 1682 3078 1752 ἐμὸς
3117 1681 3312 1735 οὔποτε
3348 1680 3530 1755 λήγει.

326 1781 492 1839 retuli
515 1787 573 1833 ut
611 1794 827 1849 semper
867 1777 1063 1833 Pacem
1094 1779 1478 1833 inconcussam
1514 1780 1644 1832 mihi
1687 1779 1907 1834 festine-

2038 1774 2085 1827 E'5
2132 1773 2290 1826 Ἀλλὰ
2319 1772 2444 1826 τάδε
2478 1771 2766 1842 ξύμπαντα
2790 1772 2986 1842 διήῐον,
3018 1773 3164 1844 ὄφρα
3189 1789 3284 1826 κεν
3311 1774 3418 1825 αἰεὶ

330 1873 401 1929 tis
432 1885 650 1927 servare
682 1869 737 1923 In
781 1877 998 1940 tempus
1032 1885 1139 1924 non
1168 1869 1463 1936 desinens;
1500 1885 1698 1926 sonoro
1727 1877 1902 1927 autem

328 1965 382 2018 in
437 1960 640 2015 mundo
661 1958 859 2014 Alliicti
899 1959 1231 2028 torquemini
1287 1961 1475 2024 curis;
1513 1959 1608 2015 sed
1643 1960 1906 2030 patientes

327 2054 616 2118 Conﬂdite,
678 2052 990 2108 hominibus
1042 2052 1168 2120 quia
1227 2051 1432 2122 majora
1492 2052 1717 2118 iaciam;
1756 2051 1904 2106 Mun-

328 2150 458 2202 dum
487 2163 587 2220 ego
616 2149 741 2204 vici.

493 2283 550 2372 /
915 2323 1142 2380 CAPUT
1183 2322 1345 2377 xvu.

404 2417 430 2468 1
487 2415 554 2469 Et
600 2413 786 2468 statim
822 2413 936 2466 haec
969 2413 1212 2474 locutus,
1245 2412 1300 2464 lu
1338 2413 1538 2466 omium
1582 2414 1771 2466 oculos
1823 2412 1906 2463 ιη-

333 2506 493 2566 rexit,
533 2512 588 2560 et
630 2503 696 2556 ad
748 2516 915 2557 suum
947 2501 1132 2556 sonuit
1186 2501 1402 2556 Patrem
1423 2521 1438 2553 ·.
1476 2503 1672 2556 Filium
1719 2517 1909 2555 rursus

330 2591 578 2662 gloriﬁca
607 2601 782 2655 tuum,
822 2589 1005 2655 Pater,
1041 2598 1098 2643 ut
1126 2591 1356 2646 honoret
1386 2590 1678 2648 C(Blestem
1711 2603 1765 2646 te
1793 2592 1893 2646 Pa-

334 2665 476 2735 trem
509 2688 634 2734 tuus
661 2678 887 2742 Filius’,
907 2678 1070 2732 sicuti
1088 2679 1285 2734 dedisti
1311 2679 1358 2733 ei
1376 2679 1571 2732 Carnis
1593 2679 1772 2734 omnis
1802 2678 1899 2732 hu-

333 2783 505 2821 manm
524 2768 826 2824 retinacula
850 2764 1280 2820 moderari.Volo
1301 2765 1521 2821 insimul
1539 2779 1728 2821 omnes
1739 2781 1897 2835 quos-

334 2867 554 2920 cunque
595 2859 752 2905 antea
793 2850 1068 2920 praebuisti
1097 2851 1232 2918 ipse,
1263 2847 1443 2904 Vitam
1470 2849 1707 2905 divinam
1737 2861 1896 2906 aeter-

336 2949 462 2988 nam
499 2934 804 3004 complecti,
832 2934 993 3004 178
1031 2936 1064 2988 5
1086 2935 1238 2999 (Qua:
1259 2936 1364 3004 est)
1392 2944 1450 2988 ut
1480 2945 1534 2990 te
1564 2947 1896 3007 cognoscant

333 3025 501 3078 Deum
519 3025 693 3079 solum
713 3010 1324 3092 spem-mundi,Ettuum
1338 3039 1495 3094 quem
1513 3026 1820 3094 praemisisti
1844 3026 1896 3080 in

2016 1865 2252 1936 Εἰρήνην
2279 1863 2565 1918 ἀτίνακτον
2591 1863 2714 1934 ἐμοὶ
2739 1861 3014 1933 σπεύσητε
3042 1864 3332 1932 φυλάσσειν

2019 1954 2112 2019 Εἰς
2145 1954 2334 2027 χρόνον
2367 1954 2426 2006 ού
2458 1952 2712 2024 λήγοντα.
2751 1952 3135 2024 Πολυφλοίσδῳ
3158 1953 3203 2007 δ’
3236 1954 3317 2009 ἐνὶ
3337 1955 3543 2025 κόσμῳ,

2011 2046 2328 2116 Θλιϐόμενοι
2363 2044 2634 2116 τρύχεσθε
2669 2043 2986 2115 μεληδόσιν·
3020 2045 3157 2099 ἀλλὰ
3187 2046 3455 2115 καμόντες

2011 2135 2313 2208 Θαρσαλέοι
2335 2136 2570 2204 γίνεσθε,
2609 2135 2814 2207 βροτῶν
2838 2136 2918 2190 ὅτι
2951 2136 3173 2208 μείζονα
3203 2135 3343 2208 ρέξω
3369 2153 3383 2166 °

2013 2229 2229 2298 Κόσμον
2265 2229 2374 2296 ἐγὼ
2406 2227 2621 2298 νίκησα.

2647 2319 2802 2372 ΚΕΦ,
2864 2319 2962 2378 ΙΖ’.

2666 2409 2820 2462 (Kal
2853 2409 3053 2463 αὐτίκα
3082 2409 3239 2462 τοῦτο
3271 2409 3513 2482 βϋήσαςι

2012 2500 2105 2560 Εἰς
2130 2497 2288 2550 πόλον
2311 2499 2465 2568 δμμα
2494 2499 2747 2562 τίταινεν,
2777 2498 2851 2569 ἐῷ
2878 2499 2924 2552 δ’
2958 2499 3153 2570 ἰάχησε
3183 2500 3381 2570 Τοκῆἶ*

2011 2583 2118 2641 Υἷα
2150 2587 2312 2641 πάλιν
2344 2588 2560 2642 κύδαινε
2583 2589 2720 2654 τεὸν,
2747 2590 2928 2661 Πάτερ
2968 2589 3134 2662 [ὄφρα
3158 2592 3390 2662 γεραίρῃ

2010 2677 2274 2748 υύράνιόν
2301 2691 2357 2730 σε
2383 2675 2564 2749 Τοκῆα
2591 2677 2709 2731 τεόν
2737 2677 2946 2750 τέκος],
2979 2680 3014 2732 2
3065 2681 3141 2744 ὡς
3186 2681 3351 2750 πόρες
3383 2682 3542 2751 αὐτῷ

2014 2767 2222 2839 Σαρκὸς
2241 2768 2370 2840 ὅλης
2402 2767 2627 2838 βροτέης
2667 2770 3006 2840 πρυμνήσιον
3029 2770 3349 2841 ἡνιοχεύειν.

2013 2859 2286 2930 Βούλομαι
2310 2862 2389 2913 είν
2415 2862 2494 2913 ἐνὶ
2524 2861 2728 2924 πάντας
2757 2861 2914 2924 ὅσους
2949 2862 3122 2933 πάρος
3155 2861 3380 2926 ὤπασας
3410 2865 3618 2934 αὐτῖιςι,

2011 2951 2164 3022 Ζωὴν
2191 2950 2483 3022 θεσπεσίην
2521 2951 2740 3006 αἰώνιον
2767 2953 3190 3024 ἀμφιπολεύειν⁶

2014 3040 2217 3111 179ὖ
2237 3043 2416 3113 Ὂφρα
2431 3061 2490 3095 σε
2504 3044 2813 3111 γινώσκωσι
2829 3045 2960 3098 Θεὸν
2979 3045 3137 3116 μόνον
3163 3045 3351 3098 ἐλπίδα
3371 3045 3619 3117 κόσμου,

333 3121 532 3166 terram
553 3111 832 3166 Christum
852 3112 1058 3168 Jesum.
1084 3114 1116 3167 4
1135 3113 1254 3182 Ipse
1266 3130 1364 3184 ego
1387 3125 1437 3169 te
1455 3115 1716 3171 honoravl
1736 3131 1900 3185 super

2038 3133 2122 3184 {al
2148 3133 2269 3185 τεὸν
2300 3111 2360 3186 ὃν
2383 3135 2662 3205 προέηκας
2689 3137 2783 3190 ἐπὶ
2823 3111 2991 3207 χθόνα
3011 3136 3246 3208 Χριστὸν
3273 3111 3511 3208 Ἰησοῦν.

331 3211 533 3254 terram
554 3216 692 3270 opus
711 3202 1000 3271 perﬁciens
1022 3202 1256 3257 Nutibus
1282 3205 1408 3266 tuis,
1434 3203 1580 3272 quod
1605 3205 1734 3258 mihi
1756 3221 1896 3275 pra:—

333 3291 497 3345 huisti
520 3301 577 3344 ut
603 3293 878 3360 perﬁciam
905 3311 919 3346 :
944 3293 976 3348 6
998 3293 1063 3347 Et
1083 3301 1140 3347 tu
1155 3309 1241 3346 me
1253 3306 1402 3348 nunc
1415 3293 1657 3362 gloriﬂca
1670 3300 1788 3359 tuo,
1803 3295 1896 3348 Pa-

330 3389 435 3445 ter,
475 3390 738 3435 consueto
776 3383 1001 3446 honore,
1041 3384 1212 3448 Quem
1237 3383 1378 3452 apud
1400 3391 1454 3437 te
1476 3391 1603 3437 ante
1630 3384 1894 3438 habebam

329 3463 550 3532 quando
593 3463 782 3518 divino
831 3472 924 3519 tuo
975 3466 1144 3520 verho
1193 3465 1442 3522 Nondum
1497 3471 1664 3525 creati
1714 3471 1907 3526 funda-

331 3562 508 3608 menta
543 3553 849 3624 ﬁgebantur
878 3553 1087 3608 mundi.
1119 3555 1151 3610 6
1185 3553 1391 3610 Nomen
1432 3564 1585 3610 tuum
1622 3559 1907 3628 praedicavi

327 3643 467 3714 apud
497 3645 745 3700 homines
780 3661 919 3715 quos
939 3662 1005 3700 ex
1036 3646 1238 3700 mttndo
1267 3644 1406 3702 Filio
1435 3656 1529 3702 tuo
1558 3649 1776 3714 dedisti,
1801 3665 1904 3704 caro

328 3736 377 3790 ci
420 3735 608 3789 lumini
646 3735 870 3802 mundi;
921 3734 1024 3790 Tui
1055 3746 1202 3800 sunt,
1237 3748 1295 3792 tu
1343 3754 1470 3794 vero
1522 3740 1668 3809 ipsos
1717 3743 1898 3812 regis:

328 3825 532 3882 Dedisti
578 3825 730 3892 mihi,
767 3834 821 3881 et
875 3826 1086 3883 lldelem
1144 3831 1471 3887 immutabili
1498 3831 1731 3902 quadam
1785 3837 1901 3906 lege

327 3912 641 3972 Sermonem
698 3923 851 3970 tuum
899 3916 1294 3972 observarunt:
1347 3920 1378 3976 7
1437 3930 1494 3976 et
1529 3935 1899 3992 cognoverunt

326 4017 576 4058 sermone
619 4002 699 4058 Ex
733 4012 786 4058 te
831 4004 976 4073 quod
1022 4016 1150 4060 sunt
1197 4009 1379 4062 omnia
1411 4025 1533 4079 qua:
1576 4012 1711 4066 mihi
1762 4030 1901 4084 pra:-

326 4095 485 4152 buisti
513 4115 528 4152 :
560 4096 593 4151 8
624 4095 754 4167 quia
789 4097 923 4168 ipsis
959 4096 1254 4155 Sermones
1282 4106 1406 4158 tuos
1431 4103 1626 4158 tradidi
1658 4106 1849 4164 vitales
1879 4126 1896 4177 ;

2013 3222 2048 3275 4
2069 3223 2238 3288 Αὐτὸς
2273 3221 2383 3292 ἐγὼ
2414 3242 2473 3277 σε
2505 3227 2762 3298 γέραιρον
2790 3228 2882 3280 ἐπὶ
2905 3227 3091 3297 χθονὸς
3112 3228 3274 3300 ἔργον
3305 3227 3555 3296 ἀνύσσας

2014 3312 2296 3384 Νεύμασιν
2328 3315 2662 3386 ὑμετέροισι,
2693 3316 2756 3370 τό
2787 3335 2876 3388 μοι
2913 3318 3080 3389 πόρες
3109 3317 3254 3388 δφρα
3280 3318 3531 3372 τελέσσω
3556 3337 3570 3352 '

2018 3404 2051 3459 5
2080 3405 2187 3458 Kal.
2215 3405 2279 3457 σύ
2310 3422 2377 3476 με
2402 3405 2496 3459 νῦν
2525 3407 2740 3461 κύδαινε
2760 3411 2857 3479 τεῇ
2879 3448 2893 3470 ,
2932 3407 3114 3481 Πάτερ
3139 3449 3154 3473 ,
3186 3409 3346 3478 ἠθάδι
3370 3413 3536 3480 τιμῇ,

2023 3496 2127 3548 Ἦν
2157 3496 2308 3566 παρὰ
2341 3499 2424 3550 σοὶ
2458 3499 2630 3570 πάρος
2667 3493 2814 3568 εῐχον
2845 3499 2935 3552 ὅτε
2964 3499 3144 3570 quos?
3178 3501 3268 3553 σέο
3298 3499 3458 3571 μύθῳ

2014 3583 2180 3638 Οὔπω
2207 3587 2548 3656 κτιζομένοιο
2574 3587 2824 3656 θεμείλια
2856 3590 3099 3660 πήγνυτο
3124 3589 3348 3661 κόσμου.

2011 3674 2044 3729 6
2066 3674 2286 3745 Οῦνομα
2325 3676 2415 3731 σὺν
2446 3676 2662 3748 κήρυξα
2691 3679 2822 3750 παρ’
2854 3679 3112 3752 ἀνδράσιν
3139 3679 3232 3744 οὒς
3259 3681 3370 3734 ἀπὸ
3395 3680 3618 3751 nocua-.9

2014 3767 2132 3820 Υίὲῖ
2163 3765 2242 3836 σῷ
2272 3767 2616 3838 παρέδωκας,
2640 3769 2907 3838 ἀφεγγὲος
2934 3770 3142 3842 δμματι
3173 3771 3410 3841 κόσμου·

2024 3858 2311 3930 ’Υμέτεροι
2343 3859 2598 3927 γεγάασι,
2633 3864 2699 3914 σὺ
2726 3863 2782 3916 δὲ
2815 3864 2986 3934 σφέας
3022 3864 3359 3937 ήνιοχεύειςη

2012 3950 2203 4014 Δῶκας
2227 3951 2370 4020 ἐμοὶ,
2403 3951 2498 4004 καὶ
2532 3953 2723 4007 πιστὸν
2747 3957 2806 4009 ἐν
2840 3956 3095 4028 ἀτρέπτῳ
3127 3957 3233 4011 τινὶ
3269 3953 3462 4026 θεσμῷ

2020 4041 2202 4095 Μῦθον
2233 4045 2344 4096 σεῖο
2375 4044 2646 4113 φύλαξαν·
2677 4046 2707 4099 7
2746 4048 3163 4118 ἐπεφράσσαντο
3185 4048 3244 4119 δέ.
3271 4046 3430 4118 μύθῳ

2014 4135 2111 4187 Ἐκ
2133 4135 2285 4188 σέθεν
2301 4135 2376 4200 ὡς
2387 4136 2517 4190 πέλε
2533 4137 2708 4191 πάντα
2732 4137 2802 4192 τά
2819 4154 2909 4209 μοι
2933 4138 3116 4210 πόρεςο
3135 4139 3358 4194 εὸττιπε
3365 4156 3400 4210 ρ
3413 4140 3614 4205 αὐτοῖς

1534 4245 1822 4302 TEXTUS
1859 4246 2388 4305 EVANGELISTA‘I.

421 4355 491 4408 29
540 4353 805 4421 Λέγουσιν
871 4353 1020 4423 αὐτῷ
1082 4357 1130 4408 ol
1191 4357 1430 4427 μαθηταὶ
1479 4359 1643 4412 αὑτοῦ
1678 4379 1692 4391 ο

331 4437 426 4491 νῦν
466 4434 746 4506 παρρησίᾳ
796 4433 1009 4499 λαλεῖς,
1054 4439 1147 4491 καὶ
1198 4440 1498 4510 παροιμίαν
1545 4441 1799 4514 οὐδεμίαν
1827 4443 1918 4498 λέ-

331 4535 464 4587 γεις.

400 4601 468 4654 50
503 4598 616 4653 Νῦν
647 4598 870 4672 οίδαμεν
898 4601 982 4654 ὅτι
1041 4598 1188 4667 οἶδας
1238 4603 1415 4657 πάντα
1438 4645 1454 4670 ,
1483 4608 1576 4661 καὶ
1623 4608 1685 4661 οὐ
1731 4611 1919 4681 χρείαν

330 4682 472 4752 ἔχεις
504 4683 590 4736 ἵνα
621 4685 702 4746 τίς
731 4701 790 4737 σε
814 4687 995 4758 ἐρωτᾷ
1021 4703 1032 4717 ·
1059 4689 1116 4741 ἐν
1155 4686 1327 4759 τούτῳ
1358 4690 1686 4762 πιστεύομεν
1710 4695 1791 4748 ὄτι
1813 4695 1920 4748 ἀπὸ

330 4763 468 4816 θεοῦ
495 4765 736 4835 ἐξῆλθες.

401 4847 464 4900 51
512 4849 808 4920 Ἀπεκρίθη
848 4851 1035 4914 αὐτοῖς
1063 4851 1090 4902 ὀ
1139 4853 1382 4924 Ἰησοῦς·
1422 4855 1578 4926 Ἀρτι
1614 4855 1916 4919 πιστεύετε;

403 4927 473 4981 52
509 4930 636 4990 Ἴδε,
669 4931 888 4999 ἔρχεται
919 4931 1058 5001 ὥρα,
1092 4934 1184 4985 καὶ
1217 4934 1312 4988 νῦν
1347 4936 1622 5007 ἐλήλυθεν,
1656 4938 1739 4992 ἵνα
1762 4954 1920 5006 σκορ-

333 5009 560 5080 πισθῆτε
592 5011 819 5073 ἕκαστος
852 5013 933 5074 είς
970 5011 1038 5064 τὰ
1075 5013 1178 5067 ἴδια
1208 5055 1222 5078 ,
1270 5019 1364 5071 καὶ
1392 5019 1491 5088 ἐμὲ
1525 5019 1685 5087 μόνον
1719 5019 1918 5087 ἀφῆτε,

334 5091 429 5141 καὶ
458 5092 557 5144 ούκ
584 5093 698 5162 εἰμὶ
724 5092 890 5162 μόνος
910 5132 924 5156 ,
953 5095 1035 5147 ὄτι
1060 5097 1089 5148 ὁ
1120 5096 1309 5167 Πατὴρ
1342 5099 1456 5167 μετ’
1481 5099 1614 5168 ἐμοῦ
1639 5101 1774 5151 ἐστι.

402 5171 473 5226 55
496 5174 682 5227 Ταῦτα
714 5175 992 5248 λελάληκα
1015 5179 1142 5248 ὑμῖν
1167 5180 1256 5232 ἵνα
1278 5182 1334 5234 ἐν
1355 5182 1478 5251 ἐμοὶ
1496 5182 1716 5252 εἰρήνην
1737 5181 1915 5252 ἔχητε.

347 5249 436 5338 ᾟν
467 5255 544 5325 τῷ
576 5256 767 5338 κόσμῳ
799 5257 979 5329 θλίψιν
1007 5258 1192 5325 ἐξετεο
1225 5261 1362 5318 ἀλλὰ
1390 5249 1681 5338 θαρσεῖτε,
1703 5249 1922 5334 ιγῶνε-

336 5331 537 5406 νίκηκα
562 5336 653 5390 τὸν
675 5339 901 5409 κόσμον.
1467 5331 1481 5351 Ἰ

993 5479 1150 5532 ΚΕΦ.
1186 5481 1284 5532 ιε’.

410 5567 439 5664 ξ
479 5573 686 5664 .Ταῦτα
720 5575 996 5664 ⁸ἐλάλησεν
1049 5585 1084 5636 ὁ
1129 5584 1378 5655 Ἰησοῦς,
1427 5591 1522 5656 καὶ
1567 5590 1741 5664 ἐπῆρε
1797 5591 1923 5652 τοὺς

338 5649 648 5729 ἐφθαλμοὺς
674 5657 840 5712 αὐτοῦ
866 5649 946 5728 είς
979 5664 1071 5719 τὸν
1099 5649 1327 5740 οὐρανὸν
1347 5649 1373 5743 ,⁷
1393 5649 1485 5724 καὶ
1522 5667 1642 5727 εἰπε
1716 5649 1920 5750 Πάτερζ

1772 4360 1876 4414 Ἴδε
1898 4401 1913 4424 ,
1951 4365 1990 4422 υ
2021 4359 2274 4430 ἐλήλυθεν
2312 4363 2344 4432 ὴ
2383 4361 2502 4434 ὥρα
2529 4401 2543 4427 ,
2595 4361 2817 4428 δόξασόν
2869 4379 2962 4415 σου
3010 4358 3102 4413 τὸν
3131 4358 3288 4425 Υίὸν,
3318 4360 3404 4414 ἵνα
3454 4363 3553 4416 καὶ
3584 4367 3618 4418 ὸ

2022 4443 2147 4507 Υἱός
2177 4462 2270 4498 σου
2297 4444 2492 4519 δοξάσῃ
2518 4461 2576 4498 σε
2612 4462 2626 4475 ⁸

2090 4527 2126 4580 ‘2
2155 4527 2349 4592 Καθὼς
2400 4529 2604 4592 ἔδωκας
2655 4527 2802 4598 αὐτῷ
2858 4527 3109 4593 ἐξουσίαν
3139 4525 3318 4594 πάσης
3374 4529 3616 4598 σαρκὸς,

2025 4611 2109 4662 ἵνα
2143 4611 2250 4664 πᾶν
2271 4611 2299 4662 δ
2324 4611 2562 4673 δέδωκας
2591 4610 2739 4681 αὐτῷ
2759 4653 2773 4676 ,
2800 4609 2944 4682 δώσῃ
2972 4610 3156 4672 αὐτοῖς
3191 4608 3335 4679 ζωὴν
3362 4608 3616 4666 αἰώνιον.

2093 4695 2126 4746 5
2159 4691 2304 4758 Λῦτη
2342 4690 2398 4742 δέ
2436 4692 2583 4744 ἐστιν
2623 4694 2656 4762 ή
2701 4693 2915 4754 αἰώνιος
2959 4691 3106 4762 ζωὴ,
3163 4691 3248 4744 ἵνα
3290 4691 3621 4759 γινώσκωσί

2025 4791 2080 4826 σε
2108 4771 2197 4823 τὸν
2237 4769 2395 4840 μόνον
2427 4769 2679 4840 ἀληθινὸν
2713 4774 2845 4828 Θεὸν
2866 4813 2880 4839 ,
2923 4774 3016 4828 καὶ
3042 4774 3100 4829 ὂν
3129 4772 3454 4838 ἀπέστειλας
3495 4776 3622 4845 ’πη-

2024 4852 2148 4906 σοῦν
2177 4850 2430 4922 Χριστόν.

2090 4935 2124 4987 4
2155 4932 2296 5002 Ἐγώ
2315 4949 2373 4987 σε
2398 4934 2626 5000 ἐδόξασα
2645 4937 2738 4991 ἐπὶ
2767 4937 2868 5009 τῆς
2889 4939 2994 5012 γῆς
3009 4953 3025 4970 ·
3046 4938 3107 4994 τὸ
3131 4938 3290 5012 ἔργον
3309 4939 3619 5008 ὲτελείωσα

2020 5017 2048 5068 ὂ
2079 5015 2316 5082 δέδωκάς
2345 5035 2434 5088 μοι
2465 5019 2551 5072 ἵνα
2592 5021 2828 5090 ποιήσω’

2093 5099 2126 5152 5
2161 5101 2269 5154 Kal.
2285 5100 2393 5178 νῦν
2422 5100 2645 5166 δόξασόν
2676 5119 2742 5173 με
2783 5105 2882 5170 σὺ,
2930 5105 3114 5176 Πάτερ
3138 5147 3152 5168 ,
3189 5103 3339 5177 παρὰ
3389 5107 3620 5178 σεαυτῷ

2021 5182 2086 5252 τῇ
2112 5179 2235 5252 δόξῃ
2273 5177 2308 5255 ᾖ
2334 5176 2477 5250 εῒχον
2509 5184 2615 5254 πρὸ
2647 5184 2742 5237 τοῦ
2776 5185 2868 5240 τὸν
2889 5189 3091 5258 κόσμον
3122 5176 3280 5254 εἶναι,
3312 5187 3464 5258 παρὰ
3497 5176 3612 5243 σοί.

2093 5262 2127 5318 6
2175 5264 2522 5335 Ἐφανέρωσά
2572 5283 2664 5320 σου
2694 5267 2754 5320 τὸ
2781 5268 3102 5340 δνομα³τοῖς
3149 5269 3455 5340 ἀνθρώποις
3509 5272 3619 5336 οὒς

2022 5339 2258 5407 δέδωκάς
2285 5362 2374 5415 μοι
2408 5348 2473 5400 ἐκ
2502 5348 2594 5401 τοῦ
2624 5349 2828 5420 κόσμου
2849 5367 2863 5380 ο
2882 5339 2886 5340 ν
2907 5353 2989 5405 col.
3017 5349 3158 5424 ἦσαν
3182 5395 3196 5419 ,
3229 5339 3321 5406 καὶ
3347 5352 3474 5424 ἐμοὶ
3507 5353 3618 5412 air.

2024 5425 2149 5490 τοὺς
2177 5426 2413 5493 δέδωκας
2435 5471 2448 5495 ,
2485 5431 2579 5484 καὶ
2606 5430 2696 5485 τὸν
2729 5431 2886 5501 λόγον
2919 5452 3010 5487 σου
3045 5437 3398 5506 τετηρήκασι.

2097 5508 2128 5561 7
2162 5509 2276 5564 Νῦν
2310 5511 2552 5580 ἔγνωκαν
2577 5515 2661 5567 ὅτι
2681 5515 2857 5569 πάντα
2878 5517 2978 5570 ὅσα
3007 5516 3247 5581 δέδωκάς
3273 5535 3360 5588 μοι
3383 5553 3398 5582 ,
3446 5520 3609 5591 παρὰ

2027 5592 2121 5647 σοῦ
2156 5595 2302 5648 ἐστιν
2322 5611 2334 5626 ο

2095 5673 2129 5729 8
2162 5675 2283 5730 ’Ὁτι
2317 5676 2382 5730 τὰ
2408 5677 2623 5762 ῥήματα
2653 5678 2688 5736 δι
2721 5679 2957 5745 δέδωκάς
2988 5699 3078 5754 μοι
3106 5722 3121 5749 ,
3153 5681 3360 5754 δέδωκα
3391 5680 3602 5762 αὐτοῖς·
