3956 6202
347 203 452 261 885

341 315 558 377 Μύθους
588 315 713 376 σοὺς
737 315 1026 386 παρέδωκα
1068 315 1326 386 βιαρκέας
1346 334 1357 346 ·
1395 317 1654 372 ἀσπάσιοι
1687 317 1744 370 δὲ

341 404 447 458 Τὸν
475 405 633 472 λόγον
664 402 906 476 ίθυντῆρι
936 404 1040 473 νόῳ
1073 402 1290 468 δέξαντο
1325 407 1415 458 καὶ
1436 407 1610 470 αὐτοὶ,

340 497 451 550 Καὶ
477 494 650 566 μάθον
681 495 756 559 ὡς
783 495 933 567 παρά
965 497 1075 548 σεῖο
1103 495 1427 566 προήλυθον,
1462 496 1724 568 ὑμέτερον
1756 496 1810 548 δὲ

340 585 530 639 Μῦθον
558 584 903 656 ἀσυλήτοισιν
925 583 1294 639 ἐπιστώσαντο
1327 589 1617 656 μενοιναῐς,

341 676 501 730 ’ὐττι
535 677 601 730 σύ
625 692 695 748 με
722 676 1000 748 προέηκας
1030 678 1121 730 ἐπὶ
1149 677 1336 746 χθόνα.
1362 677 1394 731 9
1420 676 1533 730 Νῦν
1557 677 1714 749 χάριν
1741 676 1918 730 αὐτῶν

353 769 688 834 Ἀπλανέων,
717 770 780 822 οὐ
806 769 1004 833 παντὸς
1036 770 1304 841 ἀλήμονος
1337 769 1518 822 εἵνεκα
1551 769 1776 840 κόσμου,

341 855 414 913 Ὦ
443 861 626 932 Πάτερ
651 901 665 922 ,
695 859 920 923 αἰτίζων
952 877 1010 913 σε
1039 859 1310 931 διείρομαι
1341 875 1354 890 ⁸
1390 860 1532 930 ἀμφὶ
1561 859 1616 913 δὲ
1647 859 1848 913 τούτων

339 950 452 1014 Οὓς
486 952 654 1022 πόρες
685 949 803 1004 Υἱέῐ
838 953 981 1004 σεῖο·
1014 951 1128 1003 τεοὶ
1163 951 1344 1004 πέλον.
1381 951 1446 1006 10
1490 950 1818 1021 Ἀμφότερον
1841 949 1916 1011 δὲ,

344 1042 523 1094 Ὄσσα
542 1040 728 1112 φέρεις
749 1081 764 1102 ,
787 1039 897 1111 ἐμὰ
917 1040 1097 1093 πάντα
1120 1058 1131 1070 ·
1162 1041 1258 1094 καὶ
1279 1040 1512 1111 ἔμπαλιν
1535 1040 1670 1093 ὅσσα
1689 1037 1917 1109 κομίζω,

339 1129 529 1184 Πάντα
559 1127 712 1181 σέθεν
742 1128 1004 1196 γεγάασιν
1022 1143 1035 1158 ·
1073 1127 1183 1196 ἐγὼ
1213 1129 1257 1180 δ’
1287 1130 1365 1181 ἑνὶ
1387 1131 1556 1181 τοῖσιν
1584 1129 1821 1200 ἑταίροις

339 1217 651 1287 Σύνδρομον
678 1218 758 1279 είς
786 1216 952 1286 χθόνα
982 1219 1159 1270 πᾶσαν
1183 1217 1289 1292 ἔχω
1321 1218 1650 1284 παλιναυξέα
1675 1220 1858 1292 τιμήν.

345 1307 407 1362 11
442 1305 650 1377 Κόσμῳ
680 1307 726 1360 δ’
750 1309 799 1360 oi
834 1308 932 1378 μὲν
958 1307 1111 1364 ἔασιν
1129 1326 1143 1339 ·
1167 1309 1276 1378 ἐγὼ
1297 1311 1341 1363 δ’
1368 1310 1477 1381 ἄρα
1509 1313 1662 1379 γαῖαν
1695 1311 1860 1373 ἐάσας

341 1397 488 1468 Πρὸς
505 1399 585 1463 σὲ,
611 1399 815 1470 Πάτερ,
838 1400 1157 1472 παλίνορσος
1171 1400 1482 1472 ἐλεύσομαι’
1509 1402 1642 1456 ἀλλά
1673 1402 1920 1473 μαθητὰς

354 1489 684 1561 Ἡμετέρους
721 1491 784 1544 σὺ
818 1490 1051 1559 φύλαξον
1085 1490 1391 1562 ὁμόφρονας
1415 1493 1632 1546 ἔκτοθεν
1661 1493 1829 1562 αὐτῆς

341 1577 606 1646 Δαίμονος
625 1579 938 1633 ἀντιπάλοιο
961 1581 1411 1651 προασπιστῆρος
1452 1581 1737 1651 ἱμάσθλης.

1237 201 1725 258 PARAPIIRASIS
1767 202 1832 256 IN
1874 199 2213 258 .IOANNEM.
2254 229 2321 239 --
2360 197 2512 253 CAP.
2552 197 2712 253 XVII.

3495 200 3595 255 8813

1947 320 1991 375 Α
2019 317 2158 387 grati
2187 329 2315 370 vero
2346 313 2520 368 Tuum
2545 314 2770 368 verbum
2804 311 3165 368 moderatrice
3198 323 3378 369 mente
3409 330 3586 370 susce-

2021 430 2217 490 perunt
2248 428 2302 477 ct
2351 420 2476 489 ipsi,
2505 418 2572 472 Et
2616 418 2921 474 didicerunt
2951 417 3096 488 quod
3150 433 3182 472 a
3236 426 3288 472 te
3335 421 3597 488 processi,

2021 535 2287 598 tuumque
2327 527 2647 581 Sermonem
2674 525 2844 580 ﬁrmis
2872 525 3164 580 inﬁxerunt
3194 527 3414 589 animis,
3443 523 3595 592 Quod

2029 643 2086 687 tu
2134 649 2221 688 me
2254 633 2563 704 praemisisti
2590 633 2642 685 in
2673 641 2888 685 terram.
2940 632 2972 684 9
3002 629 3158 684 Nunc
3209 640 3428 700 propter
3475 631 3597 688 illos

2019 736 2138 792 Non
2155 744 2423 800 errantes,
2457 752 2567 790 non
2587 743 2756 790 totum
2775 743 3044 789 errantem
3066 743 3285 804 propter
3305 735 3589 799 mundum,

2023 841 2068 896 Ο
2093 850 2266 911 pater,
2301 857 2330 895 a
2359 848 2413 896 te
2451 849 2575 911 peto
2606 846 2659 896 et
2689 856 2818 895 oro:
2855 841 2945 896 sed
2979 855 3076 910 pro
3104 841 3189 894 Itis
3219 840 3367 906 Quos
3395 840 3598 896 dedisti

2026 945 2160 1000 Filio
2187 956 2316 1011 tuo;
2348 945 2426 998 tui
2461 955 2609 1001 sunt.
2649 945 2713 999 10
2746 942 3045 1013 Utrumque
3084 950 3284 1006 autem,
3333 942 3600 1010 Quzecun-

2026 1065 2132 1118 que
2185 1048 2372 1115 habes,
2408 1063 2530 1104 mea
2565 1055 2692 1104 sunt
2734 1047 2954 1101 omnia:
2987 1054 3040 1102 et
3068 1063 3261 1102 rursus
3299 1063 3417 1118 quae
3461 1047 3595 1111 fero,

2024 1151 2225 1206 Omnia
2249 1159 2340 1206 tua
2365 1158 2492 1208 sunt
2517 1167 2531 1216 ;
2564 1165 2666 1221 ego
2699 1165 2827 1204 vero
2855 1151 2908 1203 in
2936 1151 3103 1206 sociis
3125 1151 3390 1206 Comitem
3415 1153 3470 1206 in
3497 1160 3602 1207 ter.

2025 1272 2083 1311 ra
2117 1267 2338 1311 omnem
2369 1256 2544 1312 habeo
2577 1262 2975 1310 recrescentem
2995 1253 3241 1323 gloriam.
3269 1254 3329 1309 11
3362 1255 3417 1308 In
3437 1270 3599 1309 mun-

2025 1359 2095 1414 do
2134 1359 2211 1414 illi
2245 1358 2462 1429 quidem
2518 1365 2680 1425 sunt;
2709 1373 2810 1428 ego
2856 1373 2982 1413 vero
3011 1368 3152 1412 terra
3196 1360 3384 1414 relicta
3409 1361 3488 1415 Ad
3527 1368 3600 1420 te.

2024 1460 2207 1526 Pater,
2237 1475 2493 1517 reversus
2532 1462 2774 1517 veniam:
2813 1460 2908 1516 sed
2948 1460 3244 1531 discipulos
3282 1460 3512 1518 Nostros
3545 1471 3602 1516 tu

2025 1565 2242 1620 custodi
2275 1565 2576 1622 concordes
2610 1566 2679 1620 ab
2706 1565 2822 1635 ipsa
2852 1566 3123 1620 Daemonis
3155 1565 3453 1622 adversarii
3480 1582 3608 1638 pro-

353 1665 517 1735 Ἀγνὲ
545 1669 745 1739 Πάτερ,
776 1671 840 1722 σὺ
872 1668 1104 1738 φύλαξον
1131 1671 1438 1741 ὁμόφρονας
1480 1671 1697 1725 ἔκτοθεν
1729 1672 1908 1743 αὐτῆς,

2038 1672 2345 1742 angustet-is
2405 1673 2634 1727 scutica.
2685 1670 2884 1726 Sancte
2917 1670 3098 1737 Pater,
3129 1680 3187 1726 tu
3231 1671 3445 1727 custodi
3474 1685 3607 1726 eon-

339 1755 554 1819 Πάντες
580 1756 636 1808 ἓν
656 1757 799 1827 ὄφρα
826 1757 1036 1813 πέλοιεν
1068 1759 1336 1828 ὁμόζυγες
1358 1799 1373 1823 ,
1401 1756 1598 1830 οἷάπερ
1629 1763 1810 1831 ἡμεῖς.

345 1843 418 1896 12
455 1843 784 1914 Ἀγχιφανὴς
804 1847 892 1900 ὅτε
925 1849 1094 1900 τοῖσιν
1132 1847 1346 1918 ὁμίλεον
1379 1849 1550 1901 ἔνδοθι
1583 1851 1810 1920 adsueti,

342 1931 517 1995 Αὐτὸς
543 1933 696 1997 ὅλους
723 1935 1023 2002 ἐφύλασσον
1056 1938 1342 2008 ἀπήμονας
1361 1955 1374 1970 ·
1412 1938 1530 1992 οὐδέ
1564 1956 1648 2002 τις
1672 1939 1847 1993 αὐτῶν

336 2021 362 2093 ί
389 2021 496 2086 Οὓς
519 2024 686 2095 πόρες
715 2026 833 2078 Υἰέῑ
863 2044 978 2091 σου,
1015 2028 1240 2098 βροτέης
1271 2029 1482 2099 Σωτῆρι
1509 2027 1824 2099 γενέθλης,]

341 2111 539 2165 Ὠλετο
565 2113 850 2184 δυσσεϐίης
877 2115 1132 2188 σφαλερῴ
1161 2117 1510 2186 δεδονημένος
1537 2116 1736 2187 οἴστρῳ
1760 2156 1775 2179 ,

343 2202 510 2272 180
539 2204 602 2256 Et
636 2205 713 2274 μὴ
739 2205 1014 2275 δαιμονίου
1051 2206 1371 2278 φθισήνορος
1413 2207 1526 2270 υἱὸς
1552 2206 1772 2279 ὀλέθρου
1795 2226 1806 2238 ·

343 2293 534 2364 Ὄφρα
554 2294 722 2363 νόμου
751 2300 1039 2365 γραφικοὶό
1076 2297 1232 2366 λόγος
1253 2297 1638 2368 τετελεσμένος
1665 2298 1772 2370 εἴη.

345 2383 416 2439 15
464 2382 580 2440 Νῦν
620 2384 710 2448 δὲ,
744 2386 956 2457 Πάτερ,
983 2387 1133 2457 ’μετά
1190 2389 1348 2456 γαῖαν
1391 2387 1697 2458 ὑπότροπος
1744 2389 1822 2448 εἰς
1859 2390 1917 2442 σὲ

551 2500 560 2507 -
1565 2477 1842 2549 [περήσω.

340 2563 458 2616 Καὶ
477 2565 605 2619 τάδε
632 2583 712 2619 σοι
734 2557 1021 2638 ξύμπαντα
1049 2569 1238 2638 διήῖον,
1268 2570 1411 2641 ὄφρα
1438 2587 1531 2624 κεν
1564 2570 1672 2623 αἰεὶ

341 2654 510 2710 Ξινὺν
540 2657 728 2728 χάρμα
764 2659 978 2730 φέροιεν
1008 2661 1160 2730 ἐμοῖς
1191 2661 1573 2730 τετελεσμένον
1607 2660 1810 2730 ἔργοις.

347 2743 416 2804 11
447 2747 556 2801 Καὶ
604 2749 754 2819 σφίσι
796 2750 938 2804 θεῖον
983 2749 1197 2805 ὄπασσα
1239 2751 1360 2804 τεὸν
1402 2751 1593 2820 λόγον⁸
1640 2749 1778 2802 ἀλλὰ
1823 2767 1913 2820 με·

1603 2837 1847 2910 [γαίρων

339 2924 552 2991 Αὐτοὺς
578 2926 768 2998 ἔστυγε
803 2931 1005 3000 κόσμος
1025 2969 1042 2994 ,
1067 2931 1148 2986 ὅτι
1183 2930 1375 2994 ζαθέου
1414 2930 1708 3000 Γενετῆρος

345 3017 564 3088 Γνήσιοι
593 3020 809 3091 αἰθέρος
830 3022 936 3074 εἰσὶ
984 3021 1128 3075 νόθοι
1152 3023 1378 3092 κόσμοιο
1411 3020 1643 3083 πολῖται,

359 3109 452 3172 Ὠς
486 3111 580 3163 καὶ
609 3109 720 3179 ἐγὼ
745 3111 970 3183 κόσμοιο
1001 3112 1147 3166 πέλω
1169 3112 1316 3177 ξένος
1333 3131 1345 3144 ο
1369 3114 1429 3165 οὺ
1462 3112 1690 3183 βροτέης
1713 3109 1820 3180 γὰρ

341 3199 482 3268 Εἰμὶ
513 3199 926 3271 τελεσσιγάμοιο
956 3203 1119 3272 γονῆς
1150 3203 1356 3272 χθονός.
1386 3203 1452 3257 15
1479 3202 1663 3256 Οῦτινι
1693 3203 1867 3274 μύθῳ,

345 3286 420 3343 Ὠ
447 3292 631 3364 Πάτερ
649 3331 664 3356 ,
687 3292 879 3358 αίτίζω
910 3309 968 3348 σε
1005 3296 1338 3366 μετάτροπον
1369 3295 1533 3366 ἐσμὸν
1562 3296 1791 3364 ἑταίρων

349 3382 538 3449 τυφρα
569 3384 966 3453 μεταστήσειας
999 3384 1296 3454 ἀτέρμονος
1331 3384 1510 3440 ἔκτοθι
1543 3384 1748 3453 κόσμου
1771 3400 1783 3414 ⁸

364 3472 502 3525 Ἀλλ’
531 3473 618 3526 ἵνα
648 3489 740 3544 μιν
775 3474 1120 3546 βλεφάροισιν
1145 3477 1490 3546 ἀκοιμήτοισι
1525 3474 1766 3546 φυλάξῃς

349 3563 610 3633 Δαίμονος
633 3565 960 3634 ἀρχεκάκοιο
982 3566 1328 3636 δυσαντήτων
1355 3566 1462 3620 ἀπὸ
1499 3564 1735 3637 θεσμῶν.

355 3746 420 3799 17
455 3747 575 3809 Σοῖς
608 3744 818 3810 ζαθέοις
848 3747 1099 3800 ἐπέεσσιν
1127 3747 1294 3816 ἐμοὺς
1326 3747 1517 3814 ἀγίαζε
1553 3745 1818 3816 μαθητάς,

351 3836 572 3899 Πάντας
595 3837 852 3909 ἀληθείης
876 3841 1086 3910 νοεραῖς
1110 3839 1290 3890 ἀκτῖσι.
1313 3837 1610 3908 καθαίρων.

360 3928 655 3998 ’Δτρεκίη,
691 3929 781 3983 σέο
818 3928 1004 3998 μῦθος.
1054 3930 1120 3983 18
1171 3967 1186 3982 .
1262 3968 1275 3981 .
1361 3969 1372 3981 .
1456 3967 1468 3980 .
1549 3968 1562 3980 .
1637 3967 1648 3978 .

355 4058 371 4071 .
420 4057 435 4072 .
479 4058 494 4072 .
535 4058 550 4073 .
596 4019 663 4075 19
709 4017 1054 4089 Ὀμοζυγέων
1079 4018 1125 4095 δ’
1157 4017 1298 4086 ὑπὲρ
1331 4017 1515 4070 αὐτῶν

357 4108 528 4162 Δῦτδν
549 4108 648 4180 ἐμὲ
673 4109 975 4181 πρώτιστον
1001 4109 1148 4178 ὲμῶν
1177 4108 1388 4179 ἑτάρων
1417 4109 1650 4176 ἁγιάζω,

362 4200 545 4270 Ὄφρα
577 4215 640 4253 κε
675 4198 1053 4270 φαιδρύνοιντο
1078 4197 1183 4268 τεῷ
1210 4198 1448 4269 ζωαρκέῖ
1477 4199 1652 4270 μύθῳ,

2029 1774 2225 1830 cordes
2249 1775 2315 1830 ab
2345 1776 2486 1845 ipsa,
2513 1775 2715 1831 Omnes
2749 1791 2916 1829 unum
2941 1783 3000 1830 ut
3031 1777 3162 1840 sint,
3187 1790 3473 1845 compares
3496 1775 3605 1830 sic-

2022 1880 2101 1934 uti
2145 1895 2263 1935 nos.
2301 1880 2368 1934 12
2415 1879 2762 1950 Propinquus
2802 1880 3024 1949 quando
3088 1881 3194 1935 illis
3236 1881 3608 1937 conversabar

2025 1985 2082 2038 in
2116 1985 2343 2050 mundo,
2375 1984 2496 2053 Ipse
2519 1997 2714 2039 omnes
2735 1984 3017 2038 servabam
3051 1984 3250 2039 illaesos
3273 2004 3284 2040 :
3311 2001 3485 2055 neque
3506 1985 3606 2039 ali-

2020 2087 2145 2157 quis
2173 2103 2237 2142 ex
2273 2087 2378 2153 his,
2411 2085 2562 2152 Quos
2584 2086 2762 2158 (mihi)
2793 2087 2989 2144 dedisti
3036 2087 3174 2143 Filio
3221 2099 3334 2155 tuo,
3376 2091 3604 2145 humani

2027 2192 2294 2250 Salvatori
2328 2194 2564 2264 generis,
2598 2194 2786 2262 Periit,
2824 2195 3121 2266 impietatis
3157 2193 3335 2250 fallaci
3371 2194 3606 2264 agitatus

2019 2303 2211 2358 cestro,
2245 2297 2412 2366 ιθι
2449 2296 2568 2353 Nisi
2599 2298 2863 2376 daemonis
2893 2298 3108 2353 exitiosi
3159 2298 3302 2352 ﬁlius
3339 2297 3630 2383 pestiferia

2023 2404 2092 2460 .Ut
2132 2403 2268 2473 legis
2301 2403 2518 2474 scripta:
2546 2418 2727 2458 sermo
2748 2402 3022 2473 perfectus
3045 2403 3137 2458 sit.
3171 2403 3239 2456 13
3272 2401 3429 2456 Nunc
3458 2417 3607 2466 vero,

2020 2507 2201 2572 Pater,
2234 2522 2267 2561 a
2299 2514 2446 2562 terra
2481 2491 2732 2563 reversus
2765 2505 2835 2561 ad
2866 2513 2922 2562 te
2950 2506 3216 2562 transibo.
3254 2506 3319 2560 Et
3363 2505 3481 2561 hate
3510 2507 3608 2560 tibi

2019 2611 2202 2667 omnia
2249 2611 2597 2680 percurri,ut
2641 2625 2859 2680 semper
2894 2609 3198 2666 Commune
3229 2611 3488 2681 gaudium
3519 2610 3599 2665 fe—

2022 2721 2146 2767 rant
2176 2714 2315 2768 meis
2355 2711 2652 2784 perfectum
2675 2711 2957 2782 operibus.
2998 2711 3066 2766 14
3103 2711 3168 2765 Et
3196 2713 3332 2782 ipsis
3363 2714 3608 2769 divinum

2021 2815 2226 2886 praabui
2272 2824 2429 2870 tuum
2461 2828 2801 2880 sermonem;
2850 2813 2946 2868 sed
2991 2812 3245 2868 invidens
3279 2815 3430 2884 Ipsos
3495 2816 3612 2868 odit

2032 2920 2300 2984 mundus,
2339 2920 2468 2989 quia
2517 2919 2687 2973 divini
2735 2916 2986 2973 Parentis
3028 2917 3278 2988 Legitimi
3323 2918 3446 2973 cmii
3483 2927 3611 2973 sunt

2034 3025 2208 3096 spurii
2236 3023 2424 3078 mundi
2460 3023 2632 3089 cives,
2658 3020 2811 3076 Sient
2839 3009 2891 3076 et
2911 3037 3011 3093 ego
3034 3022 3087 3077 in
3141 3022 3344 3077 mundo
3365 3033 3486 3078 sum
3516 3023 3612 3076 ho—

2034 3145 2183 3202 spes,
2219 3144 2328 3184 non
2372 3128 2599 3182 humani
2648 3126 2791 3182 enim
2839 3126 2972 3181 Sum
3008 3127 3226 3196 nuptias
3281 3126 3613 3196 perﬁcienti:

2033 3233 2252 3304 generis
2287 3231 2582 3287 terrestris.
2622 3229 2690 3283 15
2734 3229 2858 3284 Non
2893 3241 3166 3290 sermone.
3199 3226 3245 3284 Ο
3270 3227 3453 3295 Pater,
3483 3243 3614 3299 rogo

2035 3348 2088 3394 te
2107 3345 2378 3393 remotum
2407 3344 2608 3390 cretum
2637 3333 2912 3388 sociorum
2961 3330 3030 3386 Ut
3057 3331 3281 3388 auferas
3316 3331 3529 3387 inﬁnito
3548 3347 3612 3387 ex

2038 3440 2283 3507 mundo;
2337 3437 2444 3493 Sed
2483 3446 2544 3492 ut
2591 3437 2770 3506 ipsum
2821 3435 2995 3491 oculis
3033 3435 3292 3506 vigilibus
3337 3435 3617 3492 custodias

2030 3555 2299 3611 Daemonis
2347 3553 2611 3607 malorum
2652 3550 2891 3606 auctoris
2955 3549 3270 3606 aversandis
3318 3565 3348 3603 ιι
3379 3551 3609 3621 legibus.

2039 3765 2105 3820 17
2158 3764 2292 3821 Tuis
2347 3761 2549 3820 divinis
2595 3759 2776 3817 verbis
2815 3773 2970 3816 meos
3035 3759 3320 3817 sanctiﬂca
3348 3761 3598 3832 discipu-

2041 3879 2144 3940 los,
2178 3872 2380 3929 Omnes
2411 3872 2656 3927 Veritatis
2685 3867 3109 3940 intelligentibus
3152 3871 3324 3927 radiis
3347 3877 3606 3946 purgans.

1917 3967 1927 3979 ’
2040 3975 2252 4034 Veritas
2287 3983 2412 4028 tuus
2446 3986 2646 4028 sermo.
2677 3971 2759 4026 I8.
2842 4011 2855 4025 .
2934 4010 2946 4023 .
3028 4013 3042 4026 .
3125 4013 3137 4026 .
3218 4013 3235 4029 ,
3314 4011 3328 4026 ,
3402 3984 3518 4036 ,ιο
3602 4019 3616 4032 ο

2037 4081 2178 4149 ,ηἰθ
2209 4078 2532 4148 Conjunctis
2595 4083 2776 4129 autem
2826 4089 2924 4145 pro
2964 4073 3100 4144 ipsis
3155 4074 3336 4145 Ipsum
3383 4083 3470 4132 me
3501 4077 3614 4148 pri.

2043 4191 2274 4247 marium
2299 4201 2364 4239 ex
2401 4183 2539 4255 meis
2599 4181 2767 4240 sociis
2808 4181 3119 4247 sanctiﬁco,
3174 4180 3244 4237 Ut
3289 4182 3620 4240 mandentur

1559 4313 1842 4372 TEXTUS
1881 4313 1966 4368 EV
1979 4315 2014 4366 Α
2024 4301 2416 4366 ΝΟΕῌΞΊᾹΞ.

358 4425 455 4478 καὶ
484 4424 636 4478 αὐτοὶ
664 4424 872 4490 ἔλαϐον,
902 4427 996 4479 καὶ
1027 4427 1270 4495 ἔγνωσαν
1298 4427 1513 4498 ἀληθῶς
1549 4430 1632 4481 ὅτι
1661 4429 1812 4500 παρά
1842 4428 1934 4481 σοῦ
1970 4430 2012 4484 D
2041 4422 2119 4492 τῷ
2150 4421 2366 4488 κόσμῳ,
2384 4415 2490 4500 -ῐνςξ
2509 4413 2673 4484 ἔχωσι
2705 4416 2804 4487 τὴν
2827 4415 3000 4486 χαρὰν
3034 4415 3130 4485 τὴν
3161 4414 3300 4486 ἐμὴν
3330 4414 3620 4486 πεπληρω-

362 4505 606 4575 ὲξῆλθον,
633 4508 727 4560 καὶ
752 4509 1078 4563 ἐπίστευσαν
1112 4511 1193 4564 ότι
1219 4510 1283 4562 σύ
1314 4527 1381 4580 με
1411 4510 1758 4574 ἀπέστειλας.

431 4589 466 4644 9
503 4589 644 4656 Ἐγὼ
672 4591 796 4662 περὶ
835 4591 1009 4644 αὐτῶν
1049 4591 1267 4662 ἐρωτῶ·
1301 4593 1360 4644 οὐ
1411 4593 1561 4661 παρά
1593 4592 1685 4646 τοῦ
1733 4593 1936 4662 κόσμου

361 4670 571 4741 ὲρωτῶ,
600 4671 735 4724 ἀλλά
765 4673 894 4742 περὶ
922 4667 998 4726 ὧν
1025 4673 1266 4733 δέδωκάς
1291 4690 1380 4744 μοι
1410 4674 1491 4726 ὅτι
1526 4674 1606 4726 σοί
1633 4677 1760 4727 εἱσι.

435 4753 504 4807 10
532 4753 642 4806 Καὶ
670 4753 738 4806 τὰ
768 4755 876 4825 ὲμά
902 4756 1080 4808 πάντα
1106 4756 1172 4809 σά
1198 4757 1335 4821 ἐστι,
1362 4757 1456 4809 καὶ
1487 4755 1556 4808 τὰ
1582 4756 1652 4810 σὰ
1678 4755 1817 4825 ἐμά·
1844 4755 1938 4808 καὶ

359 4832 686 4904 δεδόξασμαι
712 4835 770 4887 ὲν
802 4837 1003 4897 αὐτοῖς.

437 4915 496 4968 11
540 4915 649 4969 Καὶ
676 4918 777 4970 οὐκ
824 4916 905 4970 ἔτι
958 4919 1074 4987 εἰμὶ
1112 4920 1170 4970 ὲν
1198 4917 1276 4989 τῷ
1307 4919 1529 4988 κόσμῳ,
1576 4917 1670 4971 καὶ
1710 4911 1852 4971 οῦτοι
1881 4919 1940 4974 ὲν

363 4997 444 5067 τῷ
476 4998 668 5068 κόσμῳ
698 5000 806 5051 εἰσὶ
830 5040 845 5063 ,
885 5000 980 5052 καὶ
1038 4998 1149 5068 ἐγὼ
1181 5000 1314 5071 πρὸς
1361 5000 1421 5052 σὲ
1465 4999 1714 5071 ἔρχομαι.
1762 5001 1940 5071 Πάτερ

367 5079 522 5146 ἆγιε,
554 5082 792 5151 τήρησον
828 5081 1026 5144 αὐτοὺς
1055 5084 1113 5134 ὲν
1138 5082 1214 5150 τῷ
1243 5082 1466 5150 ὀνόματί
1495 5096 1588 5134 σου
1611 5120 1630 5148 ,
1659 5079 1754 5146 οὓς
1781 5081 1941 5135 δέδω-

369 5159 471 5222 κάς
497 5178 607 5230 μοι,
640 5162 728 5216 ἶνα
751 5157 883 5216 ὦσιν
911 5163 969 5216 ἓν
996 5162 1176 5226 καθὼς
1209 5165 1389 5233 ἡμεῖς.

439 5243 508 5296 12
532 5243 661 5296 Ὅτε
684 5245 831 5316 ἢμην
864 5245 978 5314 μετ’
1014 5244 1191 5298 αὐτῶν
1221 5246 1277 5297 ἐν
1309 5245 1386 5314 τῷ
1418 5245 1604 5316 κόσμῳ
1630 5287 1645 5312 ,
1679 5245 1788 5314 ἐγὼ
1817 5248 1941 5317 ὲτή·

373 5339 501 5394 ρουν
521 5324 717 5390 αὐτοὺς
741 5329 799 5380 ιν
819 5327 898 5398 τῷ
925 5325 1148 5397 ὀνόματί
1175 5343 1266 5380 σου
1288 5344 1301 5356 ·
1324 5327 1416 5390 οὓς
1440 5326 1674 5391 δέδωκάς
1703 5345 1791 5399 μοι
1812 5327 1940 5396 ιφύ.

371 5402 532 5472 λαξα,
560 5409 654 5461 καὶ
685 5409 859 5473 οὐδεὶς
887 5409 944 5476 ἐξ
976 5409 1154 5463 αὐτῶν
1184 5408 1430 5462 ἀπώλετο
1458 5411 1508 5462 εί
1531 5411 1605 5480 μὴ
1634 5413 1664 5464 ὁ
1701 5411 1817 5475 υίὸς
1841 5411 1937 5481 τῆς

377 5485 686 5554 ἀπωλείαςο
725 5491 813 5545 ἴνα
848 5493 882 5562 ἡ
915 5493 1104 5564 Γραφὴ
1138 5491 1419 5563 πληρωθῇ.

449 5570 512 5638 13
541 5571 651 5626 Νῦν
688 5572 745 5627 δὲ
777 5575 907 5646 πρὸς
945 5575 1002 5628 σὲ
1049 5574 1315 5646 ἔρχομαι,
1361 5576 1453 5640 καὶ
1484 5575 1652 5629 ταῦτα
1687 5576 1831 5630 λαλῶ
1880 5575 1939 5632 ὲν

2048 4505 2212 4575 μένην
2249 4503 2304 4553 ὲν
2337 4498 2542 4560 αὐτοῖς.

2116 4587 2183 4638 14
2227 4579 2369 4648 Ἐγὼ
2402 4579 2608 4632 δέδωκα
2635 4578 2817 4640 αὐτοῖς
2852 4577 2944 4629 τὸν
2970 4577 3126 4644 λόγον
3158 4591 3251 4630 σου
3283 4617 3297 4641 ,
3336 4579 3428 4630 καὶ
3469 4579 3498 4629 ὁ
3527 4575 3619 4628 κό-

2047 4681 2179 4736 σμος
2224 4663 2483 4734 ἐμίσησεν
2505 4660 2720 4722 αὐτοὺς,
2747 4661 2829 4712 ὅτι
2857 4659 2957 4710 οὐκ
2993 4659 3131 4711 είσὶν
3159 4660 3224 4710 ἐκ
3250 4657 3345 4710 τοῦ
3387 4659 3616 4728 κόσμου,

2046 4747 2226 4810 καθὼς
2253 4742 2364 4812 ἐγὼ
2391 4742 2491 4795 οὐκ
2514 4743 2630 4812 εἰμὶ
2657 4743 2722 4795 ὲκ
2746 4739 2838 4794 τοῦ
2872 4739 3100 4809 κόσμου.

2116 4835 2183 4887 15
2235 4833 2348 4886 Οὐκ
2398 4828 2588 4900 ίραπῶ
2618 4828 2706 4881 ἵνα
2753 4828 2895 4901 ἄρῃς
2919 4827 3114 4890 αὐτοὺς
3147 4829 3211 4880 ἐκ
3253 4825 3347 4879 τοῦ
3388 4827 3616 4896 κόσμου,

2044 4918 2158 4971 ἀλλ’
2195 4918 2278 4969 ἵνα
2307 4916 2547 4987 τηρήσῃς
2574 4913 2770 4974 αὐτοὺς
2795 4911 2860 4964 ὲκ
2887 4908 2982 4962 τοῦ
3021 4908 3281 4980 πονηροῦ.

2123 4999 2188 5053 16
2233 4995 2327 5052 Ἐκ
2372 4995 2466 5050 τοῦ
2497 4995 2702 5066 κόσμου
2734 4994 2834 5046 οὐκ
2873 4993 3014 5055 aiat,
3043 4989 3223 5054 καθὼς
3269 4991 3378 5057 ἐγὼ
3412 4990 3475 5042 ἐκ
3522 4988 3615 5044 τοῦ

2047 5083 2252 5153 κόσμου
2277 5081 2376 5134 οὐκ
2402 5077 2541 5149 είμί.

2125 5165 2188 5217 17
2224 5163 2478 5230 Ἀγίασον
2523 5159 2719 5220 αὐτοῦς
2750 5158 2809 5209 ἐν
2843 5158 2915 5226 τῇ·
2948 5153 3172 5224 ἀληθείᾳ
3199 5169 3293 5207 σου
3315 5171 3328 5186 ο
3357 5155 3388 5208 ὁ
3410 5153 3564 5222 λόγος
3589 5154 3617 5208 ὁ

2048 5248 2139 5310 σὸς
2165 5243 2391 5316 ἀλήθειά
2415 5246 2552 5296 ἐστι.
2647 5287 2650 5291 ,

2122 5329 2188 5382 18
2217 5326 2415 5388 Καθὼς
2449 5325 2548 5394 ὲμὲ
2597 5321 2922 5384 ἀπέστειλας
2959 5322 3038 5383 είς
3066 5319 3156 5372 τὺν
3197 5319 3398 5391 κόσμον
3418 5361 3434 5388 ,
3462 5318 3616 5388 κάγὼ

2049 5407 2344 5463 ἀπέστειλα
2369 5407 2564 5468 αὐτοὺς
2589 5406 2668 5468 εἰς
2699 5405 2788 5457 τὸν
2818 5404 3038 5473 κόσμον.

2119 5490 2186 5544 19
2222 5491 2328 5542 Καὶ
2353 5489 2492 5558 ὑπὲρ
2518 5487 2697 5541 αὐτῶν
2723 5484 2834 5555 ἐγὼ
2869 5485 3078 5553 ἁγιάζω
3114 5483 3370 5554 ἐμαυτὸν,
3411 5482 3498 5539 ἵνα
3525 5484 3617 5544 καὶ

2049 5572 2202 5628 αὐτοὶ
2239 5567 2372 5628 ὦσιν
2406 5571 2724 5643 ἡγιασμένοι
2754 5571 2810 5623 ὲν
2835 5569 3079 5641 ἀληθείᾳ.
