3956 6202
243 220 345 280 905

238 339 352 393 Kal.
390 334 623 393 Πιλάτον
648 334 901 389 λίσσοντο
930 335 1237 407 συνήλυδες,
1265 336 1409 408 ὄφρα
1433 354 1525 391 κεν
1557 338 1759 403 αὐτῶν,

238 428 480 502 Χριστοῦ
507 427 838 493 θεσπεσίοιο,
874 428 969 483 καὶ
993 427 1272 500 ὁψιμόρων
1307 428 1401 483 δύο
1425 430 1639 499 φωτῶν,

237 520 514 594 Τρισσῶν,
543 519 894 575 πουλυόδοντι
924 520 1086 585 πόδες
1105 521 1396 592 τέμνοιντο
1429 522 1663 594 σιδήρῳ*

236 615 329 686 Μὴ
360 614 457 667 καὶ
490 613 584 667 ἐπὶ
618 615 872 684 σταυροῖο
907 614 1194 684 πεπηγότα
1231 613 1461 684 σώματα
1495 615 1689 687 μίμνῃ,

237 706 511 777 Ἕὸδομον
546 706 751 759 ὁππότε
781 705 983 774 φέγγος
1012 704 1291 760 ἐλεύσεται
1311 723 1324 737 °
1365 703 1433 779 ἦν
1458 708 1567 779 γὰρ
1590 708 1772 779 ἐκείνη

236 799 412 851 Πᾶσιν
449 796 782 850 Ἰουδαίοισιν
811 795 1119 866 ἀθέσφατος
1146 797 1368 869 ἔννομος
1394 797 1508 868 ἠὼς

233 889 476 956 Φέγγεος
496 888 835 959 έδδομάτοιο,
864 888 1035 959 τόπερ
1056 889 1273 943 δεδάασι
1303 891 1600 961 γεραίρειν.

232 980 307 1033 5'2
336 980 443 1032 Kal.
496 979 727 1050 στρατὸς
756 980 925 1048 ἐγγὺς
973 980 1127 1034 ἵκανε
1170 981 1487 1051 μιαιφόνος*
1526 983 1749 1054 ὑψιτενῆ
1774 986 1830 1038 δέ

235 1067 469 1139 Πρώτου
504 1069 604 1141 μὲν
628 1069 911 1141 διέτεμνεν
939 1069 1224 1143 ἀλοιητῆρι
1250 1072 1452 1143 σιδήρῳ

232 1162 522 1233 Μειλιχίου
553 1162 691 1216 πόδα
719 1161 900 1216 δισσόν
917 1178 930 1193 ·
957 1163 1051 1216 ἐπὶ
1086 1164 1305 1235 σταυρῷ
1326 1164 1382 1217 δὲ
1412 1163 1656 1229 δεθέντος

237 1251 439 1307 Ἀλλου
461 1251 778 1323 νυκτιλόχου
809 1250 1067 1323 διδύμους
1097 1253 1266 1318 πόδας
1296 1254 1419 1327 ἄορι
1450 1255 1645 1325 κόψας,

230 1343 504 1417 Δεύτερον
532 1343 823 1416 ἐπρήνιξεν
848 1343 1141 1398 ἐπεσϐόλον
1169 1344 1281 1411 ὀξέϊ
1320 1345 1538 1417 πότμῳ.

231 1437 306 1491 33
347 1433 555 1507 Ἰησοῦν
580 1435 625 1488 δ’
652 1435 740 1487 ὅτε
774 1433 968 1505 νεκρὸν
1003 1435 1319 1507 ἐσέδρακον,
1347 1431 1436 1489 οἷα
1465 1437 1736 1502 θανόντος,

229 1529 313 1583 Οὐ
356 1528 522 1590 πόδας
543 1526 804 1598 ὴλοίησαν
841 1526 1117 1598 ὁμόζυγας
1146 1526 1306 1597 ὴθάδι
1336 1528 1545 1599 χαλκῷ*

231 1620 307 1675 54
355 1618 517 1673 Ἀλλὰ
553 1617 728 1690 θορὼν
752 1619 1016 1689 ἀκίχητος
1049 1618 1189 1690 ἀνὴρ
1229 1620 1500 1691 ἁνεμὼδεῖ
1522 1619 1712 1691 λόγχῃ,
1801 1622 1807 1629 “

231 1711 488 1782 Πλευρὴν
518 1713 653 1764 πᾶσι
692 1711 960 1782 μέλουσαν
988 1711 1206 1781 ἀφειδέῖ
1240 1710 1367 1777 νύξε
1403 1713 1645 1784 μαχαίρῃ
1670 1729 1683 1741 ·

230 1803 347 1857 Καὶ
376 1803 629 1873 διδύμαις
660 1803 971 1857 λιϐάδεσσιν
1013 1802 1122 1856 ἀπὸ
1153 1802 1407 1873 πλευροῖο
1433 1804 1698 1867 τυπέντος

230 1895 439 1967 Πρῶτα
471 1896 572 1967 μὲν
594 1890 739 1966 αἷμα
767 1894 928 1966 χύθη,
964 1894 1261 1967 μετέπειτα
1292 1896 1349 1950 δέ
1377 1895 1632 1950 θέσκελον
1661 1895 1825 1969 ὕδωρ.

228 1988 301 2042 55
351 1988 517 2060 ’Δνὴρ
548 1988 596 2041 δ’
633 1988 783 2051 ὅστις
814 1987 1058 2051 ὄπωπεν,
1186 1987 1500 2043 πιστώσατο
1531 1988 1686 2059 μύθῳ

226 2081 561 2152 Παρτυρίην
595 2079 882 2135 ἀτίνακτον
904 2098 919 2113 ’
952 2081 1285 2154 ἁριστονόοιο
1312 2080 1369 2134 δὲ
1401 2080 1580 2134 κείνου

231 2173 420 2243 Ἴδμεν
442 2172 524 2226 ὅτι
547 2171 715 2243 ζαθέη
745 2172 840 2225 καὶ
863 2172 1130 2243 ἐτήτυμος
1154 2170 1345 2226 ἔπλετο
1371 2172 1542 2243 φωνή.

227 2264 300 2319 36
324 2263 515 2319 Ταῦτα
539 2265 596 2318 δὲ
624 2264 803 2319 πάντα
834 2264 1119 2331 πέλεσκεν,
1155 2265 1303 2329 ὅπως
1331 2264 1463 2329 ἔπος
1491 2263 1723 2337 ἔμπεδον
1739 2266 1827 2338 εῐη

232 2358 305 2409 Ὃ
347 2356 523 2429 ζαθέῃ
554 2356 822 2429 φόρμιγγι
864 2356 1150 2428 μελίπνοος
1182 2356 1372 2411 ἔννεπε
1407 2356 1610 2428 μολπὴ,

230 2450 459 2522 Χρωτὸς
492 2451 813 2522 ἀμωμήτοιο
845 2450 1212 2521 προάγγελοςο
1247 2450 1413 2505 Οὐδὲν
1444 2450 1537 2504 ἀπ’
1563 2450 1731 2506 αὑτοῦ

229 2541 596 2612 Κεκριμένων
628 2539 836 2611 μελέων
866 2540 1227 2612 τετριμμένον
1259 2541 1446 2596 ὀστέον
1469 2539 1643 2597 ἔσται.

232 2632 307 2686 37
336 2631 450 2685 Kal.
471 2630 697 2702 φέρεται
712 2630 869 2700 λόγος
890 2630 1069 2695 ἄλλος.
1093 2631 1151 2684 ὃν
1172 2630 1359 2684 ἔννεπε
1377 2631 1631 2698 θέσκελος
1645 2634 1790 2707 ἀνήρ
1807 2649 1824 2667 ·

235 2722 505 2793 Ὄψονται
535 2722 673 2793 πρὸς
707 2723 913 2775 ἐκεῖνον
944 2721 1003 2775 δν
1028 2720 1288 2787 οὕτασαν,
1318 2723 1467 2788 ὅστις
1501 2725 1754 2788 ὀπάσσει,

232 2813 439 2884 Ποινὴν
464 2812 807 2884 ὀψιτέλεστον
838 2812 1109 2883 ἀμοιόάδα
1138 2813 1355 2885 κέντορι
1383 2814 1575 2887 λόγχῃ.

302 2905 378 2960 38
410 2904 522 2957 Καὶ
540 2904 772 2958 Πιλάτον
797 2903 1093 2974 μετέπειτα
1116 2902 1293 2957 λαθὼν
1321 2905 1565 2959 ἱκέτευεν
1600 2906 1823 2979 Ἰωσὴφ,

1126 214 1616 273 PARAPIIRASIS
1656 215 1722 271 IN
1762 214 2101 277 JOANNEM.
2144 251 2213 264 —-
2253 220 2408 277 CAP.
2455 218 2599 275 XIX.

3401 225 3507 283 906

1859 342 1908 399 Δ
1937 338 2155 395 domum
2180 339 2307 396 elati
2343 338 2669 395 amuxerunt
2702 336 2947 412 praesidis
2981 357 2994 393 :
3027 337 3091 394 Et
3119 338 3351 398 Pilatum
3387 360 3506 415 pre-

1932 428 2200 483 cabantur
2228 427 2567 501 congregati,
2591 437 2653 484 ut
2676 430 2939 500 ipsorum,
2974 428 3180 487 Christi
3210 430 3404 497 divini,
3455 441 3510 490 et

1932 532 2057 573 sero
2084 518 2434 573 morientium
2463 518 2698 573 duorum
2732 520 2999 587 virorum,
3025 520 3345 590 Trinorum,
3376 526 3501 578 mul-

1933 615 2019 662 tos
2045 607 2237 664 dentes
2269 608 2499 663 habente
2526 608 2691 679 pedes
2714 617 3028 665 secarentur
3047 610 3225 669 ferro:
3251 612 3330 670 Ne
3344 615 3509 669 etiam

1934 698 1986 752 in
2019 714 2183 755 cruce
2211 699 2314 754 lixa
2349 715 2583 770 corpora
2624 709 2929 765 manerent,
2954 699 3256 772 Septimum
3291 708 3512 776 quando

1934 791 2112 845 lumen
2144 793 2383 859 veniret;
2416 800 2534 848 erat
2561 792 2705 847 enim
2746 794 2834 846 illa
2877 790 3142 852 Omnibus
3176 795 3377 852 Iudmis
3405 799 3502 852 im-

1934 898 2119 938 mensa
2154 883 2390 953 legitima
2430 899 2630 939 aurora
2672 883 2834 940 Lucis
2868 886 3111 955 septima:
3145 903 3307 957 quam
3348 905 3509 946 nove-

1932 983 2060 1029 runt
2091 976 2378 1031 honorare.
2415 978 2484 1031 32
2515 978 2579 1031 Et
2612 978 2885 1033 exercitus
2929 994 3094 1049 prope
3127 982 3360 1038 accessit
3384 998 3504 1039 sau-

1929 1067 2243 1139 guinarius;
2272 1070 2381 1122 alte
2410 1076 2695 1124 extensum
2730 1084 2862 1125 vero
2896 1068 3301 1143 Primiquidem
3333 1074 3502 1131 disse-

1930 1158 2041 1213 cuit
2058 1158 2382 1227 penetrabili
2402 1157 2544 1215 ferro
2557 1158 2764 1214 Placidi
2783 1160 2971 1230 pedem
2990 1160 3283 1232 duplicem;
3296 1165 3363 1222 ad
3384 1181 3507 1220 cru-

1930 1264 2047 1305 cem
2070 1257 2249 1305 autem
2268 1250 2472 1321 alligati
2488 1250 2727 1308 Alterius
2746 1253 2996 1308 nocturni
3021 1254 3248 1317 latronis
3266 1257 3519 1327 geminos

1932 1343 2096 1413 pedes
2127 1342 2306 1414 gladio
2347 1342 2620 1409 tundens,
2643 1344 2890 1400 Alterum
2923 1347 3280 1417 praecipitavit
3321 1354 3503 1406 convi-

1929 1434 2190 1490 ciatorem
2215 1435 2378 1491 celeri
2408 1444 2607 1492 morte.
2636 1436 2706 1491 55
2734 1435 2923 1492 Jesum
2955 1453 3084 1494 vero
3111 1443 3328 1509 quando
3362 1458 3513 1498 mor-

1931 1538 2082 1581 tuum
2119 1527 2390 1591 viderunt,
2422 1537 2681 1598 tanquam
2713 1530 2917 1584 mortui
2950 1528 3068 1586 Non
3093 1532 3259 1601 pedes
3287 1548 3509 1603 percus<~

1931 1627 2121 1673 serunt
2155 1618 2473 1689 conjugatos
2505 1626 2770 1675 consueto
2810 1618 2955 1675 ferro
2986 1641 2999 1675 :
3038 1621 3107 1674 54
3138 1619 3245 1676 Sed
3282 1638 3515 1678 currens

1860 1687 1902 1741 Β
1933 1708 2502 1780 incomprehensibilis
2524 1710 2723 1766 virlevi
2745 1712 2933 1766 lancea
2962 1711 3131 1768 Latus
3154 1713 3381 1769 charum
3406 1730 3515 1771 non

1931 1801 2176 1871 parcenti
2220 1801 2528 1857 vulneravit
2566 1802 2781 1873 gladio;
2839 1801 2905 1857 Et
2942 1805 3175 1875 geminis
3209 1806 3516 1876 liquoribus

1930 1910 1997 1948 ex
2026 1894 2198 1950 latere
2229 1910 2513 1965 percusso,
2538 1893 2783 1951 Primum
2813 1896 3034 1967 quidem
3068 1900 3292 1969 sanguis
3307 1899 3516 1957 eﬂusus

1929 1994 2035 2050 est,
2068 1985 2265 2042 deinde
2294 2002 2424 2042 vero
2468 1987 2651 2041 divina
2693 2001 2856 2057 aqua.
2887 1988 2957 2042 55
2979 1987 3077 2043 Vir
3103 2001 3285 2045 autem
3316 1992 3406 2061 qui
3439 1993 3517 2045 vi-

1930 2078 2029 2143 dit,
2058 2091 2160 2133 suo
2188 2077 2532 2133 confirmavit
2583 2094 2837 2134 sermone
2885 2078 3282 2135 Testimonium
3314 2082 3515 2138 immo-

1929 2179 2096 2227 tum:
2149 2178 2331 2226 mente
2384 2177 2568 2225 autem
2618 2172 2822 2242 optima
2852 2171 3062 2242 praediti
3115 2174 3263 2230 illius
3296 2173 3515 2231 Scimus

1928 2262 2075 2335 quod
2107 2263 2294 2319 divina
2324 2270 2378 2318 et
2417 2278 2543 2318 vera
2575 2272 2659 2320 est
2686 2280 2813 2320 vox.
2846 2266 2915 2320 56
2945 2265 3070 2323 Haec
3092 2276 3273 2324 autem
3330 2272 3514 2325 omnia

1930 2354 2153 2422 ﬁebant,
2173 2362 2235 2409 ut
2259 2354 2466 2410 dictum
2494 2354 2708 2410 firmum
2731 2366 2877 2413 esset
2904 2357 3062 2425 Quod
3085 2360 3269 2415 divina
3299 2361 3514 2417 cithara

1931 2449 2173 2504 suaviter
2206 2448 2425 2517 spirans
2458 2448 2597 2502 dixit
2624 2457 2841 2515 cantus,
2865 2449 3127 2521 Corporis
3164 2452 3514 2523 irreprehen-

1931 2540 2108 2597 sibilis
2155 2538 2496 2611 praenuntius
2539 2556 2553 2593 :
2602 2536 2821 2593 Nullum
2867 2554 2935 2594 ex
2976 2540 3094 2610 ipso
3140 2540 3514 2599 Discretorum

1929 2632 2300 2689 membrorum
2334 2629 2629 2685 contritum
2670 2645 2736 2686 os
2770 2630 2893 2686 erit.
2940 2630 3010 2685 57
3040 2631 3105 2685 Et
3136 2631 3308 2688 fertur
3332 2649 3516 2690 sermo

1929 2727 2070 2782 alius
2097 2740 2257 2797 quem
2288 2723 2428 2779 dixit
2471 2722 2687 2776 divinus
2717 2722 2802 2776 vir
2830 2742 2843 2778 :
2880 2722 3155 2779 Videbunt
3196 2742 3320 2781 eum
3352 2744 3515 2798 quem

1928 2819 2306 2880 vulnerarunt,
2332 2815 2424 2885 qui
2472 2812 2736 2884 prabebit
2782 2812 3008 2868 Pmnam
3058 2831 3183 2871 sero
3214 2816 3515 2886 perfectam

1928 2908 2426 2982 compensationem
2476 2904 2778 2960 stimulanti
2816 2904 3037 2961 lanceae.

229 2996 401 3068 206
434 2996 647 3068 Τάρῦος
691 2995 959 3050 Ἰουδαίων
1003 2995 1458 3068 πεφυλαγμένος·
1518 2997 1578 3062 ὃς
1616 3000 1686 3069 ῥα
1731 3002 1803 3054 κα

2010 3004 2079 3059 58
2110 3001 2175 3056 Ει
2204 3001 2436 3055 Pilatum
2474 2997 2735 3066 deinceps
2765 2997 2905 3051 clam
2934 2996 3260 3066 precabatur
3288 2994 3511 3068 Ioseph.

1559 3089 1749 3163 [αὐτὸς

242 3181 539 3253 Ἀπροῖδὴς
560 3182 818 3250 Χριστοῖο
852 3180 1110 3252 φιλήκοος
1136 3178 1262 3234 ἔσκε
1297 3181 1569 3252 μαθητὴς,

240 3275 343 3327 Ἐκ
373 3272 644 3343 στόματος
670 3271 886 3337 ζαθέοιο
923 3271 1085 3341 σοφὸν
1124 3272 1267 3340 γάλα
1314 3272 1504 3326 πιστὸν
1542 3272 1819 3345 ἀμέλγων.

228 3361 405 3429 Οὗτος
439 3363 535 3417 ίὼν
564 3365 827 3429 ἱκέτευεν,
860 3365 1175 3436 ὑπωρόφιον
1202 3364 1330 3433 γόνυ
1364 3366 1654 3435 κάμπτων,

233 3460 526 3530 Ὀρχαμον
558 3458 781 3522 αἰτίζων
807 3457 971 3511 νέκυν
1002 3456 1183 3510 ἔνθεον
1208 3471 1221 3487 ⁸
1263 3456 1441 3528 αὐτὰρ
1467 3458 1495 3510 6
1525 3457 1733 3529 χαίρων

231 3550 451 3621 Νεκρὸν
488 3549 785 3614 ἀειζώοντα
820 3548 1024 3602 θεουδέῖ
1042 3548 1182 3603 δῶκε
1214 3549 1400 3620 φορῆῖ.

232 3643 347 3695 Καὶ
376 3643 500 3695 ποδὶ
539 3641 778 3713 σιγαλέῳ
810 3640 1159 3705 νεκυοστόλος
1190 3635 1354 3712 ἦλθεν
1398 3639 1617 3711 Ἰωσήφ.

246 3733 475 3803 Ἐγγύθι
503 3734 562 3787 δέ
590 3736 843 3805 σταυροῖο
875 3732 1230 3803 πεπηγμένον
1262 3732 1431 3802 ἄκρον
1458 3732 1700 3803 ἐρείσας,

234 3824 445 3893 Δίζυγα
482 3824 681 3895 χαλκὸν
711 3825 898 3878 ἔλυσεν
925 3823 1235 3895 ἀκαχμένον
1261 3821 1375 3888 όξέῖ
1406 3823 1612 3895 δεσμῷ,

222 3902 348 3971 ¹Καὶ
379 3917 543 3971 νέκυν
566 3917 813 3988 ἐστηῶτα
837 3918 1119 3989 κατήγαγε
1142 3915 1345 3979 δείελος
1383 3914 1545 3986 ἀνὴρ,

237 4010 439 4078 Μρτον
462 4007 770 4080 ἐλαφρίζων
797 4007 1111 4079 θεοδέγμονι
1140 4008 1394 4078 κείμενον
1423 4005 1579 4077 ὤμῳ.

237 4102 307 4155 39
336 4098 511 4153 'ﬂme
534 4100 590 4153 δὲ
620 4102 717 4154 καλ⁸
752 4100 1085 4172 Νικόδημος,
1116 4100 1174 4164 ὃς
1213 4098 1379 4171 ἣλυθε
1410 4097 1606 4163 νυκτὸς
1646 4098 1828 4171 ὁδίτης

250 4191 341 4253 Ἐς
374 4190 616 4261 μέγαρον
642 4192 918 4261 Χριστοίο,
948 4189 1340 4260 φυλασσομένῳ
1361 4188 1483 4241 ποδὶ
1507 4188 1729 4260 βαίνων,

237 4281 498 4351 Σμύρναν
527 4280 677 4349 ᾆγων
707 4279 995 4344 θυόεσσαν,
1027 4279 1340 4351 ὲρυθραίοιο
1361 4278 1415 4333 δὲ
1451 4278 1630 4350 κήπου

250 4372 470 4443 Ἰνδῴης
504 4372 669 4443 ἀλόης
707 4372 1103 4442 δονακοτρεφὲς
1135 4370 1289 4442 ἔρνος
1314 4370 1576 4442 ἀρούρης,

238 4463 448 4536 Δίτρας
478 4465 577 4529 τὰς
599 4464 857 4518 καλέουσι
893 4463 1237 4536 φατιζομένῳ
1262 4462 1368 4515 τινὶ
1395 4464 1581 4533 μέτρῳ

242 4555 409 4628 ’Ᾱχρι
448 4558 577 4628 μιῆς
604 4555 805 4627 ζαθέης
848 4555 1218 4619 ἐκατοντάδος.
1252 4554 1320 4609 40
1348 4548 1447 4606 ’Ὧν
1474 4552 1589 4623 ἅμα
1630 4555 1828 4627 καρπῷ

1922 3097 2204 3174 ξοῚΡι-ξε
2220 3095 2414 3149 timore
2426 3090 2737 3147 Judmorum
2752 3089 3061 3158 cautus;qui
3081 3103 3212 3144 sane
3224 3090 3300 3145 eti
3309 3106 3402 3159 pse
3420 3090 3517 3144 Im-

1922 3190 2180 3265 provisus
2192 3185 2402 3241 Christi
2423 3182 2682 3239 audiendi
2704 3180 2937 3252 cupidus
2953 3188 3071 3236 erat
3093 3181 3419 3252 discipulus,
3434 3182 3515 3236 Ex

1923 3280 2216 3340 oredivino
2242 3276 2464 3347 sapiens
2486 3275 2570 3329 lac
2593 3272 2747 3328 fidele
2766 3272 3033 3343 mulgens.
3056 3272 3152 3328 Hic
3175 3274 3364 3330 abiens
3387 3290 3518 3345 sup-

1926 3373 2183 3447 plicabat,
2202 3367 2559 3424 domesticum
2571 3381 2711 3436 genu
2732 3365 2978 3429 ﬂectens,
3002 3367 3046 3418 A
3063 3366 3307 3437 principe
3327 3376 3517 3438 petens

1927 3471 2209 3519 mortuum
2251 3460 2521 3522 divinum;
2544 3458 2636 3513 sed
2667 3457 2758 3511 ille
2781 3458 3046 3527 gaudens,
3072 3457 3344 3514 Mortuum
3381 3475 3519 3514 scm-

1926 3571 2025 3626 per
2054 3553 2320 3608 viventem
2342 3549 2597 3620 religioso
2623 3548 2772 3603 dedit
2801 3549 3079 3619 gestatori.
3109 3548 3171 3603 Et
3193 3552 3328 3620 pede
3350 3553 3517 3606 tacito

1930 3654 2177 3701 mortuos
2214 3644 2598 3698 transmittens
2650 3642 2799 3695 venit
2844 3639 3066 3711 Joscph.
3112 3641 3277 3697 Juxta
3334 3655 3514 3699 autem

1930 3753 2151 3793 crucem
2206 3735 2371 3790 lixum
2406 3734 2693 3804 vestigium
2757 3733 3008 3792 fulciens.
3056 3732 3261 3803 Duplex
3309 3734 3515 3790 ferrum

1930 3823 2472 3895 solvitperferratum
2514 3831 2675 3876 acuto
2696 3821 2935 3885 vinculo,
2963 3821 3029 3876 Et
3060 3830 3335 3879 mortuum
3373 3826 3517 3880 inni-

1931 3932 2059 3971 xum
2088 3914 2311 3970 deduxit
2340 3913 2691 3983 vespertinus
2728 3912 2830 3977 vir,
2859 3912 3011 3969 Onus
3034 3914 3221 3970 levans
3242 3914 3408 3971 Deum
3430 3932 3517 3971 re-

1931 4008 2154 4079 cipienti
2182 4007 2375 4078 jacens
2406 4006 2461 4061 in
2504 4005 2750 4060 humero.
2779 4004 2848 4059 59
2874 4003 3035 4059 Venit
3069 4014 3250 4061 autem
3285 4007 3519 4063 etNico-

1932 4098 2146 4165 demus,
2183 4099 2275 4170 qui
2306 4104 2530 4153 venerat
2554 4104 2717 4151 noctu
2744 4097 2921 4151 viator
2950 4096 3009 4152 In
3035 4098 3257 4153 domum
3288 4099 3515 4162 Christi,

1934 4198 2098 4245 cauto
2124 4189 2258 4260 pede
2284 4188 2567 4251 incedens,
2592 4185 2870 4259 Myrrham
2924 4188 3106 4245 ferens
3156 4178 3545 4261 fragrantem.‘

1935 4282 2230 4337 rubicundi
2270 4282 2433 4336 etiam
2475 4281 2618 4336 horti
2660 4279 2856 4335 Indicae
2894 4281 3043 4337 aloes
3071 4281 3127 4336 in
3154 4282 3519 4337 arundinibus

1861 4366 1907 4422 Ι)
1935 4389 2192 4431 crescens
2219 4389 2440 4445 germen
2481 4380 2663 4437 terrae,
2703 4370 2899 4427 Libras
2929 4388 3068 4443 quas
3108 4381 3307 4428 vocant
3342 4373 3519 4428 nomi-

1936 4474 2064 4522 nata
2103 4467 2342 4538 quadam
2377 4479 2632 4520 mensura
2669 4464 2857 4535 Usque
2895 4465 2963 4519 ad
2994 4469 3373 4522 centenarium
3411 4487 3515 4525 nu-

1937 4574 2170 4613 merum.
2206 4559 2276 4613 40
2324 4557 2570 4623 Quorum
2617 4556 2782 4612 simul
2827 4572 2952 4611 cum
3006 4556 3186 4612 fructu
3236 4558 3519 4616 Tenuibus

1458 4665 1693 4723 TEXTU
1705 4666 1744 4721 S
1778 4666 2006 4724 EVANG
2020 4670 2081 4720 El
2095 4668 2311 4724 ΝΤΞ.

312 4769 383 4825 52
418 4766 625 4823 Ἦλθον
660 4762 752 4822 οὖν
777 4768 824 4821 οἱ
857 4766 1209 4838 στρατιῶται.
1238 4764 1333 4817 καὶ
1358 4761 1453 4817 τοῦ
1486 4763 1584 4834 μὲν
1610 4763 1828 4835 πρώτου

237 4854 517 4920 κατέαξαν
544 4852 614 4906 τὰ
637 4851 827 4922 σκέλη,
860 4851 954 4905 καὶ
978 4849 1072 4903 τοῦ
1099 4848 1261 4903 ἄλλου
1290 4846 1385 4900 τοῦ
1416 4846 1830 4917 συσταυρωθέν-

235 4954 333 5001 τος
372 4937 551 5006 αὐτῷ·

314 5021 384 5076 33
435 5020 559 5073 Ἐπὶ
602 5020 659 5073 δὲ
699 5019 791 5073 τὸν
832 5016 1039 5086 Ἰησοῦν
1072 5015 1343 5077 ἐλθόντες,
1390 5012 1463 5075 ὡς
1502 5007 1640 5065 εἶδον
1668 5012 1831 5067 αὐτὸν

235 5104 346 5174 ἤδη
372 5102 696 5173 τεθνηκότα,
725 5103 784 5155 ού
813 5098 1087 5163 κατέαξαν
1116 5096 1284 5152 αὑτοῦ
1318 5097 1387 5148 τὰ
1416 5095 1582 5165 σκέλη
1600 5112 1613 5125 ·

317 5187 387 5241 54
438 5188 576 5240 Ἀλλ’
612 5182 694 5251 εἷς
738 5186 847 5239 τῶν
894 5181 1245 5255 στρατιωτῶν
1292 5180 1459 5249 λόγχῃ
1510 5178 1677 5231 αὐτοῦ
1732 5179 1835 5249 τὴν

235 5269 489 5335 πλευρὰν
524 5270 701 5334 ἕνυξε,
740 5270 836 5322 καὶ
864 5267 1027 5329 εὐθὺς
1060 5264 1285 5333 ἐξῆλθεν
1311 5259 1449 5332 αἷμα
1471 5262 1566 5314 καὶ
1594 5262 1760 5336 ὕδωρ.

316 5353 387 5407 55
418 5353 529 5407 Καὶ
558 5356 587 5406 6
616 5351 880 5423 ἑωρακὼς
904 5348 1322 5421 μεμαρτύρηκε,
1353 5345 1447 5399 καὶ
1472 5345 1699 5419 ἀληθινὴ
1733 5347 1833 5401 αύ-

233 5434 340 5491 τοῦ
365 5437 513 5489 ἐστιν
535 5438 569 5506 ὴ
600 5435 903 5507 μαρτυρίαι
928 5434 1178 5493 κάκεῖνος
1200 5425 1340 5483 οἶδεν
1365 5429 1447 5482 ὅτι
1468 5427 1639 5501 ἁληυῆ
1662 5430 1831 5500 λέγει,

237 5521 339 5573 ἵνα
374 5520 535 5589 ὑμεῖς
562 5518 893 5587 πιστεύσητε
909 5534 922 5547 ·

320 5603 391 5657 36
438 5602 689 5672 Ἐγένετο
742 5600 852 5672 γὰρ
879 5597 1052 5654 ταῦτα
1083 5598 1170 5649 ἵνα
1211 5597 1245 5665 ἠ
1292 5596 1485 5667 Γραφὴ
1532 5594 1829 5670 πληρωθῇ

247 5688 483 5743 Ὀστοῦν
513 5688 576 5743 ού
604 5687 1021 5757 συντριϐήσεται
1049 5679 1237 5735 αὑτοῦ.

619 5780 892 5843 Ρηιιοι..
921 5778 1041 5840 Gn.
1089 5772 1309 5836 XLIII.

2005 4767 2072 4821 57
2102 4767 2212 4819 Καὶ
2240 4764 2403 4819 πάλιν
2437 4764 2603 4834 ἑτέρα
2638 4762 2829 4834 Γραφὴ
2858 4761 3004 4831 λέγει
3023 4777 3037 4791 ·
3066 4762 3324 4832 Ὄψονται
3351 4766 3432 4831 είς
3459 4767 3520 4821 όν

1934 4862 2313 4933 ἐξεκέντησαν.

2002 4961 2072 5015 58
2112 4958 2266 5013 Μετὰ
2295 4959 2351 5012 δὲ
2378 4957 2553 5012 ταῦτα
2580 4955 2835 5029 ἠρώτησε
2869 4956 2960 5010 τὸν
2987 4958 3218 5012 Πιλάτον
3251 4961 3281 5013 6
3322 4961 3521 5034 Ἰωσὴφ

1930 5048 1959 5099 6
1988 5045 2096 5098 ἀπὸ
2130 5042 2490 5115 Ἁριμαθαίας
2525 5040 2621 5113 (ὣν
2647 5041 2895 5113 μαθητὴς
2930 5042 3025 5096 τοῦ
3060 5044 3257 5116 Ἰησοῦ,
3286 5063 3525 5117 κεκρυμ-

1937 5129 2095 5199 μένος
2132 5128 2190 5180 δὲ
2228 5128 2318 5181 διὰ
2358 5128 2449 5180 τὸν
2478 5126 2643 5196 φόϐον
2685 5125 2796 5179 τῶν
2843 5127 3151 5197 Ἰουδαίων).
3180 5130 3265 5181 ἵνα
3312 5131 3418 5201 ἄρῃ
3460 5132 3522 5185 τὸ

1938 5213 2098 5284 σῶμα
2127 5212 2222 5265 τοῦ
2274 5210 2450 5281 Ἰησοῦ
2468 5229 2480 5243 ·
2514 5211 2609 5264 καὶ
2651 5211 2950 5281 ἐπέτρεψεν
2980 5213 3009 5263 6
3034 5210 3284 5277 Πιλᾶτος.
3314 5207 3521 5267 Ἦλθεν

1935 5293 2029 5351 οὖν
2062 5298 2156 5351 καὶ
2182 5292 2283 5367 ἦρε
2324 5295 2384 5347 τὸ
2422 5295 2583 5364 σῶμα
2616 5295 2709 5346 τοῦ
2756 5294 2953 5364 Ἰησοῦ.

2010 5394 2078 5449 39
2116 5388 2289 5445 Ἦλθε
2311 5391 2367 5443 δὲ
2402 5390 2497 5443 καὶ
2529 5389 2836 5460 Νικόδημος
2863 5389 2912 5459 (6
2934 5387 3104 5443 ἐλθὼν
3133 5390 3270 5462 πρὸς
3294 5390 3387 5446 τόν
3423 5394 3525 5468 Ἰη.

1942 5488 2070 5544 σοῦν
2107 5488 2300 5551 νυκτὸς
2336 5485 2638 5558 τοπρῶτον)
2690 5485 2872 5557 φέρων
2930 5485 3110 5558 μίγμα
3152 5489 3401 5562 σμύρνης
3428 5492 3523 5547 καὶ

1939 5586 2105 5656 ἀλόης
2132 5583 2263 5637 ὡσεὶ
2290 5583 2477 5653 λίτρας
2512 5583 2726 5637 ἑκατόν.

2012 5683 2081 5739 40
2110 5680 2340 5737 Ἐλαὸον
2372 5677 2462 5736 οὖν
2496 5682 2555 5736 τὸ
2610 5681 2768 5754 σῶμα
2800 5679 2894 5736 τοῦ
2954 5683 3151 5756 Ἰησοῦ,
3189 5683 3283 5737 καὶ
3327 5684 3522 5755 ἔδησαν

3206 5775 3287 5841 '29
