3956 6202
497 205 600 262 907

1717 198 1926 254 NONNI
1973 197 2478 256 PANOPOLlTANl
3620 206 3715 263 θοι

503 321 684 378 linteis
716 319 1006 376 cinxerunt
1035 317 1237 372 mortui
1261 315 1498 386 Corpus,
1534 315 1820 388 multiplici
1849 317 2071 371 circum-

2180 315 2520 379 Λεπταλέαις
2550 313 2796 385 ὀθόνῃσιν
2829 315 3204 386 ἐμιτρώσαντο
3237 316 3477 383 θανόντος

503 410 839 467 volutionum
865 407 1129 478 fragranti
1157 405 1398 468 vinculo,
1426 403 1494 457 Ut
1524 419 1643 459 mos
1668 402 1970 459 estJudaeis
2001 419 2080 457 se-

501 499 772 570 pulcrales
796 500 934 552 ritus
959 510 1198 552 servare.
1228 495 1289 548 41
1327 495 1455 549 Erat
1481 503 1662 549 autem
1701 495 1973 565 quoddam
2004 495 2076 548 ibi

500 589 810 660 sepulcrum
859 587 1111 642 sublimis
1145 585 1300 640 collis
1330 585 1485 655 juxta
1543 585 1743 650 locum,
1798 585 2076 639 Christum

503 680 593 734 ubi
613 679 796 734 crucis
812 677 1081 732 conclusit
1101 677 1358 746 repagulo
1379 676 1612 731 Immitis
1635 676 1850 731 hostilis
1877 686 2072 731 coetus.

509 768 638 824 Erat
673 770 836 822 etiam
868 767 923 822 in
958 768 1138 822 vicino
1183 767 1343 821 horto
1376 765 1699 836 Sepulcrum
1731 767 1853 820 rudi
1885 775 2077 822 cavato

498 876 530 916 ο
559 875 714 925 saxo,
747 858 1030 929 Sculptum
1064 867 1257 925 totum,
1287 859 1497 914 noviter
1526 867 1888 914 exstructum.
1918 857 1974 912 In
2007 859 2078 913 la-

504 949 696 1017 pidoso
729 957 909 1002 autem
945 948 1200 1018 sepulcro
1234 947 1487 1002 Nondum
1538 959 1792 1003 mortuus
1828 949 2077 1018 jacuerat

502 1039 862 1109 sepulcralem
898 1046 1099 1092 terram
1157 1048 1481 1093 assecutus:
1524 1037 1630 1093 Sed
1680 1040 1915 1109 sepulcri
1953 1040 2073 1109 puri

503 1130 805 1200 pervadens
827 1127 1114 1184 hortensis
1136 1144 1268 1183 aura
1297 1127 1501 1183 Locum
1536 1129 1795 1198 perﬂabat
1820 1147 1834 1180 :
1863 1147 1970 1200 quo
2001 1132 2075 1184 la-

505 1223 758 1277 boriosus
782 1220 982 1290 Joseph
1016 1219 1204 1274 Jcsum
1235 1220 1430 1275 detulit
1457 1235 1560 1275 suo
1592 1230 1863 1291 gestatum
1890 1222 2076 1276 hume-

502 1331 583 1370 ro.
620 1317 690 1369 49.
731 1313 795 1369 Et
846 1323 1117 1368 mortuum
1154 1329 1260 1368 non
1314 1321 1623 1370 manentem
1674 1314 1727 1367 in
1769 1314 2075 1384 lapidosum

503 1407 682 1474 posuit
719 1405 972 1458 humilem
1012 1407 1233 1468 lectum,
1285 1403 1559 1458 Mortuum
1617 1419 1836 1472 semper
1867 1405 2072 1468 vivum,

501 1495 811 1550 triduanum
850 1495 902 1547 in
940 1493 1171 1556 tumulo,
1207 1493 1289 1548 Ad
1311 1495 1623 1564 sepulcrum
1659 1495 1774 1550 suis
1800 1494 2075 1551 radicibus

502 1584 762 1646 innitens.
795 1599 904 1637 non
937 1581 1285 1638 testiﬁcatum
1315 1598 1452 1654 opus
1481 1593 1670 1638 texens
1713 1602 1726 1637 :
1759 1583 1897 1650 Quia
1930 1585 2071 1655 apud

2181 408 2367 478 Σῶμα,
2401 405 2756 476 πολυπλέκτῳ
2785 405 2977 459 ἑλίκων
3005 407 3194 461 εὐώδεϊ
3215 408 3415 479 δεσμῷ,

2189 498 2278 560 Ὡς
2305 497 2426 560 ἔθος
2463 497 2732 568 Ἑϐραίοις
2755 497 3054 568 ἐπιτύμϐια
3082 499 3259 570 θεσμά
3302 501 3602 569 φυλάσσειν.

2177 588 2238 642 Η
2273 585 2381 642 Ἦν
2401 588 2457 641 δέ
2491 607 2573 652 τις
2599 588 2786 641 αὐτόθι
2816 589 3020 660 τύμϐος
3055 592 3361 663 ἀερσιλόφῳ
3384 593 3528 664 παρὰ
3560 595 3716 667 χώρῳ,

2179 676 2411 749 Χριστὸν
2445 679 2550 749 ὅπη
2589 683 2840 750 σταυροῖο
2873 680 3268 750 συνεκλήῖσσαν
3294 684 3417 752 ὀχῆῐ

2176 769 2362 839 Νηλὴς
2395 768 2585 840 ἐχθρὸς
2616 769 2804 840 ὅμιλος
2823 787 2837 803 ·
2879 769 2972 842 ἔην
3001 770 3044 824 δ’
3075 773 3154 824 ἐνὶ
3187 775 3389 840 γείτονι
3423 777 3576 846 κήπῳ

2177 858 2394 929 Τύμϐος
2420 859 2730 930 ἁδωμήτοιο
2751 858 3120 931 βαθυνομένης
3153 863 3260 915 άπὸ
3291 864 3514 934 πέτρης,

2175 949 2416 1028 Γλυπτδς
2442 949 2562 1012 ὅλος
2595 950 2908 1014 νεότευκτος
2929 968 2944 982 ·
2979 953 3038 1005 ἐν
3070 953 3316 1022 εύλάῖγγι
3339 954 3395 1006 δὲ
3425 954 3603 1024 τύμϐῳ

2177 1041 2341 1094 Οὔπω
2373 1042 2564 1112 νεκρὸς
2593 1043 2768 1096 ἔκειτο
2793 1045 2963 1114 χυτῆς
2995 1043 3267 1115 ψαμάθοιο
3299 1049 3564 1118 τυχήσας⁸

2189 1133 2348 1184 Ἀλλὰ
2377 1133 2546 1202 τάφου
2581 1133 2839 1206 καθαροῖο
2870 1135 3054 1202 φυτῶν
3083 1137 3374 1206 ἐπικήπιος
3399 1137 3538 1208 αύρη

2175 1227 2366 1298 Χῶρον
2393 1226 2764 1300 ἀνερρίπιζεν,
2799 1228 2906 1300 ὅπη
2931 1229 3233 1302 ταλαεργὸς
3279 1231 3478 1302 Ἰωσὴφ

2187 1318 2394 1388 Ἰησοῦν
2418 1319 2704 1389 ἐκόμισσεν
2733 1319 2806 1390 ἐῷ
2841 1321 3221 1392 πεφορημένον
3249 1322 3407 1394 ὤμῳ.

2174 1403 2244 1456 62
2271 1404 2382 1457 Kal
2409 1405 2570 1457 νέκυν
2603 1406 2664 1458 ού
2700 1407 2965 1477 μίμνοντα
3002 1407 3214 1461 λιθώδεῐ
3247 1409 3380 1478 θῆκε
3409 1411 3656 1481 χαμεύνῃ,

2174 1495 2384 1566 Νεκρὸν
2415 1496 2728 1562 άειζὼοντα,
2760 1500 3057 1570 τριήμερον
3103 1500 3272 1554 ἔνδοθι
3303 1501 3534 1572 τύμϐου,

2174 1586 2330 1656 Σῆμα
2353 1587 2483 1657 παρ’
2510 1586 2850 1658 αὐτόρριζον,
2880 1588 3192 1662 ἀμάρτυρον
3223 1590 3381 1661 ἔργον
3407 1591 3661 1660 ύφαίνων’

498 1674 716 1730 ,Ιιιόρεοε
746 1675 1050 1731 observatas.
1089 1691 1314 1731 cursum
1371 1677 1540 1741 hom,
1576 1675 1823 1730 Vicinam
1854 1684 2067 1730 noctem

2173 1678 2325 1731 Ὀττι
2351 1681 2479 1749 παρ’
2521 1679 2820 1750 Ἑϐραίοισι
2850 1681 3261 1754 φυλασσομένης
3291 1682 3495 1754 δρόμον
3510 1682 3659 1754 ὥρης,

502 1766 682 1820 ferens
709 1767 922 1821 initium
973 1767 1185 1821 sabbati
1235 1768 1477 1823 cucurrit
1522 1781 1718 1822 aurora
1754 1786 1767 1822 :
1811 1766 1975 1836 208
2006 1767 2070 1821 Et

500 1871 694 1913 rursus
711 1857 930 1912 domum
951 1857 1048 1911 ivit
1062 1855 1238 1912 latens
1263 1856 1826 1928 incomprehensibilis
1847 1855 2066 1926 Joseph.

1184 1971 1291 2025 AP.
1320 1969 1438 2026 XX.

1184 1971 1291 2025 AP.
1320 1970 1438 2026 XX.

575 2061 598 2114 ί
636 2059 754 2115 Una
789 2070 971 2115 autem
1008 1970 1364 2130 praetgrtente
1397 2069 1519 2131 post
1549 2059 1845 2116 Sabbatum
1875 2075 2072 2115 aurora

502 2150 814 2222 Magdalena
838 2151 1004 2206 Marla
1024 2153 1249 2223 lugubre
1275 2169 1438 2223 prope
1458 2153 1724 2207 tumulum
1751 2152 2072 2207 Matutinum

501 2244 791 2314 vestigium
825 2243 993 2308 ﬂexit,
1030 2244 1251 2314 quando
1277 2244 1588 2298 umbrosam
1611 2259 1704 2313 per
1742 2253 1943 2299 terram
1974 2243 2078 2298 No-

499 2344 590 2388 ctu
629 2351 900 2405 apparens
932 2351 1039 2390 non
1076 2337 1288 2406 signata
1313 2336 1580 2390 matutina
1603 2336 1774 2390 iverat
1800 2337 1987 2402 stella;
2009 2335 2074 2389 Et

502 2425 734 2494 lapidem
773 2426 1010 2478 liminari
1036 2433 1401 2479 transmotum
1441 2428 1510 2478 ab
1537 2427 1679 2481 ostio
1715 2426 1990 2496 lugentem
2017 2427 2072 2483 in

500 2517 812 2584 pavimento
857 2513 1182 2576 revolutum,
1210 2514 1422 2582 pondus
1451 2522 1632 2577 terrae,
1662 2514 1727 2567 Et
1756 2517 2070 2584 sepulcrum

496 2605 644 2658 videt
672 2604 895 2669 nudum,
927 2617 1033 2671 quo
1064 2609 1297 2657 onustus
1325 2601 1526 2673 Joscph
1551 2603 1734 2658 Jesum
1766 2605 1819 2658 in
1844 2621 2070 2675 parvum

498 2711 789 2750 arenosum
818 2695 1001 2764 posuit
1050 2694 1306 2749 humilem
1357 2694 1582 2750 lectum.
1625 2696 1702 2750 lbi
1737 2697 1934 2752 mulier
1976 2710 2072 2751 no-

497 2797 691 2841 cturna
726 2787 888 2856 pedes
915 2786 979 2840 ad
1009 2786 1246 2855 quietem
1279 2787 1603 2852 collocavit;
1635 2787 1690 2842 in
1733 2789 1855 2844 sinu
1891 2796 2069 2844 autem

499 2879 830 2932 Luctuosum
856 2884 1189 2948 unguentum
1208 2876 1854 2949 habebat,desertumque
1876 2881 2070 2934 lectum

2173 1767 2392 1822 Γείτονα
2417 1769 2589 1824 νύκτα
2621 1770 2861 1842 φέρουσα
2886 1772 3262 1844 προσάϐϐατος
3282 1773 3508 1844 ἔτρεχεν
3529 1773 3656 1842 ηὼς·

2173 1860 2338 1930 209
2355 1861 2465 1916 Kal
2480 1861 2641 1916 πάλιν
2659 1864 2716 1926 ἐς
2739 1863 2902 1934 δόμον
2919 1859 3048 1936 ἦλθε
3063 1863 3242 1919 λαθὼν
3254 1864 3516 1936 ἀκίχητος
3529 1866 3712 1934 Ἰωσήφ.

2815 1956 2972 2009 ΚΕΦ.
3015 1957 3100 2010 K'.

2245 2043 2270 2098 1
2305 2045 2383 2116 Τῇ
2414 2045 2469 2098 δὲ
2501 2047 2599 2117 μιῇ
2630 2043 2883 2118 φθαμένῃ
2913 2045 3049 2116 μετὰ
3074 2043 3343 2097 σάϐϐατον
3373 2042 3659 2113 ἠριγενείῃ,

2173 2139 2489 2211 Μαγδαλινὴ
2525 2140 2714 2210 Μαρίη
2747 2137 3099 2208 φιλοδάκρυος
3129 2135 3318 2205 ἐγγύθι
3348 2135 3557 2204 τύμϐου

2174 2230 2383 2302 Πρὼῖον
2411 2231 2555 2300 [χνος
2578 2230 2876 2301 ἔκαμπτεν,
2903 2230 2990 2283 ὅτε
3019 2228 3273 2282 σκιοειδέῖ
3297 2227 3426 2298 γαίη

2173 2323 2520 2396 Νυκτιφανὴς
2549 2324 2860 2395 άχάρακτος
2889 2322 3040 2386 ἐώῖος
3069 2324 3186 2393 ἤϊεν
3215 2322 3392 2391 ἀστήρ
3414 2337 3426 2349 ⁸

2173 2415 2282 2468 Kal
2307 2414 2454 2468 λίθον
2481 2414 2713 2468 ούδαίοιο
2741 2412 3154 2484 μετοχλισθέντα
3185 2412 3447 2484 θυρέτρου

2176 2507 2442 2560 Ἀπλετον
2465 2507 2522 2558 ἐν
2553 2505 2769 2576 δαπέδῳ
2790 2501 3196 2574 κεκυλισμένον,
3227 2501 3391 2572 ἄχθος
3415 2502 3657 2574 ἀρούρης,

2173 2598 2283 2652 Kal
2313 2597 2482 2666 τάφον
2509 2596 2702 2668 ἔδρακε
2736 2593 2961 2664 γυμνὸν,
2995 2595 3102 2664 ὅπη
3128 2592 3471 2664 βαρύφορτος
3507 2592 3676 2662 Ἰωσὴφ

2184 2690 2390 2763 Ἰησοῦν
2413 2691 2568 2762 ὀλίγῃ
2591 2688 2910 2760 ψαμαθώδεῖ
2939 2687 3071 2758 θῆκε
3100 2686 3367 2760 χαμεύνῃ.

2171 2784 2328 2838 Κεῑθι
2361 2785 2499 2855 γυνὴ
2529 2783 2689 2854 νυχίη
2719 2781 2884 2845 πόδας
2909 2779 3132 2834 εὔνασεν
3153 2796 3166 2808 ·
3198 2780 3341 2850 ἀμφὶ
3373 2780 3429 2832 δὲ
3459 2781 3631 2849 κόλπῳ

2172 2876 2469 2931 Πενθαλέον
2505 2875 2676 2947 μύρον
2709 2870 2853 2946 εἶχεν
2873 2891 2886 2904 ·
2919 2872 3189 2946 ἐρημαίης
3210 2873 3267 2926 δὲ
3291 2871 3568 2943 χαμεύνης

499 2970 711 3040 Attigit,
743 2967 1025 3038 inquirens
1048 2976 1322 3022 mortuum
1342 2967 1630 3039 fugitivum
1652 2971 1932 3040 inungere.
1961 2970 2064 3024 Sed

2173 2968 2406 3038 Ἥψατο,
2449 2965 2794 3040 μαστεύουσα
2823 2965 2981 3020 νέκυν
3011 2964 3237 3035 φύξηλιν
3270 2964 3505 3034 ἀλεῖψαι.

498 3065 676 3134 ipsum
714 3079 822 3118 non
855 3062 1234 3132 deprehendit.
1287 3063 1322 3116 2
1372 3061 1688 3118 Festinante
1719 3073 1898 3117 autem
1935 3064 2070 3134 pede

499 3154 734 3208 lleversa
757 3156 809 3208 in
847 3155 1065 3208 domum
1089 3154 1254 3215 venit,
1277 3152 1596 3223 placidoque
1625 3152 1787 3208 Petro
1805 3153 2068 3208 Nuntium

496 3251 549 3295 et
583 3243 736 3296 alteri
770 3243 1106 3298 cohabitanti
1136 3241 1428 3314 discipulo,
1459 3241 1720 3298 Dominus
1744 3259 1902 3313 quem
1933 3243 2070 3298 dile-

496 3333 594 3394 xit,
633 3347 736 3386 una
759 3333 1183 3387 communicavit
1205 3347 1335 3388 voce
1363 3331 1435 3386 De
1453 3333 1704 3404 sepulcro
1735 3347 1925 3388 vacuo.
1957 3330 2069 3387 5Et

495 3440 620 3477 eum
649 3423 840 3479 Petrus
871 3425 1134 3489 audisset,
1171 3424 1466 3495 Respirans
1493 3425 1719 3480 incitato
1750 3424 1945 3494 pedum
1981 3425 2067 3478 in-

495 3516 754 3586 dagatore
769 3516 947 3586 planta
977 3515 1192 3571 Proruit
1215 3532 1246 3572 e
1268 3517 1428 3570 domo
1450 3533 1464 3582 ;
1485 3526 1537 3572 et
1563 3517 1888 3594 sequebatur
1904 3517 2066 3572 disci-

499 3607 659 3678 pulus
689 3607 843 3663 Alius
871 3608 1034 3663 simul
1069 3608 1137 3663 ad
1180 3609 1488 3680 sepulcrum
1527 3625 1543 3662 :
1575 3607 1609 3661 4
1638 3615 1692 3662 et
1729 3608 1796 3662 ad
1826 3609 2070 3663 curricu-

498 3700 610 3753 lum
643 3709 1008 3754 cucurrerunt
1060 3699 1241 3755 ambo.
1286 3699 1351 3754 Et
1404 3699 1742 3771 praeveniens
1793 3699 2067 3755 Simonem

497 3789 630 3843 levis
679 3789 825 3843 venit
881 3788 1186 3860 discipulus
1252 3788 1414 3845 Petro
1480 3788 1773 3845 festinante
1817 3789 2069 3844 celerior.

495 3880 530 3934 5
551 3879 778 3935 Vicinus
803 3887 982 3935 autem
1003 3879 1166 3936 Stans
1184 3880 1480 3936 inclinatus
1497 3879 1842 3951 introspexit,
1870 3889 1922 3935 et
1950 3895 2071 3950 spe-

497 3973 662 4027 ctavit
697 3974 836 4026 intra
859 3973 1149 4038 tumulum,
1177 3973 1380 4029 Contra
1409 3973 1750 4028 intuentibus
1773 3971 1949 4027 oculis
1976 3987 2070 4028 va-

496 4081 659 4120 cuum
717 4073 1130 4120 monumentum
1176 4065 1431 4121 celeriter
1470 4063 1684 4128 videns,
1733 4063 1981 4119 Jacentia
2016 4072 2071 4119 ct

497 4157 662 4210 lintea
699 4158 820 4211 alba
855 4172 1022 4226 supra
1053 4155 1414 4212 terram.Non
1439 4157 1659 4226 quidem
1693 4157 1923 4211 interius
1954 4171 2071 4226 per-

495 4247 664 4308 venit,
694 4246 795 4299 etsi
849 4245 994 4299 celer
1041 4244 1189 4298 venit
1240 4245 1548 4300 ambulans.
1579 4243 1612 4299 ϐ
1659 4243 1904 4314 Sequens
1938 4260 2068 4299 vero

2183 3059 2344 3114 Ἀλλά
2373 3077 2465 3130 μιν
2495 3059 2597 3112 οὐκ
2623 3058 2903 3128 ἐκίχησεν·
2934 3057 2970 3110 2
3002 3056 3339 3127 ἐπειγομένῳ
3359 3054 3415 3109 δὲ
3442 3056 3628 3125 πεδίλῳ

2169 3151 2439 3222 Νόστιμος
2461 3150 2540 3212 είς
2568 3149 2729 3220 δόμον
2760 3145 2891 3220 ἦλθε
2910 3165 2922 3177 ·
2955 3147 3320 3218 κατηπιόωντι
3341 3146 3394 3200 δὲ
3425 3147 3610 3218 Πέτρῳ

2182 3239 2466 3311 ’Λγγελίην
2499 3239 2670 3312 ἐτέρῳ
2691 3255 2752 3291 τε
2788 3237 3148 3292 συνενδιάοντι
3189 3236 3430 3308 μαθητῇ,

2169 3329 2434 3399 Κοίρανος
2462 3329 2519 3382 ὃν
2543 3329 2816 3399 φιλέεσκε,
2855 3330 2951 3399 μιῇ
2983 3326 3254 3393 ξυνώσατο
3288 3329 3438 3398 φωνῇ

2181 3421 2348 3491 Ἀμφὶ
2379 3431 2570 3491 ταφοιο
2594 3421 2790 3472 κενοῖο.
2823 3419 2856 3472 5
2883 3418 2992 3470 Kal
3024 3417 3098 3481 ὡς
3131 3416 3220 3488 ἔχε
3256 3417 3460 3488 Πέτρος
3481 3415 3710 3478 ἀκούσας,

2172 3513 2446 3583 Ἕμπνοος
2469 3513 2804 3585 οίστρηθέντι
2835 3516 3012 3570 ποδῶν
3043 3517 3289 3587 διφήτορι
3320 3516 3503 3587 ταρσῴ

2172 3602 2432 3675 Ἀνθορεν
2458 3607 2521 3658 ἐκ
2556 3605 2852 3678 μεγάροιοο
2885 3607 2980 3662 καὶ
3005 3607 3299 3679 ὡμάρτησε
3331 3607 3567 3678 μαθητὴς

2170 3693 2360 3757 Ἄλλος
2375 3695 2524 3766 ὁμῶς
2544 3697 2636 3750 ἐπὶ
2654 3697 2801 3768 σῆμα
2823 3711 2837 3727 °
2858 3699 2891 3752 4
2906 3699 2998 3752 καὶ
3014 3701 3092 3763 είς
3109 3699 3304 3771 δρόμον
3325 3699 3533 3770 ἔτρεχον
3551 3698 3708 3767 ἄμφω.

2168 3783 2277 3836 Kal
2305 3783 2580 3855 φθάμενος
2611 3787 2831 3857 Σίμωνι’.
2863 3789 3163 3860 ποδήνεμος
3185 3785 3315 3860 ἦλθε
3344 3788 3596 3859 μαθητὴς.

2169 3875 2374 3946 Πέτρου
2403 3876 2792 3948 σπερχομένοιο
2821 3877 3105 3951 θοώτερος.
3135 3880 3170 3934 5
3207 3878 3532 3950 ’Λγχιφανὴς
3551 3878 3600 3930 δέ

2179 3967 2487 4039 Ἰστάμενος
2505 3969 2809 4040 παρέκυψε,
2839 3972 2932 4024 καὶ
2959 3971 3184 4043 ἔδρακεν
3215 3972 3386 4026 ἔνδοθι
3418 3971 3627 4042 τύμϐου,

2181 4059 2475 4124 ’Λντωποῖς
2501 4059 2816 4132 βλεφάροισι
2845 4063 3096 4134 κενήριον
3123 4063 3216 4127 ὀξὺ
3244 4063 3480 4117 δοκεύων

2170 4149 2513 4224 Κεκλιμένας
2545 4151 2734 4217 ὀθόνας
2757 4151 3046 4223 χιονώδεας
3076 4153 3231 4224 ὑψόθι
3265 4155 3447 4226 γαίης.

2171 4242 2245 4294 Οὐ
2281 4244 2381 4313 μὲν
2407 4242 2516 4296 ἔσω
2551 4243 2802 4307 διέϐαινε,
2827 4244 2923 4297 καὶ
2956 4245 3004 4297 εί
3029 4246 3198 4316 ταχὺς
3224 4241 3386 4317 ἦλθεν
3417 4244 3613 4302 ὁδεύων.

499 4337 729 4406 pedibus
758 4336 1028 4404 posterior
1049 4335 1198 4388 venit
1227 4335 1441 4404 Simon,
1459 4335 1528 4391 Et
1553 4337 1698 4392 celer
1715 4337 1863 4392 intus
1886 4337 2063 4402 venit;

2173 4332 2205 4386 6
2251 4335 2578 4405 Ἐσπόμενος
2611 4334 2668 4388 δὲ
2693 4334 2943 4388 πόδεσσιν
2968 4335 3254 4408 ὀπίστερος
3280 4337 3427 4390 ἵκετο
3449 4337 3628 4406 Σίμων,

1699 4549 1982 4607 ΤΕΧΤΠΞ
2020 4548 2547 4606 ΕγΑΝοΕιιδτλΕ.

499 4702 630 4758 αὒτδ
656 4703 880 4770 ὀθονίοις
921 4705 1059 4777 μετὰ
1087 4705 1196 4759 τῶν
1228 4703 1556 4777 ἀρωμάτων,
1589 4702 1767 4768 καθὼς
1799 4703 1916 4766 ἔθος
1951 4704 2069 4757 ἐστὶ

499 4792 609 4852 τοῖς
646 4788 916 4852 Ἰουδαίοις
945 4788 1308 4858 ἐνταφιάζειν.

566 4873 624 4926 41
667 4867 774 4924 Ἦν
806 4872 863 4924 δὲ
892 4873 948 4924 ἐν
967 4871 1044 4941 τῷ
1065 4873 1214 4942 τόπῳ
1245 4874 1376 4926 ὅπου
1411 4873 1726 4943 ἐσταυρώθη
1757 4871 1946 4940 κῆπος,
1973 4873 2067 4925 καὶ

497 4957 556 5008 ἐν
602 4953 680 5026 τῷ
711 4956 869 5024 κήπῳ
917 4956 1178 5024 μνημεῖον
1225 4956 1428 5019 καινὸν,
1463 4957 1520 5008 ἐν
1563 4951 1609 5024 ᾧ
1650 4957 1861 5010 οὐδέπω
1892 4955 2065 5019 οὐδεὶς

498 5038 654 5107 ἐτέθη
667 5080 678 5092 .

567 5121 636 5175 42
676 5121 822 5174 Ἑκεῖ
846 5115 936 5173 οὖν
963 5117 1051 5170 διὰ
1090 5116 1187 5188 τὴν
1222 5118 1583 5189 Παρασκευὴν
1615 5121 1721 5174 τῶν
1774 5122 2060 5189 Ἰουδαίων,

499 5201 576 5256 ὅτι
606 5205 770 5272 ἐγγὺς
799 5199 865 5274 ἦν
889 5201 948 5256 τὸ
979 5203 1259 5272 μνημεῖον,
1287 5199 1491 5273 ἔθηκαν
1519 5203 1610 5256 τὸν
1662 5204 1887 5274 Ἰησοῦν.

1137 5326 1293 5379 ΚΕΦ.
1335 5328 1418 5381 K’.

571 5428 593 5480 l
629 5428 708 5500 Τῇ
740 5429 796 5484 δὲ
831 5429 931 5500 μιᾷ
972 5429 1080 5482 τῶν
1110 5430 1397 5485 σαϐϐάτων
1439 5433 1627 5503 Μαρία
1667 5435 1699 5505 ὴ
1739 5435 2070 5506 Μαγδαληνὴ

499 5505 714 5578 ἔρχεται
742 5511 883 5583 πρωῒ
910 5513 1127 5576 σκοτίας
1150 5512 1230 5565 ἔτι
1249 5513 1435 5582 οὔσης,
1464 5517 1542 5577 είς
1567 5516 1627 5568 τὸ
1655 5521 1914 5588 μνημεῖον
1933 5536 1946 5552 ο
1977 5505 2070 5574 καί

501 5589 683 5654 βλέπει
706 5596 798 5649 τὸν
827 5595 971 5649 λίθον
992 5595 1230 5667 ἠρμένον
1254 5597 1318 5649 ἐκ
1354 5595 1449 5650 τοῦ
1485 5599 1751 5668 μνημείου
1773 5619 1786 5631 ·

2243 4699 2278 4751 2
2305 4696 2495 4766 Τρέχει
2521 4693 2614 4748 οὖν
2639 4700 2732 4751 καὶ
2759 4701 2974 4772 ἔρχεται
3001 4703 3135 4772 πρὸς
3155 4703 3374 4772 Σίμωνα
3398 4703 3606 4773 Πέτρον,
3628 4697 3705 4748 καὶ

2173 4780 2309 4849 πρὸς
2335 4777 2426 4828 τὸν
2449 4777 2605 4831 ἄλλον
2642 4783 2890 4856 μαθητὴν
2923 4785 2980 4838 ὃν
3005 4786 3176 4856 ἐφίλει
3203 4787 3232 4838 6
3270 4785 3494 4856 Ἰησοῦς,
3523 4785 3604 4836 καὶ
3630 4780 3703 4830 λέ-

2170 4876 2256 4927 γει
2280 4859 2462 4924 αὐτοῖς
2481 4875 2496 4890 ⁸
2524 4856 2705 4933 *Ηραν
2734 4865 2825 4921 τὸν
2855 4867 3056 4938 Κύριον
3087 4869 3151 4922 ἐκ
3187 4867 3282 4922 τοῦ
3316 4867 3588 4940 μνημείου,
3628 4863 3704 4915 καὶ

2169 4943 2267 4996 οὐκ
2299 4942 2515 5013 οἴδαμεν
2550 4945 2651 4999 ποῦ
2687 4947 2888 5018 ἔθηκαν
2923 4952 3104 5006 αὐτόν.

2240 5026 2275 5079 5
2321 5025 2574 5097 Ἐξῆλθεν
2595 5025 2688 5084 οὖν
2708 5031 2736 5082 6
2760 5031 2968 5102 Πέτρος
2989 5035 3084 5087 xal
3108 5035 3137 5086 6
3165 5033 3322 5097 ἄλλος
3352 5033 3606 5105 μαθητὴς,
3628 5025 3702 5080 καὶ

2171 5109 2400 5180 ἤρχοντο
2432 5113 2510 5174 είς
2547 5113 2608 5166 τὸ
2638 5118 2922 5185 μνημεῖον,

2241 5193 2275 5246 4
2308 5195 2565 5264 Ἐτρεχον
2605 5196 2660 5249 δὲ
2694 5199 2742 5250 οἱ
2775 5197 2866 5251 δύο
2910 5196 3067 5269 ὁμοῦ,
3119 5200 3212 5252 καὶ
3238 5200 3268 5251 6
3295 5201 3453 5263 ἄλλος
3495 5192 3700 5270 μαθητὴς

2173 5277 2479 5348 προέδραμε
2511 5281 2694 5351 τάχιον
2732 5281 2824 5336 τοῦ
2863 5283 3092 5355 Πέτρου,
3124 5285 3219 5336 καὶ
3255 5279 3386 5355 ἦλθε
3420 5283 3616 5356 πρῶτος
3639 5277 3699 5336 εἰς

2171 5359 2234 5412 τὸ
2263 5376 2367 5429 μνη
2376 5364 2544 5430 μεῖον.

2240 5442 2273 5496 5
2312 5441 2416 5497 Kal
2448 5445 2775 5516 παρακύψας
2818 5446 3002 5517 βλέπει
3045 5448 3275 5519 κείμενα
3320 5454 3391 5504 τά
3433 5448 3624 5502 ὀθόνια·
3651 5435 3697 5489 οὐ

2172 5524 2357 5596 μέντοι
2387 5527 2656 5596 εἰσῆλθεν.

2257 5609 2292 5664 6
2321 5595 2578 5682 Ἔρχεται
2627 5606 2720 5667 οὖν
2764 5612 2948 5684 Σίμων
2975 5615 3182 5684 Πέτρος
3231 5614 3531 5673 ἀκολουθῶν
3575 5595 3694 5669 αὐτῷ
