3956 6202
252 222 358 287 θθθ

1132 214 1624 276 PARAPHRASiS
1663 214 1726 272 IN
1766 216 2101 273 JOANNEM.
2136 252 2201 261 υ-
2236 218 2391 275 CAP.
2435 219 2553 274 XX.

3362 184 3507 273 ’9ιο

250 340 363 395 Καὶ
394 338 564 409 ταχὺς
610 336 759 392 ἔνδον
796 338 999 392 ἵκανεν.
1041 338 1212 411 ’Υπὲρ
1250 339 1503 393 δαπέδοιο
1525 338 1581 392 δὲ
1624 336 1829 409 γυμνοῦ

1955 351 2104 408 iuper
2132 337 2504 408 pavimentum
2542 344 2723 394 autem
2753 335 2956 393 nudum
2992 336 3329 408 Conjunctas
3367 337 3507 391 iuvi-

251 429 502 499 Σύζυγας
527 428 779 501 ἀλλήλοις
811 430 1019 494 λινέους
1048 430 1239 502 ἐνόησε
1271 430 1503 502 χιτῶνας
1522 447 1536 460 ⁵

250 521 281 572 7
314 522 421 573 Kal
449 519 691 591 κεφαλῆς
729 519 983 592 ζωστῆρα
1023 519 1343 574 παλίλλυτον
1376 520 1588 592 ἂμματι
1616 521 1828 592 χαίτης,

251 611 541 682 Σουδάριον
580 613 747 682 τόπερ
785 608 905 665 εἷπε
933 612 1121 684 Σύρων
1144 613 1430 684 ἐπιδήμιος
1457 613 1614 685 αὐδὴ,

247 703 327 755 Οὐ
358 702 582 772 ταφίαις
602 702 817 766 ὀθόναις
845 704 1268 776 παρακείμενον,
1302 704 1590 776 ἀμφιλαφῆ
1617 704 1675 758 δὲ

248 794 531 848 Μουναδὸν
563 790 925 860 αύτοέλικτον,
957 797 1260 868 ὀμόπλοκον
1292 798 1370 851 εἰν
1396 799 1475 851 ἐνὶ
1508 798 1688 869 χώρῳ.

247 885 283 937 8
312 882 484 939 Ἦλθε
512 884 608 937 καὶ
631 885 660 937 6
695 884 997 956 πρώτιστος
1030 884 1123 939 ἰὼν
1156 888 1247 940 ἐπὶ
1278 886 1429 957 σῆμα
1456 887 1723 958 μαθητὴς.

240 977 417 1047 210
438 977 547 1030 Kal
570 976 768 1049 βραδὺς
795 977 942 1031 ἔνδον
972 978 1125 1032 ἵκανε
1151 978 1502 1050 λιθογλυφέος
1533 979 1794 1043 κενεῶνος
1815 997 1829 1010 ·

244 1068 363 1121 Καὶ
387 1066 535 1121 λίθον
564 1068 839 1139 εύδίνητον
867 1070 1081 1124 ἐοικότα
1115 1071 1355 1142 χάσματι
1380 1070 1612 1143 τύμϐου,

261 1161 582 1214 Ἀντίτυπον
612 1161 893 1233 στήριγμα
927 1163 1261 1236 χαραδραίου
1290 1164 1583 1227 πυλεῶνος,

246 1253 365 1307 Kal
392 1252 688 1324 πλοκάμων
724 1252 1030 1325 τελαμῶνα,
1063 1254 1158 1309 καὶ
1194 1257 1395 1327 εἵματα
1436 1256 1663 1327 κείμενα
1703 1256 1836 1329 γαίῃ

252 1339 523 1410 Ἔδρακε·
556 1344 649 1396 καὶ¹
686 1344 938 1398 πίστευεν
971 1346 1054 1398 ὅτι
1084 1346 1310 1417 χθονίων
1343 1346 1450 1401 ἀπὸ
1482 1346 1695 1401 κόλπων

239 1432 527 1504 υύρανίην
556 1434 648 1487 ἐπὶ
688 1434 859 1498 πέζαν
894 1437 1193 1509 ὑπηνέμιος
1220 1438 1382 1503 νέκυς
1414 1438 1574 1509 ἔπτη.

245 1524 284 1579 9
314 1524 390 1578 Ού
424 1525 532 1597 γάρ
566 1541 651 1579 πω
683 1525 899 1581 δεδάασι
924 1528 1033 1581 δύω
1062 1531 1315 1601 Χριστοῖο
1346 1531 1589 1603 μαθηταὶ

249 1616 411 1671 ’Όττι
431 1617 600 1688 ταχὺς
633 1619 770 1689 μετά
799 1619 1003 1691 πότμον
1038 1621 1330 1694 ἀνόστιμον
1354 1619 1513 1687 οὖδας
1539 1624 1727 1691 ἐάσας,

248 1707 349 1772 El;
372 1709 500 1780 τρία
528 1708 673 1778 φάεα
704 1709 898 1780 μοῦνον
930 1713 1219 1785 ἐγέρσιμον
1245 1712 1411 1768 ὕπνον
1434 1715 1625 1779 ἰαύων,

248 1801 527 1872 Νόστιμος
550 1803 614 1855 ἐκ
647 1802 854 1857 νεκύων
881 1804 1212 1876 ἀναϐήσεται
1235 1809 1316 1871 εἰς
1346 1808 1507 1861 πόλον
1530 1808 1763 1881 ἄστρων,

262 1892 539 1957 Ἀκλινέος
566 1892 814 1947 θανάτοιο
849 1894 1146 1950 παλίλλυτα
1173 1897 1349 1969 δεσμά
1377 1899 1645 1969 πατήσας.

250 1982 325 2035 10
354 1983 546 2037 Πυκνά
571 1983 629 2037 δὲ
660 1983 1044 2055 θαμϐήσαντες
1065 1986 1331 2059 ὀπιπευτῆ
1342 2005 1432 2059 ρες
1454 1989 1681 2061 ἑταῖροι,

262 2076 559 2141 Ἀσταθέες
592 2077 929 2149 σφετέροισιν
957 2077 1297 2145 ἐναυλίζοντο
1328 2081 1641 2154 μελάθροις,

254 2169 479 2239 ’Λψοφα
512 2170 902 2240 καλλείψαντες
931 2171 1192 2235 ἀπενθὲος
1224 2172 1429 2241 ἄντυγα
1456 2173 1687 2246 τύμϐου.

252 2260 318 2315 11
354 2260 671 2332 Μαγδαλινὴ
695 2260 738 2313 δ’
774 2261 1051 2316 ἐλέλειπτο
1076 2261 1212 2333 γυνὴ
1240 2262 1390 2332 παρά
1411 2264 1616 2335 σήματι
1645 2265 1839 2336 μούνη,

250 2352 470 2425 Θερμὸν
493 2352 867 2417 ἀναϐλύζουσα
892 2354 1161 2423 γοήμονος
1192 2353 1398 2425 ὄμϐρον
1430 2354 1682 2425 ὀπωπῆς,

251 2443 554 2514 Μυρομένη
587 2442 813 2507 ζώοντα.
846 2444 924 2494 Δι’
952 2442 1182 2511 εύφαέος
1209 2443 1267 2495 δὲ
1296 2443 1557 2516 θυρέτρου

260 2532 358 2600 Ὣς
391 2535 470 2590 ἔτι
492 2535 859 2605 δακρυχέεσκε
891 2534 1050 2587 λάλον
1078 2535 1239 2590 νέκυν
1266 2537 1434 2606 ἐγγῦς
1460 2536 1637 2603 ἐόντα,

268 2626 596 2698 Ὰγγελικὴν
624 2626 813 2698 ἐνόησε
843 2626 1112 2697 συνωρίδα
1131 2643 1144 2656 ·
1174 2626 1243 2679 12
1280 2626 1370 2680 τὸν
1401 2626 1522 2698 μὲν,
1563 2629 1649 2682 ἐπ’
1672 2629 1843 2701 ἄκρου

254 2720 444 2785 Δεξιδν
470 2717 846 2773 ἀντικέλευθον
871 2719 1009 2789 ὑπὲρ
1040 2717 1084 2771 Χ
1095 2720 1295 2788 ριστοῖο
1321 2721 1586 2792 καρήνου,

254 2811 648 2884 Μαρμαρυγὴν
681 2810 969 2881 πέμποντα
998 2809 1310 2881 θεογλῆνοιο
1338 2811 1631 2882 προσώπου
1649 2829 1663 2842 ·

255 2906 366 2959 Τὸν
405 2906 483 2968 δὲ,
515 2902 689 2958 ποδῶν
722 2903 873 2974 παρά
898 2901 1094 2967 πέζαν,
1118 2902 1224 2974 ὅπη
1257 2902 1421 2967 νέκυς
1444 2900 1543 2974 ἦεν
1574 2903 1842 2976 ἐχέφρων,

256 2997 520 3059 Χιονέους
544 2994 846 3066 σπινθῆρας
878 2994 1229 3057 ἀκοντίζοντα
1266 2993 1511 3065 χιτῶνος.

258 3088 332 3142 15
377 3086 701 3158 ’Λμφότεροι
727 3086 771 3139 δ’
799 3084 1035 3156 ἐρέεινον
1062 3083 1169 3137 ἐσω
1191 3082 1419 3155 τύμϐοιο
1440 3085 1671 3152 γυναῖκα
1691 3101 1705 3115 ·

256 3178 456 3246 Time,
480 3178 660 3247 γύναι,
712 3176 1028 3247 στενάχεις;
1061 3175 1248 3246 Μαρίη
1276 3175 1321 3229 δ’
1350 3175 1608 3246 ἠμείϐετο
1658 3174 1844 3248 μύθῳ⁹

268 3272 364 3335 Ὦς
395 3271 540 3333 τινὲς
572 3269 820 3342 ἅρπαγες
852 3268 1043 3339 ἄνδρες
1070 3266 1200 3338 ἐμὸν
1222 3267 1464 3339 Βασιλῆα
1488 3265 1743 3331 λαθόντες

271 3364 541 3435 Ἐννύχιοι
576 3362 811 3435 σύλησαν
832 3380 845 3395 ο
888 3360 999 3430 ἐγὼ
1025 3360 1070 3414 δ’
1098 3360 1197 3413 οὐκ
1218 3355 1333 3413 οἴδα
1364 3360 1553 3430 νοῆσαι

268 3456 506 3512 Ὀππόθι
534 3474 625 3528 μιν
652 3454 977 3527 μετέθηκαν.
1009 3453 1076 3507 Η
1102 3451 1570 3524 ’Υποστρεφθεῖσα
1591 3450 1633 3503 δ’
1661 3450 1845 3521 ἐκείνη

275 3546 485 3614 Ἰησοῦν
519 3546 738 3615 ἐνόησεν
766 3543 825 3598 όν
859 3542 1074 3595 ἔστενεν
1099 3558 1113 3572 ·
1140 3541 1426 3612 ἱστάμενον
1452 3540 1509 3593 δὲ
1689 3602 1692 3605 π

263 3634 408 3700 Εἷδε,
442 3636 539 3690 καὶ
564 3636 623 3687 ού
654 3633 941 3704 γίνωσκεν,
965 3632 1047 3685 ὃτι
1083 3631 1261 3703 ζαθέῳ
1287 3630 1439 3702 παρά
1460 3628 1649 3702 τύμϐῳ

262 3729 501 3800 Χριστὸς
528 3726 642 3799 ἔην.
673 3727 741 3781 15
779 3726 889 3779 Καὶ
916 3725 1087 3790 ξεῖνος
1116 3724 1254 3793 ἀνὴρ
1282 3725 1377 3776 ἅτε
1417 3726 1591 3794 κῆπον
1623 3720 1846 3781 ὁδεύων,

214 3872 225 3883 ,
263 3822 457 3886 Τίπτε,
488 3818 671 3888 γύναι,
717 3816 1027 3886 στενάχειςς
1059 3813 1285 3884 κινυρὴν
1326 3814 1533 3884 ἐρέεινε
1576 3815 1810 3882 γυναῖκα
1833 3829 1844 3839 ·

265 3914 423 3978 Εἰπὲ,
453 3911 506 3965 τί
542 3907 862 3982 μαστεύεις;
900 3907 1087 3978 Μαρίη
1116 3907 1161 3959 δ’
1190 3905 1490 3975 ἐφθέγξατο
1516 3905 1721 3976 φωνὴν,

277 4001 585 4073 Ἐλπομένη
615 4001 811 4071 κήποιο
846 3997 1160 4069 φυτηκόμον
1188 3996 1357 4069 ἄνδρα
1386 3996 1597 4067 νοῆσαιο

266 4096 429 4164 212
445 4095 508 4146 Et
538 4094 601 4147 ab
618 4092 777 4145 νέκυν
804 4089 1087 4160 ζοφόεντος
1110 4088 1404 4158 ἐκούφισας
1425 4087 1593 4141 ἔνδοθι
1618 4086 1680 4140 τύ
1689 4086 1845 4157 μϐου,

262 4188 501 4239 Ἐννεπε
536 4184 638 4237 ποῦ
672 4182 1010 4253 μετέθηκας·
1043 4179 1154 4249 ἐγὼ
1191 4181 1247 4234 δέ
1281 4198 1372 4251 μιν
1405 4179 1556 4233 ἔνθεν
1584 4178 1772 4251 ἀείρω.

270 4278 337 4333 16
373 4276 581 4349 Ἰησοῦς
612 4276 656 4329 δ’
687 4275 1023 4346 ἀπάμειπτο,
1050 4272 1189 4345 χέων
1222 4272 1470 4346 ἀρίδηλον
1494 4272 1644 4343 ἰωὴν,

1933 444 2050 485 cem
2080 429 2253 484 lineas
2278 429 2663 487 animadvertit
2709 430 2925 487 tunicas
2950 448 2964 496 ;
2993 432 3024 485 7
3048 430 3115 485 Et
3154 430 3353 502 capitis
3385 432 3506 485 cin-

1933 521 2119 592 gulum
2154 535 2350 577 rursus
2400 522 2637 577 solutum
2666 539 2809 579 nexu
2840 524 3183 595 capillorum,
3215 522 3509 578 Sudarium
3588 584 3609 605 ἢ

1932 613 2078 681 quod
2110 612 2251 667 dixit
2282 615 2545 685 Syrorum
2590 616 2868 687 p0pularis
2910 631 3035 682 vox,
3065 615 3183 670 Non
3228 613 3513 685 sepulcra-

1935 704 2077 760 libus
2098 706 2281 762 linteis
2308 706 2592 777 adjacens,
2612 709 2704 763 sed
2730 709 3062 779 duplicatum
3086 707 3390 778 Separatim
3414 720 3513 776 per

1935 810 1994 849 se
2025 795 2350 860 involutum,
2381 797 2764 867 complicatum
2798 799 2851 851 in
2880 813 2989 851 uno
3030 797 3171 851 loco.
3201 796 3233 849 8
3273 794 3434 848 Venit
3458 804 3513 849 et

1936 886 2086 955 prior
2118 887 2318 941 vadens
2343 886 2407 941 ad
2438 888 2744 957 sepulcrum
2777 888 3100 959 discipulus,
3132 887 3289 957 211
3317 884 3383 938 Et
3408 893 3513 938 tar~

1935 974 2039 1031 dus
2068 978 2215 1032 venit
2263 978 2535 1048 lapidibus
2591 980 2857 1052 sculptam
2905 980 3045 1034 intra
3081 978 3368 1033 cavitatem
3397 994 3412 1031 :
3447 975 3513 1031 Et

1937 1069 2173 1140 lapidem
2205 1071 2465 1126 mobilem
2525 1075 2936 1127 convenientem
2991 1072 3239 1143 voragini
3294 1070 3512 1136 tumuli,

1939 1160 2273 1231 Expressum
2314 1162 2690 1220 fulcimentum
2739 1164 2969 1235 lapidosi
3002 1164 3151 1230 ostii,
3180 1163 3246 1217 Et
3288 1163 3517 1233 capillo-

1940 1268 2062 1307 rum
2095 1254 2474 1325 ligamentum,
2525 1262 2580 1311 ct
2636 1255 2952 1311 indumenta
2987 1254 3224 1325 iacentia
3272 1255 3327 1309 in
3368 1263 3515 1308 terra

1943 1340 2121 1411 Vidit;
2153 1353 2207 1399 et
2231 1343 2461 1401 credidit
2489 1345 2632 1417 quod
2664 1347 3014 1403 terrestribus
3035 1361 3064 1401 e
3093 1346 3305 1401 sinibus
3342 1345 3519 1401 Caele-

1939 1446 2076 1491 stem
2110 1435 2165 1490 in
2200 1438 2475 1508 regionem
2508 1437 2644 1494 levis
2676 1446 2926 1493 mortuus
2959 1436 3179 1494 volavit.
3204 1436 3237 1491 9
3264 1435 3516 1491 Nondum

1946 1530 2093 1583 enim
2141 1529 2446 1586 didicerant
2495 1531 2604 1587 duo
2639 1532 2847 1587 Christi
2888 1530 3143 1602 discipuli
3172 1529 3328 1595 Quod
3373 1530 3520 1584 celer

1947 1631 2070 1691 post
2116 1630 2347 1679 mortem
2379 1623 2710 1680 irrcmeabili
2755 1624 2873 1680 solo
2904 1624 3118 1688 relicto,
3145 1622 3225 1677 Ad
3255 1630 3369 1677 tres
3403 1620 3526 1674 dies

1946 1710 2121 1767 solum
2180 1712 2524 1768 excitabilem
2577 1723 2828 1770 somnhm
2887 1714 3189 1776 dormiens,
3222 1711 3410 1767 Redux
3455 1726 3524 1766 ex

1942 1801 2176 1857 mortuis
2201 1802 2463 1858 ascendet
2504 1802 2560 1856 in
2601 1803 2800 1859 cmlum
2850 1810 3149 1870 astrorum,
3183 1800 3525 1856 lnevitabilis

1941 1892 2135 1948 mortis
2160 1908 2356 1948 rursus
2392 1895 2569 1950 soluta
2594 1894 2810 1949 vincula
2838 1894 3191 1950 conculcans.
3224 1893 3290 1948 10
3319 1892 3526 1949 Crebro

1842 1980 1845 1983 λ
1944 1990 2125 2038 autem
2163 1984 2501 2041 admirantes
2556 1995 2895 2056 spectatores
2943 1985 3103 2049 socii,
3148 1984 3440 2042 Instabiles
3468 1986 3527 2039 in

1942 2074 2061 2131 suis
2115 2075 2474 2131 morabantur
2523 2074 2798 2142 domibus,
2851 2076 3101 2133 Tacitum
3151 2076 3527 2146 relinquentes

1946 2182 2054 2223 non
2086 2167 2323 2223 luctuosi
2374 2167 2637 2223 ambitum
2685 2168 2903 2223 tumuli.
2938 2168 3000 2222 11
3038 2167 3351 2237 Magdalena
3395 2182 3527 2223 vero

1944 2260 2357 2331 relinquebatur
2378 2260 2576 2317 mulier
2604 2260 2749 2331 apud
2763 2262 3074 2332 sepulcrum
3107 2262 3247 2329 sola,
3276 2261 3525 2316 Calidum

1944 2352 2183 2410 fundens
2234 2353 2430 2409 flebilis
2481 2354 2711 2410 imbrem
2764 2353 2942 2419 faciei,
2979 2354 3197 2429 Lugens
3229 2355 3527 2409 viventem.

1944 2440 2051 2499 Per
2080 2445 2414 2516 pellucidum
2445 2452 2626 2500 autem
2652 2446 2878 2511 ostium,
2907 2444 3043 2501 Cum
3077 2446 3255 2500 adhuc
3279 2445 3532 2515 deplora-

1945 2545 2031 2593 ret
2056 2537 2373 2608 loquentem
2408 2544 2686 2591 mortuum
2718 2552 2887 2608 prepe
2940 2536 3318 2602 exsistentem,
3348 2539 3532 2607 Ange-

1945 2625 2107 2685 licam
2140 2624 2528 2680 animadvertit
2553 2625 2995 2696 coniugationem
3035 2646 3047 2681 :
3085 2625 3152 2681 12
3189 2626 3356 2679 alium
3404 2626 3532 2696 qui-

1946 2718 2093 2781 dem,
2125 2716 2180 2772 in
2205 2732 2421 2771 summo
2454 2716 2742 2771 Dexterum
2774 2717 3085 2786 oppositum
3115 2734 3281 2787 super
3307 2718 3518 2774 Christi

1947 2816 2133 2878 caput,
2167 2806 2523 2877 Splendorem
2545 2807 2883 2863 emittentem
2907 2822 2938 2862 a
2969 2807 3169 2862 divinis
3194 2808 3369 2862 oculis
3390 2824 3533 2878 prm-

1950 2899 2063 2954 dita
2095 2898 2234 2955 facie
2272 2918 2285 2953 :
2318 2898 2499 2954 Alium
2530 2914 2682 2963 vero,
2732 2899 2931 2970 pedum
2977 2898 3045 2953 ad
3077 2899 3379 2970 regionem,
3437 2899 3534 2954 ubi

1874 3020 1918 3080 ρ
1955 3001 2207 3048 mortuus
2257 2998 2374 3047 erat
2409 2991 2634 3057 tacitus,
2663 2989 2866 3047 Niveas
2900 2991 3174 3047 scintillas
3198 2990 3533 3059 iaculantem

1954 3099 1984 3139 a
2020 3084 2226 3139 tunica.
2266 3083 2335 3139 15
2363 3081 2594 3154 Utrique
2636 3083 3044 3155 interrogarunt
3090 3084 3233 3139 intra
3264 3086 3535 3139 tumulum

1954 3177 2238 3232 mulierem
2258 3191 2272 3227 :
2291 3177 2425 3242 Cur,
2451 3177 2668 3242 mulier,
2684 3177 2857 3249 gemis
2874 3177 2898 3230 ?
2913 3176 3081 3230 Maria
3102 3190 3233 3230 vero
3255 3176 3539 3247 reSpondit

1955 3282 2208 3323 sermone
2238 3284 2250 3320 :
2280 3266 2436 3334 Quod
2471 3268 2692 3339 quidam
2716 3276 2965 3338 raptores
2998 3268 3102 3323 viri
3126 3283 3307 3323 meum
3337 3266 3538 3339 Regem

1952 3360 2094 3412 clam
2128 3359 2393 3414 Nocturni
2448 3360 2788 3429 spoliarunt;
2832 3375 2933 3431 ego
2967 3376 3095 3417 vero
3148 3375 3257 3415 non
3308 3375 3538 3431 possum

1952 3448 2256 3519 intelligere
2283 3448 2405 3515 Quo
2430 3450 2609 3520 ipsum
2655 3458 3138 3520 transposuerunt.
3173 3450 3240 3504 Η
3262 3450 3539 3507 Conversa

1957 3555 2082 3595 vero
2121 3540 2211 3595 illa
2233 3539 2422 3597 Jesum
2468 3542 2858 3598 animadvertit
2886 3557 3048 3613 quem
3081 3542 3303 3612 lugebat
3338 3562 3351 3597 :
3385 3551 3541 3599 stan-

1956 3640 2173 3702 temque
2204 3630 2377 3699 Vidit,
2398 3642 2452 3686 et
2481 3649 2590 3691 non
2620 3633 2876 3704 cognovit
2901 3632 3047 3703 quod
3096 3632 3341 3687 divinum
3393 3633 3537 3702 apud

1956 3720 2227 3774 tumulum
2255 3719 2511 3777 Christus
2544 3731 2712 3777 esset.
2746 3721 2813 3774 15
2841 3720 2906 3775 Ει
2932 3720 3249 3791 peregrinus
3276 3722 3432 3790 quasi
3456 3724 3539 3775 vir

1958 3811 2176 3865 hortum
2196 3810 2525 3881 pervadens,
2546 3810 2712 3877 Quid,
2746 3811 2963 3878 mulier,
2986 3810 3203 3880 ploras?
3229 3810 3536 3881 luctuosam

1970 3880 2325 3973 interrogavit
2370 3904 2656 3958 mulierem
2692 3920 2704 3957 :
2753 3902 2870 3967 Dic,
2912 3901 3045 3973 quid
3085 3880 3326 3972 ωηιξήεῖ
3367 3902 3537 3957 Maria

1958 4004 2138 4050 autem
2167 3997 2351 4052 sonuit
2382 4012 2595 4059 vocem,
2629 3995 2838 4051 Putans
2867 4012 2927 4052 se
2972 3996 3116 4051 horti
3162 4004 3401 4053 satorem
3454 3997 3539 4050 vi-

1958 4103 2076 4142 rum
2107 4088 2323 4143 videre:
2362 4089 2523 4159 213
2574 4087 2629 4143 Si
2659 4096 2715 4141 tu
2771 4095 3048 4142 mortuum
3084 4087 3386 4157 caliginoso
3428 4089 3543 4143 clcv

1956 4180 2097 4234 vasti
2139 4195 2204 4235 ex
2239 4181 2511 4250 sepulcro,
2554 4178 2649 4234 Dic
2679 4195 2789 4250 quo
2838 4179 3257 4249 trausposuisti;
3285 4193 3383 4247 ego
3411 4195 3540 4234 vero

1956 4270 2135 4340 ipsum
2159 4270 2285 4327 inde
2301 4272 2508 4327 tollam.
2539 4270 2607 4326 i6
2629 4269 2791 4327 Jesus
2822 4286 2954 4328 vero
2977 4272 3281 4343 respondit,
3304 4269 3539 4327 fundens

1468 4427 1750 4485 TEXTUS
1782 4427 2310 4485 EVANGELIST/E.

270 4582 364 4637 καὶ
398 4578 647 4650 εἰσῆλθεν
675 4578 754 4642 εἰς
790 4576 851 4629 τὸ
883 4576 1167 4647 μνημεῖον,
1196 4573 1290 4627 καὶ⁹
1333 4574 1529 4645 θεωρεῖ
1566 4572 1634 4627 τὰ
1665 4573 1848 4627 ὀθόνια
1883 4578 1925 4631 D
1960 4574 2064 4636 σιν,
2094 4574 2227 4627 ὅπου
2265 4573 2442 4626 ἔκειτο
2466 4572 2527 4625 τὸ
2553 4573 2712 4643 σῶμα
2751 4573 2845 4626 τοῦ
2879 4573 3077 4644 Ἰησοῦ.

271 4666 521 4720 κείμενα.

542 4745 603 4798 τὸ
638 4742 917 4813 σουδάριον
952 4742 980 4794 ὃ
1011 4736 1078 4812 ἦν
1106 4741 1197 4793 ἐπὶ
1233 4740 1334 4810 τῆς
1383 4739 1625 4811 κεφαλῆς
1662 4739 1852 4806 αὑτοῦ,

269 4831 327 4884 οὐ
355 4830 497 4902 μετά
532 4827 637 4881 τῶν
684 4825 906 4879 ὀθονίων
937 4826 1207 4895 κείμενον,
1250 4824 1386 4878 ἀλλά
1424 4825 1592 4895 χωρὶς
1636 4825 1851 4876 ἐντετυ·

268 4913 527 4985 λιγμένον
561 4914 640 4976 εἰς
678 4911 774 4964 ἕνα
800 4910 981 4963 τόπον.

338 5002 371 5054 8
401 4999 536 5051 Τότε
565 4993 657 5050 οὖν
700 4994 915 5067 εἰσῆλθε
956 4993 1050 5047 καὶ
1089 4994 1118 5045 ὀ
1146 4992 1302 5055 ἄλλος
1332 4991 1578 5062 μαθητὴς
1612 4994 1640 5043 6
1683 4989 1852 5043 ἐλθὼν

270 5084 488 5154 πρῶτος
516 5083 593 5142 είς
617 5079 679 5132 τὸ
716 5080 1002 5148 μνημεῖον,
1034 5076 1127 5130 καὶ
1165 5073 1295 5141 εἶδε,
1322 5076 1416 5128 καὶ
1439 5075 1781 5128 ἐπίστευσεν·

336 5166 370 5219 9
399 5164 629 5217 Οὐδέπω
663 5162 771 5234 γὰρ
797 5162 1017 5232 ᾔδεισαν
1043 5162 1140 5232 τὴν
1180 5161 1425 5232 Γραφὴν,
1474 5160 1555 5212 ὅτι
1590 5158 1670 5210 δεῖ
1695 5157 1856 5211 αὐτὸν

270 5250 332 5303 ἐκ
357 5248 569 5319 νεκρῶν
600 5249 698 5300 ἀνα
711 5246 919 5315 στῆναι.

342 5334 409 5387 10
452 5330 723 5401 Ἀπῆλθον
762 5326 855 5383 οὖν
885 5329 1047 5383 πάλιν
1083 5327 1218 5398 πρὸς
1257 5325 1481 5390 ἑαυτοὺς
1513 5326 1563 5378 οἱ
1591 5324 1851 5396 μαθηταί.

342 5417 400 5470 11
442 5415 632 5486 Μαρία
662 5414 719 5468 δὲ
748 5415 986 5485 εἱστήκει
1015 5411 1151 5483 πρὸς
1187 5411 1248 5464 τὸ
1284 5413 1544 5481 μνημεῖον
1596 5409 1859 5462 κλαίουσα

272 5499 393 5563 ἔξω.
441 5500 528 5561 Ὠς
560 5493 652 5551 οὖν
682 5497 886 5559 ἔκλαιε,
918 5494 1233 5567 παρέκυψεν
1260 5496 1340 5556 εἰς
1370 5494 1429 5546 τὸ
1464 5495 1727 5562 μνημεῖον
1751 5508 1762 5520 ·

344 5583 412 5635 12
438 5582 547 5634 Καὶ
587 5580 785 5649 θεωρεῖ
824 5578 916 5631 δύο
963 5578 1227 5645 ἀγγέλους
1260 5578 1316 5628 ἐν
1358 5575 1591 5637 λευκοῖς,
1625 5574 1854 5637 καθεζο-

280 5667 491 5734 μένους,
524 5664 619 5716 ἕνα
664 5662 800 5731 πρὸς
830 5665 895 5732 τῇ
929 5661 1159 5733 κεφαλῇ,
1189 5662 1283 5714 καὶ
1312 5660 1407 5714 Eva
1433 5659 1571 5731 πρὸς
1611 5660 1724 5720 τοῖς
1756 5674 1853 5709 πο-

2030 4670 2099 4725 15
2130 4670 2240 4724 Kal
2268 4668 2520 4737 λέγουσιν
2554 4670 2689 4739 αὐτῇ
2733 4671 2930 4722 ἐκεῖνοι
2950 4684 2962 4697 ³
2998 4668 3184 4731 Γύναι,
3215 4671 3267 4722 τί
3300 4671 3539 4735 κλαίειςς

1957 4754 2121 4823 Λέγει
2174 4755 2386 4817 αὐτοῖς·
2424 4754 2543 4806 ’Ότι
2575 4749 2714 4824 ἦραν
2765 4752 2857 4805 τὸν
2887 4752 3091 4823 Κύριόν
3139 4768 3261 4822 μου,
3299 4755 3394 4807 καὶ
3442 4754 3542 4807 οὐκ

1956 4834 2076 4892 οἶδα
2110 4838 2211 4891 ποῦ
2238 4837 2440 4909 ἔθηκαν
2462 4838 2643 4891 αὐτόν.
3284 4836 3289 4842 ’

2031 4944 2098 4998 14
2131 4944 2241 4997 Καὶ
2269 4942 2441 4997 ταῦτα
2463 4943 2711 5003 εἰποῦσα,
2742 4944 2989 5017 ἐστράφη
3022 4949 3100 5010 εἰς
3138 4947 3206 5000 τά
3227 4934 3421 5011 ὀπίσω,
3450 4949 3543 5001 καὶ

1960 5027 2157 5099 θεωρεῖ
2183 5027 2275 5081 τὸν
2309 5026 2515 5100 Ἰησοῦν
2561 5027 2802 5081 ἑστῶτα·
2836 5031 2931 5083 καὶ
2960 5031 3061 5083 οὐκ
3104 5030 3220 5101 ᾔδει
3264 5032 3399 5084 ὅτιό
3438 5032 3544 5101 Ἰη-

1962 5112 2087 5176 σοῦς
2120 5116 2255 5165 ἐστι.

2034 5218 2100 5270 15
2130 5217 2290 5284 Λέγει
2327 5218 2464 5287 αὐτῇ
2494 5221 2522 5271 6
2560 5218 2766 5287 Ἰησοῦς
2787 5236 2799 5248 ·
2826 5217 3009 5281 Γύναι,
3052 5217 3104 5270 τί
3151 5217 3393 5281 κλαίεις;
3426 5219 3546 5271 τίνα

1963 5301 2178 5371 (msh;
2212 5300 2448 5370 Ἐκείνη,
2480 5300 2716 5353 δοκοῦσα
2754 5302 2887 5354 δτιό
2909 5301 3183 5370 κηπουρός
3218 5302 3357 5363 ἐστι,
3397 5301 3546 5369 λέγει

1963 5382 2141 5453 αὐτῷ’
2176 5382 2369 5453 Κύριε,
2406 5385 2454 5435 εἰ
2494 5384 2556 5436 σὺ
2597 5383 2905 5447 ἐϐάστασας
2938 5383 3121 5448 αὐτὸν,
3159 5384 3279 5438 εἰπέ
3307 5402 3397 5455 μοι
3444 5383 3545 5438 ποῦ

1962 5466 2125 5521 αὑτὸν
2149 5466 2352 5536 ἔθηκας
2372 5481 2385 5495 ·
2424 5464 2581 5533 κάγὼ
2605 5466 2768 5519 αὑτὸν
2791 5467 2929 5539 ἀρῶ.

2035 5570 2102 5626 16
2140 5571 2301 5639 Λέγει
2334 5571 2469 5642 αὐτῇ
2500 5573 2529 5624 6
2567 5572 2801 5641 Ἰησοῦςο
2833 5574 3042 5644 Μαρία.
3068 5574 3374 5644 Στραφεῖσα
3399 5574 3545 5626 ἐκεί-

1964 5673 2029 5726 νη
2058 5655 2205 5727 λέγει
2234 5653 2379 5725 αὐτῷ
2402 5670 2414 5683 '
2454 5654 2759 5722 'l‘a660uvl,
2795 5656 2822 5708 ὃ
2857 5657 3071 5725 λέγεται
3110 5657 3417 5711 διδάσκαλε.
