3956 6202
463 213 558 268 9H
619 215 624 218 ’

757 258 796 292 \

1696 209 1902 266 NONNI
1937 211 2440 270 PANOPOLI’I‘ANI
3589 223 3682 280 9&2

467 327 620 382 valde
657 322 1000 380 manifestam
1031 339 1238 389 vocem,
1267 322 1331 377 Et
1364 323 1656 380 clamavit:
1692 325 1876 382 Maria.
1897 328 2035 384 Con-

2144 331 2520 402 Καὶ,Μαριάμ
2553 331 2760 403 ἰάχησε.
2793 333 3277 404 Μεταστρεφθεῖσα
3307 333 3348 386 δ’
3383 333 3554 406 ἐκείνη
3576 378 3590 399 ,

465 432 619 475 versa
647 417 756 480 illa,
791 416 1066 487 Magister,
1107 417 1262 471 dixit.
1296 417 1359 469 l7
1403 415 1544 472 Deus
1572 427 1750 473 autem
1779 423 2038 490 repressit

462 509 746 562 mulierem
785 506 1073 562 Dexteram
1131 507 1404 562 volentem
1439 508 1733 565 immortali
1772 513 1909 567 vesti
1938 514 2036 567 ad—

457 599 686 670 jungerc
721 620 733 654 :
763 600 826 653 Et
851 601 899 654 ei
927 600 1150 654 verbum
1181 599 1320 654 dixit
1349 619 1363 655 :
1410 599 1582 656 Meam
1618 618 1727 657 non
1765 611 1925 674 tange
1947 612 2036 657 tu-

461 694 663 746 nicam.
704 690 954 745 Nondum
986 691 1130 745 enim
1161 698 1282 760 post
1311 702 1540 747 mortem
1579 694 1646 748 ad
1685 710 1864 748 meum
1901 694 2037 749 redii

460 781 674 834 Patrem
703 799 716 833 :
756 779 860 834 Sed
898 779 1158 835 fratribus
1193 781 1326 836 meis
1365 779 1455 834 dic
1483 779 1790 852 discipulis,
1818 781 1898 836 Ad
1935 781 2039 835 Pa-

463 883 599 926 trem
633 886 813 926 meum
856 871 1018 934 vado,
1053 880 1104 925 et
1131 878 1369 925 vestrum
1393 869 1644 938 Patrem;
1682 871 1744 926 Et
1773 873 1840 926 ad
1871 871 2035 926 Deum

458 967 726 1024 vestrum,
761 969 815 1014 et
846 975 1025 1014 meum
1057 957 1248 1027 Deum,
1287 975 1481 1015 rursus
1510 962 1687 1016 venio.
1727 961 1792 1014 l8
1827 961 1894 1014 Et
1927 959 2039 1014 Ma-

459 1051 539 1105 ria
569 1051 809 1114 volabat,
847 1060 902 1106 et
931 1051 1181 1104 undecim
1239 1051 1564 1107 testificante
1597 1067 1728 1107 voce
1772 1051 2037 1108 Omnibus

459 1143 953 1220 contubernalibus
995 1142 1218 1197 verbum
1257 1144 1685 1197 communicavit
1725 1143 2036 1213 discipulis,

459 1235 615 1302 Quod
648 1236 890 1290 terrestri
916 1235 1177 1288 nudatum
1202 1234 1509 1289 membrisa
1538 1235 1722 1289 tunica
1757 1234 2037 1291 Christum

458 1328 689 1382 vidisset
719 1327 1086 1397 splendentem
1107 1342 1136 1379 a
1172 1326 1280 1382 Deo
1303 1327 1550 1383 laborato
1586 1327 1825 1398 quodam
1852 1328 2038 1398 pallio,

461 1411 525 1468 Et
554 1416 602 1469 ei
637 1415 774 1469 dixit
799 1414 911 1468 haec
935 1415 1141 1480 omnia,
1173 1413 1406 1471 fundens
1436 1415 1747 1486 oppositum
1782 1417 2040 1487 splendo-

468 1524 606 1561 rem.
651 1508 716 1562 19
751 1507 814 1560 Et
845 1507 1159 1563 umbrosam
1194 1509 1415 1576 quando
1433 1517 1631 1563 terram
1665 1517 1832 1564 totam
1863 1509 2040 1580 nigre-

390 1619 398 1638 κ
458 1597 660 1652 fecerat
688 1598 884 1667 caligo,
913 1597 1122 1652 lmmoti
1147 1607 1202 1652 et
1237 1599 1382 1654 fores
1412 1599 1798 1654 coneluserant
1833 1607 2035 1664 vectes,

2151 424 2460 492 Ὶάϐὁουνὶ,
2496 425 2765 490 κατέλεξε.
2799 427 2861 479 l7
2892 427 3022 489 Θεὸς
3049 427 3092 479 δ’
3123 425 3348 494 ἀνέκοψε
3373 429 3592 494 γυναῖκα

2139 515 2428 588 Δεξιτερὴν
2461 517 2759 588 μέλλουσαν
2779 519 2836 580 ἐς
2872 518 3144 588 ἄμϐροτον
3178 510 3310 587 εἷμα
3333 518 3617 570 πελάσσαι·

2139 605 2245 657 Καί
2273 609 2320 658 οἱ
2352 608 2520 677 μῦθον
2548 608 2758 673 ἔλεξεν·
2805 609 2980 679 Ἐμῶν
3009 609 3084 679 μὴ
3106 610 3248 678 ψαῦε
3271 608 3505 679 χιτώνων
3530 626 3540 636 ’

2138 698 2303 751 Οὔπω
2325 699 2432 769 γὰρ
2461 699 2599 770 μετά
2624 702 2828 771 πότμον
2858 701 2974 770 ἐμῷ
3002 702 3237 770 νόστησα
3265 702 3460 769 Τοκῆῖ·

2151 787 2312 840 Ἀλλά
2341 791 2746 860 κασιγνήτοισιν
2780 790 2931 860 ἐμοῖς
2962 791 3188 861 ἀγόρευε
3213 789 3496 860 μαθηταῖς,

2141 879 2285 949 Πρὸς
2313 879 2542 950 Γενέτην
2571 879 2704 950 ἐμὸν
2739 877 2875 951 εἶμι,
2908 883 3002 934 καὶ
3035 882 3295 953 ὑμέτερον
3317 881 3598 951 Γενετῆρα·

2139 971 2248 1024 Ka‘t
2275 971 2404 1024 Θεὸν
2437 972 2664 1040 ὑμείων,
2707 973 2802 1024 καὶ
2829 973 2960 1043 ἐμὸν
2985 973 3134 1035 Θεὸν,
3163 968 3316 1033 αὖτις
3343 971 3530 1025 ἱκάνω.

2141 1061 2207 1114 18
2233 1061 2341 1114 Kai.
2367 1061 2598 1132 Μαριὰμ
2629 1061 2924 1132 πεπότητο,
2955 1061 3046 1115 καὶ
3073 1061 3264 1115 ἕνδεκα
3299 1061 3535 1130 μάρτυρι
3555 1061 3684 1128 φωνῇ

2138 1153 2310 1204 Πᾶσιν
2337 1152 2726 1223 ὑπωροφίοισιν
2764 1151 2894 1216 ἔπος
2929 1153 3129 1217 ξύνωσε
3164 1152 3456 1223 μαθηταῖς,

2143 1245 2296 1296 "Om
2331 1243 2684 1314 μεταχθονίου
2709 1245 3058 1315 γυμνούμενα
3087 1246 3214 1312 γυῖα
3233 1242 3484 1313 χιτῶνος,

2137 1335 2372 1406 Χριστὸν
2403 1334 2479 1388 ῖδε
2514 1334 2798 1398 στίλϐοντα
2821 1335 3108 1406 θεοκμήτῳ
3129 1335 3234 1388 τινὶ
3265 1332 3478 1404 πέπλῳ.

2139 1425 2248 1478 Καί
2279 1426 2326 1477 οἱ
2361 1424 2464 1496 ἔφη
2490 1425 2614 1480 τάδε
2650 1426 2849 1493 πάντα,
2879 1428 3018 1497 χέων
3055 1426 3327 1481 ἀντώπιον
3355 1426 3566 1495 αἴγλην.

2139 1515 2205 1570 19
2237 1515 2348 1569 Καὶ
2375 1518 2597 1589 σκιερὴν
2645 1518 2731 1572 ὅτε
2761 1522 2920 1588 γαῖαν
2954 1519 3082 1590 ὃλην
3115 1520 3394 1590 ἐμέλαινεν
3427 1515 3626 1589 ὀμίχλη,

2151 1604 2421 1669 ’Δκλινέες
2445 1606 2500 1658 δὲ
2533 1605 2768 1678 θύρετρα
2802 1608 3193 1680 συνεκλήῖσσαν
3222 1611 3402 1680 ὀχῆες,

459 1686 561 1742 Ubi
617 1687 999 1742 delitescentes
1047 1687 1533 1741 commorabantur
1560 1687 1836 1756 discipuli,
1881 1687 2035 1742 Sicut

2149 1696 2374 1750 Ὀππόθι
2402 1697 2739 1766 φωλεύοντες
2770 1700 3111 1764 ἐναυλίζοντο
3138 1702 3398 1773 μαθηταὶ,

457 1778 540 1830 ala
570 1778 651 1831 vel
681 1777 961 1847 cogitatio,
989 1777 1240 1832 sublimis
1273 1779 1327 1831 in
1364 1777 1543 1832 medio
1596 1779 1770 1842 stetit,
1810 1778 2036 1834 Cinctus
2096 1808 2103 1816 -
2151 1790 2164 1807 '

457 1868 642 1930 sociis,
663 1876 717 1922 et
747 1867 884 1921 dixit
917 1866 1276 1922 :‘Conmiunis
1306 1867 1456 1922 vobis
1496 1865 1628 1922 Pax.
1662 1866 1732 1920 20
1764 1866 1828 1920 Et
1853 1869 2038 1938 inspe-

458 1968 635 2013 ratum
670 1960 896 2013 verbum
929 1959 1094 2014 breve
1121 1958 1505 2024 hocclamans,
1533 1957 1854 2014 Monstravit
1871 1960 2037 2030 pedes

457 2059 510 2108 ct
542 2066 736 2105 manus
774 2050 938 2104 simul
970 2050 1318 2120 congregatis
1351 2049 1636 2119 discipulis
1673 2049 1838 2105 Clavo
1868 2051 2036 2121 traje-

455 2151 595 2199 clas.
628 2151 680 2195 et
717 2141 860 2195 latus
902 2155 1095 2194 recens
1122 2140 1499 2206 vulneratum;
1533 2154 1658 2195 sero
1687 2151 2038 2211 apparentem

458 2240 638 2285 autem
675 2231 962 2285 Dominum
993 2229 1244 2285 videntes
1279 2230 1453 2284 laetati
1486 2240 1615 2285 sunt
1655 2245 1848 2287 rursus
1878 2231 2035 2286 socii.

456 2323 520 2376 21
563 2322 626 2376 Et
662 2321 798 2392 ipsis
832 2321 943 2378 [lex
979 2321 1118 2376 dixit
1151 2322 1348 2375 iterum
1383 2321 1545 2376 celeri
1577 2336 1868 2376 sermone:
1926 2320 2038 2376 Pax

466 2427 667 2465 rursus
724 2412 926 2466 vobis:
978 2419 1032 2464 et
1071 2412 1214 2465 sicut
1273 2410 1602 2480 quadrijngo
1655 2412 1860 2466 mundo
1893 2410 2039 2466 Misit

460 2518 618 2556 meus
649 2500 813 2555 l‘ater
844 2515 957 2566 me,
977 2507 1032 2554 et
1063 2515 1158 2554 vos
1179 2500 1295 2568 ipse
1330 2500 1505 2554 mitto.
1535 2500 1607 2552 22
1630 2500 1773 2555 Dixit
1810 2518 1825 2555 :
1855 2511 1909 2555 et
1936 2503 2038 2555 im-

456 2594 708 2649 mortalis
737 2593 852 2648 oris
877 2591 1063 2646 flatum
1094 2591 1347 2656 tendens,
1390 2589 1558 2645 Labia
1605 2592 1861 2662 aperiens
1893 2592 2036 2646 vita-

457 2687 549 2750 lia,
609 2685 747 2740 dixit
780 2683 1102 2754 discipulis:
1153 2682 1416 2754 Spiritum
1459 2693 1712 2738 sanetum
1767 2683 2033 2754 accipite:

455 2778 528 2834 25
563 2787 616 2834 ct
646 2792 878 2848 quorum
914 2776 1195 2830 hominum
1239 2775 1295 2830 in
1337 2782 1481 2830 terra
1514 2773 1849 2846 lmpietatem
1880 2775 2040 2829 dimi-

457 2871 661 2936 seritis,
694 2871 748 2925 in
806 2871 918 2924 vita
971 2885 1166 2925 errans
1226 2883 1368 2924 onus
1415 2867 1780 2930 necessitatis,
1825 2866 2039 2923 Peccati

457 2964 734 3020 oblivione
773 2963 970 3025 deleta,
1019 2961 1262 3018 coalestis
1331 2960 1533 3016 solutio
1599 2962 1738 3025 erit;
1793 2961 2034 3026 Quorum

2167 1789 2239 1852 Ως
2275 1790 2476 1862 πτερὸν
2505 1791 2570 1862 ὴὲ
2601 1793 2778 1864 νόημα
2820 1795 3116 1866 μετάρσιος
3143 1797 3223 1858 εις
3250 1796 3414 1866 μέσον
3449 1797 3568 1866 ἔστη

2137 1880 2446 1951 Μιτρωθεὶς
2474 1883 2736 1954 ἑτάροισι,
2773 1886 2865 1938 καὶ
2895 1885 3113 1938 ἔννεπεο
3141 1887 3410 1957 Σύννομος
3443 1889 3563 1958 ὑμῖν

2139 1971 2366 2043 Εἰρήνη.
2396 1972 2466 2025 20
2492 1972 2601 2026 Kal.
2631 1973 2861 2027 ἄελπτον
2883 1973 3010 2038 ἔπος
3040 1973 3213 2045 βραχὺ
3242 1974 3399 2028 τοῦτο
3423 1973 3626 2046 βοήσας,

2137 2060 2290 2125 Δεῖξε
2323 2061 2494 2126 πόδας
2520 2062 2614 2115 καὶ
2647 2067 2836 2134 χεῖρας
2867 2063 3236 2134 ὁμηγυρέεσσι
3271 2066 3540 2137 μαθηταῖς

2151 2151 2507 2219 Ἢλοτύπους,
2539 2153 2776 2225 πλευρήν
2809 2171 2870 2207 τε
2909 2153 3223 2208 νεούτατονο
3256 2156 3491 2228 ὀψιφανῆ
3526 2157 3575 2210 δὲ

2141 2244 2408 2316 Κοίρανον
2435 2243 2774 2316 ἀθρήσαντες
2803 2245 3025 2316 ἐγήθεον
3058 2241 3212 2310 αὖθις
3243 2248 3467 2319 ἑταῖροι.

2138 2335 2201 2388 21
2238 2336 2346 2389 Καί
2379 2353 2504 2404 σφιν
2535 2336 2704 2402 Ἀναξ
2726 2338 2953 2406 ἀγόρευε
2982 2337 3294 2409 τοδεύτερον
3316 2330 3430 2405 ὀξέϊ
3456 2339 3629 2410 μύθῳ·

2137 2427 2341 2500 Εἰρήνη
2373 2427 2536 2482 πάλιν
2569 2427 2712 2500 ὔμμι
2732 2447 2745 2459 ο
2773 2428 2868 2483 καὶ
2893 2429 2969 2493 ὠς
2998 2430 3295 2502 τετράζυγι
3317 2432 3503 2502 κόσμῳ

2139 2518 2364 2588 Πέμψεν
2393 2520 2524 2590 ἐμὸς
2557 2521 2791 2592 Γενέτης
2822 2539 2912 2593 με,
2943 2522 3036 2575 καὶ
3062 2522 3233 2593 ὑμέας
3257 2524 3418 2588 αὐτὸς
3444 2523 3614 2576 ἰάλλω.

2136 2605 2208 2660 22
2228 2604 2365 2661 Εῖπε
2380 2647 2394 2674 ,
2414 2609 2510 2662 καὶ
2538 2609 2854 2681 ἀμϐροσίων
2885 2611 3169 2681 στομάτων
3191 2611 3420 2683 φύσημα
3443 2614 3685 2676 τιταίνων,

2138 2698 2325 2764 Χεῑλος
2361 2699 2676 2766 ἀναπτύξας
2717 2701 3013 2773 βιοτήσιον,
3044 2697 3165 2755 εἷπε
3201 2703 3501 2774 μαθηταῖς·

2151 2790 2340 2860 ’Δγνὸν
2367 2791 2593 2863 Πνεῦμα
2613 2791 2834 2863 δέχεσθε
2855 2811 2868 2824 ο
2894 2792 2965 2848 25
2991 2795 3085 2848 καὶ
3104 2788 3179 2848 ὧν
3205 2795 3455 2867 μερόπων
3476 2795 3557 2850 ἐνὶ
3583 2795 3687 2864 γαίῃ

2140 2883 2440 2954 Δυσσεϐίην
2462 2883 2688 2954 ἀφέητε,
2724 2885 3011 2955 βιοπλανές
3042 2886 3207 2957 ἄχθος
3238 2887 3498 2959 ἀνάγκης,

2153 2968 2208 3020 Ἀ
2220 2970 2496 3042 μπλακίης
2523 2971 2800 3044 ἄμνηστος
2833 2975 3130 3045 ἐπουρανίη
3164 2975 3317 3040 λύσις
3337 2977 3481 3030 ἔσται
3499 2992 3513 3006 ·

457 3073 588 3112 vero
610 3070 803 3111 rursus
825 3053 1112 3109 tenueritis
1130 3052 1410 3106 hominum
1440 3052 1796 3121 peccatricem
1815 3065 2034 3118 noxam,

2144 3053 2241 3112 Ὧν
2272 3061 2329 3114 δέ
2353 3061 2514 3116 πάλιν
2543 3064 2830 3135 κρατέοιτε
2863 3063 3071 3137 βροτῶν
3099 3066 3375 3139 ἀλιτήριον
3403 3069 3552 3139 ἄτην,

457 3147 621 3216 214
643 3145 817 3214 Opera
853 3145 978 3198 vita:
1017 3142 1253 3197 errantis
1307 3151 1528 3197 manent
1568 3142 1732 3212 ligata
1793 3143 2033 3198 vinculo.

449 3235 516 3288 24
536 3235 774 3289 Thomas
789 3241 968 3288 autem
987 3233 1134 3287 intus
1153 3232 1447 3289 latentibus
1461 3233 1646 3288 deerat
1663 3233 1814 3290 solus
1841 3236 2032 3301 sociis,

455 3323 683 3379 Vicinus
719 3322 937 3392 quando
975 3324 1044 3377 ad
1076 3336 1265 3378 omnes
1303 3337 1398 3393 per
1444 3337 1626 3378 aerem
1663 3325 1811 3379 venit
1843 3323 2030 3391 Jesus,

453 3417 719 3472 Dominus
753 3431 850 3486 per
878 3429 1042 3472 auras
1077 3415 1384 3476 ambulans.
1429 3431 1538 3471 non
1570 3416 1912 3472 testificatam
1947 3435 2034 3474 se-

457 3507 640 3562 mitam
660 3508 937 3562 alternans
973 3526 986 3561 :
1022 3507 1093 3562 25
1123 3505 1187 3562 Et
1219 3507 1267 3563 ei
1295 3515 1634 3578 spectatores
1663 3507 1923 3564 dixerunt
1957 3510 2036 3566 di-

455 3599 651 3672 scipuli
695 3599 982 3654 Dominum
1027 3599 1172 3670 quod
1218 3598 1518 3666 vidissent;
1563 3599 1652 3655 ille
1684 3615 1816 3655 vero
1852 3600 2033 3657 audax

456 3693 656 3746 labimu
685 3691 956 3762 aperiens,
995 3690 1139 3746 Dixit
1169 3705 1475 3748 sermonem
1512 3691 1878 3758 incredulum,
1903 3696 2032 3765 quia

455 3787 612 3840 tardo
643 3787 706 3840 ad
741 3793 947 3841 motum
978 3785 1148 3840 verbo
1173 3783 1496 3841 Testimonii
1538 3784 1831 3840 inllexilem
1880 3803 2031 3858 qua:-

453 3877 609 3932 rebat
634 3876 895 3952 majorem
934 3875 1384 3947 persuasionem:
1413 3873 1528 3930 Nisi
1554 3890 1750 3935 manus
1793 3876 2030 3942 videam,

454 3966 788 4040 profundum
821 3977 1002 4024 autem
1060 3967 1206 4024 ferro
1238 3965 1433 4024 Fixero
1478 3967 1709 4038 digitum
1755 3984 2030 4024 summum

455 4067 617 4118 acute
646 4061 872 4118 fixorum
915 4060 969 4114 in
1000 4069 1186 4132 typum
1236 4060 1549 4123 clavorum,
1582 4057 1644 4114 Et
1678 4075 1898 4115 manum
1936 4077 2032 4116 ca-

2143 3153 2195 3222 2
2208 3152 2308 3222 15
2350 3155 2525 3222 Ἔργα
2541 3155 2657 3226 βίου
2677 3157 2843 3226 σφαλε
2852 3161 2962 3229 ροῖο
2979 3157 3129 3228 μένει
3150 3176 3215 3212 πε
3224 3160 3356 3232 πεδη
3365 3161 3494 3232 μένα
3509 3157 3687 3230 δεσμῷ.

2142 3243 2214 3296 24
2249 3245 2450 3315 Θωμᾶς
2470 3245 2516 3299 δ’
2539 3246 2850 3318 ἐνδομύχων
2879 3248 3203 3303 ἀπελείπετο
3233 3252 3428 3322 μοῦνος
3464 3253 3686 3324 ἑταίρων,

2154 3335 2482 3408 ’Δγχιφανὴς
2503 3339 2592 3391 ὅτε
2619 3341 2752 3394 πᾶσι
2789 3341 2856 3394 δι’
2883 3342 3042 3414 ἠέρος
3069 3339 3232 3416 ἦλθεν
3279 3344 3504 3415 Ἰησοῦς,

2141 3426 2408 3498 Κοίρανος
2436 3429 2809 3500 ἠνεμόφοιτος,
2846 3434 3162 3508 ἀμάρτυρον
3186 3433 3340 3507 οἷμον
3369 3436 3595 3508 ἀμείϐων
3613 3451 3626 3464 ·

2141 3518 2213 3573 25
2249 3519 2359 3572 Καί
2383 3522 2433 3574 οἱ
2466 3521 2832 3596 ὀπιπευτῆρες
2855 3525 3259 3595 ἐπεφθέγξαντο
3288 3529 3540 3599 μαθηταὶ,

2141 3610 2406 3682 Κοίρανον
2432 3613 2508 3678 ὠς
2538 3614 2767 3686 ἐνόησαν
2786 3633 2801 3648 ·
2839 3618 2867 3669 6
2895 3616 2950 3670 δέ
2977 3617 3147 3690 θρασὺ
3174 3618 3352 3689 χεῖλος
3377 3618 3594 3684 ἀνοίξας,

2145 3702 2374 3757 Ἔννεπε
2411 3703 2580 3775 μῦθον
2607 3707 2855 3774 ἄπιστον,
2888 3709 3010 3763 ἐπεὶ
3035 3710 3339 3784 βραδυδινέῖ
3371 3712 3517 3783 μύθῳ

2141 3794 2468 3867 Μαρτυρίης
2497 3797 2817 3870 ἄγναμπτον
2849 3800 3051 3866 ἐδίζετο
3083 3803 3306 3873 μείζονα
3331 3803 3517 3867 πειθὼ,

2140 3884 2205 3937 Et
2240 3883 2315 3954 μή
2340 3887 2528 3958 χεῖρας
2558 3888 2743 3960 ἴδοιμι,
2774 3890 3135 3962 βαθυνόμενόν
3160 3911 3219 3947 τε
3258 3894 3456 3967 σιδήρῳ

2142 3974 2308 4043 Πήξω
2334 3976 2594 4032 δάκτυλον
2624 3981 2790 4054 ἄκρον
2825 3985 2882 4047 ἐς
2907 3985 3174 4057 ὀξυτόρων
3199 3985 3368 4041 τύπον
3395 3987 3550 4058 ἥλων,

2143 4059 2254 4118 Kai.
2280 4066 2538 4140 παλάμην
2565 4070 2864 4145 γλαφυροῖο
2897 4075 3040 4129 κατά
3064 4076 3316 4148 πλευροῖο
3341 4079 3597 4146 πελάσσω,

1669 4174 1950 4234 ΤΕΧΤυΞ
1991 4177 2516 4240 ΕνΑΝοΕιιδτΑΞ.

527 4287 617 4381 12'
627 4285 791 4381 ,μέγα
822 4286 956 4381 αὐτῇ
978 4283 1257 4381 όςιηεὲῦςς
1289 4288 1376 4355 Μή
1403 4305 1504 4357 μου
1529 4290 1734 4381 ἆπτουι·
1754 4288 1905 4381 οὔπω
1927 4290 2036 4381 γάρ
2070 4296 2111 4350 D
2142 4293 2324 4381 καθῲς
2351 4297 2658 4354 ἀπέσταλκέ
2695 4318 2761 4370 με
2787 4304 2815 4355 6
2840 4303 3049 4376 Πατὴρ,
3080 4307 3234 4377 κάγὼ
3268 4309 3470 4381 πέμπω
3491 4309 3632 4380 ὑμᾶς.

453 4367 768 4435 ἀναϐέϐηκα
806 4366 942 4436 πρὸς
980 4365 1072 4418 τὸν
1107 4367 1327 4438 Πατέρα
1379 4387 1514 4440 μου·
1552 4368 1782 4441 πορεύου
1811 4371 1866 4424 δὲ
1900 4372 2036 4442 πρὸς

453 4451 578 4512 τοὺς
603 4446 863 4515 ἀδελφούς
890 4464 1010 4517 μου,
1049 4447 1143 4501 καὶ
1173 4449 1293 4502 εἰπὲ
1326 4451 1508 4515 αὐτοῖς
1526 4468 1540 4482 ·
1580 4451 1876 4506 Ἀναϐαίνω
1900 4454 2036 4526 πρὸς

453 4532 543 4584 τὸν
577 4530 796 4600 Πατέρα
832 4546 932 4599 μου
959 4531 1053 4583 καὶ
1082 4531 1299 4602 Πατέρα
1334 4533 1509 4601 ὑμῶν,
1535 4534 1624 4586 καὶ
1653 4534 1784 4588 Θεόν
1818 4553 1919 4607 μου
1944 4539 2038 4591 καὶ

453 4613 585 4667 Θεὸν
615 4614 644 4666 ύ
653 4612 790 4682 μῶν.

527 4696 592 4751 18
633 4697 890 4769 Ἔρχεται
925 4697 1116 4769 Μαρία
1167 4700 1200 4769 ή
1238 4697 1570 4771 Μαγδαληνὴ
1619 4702 2036 4770 ἀπαγγέλλουσα

371 4789 392 4793 ”
451 4780 567 4842 τοῖς
594 4778 862 4850 μαθηταῖς
887 4781 969 4833 ὅτι
999 4779 1209 4851 ἑώρακε
1237 4781 1328 4835 τὸν
1365 4782 1592 4850 Κύριον,
1622 4785 1717 4837 καὶ
1748 4783 1922 4836 ταῦτα
1959 4778 2037 4835 εἷ-

454 4877 556 4914 πεν
581 4863 739 4931 αὐτῇ.

401 4955 450 5036 ιι..
529 4943 812 5036 [δούσης
855 4938 946 5036 οὖν
973 4942 1132 5036 ξιφίας
1161 4945 1226 5036 τῇ
1257 4945 1442 5036 ἡμέρᾳ
1470 4947 1653 5036 ἐκείνῃ
1795 4948 2035 5036 μιᾷ-τῶν

392 5025 426 5089 ,ζ
457 5025 760 5088 σαϐϐάτων,
797 5026 892 5079 καὶ
936 5025 1043 5078 τῶν
1073 5025 1250 5095 θυρῶν
1279 5026 1698 5098 κεκλεισμένων,
1729 5033 1861 5084 ὅπου
1897 5028 2036 5103 ἦσαν

453 5109 501 5159 οἱ
537 5107 777 5178 μαθηταὶ
803 5107 1130 5178 συνηγμένοι
1163 5107 1248 5160 διὰ
1273 5107 1364 5159 τὸν
1391 5109 1554 5176 φόϐον
1595 5112 1704 5164 τῶν
1743 5113 2033 5176 Ἰουδαίων,

453 5184 616 5259 ἦλθεν
641 5192 670 5244 6
707 5192 934 5264 Ἰησοῦς,
968 5191 1060 5244 καὶ
1091 5190 1220 5260 ἔστη
1247 5190 1326 5254 εἰς
1348 5189 1409 5243 τὸ
1442 5192 1623 5262 μέσον,
1652 5195 1745 5248 καὶ
1775 5194 1920 5266 λέγει
1943 5198 2038 5250 αύ-

454 5275 598 5336 τοῖς·
628 5275 833 5346 Εἰρήνη
872 5277 1020 5346 ὑμῖν.

523 5355 593 5408 20
632 5356 741 5409 Kal.
773 5357 930 5411 τοῦτο
962 5357 1152 5422 εἰπὼν,
1178 5357 1376 5425 ἔδειξεν
1403 5359 1587 5424 αὐτοῖς
1608 5361 1708 5425 τὰς
1731 5367 1919 5437 χεῖρας
1944 5366 2039 5418 καὶ

454 5433 552 5518 τήν
582 5437 821 5510 πλευρὰν
850 5441 1036 5496 αὐτοῦ’
1073 5442 1349 5515 ἐχάρησαν
1379 5439 1471 5498 οὖν
1501 5446 1549 5498 οἱ
1577 5433 2037 5518 μαθηταὶνίδόντες

455 5516 548 5568 τὸν
582 5520 804 5591 Κύριον.

529 5599 592 5653 21
636 5600 800 5658 Εἶπεν
821 5600 912 5659 οὖν
938 5607 1119 5670 αὐτοῖς
1139 5610 1166 5661 6
1196 5609 1399 5682 Ἰησοῦς
1423 5612 1583 5666 πάλιν
1601 5630 1614 5643 ·
1644 5614 1848 5684 Εἰρήνη
1872 5615 2000 5685 ύμῖν
2020 5633 2032 5646 ·

2211 4379 2281 4433 22
2318 4381 2427 4434 Ka‘t
2459 4382 2619 4436 τοῦτο
2655 4384 2842 4452 εἰπὼν,
2865 4387 3186 4461 ἐνεφύσησε,
3213 4395 3307 4446 καὶ
3336 4379 3481 4463 λέγει
3507 4379 3678 4453 αὐτοῖς·

2139 4463 2344 4517 Λάϐετε
2381 4464 2606 4538 Πνεῦμα
2637 4469 2810 4536 ἆγιον.

2209 4547 2280 4602 25
2321 4549 2419 4632 :Av
2465 4567 2625 4604 τινων
2668 4553 2840 4625 ἀφῆτε
2882 4556 2982 4621 τάς
3009 4559 3302 4630 ἁμαρτίας,
3331 4562 3567 4632 ἀφίενται
3605 4556 3682 4612 αὐ·

2140 4633 2284 4713 τοῖς-ο
2317 4628 2381 4713 ἄν
2408 4646 2567 4713 τινων
2601 4636 2861 4706 κρατῆτε,
2893 4628 3277 4713 κεκράτηνται.

2209 4711 2278 4764 2-⁸
2315 4711 2515 4796 θωμμᾶξ
2547 4713 2624 4778 δὲ,
2657 4713 2739 4777 εἷς
2766 4720 2832 4772 ὲκ
2863 4721 2972 4775 τῶν
2998 4711 3226 4789 δώδεκα,
3258 4729 3288 4780 6
3318 4725 3592 4796 λεγόμενος
3610 4723 3683 4776 Δί·

2139 4792 2324 4879 δύμος,
2359 4792 2458 4879 ούκ
2484 4789 2551 4864 ἦν
2588 4799 2704 4866 μετ’
2741 4802 2918 4857 αὐτῶν
2952 4806 3040 4858 ὅτε
3073 4803 3233 4877 ἦλθεν
3265 4810 3293 4861 ὁ
3331 4789 3549 4879 Ἰησοῦς.

2207 4873 2278 4927 25
2307 4873 2544 4961 *Ἔλεγον
2573 4875 2665 4933 οὗν
2698 4883 2846 4954 αὐτῷ
2876 4887 2926 4939 οἱ
2952 4873 3106 4942 ἄλλοι
3137 4873 3412 4960 μαθηταίί
3447 4891 3690 4961 Ἑωράκα,

2141 4972 2240 5044 μεν
2271 4956 2362 5010 τὸν
2403 4957 2620 5033 Κύριον.
2640 4963 2697 5016 '0
2725 4965 2780 5017 δὲ
2809 4962 2964 5022 εἶπεν
2997 4956 3179 5030 αὐτοῖς
3199 4990 3213 5003 ο
3255 4956 3381 5026 Ἑάν
3417 4973 3488 5044 μή
3533 4956 3614 5025 irim
3643 4973 3690 5020 ἐν

2137 5039 2257 5126 ’ξτξῖς
2283 5043 2468 5126 χερσὶν
2494 5045 2658 5100 αὑτοῦ
2690 5047 2781 5101 τὸν
2806 5049 2977 5105 τύπον
3013 5053 3122 5107 τῶν
3147 5055 3313 5125 ἥλων,
3336 5039 3431 5110 καῖ
3614 5054 3690 5104 τὸν

2137 5119 2401 5207 δάκτυλόν
2437 5141 2538 5194 μου
2575 5129 2656 5192 εἰς
2687 5129 2777 5184 τὸν
2830 5133 3002 5187 τύπον
3055 5119 3181 5188 τῶν-
3215 5137 3361 5207 ἥλων
3382 5178 3398 5205 ,
3433 5119 3521 5190 καὶ
3564 5134 3689 5206 βάλω

2137 5203 2437 5302 τὴναεῖρά
2472 5225 2572 5278 μου
2603 5213 2682 5276 εἰς
2710 5213 2809 5285 τὴν
2846 5214 3087 5287 πλευρὰν
3136 5203 3333 5289 αὑτοῦ,
3375 5203 3435 5275 διν
3491 5203 3575 5292 μὴ’
3609 5234 3688 5269 πι-

2141 5303 2370 5345 στευσω.

2208 5369 2294 5458 26Δ
2318 5371 2428 5458 καὶ
2461 5374 2580 5458 μεθ’
2603 5376 2816 5448 ἡμέρας
2847 5379 2992 5435 ὀκτὼ
3026 5382 3188 5438 πάλιν
3211 5381 3352 5458 ἦσαν
3389 5385 3491 5439 ἔσω
3530 5386 3574 5437 οἱ
3604 5399 3688 5452 μσ-

2141 5450 2306 5540 θηταὶ
2336 5454 2519 5540 αὑτοῦ,
2548 5459 2650 5540 καὶ
2683 5459 2885 5532 Θωμᾶς
2916 5466 3035 5534 μετ’
3064 5450 3273 5521 αὐτῶνθ
3307 5468 3518 5540 ἔρχεται
3540 5466 3566 5518 ὁ
3598 5450 3690 5532 Ἴη-

2143 5534 2268 5622 σοῦς
2294 5535 2402 5622 τῶν
2431 5537 2608 5610 θυρῶν
2630 5541 3048 5616 κεκλεισμένων,
3075 5549 3168 5603 καὶ
3190 5550 3318 5622 ἔστη
3339 5534 3425 5618 *εἷς
3447 5549 3504 5603 τὸ
3527 5546 3690 5620 μέσαν»

2143 5619 2234 5676 καὶ
2265 5615 2416 5675 εῗπεν
2436 5639 2450 5654 ’
2479 5623 2685 5697 Εἰρήνη
2714 5627 2859 5700 ύμῖν.
