3956 6202
504 341 616 400 915
1710 342 1914 397 NONNI
1974 343 2483 400 PANOPOLITANI

504 472 621 509 sam
645 464 961 510 consuetam
984 456 1252 508 marinam
1279 460 1586 523 eapturam.
1612 453 1677 508 Et
1701 458 1751 510 ei
1772 472 2077 512 sermonem

2190 460 2456 530 Ἔρχομαι
2488 458 2799 528 ἰχθυόεσσαν
2832 460 2889 521 ἐς
2915 456 3087 528 ἠθάδα
3112 457 3327 510 πόντιον
3352 455 3542 526 ἄγρην.

503 548 760 600 dixerunt
812 545 1045 601 comites
1099 545 1403 613 piscatores
1446 560 1459 595 :
1498 542 1700 600 Tecum
1746 546 1813 600 ad
1860 550 2080 618 piscosa

2190 551 2293 605 Καί
2322 553 2369 603 oi
2403 550 2569 621 μῦθον
2598 550 2782 614 ἔλεξαν
2808 549 3072 620 όμήλυδες
3102 547 3398 616 ἁσπαλιῆες
3420 561 3434 573 °

505 637 614 692 fhsi
649 641 819 692 maris
858 652 1027 707 Opera
1067 644 1121 690 et
1159 651 1260 692 nos
1300 634 1566 693 Vadimus
1604 651 1795 693 omnes
1828 640 2076 694 comites.

2190 642 2289 694 Σὺν
2316 642 2398 693 σοὶ
2429 642 2486 704 ἐς
2518 640 2795 711 ἰχθυόεντα
2821 640 2990 710 χυτῆς
3025 638 3148 701 ἁλὸς
3174 638 3312 708 ἔργα
3341 637 3436 688 καὶ
3463 637 3610 705 ἡμεῖς

504 729 547 781 Ε
575 728 739 783 domo
777 735 959 781 autem
990 725 1234 781 Conlerti
1269 730 1646 790 movebantur,
1683 736 1737 783 et
1767 729 1930 783 vieini
1964 730 2082 783 adi-

2190 729 2398 800 ἰέμεθα
2430 729 2740 800 ξύμπαντες
2769 729 3048 800 ὁμηλυδες.
3069 730 3162 782 Ἐκ
3190 728 3245 781 δὲ
3286 726 3548 797 μελάθρου

504 827 620 872 tum
674 819 850 880 lacus,
898 814 1090 871 Navim
1137 818 1530 888 ingredientes,
1579 820 1939 889 navigarunt;
1987 838 2081 891 per

2194 817 2551 888 ’Δμφιλαφεῖς
2584 818 2804 889 ῥώοντο,
2837 818 2932 871 καὶ
2959 818 3257 887 ἀγχιπόρου
3290 816 3463 885 στόμα
3490 815 3675 886 λίμνης,

503 916 721 961 noctem
753 921 885 962 vero
921 905 1068 960 Nihil
1102 907 1156 961 in
1190 909 1324 962 mari
1353 908 1728 962 laborantibus
1762 910 1937 977 potuit
1965 924 2083 963 ma—

2190 907 2325 979 Νηος
2358 909 2795 980 ἐπεμϐαίνοντες,
2824 908 3117 961 ἐπέπλεον·
3154 909 3394 978 ἐννύχιον
3425 909 3480 961 δὲ

502 999 669 1051 nibus
714 1010 910 1065 capere
959 996 1149 1052 Castus
1198 998 1414 1063 omnis;
1461 1006 1515 1052 et
1560 998 1757 1052 crebro
1786 998 2080 1053 identidem

2190 1002 2347 1054 υύδέν
2377 1001 2696 1073 άλιτρύτῃσι
2722 1000 2987 1072 δυνήσατο
3017 1002 3172 1072 χερσὶ
3198 1000 3407 1064 πιέζειν

511 1090 909 1143 molestabatur
951 1088 1164 1154 Simon,
1210 1087 1465 1143 Manibus
1502 1090 1773 1144 ambabus
1808 1091 1923 1147 leve
1964 1096 2082 1144 rete

2195 1092 2389 1162 Ἐσμὸς
2426 1092 2571 1156 ἄπας
2590 1110 2602 1122 ’
2629 1092 2723 1145 καὶ
2750 1092 2932 1145 πυκνά
2973 1092 3309 1161 παλιμπετὲς
3338 1091 3531 1162 ἄχνυτο
3548 1094 3711 1164 Σίμων,

507 1181 755 1235 trahens.
807 1180 842 1234 4
884 1179 948 1234 Et
988 1182 1164 1236 roseis
1201 1180 1373 1236 radiis
1409 1181 1630 1250 quando
1669 1181 1959 1252 caliginem
1994 1179 2080 1235 di-

2190 1183 2382 1253 Χερσὶν
2407 1185 2491 1236 ἐπ’
2517 1181 2893 1254 ἀμφοτέρῃσιν
2914 1183 3215 1255 ὑπηνέμιον
3239 1182 3385 1236 λίνον
3406 1184 3585 1236 ἕλκων.

502 1271 709 1325 viserat
749 1285 967 1334 aurora,
1014 1270 1267 1325 Christus
1311 1270 1377 1323 ad
1421 1270 1681 1340 pulchros
1723 1270 1932 1339 lapides
1982 1269 2081 1322 ha-

2190 1273 2215 1328 ι
2254 1274 2364 1326 Καὶ
2390 1273 2577 1344 ροδέης
2603 1274 2816 1326 ἀκτῖσιν
2841 1274 2929 1325 ὅτε
2958 1273 3117 1341 ζόφον
3143 1272 3355 1343 ἔσχισεν
3379 1273 3510 1343 ἠὼς,

504 1360 641 1415 bens
678 1361 835 1416 littus
878 1361 1030 1417 stetit
1060 1362 1251 1427 maris,
1288 1362 1613 1416 llatutinum
1644 1362 1937 1432 vestigium
1975 1360 2082 1415 du-

2190 1360 2417 1431 Κριστὸς
2450 1360 2826 1433 ἐῦκροκάλοισι
2853 1361 2984 1431 παρ’
3011 1362 3165 1432 ᾐόσιν
3196 1362 3380 1414 ἵστατο
3402 1362 3603 1426 πόντου,

502 1467 638 1507 cens
681 1454 1026 1523 peregrinum
1068 1454 1136 1508 ad
1180 1464 1503 1510 consuetum
1548 1455 1751 1520 laeum,
1796 1454 2078 1524 Tanquam

2190 1451 2396 1523 Πρώῖον
2420 1450 2564 1523 ἴχνος
2593 1452 2741 1519 ἄγων
2773 1450 3059 1522 ἐπιδήμιον
3088 1452 3244 1520 ἡθάδι
3274 1453 3463 1526 λίμνῃ,

504 1544 631 1597 cibo
658 1542 906 1614 indigens
940 1545 1032 1614 qui
1064 1546 1119 1599 in
1144 1546 1280 1599 mari
1314 1546 1583 1613 volvitur;
1617 1560 1795 1615 neque
1820 1543 2079 1613 discipuli

2190 1538 2283 1599 Οἷα
2313 1544 2479 1615 βορῆς
2512 1544 2719 1614 χατέων
2750 1542 3008 1606 άλιδινέος
3029 1560 3040 1570 ·
3074 1543 3193 1596 οὐδὲ
3228 1543 3471 1614 μαθηταὶ

504 1635 766 1690 Videntes
789 1643 1165 1706 cognoverunt
1198 1637 1344 1707 quod
1374 1652 1541 1707 prope
1566 1644 1685 1691 erat
1713 1635 1895 1691 Jesus.
1930 1634 1964 1689 5
1986 1632 2082 1688 Vi-

2190 1636 2507 1705 Δερκόμενοι
2529 1635 2831 1703 γίγνωσκον
2862 1634 2944 1687 ὅτι
2980 1634 3163 1703 σχεδὸν
3192 1630 3289 1706 ἦεν
3323 1635 3545 1706 Ἰησοῦς.

502 1735 696 1781 ventes
730 1728 784 1781 in
828 1728 964 1784 locis
1015 1728 1253 1783 humidis
1286 1743 1415 1783 vero
1451 1728 1805 1799 interrogavit
1840 1742 2078 1782 consue-

2190 1725 2217 1780 5
2264 1725 2584 1797 ’Υγροδίους
2608 1724 2653 1777 δ’
2676 1725 2910 1794 ἐρέεινεν
2937 1724 3206 1795 ὲθὴμονας
3234 1725 3577 1795 ἰχθυϐολῆαςο

502 1825 591 1871 tos
630 1816 975 1887 piscatores:
1008 1820 1315 1889 Aquatilem
1346 1818 1576 1889 proliﬁei
1615 1818 1821 1874 al'fertis
1862 1833 2077 1874 cautam

2190 1815 2375 1870 [Ιλωτά
2406 1815 2794 1882 τελεσσιγόνοιο
2825 1814 3077 1885 κομίζετε
3105 1815 3296 1869 δεῖπνα
3326 1816 3603 1887 θαλάσσης,

503 1908 696 1971 maris,
728 1909 894 1979 218
923 1908 1082 1964 Pueri
1138 1912 1305 1965 maris
1350 1910 1623 1965 ministri?
1670 1909 2083 1980 Respondentes

2190 1911 2351 1981 219
2360 1910 2553 1972 Παῖδες
2568 1909 2692 1972 ἁλὸς
2704 1907 3030 1979 δρηστῆρεςς
3048 1909 3101 1959 Ἀ
3112 1909 3485 1980 μειϐόμενοιδὲ
3505 1911 3701 1981 μιθηταὶ

505 2005 692 2052 autem
756 2000 1048 2071 discipuli,
1105 2002 1324 2073 Aliquid
1384 2018 1444 2058 se
1488 2002 1691 2057 habere
1744 2002 2081 2057 abnuebant.

2190 2004 2350 2058 Οὐδὲν
2376 2002 2520 2073 ἔχειν
2550 2001 2821 2057 ἀνένευον.
2901 1999 2934 2053 6
2976 2000 3143 2065 Ἀναξ
3171 2000 3215 2052 δ’
3244 2002 3503 2070 ἠμείϐετο
3539 2001 3688 2071 μύθῳ*

506 2088 541 2142 6
571 2088 683 2144 Rex
708 2106 839 2146 vero
876 2093 1159 2163 respondit
1195 2094 1399 2154 verbo:
1432 2090 1489 2146 In
1523 2094 1801 2163 piscosum
1832 2092 2083 2146 relaxan-

2198 2094 2483 2166 Ἰχθυῦόλῳ
2518 2093 2851 2163 χαλάσαντες
2882 2094 3117 2163 ἑκηϐόλα
3148 2092 3338 2145 δίκτυα
3376 2093 3581 2163 πόντῳ,

2186 2186 2417 2243 Βάλλετε
2445 2185 2730 2255 φοιταλέης
2760 2185 2909 2255 παρὰ
2941 2184 3088 2251 δεξιά
3116 2185 3241 2257 νηὸς
3266 2186 3509 2256 ἑτοίμης.

2186 2277 2297 2330 Kal
2323 2276 2443 2329 λίνα
2469 2274 2848 2338 κολπώσαντες
2872 2278 2926 2338 ἐς
2952 2275 3341 2345 ἀμφίϐληστρα
3370 2274 3611 2339 πεσόντα,

2187 2368 2407 2421 Πόντιον
2435 2366 2815 2421 αύτοκύλιστον
2850 2368 3099 2436 ἀνείρυον
3133 2367 3369 2421 ἄσπετον
3400 2366 3578 2436 ἐσμὸν,

2198 2457 2407 2527 Ἰχθύας
2436 2456 2761 2528 ὲνδομύχους
2793 2456 3037 2527 χαροπῆς
3075 2455 3422 2529 βητάρμονας
3447 2454 3629 2525 ἅλμης.

2185 2548 2381 2601 Οὐκέτι
2412 2548 2469 2602 δὲ
2508 2547 2691 2611 σθένος
2723 2544 2866 2616 εἶχον
2900 2545 3226 2616 ὑποϐρύχιον
3262 2545 3406 2599 λίνον
3427 2544 3610 2607 ἕλκειν,

2185 2635 2427 2706 Πληθύος
2459 2637 2524 2689 ἐκ
2550 2636 2788 2689 νεπόδων
2816 2635 2983 2705 βυθίῳ
3013 2634 3331 2705 πολυχανδέῖ
3356 2637 3549 2707 φόρτῳ.

2186 2727 2217 2781 7
2258 2729 2369 2780 Kal
2396 2727 2557 2798 διερῷ
2583 2726 2785 2799 Σίμωνι
2815 2726 2975 2797 βυθοῦ
3002 2728 3252 2798 διφήτορι
3287 2726 3482 2779 πόντου

2186 2819 2450 2890 Κοίρανος
2481 2818 2540 2871 δν
2572 2818 2824 2887 φιλέεσκε
2855 2817 3191 2888 συνέμπορος
3219 2814 3338 2870 εἷπε
3373 2816 3641 2887 μαθητής·

3632 347 3715 405 θιε

504 2190 589 2236 tes
627 2184 818 2252 procul
848 2184 997 2253 jaeta
1034 2187 1169 2239 retia
1206 2198 1376 2248 mare,
1424 2184 1621 2239 Mittite
1663 2185 1987 2254 impetuosa:
2016 2181 2084 2236 ad

503 2273 789 2329 dexteram
828 2278 983 2329 navis
1012 2284 1295 2345 promptae.
1340 2275 1405 2329 Et
1436 2278 1550 2331 vela
1584 2284 1878 2330 curvantes
1914 2276 1968 2328 in
2001 2288 2084 2328 rc-

504 2364 581 2416 tia
640 2365 910 2427 cadentia,
966 2365 1236 2418 Marinum
1297 2382 1394 2435 per
1452 2382 1513 2421 se
1567 2367 1811 2420 volutum
1864 2379 2084 2419 sursum

500 2461 788 2506 traxerunt
824 2455 1151 2507 immensum
1184 2465 1411 2517 emtum,
1445 2456 1633 2510 Pisces
1669 2458 1820 2509 intus
1848 2457 2084 2510 latentes

500 2542 720 2596 cmrulei
765 2544 1057 2598 saltatores
1098 2546 1289 2600 maris.
1328 2544 1447 2599 Non
1478 2547 1715 2614 amplius
1743 2561 1870 2599 vero
1914 2546 2083 2599 robur

502 2633 777 2688 habebant
813 2634 1163 2689 submersum
1208 2642 1325 2689 rete
1367 2635 1608 2701 trahere,
1651 2635 1769 2689 Prae
1796 2636 1951 2705 copia
2001 2637 2083 2706 pi-

500 2726 679 2781 scium
715 2726 990 2797 profundo
1033 2728 1264 2781 multum
1306 2728 1556 2798 capiente
1588 2744 1774 2785 onere.
1805 2730 1836 2782 7
1870 2729 1927 2782 Et
1967 2745 2083 2785 ma-

500 2818 631 2872 dido
662 2817 875 2873 Simoni
920 2819 1177 2889 profundi
1221 2820 1521 2891 indagatori
1578 2822 1765 2886 maris,
1814 2821 2084 2877 Dominus

502 2925 666 2979 quem
700 2910 890 2965 dilexit
923 2926 1110 2968 comes
1147 2912 1284 2967 dixit
1316 2914 1621 2983 discipulus
1657 2932 1670 2968 :
1698 2912 1815 2983 Ipse
1853 2912 1969 2967 Rex
2001 2922 2083 2968 est

2190 2908 2358 2972 Αύτδς
2380 2908 2545 2975 ’Δναξ
2574 2909 2737 2962 πέλεν
2764 2900 2941 2972 οὗτος.
2960 2908 3016 2962 Ὀ
3039 2908 3093 2961 δὲ
3122 2907 3305 2979 σχεδὸν
3330 2909 3491 2977 ἐγγὺς
3511 2906 3721 2979 ὀρούσας,

504 3002 617 3055 hic.
652 3000 741 3056 Ille
774 3017 901 3057 vero
928 3018 1097 3072 prope
1130 3003 1441 3072 prosiliens,
1475 3002 1639 3058 Veste
1684 3004 1831 3057 varia
1866 3003 2082 3058 lumbos

2190 3000 2384 3070 Εἶματι
2408 2999 2667 3070 δαιδαλέῳ
2694 3000 2925 3070 λαγόνας
2962 2999 3271 3072 μιτρώσατο
3301 3002 3503 3071 Σίμων,

501 3092 678 3146 cinxit
718 3091 927 3159 Simon,
958 3092 1022 3146 Et
1073 3094 1215 3148 lineo
1255 3102 1432 3148 tectus
1464 3102 1548 3148 est
1580 3094 1900 3149 multiformi
1932 3095 2079 3149 circa

2190 3090 2289 3145 Kal
2316 3091 2477 3159 λινέῳ
2507 3092 2827 3146 πεπύκαστο
2862 3092 3182 3165 πολυτρὴτῳ
3204 3092 3342 3161 χρόα
3369 3092 3571 3165 πέπλῳ,

503 3198 707 3253 corpus
748 3184 933 3253 pallio,
984 3183 1253 3237 Marinum
1302 3185 1679 3238 indumentum
1723 3186 1868 3238 circa
1922 3193 2080 3239 nates

2190 3185 2408 3238 Πόντιον
2434 3184 2765 3255 ἀμφίδλημα
2801 3186 2928 3256 περὶ
2956 3158 3257 3255 γλουτοίσιν
3284 3186 3483 3252 ἑλίξας,

501 3276 750 3339 volvens,
791 3275 1031 3339 Corium,
1073 3276 1217 3349 quod
1263 3276 1604 3347 geminorum
1656 3276 1961 3331 demissum
2013 3277 2081 3331 ad

2190 3275 2390 3347 Δέρμα,
2408 3275 2577 3347 τόπερ
2608 3275 2845 3346 διδύμων
2866 3275 3269 3347 κεχαλασμένον
3286 3280 3342 3339 ἐς
3362 3276 3534 3346 πτύχα
3550 3272 3710 3348 μηρῶν

503 3370 663 3423 sinus
692 3366 959 3422 femorum
984 3366 1296 3421 Piscatores
1328 3374 1563 3436 gestant,
1590 3367 1932 3421 occultorum
1962 3382 2080 3421 mu-

2196 3365 2483 3435 Ἰχθυϐόλοι
2510 3366 2812 3437 φορέουσιν,
2846 3367 3086 3438 άθηήτου
3116 3368 3325 3431 σκέπας
3354 3367 3547 3429 αἰδοῦς.

2183 3456 2393 3527 Γυμνὸν
2420 3458 2527 3529 γὰρ
2555 3457 2725 3528 δέμας
2754 3453 2917 3527 εῖχεν,
2953 3458 3011 3521 ἐς
3040 3459 3172 3531 ᾐόνα
3203 3459 3417 3512 δίκτυον
3443 3458 3628 3511 ἕλκων·

2185 3548 2295 3603 Kal
2322 3549 2488 3619 ταχὺς
2521 3549 2601 3612 είς
2628 3548 2749 3618 ῥόον
2782 3543 2930 3614 ἆλτο,
2961 3550 3057 3604 καὶ
3086 3549 3258 3619 ἠθάδα
3284 3550 3474 3602 πόντον
3501 3543 3722 3618 ἀμείϐων»

2184 3638 2385 3709 Χεῖρας
2414 3638 2751 3710 ὲρετμώσας,
2788 3641 3031 3711 κεφαλὴν
3059 3642 3139 3704 είς
3166 3640 3299 3710 Beloc
3336 3640 3549 3711 ἀείρων,

2185 3730 2385 3783 Ποσσὶν
2417 3730 2783 3801 άμοιὸαίοισιν
2814 3732 3106 3802 όπίστερον
3136 3730 3304 3785 nam
3329 3730 3499 3800 ὕδωρ*

2198 3822 2395 3893 ’Δκτῆς
2421 3820 2468 3874 δ’
2489 3822 2657 3891 ἐγγὺς
2687 3822 2861 3886 ἳκανε,
2892 3821 3141 3893 θεηδόχον
3167 3824 3303 3894 ῂόνα
3332 3820 3541 3891 βαίνων,

504 3459 809 3513 nitnentum
850 3457 1248 3527 pudendorum.
1293 3456 1507 3511 Nudum
1552 3458 1696 3512 enim
1735 3472 1936 3527 corpus
1984 3457 2081 3511 ha-

503 3550 687 3609 bebat.
722 3550 777 3604 in
819 3549 971 3605 littus
1022 3556 1136 3605 rete
1182 3548 1442 3616 trahens;
1477 3548 1541 3601 Et
1576 3549 1721 3602 celer
1770 3548 1825 3603 in
1855 3557 2080 3615 pontum

503 3642 737 3705 insiliit,
787 3650 841 3697 et
890 3649 1217 3696 consuetum
1265 3654 1416 3694 mare
1473 3639 1782 3703 transiens,
1830 3638 2081 3694 Manibus

501 3732 804 3803 remigans,
834 3741 999 3803 caput
1029 3731 1081 3785 in
1126 3731 1294 3784 altum
1330 3729 1608 3794 attollens,
1650 3728 1888 3785 Pedibus
1917 3730 2085 3785 alter-

503 3824 768 3879 nantibus
809 3822 1169 3893 posteriorem
1196 3821 1363 3876 trusit
1396 3836 1615 3891 aquam.
1653 3820 1736 3874 Ad
1783 3835 1936 3875 oram
1983 3838 2083 3877 au-

502 3924 612 3970 tem
650 3929 821 3986 prope
850 3914 1021 3979 venit,
1056 3912 1227 3968 Deum
1256 3912 1526 3983 recipiens
1581 3913 1734 3968 littus
1784 3914 2079 3981 scandens,

2200 3912 2406 3983 Ἰησοῦς
2430 3912 2514 3967 ὅθι
2546 3914 2713 3984 μίμνε
2740 3913 3082 3984 δεδεγμένος.
3158 3914 3193 3971 8
3232 3916 3296 3968 Οί
3320 3914 3378 3967 δὲ
3401 3915 3464 3984 δὴ
3486 3911 3619 3967 ἄλλοι

501 4005 663 4063 Jesus
700 4006 792 4061 ubi
830 4006 1033 4060 mansit
1069 4013 1342 4076 receptus.
1384 4006 1418 4060 8
1444 4005 1550 4061 Alii
1579 4019 1708 4061 vero
1756 4005 1933 4060 Simul
1976 4022 2083 4062 om-

2190 4004 2284 4059 Εἰν
2312 4003 2393 4059 ἐνὶ
2424 4005 2625 4068 πάντες
2654 4004 2834 4061 ἵκοντο
2868 4005 2996 4075 μιῆς
3025 4006 3118 4058 ἐπὶ
3150 4004 3277 4077 νηὸς
3309 4006 3528 4077 ἑταῖροι,

505 4115 606 4153 nes
637 4106 905 4154 venerunt
944 4115 1049 4153 una
1084 4099 1139 4153 in
1176 4097 1299 4152 navi
1334 4098 1491 4163 socii,
1528 4096 1775 4168 Sequens
1806 4098 2083 4155 trahentes

2200 4095 2529 4167 Ἐσπόμενον
2562 4095 2815 4168 σύροντες
2844 4097 2902 4149 ἐν
2931 4095 3088 4149 ὕδασι
3113 4096 3327 4150 δίκτυον
3358 4097 3546 4167 ἄγρης.

504 4192 558 4244 in
586 4205 727 4261 aqua
768 4198 883 4245 rete
913 4199 1175 4259 captum.
1207 4188 1324 4244 Non
1358 4190 1502 4243 enim
1528 4198 1646 4243 erat
1687 4205 1884 4260 magna
1919 4191 2083 4247 maris

2190 4187 2265 4241 Οὐ
2293 4187 2404 4257 γὰρ
2429 4186 2525 4259 ἔην
2560 4187 2892 4259 περίμετρος
2923 4186 3050 4250 ἁλὸς
3076 4187 3235 4251 πλόος
3265 4187 3445 4240 ἔκτοθι
3474 4182 3635 4254 γαίης,

503 4281 785 4350 navigatio
831 4297 863 4334 a
905 4289 1073 4346 terra,
1114 4280 1219 4335 Sed
1263 4282 1527 4337 ducentos
1571 4281 1790 4337 eubitos
1821 4281 2083 4337 ﬂuctuum

2201 4281 2359 4336 ’Λλλά
2385 4282 2675 4354 διηκοσίοις
2703 4281 2784 4334 ἐνὶ
2812 4282 3013 4353 πήχεσι
3040 4280 3285 4352 κύματος
3306 4281 3450 4351 ὁλκῷ

504 4380 685 4425 tractu
735 4369 994 4439 Spumam
1052 4370 1470 4439 ejaculabantur
1520 4372 1585 4424 ad
1640 4372 1796 4426 littus
1839 4372 2083 4429 furentes

2202 4375 2398 4445 ’Λφρὸν
2421 4373 2770 4447 ἀνηκόντιζον
2804 4376 2864 4439 ἐς
2893 4373 3030 4445 ᾐόνα
3054 4374 3272 4438 θυιάδες
3300 4371 3483 4447 αὖραι,

502 4463 675 4527 venti,
720 4460 924 4516 Vicina:
973 4476 1083 4515 ora:
1131 4462 1421 4516 maritima:
1471 4463 1889 4531 circumspersa:
1937 4478 2083 4520 rore.

2193 4466 2437 4530 Γείτονος
2461 4466 2728 4535 αἰγιαλοῖο
2760 4465 3217 4537 περιρῤανθέντος
3245 4466 3429 4537 ἐέρση.

503 4558 536 4610 9
573 4554 783 4609 Etcum
820 4553 1269 4609 conscendissent
1309 4554 1366 4607 in
1398 4555 1550 4609 littus
1590 4553 1882 4611 sitibunda:
1906 4557 2083 4627 regio-

2191 4559 2226 4616 9
2264 4559 2372 4611 Kal
2396 4559 2582 4629 χθονὺς
2605 4560 2680 4622 ὡς
2705 4559 2976 4629 ἐπέδησαν
3003 4557 3089 4609 ἐπ’
3115 4558 3233 4629 ᾐόνι
3260 4558 3476 4628 διψάδος
3507 4555 3676 4623 ἀκτῆς,

503 4649 611 4712 nis,
648 4646 859 4719 Regum
886 4646 1135 4702 ﬂammeo
1166 4654 1595 4701 tuarcescentem
1627 4648 1883 4703 viderunt
1900 4657 2037 4705 aestu
2064 4668 2082 4715 ;

2192 4651 2475 4723 Πυρκαῑὴν
2506 4650 2786 4719 φλογόεντι
2815 4648 3219 4719 μαραινομένην
3249 4649 3357 4701 ῐδον
3390 4649 3575 4721 ἀτμῷ·

506 4739 685 4811 Super
714 4749 894 4796 autem
932 4753 1138 4809 prunas
1169 4737 1223 4793 in
1266 4737 1573 4809 superciliis
1604 4740 1843 4809 positum
1875 4741 2081 4811 piscem

2204 4740 2528 4813 ’Δνθρακιῆς
2546 4741 2593 4795 δ’
2618 4739 2924 4813 ἐφύπερθεν
2948 4741 3033 4797 ἐπ’
3058 4737 3256 4811 ὀφρύσι
3281 4739 3528 4811 κείμενον
3551 4735 3696 4809 ἰχθὺν,

1705 4917 1991 4979 TEXTUS
2025 4918 2552 4977 EVANGELISTJE.

2268 5079 2297 5131 ἲ
2338 5076 2499 5143 Λέγει
2524 5071 2617 5126 οὖν
2638 5076 2665 5125 ὁ
2693 5074 2937 5145 μαθητὴς
2958 5075 3164 5136 ἐκεῖνος
3184 5074 3243 5125 δν
3262 5072 3451 5141 ἠγάπα
3498 5075 3526 5125 ό
3556 5066 3729 5140 Ἰησοῦς

2196 5162 2271 5229 τῷ
2296 5159 2484 5228 Πέτρῳ
2503 5174 2515 5186 ·
2552 5157 2611 5209 '0
2634 5158 2838 5229 Κύριός
2865 5160 3003 5209 ἐστι.
3034 5156 3214 5226 Σίμων
3234 5151 3327 5208 οὖν
3354 5156 3574 5225 Πέτρος,
3593 5151 3730 5206 ἀκού·

571 5079 604 5130 4
643 5076 860 5146 Πρωῒας
892 5075 948 5128 δὲ
980 5074 1078 5145 ἤδη
1108 5073 1405 5144 γενομένης
1433 5074 1559 5145 ἔστη
1595 5077 1623 5127 ὁ
1655 5075 1861 5146 Ἰησοῦς
1894 5079 1973 5143 εἰς
1996 5080 2089 5135 τὸν

498 5160 779 5227 αἰγιαλόνο
814 5160 874 5213 οὺ
907 5158 1089 5231 μέντοι
1122 5157 1340 5230 ᾔδεισαν
1378 5156 1427 5208 οἱ
1468 5156 1708 5230 μαθηταὶ
1751 5159 1833 5212 ὅτι
1882 5161 2089 5235 Ἰησοὺς

501 5245 636 5297 ἐστι.
910 5229 920 5231 ἡ
1149 5229 1152 5230 ν
1607 5229 1611 5230 ν
1944 5229 1955 5235 ⁷
2196 5259 2291 5303 aa;
2321 5242 2402 5293 ὅτι
2429 5240 2457 5289 ὁ
2481 5238 2681 5309 Κύριός
2710 5242 2846 5301 ἐστι,
2879 5241 2970 5293 τὸν
3006 5237 3299 5309 ἐπενδύτην
3326 5237 3610 5302 διεζώσατο
3644 5229 3729 5304 (ἦν

572 5326 606 5379 5
643 5326 805 5394 Λέγει
834 5319 927 5381 οὖν
956 5327 1139 5389 αὐτοῖς
1170 5327 1197 5380 ὁ
1234 5322 1437 5395 Ἰησοῦς
1458 5341 1470 5354 ο
1505 5325 1721 5389 Παιδία,
1750 5328 1897 5400 μήτι
1924 5346 2083 5383 προσ»
2194 5324 2300 5394 γὰρ
2328 5320 2576 5390 γυμνὴ),
2603 5324 2697 5375 καὶ
2724 5323 2912 5377 ἔϐαλεν
2941 5321 3131 5375 ἑαυτὸν
3165 5323 3243 5383 εἰς
3271 5321 3369 5391 τὴν
3394 5319 3671 5373 θάλασσαν.

506 5409 700 5476 ψάγιον
735 5409 921 5478 ﬁxere;
962 5408 1365 5481 Ἀπεκρίθησαν
1396 5408 1544 5479 αύτῴ
1566 5427 1578 5439 ·
1612 5409 1708 5462 Οὔ.
2262 5408 2295 5461 8
2337 5405 2400 5458 Ol
2432 5405 2489 5460 δὲ
2517 5405 2664 5461 ἄλλοι
2697 5408 2934 5478 μαθηταὶ
2954 5406 3033 5477 τῷ
3056 5404 3317 5478 πλοιαρίῳ
3344 5400 3504 5476 ἦλθον
3536 5403 3619 5473 (οὐ
3641 5400 3731 5469 γὰρ

570 5496 603 5543 (ἰ
652 5494 710 5545 Ὀ
747 5493 805 5546 δὲ
847 5492 999 5545 εἶπεν
1033 5495 1241 5556 αὐτοῖς’
1284 5492 1482 5546 Βάλετε
1530 5495 1609 5557 εἰς
1655 5494 1721 5547 τὰ
1766 5495 1915 5561 δεξιά
1945 5498 2083 5569 pigri)
2191 5486 2328 5561 ἦσαν
2360 5488 2578 5559 μακρὰν
2602 5491 2709 5543 ἀπὸ
2728 5492 2826 5561 τῆς
2858 5490 2983 5560 γῆς.
3006 5488 3119 5542 ἀλλ’
3140 5490 3217 5553 ὡς
3246 5488 3352 5541 ἀπὸ
3380 5486 3566 5558 πηχῶν
3583 5486 3733 5537 διακο⁹

500 5573 594 5624 τοῦ
640 5575 825 5628 πλοίου
874 5576 937 5630 τὸ
983 5577 1217 5641 δίκτυον,
1250 5577 1344 5629 καὶ
1387 5576 1677 5647 εὑρήσετε’
1710 5579 1940 5633 Ἐσαλον
1968 5580 2079 5641 οὖν.
2191 5572 2363 5643 σίων).
2399 5571 2653 5643 σύροντες
2674 5573 2733 5626 τδ
2760 5572 2970 5626 δίκτυον
3004 5573 3111 5625 τῶν
3144 5570 3358 5641 ἰχθύων-

500 5655 594 5738 καὶ
637 5658 737 5738 οὐκ
782 5658 865 5712 ἔτι
905 5660 1036 5714 αὐτὸ
1079 5659 1301 5713 ἑλκύσαι
1336 5660 1558 5730 ίσχυσαν
1585 5661 1692 5716 ἀπὸ
1718 5662 1810 5716 τοῦ
1846 5664 2081 5738 πλήθους
2260 5658 2293 5711 9
2345 5656 2433 5718 Ὧς
2461 5652 2554 5708 οὖν
2582 5656 2861 5727 ἀπέϐησαν
2886 5660 2963 5720 είς
2991 5654 3087 5727 τὴν
3118 5650 3241 5724 Υῆνν
3260 5653 3541 5738 pum”?
3560 5650 3743 5717 avo?"

497 5736 606 5791 τῶν
642 5737 857 5807 ἰχθύων.
1942 5735 1950 5738 ’
2191 5742 2313 5799 κιάν
2340 5741 2617 5813 κειμένην,
2642 5742 2733 5795 καὶ
2754 5742 2975 5815 ὀψάριον
3003 5739 3366 5811 ἐπικείμενον,
3391 5736 3482 5790 καὶ
3503 5735 3670 5806 ἄρτον.
