3964 6202
340 325 447 381 959

1296 323 1388 377 AD
1426 320 1638 377 ΝΟΝΝῙ
1677 322 2170 378 METAPIIRASIN
2210 323 2281 376 1N
2317 319 2630 377 JOANNEM

3494 321 3598 403 θαι

344 445 485 512 ipso.
520 453 584 494 ac
607 437 813 512 judicio
857 437 926 494 de
957 452 1044 512 eo,
1071 445 1403 512 remoretur,
1436 440 1591 512 prius
1621 437 1827 506 aliquid
1863 438 1916 491 in

2050 455 2173 512 great
2199 437 2534 512 κᾳτᾳοεῖνᾳι.
2574 435 2654 512 Ita
2825 432 3291 512 cnim_le_gendum
3323 434 3449 512 ΙιοςΔ
3468 448 3551 512 est
3581 458 3598 512 ξ

345 507 892 584 genere___dicen_dum
955 507 1113 561 nobis
1166 507 1468 584 videbatur.
1512 510 1679 584 lgitur
1725 520 1916 584 poetae,

348 577 470 635 Eum
504 579 948 648 philosophorum
974 591 1144 638 more,
1176 578 1269 647 qui
1301 592 1488 631 eorum
1520 578 1773 631 traduces
1806 577 1925 632 fuc-

348 659 498 710 runt,
533 648 759 701 deﬁnire
807 662 914 700 non
938 648 1275 717 consuerint,
1304 662 1479 717 neque
1505 649 1685 701 minus
1718 656 1921 711 tamen,

349 720 493 789 quod
527 718 858 789 prwcipuum
896 724 989 789 est,
1025 716 1080 769 in
1124 718 1295 785 poesi,
1329 717 1565 789 maximo
1598 732 1720 789 cum
1754 731 1922 789 orna-

349 786 535 845 mento
578 802 665 839 res
711 786 1057 839 distinxerint
1107 802 1171 839 ac
1216 787 1541 855 separarint,
1578 787 1920 850 substantiis,

352 868 463 910 tam
512 855 703 924 primis
742 870 903 923 quam
937 856 1212 921 secundis,
1260 872 1324 910 ac
1379 856 1657 909 nonnullis
1708 870 1925 924 quoque

352 942 418 980 ex
470 924 866 983 aceidentihus.
898 926 1255 995 proprietates
1305 926 1590 992 quasdam,
1622 926 1735 980 sive
1765 928 1921 978 attri-

352 996 503 1057 buta,
535 996 655 1047 loco
682 994 1011 1047 delinitionis
1056 1010 1217 1063 smpe,
1266 1010 1408 1062 smpe
1452 996 1755 1048 ornamenti
1805 1002 1925 1047 tan-

353 1076 469 1117 tum
503 1078 689 1123 causa,
721 1065 1073 1132 assignarunt
1105 1082 1117 1117 :
1145 1064 1247 1134 41
1273 1065 1473 1134 qmbus
1496 1080 1557 1118 ea
1589 1065 1798 1117 ratione
1820 1066 1928 1117 sin-

358 1135 483 1205 gula
530 1137 1061 1205 circumscribuntur
1106 1146 1326 1205 parum,
1354 1135 1554 1205 partim
1578 1135 1929 1202 distinguun-

357 1214 450 1257 tur
478 1222 491 1258 :
519 1218 640 1272 qua:
672 1204 750 1256 vel
781 1204 1059 1268 attributa,
1082 1204 1161 1256 vel
1192 1205 1450 1272 apposita,
1478 1204 1581 1265 vel,
1607 1205 1750 1271 quod
1786 1205 1930 1257 inter

358 1275 463 1327 alia
509 1270 721 1327 illorum
772 1275 991 1325 nomina
1040 1275 1247 1326 notavit
1292 1270 1513 1338 Fabius,
1548 1270 1835 1342 sequentia,
1864 1287 1929 1327 ac

359 1344 677 1414 plurimum,
716 1342 959 1414 epitheta,
988 1342 1266 1414 dicuntur.

435 1414 675 1483 Quorum
704 1412 918 1480 quidem
942 1427 1002 1465 ea
1029 1412 1166 1465 ratio
1194 1423 1275 1467 est
1308 1413 1363 1466 in
1397 1414 1570 1483 poesi,
1596 1420 1654 1465 ut
1681 1419 1774 1465 aut
1796 1426 1932 1464 con-

360 1498 493 1552 grue
522 1491 615 1534 aut
657 1482 953 1552 incongrue
985 1493 1358 1550 apponantur,
1389 1482 1574 1538 verum
1608 1484 1738 1536 item
1789 1496 1932 1550 saepe

362 1551 619 1604 ilenotent
666 1565 727 1605 ac
771 1551 1000 1616 falsum;
1033 1563 1125 1604 aut
1164 1554 1590 1607 enuntiationem
1632 1555 1821 1606 saltem
1858 1560 1933 1604 ta-

362 1624 491 1683 lem,
531 1628 587 1673 ut
625 1620 924 1688 loquuntur
962 1622 1255 1687 dialectici,
1289 1624 1587 1676 includant.
1621 1621 1677 1675 In
1708 1623 1927 1690 quibus,

361 1706 485 1747 cum
509 1690 816 1761 gravissimi
856 1692 1163 1759 summique
1186 1694 1307 1755 viri,
1343 1694 1484 1747 inter
1516 1707 1651 1761 quos
1682 1692 1928 1744 nonnulli

362 1777 393 1813 e
426 1759 712 1827 praecipuis
751 1764 925 1813 aetatis
960 1770 1159 1813 nostrze
1192 1772 1333 1815 .sunt
1372 1759 1656 1831 theologis,
1709 1761 1928 1829 jampri-

363 1832 485 1883 dem
519 1838 707 1882 nostro
751 1831 993 1882 tribuant
1022 1831 1163 1884 hanc
1210 1832 1458 1894 laudent,
1488 1841 1546 1885 ut
1588 1834 1929 1899 plerumque,

365 1902 419 1952 in
444 1899 606 1951 rebus
636 1900 902 1968 theologis
927 1915 989 1954 ac
1018 1902 1214 1964 sacris,
1233 1904 1603 1955 commentarii
1637 1912 1728 1953 aut
1766 1901 1931 1953 inter-

366 1970 685 2041 pretationis
719 1969 838 2041 loco
860 2008 874 2031 ,
902 1985 969 2041 ea
1014 1986 1136 2038 quae
1185 1972 1253 2025 ab
1299 1973 1390 2025 illo
1426 1971 1776 2032 adhibentur,
1812 1984 1935 2024 esse

368 2038 599 2109 possint,
623 2038 797 2092 danda
826 2039 984 2093 nobis
1006 2054 1190 2108 Opera,
1216 2051 1353 2095 utea
1378 2042 1583 2108 aliquot
1611 2051 1733 2093 ante
1752 2042 1934 2092 omnia

369 2108 639 2176 capitibus
694 2111 1087 2163 examinemus.
1131 2108 1250 2174 Quo
1288 2110 1553 2173 defuncti,
1620 2121 1812 2164 caetera
1849 2110 1934 2162 ia-

369 2178 531 2231 ciltus
572 2177 943 2246 expedietitus.
982 2179 1055 2231 Ita
1099 2180 1338 2247 quidem,
1381 2188 1438 2234 ut
1484 2182 1710 2235 docendi
1746 2194 1934 2243 causa,

371 2248 567 2319 quzein
587 2263 795 2319 genere
817 2250 884 2302 de
931 2249 1016 2302 his
1050 2250 1276 2303 dicenda
1312 2260 1492 2313 erunt,
1526 2252 1932 2319 prazmittamus.

370 2322 449 2369 Ac
476 2318 542 2371 de
562 2332 691 2370 voce
724 2318 916 2384 primo,
936 2334 1097 2387 quam
1128 2336 1193 2373 ex
1227 2336 1324 2373 usu
1344 2322 1449 2373 alio
1484 2318 1802 2373 translatam
1829 2320 1937 2370 huc

372 2393 629 2458 apparet,
661 2387 1115 2458 quemadmodum
1157 2404 1279 2440 cum
1330 2388 1707 2458 Pythagorici,
1748 2388 1935 2440 ἐπίθε-

372 2455 789 2517 τον,ι)ἰιιω·ἰυηι,
816 2462 907 2506 aut
929 2458 1105 2521 potius
1133 2455 1431 2509 secundum
1469 2455 1527 2509 in
1558 2457 1769 2510 hinario
1790 2458 1937 2510 dice-

373 2526 504 2595 bant
538 2542 549 2575 :
582 2524 738 2595 quod
763 2524 1101 2595 μονάδι-δῖνοι
1140 2526 1323 2586 dubio,
1352 2542 1471 2595 quae
1512 2540 1795 2595 numerum
1829 2541 1933 2595 non

372 2593 557 2663 ellicit,
583 2592 889 2663 adjiciatur.
924 2591 1225 2663 Hesychius
1259 2613 1273 2649 :
1310 2591 1587 2658 Ἐἆτίθετος
1628 2598 1656 2648 ὁ
1693 2594 1800 2646 τῶν
1843 2594 1937 2647 δύο

372 2662 605 2733 ἀριθμὸς
636 2661 785 2732 παρὰ
810 2664 923 2725 τοῖς
970 2661 1382 2735 Πὺυαγορικοῖς.
1429 2664 1493 2719 ΕΙ.
1524 2682 1649 2719 cum
1684 2680 1747 2719 ca
1777 2666 1934 2729 icsta,

372 2748 495 2802 quae
530 2748 637 2785 non
680 2742 865 2787 essent
897 2736 1069 2803 patria
1102 2734 1209 2788 aut
1235 2750 1333 2789 sua
1355 2776 1368 2799 ,
1395 2735 1676 2798 ἐπιθέτους
1720 2734 1935 2804 ἑορτάς,

374 2818 577 2876 easque
597 2817 813 2869 causas,
839 2819 980 2873 quae,
1021 2821 1143 2859 cum
1174 2810 1472 2876 peregrinae
1505 2813 1711 2870 essent,
1751 2805 1940 2860 Martis

373 2873 653 2943 judicibus
713 2873 1231 2938 committebantur,
1263 2873 1624 2933 Athenienses
1658 2879 1739 2931 sic
1791 2878 1941 2929 dice-

378 2947 539 3008 bant;
572 2944 923 3015 ejusdemque
978 2946 1189 3013 generis
1237 2948 1517 3009 nonnulla,
1544 2962 1665 3015 qua:
1703 2962 1767 2999 ex
1799 2946 1942 2997 anti-

378 3029 609 3082 quorum
633 3014 1103 3067 observationibus
1125 3016 1351 3083 petenda
1382 3023 1526 3069 sunt.
1554 3014 1691 3080 Quo,
1714 3015 1937 3073 urbane.

379 3098 480 3139 suo
517 3097 665 3134 more
694 3096 770 3152 ac
815 3083 1042 3146 erudite,
1074 3099 1166 3136 rex
1214 3083 1659 3152 phi|050phorum
1697 3085 1938 3151 respicit,

379 3166 501 3204 cum
543 3166 629 3220 ea,
661 3151 977 3220 ideﬂquihus
1018 3153 1107 3203 hic
1160 3166 1393 3220 agnuus,
1437 3151 1667 3205 ἐπίθετα
1701 3154 1940 3220 ὀνόματα

377 3218 839 3291 vocavit._'1:a§é.,
875 3220 1047 3289 inquit
1088 3222 1140 3291 in
1188 3218 1509 3287 Rhetoricis,
1539 3218 1938 3291 ὸνόματαὲπί-

381 3288 509 3342 Οετα
540 3286 1360 3362 καὶ-διπλᾶς-(ιὺειηίιάηιοόιιιη
1398 3286 1508 3362 rem
1542 3286 1736 3362 ipsum,
1761 3292 1943 3345 ὲπιΟέ-

385 3374 499 3419 σεις
519 3358 810 3429 ποιεῖσθαι,
842 3357 981 3411 idem
1011 3360 1367 3429 philosoplms
1395 3357 1686 3425 ibidem,et
1708 3362 1944 3413 ἐπιτιοὲρ

380 3443 469 3479 ναι
500 3425 569 3479 τὰ
609 3427 833 3501 ἐπίθετα.
865 3430 975 3501 τοῖς
1005 3425 1111 3500 ᾒ2
1159 3425 1482 3501 πράγμασι,
1525 3436 1730 3485 urbane
1778 3435 1945 3486 inter-

382 3504 574 3572 pretes
590 3497 1243 3572 digerunt.Hermogenes
1274 3497 1533 3555 εΓλυκεῖει
1552 3503 1660 3572 γὰρ
1675 3502 1819 3567 λέξις
1854 3503 1946 3555 καὶ

384 3569 418 3638 ή
438 3566 527 3642 an:
553 3568 824 3642 triticeam
848 3566 1148 3642 ὀνομᾴτών.
1186 3571 1472 3637 Caeterum,
1502 3566 1816 3642 priusquam
1856 3574 1949 3624 ali-

382 3636 514 3708 (juid
535 3636 955 3711 dedelinitione,
972 3640 1251 3695 historiam
1279 3636 1739 3711 eorum,primtnn
1766 3657 1945 3707 usum,

387 3722 451 3782 ac
480 3708 745 3782 originem
777 3708 864 3762 hic
889 3710 1075 3782 Aobiter
1102 3720 1406 3781 tangamus.
1438 3708 1711 3766 At'tributa
1742 3728 1870 3782 ergo
1893 3713 1946 3765 in

386 3778 586 3834 divinis
615 3779 848 3847 primum
886 3780 1161 3835 invenisse
1192 3778 1372 3844 usum,
1404 3785 1568 3835 multa
1601 3778 1831 3849 docent';
1862 3796 1952 3836 sa-

388 3862 482 3900 cra
507 3852 700 3922 pagina
729 3852 1053 3922 praesertim.
1096 3852 1151 3904 In
1182 3867 1285 3921 qua
1310 3854 1508 3918 sancti,
1531 3854 1623 3922 qui
1650 3855 1950 3921 praesertim

389 3932 530 3996 cum.
566 3917 849 3973 all'ectione
904 3922 1071 3996 ani_mi
1115 3933 1170 3996 et
1198 3917 1473 3996 ἒμπαξξῶς
1497 3917 1500 3918 ⁷
1525 3917 1853 3996 ιὸίιυιιιιιυιῄ,
1889 3938 1952 3976 ea

389 3990 623 4042 maxime
662 3998 945 4047 usurpant.
979 3990 1156 4047 Testis
1208 3990 1328 4046 esto
1377 3994 1528 4047 locus
1581 3990 1954 4047 nobilissumis

390 4055 562 4131 Esodi
594 4073 780 4131 xxxiv.
798 4055 902 4131 Ubi
930 4062 1070 4115 Deus
1096 4064 1229 4125 inse,
1251 4063 1408 4128 hanc,
1433 4063 1547 4117 sive
1573 4062 1954 4131 compellandi,

392 4127 507 4199 sive
536 4128 727 4199 orandi
754 4130 1043 4194 rationem,
1065 4134 1235 4199 pra-it.
1268 4132 1366 4186 Ubi
1392 4134 1671 4194 tredecim,
1691 4127 1746 4185 ut
1776 4146 1807 4184 a
1843 4147 1958 4184 ma-

392 4197 580 4271 gistris
629 4195 974 4271 liehrzeorum
1011 4195 1516 4271 observaturmm
1536 4218 1629 4255 seu
1661 4202 1960 4271 proprieta-

392 4275 497 4326 tes,
522 4267 635 4334 ipse
665 4268 766 4319 sibi
808 4269 1103 4321 ἐπιτίθεται
1138 4289 1149 4322 :
1187 4268 1253 4321 Et
1286 4278 1543 4325 transiens
1574 4267 1805 4324 Jeliovdlt
1841 4280 1961 4323 ante

393 4352 543 4407 eam,
563 4335 1095 4407 clantavit,Jeltovali
1114 4376 1126 4399 ,
1153 4337 1406 4403 Jehovah,
1438 4341 1614 4407 fortis,
1642 4342 1958 4402 misericors,

394 4413 452 4479 et
475 4404 772 4479 miseratur.
812 4406 1018 4459 Tardus
1049 4411 1116 4459 ait
1147 4404 1631 4479 iram:multusque
1660 4410 1962 4479 misericor-

396 4476 487 4555 dia
519 4482 565 4525 et
596 4474 834 4555 veritate,
860 4485 1059 4555 ct'qua:
1082 4487 1405 4547 sequuntur.
1428 4461 1559 4533 Tale
1577 4461 1636 4535 et
1663 4461 1793 4555 illud
1813 4461 1963 4534 Jere-
1995 4461 2037 4516 Ῑ)

398 4548 521 4599 inim
548 4559 696 4617 rxxu
732 4563 744 4597 :
780 4544 1110 4612 Fortissime,
1144 4544 1360 4617 magne,
1389 4559 1436 4601 et
1471 4560 1673 4617 potens.
1710 4550 1965 4603 Dominus

397 4615 722 4688 exercituum
763 4634 949 4672 nomen
991 4620 1104 4673 tibi.
1158 4615 1384 4688 Magnus
1415 4615 1655 4685 consilio,
1685 4632 1732 4674 et
1770 4623 1967 4675 incom-

398 4685 764 4759 prehensibilis
817 4692 1070 4759 cogitatu.
1112 4685 1271 4756 Quod
1307 4691 1559 4745 diabolus
1598 4694 1878 4753 continuo,
1909 4698 1968 4744 ut

401 4757 586 4831 omnia
607 4795 621 4819 ,
644 4757 946 4831 expressit;
978 4776 1100 4812 nam
1132 4772 1189 4814 ut
1233 4764 1493 4815 attributa
1519 4771 1596 4814 tot
1631 4770 1964 4831 praeteream,

402 4826 602 4899 quibus
626 4826 756 4882 deos
797 4830 1037 4899 singulos
1086 4831 1323 4899 deasque
1367 4833 1537 4885 (ἐπ’ωοὶ
1585 4826 1968 4899 nuncuparunt

402 4911 468 4949 ac
506 4898 758 4961 ltomani,
793 4907 849 4948 ut
886 4915 951 4949 ex
986 4898 1232 4951 formulis
1270 4915 1457 4952 eorum
1490 4908 1665 4967 patet,
1699 4913 1966 4965 nusquam

404 4966 538 5021 illud
569 4968 1059 5035 atqueilucnlenter
1080 4977 1243 5033 atque
1272 4970 1325 5019 in
1354 4966 1576 5035 Hymnis
1606 4967 1965 5027 Onomacriti,

406 5038 499 5103 qui
533 5039 695 5106 vulgo
718 5034 969 5106 Orpheus
994 5036 1213 5106 dicitur,
1246 5034 1440 5089 elucet.
1473 5037 1614 5088 Solis
1639 5038 1782 5106 enim
1818 5037 1971 5086 attri-

405 5106 552 5162 butis
590 5104 862 5161 constant.
899 5104 1081 5175 Neque
1108 5105 1485 5165 dubitandum,
1514 5106 1642 5172 quin
1674 5105 1745 5157 sit
1780 5114 1971 5156 auctor

404 5177 572 5239 idem,
609 5178 767 5247 cujus
798 5178 999 5246 scripta
1035 5178 1208 5243 (plura
1239 5177 1381 5247 enim
1409 5191 1474 5229 eo
1514 5182 1757 5247 tempore
1791 5181 1973 5247 exsta—

412 5250 570 5318 bant)
597 5243 1015 5318 τὰάαλούμὲνα
1056 5248 1253 5317 Ὀργια
1288 5246 1395 5316 ἔπη
1417 5285 1430 5309 ,
1468 5247 1641 5318 primo
1671 5245 1755 5318 _l)e
1793 5243 1973 5318 anima

408 5312 742 5387 Philosopho
769 5312 1023 5372 dicuntur
1049 5333 1063 5370 :
1090 5312 1259 5370 Τοῦτο
1282 5319 1359 5381 δὲ,
1384 5312 1583 5387 inquit,
1616 5316 1849 5387 πέπονθε
1880 5315 1975 5387 καὶ

408 5387 438 5437 ὀ
462 5386 531 5458 *ὲν
569 5390 679 5458 τοῖς
727 5388 999 5458 Ὀρφικοῖς
1038 5389 1390 5458 καλουμένοις
1431 5386 1586 5440 ἔπεσι
1623 5386 1808 5455 λόγος·
1843 5386 1977 5457 φησι

410 5454 521 5525 γὰρ
557 5456 655 5527 τὴν
697 5454 874 5528 ψυχήν
923 5454 987 5513 ἐκ
1024 5460 1113 5512 τοῦ
1150 5454 1273 5512 ὅλου
1322 5459 1568 5521 εἰσιέναι,
1602 5454 1977 5512 ἀναπνεόντων

414 5528 751 5600 φερομένην-
773 5530 877 5581 ὑπὸ
898 5531 1007 5584 τῶν
1052 5531 1292 5600 ἀνέμων.
1330 5529 1430 5584 Ubi
1468 5529 1799 5595 Philopouus
1832 5530 1978 5600 :Ae-

413 5594 685 5681 rem;
700 5594 852 5681 εἶπεν
872 5640 887 5664 ν
911 5600 1104 5681 eget
1131 5594 1279 5681 δδιεεῖ
1316 5601 1558 5681 ὐρφέφς
1591 5594 1741 5681 εῖναι.
1758 5599 1974 5681 “AW

413 5666 490 5740 ὡς
512 5666 781 5740 καὶ-αρτὸς
801 5670 858 5722 ὲν
871 5672 948 5740 τῷ
971 5666 1109 5737 Πὲρὶ
1121 5666 1484 5739 φιλοσοφιας
1494 5668 1657 5735 λέγει·
1683 5669 1849 5722 αὑτοῦ
1872 5670 1979 5739 γάρ

418 5739 525 5798 dat
555 5736 625 5793 τὰ
667 5736 931 5807 δόγματαξ
965 5736 1148 5795 Tati-ca
1192 5742 1248 5803 δέ
1282 5736 1473 5807 φασιν
1498 5742 1883 5810 Ὀνομάκριτον
1922 5736 1979 5794 ἐν

2024 508 2172 560 Dixit
2218 508 2563 569 Aristoteles,
2594 507 2648 557 in
2708 504 2771 557 iis
2823 504 3189 566 carminibus,
3235 520 3347 572 qua!
3409 506 3606 573 Orphei

2023 579 2309 639 dicuntur,
2342 578 2467 645 quia
2515 592 2635 645 non,
2670 575 2907 626 videntur
2929 591 2989 626 ea
3006 572 3231 645 _Orpltei
3253 590 3387 634 esse,
3419 572 3605 644 quem-

2026 646 2311 699 admodum
2354 642 2407 697 et
2446 646 2556 710 ipse
2600 644 2733 697 libro
2787 645 2954 713 primo
2992 642 3077 713 De
3126 642 3468 713 philosophia
3520 649 3607 700 di-

2023 718 2121 769 xit.
2164 715 2303 767 Nunt
2351 725 2406 766 ut
2459 715 2702 767 doctrina
2746 723 2823 766 est
2869 711 3095 780 Orphei,
3138 714 3212 764 ita
3259 711 3375 764 eam
3424 732 3599 770 conce-

2026 786 2165 853 pisse
2190 784 2425 837 versibus
2458 784 2860 837 Onomacritum
2892 782 3093 853 uolunt.
3122 780 3213 835 Est
3242 791 3423 836 autem
3458 795 3607 843 totus

2026 851 2117 908 ille
2144 855 2298 915 liber,
2316 870 2440 906 vera
2466 854 2680 907 Satanm
2706 853 2878 921 ipsius
2911 851 3143 923 liturgia,
3169 852 3220 903 in
3249 868 3357 921 qua
3389 854 3601 923 hymni,

2026 933 2086 978 ut
2116 924 2227 992 jam
2256 924 2593 987 dicebamus,
2625 919 2848 991 singuli,
2881 919 3328 992 nudis'constaiit
3367 919 3604 978 atiribué

2027 991 2126 1047 tis.
2154 992 2390 1045 llomero
2424 1000 2605 1045 autem
2647 1001 2700 1045 et
2740 991 3096 1045 recentiorem
3124 1004 3266 1051 esse,
3304 993 3465 1047 etde
3504 1010 3611 1049 suo

2027 1064 2194 1116 multa
2214 1062 2507 1123 addidisse,
2528 1062 2607 1115 vel
2634 1061 2733 1113 hoc
2754 1060 2989 1114 evincit:
3014 1060 3153 1128 quod
3173 1058 3423 1129 Priapos,
3443 1063 3612 1118 alios-

2031 1148 2137 1200 que
2168 1132 2318 1192 deos,
2339 1130 2576 1201 nondum
2609 1132 2788 1201 illi,ut_
2814 1138 3052 1201 putatur,
3071 1138 3247 1193 notos,
3266 1133 3616 1201 inspergith

2030 1199 2195 1272 igitur
2226 1202 2279 1255 in
2303 1202 2502 1271 hymno
2528 1200 2745 1263 Bacchi,
2775 1199 3045 1253 Bacchum
3076 1214 3134 1251 se
3168 1213 3366 1253 vocare
3394 1199 3474 1254 ait
3500 1220 3517 1257 :

2668 1282 3025 1349 Ἐρίόρομον,
3061 1280 3391 1349 εὐαστῆρα,

2030 1354 2436 1422 Πρωτόγονον,
2465 1350 2672 1420 διφυῆ,
2708 1352 3001 1422 epiros-01f,
3036 1350 3329 1422 ,βακχεῖον
3352 1352 3617 1419 ἄνακτα,

2034 1419 2293 1492 Ἄγριον,
2321 1419 2598 1490 ἄρρητον,
2630 1422 2886 1492 κρύφιον
2904 1460 2918 1485 ,
2949 1419 3263 1487 δικέρωτα,
3293 1420 3610 1491 δίμορφον,

2030 1490 2426 1559 Κισσόϐρυον,
2456 1490 2767 1558 ταυρωπόν
2789 1505 2802 1519 °

2032 1594 2085 1639 et
2134 1585 2341 1653 reliqua
2387 1598 2509 1651 qua:
2559 1582 2630 1653 ibi
2690 1590 3033 1653 sequuntur.
3064 1580 3239 1650 Cujus
3289 1585 3508 1652 generis
3558 1594 3615 1639 ct

2032 1651 2270 1726 hymnus
2296 1655 2385 1706 ille
2422 1652 2642 1726 Bacchi,
2677 1653 2779 1726 qui
2800 1668 2863 1726 es
2890 1651 3168 1726 attributis
3191 1651 3502 1726 litterarum.
3525 1670 3616 1705 or-

2034 1721 2160 1777 dine
2188 1725 2541 1785 constructis,
2576 1722 2628 1775 in
2654 1721 2970 1789 Anthologia
2998 1722 3437 1791 epigrammatum
3460 1722 3617 1778 Grc-

1965 1788 2005 1841 Β
2035 1811 2215 1848 corum
2255 1794 2468 1863 legitur,
2497 1792 2655 1860 cujus
2684 1788 2902 1844 initium
2942 1809 2955 1845 :

2031 1884 2365 1962 Ιμέέπωιιεν
2392 1880 2671 1962 ,βασιλῆα
2709 1882 3014 1962 pulsator,
3044 1884 3405 1962 εὶρᾳεριὼτην
3423 1924 3439 1947 ,

2045 1950 2427 2020 Ἀϐροκόμην.
2466 1950 2765 2021 ἀγροῖκον,
2808 1950 3101 2021 ἀοίδιμον,
3127 1952 3577 2020 ἀγλαόμορφσν,

2034 2020 2595 2091 Βοιωτὸνμϐρόμιον,
2607 2022 3009 2089 βακχεύτορα,
3022 2020 3247 2087 βοτρυο
3252 2023 3483 2088 χαίτην,
3504 2032 3617 2077 etc.

2036 2117 2137 2183 Qui
2192 2124 2319 2169 sunt
2350 2114 2482 2168 meri
2532 2114 2707 2185 lusus,
2756 2121 2850 2165 aut
2892 2112 3261 2185 ingeniorum,
3299 2128 3421 2185 qua:
3466 2115 3620 2185 quod

2036 2181 2200 2255 agant
2229 2186 2405 2253 majus
2429 2184 2563 2236 nihil
2597 2184 2816 2255 habent,
2853 2183 3268 2255 oblectationes.
3299 2181 3430 2236 Nam
3454 2181 3619 2255 apud

2037 2251 2336 2325 principem
2373 2262 2582 2322 poetam
2605 2291 2620 2315 ,
2654 2251 3025 2325 Agamemnon
3070 2252 3303 2320 aliique,
3336 2268 3399 2307 ex
3433 2251 3621 2324 digni-

2036 2322 2167 2389 tate,
2194 2322 2317 2377 cum
2346 2331 2661 2392 precantur,
2690 2337 2751 2375 ea
2784 2322 3044 2375 adhibent
3079 2341 3093 2375 :

2035 2408 2150 2461 Ζεῦ
2179 2405 2457 2469 κύδιστε,
2476 2404 2725 2474 μέγιστε
2745 2444 2760 2470 ,
2791 2405 3140 2474 κελαινεφὲς
3157 2446 3172 2471 ,
3198 2404 3381 2474 αἰθέρι
3410 2406 3621 2461 ναίων.

2036 2490 2109 2544 ita
2144 2490 2381 2542 Achilles
2410 2506 2428 2545 :

2104 2571 2218 2625 Ζεῦ
2252 2571 2389 2636 ἀνα,
2420 2569 2741 2635 Δωδωναῖε,
2774 2570 3129 2639 Πελασγικὲ,
3163 2573 3371 2637 τηλόθι
3407 2572 3620 2627 ναίων.

2037 2663 2166 2729 Qua:
2193 2672 2349 2734 poeta
2385 2678 2631 2734 summus
2649 2662 2867 2734 pariter
2896 2669 2950 2734 et
2974 2662 3198 2734 criticus
3223 2662 3632 2727 Callimachus,

2038 2744 2156 2788 arte
2194 2730 2480 2803 'singulari
2532 2746 2595 2785 ac
2641 2730 2851 2803 judicio
2894 2733 2946 2786 in
3003 2732 3220 2803 hymnis
3269 2734 3624 2801 temperavit.

2039 2803 2175 2857 Nam
2229 2813 2283 2857 et
2316 2802 2549 2855 ’modice
2610 2802 2889 2866 adhibuit,
2937 2809 2992 2856 et
3047 2802 3382 2866 singulorum
3447 2803 3628 2855 ratio-

2041 2887 2164 2954 nem
2214 2872 2467 2927 reddidit.
2496 2869 2963 2936 Quemadmodum
3015 2871 3084 2926 de
3130 2869 3281 2937 Jove,
3310 2886 3471 2941 quem
3511 2873 3628 2927 ini-

2042 2951 2120 2997 tio

2109 3028 2473 3096 [Ιηλογόνων
2498 3025 2778 3094 ἐλατῆρα,
2797 3025 3173 3083 δικασπόλον
3201 3026 3589 3097 οὐρανίδῃσι,

1967 3118 2009 3174 c
2040 3110 2150 3182 44
2188 3119 2365 3163 vocat.
2404 3109 2467 3162 Et
2499 3110 2697 3165 deinde
2734 3128 2747 3166 :

2111 3191 2242 3258 Πῶς
2266 3194 2371 3263 καί
2399 3210 2497 3263 νιν
2536 3194 2808 3248 Δικταῖον
2837 3194 3124 3263 ἀείσομεν
3153 3195 3226 3262 ἠὲ
3264 3194 3567 3261 Λυκαῖον,

2124 3264 2224 3315 Ἐν
2250 3262 2384 3330 δοιῇ
2609 3265 2815 3332 θυμός.

2043 3353 2109 3406 Et
2130 3354 2323 3426 deinde
2345 3355 2670 3408 suavissime
2695 3360 2933 3425 (semper
2962 3357 3107 3410 enim
3153 3357 3357 3426 aliquid
3386 3359 3631 3412 interse-

2044 3426 2137 3489 rit,
2183 3440 2245 3496 ac
2280 3425 2598 3496 plerumque
2640 3440 2869 3496 causam,
2917 3436 3011 3478 aut
3058 3425 3466 3489 narrationem,
3506 3444 3643 3496 qua:

2047 3509 2155 3547 non
2203 3494 2421 3562 impleat
2473 3494 2730 3548 lectorem
2780 3495 2873 3548 sed
2915 3496 3186 3559 detineat,
3216 3497 3505 3551 admiscet.
3526 3494 3631 3551 'ld-

2048 3578 2152 3632 que
2185 3565 2363 3617 verbis
2404 3579 2508 3617 non
2541 3565 3036 3634 sesquipedalibus,
3067 3566 3159 3620 sed
3187 3567 3377 3635 castis)
3418 3586 3433 3620 :

2048 3653 2184 3726 Ζερ,
2210 3654 2289 3726 (re
2322 3654 2454 3726 μὲν
2478 3654 2781 3726 Ἰδαίοισιν
2804 3655 2873 3708 ἐν
2914 3656 3120 3724 οὔρεσι
3150 3674 3296 3725 φασι
3319 3657 3637 3726 γενέσθαι,

2050 3723 2186 3788 Ζεῦ,
2223 3721 2296 3775 σὲ
2335 3723 2388 3775 δ’
2432 3724 2503 3777 ἐν
2544 3724 2822 3794 Ἀρκαδίῃ
2846 3742 2857 3753 ’
2893 3721 3166 3797 πόέεροιξ
3198 3721 3401 3797 πὰιζὲρ,
3447 3721 3639 3794 ἐψεύέ

3301 3796 3514 3868 [σαντο
3535 3814 3562 3864 ,°

2052 3862 2277 3932 Κρῆτες
2304 3863 2394 3916 ἀεὶ
2425 3863 2705 3931 ψεῦσται.

2054 3946 2197 4000 Idem
2250 3946 2314 3999 de
2354 3945 2648 4001 Theocrito
2688 3947 2841 4001 dicas
2867 3963 2888 4017 _:
2934 3946 2989 4001 in
3020 3946 3179 4017 cujus
3218 3946 3635 4015 Διοσκούροις,

2056 4017 2263 4071 nullum
2314 4017 2667 4079 attributmn,
2700 4015 2973 4085 turgidum
3020 4015 3113 4071 aut
3146 4017 3445 4071 insolenter
3471 4034 3640 4072 com-

2057 4086 2294 4168 positum
2340 4088 2607 4168 occurrit.
2638 4085 2874 4166 Nostero,
2902 4095 3079 4168 οῖδα-ιι.
3103 4088 3287 4168 operis
3339 4090 3639 4168 necessita-

2058 4163 2165 4208 tem
2187 4195 2201 4219 ,
2234 4156 2337 4210 deo
2381 4157 2490 4219 illi,
2519 4158 2677 4224 cujus
2718 4172 2805 4210 res
2836 4156 2889 4209 in
2918 4156 3188 4209 Bacchicis
3220 4158 3503 4221 describit,
3549 4165 3639 4212 tot

2060 4225 2263 4295 ubique
2298 4227 2558 4293 attributa
2591 4226 2765 4291 dedit,
2798 4234 2857 4278 ut
2893 4227 3174 4295 catalogus
3210 4241 3273 4279 ac
3311 4226 3473 4279 index
3501 4242 3641 4280 con-

2064 4294 2155 4366 ﬁci
2187 4310 2253 4366 ex
2306 4296 2371 4350 iis
2406 4296 2712 4366 luculentus
2747 4296 2936 4366 possit.
2974 4294 3128 4360 Quod
3162 4296 3215 4348 in
3260 4296 3493 4366 singulis
3525 4312 3636 4349 no-

2064 4365 2305 4421 minibus
2336 4366 2403 4418 ab
2432 4381 2496 4419 eo
2526 4365 2747 4419 factum.
2788 4364 3027 4430 Quorum
3064 4366 3340 4433 pleraque,
3358 4364 3493 4420 'sine
3520 4367 3643 4419 ulla

2068 4449 2270 4505 rerum,
2291 4450 2427 4505 quas
2457 4435 2509 4489 in
2539 4434 2825 4504 Evangelio
2850 4435 3134 4497 tractabat,
3163 4436 3491 4505 reverentia,
3521 4436 3637 4489 huc

2069 4502 2348 4558 transfert.
2376 4502 2450 4555 Ita
2487 4512 2543 4556 ut
2575 4502 2709 4559 hinc
2729 4505 2867 4573 ipsa,
2889 4518 3008 4573 qua:
3044 4520 3075 4557 a
3102 4504 3333 4558 raritate
3356 4519 3641 4558 commen-

2069 4574 2289 4636 dantur,
2318 4573 2690 4626 etorationem
2731 4573 3110 4628 commendare
3132 4574 3330 4634 solent,
3359 4588 3525 4642 prope
3563 4574 3645 4627 ad

2070 4643 2361 4695 ludibrium
2391 4648 2690 4697 convertat.
2727 4642 2881 4708 Quod
2925 4651 3080 4697 acute
3110 4643 3237 4697 olim
3271 4643 3524 4697 rhetores
3551 4645 3640 4696 vi-

2069 4711 2286 4782 derunt,
2314 4708 2405 4782 qui
2436 4710 2737 4782 cavendum
2764 4722 3112 4776 monuerunt,
3142 4729 3211 4767 ne
3232 4712 3506 4782 superﬂua
3537 4713 3643 4767 ad-

2070 4779 2362 4852 hibeantur.
2391 4777 2443 4830 in
2472 4780 2849 4852 orationeaut
2891 4783 3089 4847 multa,
3128 4777 3358 4852 quorum
3404 4783 3641 4835 alterum

2072 4849 2311 4914 ineptum
2346 4848 2428 4915 (ut
2473 4849 2518 4901 si
2573 4849 2750 4904 nivem
2807 4852 3019 4914 albam,
3050 4848 3327 4906 humidum
3378 4853 3641 4907 sudorem

2069 4915 2243 4991 dicas)
2265 4957 2281 4984 ,
2313 4920 2541 4991 alterum
2562 4957 2577 4982 ,
2626 4934 2749 4974 cum
2779 4922 2950 4991 taedio
2983 4923 3329 4990 conjunctmn
3354 4962 3372 4986 ,
3403 4923 3529 4991 quia
3568 4920 3644 4974 ad

2070 4988 2259 5061 poesin
2311 4988 2730 5061 vergitsermo.
2774 4989 2839 5042 Et
2891 4988 3113 5046 accusat
3164 5007 3393 5061 magnus
3422 4988 3644 5045 doctor

2071 5056 2894 5130 Aristoteles'Alcidamantem,
2937 5061 3082 5130 quod
3106 5100 3121 5125 ,
3157 5056 3281 5114 cum
3332 5060 3537 5114 usitato
3573 5074 3644 5112 ac

2074 5126 2251 5199 soluto
2275 5128 2534 5199 scriberet
2561 5142 2838 5199 sermone,
2857 5138 2911 5184 et
2932 5126 3413 5199 l'requentioribus.
3441 5140 3497 5184 et
3526 5130 3647 5182 lon-

2073 5195 2425 5269 gioribus,ct
2462 5197 2624 5251 nimis
2672 5195 3058 5265 eminentibus,
3106 5201 3426 5269 plerumque
3460 5211 3645 5253 utere-

2077 5264 2550 5338 tur._Quanquam
2590 5275 2769 5321 autem
2813 5282 2972 5323 nemo
3026 5264 3221 5334 nescit,
3268 5264 3391 5337 plus
3424 5270 3645 5338 poetis,

2075 5336 2217 5403 quod
2252 5335 2319 5388 ab
2349 5350 2412 5388 eo
2442 5339 2638 5403 saepius
2677 5338 2969 5404 repetitur,
3002 5338 3196 5404 licere;
3218 5335 3645 5393 eorum'tamen

2078 5404 2288 5473 singula
2321 5404 2373 5456 in
2414 5416 2611 5473 nostro
2654 5406 2853 5461 habent
2884 5408 3081 5461 locum.
3115 5409 3294 5473 Quare
3338 5423 3526 5461 verum
3554 5410 3648 5461 est

2078 5474 2145 5527 de
2172 5472 2428 5547 (ξω-(ωοιί
2458 5474 2653 5547 ςιθλευο
2687 5477 2801 5537 illo,
2838 5476 2977 5530 idem
3017 5472 3330 5547 critiCorum
3358 5480 3643 5547 princeps,

2078 5489 2145 5527 oe
2172 5489 2257 5535 eo,
2323 5489 2428 5527 uoa
2458 5489 2524 5528 de
2553 5490 2653 5529 suo
2687 5489 2801 5537 lll0,
2838 5489 2977 5530 ttlellt
3017 5489 3330 5531 criticorum
3358 5492 3643 5547 princeps,

2078 5558 2201 5616 cum
2242 5489 2582 5616 judicio
2624 5547 2990 5613 pronuntiavit
3028 5548 3166 5616 τίοὺχ
3197 5546 3271 5609 ὡς
3310 5546 3645 5616 ἡδύσμασιν,
3720 5548 3728 5555 “

2079 5610 2193 5664 ἀλλ’
2229 5610 2639 5684 ὼξὶδίέσμασινξ
2682 5630 2790 5667 non
2841 5625 2897 5669 ut
2922 5610 3287 5670 condimentis
3326 5610 3463 5684 ἱμιώ
3497 5616 3651 5669 dele-

2082 5690 2253 5747 ctant,
2294 5682 2387 5737 sed
2425 5691 2482 5735 ut
2512 5684 2669 5745 ciliis,
2713 5684 2777 5737 ad
2818 5683 3092 5740 fastidium
3136 5682 3356 5741 lectoris
3380 5700 3445 5739 ac
3477 5684 3639 5737 satie

1985 5817 2003 5831 .
2084 5760 2271 5821 tatem,
2307 5768 2369 5809 ca
2400 5752 2598 5823 passim
2632 5754 2903 5813 adhibere.
2938 5754 3083 5823 Quid
3108 5753 3459 5829 quodlrigus
3484 5754 3658 5827 illud,
