3964 6202
284 278 394 335 961

1397 278 1556 334 DAN.
1592 277 1752 332 llElN
1770 277 1853 333 Sil
1894 271 2515 334 EXERCITATIONES.

3450 282 3565 348 062

287 392 440 461 quod
477 388 531 444 in
548 402 661 466 _s_uo
705 388 931 466 damnat
966 389 1311 466 Aristotcles,
1352 406 1421 446 ex
1461 392 1717 466 instituto
1749 388 1875 466 alie-

1994 387 2395 466 Stﬁupatpfitxtp;
2443 387 2807 466 ouyzgiusva'
2836 382 2981 456 οἷον,
3024 391 3378 466 θεοτεράτους
3414 398 3556 452 πλά-

291 459 479 515 étasse
511 459 726 514 videtur
754 460 777 511 ?
805 459 938 513 Nam
974 462 1120 530 quod
1163 463 1418 530 maxime,
1441 472 1497 515 ut
1530 461 1785 530 frigidum
1821 460 1877 513 in

291 532 389 584 illo
437 537 610 594 notat,
645 530 788 599 quod
835 531 1127 601 ἀντίμιμον
1157 529 1479 654 τῆΟςσῒοχῆς
1512 529 1714 615 diceret
1758 531 1879 581 ἐπι-

295 599 529 654 θυμίαν.
564 615 687 654 cum
721 600 1037 654 ἐπιθυμίαν.
1066 617 1163 654 seu
1201 601 1291 654 libi
1339 618 1479 654 mem
1521 604 1875 654 smmbcaret.

295 599 529 667 θυμίαν,
564 615 687 655 cum
721 599 1038 669 émﬁupiuv,
1066 617 1163 655 seu
1201 599 1479 654 libidinem
1521 601 1875 667 signiﬁcaret,

294 670 428 739 quid
473 677 565 741 est
602 670 782 741 aliud,
818 686 977 741 quam
1012 669 1142 723 illud
1166 670 1335 741 _quod
1380 678 1489 724 tam
1530 687 1673 741 saepe
1704 671 1879 740 placet

296 747 512 801 nostro,
545 739 836 792 ἀντίτυπον
863 739 1132 811 μίμημαῖ
1165 739 1236 795 Ut
1267 741 1321 794 in
1352 756 1418 796 eo
1451 759 1465 794 :

380 831 731 885 Ἀντίτυπον
763 831 998 899 μίμημα
1030 830 1435 899 δρακοντείοιο
1463 832 1805 898 προσώπου·

297 937 424 975 cum
465 920 760 990 draconem
812 922 1025 974 scilicet
1081 921 1389 990 signiﬁcare
1428 923 1610 980 vellet.
1645 922 1800 986 Quod
1829 929 1882 976 ct

299 991 629 1044 attributum
673 988 837 1060 simul
874 999 927 1044 et
980 988 1365 1058 cotupositum,
1394 991 1618 1045 διπλοῦν
1646 992 1760 1060 ἄμα
1786 995 1882 1046 καὶ

298 1060 575 1121 ἐπίθετον,
612 1069 671 1111 ut
715 1059 1040 1113 Aristoteles
1092 1062 1144 1113 id
1195 1070 1371 1115 vocat.
1414 1062 1533 1115 Jam
1575 1059 1881 1129 l‘reqhentia

301 1144 368 1184 ac
396 1129 565 1182 nimia
604 1128 807 1197 ubique
840 1138 953 1182 toto
996 1144 1161 1198 opere
1196 1132 1479 1198 observes.
1520 1128 1878 1186 Luculentum

301 1199 581 1268 specimen
637 1197 791 1252 initio
847 1197 1109 1252 occurrit.
1163 1197 1265 1254 Ubi
1321 1215 1445 1254 eum
1497 1203 1881 1257 sanctissimus

301 1267 658 1348 evangelista,
694 1269 948 1348 omnibus
984 1284 1093 1323 non
1136 1270 1255 1324 sine
1297 1284 1465 1348 causa
1496 1272 1878 1348 abstinendum

294 1335 775 1418 sibiujudicasset,
828 1338 1093 1409 integram
1142 1354 1210 1394 ex
1268 1340 1549 1395 attributis
1605 1341 1883 1396 contexuit

303 1414 610 1461 orationem
638 1423 652 1458 Ξ

308 1500 592 1571 ’ξΑχρονος
620 1493 715 1571 ἦν,
749 1498 1065 1571 ὰκέχητος,
1099 1500 1159 1553 ἐν
1202 1500 1436 1568 ἀρρήτῳ
1479 1500 1669 1569 Λόγος
1701 1501 1879 1571 ἀρχῆς

314 1566 597 1640 Ἰσοφυῂς
624 1567 957 1640 Γενετῆρος
995 1566 1304 1638 όμήλικόςξ,
1349 1572 1481 1637 Υἱὸς
1512 1566 1770 1640 ἀμήτωρ,

305 1638 417 1691 Καὶ
454 1638 642 1705 Λόγος
670 1638 1026 1706 αὑτοςρύτοιο
1063 1640 1231 1693 Θεοῦ.

306 1728 609 1799 Frigidum,
642 1736 700 1781 ut
730 1728 863 1782 illud
904 1729 972 1784 de
1002 1732 1353 1800 generatione
1382 1750 1395 1786 :

396 1819 576 1873 Ἀλλὰ
603 1818 751 1873 Θεοῦ
780 1818 1067 1889 γεγάασιν
1095 1820 1358 1889 ἀνήροτα
1388 1822 1568 1877 τέκνα
1606 1823 1843 1891 Τοκῆος.

300 1910 400 1983 Et,
423 1924 561 1983 cum
592 1909 771 1982 ἄκυρα
817 1910 1038 1983 ubique,
1083 1928 1176 1967 seu
1215 1914 1533 1983 impropria,
1565 1925 1879 1981 occurrant,

305 1980 441 2034 illud
492 1979 654 2035 etiam
690 1979 1078 2036 obscenitatem
1111 1984 1162 2035 in
1206 1998 1263 2037 re
1294 1979 1608 2048 sancta,'ex
1654 1979 1884 2040 transla-

298 2049 689 2123 tionismodo,
715 2050 894 2123 habet.
928 2051 1069 2118 Quid
1101 2053 1249 2123 quod
1276 2055 1536 2109 attributa
1604 2058 1882 2111 attributis

303 2120 455 2175 dedit
484 2119 507 2172 ?
539 2118 607 2173 Ut
632 2121 684 2173 in
717 2120 811 2174 illo
841 2139 856 2173 :

423 2211 640 2283 Ἀϐρὰμ
671 2212 1037 2283 ἀρχιγόνοιο,
1063 2215 1403 2285 ῥυηφενέος
1440 2213 1775 2287 γενετῆρος.

302 2304 440 2359 Nam
472 2312 531 2358 ut
553 2316 724 2374 pater,
757 2306 1081 2360 attributum
1116 2317 1201 2361 est
1236 2308 1293 2363 in
1338 2323 1444 2363 eo:

412 2395 482 2450 Et
507 2406 658 2465 pater
691 2394 891 2450 {Encas
930 2396 1180 2451 Romana:
1213 2399 1391 2465 stirpis
1418 2399 1560 2469 origo
1584 2415 1602 2452 :

304 2488 381 2542 ita
416 2489 652 2558 γενετήρ
694 2488 747 2541 in
784 2488 908 2558 isto:
953 2487 1106 2558 Quid,
1142 2489 1289 2558 quod
1339 2490 1500 2544 alieni
1544 2490 1884 2546 characteris

300 2559 570 2612 attributa
601 2554 823 2611 'miscet.
863 2554 933 2611 Ut
969 2559 1021 2610 in
1058 2554 1175 2621 illo,
1198 2560 1372 2626 primo
1411 2560 1588 2626 capite
1621 2575 1634 2610 :

591 2645 700 2766 ﬂ?
733 2645 843 2698 Kal
888 2646 1169 2711 Ἐϐραίων
1200 2649 1378 2733 χορὸς
1419 2648 1655 2715 ἀνδρῶν

591 2736 636 2766 τι.
696 2718 872 2766 r0807-
898 2715 1088 2766 ἇνδοα
1114 2716 1181 2766 τὸ
1208 2716 1486 2766 ὃευτεοον
1511 2718 1685 2766 ᾔοετο
1705 2719 1776 2766 mi

304 2715 636 2785 Πόμπιμοςζ
664 2715 872 2769 ἔνθεον
898 2715 1088 2782 ἄνδρα
1114 2716 1181 2768 τὸ
1208 2716 1486 2783 δεύτερον
1511 2718 1685 2784 ἤρετο
1699 2719 1885 2784 μύθῳ.

309 2808 639 2877 Πομπίμους
668 2807 810 2862 enim
837 2806 995 2877 dixit,
1061 2806 1152 2875 qui
1185 2823 1213 2860 a
1246 2806 1533 2862 Pharisaeis
1582 2824 1645 2861 ac
1686 2808 1887 2862 Levitis

309 2876 380 2931 ad
399 2875 709 2947 'Baptistain
756 2875 1134 2930 mittebantur.
1167 2877 1306 2943 Quia
1351 2879 1555 2947 legerat
1588 2878 1641 2931 in
1672 2878 1887 2946 Sopho-

307 2948 395 3001 cle
438 2946 736 3001 Trachiniis
770 2961 788 3000 :

414 3033 484 3108 :9
516 3037 744 3103 παῖδες,
777 3038 858 3108 ὡς
889 3037 1142 3108 ἆρ’ἠμὶν
1172 3040 1243 3093 οὐ
1281 3037 1550 3108 σμικρῶν
1582 3036 1784 3091 κακῶν

417 3102 635 3176 Ἦρξεν
668 3102 730 3161 τὸ
768 3102 960 3176 δῶρον
999 3102 1284 3177 Ἠρακλεῖ
1320 3102 1391 3162 τὸ
1424 3102 1767 3178 πόμπιμον.

308 3196 471 3261 Quod
504 3196 710 3265 antiqui
747 3198 939 3267 tragici
971 3196 1215 3252 dicerent
1252 3216 1267 3253 :

384 3286 577 3353 Porro,
610 3286 817 3341 sodales
836 3328 849 3351 ,
877 3288 1106 3355 pessimo
1144 3288 1291 3342 nobis
1314 3290 1457 3342 malo

381 3357 593 3409 Donum
631 3359 945 3426 auspicavit,
976 3357 1225 3412 Herculei
1259 3361 1477 3412 missum
1514 3368 1569 3411 ut
1599 3359 1721 3428 fuit.

306 3449 469 3515 Quod
518 3450 571 3519 in
612 3449 928 3504 charactere
980 3452 1171 3519 epico,
1214 3459 1267 3505 et
1322 3451 1416 3505 illo
1458 3452 1597 3514 loco,
1652 3466 1758 3503 non
1807 3459 1890 3503 est

313 3519 499 3573 nauci.
549 3518 623 3572 De
683 3534 811 3588 quo,
848 3528 908 3572 ut
960 3518 1194 3590 oportet,
1244 3520 1511 3590 judicare,
1545 3522 1804 3590 ultimus,
1834 3528 1891 3571 ut

312 3590 404 3642 ille
438 3591 536 3649 ait,
575 3604 781 3657 magna).
813 3589 1010 3645 mentis
1037 3606 1100 3644 ac
1136 3589 1345 3644 natura:
1379 3590 1501 3644 ﬁnis
1535 3598 1638 3645 est.
1670 3589 1734 3641 Et
1765 3605 1888 3642 cum

309 3658 661 3730 illustrandte
687 3660 762 3712 rei
800 3660 1061 3730 attributa
1097 3662 1206 3716 sint
1231 3660 1469 3719 inventa,
1503 3660 1664 3713 etiam
1697 3659 1891 3730 ἀδηλο-

314 3728 501 3795 λογίας
531 3736 584 3800 et
613 3728 1000 3800 obscuritatem
1034 3732 1250 3792 miscet,
1274 3736 1333 3782 ut
1360 3729 1491 3800 quid
1509 3730 1634 3783 velit
1657 3728 1888 3783 nescias.

314 3797 787 3862 Quemadmodum
814 3799 871 3852 in
902 3800 997 3853 illo
1024 3817 1038 3852 :

419 3890 810 3958 Νυκτιφανὴς
849 3890 1188 3960 ἁχάρακτος
1229 3889 1398 3957 ἐώτος
1426 3889 1562 3958 ἤϊεν
1603 3888 1821 3956 ἀστήρ.

313 3980 450 4034 Nam
483 3980 613 4054 quid
639 3991 721 4037 est
748 3982 1060 4054 ἀχάρακτον
1092 3983 1146 4036 in
1181 3982 1335 4037 stella
1361 3981 1738 4054 lucidissima?
1767 3994 1889 4033 cum

315 4052 619 4121 praasertim
670 4054 799 4105 caeci
848 4050 1040 4106 oculos
1065 4092 1080 4113 ,
1113 4054 1204 4122 qui
1257 4067 1381 4106 cum
1419 4053 1520 4106 hoc
1560 4050 1703 4104 malo
1734 4059 1893 4104 natus

313 4130 487 4186 esset,
514 4135 658 4175 nono
699 4122 877 4190 capite
913 4122 993 4176 sic
1023 4123 1222 4176 dixerit
1254 4142 1266 4176 :

317 4211 693 4281 Etytgsspt-lzr,
723 4212 1044 4281 ἀμέριστον
1061 4212 1237 4281 ἔχων,
1260 4212 1599 4280 ἀχὰρακτον
1621 4210 1892 4278 ὀπωπήν.

316 4299 383 4352 Et
407 4300 495 4353 vix
533 4301 641 4353 alia
674 4302 896 4354 admisit
922 4317 1085 4369 quam
1121 4302 1422 4371 composita
1460 4316 1623 4368 :qute
1664 4301 1732 4353 ab
1755 4300 1895 4371 Ari-

318 4372 514 4423 stotele
560 4371 819 4423 dicuntur
844 4371 1026 4424 διπλᾶ.
1061 4370 1193 4437 Quae
1226 4369 1333 4424 non
1365 4372 1545 4423 minus
1589 4384 1715 4422 cum
1747 4369 1893 4436 judi-

316 4440 405 4492 cio
434 4444 603 4507 poeta:
638 4442 829 4509 reliqui
862 4457 1024 4509 quam
1062 4427 1310 4496 aratores
1339 4440 1693 4494 admiserunt.
1728 4427 1893 4492 Com-
1925 4427 1968 4479 Ῑ)

319 4509 559 4577 ponendi
599 4508 769 4563 enim’
797 4508 937 4573 linis,
981 4511 1200 4577 partim,
1237 4519 1316 4575 ut,
1361 4508 1819 4578 quemadmodum
1860 4523 1891 4561 a

320 4578 530 4633 criticis
566 4588 802 4643 notatur,
826 4596 931 4633 non
956 4581 1284 4648 promiscue,
1318 4581 1413 4634 sed
1449 4595 1570 4632 cum
1596 4579 1892 4633 necessitas

322 4648 375 4720 id
402 4649 604 4720 exigit,
631 4649 807 4720 oratio
834 4659 1088 4720 assurgat
1119 4668 1132 4704 :
1168 4651 1361 4717 partim
1391 4656 1449 4703 ut
1482 4664 1637 4720 mens
1684 4660 1891 4720 uOStra,

322 4719 410 4770 ubi
466 4734 629 4787 opus,
683 4719 804 4773 loco
854 4718 1079 4788 integrae
1113 4720 1377 4774 orationis
1401 4759 1416 4781 ,
1444 4719 1591 4772 verbi
1629 4718 1895 4772 beneﬁcio

320 4796 528 4851 utatur,
564 4796 621 4841 ut
650 4805 756 4841 non
795 4805 960 4842 unum
987 4829 1000 4851 ,
1036 4790 1130 4844 sed
1181 4798 1239 4843 ut
1274 4790 1441 4843 multa
1463 4829 1476 4851 ,
1514 4804 1623 4842 uno
1655 4789 1896 4857 comple-

318 4864 555 4910 ctamur.
600 4860 719 4923 Quo
775 4868 828 4913 et
893 4860 1109 4914 interim
1168 4861 1343 4913 oratio
1389 4860 1674 4913 accrescit.
1724 4859 1895 4925 Cujus

318 4928 615 4993 granditati
653 4930 931 4995 proximus
957 4938 1039 4983 est
1069 4939 1265 4984 tumor.
1292 4929 1348 4982 In
1388 4928 1532 4997 quod
1561 4929 1750 4981 vitium
1801 4927 1896 4981 ab.

320 5000 453 5057 itur,
487 5013 611 5050 cum
638 5006 730 5049 aut
758 5001 924 5051 multa
955 5000 1302 5061 adhibentur,
1337 5006 1428 5051 aut
1465 5014 1571 5050 non
1611 4999 1744 5050 satis
1772 5006 1897 5064 apte

319 5081 485 5137 voces
509 5078 935 5137 componuntur,
961 5077 1019 5122 ut
1044 5069 1096 5121 in
1131 5068 1490 5137 dithyrambis
1514 5069 1628 5120 lieri
1664 5067 1894 5137 solebat.

321 5136 503 5200 Quare
525 5136 631 5207 47
650 5147 704 5191 et
734 5136 1167 5207 dithyrambicas
1210 5139 1598 5191 vocabulorum
1632 5136 1900 5205 composi-

322 5214 525 5267 tiones,
555 5216 608 5277 et
629 5208 923 5262 inusitatas
956 5208 1186 5277 ideoque
1214 5208 1404 5268 duras,
1444 5216 1495 5260 et
1537 5207 1895 5277 periculosas,

322 5278 518 5343 quales
554 5276 666 5332 fere
720 5280 929 5340 nostri,
987 5276 1236 5333 rhetores
1286 5279 1545 5347 relegant.
1582 5276 1653 5330 De
1699 5277 1899 5347 quibus

322 5348 601 5417 eleganter
630 5360 820 5417 auctor
856 5348 1291 5417 praestantissimi
1324 5346 1720 5401 Deielocutioue
1752 5346 1897 5417 libri,

325 5416 417 5479 qui
447 5431 596 5470 nunc
633 5415 958 5482 Phalereus;
1001 5419 1069 5469 ab
1100 5418 1390 5470 Ammonio
1429 5417 1496 5470 ad
1532 5418 1728 5470 librqu
1762 5416 1901 5480 Περὶ

324 5485 648 5556 epam-stac
686 5488 1007 5556 simpliciter
1043 5486 1347 5541 Demetrius
1377 5494 1605 5556 vocatur
1650 5506 1662 5540 ε
1697 5486 1791 5555 qui
1838 5486 1902 5538 li-

327 5555 527 5624 bellum
577 5556 753 5624 ipsum
775 5553 808 5621 ,⁷
847 5557 908 5609 τὸ
954 5556 1094 5622 Περὶ
1132 5553 1571 5624 λογογραφικῆς
1614 5553 1775 5619 ιδέἁς
1820 5556 1900 5623 βι-

326 5621 497 5695 ϐλίον,
530 5621 644 5679 sive
682 5625 755 5678 De
807 5621 1061 5680 sermonis
1115 5621 1498 5694 forma—{dixih
1527 5621 1574 5680 Is
1607 5626 1771 5695 igitur
1801 5621 1901 5679 Dc-

327 5694 560 5753 tnetrius
593 5714 605 5754 :
633 5695 878 5767 Ληπτέον
924 5696 980 5752 δὲ
1007 5696 1116 5773 ⁸καὶ
1165 5694 1395 5753 σύνθετα
1432 5694 1677 5768 ὀνόματά..
1696 5736 1711 5764 ,
1742 5695 1803 5749 οὐ
1836 5695 1904 5751 τὰ

1984 475 2101 533 νοις,
2138 458 2256 533 past
2278 498 2291 521 ,
2308 459 2539 533 ﬁmpwv
2574 458 2872 533 ᾂορύπορον
2916 458 3316 533 στρατὸν,’ἁλλ’
3343 458 3558 523 ἐοικότα

1982 530 2096 612 τοῖς
2129 528 2235 581 ὑπὸ
2273 528 2371 612 τῆς
2412 527 2670 597 ἀληθείας
2718 527 3421 612 σιξμειμέίιοιςκνΚαθόλοο
3445 539 3558 612 γὰρ

1983 597 2186 674 τᾳύτην
2210 597 2407 674 κανὸνᾳ
2432 615 2691 674 ποιουμαι
2716 599 2896 670 πάσης
2915 597 3210 674 ονομαοξίας
3233 621 3247 635 ·
3265 597 3560 674 νομοθέταξ

1985 668 2269 746 λέγουςσὲν.
2302 668 2394 719 καὶ
2422 669 2829 746 ἀερχιτέκτονας,
2853 668 2952 723 ’καὶ
2979 668 3163 746 τοιάδε
3196 668 3364 746 πολλᾶ
3393 668 3560 746 ἕτερά

1986 738 2246 809 ἀσφαλῶς
2286 738 2622 790 συντιθείσαν
2650 755 2663 767 ·
2704 739 2805 792 hoc
2831 750 2933 800 est,
2967 741 3281 807 Compositis
3310 738 3558 798 utendum

1986 810 2306 869 nominibus,
2326 824 2571 879 nonhquaa
2595 808 2792 879 tumide
2812 819 2859 861 et
2881 810 3391 879 dithyrambicurum
3418 828 3561 869 more

1987 888 2403 949 componuntur:
2423 876 2486 929 Ut
2510 880 2556 949 si
2578 880 2692 946 quis
2718 876 3071 949 Θεοτεράτούς
3097 881 3305 943 πλάνας
3326 923 3340 944 ,
3370 884 3421 935 id
3452 894 3558 947 est,

1985 944 2279 1019 prodigiose
2312 964 2343 999 a
2375 944 2478 1022 Deo
2501 944 2762 1001 immissos
2792 944 3016 1022 errores,
3036 960 3127 1001 aut
3151 951 3367 1022 ἄστρων
3399 944 3560 1022 δορύξ-

1990 1017 2157 1088 πορον
2198 1017 2448 1085 στρατόν,
2482 1026 2747 1088 astrorum
2781 1020 3065 1071 exercitum
3098 1017 3270 1088 igneis
3299 1017 3561 1076 munitum

1988 1086 2174 1149 lanatis,
2207 1088 2390 1147 dicat;
2418 1086 2527 1149 sed,
2557 1103 2672 1153 qua:
2701 1088 2776 1138 ita
2818 1086 3223 1156 componuntur,
3263 1100 3319 1142 ut
3350 1091 3414 1142 ab
3445 1095 3560 1145 usi-

1990 1160 2116 1211 tatis
2146 1174 2206 1210 ac
2247 1158 2486 1224 receptis,
2518 1172 2672 1223 quam
2724 1157 2938 1209 minime
2988 1158 3249 1211 recedant.
3301 1161 3474 1225 Quam
3505 1164 3561 1216 in

1988 1230 2285 1297 universum
2318 1241 2559 1297 normam
2588 1226 2643 1297 in
2668 1226 2753 1297 illis
2786 1226 2979 1279 talibus
3010 1244 3072 1279 ac
3103 1230 3265 1297 legem
3285 1246 3397 1283 esse
3424 1232 3558 1286 volo.

1994 1294 2061 1348 Ut
2084 1314 2201 1367 cum
2237 1295 2551 1367 νομοθέτας,
2578 1295 2928 1367 legislatures,
2952 1294 3358 1365 ἀρχιτέἱιτονας,
3376 1300 3562 1367 fabro-

1989 1383 2107 1418 rum
2152 1363 2375 1418 diciuius
2407 1366 2703 1437 prce/'ectos.
2732 1363 2798 1437 Et
2833 1364 2885 1414 id
2928 1363 3087 1437 genus
3120 1368 3252 1429 alia,
3287 1363 3403 1437 qua:
3446 1379 3567 1422 tuto

1989 1445 2388 1503 componuntur.
2411 1435 2604 1488 Noster
2628 1448 2753 1486 vero
2780 1436 2851 1486 ita
2876 1449 2904 1485 a
2929 1436 3134 1502 vulgari
3166 1435 3563 1494 consuetudine

1988 1508 2377 1577 vocabulorum
2434 1512 2487 1557 et
2532 1504 2871 1577 simplicibus
2916 1504 3205 1577 abh_orret,
3249 1515 3305 1560 ut
3350 1523 3449 1577 pro
3493 1510 3562 1563 iis

1989 1590 2113 1628 cum
2149 1574 2387 1645 periculo
2409 1576 2709 1645 eomp_osita
2743 1574 2943 1641 ubique
2966 1573 3179 1629 alIcctet
3199 1614 3213 1639 ,
3244 1573 3408 1631 etiam
3436 1592 3559 1632 cum

1990 1646 2094 1697 alia
2120 1642 2179 1699 se
2205 1644 2523 1698 ollerebaut.
2554 1642 2684 1696 Tale
2716 1651 2800 1697 est
2827 1658 2946 1711 cap.
2985 1658 3021 1696 ιι
3054 1662 3066 1697 :

1918 1743 1960 1802 Β
1990 1727 2396 1802 [lpquyayég
2411 1726 2545 1778 τόδε
2574 1724 2767 1794 θαῦμα
2790 1728 3138 1794 φιλακρὴτῳ
3163 1728 3321 1797 παρὰ
3353 1728 3564 1796 παστῷ

2004 1798 2239 1865 Ἰησοῦς
2267 1796 2609 1850 ἐτέλεσσεν.

1991 1880 2144 1947 Quod
2178 1881 2318 1953 alius
2352 1879 2603 1953 dixisset,
2640 1877 2864 1953 Πρῶτον
2898 1879 2994 1948 μὲν
3030 1880 3145 1932 τόδε
3191 1877 3396 1953 Θαῦμα.
3430 1880 3565 1935 Nam

1990 1952 2351 2021 compositum
2386 1964 2493 2021 non
2519 1949 2714 2021 minus
2754 1949 3031 2021 veritatem
3056 1966 3246 2021 _quam
3299 1949 3565 2020 simplici-

1991 2017 2154 2074 tatem
2176 2020 2257 2093 rei
2277 2018 2493 2093 minuit.
2519 2017 2645 2093 Plus
2677 2025 2759 2071 est
2792 2018 2935 2093 enim
2966 2017 3182 2089 πρῶτον
3217 2035 3379 2093 quam
3408 2017 3567 2093 ἓτρῳο

1987 2089 2240 2157 τοφανὲς.
2277 2088 2349 2142 De
2378 2103 2505 2141 vero
2532 2088 2673 2157 enim
2724 2088 2903 2156 agitur
2932 2096 3083 2141 certo
3107 2103 3170 2141 ac
3195 2089 3429 2157 simplici
3461 2088 3567 2143 ini-

1991 2156 2194 2213 raCulo.
2225 2158 2355 2211 Tale
2395 2165 2480 2212 est
2526 2156 2913 2226 πολυσπερεῖς,
2952 2173 3049 2226 pro
3081 2156 3447 2224 πολλοίζρυω
3476 2160 3564 2212 in-

1991 2230 2191 2283 usitata
2232 2235 2395 2291 sunt,
2430 2236 2590 2296 atque
2641 2226 2717 2278 illi
2769 2229 2871 2279 hac
2902 2226 2967 2280 de
3001 2242 3167 2281 causa
3216 2230 3452 2297 placent.
3502 2230 3567 2282 Et

1990 2314 2204 2353 onmem
2228 2297 2340 2368 48
2364 2306 2587 2368 supcrat
2627 2297 3044 2359 absurditatem,
3075 2297 3221 2368 quod
3263 2298 3567 2368 incogitan-

1993 2376 2073 2423 ter
2112 2367 2295 2421 clavos
2329 2367 2421 2435 qui
2449 2382 2511 2438 ex
2563 2367 2707 2438 ferro
2741 2372 3091 2438 essenttnon
3137 2367 3425 2438 σιδηροῦςί,
3462 2368 3567 2424 hoc

1992 2448 2095 2502 est,
2126 2437 2345 2504 ferreos,
2381 2436 2475 2489 sed
2512 2435 2902 2505 σιδηροφόρους
2932 2436 3087 2489 dixit.

1996 2523 2222 2587 Ὀρθιος
2254 2514 2432 2582 οὗτος
2474 2518 2672 2570 ὄλοιτο
2710 2518 3124 2586 σιδηροφιξρων
3147 2518 3267 2572 ἀπὸ
3305 2521 3565 2589 γόμφων.

1994 2608 2159 2676 Quasi
2208 2623 2399 2661 navem
2442 2607 2687 2676 liqueant,
2724 2608 3021 2677 [igniferam
3068 2606 3258 2663 Latine
3299 2609 3469 2664 dicas.
3500 2610 3570 2665 Ut

1994 2681 2263 2741 oinittam,
2289 2692 2409 2731 esse
2440 2677 2847 2797 quaedam,quae
2860 2686 3130 2796 Perpetuo
3159 2688 3477 2744 occurrunt,
3511 2689 3569 2735 ut

1994 2748 2283 2797 ἀντίτυπον
2304 2783 2318 2797 .
2356 2747 2450 2797 ἀντ
2480 2762 2706 2797 κτυπον.
2745 2746 2854 2797 παλ
2878 2764 3115 2797 ννοστον.
3150 2747 3566 2797 παλινάγρετον-

1994 2748 2283 2801 ἀντίτυπον
2304 2783 2318 2808 ,
2344 2746 2706 2818 ᾲὰντίξετιέπον,
2745 2746 3115 2818 πᾳλζννοοτον,
3146 2747 3566 2818 παλινάγρετον,

1994 2817 2219 2886 ἀθηήτῳ
2259 2816 2367 2886 τινὶ
2401 2814 2637 2886 παγλμῴ,
2678 2813 3007 2886 γαμψώνρχι
3064 2814 3290 2886 παλμῷ(
3322 2813 3567 2881 Quorum

1996 2861 2286 2956 asina
2299 2861 2648 2956 assient;
2682 2861 3038 2956 ὒᾷἕὲῖυῆἰίζὲει
3064 2861 3570 2956 εὶίἷίξὲῗιύὴῖιᾶἒᾞὸὶ

1996 2952 2137 3009 terat
2170 2954 2374 3008 ellerri.
2408 2952 2539 3019 Quae
2576 2952 2906 3021 paucissima
2934 2954 3001 3008 de
3041 2955 3225 3009 multis
3265 2955 3442 3009 obiter
3470 2952 3568 3010 no-

1996 3034 2213 3078 tamus:
2242 3031 2300 3075 ut
2336 3024 2660 3077 sententiam
2700 3023 3041 3093 antiquitatis
3063 3062 3078 3086 ,
3110 3024 3164 3077 in
3194 3040 3357 3093 quam
3406 3027 3568 3081 toties

1919 3089 1964 3149 C
1999 3094 2259 3159 peccavit,
2298 3093 2653 3147 illustremus.
2702 3090 2765 3145 Et
2816 3089 2933 3149 haec
2980 3089 3292 3162 proprie'ad
3338 3093 3567 3148 formam

1990 3162 2238 3217 attributi
2276 3162 2521 3231 :quippe
2562 3168 2757 3216 caztera
2807 3177 2926 3230 qua;
2967 3174 3056 3216 aut
3090 3164 3269 3231 inepta
3300 3172 3448 3227 sunt,
3474 3173 3569 3218 aut

1991 3236 2155 3287 rebus
2180 3248 2370 3301 parum
2404 3239 2733 3300 congruunt.
2758 3240 2850 3284 aut
2874 3232 3068 3286 vitiose
3098 3233 3420 3295 eﬂ‘cruntur,
3453 3249 3570 3286 ma-

1992 3305 2136 3357 xima
2180 3318 2245 3357 ex
2288 3312 2439 3372 parte
2490 3301 2967 3372 iul'raisigillatim
3024 3302 3570 3372 annotamusaQuod

1993 3370 2310 3442 priusquam
2360 3372 2470 3435 ﬁat,
2503 3371 2748 3424 deﬁnitio
2788 3372 3190 3427 consideranda
3224 3370 3567 3442 erit.Quam,

1992 3440 2049 3495 ut
2071 3444 2270 3502 solent,
2299 3441 2519 3511 dignam
2547 3455 2606 3494 se
2630 3442 2970 3507 grammatici
3011 3443 3411 3511 excogitarunt.
3443 3440 3573 3509 Epi-

1993 3512 2168 3564 theton
2208 3511 2316 3562 sive
2350 3509 2686 3569 attributum,
2709 3526 2818 3563 esse
2860 3527 3041 3563 nomen
3069 3509 3277 3564 laudem
3315 3510 3571 3565 denotatis

1993 3591 2083 3633 aut
2128 3579 2439 3645 vituperium
2472 3595 2491 3632 :
2516 3579 2654 3647 quod
2688 3580 2938 3647 propriis.
2976 3582 3056 3632 vel
3109 3596 3224 3647 qua:
3253 3582 3572 3646 appellativa

1992 3652 2092 3719 ipsi
2129 3650 2333 3713 dicunt,
2369 3651 2637 3701 commode
2666 3651 2978 3715 apponitur;
3010 3650 3248 3717 quodque
3278 3666 3308 3700 a
3332 3664 3568 3716 corpore,

1994 3721 2058 3771 ab
2090 3721 2287 3782 animo,
2304 3730 2395 3770 aut
2424 3720 2490 3770 iis
2519 3735 2634 3785 qua:
2665 3728 2787 3770 sunt
2809 3730 2979 3777 extra,
2999 3720 3247 3771 sumitur.
3272 3720 3325 3770 lu
3350 3732 3455 3787 qua
3472 3719 3571 3772 de-

1996 3789 2260 3848 ﬁnitione,
2293 3797 2427 3855 quot
2450 3796 2577 3839 sunt
2600 3803 2734 3855 pene
2773 3789 2959 3848 verba,
2984 3796 3062 3839 tot
3102 3787 3419 3855 supinitatis
3441 3796 3572 3840 sunt

1994 3858 2193 3912 indicia
2225 3867 2320 3910 aut
2367 3858 2728 3925 negligentiae.
2761 3856 2945 3910 Primo
2989 3857 3159 3916 enim,
3192 3857 3316 3924 quis
3345 3857 3573 3911 divisio-

1995 3944 2116 3980 nem
2154 3928 2297 3980 illam
2331 3927 2499 3989 ferat,
2531 3925 2740 3979 laudem
2780 3926 3054 3994 designare
3090 3935 3183 3978 aut
3211 3927 3522 3991 vituperium
3547 3929 3573 3981 Ρ

1992 3995 2128 4050 Nam
2162 4011 2285 4065 qua:
2318 3998 2436 4049 laus
2463 4004 2557 4048 aut
2607 3996 2957 4062 vituperium,
2996 3995 3066 4059 si,
3110 3996 3346 4065 exempli
3378 4010 3572 4064 causa,

1994 4066 2193 4127 dicam,
2225 4066 2443 4119 herilem
2470 4081 2708 4134 gressum
2740 4067 2765 4119 ?

2172 4147 2519 4217 Gressumque
2551 4163 2704 4200 canes
2738 4146 3062 4200 comitantur
3091 4146 3329 4200 herilem.

1996 4228 2061 4283 Et
2083 4245 2206 4284 cum
2242 4230 2383 4284 idem
2416 4231 2669 4301 princeps
2722 4240 3025 4300 poetarum,
3060 4230 3127 4301 de
3158 4240 3353 4283 natura
3384 4230 3572 4301 singu-

1998 4302 2197 4362 lorum,
2228 4316 2440 4368 campos
2474 4300 2749 4369 liquentes,
2790 4316 2933 4353 mare
2962 4300 3265 4359 crrruleum,
3298 4308 3351 4355 et
3386 4300 3491 4353 alia
3518 4301 3574 4356 id

1996 4386 2187 4440 genus,
2225 4371 2361 4425 dixit
2399 4371 2421 4423 ’ἒ
2452 4373 2583 4434 Quae
2630 4371 2903 4440 profecto
2931 4386 3104 4440 neque
3139 4370 3351 4424 laudem
3397 4386 3574 4439 neque

1998 4438 2330 4509 vituperium
2361 4448 2551 4495 notare
2585 4438 2839 4510 possunt.
2876 4438 3342 4505 Quemadmodum
3369 4442 3421 4494 in
3454 4438 3577 4509 qui-

1997 4510 2099 4565 bus
2136 4512 2268 4581 nihil
2305 4518 2516 4581 notant,
2542 4511 2644 4564 nisi
2675 4512 2820 4581 quod
2847 4510 3135 4581 redundat,
3159 4518 3245 4581 ut,
3267 4510 3575 4581 creduntque

1996 4580 2265 4634 securibus
2297 4580 2516 4632 humida
2563 4578 2722 4645 vina';
2751 4588 2846 4633 aut
2888 4580 3078 4631 humor
3118 4578 3371 4647 liquidus.
3411 4578 3575 4647 atque

1996 4652 2099 4703 alia
2131 4651 2179 4703 id
2214 4666 2402 4714 genus.
2428 4649 2581 4715 Quod
2603 4651 2887 4704 Charisius
2918 4665 3042 4700 cum
3071 4647 3415 4715 intelligeret,
3450 4649 3577 4714 Epi-

1999 4722 2176 4773 tlieton
2204 4719 2315 4790 49
2330 4731 2429 4783 est,
2450 4721 2647 4790 inquit,
2673 4721 2855 4790 dictio.
2889 4719 3141 4790 vocabulo
3171 4717 3448 4790 adjuncta.
3480 4732 3573 4771 or-

1998 4791 2183 4852 nandi,
2200 4787 2292 4841 uiti
2307 4787 2608 4842 destruendi
2623 4799 2714 4841 aut
2723 4788 3005 4857 judicundi
3021 4803 3205 4840 causa.
3225 4787 3287 4839 Et
3310 4787 3571 4851 Donatus,

1996 4860 2327 4912 discretionis
2350 4899 2363 4919 ,
2394 4860 2732 4928 proprietatis
2757 4868 2847 4911 aut
2880 4867 3098 4911 ornatus
3126 4874 3310 4928 causa.

2068 4928 2265 4982 Mirum
2322 4926 2504 4982 autem
2546 4938 2649 4994 est,
2715 4928 2848 4998 quid
2888 4944 3011 4981 cum
3074 4927 3343 4981 divisione
3374 4941 3447 4998 ea
3505 4926 3577 4981 iis

1998 5000 2210 5053 venerit
2258 5000 2310 5052 in
2350 5011 2625 5053 mentem:
2667 4997 2790 5054 cum
2833 5013 2862 5051 a
2900 5012 3152 5067 corpore,
3199 5009 3291 5050 aut
3334 4997 3404 5067 ab
3451 4998 3575 5049 ani—

1999 5084 2110 5134 mo,
2165 5076 2259 5122 aut
2312 5070 2467 5130 foris,
2512 5071 2625 5124 sive
2669 5066 3037 5131 extrinsecus,
3079 5068 3325 5135 apposita
3362 5066 3574 5120 desumi

2000 5139 2208 5192 dicunt.
2260 5136 2417 5204 Quod
2451 5140 2736 5194 Charisius
2780 5147 2834 5193 et
2861 5140 3042 5192 caeteri
3093 5145 3419 5204 sequuntur.
3464 5135 3576 5190 Nec

2002 5207 2271 5273 Donatus,
2320 5211 2465 5278 quod
2501 5211 2721 5268 mirere.
2766 5208 2895 5261 hinc
2930 5208 3118 5278 ahivit.
3163 5205 3226 5278 Et
3273 5205 3375 5258 hoc
3414 5206 3576 5273 vulgo

1996 5278 2107 5345 jam
2165 5280 2233 5331 ab
2281 5276 2539 5332 oumibus
2591 5286 2887 5347 receptum.
2949 5276 3101 5341 Quod
3154 5276 3198 5329 si
3234 5290 3421 5327 verum
3468 5286 3575 5340 est,

2002 5348 2067 5417 ad
2117 5350 2344 5417 primam
2402 5365 2464 5401 ea
2500 5346 2731 5417 astringi
2780 5346 3144 5401 substantiam
3190 5360 3413 5417 necesse
3466 5357 3572 5417 est.

2003 5415 2135 5469 Nam
2190 5420 2243 5469 in
2280 5416 2507 5470 Socrate
2554 5415 2870 5485 spectantur
2906 5418 3032 5477 ista,
3084 5429 3190 5468 non
3240 5416 3571 5485 inhomine.

2002 5486 2171 5539 Nemo
2215 5488 2359 5539 enim
2412 5496 2507 5538 aut
2559 5484 2597 5538 a7
2624 5488 2817 5547 forma,
2875 5494 3040 5539 aut‘a
3097 5484 3417 5538 fortitudine
3456 5487 3577 5538 ani-

2005 5558 2098 5617 mi,
2160 5568 2253 5625 aut
2300 5557 2516 5625 opibus,
2558 5557 2921 5617 commendat,
2970 5556 3074 5610 nisi
3125 5556 3326 5609 talem:
3369 5553 3579 5609 llcrcu-

2005 5627 2130 5690 lem,
2175 5624 2443 5695 Ulyssem,
2489 5626 2721 5689 scilicet,
2768 5637 2861 5678 aut
2912 5626 3184 5679 Crassum.
3229 5624 3291 5678 Et
3331 5627 3410 5679 sic
3452 5640 3577 5679 ora-

2006 5703 2175 5762 tores,
2226 5696 2371 5755 hunc
2424 5705 2517 5761 aut
2562 5698 2739 5768 illum,
2790 5711 2821 5753 a
2869 5695 3129 5756 felicitate
3170 5696 3373 5769 triplici
3431 5706 3580 5773 comf
