3964 6202
394 435 526 490 1841

1412 437 1567 493 DAN.
1608 440 1650 494 ll
1663 440 1857 494 EINSII
1898 440 2405 496 EXEIiCl'l‘A'l‘IU-N
2417 439 2517 493 l'lS.

3512 443 3652 497 1042

394 533 644 605 accusari
701 540 793 587 aut
839 533 1095 605 convinci
1141 533 1309 597 solet,
1359 550 1481 588 cum
1531 536 1632 590 hoc
1680 536 1964 605 injustitize
1995 547 2038 600 Α
2067 535 2329 604 qtucritur
2366 552 2377 586 :
2412 533 2577 605 quod,
2605 533 2658 586 ni
2693 533 2870 605 fallor,
2903 532 3292 605 nccgllomerus
3319 550 3417 605 nee
3448 534 3644 589 Demo-

393 603 716 676 conveniat;
758 602 888 676 quid
924 602 1194 676 judicium
1247 607 1320 658 sit
1359 605 1595 673 denique
1621 646 1635 670 ,
1671 602 1765 660 aut
1802 607 1964 676 cujus

396 671 482 726 hic
507 672 774 738 judicium
806 673 1136 742 intelligatur
1167 691 1178 724 :
1205 671 1590 744 respondebit,

515 760 678 829 Ἀμφὶ
717 760 1108 829 δικαιοσύνης
1139 763 1236 817 καὶ
1270 765 1524 831 κρίσιος.

398 849 602 922 Etihoe
641 851 716 904 illi
747 860 860 904 toto
895 853 1006 905 fere
1040 852 1143 922 hoc
1176 868 1340 920 opere
1377 863 1717 922 perpetuum.

471 919 733 988 Denique,
763 930 818 972 ut
853 923 1026 990 pueri.
1063 921 1115 974 in
1143 919 1277 974 locis
1305 919 1453 977 cavis
1477 919 1571 976 aut
1601 923 1968 987 convallibus,

394 1002 520 1042 cum
552 991 790 1062 clamant
810 1032 826 1062 ,
862 1007 925 1045 ex
962 992 1288 1044 retractione
1330 996 1474 1047 aeris
1514 994 1794 1062 accipiunt
1824 993 1969 1061 quod

397 1062 500 1128 ipsi
531 1061 774 1132 dicunth
808 1061 880 1112 ita
917 1072 1100 1132 noster
1131 1062 1148 1130 (
1177 1071 1230 1113 et
1262 1062 1365 1114 hoc
1405 1061 1648 1131 quidam,
1686 1062 1830 1132 quod
1871 1065 1972 1115 mi-

397 1145 606 1186 ramur.
645 1129 802 1183 hodie
831 1129 1147 1198 religionem
1186 1141 1383 1184 vocant
1413 1129 1465 1198 )“,
1499 1149 1604 1184 non
1640 1129 1969 1199 interpreta-

397 1207 489 1271 tur
516 1199 702 1271 dubia,
742 1201 834 1254 sed
877 1208 1077 1253 servat.
1125 1200 1280 1265 Quod
1322 1217 1426 1255 non
1460 1212 1544 1256 est
1589 1202 1968 1271 μεταϐολέως,

397 1269 557 1336 cuius
607 1269 840 1337 primum
889 1285 1089 1322 tnunus
1116 1272 1339 1323 verbum
1392 1274 1558 1324 verbo
1593 1269 1968 1333 eommtttare,

395 1354 520 1390 eum
549 1337 866 1408 Βὶεταὸολήν
896 1339 1394 1408 interpretationem
1428 1342 1567 1394 hanc
1604 1349 1696 1393 aut
1731 1343 1843 1408 ipse
1879 1353 1972 1395 aut

396 1408 487 1460 alii
508 1408 927 1479 inscripserint.
945 1410 1075 1477 Cap.
1107 1424 1145 1469 ι,
1177 1425 1318 1462 com.
1352 1410 1437 1468 15,
1471 1419 1678 1465 veteres
1707 1412 1798 1479 qui
1828 1411 1970 1465 hunc

395 1477 742 1549 explicarunt
774 1480 950 1531 locum
972 1517 987 1540 ,
1023 1480 1088 1531 υἱ
1120 1480 1220 1530 οὐκ
1249 1479 1310 1543 ἐξ
1339 1481 1608 1549 αἱμάτων,
1648 1477 1752 1534 non
1791 1483 1966 1548 signi-

397 1548 670 1618 ﬁcationis
696 1557 928 1605 tantum.
952 1550 1046 1603 sed
1070 1559 1122 1603 et
1145 1551 1353 1602 numeri
1376 1548 1600 1618 pluralis
1626 1551 1970 1603 insolentiam

398 1617 604 1680 mirati,
631 1618 701 1670 τὰ
726 1620 1058 1686 καταμήνια,
1087 1620 1200 1672 sive
1225 1617 1561 1673 menstruum
1590 1621 1972 1674 intellexerunt

397 1688 740 1755 sanguinem.
776 1687 838 1739 Et
867 1691 950 1758 ita
983 1690 1157 1742 multi.
1200 1687 1416 1751 Noster,
1453 1691 1597 1758 quod
1631 1705 1738 1742 non
1770 1690 1972 1742 intelli-

396 1765 571 1828 geret,
603 1758 808 1810 omisit.
854 1755 1035 1815 Nihil.
1086 1759 1261 1826 inquit
1317 1755 1576 1828 Utpiaims
1617 1760 1708 1811 lib.
1768 1774 1841 1811 xu
1889 1761 1970 1812 Αιι

398 1825 679 1886 Edictum.
705 1828 948 1888 interest,
974 1836 1118 1897 neget
1146 1825 1260 1898 quis
1297 1846 1362 1880 an
1384 1825 1560 1882 luceat
1592 1829 1968 1897 interrogatus,

2073 603 2317 664 Sthenes,
2345 621 2444 656 nec
2475 604 2829 656 Aristarchus
2860 604 2976 672 ipse
3011 603 3298 672 intelligat.
3338 604 3398 656 Et
3439 613 3642 668 tamen,

2072 676 2206 726 nihil
2262 675 2340 726 vel
2382 673 2621 726 llehraris
2656 673 2738 724 vel
2789 673 3059 726 Chaldaeis
3112 673 3390 726 usitatius.
3440 673 3541 738 Qui
3585 675 3647 727 τὸ

2068 753 2256 823 prum,
2289 744 2389 822 hoc
2417 750 2520 804 cst,
2548 741 2764 823 ἀληθές,
2797 750 2849 793 et
2887 743 3279 823 plerumqneg‘t
3307 744 3511 822 szepius‘
3541 742 3647 796 lle-

2071 809 2230 867 bran's
2257 813 2336 864 sic
2363 809 2650 879 usurpant.
2688 809 2779 879 Sie
2807 826 3053 862 mensura
3081 827 3201 862 vera
3219 809 3644 879 'l‘hargninistis,

2070 899 2190 950 qute
2225 881 2463 935 llebrazis
2483 878 2654 948 j’usta.
2687 878 2868 944 Quare
2894 891 2950 930 ut
2980 881 3306 950 homonyma
3335 878 3642 939 confundit.

2073 947 2152 1006 sic
2188 947 2489 1022 synonyma
2535 967 2638 1022 non
2679 950 2960 1022 intellexit.
3011 947 3334 1022 Hellenistze
3361 951 3504 1003 enim
3529 952 3646 1022 alia

2073 1018 2422 1091 synonymaa
2449 1018 2650 1091 Grmeis
2679 1021 2909 1080 habent;
2942 1034 3065 1091 nam
3088 1018 3408 1091 emotosdvq
3437 1029 3490 1072 et
3517 1021 3644 1091 ἁλήο

2073 1087 2342 1154 Θεια,ὐι
2393 1090 2706 1142 deﬁnitione
2745 1100 2796 1140 et
2852 1104 2950 1140 usu
3006 1087 3316 1142 llellenistis
3360 1087 3484 1141 cum
3539 1087 3651 1142 sint

2071 1165 2284 1220 eadem,
2315 1159 2520 1212 Grazcis
2542 1168 2653 1210 toto
2679 1160 2818 1210 ctelo
2845 1157 3120 1220 diﬂ'erunt,
3153 1166 3208 1209 ut
3237 1161 3396 1226 vulgo
3425 1159 3644 1211 dicitur.

2072 1230 2536 1296 Quemadmodum
2579 1228 2832 1298 ἀλήθειαν
2871 1230 3040 1278 ποιεῖν
3085 1243 3206 1279 cum
3253 1229 3474 1298 dicunt,
3505 1227 3649 1298 quod

2073 1316 2173 1352 nec
2205 1299 2544 1361 Aristoteles,
2579 1313 2674 1350 nec
2708 1297 2858 1348 Plato
2890 1298 3230 1364 intelligeret.
3265 1297 3407 1350 «Nam
3446 1297 3650 1351 desito

2074 1369 2249 1423 Graeci
2285 1378 2529 1432 veteres,
2567 1368 2633 1419 de
2670 1368 2848 1419 alieno
2896 1366 3204 1420 llellenista:
3248 1378 3304 1419 ut
3353 1369 3646 1436 plurinnnn

2075 1442 2398 1508 loquuntur.
2438 1438 2491 1490 ld
2524 1439 2615 1506 qui
2654 1453 2759 1489 non
2798 1436 3082 1508 intelligit.
3118 1437 3314 1504 ubique
3345 1439 3594 1508 impingit
3632 1456 3644 1488 :

2073 1507 2218 1578 quod
2253 1509 2304 1562 in
2338 1517 2526 1561 nostro
2549 1516 2600 1560 et
2630 1508 2680 1559 in
2710 1507 2830 1560 aliis
2856 1507 2921 1558 a.l
2951 1507 3166 1578 taedium
3200 1507 3440 1574 quotidie
3463 1507 3649 1559 obser-

2075 1575 2286 1631 vamus.
2337 1578 2517 1643 Quare
2563 1579 2853 1629 ridiculum
2889 1586 2972 1630 est
3012 1575 3142 1628 illud
3186 1578 3328 1644 quod
3369 1577 3480 1646 jam
3525 1586 3650 1629 ante

2075 1649 2513 1708 adduccbamns,

2154 1739 2255 1801 Ὃς
2286 1735 2354 1788 δὲ
2382 1734 2764 1801 θεουδείῃσιν
2790 1734 3053 1802 ἐτήτυμα
3086 1735 3281 1789 πάντα
3317 1735 3646 1804 φυλάσσει.

2079 1831 2141 1883 Et
2183 1830 2426 1899 proferto
2473 1828 2660 1899 Graece
2701 1837 2908 1880 tantum
2950 1829 3178 1890 doetus,
3233 1844 3540 1899 nunquam,
3593 1838 3652 1880 ut

404 1913 472 1948 an
503 1892 1452 1978 obscure‘respo-iideal,.ut.incertum
1481 1901 1716 1978 dimittat
1747 1892 1972 1978 in'terro-
2006 1892 2046 1944 Β
2079 1892 2196 1978 tum
2227 1900 2580 1978 dicebamus,
2615 1897 2858 1950 divinare
2890 1899 3089 1978 poterit
3133 1898 3262 1978 quid
3294 1892 3441 1978 velit,
3479 1914 3652 1978 n_e_que

402 1976 657 2035 gatorem.
701 1966 766 2018 At
801 1966 1004 2020 Judwis
1051 1968 1182 2020 nihil
1234 1971 1528 2023 usitatius:
1571 1968 1664 2037 qui
1707 1985 1830 2022 cum
1869 1971 1973 2022 alia

401 2047 622 2104 peccata
646 2075 658 2095 ,
692 2044 803 2088 tum
841 2038 1108 2104 originem
1141 2039 1193 2090 in
1234 2039 1448 2094 homine
1483 2048 1820 2106 corruptam,
1862 2040 1976 2092 sive

399 2115 750 2172 peccatorum
787 2107 988 2159 fontem
1013 2147 1026 2166 .
1066 2107 1138 2159 ita
1163 2109 1352 2160 dicunt
1387 2126 1400 2160 :
1438 2124 1596 2173 quem
1631 2116 1682 2160 et
1710 2118 1826 2170 y‘in
1849 2117 1972 2170 τῖ’,

398 2176 792 2246 cogitationem,
827 2191 921 2230 seu
957 2176 1284 2245 ﬁgmentum,
1321 2179 1538 2241 malum,
1577 2179 1734 2246 vulgo
1765 2194 1974 2230 nuncn-

399 2254 550 2313 pant.
587 2245 642 2298 Si
678 2260 923 2312 quaeras,
973 2246 1104 2312 quid
1141 2249 1194 2300 in
1240 2248 1610 2315 disputatione
1649 2245 1739 2299 illa
1774 2248 1975 2302 obscu-

399 2315 617 2387 rissima
641 2329 793 2387 μιξιιι).Δ
832 2331 906 2387 vi,
971 2316 1096 2368 Ἐὰν
1139 2318 1213 2387 μὴ
1251 2317 1460 2385 φάγητε
1511 2317 1609 2387 τὴν
1644 2317 1830 2387 σάρκα
1882 2317 1974 2370 τοῦ

402 2383 533 2456 Υῖοῦ
572 2383 667 2436 τοῦ
706 2383 1026 2456 ἀνθρώπου,
1063 2383 1158 2438 καὶ
1198 2383 1357 2455 eam
1390 2383 1576 2439 αὐτοῦ’
1607 2386 1668 2438 τὸ
1698 2383 1868 2456 α’ἱμα,
1902 2390 1976 2440 sit

399 2455 561 2521 αἷμα,
593 2455 963 2524 respondebit,
1004 2457 1140 2518 sive,
1173 2459 1316 2524 quod
1352 2458 1438 2510 vix
1471 2457 1657 2519 credo,
1696 2455 1835 2524 ipSe,
1861 2459 1978 2518 sive

400 2524 873 2597 quisquisauctor
901 2533 1008 2588 est,
1033 2527 1133 2579 hoc
1163 2528 1340 2597 ipsum
1364 2526 1509 2596 quod
1534 2524 1821 2597 qucerebas
1840 2571 1854 2594 ,
1884 2529 1976 2582 sed

402 2594 588 2662 inepto
624 2593 781 2661 plane
807 2609 966 2648 versu
1005 2613 1016 2648 :

407 2684 472 2738 Et
505 2685 592 2754 μὴ
621 2685 818 2754 σάρκα
854 2684 1114 2755 φάγητε,
1151 2689 1345 2756 γλυκύ
1378 2705 1439 2740 τε
1473 2687 1571 2741 καὶ
1604 2683 1747 2756 αἷμα
1783 2689 1976 2755 πίητε.

407 2777 740 2849 Siquteras.
777 2777 908 2846 quid
949 2777 1022 2832 sit
1051 2782 1252 2849 φαγεῖν
1287 2788 1380 2830 aut
1405 2777 1660 2849 τρώγειν,
1704 2779 1980 2849 ineptissi-

406 2847 512 2900 mis
553 2847 776 2900 vocibus
824 2848 1197 2916 respondebit.
1239 2849 1377 2899 Nam
1423 2847 1672 2916 ἐρέπτειν
1708 2857 1802 2900 aut
1835 2847 1982 2899 εἰλα-

408 2916 766 2986 πιναζέμεναι
815 2917 1224 2985 interpretatur.
1264 2917 1506 2982 Quormn
1555 2919 1786 2970 alterum
1842 2918 1984 2970 fera-

406 3001 526 3038 rum
592 2996 684 3038 aut
743 2986 911 3056 218
981 2988 1260 3039 brutorum
1324 2998 1620 3056 cst,7quae
1682 3000 1832 3039 more
1880 3000 1981 3056 suo

408 3070 515 3126 non
559 3066 664 3107 tam
701 3055 996 3126 comedunt
1025 3072 1184 3126 quam
1215 3066 1425 3109 vorant.
1471 3055 1771 3126 Hesychius
1807 3074 1818 3126 ς
1856 3055 1982 3108 Ἐπὶ

405 3125 515 3176 τῶν
543 3125 856 3194 νεμομένων
881 3125 1226 3194 τετραπόδων
1248 3127 1504 3178 τάσσεται
1535 3128 1568 3193 ὴ
1584 3125 1764 3188 ίλέξις·
1800 3125 1868 3178 De
1892 3141 1981 3192 pe-

407 3194 662 3265 cudibus,
691 3211 808 3265 qua:
838 3205 1158 3262 pascuntur,
1199 3198 1394 3264 inquit,
1430 3205 1718 3263 usurpatur
1755 3195 1982 3248 vocabu-

409 3265 540 3318 lum.
569 3264 700 3318 Aliis
721 3307 732 3324 .
759 3265 999 3318 celeriter
1029 3281 1236 3324 rorare,
1267 3274 1316 3318 et
1336 3304 1350 3328 ,
1382 3277 1436 3318 ut
1466 3266 1590 3333 fera-
1615 3265 1804 3318 solent.
1830 3265 1988 3318 Εἰλα-

409 3334 674 3405 πινὰζειν
697 3343 877 3387 autem
919 3344 1003 3388 est
1044 3336 1364 3405 εὐωχεῖσθαι
1388 3376 1401 3391 .
1449 3335 1721 3404 indulgere
1752 3337 1900 3404 genio
1933 3336 1988 3388 in

406 3405 597 3472 epulis.
632 3403 874 3472 Utraque
921 3411 1100 3457 autem
1142 3403 1242 3459 vox
1284 3406 1500 3474 ἀχρεῖος
1530 3403 1840 3459 ιιι⁷ἱιιυιὶ1ἰε
1889 3408 1990 3458 hoc

411 3477 566 3536 loco,
605 3489 780 3541 neque
831 3474 1129 3542 quidquam
1171 3491 1294 3528 cum
1333 3477 1592 3544 mysterio
1636 3483 1745 3544 tam
1788 3489 1986 3542 magno

412 3545 515 3597 hoc
549 3554 601 3596 et
635 3545 793 3610 plane
826 3544 1082 3596 inetl‘abili
1117 3543 1406 3598 commune
1436 3545 1616 3597 habet.
1649 3543 1867 3597 Ludunt
1899 3560 1987 3596 au-

409 3624 516 3666 tem
554 3615 644 3681 qui
688 3613 933 3682 ridiculis
967 3621 1196 3666 utuntur
1229 3615 1474 3667 VOt'lDllS.
1519 3611 1577 3682 Si
1611 3629 1824 3682 qmeras
1858 3613 1988 3681 quid

408 3684 464 3734 in
501 3677 595 3735 illo
633 3684 703 3754 sit
726 3677 892 3754 αἷμα,
922 3683 1028 3734 Καὶ⁸
1068 3683 1228 3744 εὐθὺς
1264 3681 1486 3752 ἐξῆλθεν
1516 3677 1656 3754 αἷμα
1684 3686 1778 3736 καὶ⁸
1806 3677 1950 3754 ὕδωρ
1970 3700 1984 3713 ο

409 3752 763 3821 respondebit
788 3759 974 3806 noster
1007 3770 1019 3805 :

481 3841 687 3910 Πρῶτα
716 3840 832 3910 μὲν
868 3837 1008 3911 αἷμα
1041 3842 1212 3910 χύθη,
1243 3840 1560 3910 μετέπειτα
1593 3841 1661 3894 δὲ
1693 3843 1988 3896 θέσκελον

1645 3911 1845 3982 ὒδωρ.]

412 4008 549 4058 tium
581 4003 669 4057 hic
695 4003 754 4056 τὸ
776 4004 1012 4071 sanguis,
1047 4019 1152 4056 non
1181 4003 1363 4056 minus
1388 4020 1417 4056 a
1445 4003 1819 4069 superioribus
1839 4003 1987 4069 ejus-

415 4077 538 4128 dem
567 4075 718 4143 voeis
748 4074 1237 4143 signiﬁcationibus
1264 4089 1424 4141 quam
1454 4073 1678 4143 sanguis
1702 4073 1912 4143 dilIerat
1933 4080 1986 4125 et

414 4159 576 4209 aqua.
616 4141 768 4196 Unde
797 4141 928 4212 ergo
964 4143 1339 4197 deﬁnitionem
1377 4141 1588 4210 petam!
1623 4147 1726 4194 Aut
1758 4143 1804 4194 si
1849 4142 1983 4195 deli-

418 4216 554 4266 nitio
589 4229 694 4266 non
731 4212 926 4275 datur,
970 4212 1242 4280 quomodo
1275 4212 1492 4264 docebit
1533 4220 1624 4263 aut
1661 4213 1986 4279 interpreta-

417 4286 564 4335 liitnr
584 4283 866 4352 theologus
889 4299 1008 4352 quae
1033 4281 1273 4335 nondum
1305 4281 1530 4335 didicit?
1555 4282 1830 4352 Interdum
1856 4298 1984 4352 ergo

416 4354 606 4414 haeret,
633 4361 687 4406 et
719 4349 922 4406 omittit
962 4353 1139 4404 locum
1169 4366 1330 4420 quem
1363 4367 1472 4404 non
1501 4351 1665 4418 capit.
1706 4349 1980 4404 Interdum

419 4424 562 4476 idem
621 4422 753 4474 dicit
816 4423 962 4492 quod
1016 4422 1402 4492 interrogatur.
1455 4421 1762 4485 Interdum,
1813 4436 1980 4474 sensu

421 4496 580 4559 plane
619 4492 811 4553 invito,
836 4491 905 4545 fut
936 4493 1024 4561 qui
1057 4492 1166 4560 agit
1203 4491 1347 4543 aliud
1369 4532 1381 4555 ,
1413 4506 1710 4560 synonyma
1746 4492 1976 4558 conjun-

417 4569 498 4632 git
527 4580 539 4615 :
570 4578 691 4630 qtue
726 4578 833 4632 nec
863 4577 1078 4629 semper
1120 4561 1260 4632 idem
1307 4572 1452 4632 sunt,
1485 4576 1583 4613 nec
1623 4575 1836 4632 semper
1873 4561 1985 4612 do-
2019 4573 2061 4626 ι)

420 4629 676 4684 ιίυιιιξΕι
721 4631 990 4684 interdum
1043 4647 1165 4683 cntn
1217 4631 1325 4683 sint
1358 4629 1570 4692 (linrca,
1621 4630 1818 4696 lingua:
1875 4645 1984 4682 non

420 4705 754 4755 conveniunt
775 4710 868 4755 aut
897 4700 1166 4771 quadrent
1200 4715 1360 4768 quam
1387 4701 1792 4771 interpretatur.
1821 4698 1987 4771 Nemo

421 4772 568 4824 enim
602 4771 814 4840 quaerit.
849 4769 950 4835 an,
991 4772 1220 4838 exempli
1253 4785 1415 4822 causa
1437 4811 1450 4832 ,
1484 4769 1707 4840 ἀτρεκίη
1743 4769 1882 4823 idem
1917 4770 1989 4823 sit

424 4841 600 4910 poetis
622 4839 843 4895 ’ereis
876 4841 1167 4908 aliquando
1197 4841 1341 4908 quod
1378 4849 1462 4894 est
1489 4840 1523 4908 ἡ
1559 4839 1781 4909 ἀλήθεια
1821 4861 1830 4870 ·
1864 4854 1988 4892 nam

424 4913 529 4963 hoc
563 4927 722 4964 nemo
754 4914 962 4972 nesvit;
989 4911 1079 4963 sed
1107 4926 1173 4963 an
1209 4911 1538 4970 llellenistis,
1572 4913 1662 4976 qui
1698 4925 1805 4962 non
1841 4923 1992 4961 more

421 4978 634 5042 Graeco,
673 4982 764 5034 sed
802 4983 852 5033 in
885 4981 1105 5034 Oriente
1131 4982 1329 5034 usitato
1353 4978 1578 5032 vocibus
1612 4987 1858 5040 utuntttr,
1889 4978 1992 5032 ista

420 5049 932 5119 ςαυτοδυναμοῦντα
975 5051 1104 5104 sitit.
1140 5050 1210 5103 De
1250 5065 1358 5118 quo
1394 5050 1513 5111 ille,
1553 5060 1608 5099 ut
1639 5048 1858 5119 plurimi
1891 5047 1993 5119 hoc

422 5131 689 5187 tempore,
719 5117 825 5174 non
858 5120 1153 5188 cogitabat.
1193 5117 1354 5180 Tum,
1388 5136 1453 5170 an
1489 5119 1624 5171 locus
1657 5118 1906 5188 singulis,
1938 5117 1992 5169 in

421 5191 626 5258 quibus
652 5194 853 5260 mentio
872 5187 971 5260 τῆς
994 5188 1272 5260 Ϋᾲληθείας,
1298 5203 1629 5260 eainvocem
1654 5187 1880 5260 ἀτρεκίτι
1899 5203 1996 5260 cx-

425 5256 644 5320 iirimat.
688 5258 755 5312 Ut
786 5263 835 5312 in
873 5256 962 5312 illo
991 5256 1328 5318 llebraismo,
1375 5258 1437 5310 Ἠ
1471 5259 1629 5327 χάρις
1662 5256 1752 5310 καὶ
1789 5258 1821 5326 ἡ
1860 5256 1993 5325 ἀλή-

424 5334 545 5382 θεια
575 5329 664 5381 διὰ
703 5329 876 5398 Ἰησοῦ
907 5328 1165 5399 Χριστοῦ.
1209 5328 1307 5382 Ubi
1339 5329 1572 5381 innuane
1599 5339 1860 5396 quantmn
1891 5327 1995 5380 ista

424 5402 703 5453 ditl'erunt.
732 5399 796 5452 Et
821 5408 1002 5452 tamen
1032 5400 1187 5451 dixit:

488 5488 596 5540 Καὶ
631 5485 803 5555 χάρις
830 5487 897 5540 ἐκ
912 5487 1186 5554 Χριστοῑο
1207 5486 1299 5538 καὶ
1332 5487 1570 5553 ἀτρεκιή
1601 5484 1749 5539 πέλε
1771 5487 1994 5555 κόσμῳ.

425 5575 593 5645 219
634 5576 709 5629 Ita
759 5592 918 5629 nemo
957 5577 1206 5629 dubitare
1254 5586 1462 5645 potest,
1518 5578 1648 5645 quin
1701 5579 1876 5647 poetis
1931 5580 2001 5631 sit

426 5649 694 5716 ἐτήτυμον
725 5648 865 5715 quod
901 5647 1117 5716 ἀληῦές.

500 5715 792 5778 Cancrum,
819 5731 886 5768 an
918 5715 1153 5784 unquam
1183 5716 1230 5768 id
1257 5717 1325 5769 sit
1348 5715 1570 5775 Grzecis,
1604 5716 1747 5786 quod
1774 5717 2000 5786 ἀλήθεια

430 5788 484 5836 in
518 5800 582 5837 c0
615 5787 753 5846 loco,
799 5789 857 5837 ὐ
888 5786 943 5838 δὲ
977 5786 1142 5837 ποιῶν
1181 5786 1277 5854 τὴν
1317 5787 1600 5854 ἀλήθειαν,
1650 5791 1747 5838 hoc
1782 5798 1860 5838 est
1883 5829 1893 5847 ,
1931 5805 1998 5840 an

430 5856 698 5926 ἐτήτυμον
723 5858 792 5913 sit
825 5856 966 5911 idem
993 5859 1132 5927 qttoJ
1165 5856 1492 5927 δικαιοσύνη,
1519 5857 1568 5911 id
1598 5872 1723 5912 vero
1745 5866 1825 5911 cst
1853 5859 1997 5928 quod

2080 1969 2322 2023 Hebraeis
2351 1969 2593 2036 scripsit,
2622 1984 2854 2035 quorum
2890 1969 3124 2034 linguam
3173 1969 3461 2036 ignoravit.
3496 1967 3652 2020 Sicut

2079 2049 2260 2092 autem
2293 2040 2424 2092 nihil
2459 2039 2630 2104 magis
2662 2045 3016 2089 mercatorem
3046 2039 3200 2089 decet
3231 2053 3392 2105 quam
3421 2045 3476 2088 ut
3505 2040 3652 2090 aesti-

2079 2111 2372 2161 mationem
2420 2109 2679 2160 mercium
2709 2115 2761 2158 et
2794 2107 2964 2173 pretia
2997 2122 3364 2164 nummorum.
3399 2123 3465 2158 ne
3497 2107 3652 2160 deei-

2078 2180 2278 2244 piatur,
2325 2187 2471 2231 recte
2515 2175 2814 2244 intelligat,
2865 2175 2937 2227 ita
2985 2191 3176 2228 vocum
3226 2193 3288 2229 ac
3343 2178 3650 2243 linguarum

2082 2247 2427 2316 ἱσοδυναμίας
2463 2262 2644 2305 nosse,
2674 2261 2738 2297 ne
2758 2246 3000 2298 diversas
3029 2247 3277 2300 notiones
3309 2246 3531 2299 misceat
3557 2257 3654 2298 aut.

2079 2319 2302 2370 alteram
2351 2332 2448 2385 pro
2479 2318 2647 2369 alteta
2681 2323 2988 2383 supponat,
3026 2317 3303 2383 proprium
3343 2317 3652 2384 interpretis

2077 2395 2161 2440 est
2185 2403 2402 2440 munus.
2437 2386 2492 2439 In
2527 2401 2636 2455 quo
2662 2396 2845 2437 noster
2871 2385 3066 2436 tnirum
3097 2402 3258 2455 quam
3291 2387 3524 2436 fallatur.
3560 2388 3653 2455 Μὴ

2082 2454 2694 2523 σκανδαλισθῆτε,⁷οιιιι.
2751 2470 2880 2523 xvi,_
2915 2454 2965 2515 1,
3003 2455 3074 2505 ait
3128 2454 3408 2507 Dominus.
3459 2454 3652 2508 Noster

2081 2525 2375 2578 σκάνδαλον
2411 2519 2798 2593 interpretatur
2833 2519 3048 2593 οἶστρον
3072 2540 3084 2552 ο

2151 2618 2314 2686 220
2348 2617 2445 2684 Μὴ
2496 2615 2724 2684 θρασὺς
2766 2611 3008 2682 οἶστρος
3052 2613 3306 2686 ἄπιστος
3343 2617 3407 2680 ἐς
3447 2616 3654 2686 {mers-'4

2949 2701 3070 2752 pur
3099 2685 3285 2753 φρένα
3308 2687 3496 2754 βαίνῃ

2082 2777 2236 2842 Quod
2271 2776 2576 2838 mirabitur,
2616 2775 2707 2841 qui
2763 2790 2827 2825 ex
2872 2772 3239 2842 Hieronymo,
3290 2778 3368 2828 vel
3422 2777 3653 2830 aliorum

2081 2846 2526 2904 commentariis,
2571 2843 2700 2912 qttid
2743 2843 3061 2896 scandalum
3115 2844 3208 2902 sit.
3255 2844 3479 2906 didicit;
3528 2862 3652 2899 nam

2083 2916 2328 2984 apposita
2355 2930 2474 2983 qum
2499 2914 2568 2966 ibi
2597 2913 3236 2984 addit._etiam_fortasse,
3258 2914 3472 2980 longius
3501 2933 3529 2966 a
3556 2916 3653 2968 de-

2083 2982 2328 3038 ﬁnitione
2357 2982 2597 3038 Scanilali
2635 2982 2912 3035 recedunt.
2953 2982 3057 3035 Sed
3096 2983 3318 3036 timebat
3352 3000 3561 3047 \‘0Cctll,
3594 2999 3652 3035 ιιι.

2082 3064 2135 3108 et
2166 3055 2302 3108 alias
2330 3054 2639 3122 plerasque,
2677 3068 2800 3104 cum
2838 3053 3126 3106 nonnullas
3170 3047 3419 3121 piacstct,
3449 3071 3569 3122 qua:
3597 3053 3652 3105 in

2084 3139 2188 3177 usu
2234 3123 2548 3176 llellenistis
2589 3130 2753 3182 sttnt,
2801 3137 3037 3181 servare.
3071 3139 3231 3189 quam
3277 3122 3548 3176 diversam
3601 3133 3653 3176 et

2128 3209 2208 3248 ua:
2245 3193 2559 3247 delinitione
2591 3200 2701 3244 tota
2737 3190 2937 3249 dill'crt.
2966 3193 3222 3245 adbibere
3249 3211 3260 3244 :
3297 3194 3654 3259 quemadmo-

2012 3234 2055 3291 ε
2087 3211 2216 3317 llum
2249 3263 2539 3316 nonnullas
2575 3271 2791 3317 nrtcstat
2826 3277 2932 3314 non
2961 3270 3191 3317 mutare.
3225 3270 3281 3313 ut
3313 3262 3519 3317 Ila-tito.
3552 3262 3654 3314 Δό-

2131 3280 2216 3316 um
2249 3263 2539 3333 nonnullas
2575 3271 2791 3333 pra-stat
2826 3277 2932 3314 non
2961 3270 3191 3333 Imitare,
3225 3270 3281 3313 ut
3312 3262 3519 3333 Πατὴρ,
3552 3262 3655 3333 Δο-

2089 3350 2206 3401 γος,
2235 3332 2457 3402 Πνεῦμα
2495 3331 2669 3399 ἅγιον.
2709 3331 2890 3401 Igitur,
2920 3347 3050 3402 cum
3106 3331 3270 3385 Detttn
3309 3330 3518 3385 l’alrein
3553 3330 3657 3402 ali-

2089 3404 2304 3472 quoties
2332 3401 2534 3472 Τοκῆαο
2567 3403 2755 3468 Λόγον,
2789 3401 2929 3472 quod
2960 3403 3197 3470 ineptum
3230 3403 3386 3470 plane
3416 3413 3518 3462 est,
3554 3401 3656 3470 μῦ-

2089 3470 2207 3524 σον·
2239 3470 2464 3539 Πνεῦμα
2494 3471 2668 3538 ἅγιον,
2704 3470 2867 3536 ἁγνόν
2892 3483 3060 3530 vocat.
3096 3472 3368 3524 licentiun
3397 3473 3459 3534 ._in
3495 3475 3656 3525 rebus

2090 3542 2248 3594 seriis
2285 3556 2406 3609 qiue
2442 3542 2643 3592 nemini
2675 3540 3016 3600 conceditur,
3056 3549 3291 3593 exercet.
3333 3541 3517 3609 Neque
3556 3543 3657 3594 hoe

2089 3618 2298 3664 tantum
2331 3611 2382 3662 in
2407 3611 2708 3664 vocabulis.
2739 3609 2830 3662 sed
2857 3619 2909 3662 et
2932 3609 3188 3675 junctura
3211 3649 3225 3672 ,
3251 3610 3363 3661 sive
3393 3610 3658 3665 orationis

2089 3680 2315 3749 integra:
2357 3682 2665 3748 complexu.
2713 3677 2884 3749 Notus
2921 3680 3018 3749 ille,
3058 3680 3206 3749 locus
3247 3681 3425 3747 capite
3463 3680 3656 3748 primo,

2088 3744 2356 3803 commate
2394 3749 2451 3800 ll
2487 3744 2511 3800 ἐ
2560 3749 2652 3808 EE;
2689 3748 2756 3816 τὰ
2791 3748 2893 3799 ἴδιοι
2928 3744 3078 3816 ἦλθε·
3119 3746 3183 3798 1η
3229 3744 3653 3814 ρνόρνίαἰ-ωιίι.

2088 3818 2244 3885 Quod
2291 3819 2533 3871 nonnulli
2585 3818 2650 3869 ad
2702 3815 2960 3875 Judzros.’
2986 3817 3050 3867 ad
3100 3817 3411 3869 universum
3468 3820 3653 3870 orbein

2094 3889 2187 3941 alii
2218 3888 2346 3940 olim
2376 3887 2704 3943 referebant.
2751 3885 3186 3955 'l‘heophylactus
3228 3904 3240 3939 :
3277 3887 3414 3938 ’Ίδια
3461 3885 3517 3938 δὲ
3561 3887 3656 3940 aiio

2088 3957 2261 4027 τοῦ,ἢ
2303 3956 2396 4010 τὸν
2424 3957 2542 4010 ὅλον
2579 3957 2779 4027 κόσμον
2810 3963 3038 4027 νοήσεις,
3067 3955 3099 4024 ἢ
3135 3955 3232 4024 τὴν
3269 3957 3546 4027 Ἰονδαίαν,
3592 3957 3659 4027 ἢν

2089 4024 2386 4092 ἐξελέξατο,
2414 4027 2487 4090 ὡς
2508 4024 2793 4096 σχοίνισμα
2814 4024 3195 4095 κληρονομίας,
3222 4027 3314 4078 καὶ
3338 4026 3411 4086 ὡς
3442 4024 3660 4096 περιοὺο

2090 4097 2320 4167 σιασμὺν
2347 4097 2534 4148 αὑτοῦ.
2574 4095 2630 4148 Si
2664 4112 2726 4167 ex
2764 4106 2950 4148 nostro
2982 4111 3214 4167 quaeras.
3244 4097 3334 4167 qui
3368 4098 3476 4149 sint
3511 4095 3652 4160 ἴδιοι,

2086 4165 2233 4220 nihil
2270 4167 2472 4232 disces,
2511 4167 2637 4235 quia
2675 4166 2813 4218 idem
2851 4174 3053 4217 servat.
3091 4165 3145 4217 Si
3179 4165 3244 4220 de
3281 4166 3488 4235 integra
3528 4182 3656 4218 ora-

2087 4236 2232 4290 tione
2257 4276 2270 4295 .
2295 4245 2460 4289 totam
2489 4237 2861 4304 imprudenter
2885 4235 3191 4287 immutavit
3219 4253 3230 4288 :
3259 4239 3357 4289 hoc
3380 4244 3481 4298 est,
3509 4237 3657 4289 aliud

2085 4308 2307 4375 omnino
2341 4307 2498 4360 dixit.
2535 4307 2743 4375 Quippe
2767 4306 2911 4375 quod
2949 4305 3301 4374 evangelista,
3336 4307 3430 4369 Εἰς
3460 4306 3526 4358 τὰ
3555 4305 3659 4359 ἴδια

2081 4372 2232 4447 ἦλθε,
2263 4377 2350 4447 ille
2384 4395 2396 4429 :

2307 4444 2513 4515 Ἐγγὺς
2540 4445 2651 4513 ἓην
2683 4445 2848 4498 ἰδίων
2862 4485 2877 4510 ,

2086 4537 2287 4589 vicinus
2323 4546 2437 4588 erat
2467 4536 2597 4607 suis.
2629 4536 2793 4600 Quasi
2831 4536 3117 4600 Dominus,
3156 4539 3211 4589 ἐν
3250 4539 3314 4606 τῇ
3357 4539 3656 4607 οἰκονομίᾳ,

2089 4609 2199 4660 sive
2231 4605 2604 4673 assumptione
2639 4607 2843 4669 carnis,
2877 4607 2944 4658 de
2975 4623 3080 4675 qua
3116 4608 3185 4660 ibi
3212 4605 3412 4676 agitur,
3448 4605 3657 4659 tantum

2089 4677 2300 4729 vicinus
2333 4683 2478 4728 esset
2506 4676 2685 4728 nobis.
2723 4676 2876 4738 Quod
2908 4686 2990 4728 est
3019 4679 3145 4735 tale,
3183 4693 3246 4728 ac
3283 4678 3325 4728 si
3362 4678 3516 4740 illud,
3551 4677 3660 4729 Καὶ

2089 4746 2395 4814 ἐσκήνωσεν
2425 4745 2480 4795 ἐν
2524 4745 2688 4812 ἡμῖν,
2731 4745 2928 4815 aliquis
2962 4745 3267 4815 ἐσκήνωσεν
3298 4748 3462 4812 ἐγγὺς
3501 4746 3659 4815 ἡμῶν

2091 4815 2484 4884 interpretetur
2536 4833 2547 4864 :
2588 4823 2700 4874 aut,
2743 4814 3202 4884 cuuiApostolus
3247 4814 3528 4884 Spiritum
3567 4817 3656 4867 Dei

2092 4886 2318 4936 ἐνοικεῖν
2365 4884 2422 4935 ἐν
2465 4883 2612 4950 ἡμῖν,
2663 4885 2717 4935 in
2769 4882 2916 4935 nobis
2971 4884 3242 4944 habitare,
3278 4882 3447 4946 dixit,
3491 4885 3655 4952 ἐγγὺς

2093 4952 2248 5022 ἡμῶν
2290 4955 2548 5013 ἐνοικεῖν,
2603 4968 2700 5019 pro
2737 4969 2802 5006 eo
2845 4953 3016 5007 dicas.
3062 4955 3224 5006 Aliud
3260 4965 3341 5007 est
3397 4955 3558 5023 igitur
3596 4957 3658 5005 τὸ

2093 5023 2376 5092 ἁμειφΟέν,
2411 5026 2525 5077 sive
2557 5024 2701 5090 quod
2737 5025 3063 5092 evangelista
3095 5025 3266 5080 dixit.
3305 5026 3448 5076 aliud
3486 5026 3658 5076 inter-~

2094 5095 2326 5161 pretatio
2357 5109 2518 5161 quam
2577 5094 2751 5146 all'ert.
2800 5092 2954 5158 Quod
2991 5095 3190 5162 ubique
3229 5094 3339 5147 fere
3371 5093 3528 5160 221
3578 5094 3657 5144 vi-

2095 5160 2244 5216 deas.
2271 5162 2347 5214 Ita
2370 5160 2495 5232 quia
2526 5162 2586 5214 τὸ
2613 5163 2828 5216 ἀκούειν
2853 5173 2907 5215 et
2927 5164 2984 5216 τὸ
3007 5160 3164 5222 εἶναι,
3194 5165 3320 5216 alibi
3351 5179 3656 5230 promiscue

2097 5250 2126 5285 a
2151 5233 2354 5285 Graecis
2395 5233 2643 5300 usurpari
2683 5235 3046 5292 meminisset,
3084 5249 3179 5299 pro
3203 5250 3268 5283 eo
3297 5234 3439 5300 quod
3472 5234 3653 5300 sequi-

2098 5311 2204 5359 tur,
2239 5303 2391 5354 "030i.
2425 5303 2481 5354 δὲ
2517 5302 2704 5352 ἔλαϐον
2733 5303 2894 5352 αὑτὸν
2915 5340 2928 5358 .
2959 5300 3156 5353 ἔδωκεν
3200 5303 3380 5363 αὐτοῖς
3411 5303 3650 5366 ἐξουσίαν

2097 5372 2260 5422 τέκνα
2281 5371 2414 5422 (θεοῦ
2439 5371 2709 5438 γενέσθαι,
2739 5373 2872 5440 ipse,
2894 5372 3060 5423 τέκνα
3090 5371 3222 5422 Θεοῦ
3252 5373 3468 5425 ἀκούειν
3493 5373 3648 5425 dixit.

2097 5440 2251 5504 Quod
2290 5441 2586 5510 hypocritis
2621 5457 2743 5510 etmi
2789 5442 3250 5510 aliisiconnuune.
3304 5442 3461 5496 Aliud
3506 5443 3649 5495 cnitn

2097 5527 2240 5581 esse.
2273 5508 2416 5562 aliud
2465 5508 2650 5581 audire
2679 5508 2868 5562 Filium
2915 5509 3030 5572 Dei,
3076 5508 3197 5563 cum
3246 5512 3540 5581 praesertim
3581 5514 3649 5563 ad

2097 5580 2428 5648 ipsissiniam
2483 5580 2821 5641 electionem,
2869 5582 2982 5634 sive
3013 5581 3111 5650 τὴν
3147 5580 3432 5643 υἱοθεσίαν,
3486 5596 3648 5650 quam

2101 5650 2482 5720 ἐντελεστάτην
2523 5651 2732 5720 dicunt,
2772 5651 2946 5703 locum
2977 5652 3123 5703 illum
3153 5653 3389 5720 referant
3415 5654 3644 5720 antiqui.

2103 5720 2245 5773 Sane
2275 5721 2416 5771 aliud
2438 5717 2531 5773 est
2560 5719 2620 5772 τὸ
2657 5720 2850 5780 δοκεῖν,
2882 5721 3024 5774 aliud
3054 5721 3114 5772 τὸ
3138 5717 3294 5776 εἶναι.

2175 5788 2298 5841 Sive
2329 5805 2456 5858 ergo
2489 5790 2625 5842 idem
2658 5793 2808 5852 dicit,
2836 5791 2966 5843 nihil
2997 5791 3157 5851 dicit;
3191 5794 3301 5844 sive
3333 5803 3516 5858 vocent
3551 5791 3644 5834 aut.

2103 5857 2414 5916 orationem
2434 5861 2650 5919 adhibet
2677 5880 2794 5935 qua:
2821 5862 2965 5916 aliud
2996 5861 3262 5931 designat,
3298 5861 3429 5915 nihil
3460 5857 3638 5910 docet.
