3964 6202
547 359 686 415 1055

1464 351 1554 404 AI)
1589 349 1796 406 NONNI
1835 346 2322 402 MICTAPIIRASIN
2357 345 2424 400 IN
2453 343 2763 403 JOANNEM
3667 347 3772 401 I315.

542 469 684 538 apud
731 467 932 521 Lethen
987 474 1258 538 mortuum
1303 465 1548 538 elapsum
1602 470 1701 521 sibi
1739 469 1942 524 frustra
1969 468 2112 538 apud
2147 474 2188 528 Α
2223 465 2375 538 Quod
2403 481 2494 538 nec
2532 463 2871 538 Μειρολιιειιε,
2901 461 3036 538 quod
3075 477 3165 538 nec
3192 460 3562 538 Rolyhymnia
3613 467 3775 529 possit.

541 535 746 591 inferos
773 537 1194 608 investigaverit,
1240 535 1428 590 lectori
1474 538 1729 592 ostendit.
1761 539 1934 608 Cujus
1996 535 2112 608 ma-

540 623 702 677 gnam
757 619 963 677 partem
1019 606 1257 677 ebibisse
1293 615 1526 677 oportet,
1556 609 1648 676 qui
1679 606 1877 663 oblitus
1908 610 1978 663 sit
2012 607 2114 660 hoc

539 675 711 730 intum
745 675 889 746 quod
920 675 1294 748 proﬁtebatur,
1341 675 1584 748 hocest,
1609 685 1662 748 et
1705 678 2112 748 interpretatio-

539 762 686 809 nem,
717 745 776 800 et
798 747 1145 813 interpretem
1178 747 1344 806 illius,
1367 745 1458 814 qui
1489 761 1587 798 nec
1609 745 1966 811 Lethen,'nec
1987 745 2114 798 Plu-

541 826 744 873 tonetn,
782 813 943 885 247
973 830 1154 886 neque
1186 816 1333 886 ullas
1369 813 1706 886 paganorum
1740 817 1860 884 ejus
1898 815 2113 886 generis

540 886 770 953 ineptias
804 883 1084 937 adsordes
1109 883 1404 937 didicisset.
1433 884 1586 949 Quod
1617 887 1661 940 si
1695 883 2021 940 Prudentius
2060 894 2114 938 et

539 956 627 1006 alii
657 965 935 1022 tantopere
956 955 1384 1009 abhorruerunt.
1411 955 1540 1022 quid
1567 956 1914 1024 interpretem
1945 970 2113 1022 opor-

540 1033 608 1076 tet
635 1026 657 1076 ?
682 1025 907 1092 Oportet.
938 1037 1162 1094 autem,
1200 1025 1389 1094 dicunt
1427 1025 1624 1088 critici,
1671 1025 1763 1076 τοῦ
1792 1027 2114 1094 γεννήτορος

536 1094 645 1145 τῶν
677 1095 847 1160 λόγων
896 1093 998 1164 οὐκ
1033 1093 1292 1164 ἀλλότρια
1343 1093 1432 1164 τὸν
1467 1096 1949 1164 μεταφρασάμενον
1982 1093 2113 1163 φρο-

537 1167 669 1224 νεῖν,
708 1180 809 1214 non
851 1162 959 1214 alia
987 1161 1051 1214 ab
1075 1179 1133 1214 eo
1167 1161 1317 1230 quem
1359 1161 1752 1230 interpretaiur,
1782 1161 1972 1216 sentire
1994 1161 2112 1216 cum

537 1180 669 1224 vEtv,
708 1180 809 1214 non
851 1179 959 1214 alia
987 1179 1051 1214 ao
1075 1179 1133 1214 eo
1167 1179 1317 1230 quem
1359 1179 1493 1214 inter
1533 1179 1752 1224 rotatur,
1782 1179 1972 1216 sentire
1994 1179 2110 1216 cum

536 1236 626 1300 qui
650 1235 944 1301 interpretis
994 1237 1218 1297 suscepit
1261 1241 1456 1300 partes.
1491 1179 1581 1286 git:
1614 1235 1678 1286 ad
1713 1236 1802 1285 illa
1835 1235 1902 1286 de
1945 1231 2110 1284 Maria

538 1304 876 1372 Magdalena,
932 1302 1026 1352 καὶ
1072 1302 1260 1371 βλέπει.
1318 1301 1408 1352 τὸν
1447 1301 1592 1354 λίθον
1637 1304 1874 1373 ἠρμένον
1921 1304 1986 1373 εκ
2016 1301 2110 1353 τοῦ

539 1373 830 1442 μνημείου,
867 1387 1056 1442 novem
1089 1373 1333 1442 versibus
1366 1380 1457 1442 aut
1493 1372 2113 1441 decem,imprudenter

538 1440 828 1493 admodum
863 1441 1092 1494 lascivit.
1133 1440 1198 1492 Et
1230 1456 1353 1493 cum
1383 1441 1522 1493 idem
1553 1441 1720 1507 dicat,
1759 1440 1898 1496 idem
1931 1449 2111 1494 tamen

537 1513 732 1564 iterum
798 1510 1028 1578 reponit.
1083 1509 1250 1572 Idem,
1308 1510 1398 1578 qui
1433 1511 1488 1564 in
1528 1512 1652 1566 aliis
1699 1522 1809 1564 tam
1842 1512 2009 1564 multa
2045 1526 2113 1564 ne

539 1580 1224 1648 interpretaturHquidem.
1264 1578 1394 1634 Tale
1451 1592 1533 1636 est
1571 1582 1810 1640 initium,
1859 1590 1918 1633 nt
1947 1594 2112 1648 supra

536 1649 896 1720 ostendimus.
941 1647 1041 1703 Ubi
1085 1651 1434 1704 brevissiuias
1458 1665 1520 1704 ac
1545 1651 1984 1720 simplicissitnas
2018 1647 2112 1718 pe-

536 1719 762 1788 riodos,
809 1727 902 1771 aut
965 1720 1258 1785 axiomata,
1309 1719 1778 1788 sesquipedalibus
1823 1719 2107 1788 appositis,

536 1787 740 1840 inﬂavit
773 1799 934 1856 atque
977 1788 1240 1850 extendit,
1277 1798 1334 1840 ιιι
1376 1787 1648 1842 interdum
1699 1787 1872 1843 unam
1893 1787 2111 1857 quoque

537 1859 776 1926 aliquam
843 1858 1069 1911 ridicule
1132 1858 1443 1927 ampliﬁcet.
1498 1857 1689 1922 Qualia
1749 1859 1946 1927 ubique
1995 1866 2110 1911 toto

537 1942 701 1995 Opere
724 1942 829 1979 non
860 1943 1055 1996 pauca,
1075 1930 1238 1982 etiam
1271 1930 1323 1980 in
1351 1928 1666 1982 admiranda
1695 1929 1782 1982 illa
1809 1944 1931 1982 eum
1955 1927 2112 1980 Nico-

535 1997 694 2050 demo
735 1996 1126 2064 disputatione,
1169 1998 1430 2052 invenies.
1456 1996 1556 2051 Ubi
1576 2014 1757 2052 rermn
1793 1998 2106 2052 sublimita-

535 2075 666 2128 tetn,
705 2066 959 2136 ληκύθοις
1007 2076 1057 2119 et
1097 2069 1442 2136 praeposteris
1475 2068 1990 2136 amplilicatiouibus
2030 2068 2112 2120 in-

534 2137 716 2206 fregit.
755 2136 922 2189 Multa
949 2152 1188 2206 quoque,
1228 2145 1284 2190 ut
1307 2138 1418 2205 jam
1451 2146 1580 2190 ante
1609 2138 1947 2197 dicebamus,
1982 2152 2115 2205 prte-

534 2207 792 2276 termisit,
827 2208 1078 2259 instituto
1110 2209 1162 2260 in
1199 2216 1308 2260 tam
1357 2216 1550 2276 sancto
1580 2223 1746 2276 opere
1790 2222 1898 2261 non
1947 2208 2109 2260 bono.

533 2275 776 2346 ῌιιιιιηιιι
811 2286 955 2346 recte
981 2277 1040 2328 ll.
1087 2277 1470 2346 Hieronymus,
1498 2274 1689 2330 Melius
1720 2288 1794 2330 est
1832 2278 1886 2329 in
1919 2276 2112 2329 divinis

533 2345 750 2399 Litteris
781 2345 1069 2414 transferre
1084 2350 1221 2415 quod
1243 2345 1440 2398 dictum
1457 2356 1554 2410 est,
1581 2347 1699 2400 licet
1723 2363 1824 2399 non
1847 2347 2114 2415 intelligas

532 2431 696 2483 quare
721 2416 921 2468 dictant
951 2417 1043 2476 sit,
1082 2433 1239 2482 quam
1271 2416 1480 2483 auferre
1520 2421 1658 2484 quod
1700 2417 1926 2470 nescias.
1978 2415 2113 2469 Illud

533 2493 712 2536 autem
742 2485 824 2537 vel
851 2501 915 2537 ex
949 2485 1014 2553 iis
1047 2486 1285 2552 plalttttti,
1335 2500 1455 2552 quae
1491 2487 1560 2537 ab
1594 2487 1716 2538 aliis
1761 2487 1964 2537 inserta
1994 2487 2114 2553 ejus

532 2555 709 2621 operi.
743 2561 836 2604 aut
866 2551 1068 2604 addita.
1109 2553 1180 2606 Ile
1207 2551 1406 2620 quibus
1439 2556 1614 2621 capite
1632 2556 1906 2622 sequenti.
1945 2551 2101 2607 Utiin

533 2622 722 2692 eodem
749 2638 932 2692 opere.
961 2622 1022 2692 ab
1050 2623 1507 2692 μεταφραστικὸν,
1550 2623 1612 2674 τὸ
1640 2625 2113 2692 παραφραστικὸν,

534 2701 586 2742 et
615 2691 676 2742 τὸ
712 2690 1108 2763 παρεκϐολικόν
1141 2690 1559 2763 interpretandi
1609 2690 1982 2746 confundatur
2024 2709 2120 2763 ge-

535 2775 638 2833 nus
665 2777 677 2810 :
704 2761 837 2813 nihil
867 2769 1046 2833 autem
1080 2762 1260 2814 minus
1291 2778 1454 2829 quam
1485 2762 1544 2813 τὸ
1572 2762 1949 2832 μεταόολικόν,
1971 2761 2116 2833 quod

535 2830 726 2885 titulus
755 2831 1099 2900 promiserat,
1125 2845 1414 2900 agnoscas.

1017 2938 1182 3010 248
1223 2939 1450 2994 CAPUT
1507 2940 1622 2996 XII.

545 3026 728 3106 Nonni
763 3044 940 3082 versus
979 3032 1067 3106 qui
1097 3030 1466 3106 desiderantur
1490 3047 1669 3106 utrum
1697 3034 1901 3106 amissi.
1936 3036 2118 3106 ’ᾼκρι-

607 3100 697 3152 σία
726 3115 926 3161 eorum,
969 3101 1058 3168 qui
1105 3101 1356 3169 quoslibet
1396 3104 1697 3168 supplerunt
1745 3105 1905 3157 locos.
1939 3100 2115 3158 Multa

2292 534 2404 586 Nec
2423 536 2515 601 pia
2535 530 2653 586 cum
2681 532 2874 586 Phwa
2904 530 3075 584 dicere
3103 530 3368 599 Calliope.

2215 633 2276 677 ut
2307 624 2396 676 ille
2427 624 2524 676 ait.
2552 620 2733 702 Quare
2763 635 2986 702 aequum
3006 627 3088 702 est
3110 626 3165 702 tit
3193 619 3643 702 ill‘i‘igrtosc'atpr:
3670 621 3782 702 ’ξιξ

2214 701 2299 747 est
2334 708 2455 760 cap.
2499 707 2597 752 xu,
2627 691 2690 744 21
2724 709 2736 744 :
2774 688 2852 760 τῷ
2891 688 3307 760 ἁπρᾼΒηοᾲσαῑδᾷ
3331 688 3435 758 ἑῆς
3475 691 3780 755 Γαλιλαίας.

2216 761 2344 814 Tale
2376 757 2458 814 est
2507 761 2686 830 capite
2727 757 2940 830 eodem,
2975 757 3045 811 42
3079 777 3089 810 :
3127 758 3211 809 ἵνα.
3249 759 3328 830 ,μὴ
3371 757 3784 828 ἁποσυνάγωγςι

2215 833 2500 899 γένωνται.
2517 828 2673 894 Quod
2693 844 2816 882 cum
2842 828 2977 882 alias
2997 837 3226 899 conatus
3246 829 3601 896 interpretari
3627 843 3784 889 esset.

2216 897 2452 970 pessime
2505 899 2810 970 suceilssit;
2861 912 2959 967 pro
3006 897 3284 970 Synagoga
3321 901 3472 970 enim
3530 903 3783 968 templum

2215 965 2418 1038 posuit,
2450 969 2612 1038 quod
2643 965 2812 1021 Judaei
2843 965 2950 1020 non
2999 965 3299 1038 admittent.
3349 965 3425 1038 Ita
3467 965 3666 1038 capite
3697 987 3782 1030 vn,

2211 1033 2301 1099 39,
2350 1040 2438 1091 illa
2469 1033 2536 1092 ile
2582 1036 2788 1106 Spiritu
2834 1044 3025 1090 sancto
3058 1056 3070 1090 :
3107 1034 3270 1087 Οὔπω
3308 1035 3413 1106 γὰρ
3463 1033 3784 1106 ἦνἰῐνεῦμα

2215 1108 2390 1176 ἅγιον.
2425 1109 2528 1161 Pro
2574 1105 2772 1176 quibus
2808 1107 2966 1176 plane
3004 1107 3109 1158 alia
3151 1105 3458 1173 supposuit.
3499 1106 3568 1176 Et
3601 1105 3782 1160 iterum

2214 1175 2334 1247 cap.
2350 1193 2459 1242 xw,
2500 1175 2612 1247 26f:
2647 1177 2719 1247 To
2763 1175 2984 1245 Πνεῦμα
3007 1176 3076 1247 3b
3116 1176 3335 1247 ἅγιον-ὂ
3364 1175 3580 1243 πέμψει
3612 1179 3644 1229 ὀ
3685 1179 3782 1229 Πι-

2212 1243 2316 1318 τὴρ
2361 1249 2418 1301 ὲν
2466 1245 2543 1316 τῷ
2575 1245 2799 1314 ὀνόματι
2835 1243 2965 1318 pou.
3003 1243 3094 1297 Est
3139 1252 3192 1297 et
3235 1245 3322 1298 ubi
3363 1247 3623 1318 quzedam
3677 1265 3782 1315 qua:

2212 1317 2552 1371 existimaret
2591 1317 2960 1384 praecessisse,
2996 1323 3088 1366 aut
3125 1329 3385 1384 expressa
3436 1317 3600 1375 satis,
3659 1332 3781 1382 pra-

2213 1387 2469 1440 termisit.
2508 1383 2604 1437 Sicf
2625 1393 2748 1453 post
2795 1385 2924 1437 illud
2957 1398 3076 1452 cap.
3121 1399 3199 1447 Ill,
3229 1383 3290 1438 3i
3321 1403 3334 1437 :
3375 1386 3430 1436 Ὀ
3461 1387 3532 1436 ἐκ
3577 1387 3676 1436 τοῦ
3707 1389 3783 1437 οὑ-

2215 1456 2380 1526 ρανοῦ
2434 1454 2747 1525 ἐρχόμενος,
2799 1454 3280 1526 (ιιιοιῙΑδρΑιιιιίιυΓ,
3326 1455 3518 1507 ἐπάνω
3575 1458 3779 1508 πάντων

2216 1523 2384 1588 ἐστίν,
2420 1523 2530 1578 non
2556 1523 2846 1594 expressit,
2882 1523 3010 1594 quia
3045 1523 3098 1577 id
3139 1524 3283 1592 quod
3321 1526 3626 1592 posuisSet,
3662 1529 3778 1580 alte-

2217 1611 2334 1648 rum
2361 1591 2649 1662 complecti
2675 1591 2926 1662 credidit.
2964 1591 3037 1644 Ita
3069 1591 3188 1660 cap.
3218 1608 3293 1656 tv,
3321 1591 3466 1646 com.
3497 1595 3548 1658 Ἰ,
3581 1597 3640 1647 in
3667 1597 3778 1660 illis,

2218 1659 2651 1735 Ἔρχεται“γυνὴ
2692 1659 2755 1716 sic
2803 1663 2908 1735 τῆς
2949 1659 3278 1735 Σαμαρείᾳς,
3324 1663 3592 1735 ἀντλῆσαι
3629 1659 3778 1734 ὕδωρ,

2215 1733 2487 1804 postrema
2523 1733 2957 1801 non’expressit,
3000 1748 3124 1786 cum
3161 1733 3213 1785 id
3253 1734 3387 1788 satis
3420 1735 3656 1804 intelligi
3696 1733 3784 1804 pu-

2141 1822 2182 1876 ῃ
2213 1813 2372 1870 taret,
2391 1804 2534 1873 quod
2567 1804 2832 1856 dixisset:

2215 1899 2401 1950 Ἔνθα
2434 1893 2587 1964 γυνὴ
2635 1892 3001 1962 Σαμαρεῖτις,
3042 1891 3396 1964 ἀειρομένην
3423 1893 3528 1946 διὰ
3561 1874 3784 1948 mitam:

2225 1962 2693 2020 ἰΙθάδάκάλπιν
2735 1965 2986 2031 ἔχουσα,
3025 1962 3230 2030 μετήῐε
3268 1965 3511 2032 γείτονα
3551 1966 3780 2033 πηγήν·

2215 2065 2274 2110 ιιι
2302 2065 2356 2110 et
2387 2056 2490 2108 alia
2527 2054 2788 2108 nonnulla
2823 2054 2943 2121 ejus
2971 2054 3208 2122 generis.
3239 2053 3357 2106 Alia
3390 2069 3490 2122 per
3522 2057 3780 2124 negligen-

2216 2130 2345 2180 tiam
2375 2125 2558 2178 omisit
2595 2143 2608 2178 :
2643 2131 2696 2177 et
2731 2124 2812 2176 vel
2847 2127 3125 2190 pauciora,
3160 2131 3217 2175 ut
3246 2138 3369 2176 cum
3405 2127 3638 2177 verbum
3668 2128 3780 2178 alibi

2216 2204 2310 2250 aut
2345 2197 2576 2248 alterum
2619 2194 2854 2262 neglexit
2886 2213 2899 2246 :
2932 2207 3051 2261 quae
3089 2207 3119 2244 a
3158 2191 3362 2246 Nansio
3407 2202 3597 2246 notata
3634 2207 3780 2256 sunt;

2216 2266 2301 2320 vel
2329 2266 2506 2334 plura,
2541 2273 2600 2316 ut
2629 2279 2750 2317 cum
2785 2264 2964 2332 capite
2996 2271 3214 2334 quarto,
3247 2279 3458 2334 comma
3497 2280 3670 2332 prope
3709 2268 3780 2318 iu-

2217 2333 2426 2404 tegrutn
2459 2334 2780 2404 vicesimum
2809 2341 2864 2386 et
2905 2333 3194 2400 septimum
3221 2349 3234 2404 ',
3267 2341 3320 2384 et
3354 2333 3554 2404 eodem
3596 2336 3778 2401 capite,

2216 2403 2689 2475 quadragesimum
2706 2403 2937 2470 primum
2953 2416 3016 2454 ac
3031 2403 3358 2466 secundum;
3379 2403 3568 2470 capite
3583 2408 3779 2472 quinto,

2218 2473 2427 2544 partem
2460 2473 2706 2544 secundi,
2732 2487 2854 2524 cum
2887 2475 3049 2524 tertio
3071 2486 3135 2524 ac
3166 2481 3320 2539 parte
3347 2475 3574 2540 quarti;
3604 2484 3780 2526 octavo

2217 2543 2450 2612 denique
2500 2543 2836 2596 tricesimum
2879 2549 3130 2594 octavum
3170 2557 3276 2594 non
3325 2545 3624 2610 expressit.
3668 2546 3783 2608 Qut

2217 2629 2312 2683 per
2344 2629 2403 2667 se
2435 2613 2641 2666 notabit
2672 2613 2850 2680 quivis
2869 2629 2901 2683 ;_
2921 2619 2971 2664 et
3020 2612 3271 2683 privatim
3304 2612 3525 2679 singula
3565 2613 3725 2682 250
3757 2630 3780 2666 a

2218 2679 2377 2736 nobis
2417 2679 2853 2734 annotata’sunt.
2886 2679 3130 2734 Lecmris
3173 2691 3353 2734 autem
3385 2683 3504 2735 otio
3539 2679 3781 2737 aut'dili-

2220 2754 2400 2822 gentia
2435 2752 2604 2815 abuti,
2652 2751 2787 2803 nihil
2836 2751 3010 2822 habeo
3058 2765 3300 2822 necesse.
3347 2749 3574 2804 Partem
3602 2757 3782 2822 capitis

2219 2819 2398 2876 octavi
2427 2837 2594 2891 quare
2619 2820 3046 2891 praetermiserit,
3065 2819 3177 2886 jam
3201 2822 3291 2873 alii
3321 2831 3613 2875 notarunt.
3642 2819 3779 2888 Quod

2221 2889 2501 2956 nimirum,
2530 2889 2755 2962 quidam
2778 2904 2843 2962 ex
2881 2891 3202 2962 antiquitate
3239 2891 3438 2959 partim
3485 2893 3639 2956 libri,
3676 2909 3781 2962 par-

2221 2963 2318 3014 tim
2352 2958 2676 3032 interpretes
2707 2958 2970 3032 plerique,
3005 2959 3058 3012 id
3091 2974 3195 3032 non
3228 2958 3597 3032 agnoscerent
3630 2982 3642 3015 :
3676 2958 3781 3032 qua

2223 3045 2351 3100 pars
2381 3033 2434 3085 in
2460 3027 2842 3108 antiquissimo
2871 3041 3105 3098 quatuor
3134 3027 3559 3107 Izlvaiigeliorum
3591 3027 3783 3108 codice.

2223 3117 2383 3170 quem
2413 3115 2532 3163 nos,
2565 3111 2620 3153 ut
2648 3103 2828 3170 omnia
2859 3110 3072 3170 nostra,
3102 3103 3216 3152 viro
3248 3115 3469 3152 summo
3495 3111 3555 3154 et
3590 3103 3786 3156 incom-

603 3185 720 3241 qua'
763 3186 863 3221 non
893 3166 1223 3241 caperet,'iub
1245 3187 1304 3223 eo
1338 3166 1718 3241 prwterntissa.
1766 3172 1832 3225 Id
1861 3177 2113 3241 exemplis

2219 3166 2478 3239 parabilis
2530 3169 2805 3223 memoria:
2849 3166 2988 3241 Iano
3040 3167 3558 3241 Rutgersio,lratri
3614 3176 3790 3236 unico,

606 3240 806 3312 aliquot
829 3240 1256 3312 probatuiit."07t
1284 3237 1497 3311 πρῶτός
1522 3237 1720 3312 μουῆν,
1743 3237 2112 3297 Ilebraisnius.

619 3308 910 3377 Ἐτὰραξεν
927 3310 1136 3380 ἑαυτὸν.
1165 3310 1298 3362 Alite
1321 3308 1701 3380 consequare
1717 3316 2113 3379 prmtermiserit

607 3381 882 3452 nonnulla.
922 3378 1191 3452 Templum
1225 3395 1319 3447 pro
1351 3378 1632 3452 Sgnagdga
1675 3378 1821 3434 nullo
1845 3383 2050 3452 judicio
2081 3401 2114 3437 α

609 3444 803 3520 Nomio
836 3449 1009 3514 positu
1034 3444 1083 3500 ι).
1123 3444 1318 3520 Locum
1346 3444 1412 3503 de
1446 3444 1629 3504 sa'nc'to
1661 3444 1865 3520 Spiritu
1890 3462 2112 3520 printer-

610 3518 848 3592 missum,
903 3528 993 3569 aut
1037 3534 1130 3586 pro
1161 3534 1218 3568 eo
1262 3519 1371 3571 alia
1405 3518 1709 3588 supposita.
1731 3518 1916 3574 Nomii
1959 3525 2116 3592 negli-

607 3589 814 3660 gentia;
850 3601 898 3660 et
948 3605 1062 3640 eam
1091 3604 1201 3641 esse
1235 3605 1472 3654 causam,
1510 3607 1606 3642 cur
1636 3592 1878 3660 quazdam
1906 3589 2117 3660 praeier-

611 3657 831 3710 niisertt.
864 3658 1029 3725 Cujus
1047 3674 1246 3725 generis
1272 3660 1386 3711 loca
1410 3660 1607 3725 aliquot
1636 3657 1915 3715 notantur.
1936 3663 2110 3716 Multa

610 3729 780 3794 capite
806 3730 1096 3795 prtcscrtim
1128 3737 1272 3780 sexto
1322 3729 1384 3780 ab
1415 3731 1690 3796 interprete
1744 3732 1960 3785 omissa.
1997 3731 2117 3785 Ver-

609 3813 698 3849 sus
737 3797 1051 3866 ineptissinti
1107 3815 1165 3850 eo
1210 3801 1379 3865 capite
1427 3816 1457 3851 α
1495 3799 1727 3854 Bordato
1765 3802 1914 3856 editi.
1949 3801 2015 3854 In
2047 3803 2115 3856 iis

610 3866 811 3920 hiatus.
851 3867 1071 3920 Numeri
1103 3867 1263 3929 tardi,
1298 3880 1344 3921 et
1377 3886 1407 3921 a
1430 3868 1607 3923 Nomii
1640 3875 1870 3925 numeris
1901 3872 2111 3927 diversi.

611 3938 754 4000 Quos
787 3939 973 3991 celeres
1007 3954 1067 3990 ac
1099 3942 1384 3992 concitatos
1426 3957 1556 4001 esse,
1585 3957 1676 3993 nec
1721 3943 2115 4006 σπονδάζοντας

611 4010 663 4058 in
707 4009 818 4061 suis
853 4008 1151 4061 admisisse.
1178 4006 1357 4061 Nonni
1389 4010 1729 4062 ὁλοδάκῖυλοι
1773 4022 1821 4064 et
1869 4013 2114 4066 bucolici.

628 4076 976 4148 Versus,quos
998 4082 1266 4144 supposuit
1285 4079 1572 4141 Bordatus,
1589 4082 1911 4143 examinati;
1938 4099 2116 4135 versus

611 4145 903 4218 λογοειδήζ.
934 4150 1124 4200 Ὄσσα.
1146 4148 1440 4219 ᾍνοερεών
1471 4167 1587 4219 quw
1611 4167 1735 4217 pars
1769 4152 2119 4219 corporis.Ea

616 4233 731 4291 voce
761 4216 980 4291 abusum
1015 4233 1150 4285 sirpe
1169 4216 1444 4291 annum.
1483 4216 1748 4291 ’Βυκτάων
1775 4216 2014 4291 ἀνέμων.
2052 4222 2115 4273 Id

613 4287 748 4361 unde
771 4288 1119 4361 desumptum.
1139 4357 1149 4361 _
1169 4287 1358 4361 Versus
1380 4290 1711 4361 κακόζηλος.
1748 4287 2023 4344 Judicium
2053 4291 2116 4344 de

613 4355 798 4408 Gratca
824 4360 962 4423 poesi
995 4357 1326 4424 paucissimis
1355 4359 1538 4412 datum
1574 4355 1703 4413 esse.

612 4444 935 4515 Priusquam
993 4450 1223 4520 ulterius
1275 4466 1585 4520 pergamus,
1655 4451 1972 4518 castiganda
2029 4462 2111 4508 est

459 4578 468 4587 θ
542 4515 828 4590 doctorum
867 4519 1226 4590 quorumdam
1251 4515 1442 4576 levitas
1475 4538 1536 4574 ac.
1566 4515 1928 4590 ἁκρισίαξιιιιί
1963 4539 2107 4589 qua:-

542 4601 772 4660 ειιιιιιιιοΔ
818 4587 904 4660 in_
939 4589 1036 4640 hac
1079 4590 1401 4658 paraphrasi
1441 4587 2114 4660 desiderantur,-periisse

543 4657 806 4730 temporis
827 4658 1158 4730 calamitate.
1189 4657 1281 4714 aut
1319 4662 1663 4730 negligentia,
1710 4657 2115 4718 existimarunt.

545 4725 725 4792 Quare
769 4729 984 4800 inventi
1021 4739 1148 4784 sunt
1181 4734 1270 4800 qui
1304 4725 1711 4800 ver'bquuoque
1742 4734 2109 4787 tmnntissnna

542 4809 595 4851 et
624 4799 866 4859 voculas,
899 4815 1034 4867 quas
1086 4799 1308 4856 sanctus
1343 4799 1534 4856 auctor
1584 4799 1776 4863 habet,
1822 4802 2113 4857 admodum

544 4868 1144 4941 sollicitesupplet-ent.
1184 4873 1304 4936 Quo
1353 4889 1636 4938 successu,
1668 4874 1776 4941 jam
1809 4889 1916 4926 non
1939 4874 2062 4928 dico
2099 4892 2110 4928 :

545 4946 754 5011 tantum
784 4938 885 4989 hoc
915 4939 1182 5005 judicium
1210 4958 1428 4996 accuso.
1461 4942 1516 4994 In
1549 4946 1614 4997 iis
1644 4938 1764 5011 quae
1799 4952 1904 4996 tam
1942 4945 2116 4998 mani-

544 5007 684 5061 festa
716 5018 844 5084 sunt
890 5011 1230 5084 praesertim.
1265 5011 1426 5084 Multa
1455 5012 1622 5074 enim,
1655 5007 1774 5081 qua:
1821 5030 1928 5066 non
1957 5031 2116 5084 cape-

546 5079 864 5149 ret,omisit.
883 5077 1052 5149 Quale
1071 5087 1156 5131 est
1182 5079 1308 5133 illud
1325 5083 1499 5148 primo
1519 5077 1713 5149 capite,
1737 5099 1878 5136 com.
1896 5077 2115 5139 ὅυεὊτι

547 5147 760 5222 πρῶτος
787 5165 889 5218 μου
902 5147 989 5222 ἦν,
1015 5150 1109 5222 qui
1140 5159 1223 5202 est
1253 5147 1394 5222 inter
1428 5147 1630 5220 primos
1663 5151 2036 5221 Ilebraismos,
2064 5169 2119 5212 et

545 5217 612 5269 de
653 5217 1240 5296 quinos'suolocp.
1303 5217 1452 5296 Tale:
1499 5231 1582 5276 est
1616 5222 1747 5278 illud
1803 5217 2114 5296 undecimo,

545 5300 691 5368 com.
720 5289 834 5368 33_:
862 5290 1266 5368 βᾳὶρτἁραξεν
1297 5292 1506 5368 ἑαυτόν,
1531 5296 1675 5368 quod
1705 5312 1826 5350 cum
1857 5297 1993 5368 alias
2025 5289 2117 5354 oc;

547 5360 764 5439 cur_rit,_
797 5360 1489 5439 infeliciterinterpretari
1520 5360 1690 5439 solet.
1718 5367 1975 5432 Quzedam
2012 5374 2114 5425 alia

549 5428 862 5508 dili‘icultate
903 5433 1128 5508 territus
1178 5428 1291 5487 non
1346 5435 1579 5508 reddidit
1609 5455 1622 5491 :
1649 5428 1816 5506 quod,
1855 5448 1923 5508 ut
1965 5453 2113 5508 puto,

550 5499 1125 5578 διιιῐιιιξςίιιξίκιιυιῳιιιΔ
1143 5519 1354 5578 versus.
1393 5505 1565 5578 Quale
1615 5499 1696 5561 est
1735 5499 1865 5561 illud
1912 5499 2032 5578 cap.
2075 5499 2113 5571 ι,

549 5580 749 5651 comm.
805 5569 927 5651 l2_:
971 5571 1136 5650 249
1195 5577 1306 5651 τοῖς
1355 5575 1699 5628 πιστεύουσιν
1746 5581 1826 5640 εἰς
1859 5577 1919 5630 τὸ
1948 5569 2116 5648 ὄνομά.

547 5640 738 5700 αὐτοῦ,
765 5640 907 5708 quod
933 5649 985 5694 et
1000 5640 1182 5761 illi—sum
1199 5643 1355 5707 alias,
1375 5659 1475 5698 nec
1493 5655 1656 5706 recte,
1685 5662 1786 5700 nec
1820 5655 1878 5699 ιιι
1907 5640 2112 5711 debuit,

551 5711 976 5761 rt‘brtesenlavit.
1047 5713 1128 5761 ale
1151 5721 1233 5761 est
1264 5714 1390 5761 illud
1409 5728 1530 5761 can.
1552 5729 1604 5761 ν-
1638 5728 1778 5761 com-
1800 5717 1870 5761 ἓξ
1908 5716 1967 5761 ἸΙ
1994 5720 2112 5761 ἐπι-

551 5711 976 5780 ιειιμιλιυδειιιιινίι.
1000 5711 1128 5766 Tale
1151 5721 1233 5766 est
1264 5714 1390 5764 illud
1409 5728 1530 5780 cap.
1552 5729 1604 5775 v,
1638 5728 1778 5768 com.
1800 5717 1870 5771 2:
1908 5716 1968 5769 'II
1994 5720 2114 5769 ἐπι·

549 5772 812 5846 λεγομένη
860 5779 1134 5848 Ἐϐραϊστὶ
1166 5780 1426 5850 Βηοεσδὰ,
1469 5772 1627 5834 τὲἐνέε
1666 5786 1823 5846 στοὰς
1884 5785 2108 5854 ἔχουσι’

2201 3241 2328 3300 a'lle,
2361 3241 2682 3301 reverendo,
2714 3245 2768 3292 et
2799 3239 3013 3291 eximia:
3043 3248 3156 3291 tutu
3191 3240 3520 3295 eruditionis
3555 3251 3673 3295 tum
3702 3244 3787 3296 bu-

2218 3311 2496 3363 tnanitatis
2533 3309 2672 3370 vito,
2719 3309 2949 3362 Andreae
2980 3306 3194 3372 Riveto,
3227 3322 3515 3376 acceptum
3563 3314 3784 3374 ferebat,

2217 3379 2674 3448 quemadmodum
2713 3386 2909 3443 exstat,
2943 3379 3014 3431 ita
3050 3380 3217 3431 multa
3251 3382 3466 3432 variant
3497 3381 3555 3433 in
3589 3398 3675 3442 eo,
3705 3399 3788 3435 ne-

2217 3464 2323 3518 que
2356 3463 2528 3518 pauca
2568 3449 2744 3509 aliter,
2779 3463 3090 3516 quanquam
3127 3448 3318 3503 eodem
3353 3451 3468 3504 fere
3497 3465 3691 3511 sensu,
3721 3453 3785 3506 le-

2218 3517 2438 3589 guntur.
2477 3517 2752 3641 Νιιςιιῧιιιιι
2787 3526 2965 3570 tamen
2999 3519 3151 3586 plura
3183 3534 3345 3587 quam
3377 3531 3540 3573 sexto
3571 3532 3784 3590 prater-

2219 3588 2368 3641 tnisit
2394 3590 2590 3641 capite.
2673 3588 2722 3640 bi
2759 3595 2925 3639 totam
2969 3603 3154 3641 prone.
3185 3599 3243 3641 ut
3281 3604 3399 3641 nos.
3431 3591 3701 3641 divinam.
3736 3603 3784 3641 ιιι

2219 3588 2368 3641 misit
2394 3590 2590 3657 capite.
2621 3588 2738 3657 Ubi
2759 3595 2925 3639 totam
2969 3603 3154 3656 prope,
3185 3599 3243 3642 ut
3281 3604 3399 3653 nos,
3431 3588 3701 3653 divinam,
3736 3603 3787 3643 nt

2217 3656 2552 3726 Capernaitze
2579 3667 2690 3728 turn
2723 3656 3059 3725 judicabant,
3104 3657 3364 3728 σκληρὰν,
3397 3660 3466 3712 de
3497 3665 3788 3714 manduca-

2219 3730 2366 3781 tione
2411 3729 2594 3782 carnis
2640 3727 3066 3794 disputationem
3110 3727 3310 3781 Christi
3365 3729 3577 3784 omisit.
3639 3730 3784 3794 Quod

2218 3813 2328 3868 quo
2359 3798 2612 3851 instituto
2666 3795 2868 3851 factum
2909 3797 2981 3849 sit
3026 3797 3094 3849 ab
3137 3813 3224 3861 eo,
3261 3799 3444 3851 adhuc.
3485 3813 3700 3866 qna-ro.
3737 3800 3786 3854 Si

2219 3870 2426 3921 nullum
2452 3877 2597 3921 esset
2626 3873 3028 3934 argumentum,
3053 3880 3182 3934 quo,
3211 3869 3644 3934 pranermissum
3673 3886 3787 3924 esse

2219 3953 2342 3992 eum
2382 3939 2582 4002 locum,
2615 3939 2997 4003 probaremus:
3030 3939 3356 4003 persuadere
3382 3939 3432 3990 id
3475 3941 3642 3993 nobis
3677 3956 3785 3993 ver-

2221 4023 2314 4061 sus
2345 4008 2636 4060 admodum
2687 4004 2850 4074 inepti
2898 4015 3158 4074 possent,
3187 4023 3325 4075 quos
3373 4007 3648 4062 Bordatus
3697 4012 3783 4073 ibi,

2221 4084 2378 4131 antea
2409 4075 2768 4136 desideratus,
2811 4075 2959 4128 dedit
2988 4094 3001 4128 :
3040 4092 3141 4130 nos
3172 4077 3224 4129 in
3270 4079 3370 4131 hac
3399 4080 3646 4132 editione
3692 4094 3786 4133 suo

2221 4149 2342 4216 loco
2369 4161 2476 4199 non
2522 4147 2915 4216 expressimus.
2959 4144 3018 4197 Si
3049 4148 3170 4215 quis
3203 4157 3381 4200 tamen
3437 4150 3575 4201 tanti
3620 4158 3786 4216 potat,

2221 4218 2274 4270 in
2309 4215 2685 4286 Sylburgianis
2705 4214 2877 4277 Notis,
2902 4231 3039 4286 quas
3067 4214 3348 4285 interpreti
3377 4214 3783 4286 subjunximus.

2222 4285 2476 4340 inveniet.
2520 4287 2621 4350 Qui
2675 4295 2782 4337 tam
2830 4285 3163 4339 conlidenter
3215 4289 3420 4356 primus
3471 4285 3570 4342 eos
3622 4289 3780 4349 dedit,

2223 4356 2339 4410 lieri
2374 4373 2480 4409 non
2517 4364 2716 4425 potest,
2750 4358 2880 4422 quin
2912 4368 3002 4407 aut
3035 4359 3148 4425 ipse
3181 4359 3314 4409 mhil
3340 4359 3558 4423 viderit,
3593 4368 3685 4412 aut
3707 4360 3784 4427 ju-

2223 4427 2426 4479 dicium
2475 4428 2542 4479 de
2588 4427 2748 4478 rebus
2801 4427 3027 4493 periisse
3074 4428 3501 4491 existimaverit;
3562 4446 3685 4480 nam
3735 4436 3780 4480 et

2143 4500 2187 4554 D
2217 4495 2410 4550 Nomio
2445 4498 2600 4565 plane
2617 4496 2697 4548 vel
2720 4496 2945 4564 indigni,
2978 4497 3058 4547 vel
3089 4497 3287 4564 abejus
3312 4513 3460 4550 more
3483 4515 3545 4550 ac
3561 4514 3781 4552 consue-

2219 4567 2406 4621 tudine
2423 4565 2696 4621 seribendi
2731 4580 2955 4633 prorsus
2983 4566 3142 4619 alieni
3172 4575 3319 4620 sunt.
3342 4566 3530 4620 Iliatus
3574 4570 3776 4626 saltem.

2218 4640 2428 4706 aliaque
2463 4651 2494 4688 a
2518 4634 2716 4705 quibus
2760 4636 2918 4702 plane.
2962 4635 3235 4701 abhorret,
3277 4639 3681 4704 expcndissent.
3718 4633 3778 4688 Ut

2218 4709 2488 4769 omittam,
2524 4708 2660 4759 alios
2690 4706 2776 4756 hic
2799 4721 2918 4758 esse
2950 4720 3234 4771 numeros,
3265 4707 3440 4759 lentos
3473 4710 3672 4760 scilicet
3719 4719 3778 4758 ac

2217 4779 2401 4838 tardos
2423 4793 2438 4840 ;
2461 4792 2582 4829 cum
2606 4777 2657 4828 in
2689 4775 2775 4837 iis,
2808 4785 2994 4827 nostro
3013 4776 3144 4826 nihil
3173 4777 3520 4841 concitatius,
3551 4787 3778 4845 utquem

2215 4847 2556 4902 ὁλοδὰκτυλοι
2588 4854 2645 4897 ιιι
2679 4846 2970 4913 plurimmn
3012 4846 3301 4898 delectant.
3330 4847 3502 4914 Cujus
3536 4861 3694 4900 causa
3727 4852 3774 4895 et

2219 4917 2614 4982 σπονδάζοντας
2649 4918 2847 4982 ubique
2901 4915 3150 4966 exclusit.
3208 4917 3356 4969 Adeo
3403 4929 3457 4969 ut
3509 4918 3776 4970 bucolicos

2217 4990 2375 5060 251
2411 5004 2575 5057 prOpe
2609 4987 2756 5060 Solos
2791 4985 3118 5060 plurimisqin
3164 4987 3298 5040 locis
3337 4987 3608 5041 admittat.
3643 4984 3773 5036 Ecce

2217 5057 2373 5116 ἆιῖιῆ
2404 5062 2585 5112 statim
2628 5057 2709 5108 vel
2736 5058 2911 5123 primo
2943 5057 3118 5123 capite
3148 5074 3160 5108 :

2372 5125 2648 5192 Ἰσορυῖις
2683 5122 3342 5192 Γενετῆροςίόμήλικος.

2359 5195 2585 5262 Πατρός
2613 5196 2722 5262 ἔην
2751 5193 3088 5263 ἀμέριστος,
3124 5197 3420 5264 ἀτέρμονι.

2357 5265 2468 5319 Καὶ
2501 5265 2643 5336 Θεὸς
2675 5265 3068 5334 ὑψιγένεθλος
3101 5267 3211 5332 ἔην
3238 5269 3446 5336 Λόγος.

2355 5335 2760 5402 Πρεσϐύτερος
2800 5336 3069 5402 κόσμοιο,
3097 5338 3193 5388 καὶ
3234 5335 3473 5390 ἔπλετο.
3511 5390 3519 5397 ,

2359 5405 2549 5457 Οὐδὲν
2586 5405 2702 5474 ἔφυ
2738 5407 2918 5472 τόπερ
2944 5406 3108 5470 ἔσκε,
3141 5407 3236 5458 καὶ
3264 5408 3545 5476 ἔμφυτος.

2358 5478 2547 5530 Ἔσχε
2579 5493 2668 5542 τις
2698 5477 3108 5544 οιίῃοεσίφοιτος
3132 5477 3447 5543 ἐρημάδος.

2353 5544 2560 5613 Κῆρυξ
2587 5547 2917 5615 ἀρχεγώόυ
2943 5547 3382 5614 βαπτίσματος.

2357 5621 2522 5683 Θεὲος
2565 5618 2836 5681 Ἰωάννης
2861 5619 3188 5681 λαοσσόος.

2367 5689 2584 5757 Ὀρθὶιν
2609 5688 2815 5740 πίστιν
2844 5687 3062 5755 ἔχοιεν,
3098 5686 3392 5757 ἀτέρμονα
3419 5703 3434 5720 ⁸

2217 5782 2416 5856 quibus
2449 5789 2728 5854 tantopere
2757 5780 3077 5837 Theocritus
3109 5782 3306 5851 ubique
3339 5779 3551 5852 gaudet.

2043 6095 2266 6166 Α
