4050 6206
396 400 461 452 97
1617 382 1673 438 ὃ.
1716 378 1901 437 AUC-l7
1909 377 2060 433 STIN
2068 378 2082 431 ι
2125 373 2421 431 EPISCOPI
3587 374 3655 429 98

387 508 491 560 Nec
520 515 693 561 tamen
726 504 823 559 hos
847 502 1104 571 separatis
1133 516 1159 551 a
1193 509 1361 553 vestra
1393 497 1785 551 communione.

389 598 501 652 Non
530 597 651 652 dico
676 597 744 652 de
775 596 878 649 illis
900 594 1151 664 peccatis,
1182 606 1300 659 qua!
1329 589 1551 659 potestis
1577 598 1630 641 et
1657 602 1851 656 negare
1882 603 1894 638 :

389 683 596 747 Fostes,
630 683 795 751 ignes,
828 678 1191 743 mortesdicii,
1220 691 1338 746 qua:
1365 676 1704 730 committunt
1730 672 1890 727 vestri
1917 671 1968 724 in

461 776 593 829 lucc.

391 866 455 919 Ιίι
486 876 659 919 tamen
691 864 923 918 sull'ertis
946 862 1082 925 illos,
1115 860 1195 913 vel
1223 873 1435 919 errore,
1466 857 1549 911 vel
1583 856 1793 909 timore.

389 960 651 1024 Quantum
684 964 833 1021 erat,
864 956 1063 1009 ferrent
1102 968 1263 1006 unum
1309 960 1485 1021 patres
1519 952 1679 1003 vestri
1725 962 1820 1017 pro
1859 944 1976 1000 uni-

466 1058 590 1107 tate,

391 1139 446 1191 Si
478 1149 655 1193 tantus
677 1148 789 1193 erat
814 1136 1088 1197 tumultus,
1114 1143 1171 1188 nt
1196 1150 1297 1188 non
1330 1142 1541 1201 possent
1569 1129 1879 1199 degradare.

395 1232 546 1283 Addo
568 1230 705 1300 quod
740 1232 994 1282 innocens
1014 1238 1150 1293 erat,
1180 1236 1233 1280 et
1263 1227 1335 1280 nil
1368 1232 1610 1293 poterant
1639 1222 1884 1290 probare.

396 1323 500 1375 Sed
534 1337 599 1377 ne
625 1323 824 1376 crimen
848 1329 1193 1389 quaereretur,
1226 1319 1310 1372 ubi
1339 1334 1396 1371 se
1419 1316 1666 1370 videbant
1685 1329 1834 1375 esse;

402 1413 774 1466 Finxeruntse
792 1412 956 1465 nimis
977 1411 1168 1480 justus,
1195 1424 1315 1464 cum
1348 1415 1512 1462 totum
1542 1406 1737 1460 vellent
1770 1412 1977 1473 pertur-

471 1507 614 1557 bare.

395 1596 595 1648 Omnes
656 1594 743 1664 qui
784 1593 1023 1664 gaudetis
1050 1593 1118 1647 de
1150 1607 1299 1662 pace,
1328 1591 1489 1646 modo
1513 1605 1695 1645 verum
1719 1588 1973 1658 judicate.

399 1756 642 1810 Honores
670 1770 833 1810 vanos
857 1754 943 1824 qui
970 1755 1192 1823 qurerit,
1226 1767 1330 1807 non
1357 1752 1466 1806 vult
1494 1766 1615 1806 eum
1653 1748 1865 1805 Christo
1894 1764 1983 1802 re-

468 1860 637 1913 gnare
662 1862 674 1896 :

397 1935 549 1989 Sicut
572 1935 813 2001 princeps
842 1933 995 2001 hujus
1024 1932 1167 1997 mali,
1195 1932 1260 1985 de
1281 1930 1429 1999 cujus
1458 1938 1711 1983 vocantur
1743 1936 1909 1997 parte.

407 2026 535 2079 Nam
565 2027 795 2079 [leuatus
824 2040 943 2079 cmn
980 2023 1191 2076 volebat
1218 2020 1449 2076 Africam
1482 2030 1641 2071 totam
1670 2018 1912 2071 obtinere
1935 2058 1949 2080 ,

406 2118 555 2170 'l‘unc
576 2118 781 2184 judices
814 2114 1194 2170 transmarinos
1218 2113 1368 2183 petiit
1395 2112 1460 2164 ab
1483 2111 1803 2179 lmperatorc
1832 2125 1843 2160 :

407 2209 511 2261 Sed
548 2208 659 2260 lure
682 2217 784 2259 tam
816 2206 1005 2274 iujnsta
1030 2204 1211 2274 petilio
1238 2219 1342 2258 non
1371 2213 1478 2255 erat
1502 2201 1569 2254 de
1590 2199 1865 2253 cbaritate.

408 2298 519 2352 lloc
543 2300 651 2367 ipsa
674 2299 871 2351 veritas
898 2296 1111 2362 clamat,
1135 2310 1291 2365 quam
1321 2293 1440 2346 volo
1468 2290 1624 2345 modo
1655 2288 1875 2344 referre.

412 2389 541 2441 Nam
569 2389 838 2442 consensit
867 2387 1179 2456 Imperator,
1214 2386 1358 2438 misit
1387 2386 1472 2453 qui
1496 2383 1744 2436 sederent
1776 2381 1958 2433 Roma)

412 2476 748 2548 Sacerdotes,
796 2481 885 2550 qui
929 2487 1053 2533 tunc
1102 2486 1320 2548 possent
1361 2476 1703 2531 Cmeilianum
1741 2488 1861 2527 eum
1905 2472 1995 2526 illo
2047 2518 2058 2527 .

482 2570 685 2624 audire.

417 2661 564 2715 Dicta
592 2676 749 2714 causa
775 2668 875 2725 est,
900 2660 970 2714 nil
1000 2658 1280 2729 probatum
1306 2666 1386 2712 est
1410 2675 1423 2711 ε
1446 2671 1605 2712 ausus
1632 2664 1716 2710 est
1744 2663 1795 2708 et
1820 2653 2005 2723 appel-

488 2753 594 2805 lare
616 2768 629 2816 ;

418 2842 483 2895 Et
510 2851 629 2911 post
657 2841 973 2912 collegarum
1005 2840 1185 2895 sedem
1204 2882 1217 2905 ,
1246 2840 1435 2893 audire
1454 2838 1519 2891 ab
1551 2838 1891 2906 lmpcratore.

417 2931 511 2985 llic
535 2932 715 3001 petitio
741 2931 825 2986 illa
854 2933 1104 3002 probatur
1132 2946 1236 2985 non
1264 2945 1384 2985 esse
1405 2929 1471 2983 de
1495 2928 1773 2983 charitate.

421 3024 617 3076 Deinde
662 3024 854 3092 ubique
885 3023 1052 3077 victus
1080 3023 1243 3091 erepit
1279 3021 1610 3075 Christianos
1648 3018 2000 3087 rcbaptizare.

415 3114 613 3168 Omnes
648 3116 736 3182 qui
774 3113 1015 3183 gaudetis
1040 3112 1106 3167 de
1148 3126 1277 3181 pace
1299 3152 1315 3179 ,
1349 3110 1507 3163 modo
1535 3124 1717 3163 verum
1742 3106 1996 3177 judicatc.

418 3274 685 3328 Justitiam
717 3272 866 3343 sequi
888 3274 931 3327 si
964 3273 1140 3337 vultis,
1172 3280 1335 3326 totam
1366 3285 1579 3326 causam
1609 3270 1858 3339 cogitate.

420 3364 569 3431 Quod
604 3374 782 3432 postea
812 3363 954 3430 fecit,
984 3379 1148 3433 quare
1176 3362 1369 3417 factum
1398 3377 1503 3416 non
1535 3370 1617 3416 est
1640 3360 1803 3416 ante?

423 3456 813 3510 llissenlichant
838 3456 1140 3510 sacerdotes
1170 3456 1219 3509 in
1252 3464 1356 3509 tota
1376 3453 1620 3508 Africana
1652 3463 1825 3522 parte;

423 3547 739 3601 Sacerdotes
765 3546 1098 3599 transmarini
1129 3555 1343 3615 possent
1376 3545 1496 3598 inde
1517 3544 1756 3613 judicare
1786 3563 1798 3596 :

421 3639 555 3704 Quid
589 3640 800 3693 curritis
829 3639 892 3692 ad
925 3638 1175 3703 schisma,
1206 3648 1257 3692 et
1286 3638 1449 3691 altare
1470 3646 1651 3690 contra
1677 3635 1877 3689 altare?

431 3727 493 3782 Ut
520 3728 659 3796 quod
712 3738 891 3798 postea
917 3728 1208 3798 judicatqu
1246 3737 1326 3783 est
1346 3769 1361 3794 ,
1386 3727 1494 3796 jam
1527 3742 1631 3780 non
1659 3725 1884 3795 possetis
1909 3740 2006 3778 au~

493 3818 635 3884 dire,

424 3909 491 3964 Et
516 3927 542 3962 a
569 3909 834 3980 judicibus
860 3911 1047 3965 vestris
1074 3911 1394 3982 cogercmini
1419 3911 1715 3982 appellare,

435 4001 571 4055 Dum
621 4002 781 4056 vultis
827 4003 1027 4057 erroris
1074 4018 1296 4072 regnum
1346 4017 1559 4071 queque
1604 4000 1762 4053 tnodo
1813 4000 2007 4053 contir-

500 4107 665 4146 mare.

424 4182 491 4239 Et
519 4199 658 4236 nunc
687 4192 738 4236 et
768 4198 861 4236 vos
884 4191 1050 4236 totum
1080 4180 1315 4244 nescitis,
1346 4189 1397 4234 ct
1424 4180 1618 4249 fingitis
1644 4196 1737 4234 vos
1768 4182 1972 4235 nescire
1993 4208 2007 4235 .

432 4274 498 4333 Et
525 4288 644 4326 eum
675 4288 767 4326 vos
792 4274 986 4327 veritas
1018 4281 1188 4341 urget,
1218 4281 1398 4341 patres
1428 4272 1602 4328 dicitis
1626 4288 1835 4328 errasse
1854 4315 1869 4339 ,

422 4361 586 4426 Quasi
618 4377 709 4415 vos
739 4361 929 4430 aliquis
957 4369 1100 4416 vetet
1123 4362 1231 4431 jam
1259 4363 1509 4417 recedere
1535 4364 1600 4417 ab
1629 4380 1831 4419 errore.

426 4452 533 4506 Sed
563 4453 807 4522 superbia
837 4468 927 4507 vos
955 4453 1134 4524 ligavit
1156 4453 1204 4506 in
1228 4453 1480 4507 cathedra
1514 4456 1843 4522 pestilentia».

427 4542 630 4598 Omnes
680 4544 767 4615 qui
820 4543 1057 4615 gaudetis
1107 4543 1173 4599 de
1223 4559 1385 4614 pace,
1433 4544 1592 4599 modo
1640 4561 1821 4598 vermu
1872 4544 2009 4613 judi-

498 4644 635 4690 cate.

432 4767 719 4830 Karitatem
787 4766 982 4822 Christi
1045 4767 1134 4837 qui
1188 4766 1381 4834 habet,
1441 4782 1623 4837 pacem
1676 4783 1779 4821 non
1842 4775 2015 4837 pritest

500 4859 695 4913 odisse.

438 4973 527 5027 {el
572 4988 666 5026 vos
698 4977 830 5047 jam,
858 4972 1072 5043 populi,
1116 4971 1328 5037 audite,
1374 4980 1427 5027 et
1465 4970 1739 5027 nobiseum
1787 4986 2013 5027 concor-

504 5064 624 5118 d;th
658 5065 695 5125 ¹,

431 5180 530 5247 Qui
558 5194 660 5231 non
691 5176 884 5231 tenetis
920 5176 1223 5231 cathedram
1244 5219 1258 5243 ,
1290 5156 1394 5247 pro‘
1433 5194 1535 5247 qua
1581 5178 1826 5247 pugnetis
1871 5177 2013 5246 inju-

504 5283 604 5327 ste.

431 5362 487 5427 Si
520 5364 676 5418 modo
705 5362 937 5433 episcopi
961 5363 1118 5417 vestri
1147 5378 1211 5417 ex
1237 5378 1337 5417 una
1369 5363 1539 5431 aliqua
1568 5362 1781 5431 regione

436 5452 697 5515 llabcrent
722 5453 858 5505 inter
888 5467 945 5505 se
973 5452 1134 5515 litem,
1170 5468 1304 5523 quos
1331 5453 1536 5507 velletis
1564 5452 1799 5520 judicare
1819 5493 1834 5516 ,

435 5540 547 5615 ﬁisi
598 5544 885 5600 alterarum
934 5543 1242 5613 regionum,
1289 5545 1375 5614 qui
1421 5560 1521 5598 non
1569 5552 1744 5598 essent
1792 5545 1856 5598 tle
1904 5544 2013 5613 ipsa

507 5633 628 5697 lite,

503 5805 517 5853 ἓ
545 5802 674 5865 Ldit.
712 5813 959 5856 'I'co'dalc
988 5819 1005 5857 :
1031 5802 1188 5856 mirus
1206 5807 1353 5857 bene.

2078 490 2181 545 Sed
2222 506 2345 545 cum
2392 491 2765 546 discussisscnt
2813 502 3058 558 causam,
3106 490 3511 561 pronuntiarent
3563 505 3656 559 [ru

2150 597 2246 636 una
2281 591 2429 651 parte
2457 599 2471 634 :

2077 672 2355 742 Nunquam
2398 673 2860 728 communicarctis
2901 676 2987 743 qui
3030 674 3132 727 illis
3178 673 3380 728 nollent
3424 689 3646 728 censen.

2151 764 2268 818 tire.

2080 854 2255 919 Quare
2282 868 2410 925 ergo
2440 856 2785 910 consensistis
2828 854 2945 909 istis
2973 855 3061 925 qui
3092 854 3191 909 hoc
3223 854 3462 909 fecerunt
3500 857 3660 910 ante?

2080 944 2210 999 Nam
2247 954 2301 998 ct
2327 946 2421 1014 ipsi
2460 961 2565 1000 non
2594 956 2982 1002 consenserunt.
3018 948 3494 1003 transmarinorum
3533 966 3661 1004 seno

2154 1038 2330 1090 tentia'
2347 1076 2363 1101 ,

2082 1126 2178 1191 Qui
2210 1142 2303 1194 pro
2328 1127 2477 1180 nobis
2497 1127 2802 1195 judicarunt
2821 1146 2833 1181 :
2850 1144 2970 1183 nam
2993 1131 3146 1185 nobis
3168 1130 3461 1200 junguntur
3478 1132 3633 1185 hodie

2084 1218 2138 1270 Si
2178 1218 2341 1287 judex
2380 1217 2624 1273 Christus
2663 1220 2765 1274 hoc
2802 1219 2973 1288 dicat,
3020 1221 3146 1291 quid
3188 1221 3396 1278 habetis
3439 1238 3633 1292 reSpou

2153 1308 2312 1363 dere?

2084 1397 2282 1452 Omnes
2314 1398 2402 1469 qui
2430 1399 2671 1470 gaudetis
2698 1401 2765 1457 de
2805 1418 2963 1471 pace,
2990 1403 3149 1458 modo
3194 1419 3377 1460 verum
3408 1405 3649 1476 judicate

2087 1557 2288 1612 Lumen
2317 1559 2493 1613 cordis
2522 1560 2565 1614 si
2596 1569 2680 1616 est
2706 1560 2757 1615 in
2784 1561 2933 1616 vobis
2952 1602 2971 1630 ,
2999 1578 3179 1618 verum
3211 1565 3430 1633 potestis
3461 1564 3663 1619 videre.

2088 1651 2223 1706 Sunt
2247 1652 2438 1707 Preces
2477 1654 2660 1707 Donati
2693 1663 2749 1708 et
2775 1656 2903 1710 Acta
2925 1696 2940 1722 ,
2970 1655 3163 1726 quibus
3189 1656 3331 1727 quod
3358 1658 3668 1731 dietunt‘est

2162 1743 2400 1809 probate.

2090 1836 2219 1902 Quae
2244 1835 2287 1889 si
2315 1835 2535 1891 credere
2556 1852 2662 1892 non
2688 1838 2865 1904 vultis,
2892 1853 2987 1893 vos
3017 1838 3117 1894 huc
3137 1839 3309 1907 aliqua
3332 1839 3564 1907 proferte
3582 1879 3598 1905 ,

2092 1925 2293 1991 Quibus
2322 1926 2364 1978 si
2392 1936 2444 1980 ct
2468 1941 2565 1980 nos
2592 1944 2700 1981 non
2726 1930 3015 1995 credimus,
3050 1931 3151 1985 erit
3178 1932 3289 1985 rixa
3317 1930 3434 1986 sine
3462 1932 3586 1986 line.

2092 2016 2491 2084 Amplectamur
2510 2032 2637 2088 ergo
2658 2033 2840 2088 pacem
2865 2020 2881 2052 ί
2912 2036 2925 2072 :
2950 2020 3075 2090 quid
3096 2021 3162 2075 ad
3190 2036 3286 2076 nos
3311 2022 3451 2092 quod
3468 2034 3679 2093 gestum

2164 2116 2246 2161 cst
2273 2108 2435 2162 ante?

2095 2199 2336 2267 Olijicitis
2361 2200 2697 2255 traditionem
2725 2218 2736 2253 :
2770 2194 3160 2271 respondemus
3188 2218 3282 2257 vos
3310 2201 3523 2257 fecisse.

2095 2291 2351 2346 Clamatis
2376 2308 2470 2346 vos
2492 2292 2557 2347 de
2585 2293 2835 2359 Macario,
2868 2302 2921 2348 et
2942 2309 3039 2349 nos
3065 2294 3131 2350 de
3156 2295 3618 2351 Circumcellione.

2102 2384 2233 2438 Illud
2277 2395 2515 2439 nostrum
2558 2384 2668 2455 jam
2712 2394 3080 2441 transactum:
3117 2387 3279 2443 vestri
3323 2402 3430 2441 non
3469 2396 3683 2442 cessant

2172 2493 2337 2547 usque
2366 2476 2544 2533 hodie.

2103 2570 2305 2624 [labent
2331 2571 2506 2639 paleas
2532 2586 2651 2624 area
2676 2578 2872 2633 vestra,
2899 2585 2995 2625 vos
3024 2570 3124 2625 hoc
3145 2572 3318 2625 solum
3340 2571 3497 2625 vultis
3517 2588 3635 2626 esse
3663 2589 3675 2623 :

2106 2661 2212 2717 Vos
2237 2664 2375 2716 cnim
2407 2679 2511 2715 non
2534 2664 2692 2717 vultis
2718 2678 2936 2731 pacem;
2970 2663 3040 2716 illi
3069 2666 3339 2717 mlnantur
3356 2664 3423 2717 de
3451 2665 3605 2717 fuste.

2106 2754 2174 2807 Et
2200 2754 2398 2806 utinam
2429 2752 2784 2816 minarentur,
2814 2762 2867 2809 et
2896 2768 2999 2808 non
3031 2754 3311 2808 tundercnt
3340 2756 3360 2785 ¹
3388 2754 3644 2823 quotidie.

2105 2842 2215 2898 llos
2245 2845 2286 2896 si
2318 2844 2591 2913 expellunt
2617 2844 2722 2909 isti,
2754 2843 2912 2898 vestri
2940 2859 3045 2898 non
3083 2843 3281 2899 habent
3306 2859 3400 2914 per
3437 2860 3570 2914 quos
3597 2862 3679 2900 re-

2176 2951 2359 3005 gnare.

2105 3026 2304 3080 Omnes
2328 3024 2680 3095 qui‘gandctis
2704 3024 2771 3080 de
2797 3040 2942 3094 pace,
2975 3026 3134 3080 modo
3164 3042 3345 3081 verum
3362 3025 3614 3095 judicate.

2106 3180 2319 3235 Modum
2345 3180 2389 3236 si
2414 3181 2642 3235 excessit
2660 3179 2917 3235 Macarius
2944 3180 3302 3250 conscriptum
3327 3184 3378 3234 in
3404 3180 3689 3235 christiana

2181 3274 2323 3343 lege,
2482 3344 2491 3351 η

2115 3363 2206 3418 Vel
2227 3365 2396 3433 legem
2432 3364 2573 3433 regis
2597 3362 2881 3425 referebat,
2916 3373 2972 3417 ut
3002 3372 3261 3432 pugnaret
3287 3378 3380 3432 pro
3407 3362 3606 3415 unitate
3638 3379 3650 3414 :

2109 3457 2223 3511 Non
2250 3456 2368 3510 dico
2416 3457 2573 3511 istum
2622 3456 2753 3509 nihil
2795 3471 3074 3525 peccasse,
3107 3456 3199 3509 sed
3230 3465 3435 3509 \L‘Sll‘OS
3478 3453 3693 3524 pejores

2182 3562 2321 3602 esse.

2111 3640 2404 3707 Quisenim
2434 3639 2683 3709 praecepit
2712 3638 2813 3692 illis
2844 3654 2937 3707 per
2958 3637 3190 3691 Africam
3220 3636 3296 3689 sic
3319 3635 3504 3689 smvirc
3528 3635 3549 3687 ?

2111 3734 2228 3790 Non
2270 3732 2538 3799 Christus,
2582 3748 2689 3785 non
2730 3732 3024 3800 Imperator
3067 3729 3319 3799 probatur
3360 3727 3458 3780 huc
3502 3727 3695 3796 pertni~

2183 3825 2338 3889 sissc,

2116 3917 2327 3983 Fustcs,
2357 3923 2411 3970 et
2438 3915 2586 3985 ignes
2618 3914 2870 3984 privatos,
2901 3921 2956 3965 et
2981 3910 3237 3964 insaniam
3263 3909 3310 3963 si
3340 3924 3387 3961 ιε
3418 3908 3553 3975 lege.

2108 4012 2245 4077 Quia
2274 4008 2527 4077 scriptum
2548 4013 2649 4070 est,
2680 4004 2914 4058 Rccondc
2928 4003 3156 4073 gladium
3178 4001 3388 4073 (Matth.
3414 4016 3555 4065 nvi,
3581 4000 3693 4066 :32),

2186 4100 2357 4155 scelus
2384 4114 2489 4152 non
2522 4106 2706 4165 putant
2730 4095 2780 4149 in
2812 4095 2967 4149 l‘nste.

2116 4191 2229 4246 Non
2263 4200 2317 4245 nt
2340 4189 2498 4244 homo
2523 4189 2802 4254 moriatur,
2832 4187 2923 4241 sed
2948 4197 3005 4240 ut
3034 4192 3420 4253 conquassctur
3448 4184 3599 4236 valde

2119 4284 2183 4337 lit
2210 4292 2389 4351 postea
2420 4281 2694 4341 moriatur,
2726 4277 2848 4332 inde
2870 4278 2977 4344 jam
3004 4277 3268 4329 cruciatus
3300 4270 3571 4342 languore.

2118 4374 2223 4427 Sed
2253 4386 2426 4426 tamen
2453 4372 2497 4424 si
2526 4370 2866 4431 miserentur,
2891 4366 3138 4419 occidunt
3168 4377 3221 4418 et
3249 4380 3353 4416 uno
3382 4364 3537 4416 fuste.

2118 4466 2308 4519 Fusles
2334 4461 2551 4517 lsraeles
2574 4467 2782 4522 vocant,
2811 4456 2953 4526 quod
2985 4457 3231 4509 dixerunt
3256 4469 3375 4506 cum
3401 4453 3630 4511 honore.

2120 4557 2186 4612 Ut
2210 4556 2325 4626 plus
2353 4561 2560 4608 vastent
2581 4552 2753 4622 ipsum
2778 4564 2990 4614 nomen,
3018 4563 3174 4618 quam
3197 4562 3389 4616 corpus
3416 4545 3552 4614 quod
3580 4560 3685 4598 οω-

2191 4651 2324 4704 duut
2351 4648 2492 4703 inde.

2120 4743 2320 4800 Omnes
2343 4741 2431 4812 qui
2460 4739 2699 4811 gaudetis
2728 4736 2793 4793 de
2818 4749 2968 4807 pace,
2998 4732 3154 4788 modo
3186 4730 3637 4800 verumjudieate.

2120 4885 2295 4940 Nolite
2323 4884 2476 4937 nobis
2497 4881 2628 4951 jam,
2658 4878 2867 4939 fratres.
2899 4885 3107 4945 tempus
3130 4873 3337 4928 Macarii
3369 4873 3651 4940 imputare.

2120 4978 2174 5031 Si
2204 4974 2447 5030 crudeles
2476 4981 2628 5028 erant
2652 4970 2747 5034 illi,
2775 4976 2828 5023 et
2852 4968 3004 5022 nobis
3028 4965 3311 5034 displicent
3342 4962 3493 5014 valde
3522 4979 3535 5015 :

2121 5069 2174 5122 Si
2201 5076 2377 5121 autem
2410 5065 2538 5119 falsa
2566 5063 2633 5117 de
2663 5062 2766 5119 illis
2786 5061 2987 5123 dicunt,
3018 5059 3155 5112 Deus
3186 5054 3631 5126 potestjndiwre.

2121 5159 2228 5214 Nos
2253 5173 2489 5213 amemus
2521 5170 2701 5225 pacem
2725 5155 2745 5186 ³
2766 5152 2981 5217 Christi,
3015 5150 3338 5221 gaudeamus
3368 5150 3416 5202 iu
3445 5148 3667 5201 unitate.

2120 5250 2283 5320 Siqui
2308 5248 2429 5303 mali
2460 5256 2582 5302 sunt
2612 5245 2663 5299 in
2689 5244 2945 5309 Ecclesia,
2972 5244 3045 5297 nil
3075 5243 3227 5297 nobis
3250 5247 3467 5309 possunt
3488 5253 3704 5291 nocere.

2123 5343 2180 5396 Si
2224 5359 2327 5396 non
2370 5349 2592 5410 possunt
2638 5337 2909 5396 nobiseum
2959 5352 3108 5400 esse,
3158 5332 3506 5393 excludantur
3555 5330 3699 5387 salva

2195 5450 2323 5504 pace
2346 5451 2359 5487 :

2125 5529 2181 5582 Si
2211 5544 2313 5581 non
2340 5534 2588 5595 poterunt
2615 5522 2844 5586 cxi-ludi,
2879 5519 3227 5576 excludantur
3255 5516 3332 5571 vel
3360 5515 3426 5571 de
3447 5529 3542 5572 Cor
3565 5518 3635 5571 le.

2190 5680 2204 5711 ¹
2236 5691 2330 5727 sm.
2354 5685 2514 5734 etrtr.,
2540 5689 2704 5739 pacem
2732 5675 2847 5726 (‘hri
2857 5677 2924 5739 ili.

2188 5743 2210 5775 ¹
2233 5750 2327 5789 Am.
2356 5749 2407 5790 et
2427 5747 2522 5795 F.r.,
2542 5736 2748 5801 puderet
2779 5750 2794 5785 :
2822 5736 2952 5784 nullo
2975 5748 3139 5785 sensu.

2193 5801 2207 5823 ‘
2234 5847 2241 5855 .
2272 5816 2333 5851 m.
2360 5809 2430 5849 Er.
2454 5809 2503 5851 et
2531 5810 2652 5855 ωδ..
2676 5816 2690 5861 ς
2711 5803 2966 5849 etcslolcm.
