4050 6206
364 356 436 412 ⁸1)

368 468 509 523 Dixit
540 464 791 522 Ezechiel
819 475 1056 531 sanctus,
1087 462 1343 536 quosdam
1374 465 1712 536 consignatos
1733 479 1875 527 essu,

365 559 467 620 Qui
496 570 711 628 gemunt
732 571 961 630 .pcccata
986 559 1230 624 fratrum,
1258 567 1313 612 et
1341 573 1446 611 non
1466 573 1525 611 se
1550 567 1799 627 separant
1830 554 1954 610 inde

440 648 652 721 (Ruth.
677 664 752 707 Ix.
784 647 865 718 4).

369 743 456 800 Sic
496 758 594 796 nos
622 752 839 811 propter
867 739 1034 794 malos
1052 738 1253 794 ‘l'ratres
1274 780 1289 805 ,
1321 754 1425 793 non
1453 754 1763 810 separemur
1788 753 1815 789 a
1844 752 1955 790 ma-

443 847 544 888 tre.

367 922 519 992 Quod
548 932 675 978 tunc
704 922 851 991 impii
880 921 1143 983 fecerunt,
1176 928 1324 975 extra
1359 920 1597 977 levantes
1616 922 1807 986 altare,

370 1013 438 1071 Ct
466 1013 676 1084 pejores
705 1027 849 1067 nunc
873 1012 1157 1076 haberent,
1191 1027 1350 1083 quam
1377 1027 1511 1083 quos
1543 1027 1602 1068 se
1639 1011 1842 1083 lingunt
1870 1010 1951 1065 l‘u-

437 1107 602 1175 gisse.

372 1194 572 1253 Omnes
592 1195 681 1266 qui
708 1194 956 1266 gaudetis
981 1193 1048 1250 de
1066 1209 1227 1264 pace,
1262 1193 1421 1250 modo
1450 1208 1631 1250 verum
1656 1192 1911 1262 judicate.

368 1357 557 1412 Omnis
598 1356 687 1427 qui
729 1354 1034 1426 Scripturas
1063 1354 1217 1426 legit,
1237 1356 1383 1410 novit
1402 1353 1544 1425 quod
1572 1356 1693 1409 volo
1714 1355 1942 1426 aperire.

369 1449 600 1501 Joannes
626 1447 863 1518 Baptista
892 1446 1026 1501 dixit
1053 1456 1177 1501 tunc
1204 1447 1269 1500 ad
1298 1446 1512 1502 Iudaeos
1538 1456 1719 1516 aperte
1738 1487 1754 1511 ,

370 1538 520 1607 Quod
553 1537 673 1593 illos
694 1547 941 1607 tanquam
969 1548 1147 1592 arcam
1170 1549 1321 1592 suam
1342 1532 1591 1593 'Cbristus
1617 1546 1793 1607 posset
1822 1552 1919 1590 \‘CII
1938 1564 1954 1576 -

443 1632 595 1686 tiiare
618 1630 831 1701 (Matth.
861 1646 938 1694 tu,
971 1628 1079 1699 l2).

373 1720 508 1773 Misit
542 1720 596 1773 in
627 1734 855 1775 messem
892 1719 1165 1790 operarios
1193 1717 1480 1789 discipulos
1520 1717 1810 1789 pnedieare
1841 1716 1951 1787 (lu’.

437 1826 512 1874 ﬂ,
538 1810 629 1879 37)
663 1826 677 1862 :

372 1900 471 1954 Per
493 1915 630 1969 quos
660 1914 783 1954 arca
806 1900 1029 1955 collecta
1059 1908 1161 1967 est,
1190 1907 1245 1954 et
1268 1899 1518 1955 ventilata
1543 1900 1609 1954 de
1629 1914 1806 1954 cruce.

369 1992 519 2047 Tunc
558 1990 686 2061 justi
729 1999 977 2062 tanquam
1022 1991 1345 2046 frumentum
1388 1990 1656 2046 Ecclesias
1699 1991 1955 2061 implere.

438 2091 560 2136 runt
582 2093 748 2148 caste,

374 2174 673 2229 Vendentes
701 2189 819 2244 qum
842 2173 1207 2243 possidebant,
1237 2183 1292 2230 et
1319 2172 1518 2229 mundo
1546 2173 1785 2229 dicentes
1809 2174 1947 2229 vale.

372 2265 445 2319 illi
482 2275 732 2334 tanquam
772 2281 955 2321 semen
1003 2274 1176 2329 erant.
1215 2265 1357 2337 quod
1395 2275 1507 2321 toto
1536 2265 1835 2336 dispersum
1867 2275 1950 2322 est

438 2357 586 2422 urbe,

372 2446 438 2501 Ut
463 2447 563 2502 alia
584 2457 824 2516 surgeret
847 2448 1058 2514 messis,
1086 2463 1205 2520 quae
1232 2447 1533 2503 ventilanda
1566 2454 1645 2502 es‘t
1674 2447 1725 2501 in
1750 2447 1875 2501 line.

374 2536 498 2591 lla-c
519 2538 713 2593 crescit
741 2538 877 2592 inter
899 2539 1122 2601 zizania,
1154 2538 1275 2609 quia
1296 2547 1418 2593 sunt
1449 2537 1682 2593 hmreses
1710 2538 1904 2606 ubique
1930 2555 1944 2592 :

372 2626 539 2694 llujus
565 2627 713 2696 palea
735 2638 860 2682 sunt
902 2622 1104 2696 injusti,
1127 2629 1215 2699 qui
1244 2644 1349 2683 non
1372 2628 1567 2683 suntin
1599 2628 1799 2683 unitate
1828 2625 1943 2699 (Id.

438 2732 550 2779 χιιι.
582 2716 773 2784 21-511,
802 2716 1012 2790 37-43).
1374 2794 1420 2797 Α,
1486 2796 1489 2797 ν
1550 2796 1553 2797 ν
1584 2794 1597 2797 _
1630 2790 1643 2797 ί
1778 2788 1791 2797 ,
1902 2786 1919 2796 .

372 2806 445 2859 Ex
458 2808 656 2878 quibus
671 2808 715 2862 si
736 2821 849 2864 erat
868 2808 1127 2864 Macarius
1142 2852 1159 2876 ,
1178 2825 1274 2864 nos
1293 2794 1446 2893 qua?

366 2895 566 2954 Omnes
593 2900 680 2967 qui
710 2900 947 2971 gaudetis
971 2900 1039 2956 de
1069 2917 1218 2971 pace,
1246 2878 1405 2957 modi
1430 2878 1612 2957 verum

366 3036 514 3093 Pone
558 3039 610 3093 in
640 3039 801 3095 corde
845 3054 1001 3096 areas
1038 3040 1197 3106 duas,
1240 3052 1297 3098 at
1330 3042 1950 3115 possis

592 3130 608 3160 ,
1334 3106 1349 3113 ·
1536 3106 1784 3151 πλαξε
1866 3109 1897 3154 κέ

437 3128 630 3183 dere.
1538 3176 1784 3194 διυ-ιν
1874 3172 1888 3185 θ

368 3218 525 3274 Certe
567 3230 624 3276 et
665 3222 870 3292 priores
905 3222 1170 3279 habebant
1208 3234 1442 3292 sanctos,
1487 3225 1625 3282 sicut
1661 3226 1949 3283 ostendunt

439 3308 746 3380 Scriptum.

370 3398 501 3454 Nam
541 3411 593 3456 et
618 3411 819 3470 septem
865 3403 1027 3459 millia
1078 3403 1312 3459 virorum
1360 3406 1500 3460 Deus
1541 3422 1600 3462 se
1645 3407 1781 3463 dixit
1822 3409 1950 3464 reli-

441 3493 617 3563 quisse
640 3493 729 3562 (lll
754 3493 878 3572 Reg.
913 3511 1023 3560 xix,
1057 3496 1154 3561 l8;
1183 3495 1335 3550 Rom.
1368 3513 1442 3563 st,
1468 3497 1548 3568 4).

376 3585 444 3639 Et
469 3587 772 3640 sacerdotes
799 3595 853 3641 et
878 3603 1050 3658 reges,
1080 3590 1231 3643 multi
1248 3589 1376 3660 justi
1407 3601 1530 3647 sunt
1553 3593 1603 3647 in
1638 3593 1771 3663 lege.

374 3676 448 3731 Ibi
499 3677 662 3733 habes
720 3687 894 3734 tantos
953 3679 1278 3751 Prophetas,
1331 3682 1494 3739 habes
1542 3682 1737 3739 multos
1783 3693 1837 3739 ct
1879 3685 1946 3741 dc

446 3769 615 3836 plebe.

382 3859 471 3913 Dic
500 3859 628 3914 mihi
651 3859 770 3930 quis
794 3869 916 3915 tunc
937 3860 1204 3931 justornm
1233 3864 1498 3932 separabit
1526 3865 1626 3918 sibi
1657 3865 1860 3920 altare?

378 3951 535 4004 llulta
560 3952 761 4006 scelera
781 3953 1096 4008 admittebat
1122 3954 1333 4025 iniquus
1363 3944 1590 4024 populus
1619 3955 1742 4020 ille,

378 4037 534 4095 [dolis
557 4042 911 4097 sacriﬁcatum
934 4051 1040 4108 est,
1058 4050 1142 4098 tot
1169 4045 1190 4076 ³
1216 4043 1376 4099 occisi
1403 4054 1528 4099 sunt
1554 4044 1845 4114 propin-tre.

381 4130 443 4184 Et
466 4146 625 4186 nemo
651 4140 827 4187 tamen
844 4133 1110 4202 justorum
1135 4135 1360 4190 recessit
1382 4135 1706 4193 abzunitate.

378 4219 509 4274 Justi
533 4220 756 4291 injustas
777 4222 1121 4285 suﬂerelrant.
1155 4231 1381 4278 venturo
1405 4225 1741 4282 ventilatore.

379 4311 496 4369 Uno
519 4314 718 4383 trmpln
740 4315 1129 4380 miscebantur,
1162 4316 1255 4371 sed
1284 4316 1433 4372 mixti
1459 4333 1563 4372 non
1594 4331 1747 4374 emat
1772 4321 1955 4377 corde.

381 4407 633 4463 Dicebant
660 4407 712 4462 in
737 4408 855 4463 illos
876 4417 1038 4474 tanta,
1069 4418 1123 4466 et
1154 4427 1314 4465 unum
1339 4409 1602 4467 habebant
1626 4411 1817 4468 altare.

382 4496 576 4554 Omnes
596 4501 684 4571 qui
710 4501 950 4572 gaudetis
977 4500 1047 4556 de
1065 4516 1216 4571 pace,
1242 4502 1402 4557 modo
1429 4515 1610 4557 terum
1631 4503 1883 4573 judicate.

389 4654 524 4723 Quid
571 4656 721 4712 \obis
753 4657 821 4712 ad
867 4656 982 4713 haec
1031 4656 1280 4712 videtur?
1327 4656 1574 4713 Secunda
1623 4658 1815 4713 messis
1861 4658 1964 4713 Ec~

459 4748 656 4813 clesim,

390 4837 520 4901 Quae
548 4854 642 4907 per
681 4847 846 4893 totum
869 4839 1051 4894 orbem
1075 4839 1302 4904 crescit,
1328 4838 1473 4907 plura
1499 4838 1657 4893 debet
1677 4840 1961 4893 sustinere.

390 4930 561 4987 liabet
600 4932 742 4987 enim
773 4932 980 4988 Domitii
1023 4931 1355 5001 exeniplmn,
1380 4931 1507 4986 cl-itt
1534 4929 1666 4987 Juda
1710 4930 1964 4987 traditore

459 5021 669 5092 (Matth.
700 5039 756 5089 κ,
782 5023 861 5090 4).

391 5110 543 5167 "Illic
567 5113 708 5169 inter
728 5114 896 5169 bonos
919 5112 1142 5178 terebat,
1165 5111 1308 5167 hunc
1333 5111 1475 5167 misit
1502 5122 1557 5168 et
1582 5110 1891 5182 prmdicare.

390 5202 556 5257 .‘dains
581 5218 774 5260 servus
799 5203 1136 5275 praedicabat,
1166 5204 1259 5259 sed
1284 5203 1527 5259 Christus
1551 5215 1665 5260 erat
1690 5204 1742 5259 in
1770 5204 1894 5259 ﬁde.

394 5293 525 5359 Quia
566 5294 657 5366 qui
694 5293 862 5365 judici
899 5293 1221 5358 credebant,
1269 5309 1375 5348 non
1421 5294 1680 5349 curabant
1713 5293 1782 5349 de
1828 5309 1964 5362 prae-

458 5399 613 5441 conc.

393 5474 617 5541 Quando
645 5474 792 5531 dedit
814 5483 1051 5530 sanctam
1072 5488 1302 5541 cauam,
1323 5489 1424 5530 nec
1451 5487 1577 5530 tunc
1616 5474 1762 5529 illum
1787 5474 1970 5529 exclu-

463 5566 532 5622 sit
551 5566 674 5622 inde
697 5564 806 5639 (Id.
833 5582 980 5635 ιιτι,
1006 5565 1101 5637 ‘25)
1130 5584 1146 5621 :

455 5740 473 5769 ⁸
501 5746 600 5789 Am.
626 5746 700 5789 Er.
726 5747 779 5792 et
792 5746 921 5799 Mss,
939 5735 992 5788 in
1016 5737 1162 5789 corde
1177 5733 1354 5787 ridere.

457 5804 477 5832 ⁸
497 5806 664 5863 Deest,
684 5807 767 5864 tot,
790 5802 838 5851 in
862 5800 1055 5852 excutis
1077 5808 1174 5847 Am.
1200 5806 1251 5848 et
1276 5804 1348 5848 tr.

1365 350 1673 411 PSALMUS
1710 351 1981 407 CONTPH
2021 348 2300 406 PARTEM
2341 351 2614 409 DONATI.

3573 373 3647 427 30

2065 463 2121 517 Et
2156 473 2337 531 posset
2364 480 2458 535 per
2486 464 2631 519 illum
2663 464 2818 529 tradi,
2844 465 3006 521 etiam
3030 467 3074 522 si
3096 469 3298 524 exisset
3321 479 3468 527 ante.

2062 555 2166 608 Sed
2193 555 2346 609 nobis
2384 557 2684 626 exemplum
2728 556 2908 611 datum
2948 565 3032 612 est
3072 560 3240 616 malos
3281 560 3470 617 intres
3509 565 3646 620 tole-

2137 660 2276 711 rare,

2063 732 2131 790 Ut
2179 732 2392 804 quando
2436 749 2541 789 non
2586 745 2820 806 possunt
2873 738 3123 804 excludi,
3164 740 3283 794 solo
3332 756 3646 813 separemur

2131 823 2296 879 corde
2319 825 2357 878 '.

2059 911 2257 969 Omnes
2281 914 2368 984 qui
2391 890 2635 985 gaudetis
2658 916 2727 974 dc
2750 933 2903 989 pace,
2929 919 3088 976 modo
3113 937 3294 978 verum
3314 923 3572 992 judicate.

2062 1074 2232 1144 Rogo,
2260 1074 2579 1146 reSpondete
2600 1076 2775 1144 nobis,
2805 1078 2929 1149 quid
2955 1081 3111 1136 vultis
3133 1082 3502 1154 rebaptizarel

2059 1165 2262 1235 Lapsus
2284 1167 2588 1223 sacerdotes
2616 1177 2820 1225 vestros
2850 1169 3042 1240 pellitis
3065 1188 3091 1224 a
3119 1176 3490 1230 communione
3522 1194 3538 1232 :

2062 1255 2128 1309 Et
2160 1272 2316 1311 nemo
2339 1266 2511 1312 tamen
2542 1268 2654 1328 post
2683 1257 2802 1313 illos
2827 1276 2986 1315 ausus
3012 1270 3094 1315 est
3121 1263 3478 1332 rebaptizare;

2061 1344 2130 1398 Et
2190 1360 2553 1416 quoscumque
2612 1347 2982 1418 baptizarunt,
3044 1352 3194 1406 vobis
3249 1355 3648 1410 communicant

2128 1434 2309 1491 hodie.

2059 1526 2196 1593 Quid
2222 1528 2383 1585 abiis
2409 1540 2756 1601 acceperunt,
2789 1531 2831 1587 si
2866 1549 2969 1587 non
3012 1532 3280 1591 habebant
3317 1537 3441 1606 quid
3473 1538 3601 1593 dare
3622 1539 3649 1593 τ

2060 1617 2242 1688 Legite
2268 1621 2536 1690 quomodo
2564 1621 2791 1677 adulteri
2825 1623 3108 1691 puniantur
3133 1626 3183 1679 in
3208 1637 3389 1682 sancta
3419 1628 3556 1695 lege.

2058 1708 2174 1763 Non
2199 1712 2341 1765 enim
2373 1711 2551 1768 dicere
2578 1722 2799 1783 possunt
2824 1715 2965 1784 quod
2988 1726 3272 1784 peccarunt
3295 1733 3324 1770 a
3354 1717 3565 1772 timore.

2058 1803 2115 1857 Si
2143 1803 2311 1858 sancti
2342 1803 2442 1857 soli
2472 1805 2761 1875 baptizant,
2784 1817 2906 1877 post
2932 1808 3062 1863 istos
3084 1808 3427 1879 rebaptizatc.

1971 1948 1979 1957 ,
2057 1892 2193 1958 Quid
2219 1894 2613 1949 calumniamini
2646 1898 2819 1962 nobis,
2848 1899 2970 1967 quia
2995 1914 3179 1953 sumus
3203 1900 3252 1952 in
3277 1900 3501 1965 uninttc,

2056 1983 2157 2050 Qui
2182 1985 2414 2040 nondum
2437 2000 2651 2042 eramus
2681 1990 2786 2043 miti
2813 1990 2865 2043 in
2886 1990 2983 2044 'illa
3012 1992 3415 2059 perseuttione?

2055 2071 2321 2144 Scriptum
2348 2086 2464 2142 est,
2496 2090 2710 2147 peccata
2740 2089 2948 2151 patrum
2974 2082 3040 2137 ad
3071 2082 3209 2139 ﬁlios
3234 2098 3340 2139 non
3377 2085 3646 2156 pertinere

2134 2166 2307 2239 (Deut.
2336 2186 2483 2235 utr,
2508 2169 2621 2241 l6).

2056 2258 2162 2314 Sed
2180 2274 2339 2314 nemo
2358 2260 2449 2315 dat
2468 2261 2698 2317 fructum
2717 2263 2937 2328 bonum.
2980 2266 3023 2321 si
3046 2265 3298 2334 prmcisus
3317 2277 3395 2321 est
3413 2268 3483 2323 de
3510 2268 3639 2325 vite.

2055 2351 2255 2410 Omnes
2278 2354 2367 2424 qui
2391 2354 2634 2426 gaudetis
2655 2355 2725 2411 de
2764 2371 2905 2426 pace
2930 2397 2944 2421 ,
2969 2356 3127 2412 modo
3167 2372 3352 2413 verum
3377 2359 3636 2427 judieatc.

2054 2491 2214 2547 Scitis
2242 2492 2514 2550 Catholica
2540 2494 2663 2566 quid
2692 2496 2783 2560 sit,
2815 2504 2870 2552 et
2888 2495 3011 2566 quid
3036 2496 3108 2552 sit
3132 2497 3410 2567 plvecisum
3432 2513 3463 2552 a
3490 2498 3592 2553 vite
3622 2516 3636 2552 :

2054 2580 2109 2635 Si
2130 2583 2218 2652 qui
2248 2591 2373 2638 sunt
2394 2584 2534 2640 inter
2553 2601 2648 2639 vos
2672 2585 2836 2652 cauti,
2864 2586 3098 2650 veniant,
3130 2587 3308 2641 vivant
3339 2587 3389 2641 in
3419 2587 3598 2644 radice
3623 2606 3640 2653 ;

2054 2670 2351 2744 Antequam
2376 2675 2537 2730 nimis
2556 2687 2818 2741 arescant,
2836 2676 2947 2748 jam
2975 2676 3266 2733 liberentur
3289 2678 3357 2732 ab
3384 2679 3523 2749 igne.

2012 2762 2788 2848 ῖ1ξ1ροξξηειιξιδὲξιήριίῑειιηυε,
2830 2768 2972 2840 quod
3011 2786 3174 2825 unum
3213 2771 3421 2841 signum
3461 2779 3543 2826 est
3589 2771 3645 2826 in

2018 2843 2032 2848 ”
2249 2852 2303 2887 ,ο
2345 2843 2528 2868 ..⁸00

2017 2855 2303 2912 coalito.
2347 2881 2447 2901 ⁸’“
2528 2882 2543 2891 ⁴

2052 2948 2171 3004 Non
2194 2949 2315 3019 quia
2333 2964 2429 3005 vos
2453 2958 2666 3005 sanctos
2694 2949 2955 3017 videmus,
2984 2951 3077 3005 sed
3104 2951 3272 3007 solam
3304 2950 3529 3007 formam
3560 2962 3643 3008 te-

2024 3038 2105 3071 θιδο
2172 3034 2184 3045 ’δ
2250 3032 2265 3043 ν
2318 3036 2325 3041 ¹
2374 3044 2391 3054 υ
2431 3040 2448 3052 ο
2501 3040 2517 3053 οι
2558 3040 2571 3051 d
2616 3054 2632 3068 υ

2028 3084 2042 3098 .
2124 3047 2379 3101 ΰϋῒερθο
2442 3066 2507 3084 σο
2566 3066 2665 3095 υ›.

2053 3099 2096 3116 0-
2322 3090 2327 3103 ¹
2448 3108 2505 3115 νη

2210 3131 2391 3204 ipsum
2432 3130 2665 3188 t‘or‘m’am
2682 3130 2861 3188 "habet
2900 3143 3249 3200 sarmentum,
3283 3134 3424 3205 quod
3451 3136 3644 3205 praeci-

2127 3239 2245 3279 smn
2269 3232 2353 3278 est
2370 3223 2439 3279 de
2463 3223 2590 3279 vite.

2056 3314 2160 3370 Sed
2191 3314 2316 3385 quid
2340 3314 2412 3368 illi
2430 3313 2659 3385 prodest
2681 3313 2847 3370 forma
2866 3355 2882 3378 ,
2910 3314 2954 3369 si
2982 3329 3087 3369 non
3117 3315 3245 3369 vivit
3264 3314 3331 3369 de
3359 3314 3578 3372 radice?

2057 3405 2267 3468 Venite,
2299 3403 2513 3471 fratres,
2540 3405 2584 3460 si
2604 3405 2765 3460 vultis
2786 3413 2842 3459 ut
2870 3403 3177 3459 lnseramini
3211 3406 3261 3458 in
3281 3406 3408 3460 vite.

2062 3497 2222 3553 Dolor
2250 3505 2332 3553 est
2351 3511 2472 3552 cum
2502 3511 2598 3551 vos
2624 3496 2868 3551 videmus
2897 3495 3151 3566 prtecisos
3176 3496 3245 3550 ita
3265 3494 3463 3565 jacere.

2057 3589 2345 3644 Numerate
2369 3587 2673 3644 sacerdotes
2701 3588 2785 3643 vel
2805 3586 2873 3641 ab
2900 3588 3013 3657 ipsa
3036 3586 3178 3642 Petri
3202 3587 3327 3641 sede.
3343 3628 3358 3647 .

2060 3680 2129 3735 Et
2153 3682 2204 3735 in
2233 3680 2420 3736 ordine
2441 3679 2534 3736 illo
2558 3689 2765 3750 patrum
2789 3679 2910 3750 quis
2935 3679 3019 3733 cui
3046 3678 3321 3741 successit.
3352 3677 3529 3733 videte
3556 3697 3570 3732 :

2060 3770 2177 3841 Ipsa
2206 3781 2290 3825 est
2312 3779 2484 3840 petra,
2517 3785 2675 3840 quam
2705 3784 2813 3825 non
2838 3770 3056 3825 vincunt
3082 3769 3328 3839 superbae
3356 3768 3649 3824 inferorum

2129 3871 2294 3931 portae
2319 3860 2526 3932 (Matth.
2558 3877 2666 3926 xvr,
2697 3861 2809 3930 l8).

2058 3950 2259 4010 Omnes
2288 3952 2380 4024 qui
2403 3952 2648 4024 gaudetis
2666 3952 2738 4009 de
2762 3968 2912 4033 pace,
2945 3953 3105 4009 modo
3126 3969 3313 4009 verum
3335 3953 3591 4023 judicate.

2061 4086 2205 4143 Talis
2233 4087 2277 4143 si
2305 4087 2423 4158 quis
2442 4086 2511 4143 a‘d
2540 4096 2592 4144 te
2621 4086 2844 4144 veniat’
2865 4088 3055 4160 plenus
3074 4087 3332 4143 catholica
3362 4088 3486 4155 lidc,

2056 4180 2258 4248 Quales
2275 4180 2398 4237 illos
2420 4189 2636 4236 sanctos
2660 4182 2806 4237 viros
2829 4195 3017 4235 omnes
3032 4180 3266 4236 solemus
3288 4180 3504 4243 audire;

2046 4271 2131 4326 «Ει
2150 4274 2198 4325 si
2230 4271 2324 4326 tibi
2348 4271 2512 4336 ditat,
2540 4270 2748 4337 Frater,
2772 4270 2900 4343 quid
2928 4286 3016 4327 me
3038 4271 3118 4326 vis
3141 4270 3509 4341 rebaptizare?

2062 4361 2201 4427 Quid
2226 4361 2445 4417 sitante
2470 4360 2666 4416 factum
2689 4362 2889 4428 nescio,
2916 4376 3061 4417 nunc
3077 4371 3254 4417 autem
3277 4378 3393 4418 sum
3424 4362 3475 4417 in
3494 4360 3649 4418 libri.

2134 4453 2202 4508 sti
2234 4450 2360 4507 nde.

2063 4544 2121 4601 Si
2149 4544 2490 4601 me‘maculat
2512 4542 2655 4615 quod
2681 4544 2895 4611 nescio,
2926 4552 2983 4599 tu
3004 4544 3176 4617 qualis
3202 4544 3441 4602 Sis‘nanc
3468 4554 3645 4612 osteno

2136 4635 2224 4691 de.

2065 4725 2254 4782 Vultus
2281 4734 2399 4781 tuos
2422 4740 2549 4782 ecce
2569 4724 2808 4793 attendo,
2835 4725 3023 4797 ignoro
3045 4726 3170 4798 quid
3192 4726 3259 4780 sit
3290 4727 3341 4781 in
3364 4728 3545 4781 corde.

2067 4817 2235 4871 Sitne
2261 4817 2495 4872 maculat
2518 4816 2659 4887 quod
2689 4817 2893 4881 nescio,
2922 4828 2975 4871 tu
2994 4833 3081 4872 me
3108 4818 3344 4872 maculas
3372 4816 3615 4885 fortasse;

2072 4906 2206 4961 Etsi
2236 4906 2407 4962 credo
2419 4922 2541 4963 esse
2556 4915 2830 4971 sanetum,
2858 4906 3053 4977 quibus
3076 4908 3441 4962 communit-as
3467 4908 3604 4962 vide.

2010 5040 2017 5041 κ
2068 4995 2124 5052 Si
2153 4996 2386 5051 ntacttlat
2424 4995 2570 5067 quod
2611 4996 2913 5064 noscimus,
2950 4996 3063 5066 jam
3098 5012 3205 5052 non
3248 5007 3399 5067 potes
3442 5008 3659 5061 sanctus

2132 5103 2280 5154 esse,

2068 5178 2237 5246 Quem
2267 5178 2534 5235 maculant
2574 5187 2653 5234 tot
2692 5186 2908 5249 peccata
2928 5221 2942 5246 ,
2974 5194 3094 5250 quae
3126 5178 3467 5235 committunt
3492 5184 3657 5241 vestri

2140 5270 2367 5326 occulte.

2071 5363 2130 5422 .‘ii
2154 5372 2332 5419 autem
2356 5361 2497 5433 quod
2515 5363 2689 5419 nescis
2719 5377 2825 5417 non
2843 5376 3021 5427 curas,
3044 5378 3145 5419 nec
3162 5376 3265 5432 ego
3292 5358 3432 5431 quod
3460 5360 3655 5432 laetum

2141 5464 2228 5510 OSl
2252 5464 2398 5509 ante.

2077 5544 2141 5601 λι
2170 5554 2345 5599 tamen
2372 5543 2718 5599 christianum
2746 5544 3090 5600 talem‘audcs
3116 5541 3465 5611 rebaptisare.

2074 5680 2151 5786 ﬂ"
2175 5675 2435 5786 Ιὲἱὲἱᾶἑῖέο
2456 5681 2737 5739 separentur
2776 5675 2939 5726 corde.
2980 5677 3146 5739 Aptius
3186 5682 3273 5724 Mss
3313 5710 3330 5736 ,
3368 5675 3467 5728 solo
3523 5686 3658 5741 πρίῃ

2130 5752 2173 5784 m
2407 5772 2420 5784 .

2102 5751 2236 5787 t’illw'
2258 5751 2420 5786 carae.

2136 5802 2156 5832 ι
2181 5806 2251 5847 Er.
2270 5798 2420 5863 Lugd.
2442 5795 2584 5859 i'en.,
2612 5796 2734 5854 Totis
2753 5798 2798 5850 si
2813 5797 2917 5867 quia
2939 5796 3182 5857 adveniat.
3231 5805 3286 5864 ιι.
