4054 6210
342 362 406 412 :55

344 472 560 542 junctis,
610 464 703 520 sed
758 459 853 529 ipsi
904 456 1017 510 orbi
1068 460 1458 530 terrarumpcr
1487 438 1915 495 communionem

339 528 806 622 i‘ouuectereutur.
861 544 1237 603 Parmenianus
1284 528 1459 592 autem
1508 532 1793 598 cmtcrique
1820 528 1922 581 Do-

345 659 555 714 natista‘
576 650 815 705 viderunt
849 643 948 696 huc
974 652 1092 692 esse
1121 643 1473 701 consequens,
1524 636 1575 679 et
1620 625 1923 678 maluerunt

342 709 619 816 suscipere
644 733 1114 794 obstinatissimum
1131 725 1364 779 animum
1386 719 1639 774 adversus
1656 709 1900 783 apt‘t‘lissi
1920 739 1928 745 -

348 811 787 897 mam-veritatem
815 840 972 896 quam
1004 818 1293 876 Tichonius
1330 811 1622 873 asserebat,
1662 821 1819 877 quam
1867 819 1930 857 ea

344 940 599 986 concessa
640 917 879 992 superari
930 914 998 968 ab
1027 909 1292 967 Africanis
1323 902 1601 967 Ecclesiis,
1647 914 1763 967 quae
1790 897 1932 951 illius

348 1018 570 1074 unitatis
593 1028 749 1084 quam
772 1006 1062 1063 Tichonius
1089 999 1379 1061 asserebat,
1410 992 1784 1050 communione
1805 1004 1937 1054 gau-

348 1114 559 1171 derent,
612 1081 751 1159 unde
797 1115 855 1153 sc
903 1097 989 1151 isti
1035 1097 1394 1162 separassent.
1440 1086 1511 1141 Et
1552 1081 1936 1139 Parmeniauus

349 1169 570 1271 quidem
602 1196 773 1266 primo
804 1205 923 1244 eum
968 1202 1066 1257 per
1091 1181 1368 1253 epistolam
1394 1178 1540 1232 velut
1564 1169 1935 1271 corrigendum

357 1261 566 1363 putavit
604 1261 625 1343 ⁷ε
676 1294 859 1357 postea
886 1294 1015 1334 vero
1059 1292 1123 1332 ex
1180 1272 1406 1329 concilio
1459 1282 1644 1325 eorum
1699 1261 1942 1361 perhibet

356 1350 693 1437 damnatum:
721 1371 969 1444 Epistula:
997 1368 1174 1435 itaque
1230 1356 1582 1422 Parmeniani,
1624 1369 1780 1423 quam
1806 1350 1942 1405 scri-

357 1474 540 1545 psitad
560 1456 1310 1531 Tiehonium,reprehendens
1330 1468 1472 1516 eum,
1491 1448 1630 1517 quod
1657 1444 1943 1545 Ecclesiam

358 1535 675 1635 pra-dicaret
700 1568 809 1611 ιοιο
836 1554 969 1608 orbe
999 1550 1267 1611 diffusam,
1299 1556 1349 1600 et
1375 1547 1669 1599 admonens
1698 1554 1764 1593 ne
1802 1535 1947 1589 face-

360 1632 421 1711 re
448 1654 689 1716 auderet,
720 1650 821 1703 huc
850 1660 1013 1715 opere
1040 1642 1322 1697 statuimus
1351 1632 1699 1705 respondere.

437 1745 665 1802 CAPUT
706 1742 769 1795 11.
799 1770 868 1781 -—
892 1739 946 1793 2.
993 1733 1125 1790 illud
1162 1733 1337 1800 itaque
1372 1729 1605 1801 primum
1652 1721 1945 1783 videamus,

364 1844 522 1915 quale
552 1842 637 1904 sit,
669 1837 811 1907 quod
846 1856 864 1888 ι
913 1833 1095 1889 Gallos
1117 1840 1169 1885 et
1199 1829 1465 1897 Hispanos
1494 1832 1548 1878 et
1592 1820 1754 1915 italos
1776 1826 1951 1915 et

367 1903 484 1988 rum
510 1903 706 1989 socios,
748 1945 766 1978 ι
798 1939 933 1994 quos
962 1922 1142 1990 utique
1169 1927 1336 1972 totum
1362 1915 1548 1969 orbem
1574 1910 1688 1962 vult
1711 1903 1949 1973 intelligi,

375 2042 395 2075 ο
423 2019 766 2077 traditurihus
812 2012 1073 2070 Africanis
1102 2004 1424 2065 commercio
1466 2001 1726 2057 scelerum
1757 2006 1811 2051 et
1862 2010 1955 2048 so-

369 2112 559 2167 cietate
576 2108 865 2163 criminum
900 2124 920 2156 ι
964 2102 1091 2156 dicit
1123 2118 1143 2151 (
1174 2112 1293 2152 esse
1328 2091 1652 2151 consimiles.
1689 2108 1708 2142 ι
1744 2084 1956 2142 Homini

374 2207 515 2257 enim
547 2201 613 2255 de
652 2196 942 2268 Scripturis
984 2191 1181 2247 sanctis
1220 2184 1509 2261 proferenti
1561 2191 1666 2236 tam
1717 2178 1880 2233 multa
1906 2185 1959 2229 et

378 2306 484 2349 tam
516 2290 742 2362 ingentia
774 2289 1112 2346 documenta.
1147 2283 1258 2352 ipse
1290 2280 1405 2333 sine
1432 2271 1766 2332 documentis
1791 2268 1960 2337 loqui-

376 2397 462 2441 tur
488 2395 540 2439 et
568 2359 682 2436 vult
712 2380 841 2436 nihil
872 2377 1105 2447 probans
1133 2372 1276 2427 credi
1304 2370 1401 2424 sibi
1429 2385 1444 2433 ;
1473 2367 1698 2421 invitan's
1729 2374 1858 2417 eum
1884 2359 1965 2413 vi-

382 2478 568 2532 delicet
604 2474 670 2528 ad
715 2470 1062 2525 imitationem
1112 2465 1214 2528 sui,
1247 2462 1371 2530 quia
1395 2470 1449 2515 et
1487 2458 1602 2527 ipse
1647 2451 1963 2525 quibusdam

378 2565 711 2636 coepiscopis
738 2562 847 2616 suis
870 2568 1050 2614 contra
1085 2565 1160 2610 tot
1186 2551 1455 2607 Ecclesias
1481 2562 1573 2618 per
1613 2552 1812 2598 tantam
1840 2540 1963 2636 lati-

380 2631 909 2711 tudinem—terrarum
941 2648 1175 2702 omnium
1224 2641 1562 2703 constitutas,
1600 2651 1705 2690 non
1754 2631 1856 2687 nisi
1884 2631 1965 2684 lo-

377 2747 668 2818 quentibus
696 2742 942 2798 credidit.
968 2740 1079 2806 Qua
1107 2733 1421 2789 credulitate
1453 2727 1575 2798 quid
1608 2724 1967 2818 magis-teme-

380 2813 580 2895 rarium
604 2834 823 2905 reperiri
852 2829 1064 2901 potest?
1094 2826 1229 2881 Dicit
1255 2822 1394 2878 enim
1419 2838 1437 2870 ι
1466 2817 1732 2888 legatione
1763 2813 1970 2875 functos

380 2928 661 3001 quosdam,
700 2943 719 2977 ι
759 2925 893 2977 sicut
937 2921 1050 2989 ipse
1098 2914 1311 2973 asserit,
1349 2930 1369 2963 ι
1408 2906 1751 2963 fidelissimos
1780 2911 1965 3001 testes,

380 2992 450 3075 :{a
478 3018 690 3073 easdem
737 3012 953 3067 venisse
985 3004 1303 3077 provincias,
1341 3020 1362 3054 ›
1413 2996 1604 3052 deinde
1652 3013 1669 3045 ‹
1706 2992 1973 3063 geminato

381 3110 617 3165 adventu
648 3102 1121 3160 sanetissiutorum,
1157 3115 1176 3148 ι
1224 3094 1362 3147 sicut
1386 3091 1499 3159 ipse
1525 3086 1673 3151 dicit,
1709 3104 1730 3136 ἰ
1766 3079 1975 3143 Domini

384 3200 762 3261 sacerdotum,
814 3190 1075 3251 dilucide,
1122 3184 1333 3257 plenius
1371 3196 1433 3235 ac
1476 3177 1656 3231 verius
1710 3172 1973 3261 publicata

384 3306 509 3346 esse
543 3307 562 3341 ι
612 3302 729 3356 qua}
750 3259 1054 3351 vohjiciuut;
1088 3277 1246 3329 homo
1266 3279 1458 3343 putans
1489 3266 1590 3321 sibi
1630 3264 1800 3334 magis
1830 3259 1974 3315 credi

386 3381 588 3437 debere
604 3350 759 3447 quam
785 3350 909 3426 Deo.
936 3368 1139 3424 Profert
1159 3362 1446 3420 Tichonius
1466 3357 1633 3415 divini
1649 3350 1980 3447 Testamenti

389 3441 646 3529 tonitrua,
664 3463 801 3536 quod
829 3460 1020 3515 factum
1035 3466 1114 3511 est
1146 3456 1196 3509 iu
1222 3449 1574 3523 promissione
1601 3444 1827 3500 Abrahae
1856 3450 1908 3495 et
1926 3441 1978 3494 in

394 3558 752 3634 promissione
782 3554 925 3609 Isaac
945 3560 997 3603 et
1020 3546 1203 3611 Jacob,
1231 3557 1454 3614 quorum
1478 3554 1536 3593 se
1570 3538 1737 3591 Deum
1759 3540 1982 3634 testatur

392 3622 581 3709 dicens
606 3668 617 3703 :
646 3647 753 3719 Ego
783 3660 894 3699 sum
939 3642 1069 3695 Deus
1094 3636 1365 3701 Abraham,
1397 3632 1533 3685 Deus
1577 3628 1746 3690 Isaac,
1776 3634 1821 3678 et
1848 3622 1984 3719 Deus

392 3744 583 3808 Jacob;
603 3712 893 3794 ltoc'nomen
917 3743 987 3787 est
1002 3730 1121 3785 milii
1140 3730 1193 3783 in
1214 3736 1451 3781 wterntun
1467 3717 1659 3794 (Exod.
1686 3732 1762 3780 nt,
1791 3716 1841 3779 6,
1865 3712 1981 3782 15).

402 3837 469 3890 lit
510 3837 610 3887 iste
635 3826 854 3900 opponit
893 3821 1227 3878 narrationes
1267 3810 1703 3870 consacerdotum
1741 3818 1982 3900 suorum.

395 3924 537 3994 Quid
564 3893 759 3978 dictum
785 3927 866 3973 est
888 3915 952 3971 ad
986 3910 1247 3968 Abraham
1274 3905 1299 3961 ?
1348 3903 1411 3959 In
1440 3901 1640 3994 semine
1665 3908 1748 3994 tuo
1788 3893 1988 3950 benedi-

398 3989 580 4071 centur
606 4029 775 4067 omnes
806 4020 973 4081 gentes
1005 4003 1155 4075 (Gen.
1188 4013 1314 4061 uti,
1352 3994 1463 4062 18).
1505 3989 1643 4059 Quid
1675 3989 1874 4041 dictum
1905 3994 1989 4038 est

401 4109 470 4164 ad
494 4104 679 4162 Isaac?
706 4101 774 4156 Et
804 4098 1155 4154 benedicentur
1184 4092 1234 4140 in
1275 4082 1462 4137 semine
1499 4090 1584 4130 tuo
1626 4092 1797 4128 omnes
1819 4083 1990 4143 gentes

404 4209 573 4260 terra,
602 4210 694 4265 pro
722 4208 779 4244 eo
809 4187 941 4257 quod
971 4186 986 4216 ⁸
1019 4178 1210 4234 audivit
1239 4170 1491 4247 Abraham
1517 4175 1657 4237 pater
1681 4174 1991 4265 tuus-vocem

407 4251 572 4342 meum
596 4251 707 4349 (Id.
755 4251 897 4341 xxvi,
944 4275 1000 4338 ι,
1031 4272 1106 4339 5).
1154 4263 1290 4333 Quid
1334 4261 1533 4316 dictum
1556 4264 1658 4349 icst
1696 4254 1759 4349 ad
1789 4251 1993 4309 Jacob?

412 4377 523 4449 Ego
544 4343 654 4427 sunt
709 4370 843 4423 Deus
886 4362 1101 4419 Abt-alta:
1130 4357 1287 4429 patris
1328 4353 1420 4418 tui,
1450 4360 1496 4405 et
1705 4343 1898 4449 Isqlacz
1934 4356 1994 4449 ne

409 4434 609 4521 timeas.
642 4459 853 4515 Terram
880 4455 1010 4508 enim
1034 4465 1190 4522 supra
1234 4460 1386 4517 quam
1425 4452 1479 4495 tu
1514 4438 1723 4502 dormis,
1749 4435 1835 4489 tibi
1865 4434 1994 4486 dabo

409 4569 460 4611 et
483 4554 659 4611 semini
688 4562 771 4605 tuo
789 4566 810 4604 ~:
828 4558 878 4601 et
904 4546 995 4601 erit
1016 4558 1182 4598 semen
1208 4549 1348 4591 tuum
1383 4535 1509 4589 sicut
1538 4547 1691 4585 arena
1714 4527 1917 4590 terraz’,
1948 4532 1994 4576 et

413 4649 687 4723 replebitur
722 4646 774 4700 in
807 4657 943 4695 mare
968 4648 1013 4693 et
1038 4638 1089 4691 in
1136 4632 1350 4701 africum
1388 4637 1434 4684 et
1464 4628 1516 4679 in
1554 4623 1837 4693 aquilonem
1878 4617 1999 4669 etin

416 4716 694 4802 orientem;
721 4746 766 4790 et
809 4732 1155 4788 benedicentur
1196 4726 1248 4779 in
1278 4734 1324 4777 te
1353 4736 1524 4775 ontues
1577 4716 1733 4770 tribus
1761 4724 1925 4778 terrm,
1953 4719 1999 4762 et

417 4836 473 4888 in
495 4831 679 4887 semine
709 4837 791 4883 tuo
817 4824 926 4897 (Id.
963 4834 1148 4882 xxviii,
1174 4817 1258 4879 15,
1292 4814 1398 4882 ll).
1419 4810 1491 4864 Ne
1514 4817 1687 4862 autem
1717 4804 1782 4857 de
1806 4802 2002 4897 induas

419 4926 620 4980 dictum
643 4892 862 4991 putent“;
888 4912 1009 4984 quid
1037 4910 1105 4965 sit
1123 4920 1302 4965 semen
1329 4900 1576 4962 Abrahat,
1601 4896 1653 4951 iu
1676 4910 1781 4965 quo
1804 4892 2003 4991 dictum

421 5027 505 5072 est
537 4985 925 5068 bettedicendas
959 5016 1148 5059 omnes
1186 5006 1395 5068 gentes,
1436 4998 1671 5061 exponat
1698 4985 2002 5059 Apostolus.

427 5107 665 5169 librabat,
696 5100 884 5170 inquit,
915 5097 1061 5151 dicta’
1081 5099 1193 5147 sunt
1211 5086 1563 5161 promissiones
1587 5092 1635 5134 et
1664 5078 1841 5133 semini
1861 5078 1969 5148 ejus
1986 5091 2009 5130 :

428 5217 528 5255 non
559 5197 700 5261 dicit,
753 5192 819 5246 Et
847 5188 1136 5250 seminibus,
1188 5194 1424 5250 tanquam
1453 5177 1507 5230 in
1531 5173 1737 5235 multis;
1763 5170 1850 5223 sed
1893 5178 2009 5219 tan-

429 5308 583 5365 quam
603 5290 655 5342 in
677 5259 801 5347 uno,
829 5282 895 5336 Et
916 5279 1090 5336 semini
1121 5286 1227 5345 tuo,
1253 5271 1389 5341 quod
1434 5277 1504 5327 est
1539 5265 1772 5365 cluiani
1815 5259 2006 5363 (Colat.

434 5352 514 5449 in,
541 5376 657 5451 16).
686 5375 743 5433 in
762 5372 979 5430 Christo
999 5381 1127 5438 ergo
1152 5377 1341 5420 ornncs
1369 5369 1558 5432 gentes
1583 5352 2011 5412 benedictionem

443 5474 743 5537 habituras,
772 5475 919 5521 tanta
937 5458 1267 5518 auctoritate
1287 5452 1614 5524 promissum
1639 5455 1743 5510 est,
1760 5453 1909 5497 tanta
1933 5456 2019 5495 ex-

438 5562 667 5619 hibitum
704 5562 967 5622 veritate;
1000 5563 1054 5609 et
1076 5547 1461 5605 contradicunt
1482 5543 1575 5614 qui
1598 5556 1657 5597 se
1680 5537 2021 5595 Christianos

502 5740 524 5775 ι
559 5735 611 5786 [ιι
644 5738 743 5790 διες
790 5741 979 5802 propter
1017 5727 1164 5797 quod.

1145 332 1413 389 CONTRA
1456 323 1839 382 EPlSTOlASl
1885 316 2321 379 ΡΛΒΜΕΝΙΑΝΙ.
2360 318 2418 375 S.
2460 314 2825 374 AUGUSTINI

2032 432 2133 487 dici
2160 431 2373 488 volunt!
2402 434 2467 487 Et
2489 434 2675 489 contra
2700 430 2805 486 hoc
2824 431 2947 502 quid
2970 432 3285 502 opponunt?
3318 451 3335 483 ‹
3367 431 3611 504 Legatio-

3544 317 3611 373 36

2034 542 2120 587 ne,
2161 544 2178 578 ι
2211 527 2303 591 ait,
2337 544 2355 576 ι
2385 524 2546 578 functi
2564 524 2775 594 quidam
2804 523 3094 576 ﬁdelissimi
3121 532 3285 577 testes
3309 523 3373 576 ad
3398 524 3613 579 easdem

2035 616 2338 685 provincias
2362 626 2624 669 venerunt
2656 632 2669 667 :
2693 613 2815 669 dein
2838 614 3109 682 geminato
3130 614 3357 669 adventu
3386 629 3613 669 sancus-

2037 706 2294 759 simorum
2337 706 2544 759 Domini
2592 702 2958 765 sacerdotum,
3002 703 3258 768 dilucide,
3308 706 3514 773 plenius
3556 719 3618 757 ac

2038 797 2215 850 verius
2242 804 2326 850 est
2369 795 2717 865 publicatum.
2754 813 2774 847 ι
2822 793 2980 862 Quid,
3026 809 3207 863 quccso
3259 803 3330 858 te,
3375 794 3500 864 quid
3522 812 3615 865 per

2042 885 2188 955 ipsos
2217 886 2401 943 fideles
2422 896 2609 952 testes,
2654 900 2791 956 quos
2834 886 2992 939 vultis
3018 885 3129 940 Deo
3173 900 3294 941 esse
3331 885 3614 951 fideliores,

2042 979 2168 1048 quid
2204 979 2528 1049 publicatum
2578 978 2699 1033 est?
2744 980 2823 1032 An
2869 980 2988 1047 quia
3020 993 3116 1047 per
3145 978 3303 1032 Atros
3344 978 3621 1032 traditores

2043 1086 2224 1125 semen
2244 1070 2493 1133 Abrahm,
2523 1069 2663 1140 quod
2686 1079 2763 1123 est
2779 1067 3047 1133 Christus,
3073 1083 3176 1120 non
3203 1076 3286 1121 est
3305 1069 3621 1137 permissum

2046 1162 2331 1230 pervenire
2368 1177 2537 1231 usque
2558 1160 2622 1215 ad
2666 1175 2854 1215 omnes
2879 1171 3083 1228 gentes,
3114 1170 3168 1211 et
3189 1159 3256 1213 ibi
3285 1160 3493 1213 exaruit
3520 1174 3628 1227 quo

2046 1253 2402 1323 pervenerat?
2431 1252 2597 1307 Dicite
2616 1252 2723 1321 jam
2754 1253 2971 1322 collegis
3002 1251 3191 1305 vestris
3218 1253 3384 1322 magis
3409 1251 3629 1305 creden-

2047 1342 2171 1396 dum
2222 1357 2341 1398 esse
2390 1359 2547 1411 quam
2590 1343 2931 1397 Testamento
2977 1342 3067 1396 Dei
3104 1360 3117 1396 :
3148 1351 3203 1396 et
3234 1342 3334 1396 hoc
3372 1341 3629 1408 dicentes,

2050 1434 2219 1501 ipsum
2239 1433 2635 1486 Testamentum
2668 1449 2761 1485 vos
2783 1448 2810 1484 a
2830 1431 3041 1485 flamma
3065 1447 3414 1488 conservasse
3436 1434 3630 1502 gloria-

2052 1523 2203 1588 mini,
2229 1520 2367 1587 (μιοά
2389 1522 2560 1589 lingua
2588 1521 2764 1579 delere
2779 1521 3066 1575 conamini.

2125 1613 2175 1663 5.
2217 1611 2322 1664 Sed
2374 1611 2533 1680 erigat
2561 1612 2783 1681 quisque
2822 1611 2965 1681 quod
2995 1613 3201 1680 placet;
3249 1622 3304 1667 et
3358 1614 3402 1667 si
3453 1622 3634 1668 contra

2053 1702 2290 1755 caelestia
2320 1698 2527 1769 fulgura
2560 1702 2820 1755 mendacii
2850 1704 3044 1756 terreni
3074 1702 3250 1771 furnus
3270 1703 3466 1774 aliquid
3501 1720 3636 1773 prae-

2058 1792 2213 1851 valet,
2245 1790 2462 1844 dimisso
2491 1792 2628 1847 cano
2654 1800 2936 1845 evanescat
2960 1791 3011 1845 in
3036 1803 3239 1845 ventos.
3271 1793 3323 1847 Si
3345 1794 3483 1847 enim
3511 1795 3639 1847 Par-

2059 1884 2333 1938 mcuianus
2374 1883 2641 1938 cathedra:
2683 1899 2794 1938 sua:
2831 1900 2936 1938 non
2985 1884 3205 1947 faveret,
3236 1886 3403 1955 magis
3422 1887 3642 1954 eligeret

2058 1974 2346 2044 Scriptura:
2375 1976 2463 2028 Dei
2490 1976 2712 2030 credere
2754 1991 2910 2045 quam
2936 1977 3152 2044 collegis
3180 1979 3308 2033 suis.
3337 1979 3475 2032 Deus
3502 1980 3643 2033 enim

2061 2066 2190 2121 dicit
2218 2067 2281 2121 ad
2327 2067 2528 2122 .lacob:
2567 2066 2687 2121 Non
2708 2068 2987 2137 relinquam
3031 2078 3099 2134 te,
3144 2070 3300 2122 donec
3322 2072 3508 2141 faciant
3536 2087 3645 2140 qua

2063 2161 2259 2214 locutus
2283 2178 2393 2213 sum
2421 2171 2581 2215 tecum
2603 2159 2751 2233 (Cen.
2774 2176 2956 2226 xxvnt,
2981 2163 3089 2231 lii).
3116 2161 3252 2215 Istos
3276 2172 3453 2216 autem
3478 2165 3647 2217 multo

2064 2262 2145 2304 est
2173 2253 2353 2321 utique
2392 2252 2716 2316 credibilius,
2746 2252 2867 2322 quia
2893 2252 3001 2320 jam
3027 2252 3174 2321 justo
3215 2252 3414 2318 judicio
3442 2253 3648 2308 fuerant

2065 2343 2371 2411 iniprobsti,
2408 2343 2477 2396 ad
2501 2343 2809 2396 sociaudum
2838 2342 3269 2397 cmunmuionem
3301 2343 3350 2396 in
3401 2345 3501 2396 illis
3532 2360 3649 2412 par-

2069 2433 2233 2495 tibus,
2262 2432 2348 2486 ubi
2368 2433 2477 2502 jam
2504 2432 2642 2487 Deus
2666 2431 2968 2501 complebat
2990 2432 3128 2501 quod
3162 2432 3476 2502 promiserat
3499 2435 3649 2502 patri-

2069 2523 2188 2586 bus,
2232 2538 2335 2575 non
2367 2538 2485 2577 esse
2528 2522 2808 2585 admissos,
2838 2532 2891 2576 et
2916 2534 3195 2592 propterea
3244 2523 3308 2577 de
3338 2525 3534 2578 sanctis
3564 2540 3651 2575 sa-

2072 2612 2377 2668 cerdotibus
2445 2613 2566 2676 Dei,
2630 2628 2659 2665 a
2709 2612 2901 2681 quibus
2946 2612 3107 2681 recipi
3163 2629 3265 2666 non
3312 2626 3649 2678 meruerant,

2069 2702 2299 2773 jactasse
2317 2703 2460 2770 talia,
2478 2702 2668 2773 quibus
2697 2701 2936 2758 infirmos
2956 2704 3160 2757 animos
3175 2703 3511 2772 deceptorum
3539 2721 3566 2756 a
3594 2720 3655 2759 se

2078 2794 2307 2863 plebium
2324 2794 2468 2848 falsis
2493 2794 2792 2848 rumoribus
2816 2795 3096 2862 agitarent,
3113 2803 3169 2849 et
3195 2803 3396 2849 temere
3412 2794 3657 2851 credulas

2077 2894 2285 2940 mentes
2314 2884 2556 2955 superbia
2585 2885 2665 2941 sui
2693 2884 2922 2949 nominis
2969 2883 3214 2949 irretitas,
3246 2884 3313 2938 ab
3334 2885 3479 2938 orbis
3499 2894 3660 2941 terra-

2077 2991 2195 3029 rum
2228 2990 2356 3043 pace
2393 2975 2799 3044 disrnmperent.
2832 2974 2968 3042 Quid
3003 2976 3101 3030 hac
3127 2976 3367 3043 stultitia,
3400 2976 3506 3030 imo
3536 2994 3661 3032 vero

2079 3066 2345 3121 dementia
2387 3067 2649 3135 reperitur
2700 3066 2975 3121 insanius?
3029 3066 3083 3120 In
3130 3075 3205 3122 tot
3244 3069 3488 3137 gentibus
3514 3068 3659 3122 orhis

2082 3167 2339 3211 terrarum
2366 3166 2421 3212 et
2444 3172 2507 3212 ex
2546 3172 2734 3227 magna
2764 3167 2910 3227 parte
2934 3160 3222 3228 complevit
3248 3160 3385 3215 Deus
3407 3170 3463 3215 et
3490 3160 3663 3215 adhuc

2081 3247 2333 3316 complet,
2361 3247 2531 3301 donec
2554 3247 2620 3301 ad
2660 3263 2849 3302 omnes
2884 3250 3102 3302 omnino
3138 3250 3339 3315 veniat,
3373 3250 3514 3319 quod
3545 3267 3664 3320 pro-

2086 3339 2249 3402 misit,
2275 3339 2363 3410 qui
2390 3339 2542 3404 dixit,
2582 3338 2703 3393 Non
2736 3341 3015 3410 relinquam
3048 3351 3112 3408 te,
3140 3341 3297 3395 donec
3323 3342 3508 3411 faciam
3553 3358 3664 3412 quia

2086 3432 2281 3484 locutus
2293 3449 2403 3484 sum
2420 3441 2601 3484 tecum.
2617 3432 2685 3486 Et
2715 3434 2796 3486 isti
2809 3433 2916 3501 jam
2934 3434 3157 3488 credunt
3175 3435 3535 3489 nuntiantibus
3562 3452 3663 3488 non

2089 3523 2297 3592 impleri
2331 3540 2449 3592 que
2476 3525 2717 3592 promisit
2749 3526 2906 3587 Deus,
2936 3536 2989 3580 ct
3016 3527 3136 3579 ideo
3165 3542 3230 3580 ex
3255 3528 3489 3592 partibus
3512 3538 3669 3584 terra-

2088 3631 2204 3668 rum
2237 3615 2287 3667 in
2319 3615 2511 3684 quibus
2528 3614 2640 3682 jam
2690 3615 2962 3685 impletum
3011 3626 3145 3681 erat,
3193 3618 3414 3686 periisse
3440 3620 3671 3675 Abrahae

2089 3719 2296 3769 semen,
2327 3704 2465 3772 quod
2505 3714 2586 3758 est
2604 3705 2865 3769 Christus,
2900 3716 2951 3759 et
2986 3717 3269 3761 evacuatas
3296 3709 3672 3777 promissiuues

2093 3795 2208 3861 Dei,
2241 3797 2359 3866 quia
2386 3796 2483 3863 ipsi
2517 3812 2622 3849 nun
2650 3807 2770 3850 sunt
2799 3798 3012 3851 admissi
3038 3798 3101 3851 ad
3123 3815 3305 3853 eorum
3334 3802 3671 3854 communio—

2094 3903 2239 3947 ιιι-ιιι,
2270 3886 2407 3956 apud
2437 3900 2570 3957 quos
2602 3885 2705 3940 hoc
2739 3886 2845 3955 jam
2884 3888 3143 3943 retinebat
3188 3889 3332 3944 orbis
3379 3891 3671 3959 impletum.

2096 3980 2158 4032 Et
2182 3996 2284 4031 non
2308 3979 2386 4031 eis
2414 3978 2627 4044 dicitur,
2662 3978 2814 4031 Solus
2842 3977 2978 4032 Deus
3004 3994 3171 4045 verax,
3203 3981 3364 4034 omnis
3388 3992 3554 4033 autem
3581 3984 3674 4034 lm-

2097 4085 2177 4119 tuo
2204 4068 2421 4120 mendax
2462 4068 2637 4133 (Rom.
2660 4085 2733 4132 ιιι,
2761 4069 2815 4141 4)
2850 4087 2861 4121 :
2893 4070 2960 4124 de
2982 4083 3158 4125 vestro
3185 4072 3279 4126 ista
3330 4072 3518 4137 dicitis,
3579 4074 3677 4139 Qui

2099 4158 2317 4225 loquitur
2361 4159 2694 4227 mendacium,
2739 4162 2802 4215 de
2845 4179 2937 4215 suo
2968 4162 3187 4231 loquitur
3207 4164 3381 4233 (Joan.
3411 4182 3520 4228 vm,
3550 4167 3671 4235 41):

2100 4266 2183 4303 vos
2206 4268 2322 4323 ergo
2359 4251 2374 4282 ¹
2397 4252 2535 4306 sicut
2571 4252 2811 4307 homines
2845 4254 3162 4319 meutimini,
3192 4256 3312 4326 quia
3341 4257 3477 4311 sicut
3507 4257 3677 4311 homi-

2103 4356 2196 4394 nes
2228 4340 2535 4395 irascimini.
2568 4341 2679 4394 Non
2711 4342 2787 4395 eis
2812 4342 2914 4396 hoc
2940 4343 3150 4410 dicitur,
3182 4345 3272 4398 Sed
3305 4346 3517 4415 insuper
3560 4363 3678 4401 cre-

2102 4432 2244 4488 ditur
2271 4432 2369 4497 eis,
2393 4432 2459 4488 de
2481 4431 2609 4486 orbe
2640 4441 2926 4499 terrarum,
2955 4450 3111 4502 quem
3142 4437 3411 4504 possidere
3433 4438 3539 4506 jam
3568 4455 3678 4490 cm-

2105 4536 2278 4597 perat,
2330 4526 2553 4595 periisse
2593 4527 2882 4581 Christum.
2934 4527 3002 4581 Et
3049 4528 3135 4597 qui
3168 4528 3266 4585 huc
3286 4531 3530 4593 credunt,
3563 4547 3681 4584 cum

2108 4617 2442 4687 impudenter
2471 4615 2766 4684 dicerent',
2798 4617 3085 4672 Christiani
3125 4635 3308 4673 sumus
3334 4638 3348 4686 ;
3377 4623 3573 4675 audent
3602 4624 3681 4675 dio

2107 4726 2249 4775 cere,
2272 4708 2378 4763 Nos
2417 4706 2515 4761 soli
2544 4723 2745 4762 smnus.

2181 4818 2407 4873 CAPUT
2435 4817 2519 4873 111.
2551 4848 2619 4858 -—
2654 4818 2707 4873 4.
2753 4818 2886 4872 Dicit
2924 4819 3081 4874 etiam
3117 4820 3497 4875 Parmenianus
3523 4862 3538 4888 ,
3576 4823 3689 4876 hinc

2115 4910 2315 4980 probari
2339 4910 2728 4964 consceleratum
2752 4911 2905 4979 fuisse
2930 4910 3097 4963 orbem
3125 4921 3370 4966 terrarum
3399 4914 3689 4973 criminibus

2114 5001 2417 5066 traditionis,
2432 5009 2476 5052 et
2491 4998 2705 5053 aliorum
2717 4999 3113 5069 sacrilegiorum;
3129 5002 3244 5070 quia
3264 5019 3374 5075 eum
3396 5006 3552 5057 multa
3571 5005 3689 5056 talia

2118 5095 2302 5164 fuerint
2334 5104 2557 5163 ternpore
2584 5092 2939 5164 persecutionis
2968 5092 3212 5159 admissa,
3244 5095 3386 5149 nulla
3430 5107 3691 5166 praptcrea

2121 5187 2255 5256 facta
2284 5193 2353 5237 est
2379 5184 2430 5236 in
2457 5182 2578 5251 ipsis
2606 5183 2874 5251 prouinciis
2899 5183 3162 5250 separatio
3188 5185 3509 5254 populorum.
3533 5185 3692 5251 Quasi

2122 5276 2235 5330 fieri
2282 5290 2386 5329 non
2434 5275 2661 5343 potuerit
2698 5283 2753 5327 ut
2789 5274 2977 5343 partim
3025 5275 3275 5337 latuerint
3314 5276 3472 5341 mali,
3522 5293 3695 5346 neque

2122 5366 2319 5420 fuerint
2358 5365 2629 5427 accusati,
2664 5372 2719 5417 ut
2746 5373 2965 5432 possent
2992 5365 3106 5419 sine
3134 5366 3238 5419 ulla
3279 5366 3572 5421 temeritate
3599 5368 3698 5420 da-

2122 5453 2329 5518 muari;
2359 5456 2548 5525 partim
2589 5455 2747 5509 etiam
2776 5452 2971 5509 fuerint
3013 5456 3201 5524 proditi
3245 5464 3404 5526 atque
3429 5457 3694 5526 damnati,

2189 5614 2208 5642 ¹
2229 5612 2364 5666 Edili,
2390 5608 2509 5667 Quia
2531 5608 2615 5672 qui
2633 5607 2840 5672 loquitur
2875 5604 3301 5672 mendaciumn",
3343 5623 3420 5662 ms
3441 5621 3618 5661 autem.
3643 5613 3704 5661 ,ιι

2133 5679 2255 5727 Itss.,
2281 5674 2473 5729 omisso,
2497 5671 2632 5731 (una,
2654 5671 2849 5727 habent,
2868 5682 2945 5731 ros
2959 5683 3088 5731 ergo.

2192 5735 2213 5764 ⁸
2236 5733 2372 5792 l-‘tliti,
2396 5732 2574 5780 dicunt.
2600 5742 2651 5780 At
2673 5738 2800 5794 356.,
2827 5730 3051 5783 dicerent.
