4050 6206
340 335 402 387 5-:
1735 339 1936 395 LIBER
1977 342 2245 403 PRIMUS.

337 444 387 486 et
415 438 534 503 quta
565 444 729 489 rebus
758 432 1054 493 manilcstis
1083 454 1187 495 non
1224 444 1600 515 arguebantur,
1632 448 1701 506 ab
1729 451 1919 509 Eccle-

336 524 432 578 siis
456 524 838 593 perturbandis
862 526 1268 602 dividendisque
1292 540 1620 594 cessaverint
1638 557 1651 594 :
1670 549 1829 613 atque
1848 544 1921 598 ita

334 616 527 673 factum
554 619 626 673 sit
656 627 712 673 ut
737 634 861 675 cum
887 621 1101 691 quidam
1128 641 1232 680 non
1254 642 1650 698 aeeusarentur,
1675 636 1918 705 quaedam

332 726 459 765 vero
500 711 703 767 incerta
741 712 965 767 crimina
992 714 1007 745 ¹
1040 729 1134 785 pro
1176 727 1321 774 certa
1364 736 1493 790 pace
1531 724 1641 780 Deo
1677 726 1915 783 dimitte-

336 810 550 865 rentur;
579 800 827 871 quccdam
868 812 1049 859 autem
1094 810 1165 861 ita
1209 810 1547 869 manifestata
1580 825 1637 872 et
1676 820 1917 875 convicta

329 890 733 957 damnarentur,
762 902 822 948 ut
845 894 1021 951 nullus
1049 896 1335 957 damnatus
1352 915 1531 972 posset
1558 907 1805 967 simulata
1830 913 1915 967 in-

328 981 573 1036 nocentia
602 983 853 1053 decipere
882 987 1113 1057 populos
1136 1030 1150 1054 ,
1182 1006 1515 1065 nequaquam
1545 999 1763 1055 unitatis
1791 1003 1913 1058 vin-

326 1074 502 1129 culum
530 1086 885 1145 rumperetur.
914 1078 1097 1150 Neque
1116 1082 1258 1138 enim
1281 1094 1334 1140 et
1358 1087 1410 1140 in
1431 1089 1611 1146 Africa
1636 1092 1787 1149 ﬁeret
1810 1097 1911 1153 hoc

328 1172 430 1219 tam
472 1165 705 1221 immane
745 1169 1077 1238 praecisionis
1124 1175 1320 1231 malum
1347 1219 1362 1243 ,
1393 1181 1493 1235 nisi
1535 1186 1701 1255 magis
1747 1187 1909 1244 factio

318 1249 448 1307 falsa
475 1254 805 1325 ﬁngentium,
836 1274 994 1329 quam
1021 1264 1159 1318 ratio
1177 1280 1297 1322 vera
1319 1272 1745 1331 convincendum
1771 1295 1910 1348 pra!-

323 1343 541 1398 Valcrct.

386 1435 439 1489 5.
480 1434 685 1507 Legam
715 1438 803 1508 qui
832 1440 1015 1497 volunt
1041 1459 1159 1513 qua:
1186 1458 1387 1516 narret,
1418 1460 1472 1507 et
1500 1455 1692 1523 quibus
1733 1458 1901 1517 docu-

319 1526 508 1578 mentis
537 1543 696 1597 quam
739 1531 899 1584 multa
933 1536 1252 1602 persuadeat
1281 1544 1597 1601 venerabilis
1626 1554 1900 1609 memoriae

317 1614 643 1672 llilcvitanus
671 1621 955 1693 episcopus
997 1627 1273 1685 catholica:
1302 1639 1695 1694 communionis
1735 1644 1899 1712 Opta-

316 1716 395 1759 tus
423 1706 638 1780 (Contra
670 1710 1085 1783 Parmeuianum,
1116 1719 1204 1775 lib.
1236 1724 1289 1793 1)
1309 1766 1323 1787 ,
1354 1726 1465 1781 sive
1494 1728 1560 1784 de
1580 1706 1899 1806 Lucina-pe-

311 1801 677 1856 cnniosissima
710 1812 836 1860 tiuic
863 1816 915 1861 et
939 1808 1311 1870 factiosissima
1346 1816 1572 1889 femina,
1601 1839 1756 1894 quam
1799 1844 1897 1897 pro

311 1888 564 1947 Ecclesize
591 1893 867 1964 disciplina
909 1911 1127 1956 sanctus
1157 1906 1469 1965 Caecilianus
1497 1888 1674 1970 adhuc
1701 1888 1891 1976 diaco-

308 1995 403 2034 nus
434 1983 679 2050 la:serat;
726 1987 806 2041 vel
834 1987 900 2043 de
924 1994 1132 2049 caeteris
1174 1995 1417 2052 factionis
1460 2002 1575 2072 ejus
1622 2012 1890 2081 consorti-

309 2069 419 2137 bus,
447 2074 564 2129 sive
593 2074 798 2132 furibus
823 2082 1165 2139 ecclesiastici
1189 2091 1410 2158 argenti,
1441 2093 1554 2148 sive
1578 2097 1649 2151 ad
1679 2101 1891 2169 episco.

307 2174 476 2230 patum
506 2180 564 2222 se
591 2184 698 2222 non
727 2174 1031 2238 pervenisse
1052 2176 1372 2243 dolentibus,
1398 2192 1451 2237 et
1476 2186 1577 2241 sibi
1609 2192 1887 2256 praelatum

304 2252 642 2313 Gccilianum
688 2262 893 2317 insidiis
937 2266 1130 2335 quibus
1169 2280 1418 2339 poterant
1466 2252 1883 2349 insectantibus;

303 2346 409 2401 sive
433 2348 502 2401 de
526 2349 769 2406 Numidis
796 2355 1060 2425 episcopis
1079 2375 1215 2429 quos
1242 2363 1337 2417 ista
1371 2364 1528 2421 factio
1551 2384 1884 2430 convocare-

302 2448 375 2490 rat
399 2438 465 2491 ad
493 2442 782 2509 perniciem
812 2445 1103 2514 Cazciliani,
1129 2460 1186 2506 ut
1222 2452 1314 2507 illo
1359 2455 1599 2525 deposito
1638 2463 1776 2519 alter
1801 2466 1881 2522 eis

298 2528 648 2585 ordinaretur.
701 2532 800 2600 Qui
846 2537 1118 2594 venientes
1164 2556 1283 2596 cum
1338 2546 1562 2614 primatc
1605 2566 1705 2607 suo
1754 2564 1882 2612 tunc

298 2616 545 2673 Secundo
588 2622 913 2692 Tigisitano,
974 2636 1028 2682 et
1055 2630 1173 2685 aliis
1201 2635 1391 2701 quibus
1419 2638 1715 2697 traditionis
1745 2659 1879 2701 con-

296 2706 425 2762 fessa
463 2710 689 2766 crimina
730 2715 1008 2773 Secundus
1055 2720 1169 2789 ipse
1217 2723 1530 2794 donaverat,
1560 2732 1723 2787 veluti
1762 2737 1880 2806 paci

293 2804 615 2871 consulens,
648 2805 787 2862 sicut
808 2810 1167 2867 ecclesiastica
1191 2815 1350 2870 Gesta
1375 2826 1658 2888 testantur,
1689 2826 1880 2883 absen.

293 2900 393 2946 tem
420 2893 761 2951 Ctecilianum
786 2899 901 2954 sine
929 2902 1031 2956 ulla
1060 2903 1311 2961 dilatione
1326 2907 1679 2976 diligentioris
1705 2915 1879 2987 inqui-

288 2985 515 3052 sitionis,
555 2988 706 3043 nullo
740 2993 1103 3061 responsionis
1137 2995 1253 3051 loco
1285 3009 1516 3066 servato,
1569 3006 1879 3065 traditorcm

288 3091 404 3131 esse
446 3090 774 3135 censuerunt
819 3100 833 3137 :
875 3094 933 3140 ut
974 3085 1023 3141 ei
1074 3088 1316 3145 videlicet
1360 3091 1613 3149 obessent
1661 3098 1873 3157 absenti

288 3170 584 3226 traditionis
617 3172 839 3229 crimina
881 3180 1246 3235 tantummodo
1276 3182 1517 3252 objecta,
1574 3202 1693 3242 cum
1746 3192 1874 3248 sibi-

286 3265 523 3333 metipsis
555 3276 847 3335 prmseutes
883 3270 1126 3335 confessa
1168 3274 1501 3332 donaverint.
1562 3280 1635 3335 Ita
1682 3295 1869 3339 contra

286 3356 557 3411 sedentem
585 3358 639 3412 in
666 3360 941 3429 cathedra,
969 3364 1050 3417 cui
1100 3376 1243 3420 l0!llS
1272 3369 1416 3423 orbis
1459 3373 1781 3429 Christianus
1818 3378 1870 3431 iu

288 3448 654 3504 transmarinis
682 3458 736 3504 ct
764 3452 917 3521 longe
946 3455 1165 3509 remotis
1198 3462 1372 3524 terris,
1403 3469 1457 3514 ct
1486 3461 1536 3514 iu
1567 3463 1694 3530 ipsis
1724 3466 1859 3521 Afri-

284 3538 428 3592 canis
456 3540 795 3608 gravioribus
837 3552 889 3597 et
926 3543 1182 3600 adversus
1214 3550 1477 3615 ejusmodi
1509 3552 1742 3610 fallacias
1783 3575 1871 3613 ro-

285 3629 606 3689 bustioribus
631 3637 1085 3691 Communicaret'
1102 3639 1701 3715 Ecclesiis,cpiseoputu
1731 3650 1866 3705 alte-

284 3738 396 3775 rum
423 3724 805 3782 ordinaverunt
835 3728 911 3800 (α)
930 3768 947 3795 ,
978 3740 1035 3783 ιιι
1060 3743 1277 3799 possent
1303 3750 1397 3803 pro
1424 3751 1521 3791 suo
1558 3737 1699 3793 facto
1733 3756 1867 3796 con-

286 3815 545 3871 tradicere
569 3819 1015 3888 promissionibns
1057 3822 1147 3875 Dei
1172 3865 1187 3888 ,
1218 3840 1284 3879 ne
1310 3826 1360 3880 in
1404 3829 1608 3885 semine
1638 3832 1865 3889 Abraha:

282 3906 725 3964 bcnediccrentur
770 3926 957 3967 onmes
1002 3924 1221 3984 gentes;
1254 3925 1309 3970 ut
1349 3931 1444 3975 tus
1486 3921 1644 3976 etiam
1687 3935 1863 3992 partes

280 3999 421 4053 orbis
450 4009 706 4055 terrarum
738 4018 766 4055 a
810 4003 1150 4062 traditoribns
1192 4006 1336 4064 Afris
1377 4013 1677 4080 tnquiuatas
1712 4015 1859 4070 dicc-

280 4099 413 4152 rent,
443 4107 563 4161 qua:
611 4108 710 4147 nec
754 4095 1019 4151 Caeciliani
1068 4114 1258 4153 nomen
1308 4101 1601 4158 audissent.
1637 4105 1861 4175 Insuper

277 4179 432 4233 etiam
462 4191 646 4236 contra
670 4184 851 4239 orbem
877 4194 1156 4252 terrarum,
1180 4188 1463 4256 dicentem,
1488 4192 1639 4261 Quod
1658 4196 1859 4253 civibus

278 4270 371 4322 tuis
401 4270 588 4340 objicis
609 4315 624 4339 ,
657 4290 755 4328 nec
790 4290 1113 4345 cognoscere
1154 4280 1300 4349 potui
1320 4321 1334 4343 ,
1366 4297 1463 4336 nec
1492 4284 1745 4340 damnare
1774 4288 1859 4341 iu-

273 4363 540 4431 cognitum
577 4364 733 4419 debui
765 4368 878 4436 (aut
926 4379 1071 4423 certe
1100 4371 1367 4440 quomodo
1409 4388 1468 4428 se
1502 4373 1717 4430 haberet
1743 4377 1859 4447 ejus

276 4452 396 4518 vita,
428 4470 585 4523 quam
618 4464 793 4511 tamen
825 4459 907 4512 isti
951 4459 1018 4514 de
1047 4460 1191 4515 nullo
1228 4462 1452 4518 crimine
1478 4464 1855 4531 convicerunt,

274 4542 359 4597 ille
389 4555 636 4615 tanquam
682 4548 934 4603 innocens
976 4551 1266 4623 audisset),
1301 4552 1578 4622 proferunt
1621 4557 1858 4611 testimo-

274 4635 416 4688 nium
448 4637 689 4705 Apostoli
721 4639 965 4705 dicentis,
996 4640 1119 4697 Non
1142 4646 1305 4697 solum
1330 4647 1416 4716 qui
1438 4647 1631 4716 faciunt
1655 4665 1735 4715 ea,
1765 4652 1854 4705 sed

271 4729 421 4779 etiam
464 4731 553 4799 qui
598 4737 913 4787 consentiunt
961 4736 1258 4807 facientibus
1303 4738 1482 4807 (Rom.
1514 4757 1564 4805 ι,
1596 4742 1709 4814 32).
1756 4745 1859 4800 Pa-

273 4834 458 4873 rumne
501 4821 580 4875 eis
612 4821 711 4875 fuit
742 4832 818 4878 tot
857 4834 910 4880 et
950 4835 1124 4882 tantos
1156 4828 1477 4885 christianos
1508 4833 1732 4901 populos
1762 4834 1857 4890 da-

270 4926 455 4965 mnare
482 4913 770 4983 inauditos,
806 4917 905 4972 nisi
932 4920 1091 4974 etiam
1120 4928 1308 4975 contra
1334 4923 1648 4993 Apostolum
1680 4925 1855 4996 ipsum

269 5001 382 5072 ejus
408 5005 626 5075 quidem
655 5008 814 5064 verba
835 5051 851 5077 ,
879 5010 973 5067 sed
1012 5027 1119 5068 non
1145 5012 1261 5084 ejus
1303 5014 1635 5073 intellectum
1662 5016 1857 5089 depro-

268 5112 417 5153 mere
445 5100 744 5157 auderent?
770 5103 827 5159 Si
865 5106 1005 5161 enim
1052 5107 1153 5163 hoc
1194 5118 1270 5164 est
1304 5113 1608 5168 consentire
1634 5115 1851 5179 malefa-

265 5188 561 5259 (lctitibus,
607 5208 728 5250 esse
774 5210 896 5251 cum
940 5199 1018 5254 eis
1061 5199 1115 5255 in
1162 5201 1437 5272 Ecclesia,
1486 5206 1853 5263 consentiebat

266 5282 428 5337 etiam
459 5284 574 5354 ipse
615 5284 768 5343 falsis
809 5288 1081 5359 fratribus,
1120 5294 1260 5348 inter
1287 5310 1425 5365 quos
1464 5310 1522 5350 se
1567 5297 1851 5367 periclitari

262 5375 664 5431 contestabatur
691 5377 755 5447 (ll
784 5378 902 5434 Cor.
930 5396 1004 5447 ιι,
1031 5380 1124 5455 26)
1144 5424 1160 5451 ,
1188 5393 1242 5439 et
1268 5399 1401 5454 quos
1427 5400 1530 5440 non
1560 5396 1724 5453 caste,
1756 5387 1851 5444 sed

264 5476 365 5532 per
398 5464 648 5522 invidiam
677 5470 795 5526 sine
817 5471 1076 5528 cltaritate
1101 5475 1450 5543 praedicantes
1482 5478 1848 5549 Evangelium,

264 5554 558 5622 prmdicare
605 5567 782 5617 tamen
826 5562 1085 5632 permittit
1127 5563 1382 5637 (Philipp.
1418 5583 1465 5635 t,
1494 5567 1580 5634 l5,
1613 5568 1701 5637 l7,
1736 5569 1844 5640 18).

329 5664 346 5732 ξ
376 5673 474 5715 Am.
502 5675 555 5718 et
584 5667 806 5732 plerique
827 5678 958 5732 Mss,
983 5679 1114 5725 certa
1134 5673 1353 5726 crimina.

323 5727 347 5758 ³
383 5734 538 5787 Forte,
562 5727 955 5783 émtniraoat.
1422 5758 1431 5761 ν

328 5792 404 5846 tu)
433 5801 445 5829 ὀ
466 5793 720 5846 aicrintnu.

3552 395 3627 450 53

2038 457 2093 513 Si
2121 470 2297 518 autem
2329 466 2460 524 nihil
2488 480 2567 527 est
2611 473 2753 533 aliud
2782 487 3086 543 consentire
3130 483 3615 570 malefabientibus,

2034 553 2136 608 nisi
2187 558 2324 615 mala
2369 561 2502 618 facta
2553 583 2737 625 eorum
2791 578 3089 645 approbare
3146 596 3302 657 atque
3358 592 3619 662 laudare;

2032 647 2281 715 exemplo
2324 653 2591 721 Apostoli,
2633 661 2777 716 orbis
2824 674 3081 725 terrarum
3126 647 3237 729 nou
3289 647 3617 743 consentiret

2030 733 2342 796 criminibus
2388 744 2670 817 Afrorum,
2703 752 2863 808 etiam
2907 758 2949 810 si
2993 775 3053 814 ea
3097 768 3303 835 cognita
3347 787 3453 840 pro
3487 792 3617 844 pace

2030 822 2285 884 Ecclesia:
2328 834 2613 904 toleraret;
2651 857 2806 910 quem
2852 856 3029 903 tamen
3058 868 3118 906 ea
3163 822 3619 925 cognovisse'isti

2029 929 2134 972 non
2166 921 2410 988 probant,
2437 927 2595 983 etiam
2628 932 2671 986 si
2704 949 2825 989 vera
2856 936 3015 994 fuisse
3041 921 3267 1011 probare
3291 953 3607 1018 potuissent.

2095 1051 2320 1112 CAPUT
2350 1058 2436 1113 ιν.
2463 1092 2530 1102 —-
2557 1063 2607 1118 6.
2659 1067 2875 1124 Frustra
2923 1073 3098 1145 itaque
3144 1078 3267 1135 dicit
3298 1082 3603 1143 Parmenio-

2025 1158 2151 1211 mls,
2184 1150 2446 1206 damnatos
2486 1156 2537 1209 in
2584 1158 2756 1228 Africa
2784 1164 3051 1221 h'adilorcs
3076 1170 3126 1224 in
3169 1179 3471 1232 consortium
3501 1182 3596 1233 (la-

2022 1241 2290 1294 mnntionis
2316 1259 2545 1313 arreptos
2573 1268 2603 1302 (ι
2631 1255 2895 1317 provinciis
2918 1266 3285 1320 transmarinis.
3315 1270 3421 1324 lloc
3448 1276 3589 1330 enim

2019 1333 2262 1401 estquod
2295 1338 2515 1392 credere
2546 1358 2651 1395 non
2684 1343 2970 1412 debemus,
3017 1367 3084 1405 ne
3112 1358 3407 1416 temeritate
3436 1366 3597 1418 sacris

2016 1417 2129 1490 lega
2164 1430 2329 1478 totum
2362 1427 2546 1483 orbem
2582 1440 2838 1490 terrarum
2869 1438 2917 1491 in
2948 1439 3144 1497 Christi
3176 1446 3375 1503 unitate
3408 1452 3597 1506 liuida-

2018 1520 2155 1579 tnm,
2183 1530 2243 1568 cx
2279 1516 2499 1573 istorum
2525 1521 2649 1576 falsa
2679 1527 3043 1585 criminatione
3069 1534 3400 1604 damnemus,
3424 1546 3596 1611 potius

2011 1619 2166 1671 quam
2195 1623 2257 1660 ex
2287 1625 2406 1663 vera
2440 1611 2531 1666 Dei
2579 1617 2932 1683 promissione
2956 1621 3256 1692 dil'gamus.
3286 1630 3420 1696 Quid
3449 1636 3589 1690 enim

2011 1695 2176 1762 magis
2204 1699 2529 1755 credendum
2561 1716 2661 1773 est,
2694 1708 2832 1774 quod
2860 1710 2991 1764 dixit
3020 1713 3176 1778 Deus,
3201 1715 3266 1771 In
3294 1722 3479 1775 semine
3503 1735 3587 1778 lno

2006 1781 2358 1842 benedicentur
2381 1808 2549 1847 omnes
2576 1806 2745 1862 gentes
2763 1813 2781 1858 ;
2807 1813 2870 1852 an
2900 1803 3038 1869 quod
3070 1803 3153 1858 isti
3186 1807 3385 1875 dicunt,
3420 1812 3473 1867 In
3503 1831 3588 1870 sc—

2005 1876 2147 1931 miue
2182 1880 2492 1936 traditorum
2522 1884 2767 1940 Afrorum
2815 1892 3202 1950 maledicuutur
3231 1915 3416 1958 OlllllCS
3458 1921 3589 1975 gen-

2005 1974 2084 2022 tes
2111 1985 2122 2019 :
2149 1978 2204 2022 ut
2248 1969 2367 2039 plus
2399 1972 2565 2028 valeat
2612 1978 2750 2046 quod
2795 1984 3060 2038 commisit
3110 1988 3355 2057 iniquitas
3382 2036 3394 2057 ,
3427 2012 3584 2065 quam

2002 2057 2143 2127 quod
2188 2060 2419 2129 pollicita
2463 2073 2543 2118 est
2572 2068 2807 2121 veritas?
2835 2072 2940 2125 Cur
2965 2089 3091 2145 ergo
3136 2094 3238 2133 non
3273 2057 3584 2149 potiuscre-

2000 2148 2175 2204 dimus
2205 2152 2324 2223 quia
2356 2155 2426 2209 illi
2470 2156 2557 2226 qui
2607 2162 2804 2230 recepti
2836 2175 2959 2219 sunt
3007 2167 3058 2223 in
3090 2177 3517 2234 communionem
3548 2197 3586 2235 tr

2002 2239 2286 2309 provinciis
2314 2249 2677 2304 transmarinis
2700 2294 2712 2314 ,
2743 2262 2832 2308 aut
2875 2256 3185 2317 innocentes
3213 2269 3440 2335 opprimi
3471 2287 3574 2325 non

1999 2342 2283 2399 potucrant
2310 2354 2336 2389 a
2364 2339 2852 2411 calunmiatorilms,
2878 2351 3017 2418 quod
3042 2355 3221 2410 multis
3241 2359 3575 2423 documentis

1996 2424 2322 2491 probabilius
2347 2432 2654 2497 persuaderi
2678 2447 2881 2504 potest;
2912 2450 3004 2496 aut
3028 2455 3172 2499 certe
3194 2462 3311 2503 cum
3335 2456 3576 2509 cenvinci

1994 2528 2100 2568 non
2133 2529 2381 2585 possent,
2411 2523 2571 2577 etiam
2604 2526 2647 2579 si
2694 2529 2814 2583 mali
2844 2530 3057 2589 fuerunt
3078 2576 3093 2600 ,
3124 2536 3433 2598 innocentes
3462 2560 3578 2601 cre-

1993 2603 2089 2659 diti
2116 2647 2132 2671 ,
2163 2608 2280 2663 sine
2312 2612 2413 2665 ulla
2438 2616 2837 2683 suseipicnlium
2866 2627 3316 2686 contaminatione
3346 2641 3574 2705 suscepti

1991 2698 2149 2751 sunt?
2178 2700 2333 2766 Quid,
2365 2704 2504 2772 quod
2534 2708 2692 2761 etiam
2734 2710 2776 2763 si
2808 2726 2902 2779 per
2936 2716 3103 2770 malos
3132 2718 3321 2775 fratres
3346 2766 3359 2789 ,
3390 2698 3575 2794 quales

1990 2787 2276 2855 Apostolus
2305 2791 2353 2845 in
2380 2794 2629 2848 Ecclesiae
2654 2800 2853 2855 unitate
2877 2805 3138 2874 toleravit,
3163 2812 3345 2878 quales
3373 2826 3574 2887 martyr

1988 2875 2283 2948 Cyprianus
2314 2881 2365 2935 in
2408 2883 2645 2954 Epistula
2677 2888 2744 2941 de
2788 2891 2976 2961 l.apsis
3006 2875 3204 2965 gemiti;
3238 2901 3280 2953 si
3318 2916 3445 2972 ergo
3479 2875 3571 2973 βλι-

1989 2966 2122 3020 tales
2162 2967 2357 3026 fratres
2400 2975 2556 3027 etiam
2590 2976 2639 3029 in
2679 2976 2915 3045 jndicum
2961 2999 3184 3040 numero
3213 2992 3564 3059 constitutos,

1986 3067 2160 3112 actum
2206 3069 2350 3117 esset
2394 3064 2567 3134 aliqua
2615 3068 2913 3137 pravitate,
2958 3083 3015 3127 ut
3046 3076 3327 3133 traditores
3358 3084 3579 3138 excludi

1984 3148 2332 3219 convincique
2361 3168 2464 3205 non
2497 3165 2712 3223 possent
2736 3159 2773 3223 ⁸,
2819 3167 2871 3213 et
2898 3161 3215 3220 christianos
3240 3168 3382 3223 orbis
3408 3170 3570 3227 sium-

1984 3239 2087 3294 lata
2132 3230 2314 3296 corum
2362 3243 2662 3302 innocentia
2709 3249 3003 3319 falleretur,
3040 3258 3183 3312 nullo
3212 3261 3369 3315 tnodo
3408 3279 3560 3319 suam

1984 3329 2342 3387 innocentiam
2371 3337 2706 3405 perdidisset.

2051 3423 2103 3476 7.
2145 3423 2295 3489 Quod
2329 3429 2468 3481 enim
2494 3431 2561 3485 de
2585 3431 2710 3487 Osio
2735 3435 2913 3491 dicunt
2943 3438 3268 3499 Cordubensi
3293 3448 3556 3515 quondam

1979 3512 2240 3568 catholico
2267 3517 2545 3588 episcopo,
2582 3522 2922 3594 ﬂagitandum
2958 3539 3040 3585 est
3076 3542 3132 3587 ut
3161 3512 3414 3604 probeiit,
3452 3557 3557 3596 non

1976 3605 2144 3659 solum
2191 3608 2346 3664 talem
2395 3612 2538 3666 illum
2572 3614 2734 3671 fuisse
2775 3621 2984 3689 qualem
3012 3623 3236 3694 dicunt,
3279 3630 3371 3685 sed
3415 3634 3558 3703 quod

1977 3694 2096 3750 talis
2127 3695 2285 3753 fuerit
2309 3702 2646 3761 manifestum
2693 3708 2799 3764 illis
2844 3710 3009 3769 fuisse
3037 3716 3226 3784 quibus
3253 3735 3375 3777 eum
3419 3739 3558 3780 com-

1973 3790 2275 3846 municasse
2337 3808 2600 3850 asserunt.
2654 3800 2766 3856 lloc
2822 3806 2963 3859 enim
3013 3809 3110 3863 nisi
3176 3814 3561 3884 probaverim,

1973 3877 2167 3932 frustra
2195 3882 2376 3937 dicunt
2404 3898 2462 3938 se
2504 3888 2669 3943 scisse
2695 3893 2867 3960 qualis
2899 3895 3053 3950 fuerit
3080 3918 3093 3953 :
3118 3902 3236 3969 quia
3268 3908 3560 3963 nescienti—

1972 3968 2070 4024 bus
2096 3969 2288 4027 obesse
2318 3989 2426 4029 non
2469 3978 2669 4045 potuit,
2703 3996 2731 4034 a
2762 3984 2953 4051 quibus
2983 4001 3040 4041 se
3068 3968 3155 4043 isti
3182 3993 3561 4055 innocentibus

1970 4064 2286 4131 separando,
2312 4076 2528 4137 propter
2554 4071 2719 4140 ipsam
2744 4077 3091 4143 separationis
3112 4084 3421 4155 sacrilegam
3452 4090 3555 4143 iui-

1970 4153 2228 4220 quitatem
2287 4157 2597 4214 innocentes
2645 4177 2763 4219 esse
2816 4180 2919 4219 non
2968 4182 3207 4236 possunt.
3251 4173 3361 4231 Hoc
3407 4179 3556 4233 enim

1968 4243 2135 4313 magis
2164 4246 2418 4303 credibile
2447 4257 2531 4304 est
2575 4251 2641 4322 (si
2674 4262 2849 4309 tamen
2886 4255 3040 4313 Osius
3080 4261 3147 4315 ab
3178 4262 3422 4333 llispanis
3460 4269 3552 4323 da-

1969 4346 2201 4404 mnatus,
2234 4352 2265 4392 a
2292 4339 2455 4395 Gallis
2480 4351 2563 4396 est
2590 4344 2922 4418 absolutus),
2954 4350 3032 4405 sic
3062 4352 3174 4407 fleri
3201 4358 3459 4424 potuisse,
3492 4370 3550 4414 ut

1965 4426 2111 4481 falsis
2141 4429 2596 4488 criminationibus
2623 4435 2838 4506 llispani
2866 4439 3241 4508 circumventi,
3275 4455 3326 4500 et
3351 4450 3545 4504 callido

1964 4520 2272 4576 insidiarum
2299 4524 2481 4579 fraude
2501 4525 2742 4597 decepti,
2769 4540 2952 4586 contra
2983 4533 3315 4593 innocentem
3346 4539 3543 4598 ferrent

1962 4613 2299 4679 sententiam,
2323 4624 2378 4669 et
2405 4624 2586 4685 postea
2614 4619 2831 4686 pacifice
2860 4622 2911 4675 in
2940 4621 3237 4681 bumdttate
3256 4628 3541 4686 christiana

1962 4703 2214 4759 cederent
2240 4709 2518 4763 sententia
2543 4710 2893 4780 collegarum,
2912 4714 3104 4785 quibus
3124 4717 3262 4773 illius
3290 4720 3546 4778 innocen-

1962 4798 2031 4851 tia
2056 4798 2397 4867 comprobata
2425 4811 2524 4866 est,
2556 4818 2623 4856 ne
2645 4805 2901 4871 pervicaci
2929 4816 2980 4860 et
3005 4809 3239 4864 animosa
3269 4816 3539 4882 perversi-

1961 4898 2070 4944 tate
2099 4890 2301 4959 priores
2328 4906 2454 4947 suas
2495 4896 2785 4951 sententias
2829 4896 3162 4955 defendendo
3184 4941 3198 4965 ,
3226 4900 3282 4956 ln
3323 4906 3546 4961 sacrile-

1958 4980 2101 5052 gium
2130 4982 2452 5049 schismatis,
2482 4984 2623 5055 quod
2651 4986 2831 5041 etnnia
2872 4989 3071 5043 scelera
3113 4996 3533 5063 snpergraditur,

1959 5074 2197 5130 caecitate
2243 5075 2529 5146 impietatis
2568 5078 2869 5136 irruerent:
2900 5080 3039 5136 sicut
3081 5083 3165 5139 isti
3198 5085 3377 5140 miseri
3408 5088 3532 5142 fece-

1956 5174 2120 5232 runt,
2153 5175 2205 5220 et
2235 5182 2333 5222 nec
2378 5181 2498 5222 sero
2535 5168 2724 5223 saltem
2766 5170 2922 5227 toties
2949 5172 3102 5228 divisi
3148 5184 3309 5246 atque
3337 5177 3532 5231 concisi

1955 5257 2192 5312 sentiunt
2218 5258 2359 5328 quod
2384 5258 2639 5315 fecerunt.

2028 5348 2081 5403 8.
2122 5348 2263 5404 Satis
2286 5349 2461 5420 igitur,
2489 5351 2721 5421 satisque
2746 5350 3014 5408 declarant
3044 5355 3180 5409 unde
3210 5353 3532 5410 insanabiles

1959 5436 2080 5493 facti
2108 5448 2263 5505 sunt,
2293 5440 2539 5495 videlicet
2587 5456 2653 5495 ne
2682 5444 2971 5498 sententias
3009 5460 3166 5509 suas,
3192 5459 3321 5515 quas
3366 5446 3417 5499 in
3448 5445 3534 5501 ab-

1955 5540 2161 5585 sentem
2196 5528 2535 5587 chilianum
2558 5540 2755 5587 temere
2794 5535 3147 5601 protulerunt,
3177 5534 3532 5593 condenmare

1955 5628 2291 5691 cogerentur,
2336 5622 2384 5677 si
2412 5623 2769 5678 transmarino
2799 5625 3019 5693 judicio,
3063 5625 3150 5679 ubi
3189 5640 3219 5679 a
3247 5625 3531 5685 Caeciliano

2022 5806 2041 5837 ι’
2064 5804 2133 5853 sic
2157 5812 2261 5854 Mss.
2311 5812 2354 5855 tu
2403 5804 2561 5861 alitis,
2607 5800 2805 5853 excludi
2827 5815 2912 5853 uec
2932 5801 3143 5855 concitati
3163 5819 3369 5871 possent.
