4050 6206
396 349 465 401 δι,
1206 328 1477 386 comm
1522 315 1903 380 urtsromn
1945 314 2385 387 PARMENIAM,
2435 318 2492 374 s.
2548 316 2909 375 AUGUSTINI
3591 319 3662 372 te

398 474 655 537 priusch
672 440 902 531 ξυνεπιῑί
921 451 1493 513 sunt.considcrationc
1515 442 1750 499 veritatis
1761 435 1975 537 etpacis

398 529 826 627 acquiescerent;
856 548 1112 616 majorem
1131 540 1448 612 reponaturi
1468 536 1763 595 victoriam,
1790 529 1833 583 si
1854 529 1974 629 ani:

397 649 694 703 nlttSilﬂlCm
725 645 1008 696 humanam
1035 636 1222 690 saltem
1260 640 1383 702 post
1417 628 1669 698 judicium
1695 666 1707 686 ,
1737 635 1897 691 quam
1928 628 1975 672 si

396 739 664 792 hominem
694 736 743 789 in
771 734 885 801 ipso
907 728 1104 798 judicio
1130 732 1464 793 superarent.
1492 719 1621 774 Nam
1646 718 1729 770 illa
1754 711 1973 767 victoria

393 826 696 898 praecelsior
733 831 847 887 est,
880 829 933 875 et
979 815 1244 885 triumpho
1284 813 1512 867 celsiore
1558 806 1781 878 plenior,
1812 815 1973 873 quam

392 896 438 974 si
460 920 477 949 ⁸
508 933 613 971 non
639 915 809 971 solum
835 913 901 966 «le
929 910 1144 965 homine
1178 921 1282 960 uno
1312 904 1470 963 victu,
1501 900 1594 955 sed
1622 898 1689 953 de
1727 896 1972 950 universa

392 1007 669 1077 subjugata
692 1005 903 1057 civitate
929 1001 1208 1064 referatur,
1228 996 1441 1051 dicente
1465 991 1757 1060 Scriptura,
1789 985 1974 1040 Melior

390 1110 467 1153 est
490 1100 576 1169 qui
598 1098 747 1151 vincit
768 1098 917 1158 iram,
944 1109 1096 1165 quam
1114 1091 1199 1159 qui
1221 1089 1357 1157 capit
1374 1086 1623 1140 civitatem
1652 1081 1830 1152 (Prov.
1858 1094 1970 1143 xvr,

396 1191 510 1261 '52).
535 1190 624 1260 _ll|i
662 1205 789 1257 ergo
835 1186 1102 1239 hominem
1132 1183 1344 1235 vincere
1382 1176 1665 1246 cupiebant
1688 1215 1701 1237 ,
1734 1186 1867 1242 quos
1898 1170 1972 1223 ira

397 1284 656 1338 vincebat.
703 1279 765 1334 Et
795 1280 914 1349 quia
957 1276 1225 1330 hominem
1260 1273 1472 1325 vincere
1498 1265 1847 1336 nequiverunt
1875 1304 1888 1327 ,
1921 1270 1972 1349 et

394 1375 461 1428 ab
492 1373 703 1425 homine
732 1378 785 1423 et
816 1368 881 1421 ab
912 1367 987 1420 ira
1033 1361 1266 1433 superati
1298 1368 1457 1415 sunt:
1482 1356 1548 1410 ab
1577 1354 1791 1407 homine
1810 1393 1824 1417 ,
1852 1350 1974 1419 quia

396 1468 447 1519 in
492 1463 688 1533 judicio
719 1460 841 1514 victi
881 1466 1034 1521 sunt;
1066 1456 1133 1509 ab
1161 1453 1236 1507 ira
1256 1493 1272 1519 ,
1304 1451 1443 1521 quia.
1467 1462 1565 1503 nec
1593 1445 1716 1500 victi
1756 1444 1975 1513 quieve-

394 1567 551 1617 runt,
600 1552 911 1623 pravissimo
954 1548 1116 1603 corde
1160 1546 1243 1599 vel
1288 1543 1564 1596 audientes
1612 1538 1689 1592 vel
1739 1537 1976 1606 legentes

396 1644 630 1715 Apostoli
658 1641 972 1696 sententiain
1016 1635 1238 1691 dicentis
1261 1675 1274 1697 ,
1306 1630 1367 1687 Si
1405 1630 1534 1685 enim
1563 1644 1674 1699 qua:
1707 1624 1931 1679 destruxi
1957 1664 1970 1688 ,

398 1739 502 1791 lucc
526 1737 705 1790 iterum
731 1734 948 1801 aedifico,
979 1729 1413 1800 prazraricatorem
1440 1739 1517 1776 me
1544 1722 1707 1791 ipsum
1730 1718 1976 1773 constituo

396 1827 601 1883 (ϐαιοὶ.
633 1843 690 1890 ιι,
728 1825 845 1895 l8).
890 1824 1019 1889 Qua:
1063 1819 1221 1873 verba
1274 1817 1476 1871 scilicet
1517 1815 1560 1868 si
1609 1823 1714 1866 tam
1758 1810 1976 1864 sinistro

395 1920 572 1971 animo
600 1917 710 1984 ipse
739 1912 1019 1983 Apostolus
1044 1908 1377 1976 intelligeret,
1410 1918 1509 1957 nec
1529 1902 1847 1956 Christianus
1878 1910 1976 1951 nec

394 2009 667 2080 apostolus
698 2007 869 2070 ﬁeret,
902 2019 998 2059 uec
1032 2001 1345 2072 pncdicator
1372 1994 1658 2050 mdiﬁcaret
1687 1989 1971 2053 Eeclcsias,

394 2076 527 2171 quas
552 2105 861 2169 persecutor
885 2101 1009 2147 ante
1034 2088 1361 2145 destruebat.
1394 2085 1663 2153 Nusquam
1690 2081 1864 2149 itaque
1889 2076 1975 2131 isti

396 2168 455 2246 se
482 2168 587 2244 tam
616 2196 797 2258 aperte
827 2184 1143 2243 indicarunt,
1166 2195 1261 2234 cur
1283 2191 1382 2232 nec
1406 2172 1639 2243 superati
1667 2168 1856 2239 corrigi
1884 2182 1977 2222 vo-

396 2282 627 2344 luerunt,
660 2292 817 2347 quam
845 2290 964 2330 cum
991 2272 1328 2327 detestantur
1356 2266 1617 2334 llispanos
1637 2302 1653 2328 ,
1683 2258 1827 2331 quod
1856 2266 1977 2347 post

393 2346 693 2426 sententias
716 2380 839 2421 suas
878 2364 1030 2417 aliter
1066 2359 1296 2431 prolatas
1333 2355 1655 2424 collegarum
1696 2346 1976 2420 posteriori

392 2460 711 2519 discussioni
746 2455 1052 2529 judicioque
1082 2458 1375 2507 cesserunt.
1405 2448 1574 2514 Quam
1600 2443 1741 2499 enim
1769 2442 1869 2494 hoc
1901 2439 1979 2493 fa-

393 2564 537 2610 ctum
577 2562 655 2608 est
692 2550 760 2606 de
804 2545 1211 2603 mansuetudine
1247 2540 1533 2597 christiana
1558 2578 1574 2605 ,
1608 2544 1711 2591 tam
1759 2531 1885 2587 illud
1911 2531 1979 2586 de

392 2646 737 2701 contentione
764 2641 1024 2698 diabolica
1052 2657 1063 2693 :
1090 2647 1144 2693 et
1176 2635 1293 2689 ideo
1320 2648 1424 2687 non
1465 2631 1660 2685 mirum
1706 2624 1845 2695 quod
1879 2625 1976 2677 ista

396 2739 697 2794 humilitate
723 2751 821 2806 pax
844 2731 1109 2789 custodita
1135 2736 1238 2793 cst,
1266 2736 1319 2782 et
1348 2724 1436 2779 illa
1462 2722 1694 2778 elatione
1717 2718 1974 2785 disrupta.

393 2831 626 2888 Proinde
656 2829 759 2884 illis
792 2836 942 2883 recte
960 2823 1197 2879 redditur
1221 2817 1359 2890 quod
1383 2816 1623 2871 fecerunt
1647 2831 1660 2865 :
1682 2811 1981 2866 docuerunt

396 2924 540 2979 enim
574 2922 695 2976 talia
726 2928 967 2991 posteros
996 2929 1141 2971 suos.
1189 2911 1321 2967 Nam
1362 2918 1416 2964 et
1445 2904 1842 2962 Maximianistae
1872 2915 1975 2954 non

394 3015 465 3069 ob
484 3012 626 3066 aliud
653 3018 1009 3065 trecentorum
1037 3013 1090 3059 ct
1116 3003 1301 3058 decem
1327 3000 1651 3066 collegarum
1676 3007 1916 3054 suorum,
1944 3003 1978 3043 a

394 3102 585 3172 quibus
612 3097 910 3153 Primianus
935 3094 1009 3163 (α)
1028 3133 1044 3159 ,
1068 3106 1223 3160 quem
1245 3090 1415 3158 primo
1442 3086 1541 3155 ipsi
1568 3085 1973 3145 damnaverunt,

395 3171 651 3248 innocens
666 3187 930 3257 judicatus
951 3193 1053 3248 est,
1072 3179 1270 3252 judicio
1291 3177 1481 3233 cedere
1504 3175 1785 3229 noluerunt
1805 3174 1847 3237 ',
1875 3171 1977 3226 nisi

397 3299 496 3355 pro
508 3279 1020 3338 dicta'contumacia
1046 3272 1361 3330 sententiam
1392 3268 1733 3340 apostolicam
1763 3264 1979 3334 imperi-

397 3377 465 3430 tis
494 3372 833 3445 opponcndo,
859 3378 915 3425 et
942 3365 1190 3429 dicendo,
1219 3364 1280 3419 Si
1300 3363 1431 3417 enim
1450 3376 1563 3432 qua:
1585 3357 1811 3413 destruxi
1831 3398 1844 3422 ,
1869 3356 1976 3411 lucc

395 3469 574 3523 iterum
619 3464 836 3531 (ediﬁce,
885 3458 1322 3531 prwuaricatorent
1372 3468 1452 3505 me
1497 3451 1663 3520 ipsum
1705 3447 1975 3502 constituo.

397 3557 775 3611 Destruxerant
811 3552 953 3607 enim
995 3557 1208 3604 centum
1250 3545 1470 3614 collega:
1511 3541 1869 3603 Primianum,
1924 3547 1981 3592 et

397 3662 516 3701 eum
550 3652 828 3715 pr0pterea
856 3657 976 3698 cum
1005 3638 1255 3695 trecentis
1280 3650 1465 3691 rursus
1491 3632 1755 3687 aediﬁcare
1796 3630 1979 3683 nolue-

399 3747 542 3791 runt.
572 3735 645 3790 lta
671 3750 790 3790 cum
818 3749 876 3789 se
899 3747 1088 3787 cavere
1112 3730 1311 3798 lingunt
1332 3743 1400 3782 ne
1421 3725 1688 3780 hominem
1716 3721 1980 3777 aediﬁcent

398 3844 556 3897 quem
586 3827 892 3882 destruxcra
903 3832 978 3889 nt,
1002 3839 1059 3878 se
1085 3824 1229 3893 ipsos
1250 3820 1389 3874 malo
1414 3814 1713 3872 schismatis
1736 3812 1979 3882 sacrilegi

398 3921 771 3975 destruxerunt
795 3916 839 3972 ⁸.

469 4012 523 4065 9.
553 4010 657 4066 Sed
690 4018 863 4063 tamen
888 4007 932 4063 si
955 4006 1162 4061 viveret
1191 3998 1597 4060 Parmenianus,
1622 4011 1726 4050 non
1757 3993 1979 4049 auderet

397 4103 503 4174 jam
530 4099 921 4171 reprehendere
951 4092 1234 4163 Hispanos,
1263 4098 1318 4145 et
1346 4104 1439 4143 eos
1468 4087 1739 4156 appellare
1768 4100 1977 4155 prmva-

399 4196 653 4249 ricatores
676 4192 764 4261 qui
801 4205 832 4243 a
874 4186 1135 4242 sententia
1174 4197 1269 4237 sua
1309 4181 1360 4234 in
1399 4180 1720 4249 collegarum
1761 4189 1977 4234 senten-

401 4284 527 4336 tiam
556 4281 903 4342 deﬂexerunt,
927 4290 995 4328 ne
1042 4273 1155 4343 ipse
1200 4270 1495 4326 oﬁ‘enderet
1514 4270 1535 4301 ⁸
1569 4270 1801 4339 collegas
1830 4284 1975 4335 suos,

400 4375 489 4443 qui
519 4372 668 4426 multi
698 4368 964 4424 Primiano
985 4365 1095 4438 jam
1125 4380 1154 4419 a
1185 4379 1243 4418 se
1280 4363 1529 4419 damnato
1558 4363 1608 4417 in
1644 4362 1832 4416 melius
1858 4377 1978 4415 cor-

400 4463 530 4519 recti
572 4461 637 4516 ad
683 4467 1039 4515 trecentorum
1083 4455 1362 4511 concilium
1406 4454 1765 4518 transierunt,
1810 4452 1980 4522 magis

464 4578 481 4609 ι
508 4583 607 4625 Am.
629 4579 787 4635 etEr.,
810 4571 945 4637 quasi
968 4584 1077 4623 non.
1102 4577 1232 4629 Lov.,
1265 4581 1374 4633 qua:
1394 4566 1437 4620 si
1453 4582 1564 4618 non.
1588 4567 1889 4629 Castigantur
1915 4580 1980 4616 ex

398 4638 746 4689 manserintts.

462 4651 908 4760 I'“l‘t‘fdsiztrillilftuiiuidam
917 4702 1008 4745 Mss
1030 4729 1045 4753 ,
1072 4703 1187 4760 Nam
1211 4696 1256 4742 et
1279 4689 1649 4742 Maxintianistte
1665 4688 1828 4760 nonob
1844 4688 1979 4738 aliud

399 4756 451 4811 in
470 4750 789 4810 trecentorum
811 4765 853 4808 et
875 4750 1042 4807 decent
1064 4754 1357 4818 collegqu
1378 4765 1636 4804 suorum...
1657 4750 1850 4813 judico
1866 4764 1980 4800 con-

401 4821 573 4872 cedere
595 4819 859 4870 noluerunt.

464 4885 673 4955 nisi“,
698 4880 906 4955 ρῖράίιαν
933 4878 976 4950 id
1002 4886 1097 4955 est,
1114 4876 1529 4955 Wtifau:___.,_

401 5007 437 5057 ά
461 4934 712 5055 διγειιίωὶιί
726 4951 862 5051 ιΜεεη
887 4934 936 4992 se
959 4934 1093 5004 ipsos
1116 4934 1530 4990 malo'schismatis
1551 4936 1735 4999 majore
1758 4934 1981 4999 sacrilegi

438 5020 488 5057 es
510 5016 723 5055 rumeno:
747 5040 759 5051 .

438 5010 759 5057 cstruxerunt.

462 5070 483 5100 ³
507 5066 645 5125 aditi,
667 5064 779 5128 quia
798 5062 1029 5128 seruentia
1069 5076 1177 5128 sua_
1184 5059 1237 5128 in
1262 5059 1553 5128 collegarum
1592 5058 1981 5128 sententiamne-

398 5128 558 5239 (ιιιπὶι,
581 5120 641 5178 ne
658 5120 751 5190 ipsi
763 5126 1072 5189 offenderent.
1094 5122 1258 5172 Melius
1282 5120 1487 5172 Vaticani
1507 5128 1631 5180 Mss,
1656 5134 1715 5171 ne
1736 5120 1837 5183 ipse
1867 5121 1982 5182 (sci-

420 5193 516 5239 icet
555 5188 911 5239 Parmeniauus)
937 5185 1213 5239 offenderet.
1261 5184 1351 5233 Sed
1391 5184 1439 5233 in
1476 5182 1789 5239 praecedente
1814 5195 1979 5239 versu,

420 5193 516 5241 icet
547 5182 911 5251 'Paruienia'uus)
937 5185 1213 5251 oﬂ‘enderet.
1261 5184 1351 5233 Sed
1375 5184 1439 5251 _in
1476 5182 1789 5251 pragcedcnte
1814 5195 1979 5241 versu,

398 5267 504 5315 pro,
548 5250 661 5315 quia
682 5243 1219 5315 sententia..."deﬂuxit,
1259 5245 1388 5315 quod
1425 5243 1981 5315 unanifestumnerratum

400 5303 523 5377 crat,
540 5303 853 5377 conjectando
871 5303 1333 5377 emendemusiqiiia
1348 5304 1633 5377 sententia...
1656 5303 1978 5377 collegerunt.

400 5366 545 5425 Paulo
569 5366 675 5438 post
697 5373 821 5431 loco,
838 5370 1064 5438 eligentes
1084 5409 1097 5429 ,
1121 5366 1302 5433 legitur
1318 5370 1371 5419 in
1394 5367 1565 5417 iisdem
1589 5368 1825 5415 Vatiwuis
1846 5366 1982 5415 libris

401 5442 451 5484 et
474 5432 596 5498 apud
622 5447 719 5485 am.
746 5443 798 5485 et
820 5432 921 5493 En,
938 5432 1133 5496 eligens.

463 5515 538 5578 (τι)
580 5520 843 5567 Primianus
887 5513 1182 5578 Parmeniani
1222 5511 1608 5578 Carthaginensis
1630 5512 1982 5578 Donatistarum

400 5574 612 5639 episcopi
636 5592 885 5629 successor
900 5577 1154 5639 damnatus
1176 5575 1329 5636 primo
1360 5574 1449 5622 fuit
1469 5580 1719 5639 a__centum
1743 5575 1984 5636 episcopis

400 5634 453 5687 iii
471 5634 855 5691 t'aharsussitano
891 5638 1161 5687 donatianze
1179 5634 1338 5697 partis
1365 5634 1596 5693 concilio;
1625 5643 1794 5697 postea
1816 5634 1981 5683 autem

395 5698 633 5761 judicatus
658 5702 886 5749 innocuus
910 5714 935 5747 a
960 5696 1199 5749 trecentis
1220 5698 1401 5761 decem
1420 5696 1675 5761 episcopis
1700 5697 1748 5744 in
1782 5698 1984 5761 concilio

399 5756 666 5822 Baguitaao.
690 5762 856 5811 (“order
882 5770 1039 5811 Eiiarr.
1068 5762 1114 5809 in
1136 5758 1364 5808 Psalmum
1379 5756 1624 5821 36,'scrni.
1649 5756 1693 5821 ‘2,
1718 5772 1764 5808 η.
1787 5758 1863 5822 i9,
1888 5767 1980 5809 etc.

2086 435 2340 504 eligentes
2382 446 2563 491 contra
2610 451 2735 491 suas
2772 436 3068 508 .prOpi-ias‘
3110 436 3291 490 venire
3333 435 3657 500 sententias.

2079 542 2237 597 quam
2268 536 2449 581 contra
2479 542 2661 597 pacem
2708 528 2921 582 unitatis
2945 569 2960 591 ,
2989 528 3146 581 etiam
3176 527 3228 581 in
3261 536 3411 596 parte
3441 525 3657 580 Donati.

2080 618 2148 672 Et
2174 619 2400 673 maxime
2431 619 2749 674 Prmtextato
2794 620 3105 673 Assuritano
3151 629 3204 675 et
3236 618 3504 673 Feliciano
3547 617 3658 672 Mu-

2078 712 2272 765 stitano
2290 722 2528 782 parceret
2545 712 2614 767 Pa
2625 712 2946 778 rmenianus,
2967 712 3054 782 qui
3076 712 3233 766 etiam
3250 711 3483 766 damnati
3501 726 3529 764 a
3557 720 3652 766 tre-

2077 804 2249 858 cernis
2273 813 2329 859 et
2366 804 2551 859 decem
2581 805 2912 875 coepiscopis
2940 804 3051 859 suis
3070 844 3083 867 ,
3114 803 3178 857 ad
3204 803 3415 857 eosdem
3459 804 3602 873 ipsos
3625 818 3658 857 a

2077 895 2270 964 quibus
2296 895 2528 950 damnati
2560 895 2787 963 fuerant,
2820 896 2995 951 studio
3023 896 3325 951 concordia:
3365 896 3657 959 redierunt.

2077 995 2133 1041 et
2157 1002 2186 1040 a
2212 988 2322 1042 suis
2344 988 2742 1043 damnatoribus
2764 990 2951 1045 eodem
2979 991 3155 1045 studio
3178 991 3293 1045 sine
3321 990 3428 1045 ullo
3457 991 3537 1043 sui
3567 989 3662 1043 ho~

2079 1078 2225 1132 noris
2265 1077 2586 1133 detrimento
2606 1123 2620 1147 ,
2650 1095 2745 1150 pro
2773 1095 2900 1150 pace
2930 1082 3159 1149 suscepti
3202 1089 3326 1134 sunt
3352 1098 3364 1134 :
3389 1096 3487 1135 nec
3514 1084 3660 1150 quis-

2077 1185 2235 1238 quam
2265 1169 2667 1240 rebaptizandos
2696 1173 2914 1241 putavit,
2946 1173 3033 1241 qui
3080 1174 3291 1225 fuerant
3318 1172 3384 1225 ab
3423 1172 3500 1225 eis
3531 1172 3660 1225 foris

2080 1260 2131 1313 in
2159 1260 2445 1315 schismate
2473 1263 2745 1333 baptizati.
2774 1264 2855 1318 An
2888 1264 3021 1317 forte
3059 1263 3182 1333 quia
3221 1263 3445 1316 multum
3473 1262 3659 1330 displi-

2078 1362 2200 1406 cent
2227 1352 2577 1407 Parmeniano
2605 1355 2695 1424 qui
2716 1356 2987 1424 corrigunt
3006 1354 3297 1409 sententias
3324 1369 3468 1417 snas,
3492 1363 3544 1407 et
3569 1367 3661 1407 eos

2081 1460 2182 1499 non
2215 1445 2514 1514 intelligens
2542 1462 2675 1516 quos
2702 1447 2987 1516 Apostolus
3019 1446 3446 1515 praevaricatores
3473 1454 3659 1511 vocat,

2079 1535 2432 1590 detestaretur
2460 1538 2609 1603 istos,
2639 1538 2760 1608 quia
2790 1538 2927 1592 intro
2958 1538 3131 1592 redire
3151 1552 3307 1607 quam
3340 1535 3468 1590 foris
3490 1552 3663 1590 rema-

2082 1642 2207 1680 nere
2238 1628 2556 1694 maluerunt,
2588 1638 2640 1683 et
2661 1629 2921 1697 adjunctis
2956 1629 3052 1683 sibi
3086 1627 3360 1682 nonnullis
3399 1626 3661 1681 similibus

2080 1716 2259 1780 sociis,
2292 1718 2448 1770 etiam
2485 1717 2931 1771 Parmenianistas
2953 1727 3180 1781 crearet,
3209 1718 3343 1771 sicut
3364 1716 3472 1786 jam
3495 1718 3659 1770 multa

2080 1805 2243 1858 frusta
2270 1807 2336 1860 de
2364 1807 2466 1861 isto
2496 1809 2663 1862 frusto
2692 1825 2786 1877 per
2818 1817 2980 1862 totam
3025 1808 3253 1861 Africam
3296 1809 3427 1861 facta
3458 1807 3663 1865 sunt”?

2078 1896 2186 1961 Sic,
2229 1897 2307 1949 sic
2348 1910 2566 1952 necesse
2611 1908 2693 1952 est
2745 1910 2801 1952 ut
2850 1900 3146 1952 minutatim
3189 1899 3317 1952 secti
3359 1898 3663 1966 enm-isique

2078 1986 2404 2055 dispereunt,
2435 1988 2524 2057 qui
2566 1998 2825 2043 tumorem
2871 1990 3225 2043 animositatis
3252 2006 3362 2043 suae
3390 1989 3665 2043 catholica:

2082 2079 2224 2146 pacis
2263 2080 2602 2134 sanctissimo
2645 2080 2856 2134 vinculo
2888 2081 3252 2149 prrctulerunt.
3296 2080 3477 2150 Neque
3520 2080 3663 2135 enim

2081 2179 2188 2224 tam
2232 2173 2465 2227 timenda
2508 2183 2633 2226 sunt
2684 2189 2804 2243 quae
2850 2173 3207 2227 comminatur
3240 2173 3660 2237 Parmcuianus,

2079 2279 2237 2334 quam
2265 2265 2515 2320 intuenda
2544 2281 2663 2336 qua:
2688 2267 2987 2321 conﬁtetur.

2149 2356 2377 2411 CAPUT
2420 2356 2480 2411 V.
2511 2387 2582 2397 σ-
2614 2358 2696 2411 10.
2744 2357 2876 2411 Cum
2923 2358 3065 2412 enim
3106 2356 3343 2421 diceret,
3368 2372 3457 2426 per
3486 2355 3667 2409 Osium

2084 2449 2372 2519 Hispanum
2402 2451 2710 2521 adjutorium
2752 2451 3034 2519 prwstitum
3071 2449 3342 2506 chiliano
3365 2489 3380 2514 ,
3409 2457 3461 2501 ut
3490 2448 3558 2500 ad
3583 2463 3669 2501 eo-

2079 2557 2196 2593 rum
2238 2541 2640 2594 communionem
2681 2551 2975 2594 sanctorum
3008 2550 3055 2594 et
3079 2538 3390 2592 illibatorum
3429 2554 3669 2592 numerus

2081 2640 2338 2702 cogeretur
2361 2672 2376 2697 ,
2402 2639 2448 2683 et
2476 2631 2594 2684 huic
2632 2632 2879 2702 impietali
2909 2630 3061 2699 ﬁdem
3100 2645 3357 2683 servorum
3407 2628 3501 2681 Dei
3535 2630 3666 2682 inte-

2082 2741 2226 2795 gram
2265 2724 2543 2787 restitisse;
2595 2724 2737 2778 ultro
2776 2722 2951 2778 fassus
2990 2730 3073 2777 est
3112 2737 3237 2776 suos
3279 2723 3421 2791 ipsos
3466 2720 3665 2775 adiisse

2082 2815 2241 2870 etiam
2264 2815 2692 2877 Constantinum,
2727 2824 2780 2869 et
2808 2814 3031 2869 arbitrio
3058 2814 3174 2883 ejus
3202 2828 3230 2867 a
3252 2812 3521 2882 judicihus
3543 2812 3661 2882 epi-

2082 2907 2259 2976 scopis
2286 2921 2498 2960 causam
2517 2908 2803 2975 cognitam,
2829 2908 3020 2977 quibus
3046 2905 3253 2978 prml’uit
3279 2904 3603 2961 Mclchiades
3642 2906 3665 2937 ⁸

2083 2995 2337 3049 Romana:
2361 2997 2505 3051 urbis
2533 2997 2836 3067 episcopus.
2865 2997 2921 3052 In
2949 3013 3057 3068 quo
3082 2998 3302 3067 judicio,
3327 2998 3463 3052 sicut
3487 2997 3664 3054 eccle-

2081 3085 2291 3140 siastica
2318 3084 2477 3141 Gesta
2508 3095 2767 3142 testantur
2786 3132 2799 3154 ,
2824 3089 2948 3159 quia
2979 3090 3101 3143 victi
3144 3099 3267 3143 sunt
3296 3090 3402 3154 isti,
3424 3098 3479 3145 et
3509 3090 3665 3143 inuo—

2081 3191 2208 3232 cens
2241 3176 2556 3233 Cmcilianus
2588 3179 2833 3235 inventus
2868 3190 2983 3247 est,
3029 3181 3277 3236 eumdem
3319 3180 3665 3235 Melchiadem

2081 3269 2307 3326 crimine
2351 3272 2649 3327 traditionis
2680 3282 2951 3329 accusant.
2988 3274 3142 3341 Quod
3171 3289 3353 3344 quairo
3399 3274 3669 3343 quomodo

2082 3365 2466 3435 cognoverint?
2494 3365 2548 3420 Si
2576 3366 2718 3421 enim
2749 3375 2872 3421 ante
2895 3366 3151 3435 judicium
3174 3411 3188 3432 ,
3213 3383 3317 3421 non
3345 3366 3443 3421 sibi
3477 3367 3667 3436 pnrju-

2082 3453 2261 3509 dicare
2307 3454 2642 3522 debuerunt,
2693 3467 2748 3511 ut
2790 3458 2929 3527 apud
2977 3458 3132 3512 talem
3173 3458 3407 3527 judicem
3451 3475 3668 3516 causam

2083 3561 2240 3616 agere
2262 3547 2577 3615 inciperent,
2596 3549 2754 3602 etiam
2778 3564 2841 3602 ex
2866 3557 3131 3617 przecepto
3154 3549 3489 3617 Imperatoris
3506 3567 3666 3621 quom

2085 3640 2183 3710 ip~i
2224 3639 2492 3703 adierant,
2523 3640 2624 3695 tale
2659 3641 2839 3695 subire
2871 3640 3126 3709 judicium
3150 3640 3192 3693 ⁸.
3231 3642 3285 3695 Si
3328 3651 3503 3696 autem
3548 3656 3668 3712 post

2082 3731 2274 3785 dictam
2306 3746 2517 3784 causam
2544 3732 2907 3801 prolatamque
2934 3733 3254 3786 sententiam
3285 3748 3406 3788 eum
3437 3735 3663 3789 tradito-

2084 3837 2195 3876 rem
2221 3821 2468 3877 didicisse
2496 3822 2809 3891 perhibent,
2839 3837 3005 3892 usque
3041 3823 3175 3878 adeo
3219 3824 3496 3880 dementes
3540 3837 3665 3882 sunt

2084 3911 2330 3968 homines
2354 3956 2367 3977 ,
2391 3924 2451 3967 ut
2480 3924 2664 3968 contra
2693 3912 2899 3983 judices
2925 3913 3066 3983 apud
3092 3930 3229 3985 quos
3250 3917 3371 3969 victi
3401 3927 3558 3979 sunt,
3591 3920 3669 3973 vi-

2083 4008 2183 4062 ctis
2212 4008 2568 4075 litigatoribus
2614 4008 2837 4063 credant
2858 4008 2914 4060 ’ἲ
2938 4008 3003 4062 Ει
3025 4018 3200 4064 tamen
3231 4009 3284 4063 iu
3312 4009 3395 4063 his
3421 4011 3669 4066 onmihus

2084 4100 2347 4170 (quamvis
2368 4116 2554 4168 magna
2584 4101 2904 4167 temeritate,
2928 4100 3120 4166 Italos,
3154 4101 3334 4158 Gallos
3354 4144 3369 4169 ,
3404 4112 3456 4157 et
3479 4101 3668 4173 llispa-

2083 4206 2181 4245 nos
2207 4198 2491 4256 accusant,
2518 4191 2720 4247 relictis
2760 4194 2967 4246 cretei-is
3012 4203 3116 4246 tam
3164 4193 3343 4247 multis
3385 4193 3672 4261 provinciis

2083 4289 2241 4351 atque
2268 4283 2543 4352 gentibus,
2572 4298 2599 4334 a
2631 4283 2821 4352 quibus
2864 4281 3093 4336 nefando
3132 4283 3412 4350 sacrilegio
3437 4287 3667 4352 separati

2084 4381 2227 4439 sum,
2261 4373 2452 4443 quibus
2488 4373 2666 4441 utique
2706 4372 2894 4426 obesse
2931 4387 3036 4426 non
3069 4384 3283 4441 possent
3312 4374 3532 4429 crimina
3572 4376 3672 4431 Ita-

2085 4462 2286 4525 lorum,
2316 4462 2697 4530 Hispanorum,
2725 4472 2883 4531 atque
2926 4461 3200 4517 Gallorum
3222 4506 3237 4531 ,
3269 4465 3429 4519 etiam
3471 4466 3514 4520 si
3546 4483 3671 4524 vera

2084 4553 2445 4623 dicerentur),
2471 4554 2579 4622 jam
2622 4562 2845 4607 caeteras
2892 4563 3063 4609 terras
3090 4572 3234 4609 ca'co
3272 4570 3452 4623 more,
3479 4558 3557 4612 vel
3590 4578 3682 4627 po-

2088 4645 2190 4699 tius
2217 4646 2394 4699 lurore
2415 4657 2640 4713 arguunt
2668 4688 2682 4711 ,
2712 4655 2765 4700 cl
2795 4645 2872 4700 cis
2905 4646 3244 4701 irascuntur:
3269 4650 3388 4717 quia
3419 4666 3532 4701 cum
3558 4650 3675 4702 (ιηω

2088 4744 2254 4807 partes
2301 4746 2460 4789 essent
2486 4736 2537 4789 in
2568 4737 2743 4808 Africa
2767 4779 2780 4800 ,
2808 4753 2926 4802 una,
2958 4738 3190 4807 inquiunt
3218 4780 3233 4804 ,
3259 4739 3553 4793 traditarum
3581 4784 3592 4801 ,
3624 4750 3673 4794 et

2152 4896 2167 4927 ³
2189 4900 2238 4944 tn
2261 4896 2496 4959 Vaticanis
2516 4903 2641 4956 Mss,
2672 4909 3025 4959 prazproperas.

2152 4959 2171 4988 ι
2190 4958 2384 5016 Quidam
2405 4966 2527 5016 Mss,
2552 4958 2708 5019 {metu
2728 4958 2855 5009 sunt.

2152 5020 2581 5089 {varie-scriptum
2607 5022 2815 5089 occurrit
2839 5022 2885 5089 in
2909 5021 3121 5084 antiquis
3136 5022 3404 5089 codicibus,
3428 5036 3537 5073 raro
3550 5023 3674 5089 )th-

2088 5078 2303 5190 3Z?des,
2328 5078 2636 5143 frequentius
2667 5081 2924 5142 Miltiades,
2949 5078 3320 5147 aut'ueltiades,
3353 5078 3445 5136 seu
3469 5087 3678 5138 Μία-ιιι-

2124 5155 2190 5193 εδ.

2151 5203 2173 5275 f
2195 5201 2565 5275 aditum-mles:
2586 5210 2826 5275 praecepto
2850 5206 3152 5275 Imperatoris
3166 5221 3305 5275 quem
3319 5206 3416 5275 ipsi
3435 5206 3677 5275 adierant,

2089 5264 2183 5314 tale
2197 5265 2383 5328 subiere
2390 5264 2652 5328 judicium.
2677 5264 2961 5317 aoncinnius
2978 5275 3103 5326 uss,
3127 5264 3287 5319 subire
3306 5264 3562 5328 judicium.
3586 5264 3678 5320 sed

2090 5339 2193 5391 pro,
2216 5326 2358 5391 etiam
2380 5326 2399 5387 ,“
2420 5326 2685 5391 legendum
2710 5328 2919 5387 videtur,
2944 5335 2987 5378 et
3008 5328 3169 5380 etiam.

2153 5390 2174 5420 ⁸
2201 5390 2274 5458 sic
2296 5388 2420 5437 alter
2444 5388 2734 5458 e‘vaticainis
2767 5395 2879 5458 loss:
2905 5398 2957 5458 at
2991 5396 3122 5458 1.031.,
3148 5398 3197 5441 ut
3221 5388 3446 5458 ducrntos
3461 5389 3677 5454 jmlices,

2089 5450 2221 5509 apud
2259 5462 2390 5519 quos,
2408 5449 2519 5519 uicti
2539 5450 2821 5519 amarioris
2844 5449 3159 5519 litigatoribus
3186 5453 3387 5519 credant
3421 5449 3524 5505 esse
3549 5449 3678 5519 post;

2090 5511 2624 5589 R‘ftfeft‘i9i-E'4391‘3‘9
2641 5511 3145 5589 aliietitsieuetsi
3169 5511 3681 5589 (ξυιίμυιιισβδκὶκιδι-

2089 5586 2182 5639 pan
2200 5573 2363 5631 ‘ndos;
2387 5573 2569 5639 habent
2585 5581 2767 5639 tamen,
2793 5580 2841 5622 ut
2858 5575 3103 5639 ducentos,
3122 5573 3220 5639 vel,
3238 5576 3433 5627 ducenti
3446 5573 3640 5639 jmli’ccs
3659 5593 3677 5629 :

2090 5633 2245 5701 inata;
2274 5648 2381 5701 nam
2405 5636 2562 5696 agitur
2584 5636 2648 5684 de
2685 5642 2889 5684 ttomano
2907 5635 3103 5701 judicio,
3147 5636 3195 5684 in
3217 5651 3330 5699 quo,
3357 5647 3410 5687 ut
3434 5633 3497 5689 ex
3520 5644 3676 5701 aptati

2093 5695 2215 5744 libro
2241 5700 2393 5758 primo
2418 5695 2622 5752 constat,
2667 5704 2845 5759 praeter
2873 5695 3181 5746 ttelcliiadetn
3204 5695 3467 5749 octodecim
3493 5695 3679 5754 tantum

2092 5759 2348 5807 adfuerunt
2374 5759 2601 5819 ejiscoji.
