4050 6206
3498 272 3527 287 ν’

216 363 280 421 tt
1000 348 1003 349 ⁷
1611 352 1809 411 Lmen
1854 350 2120 413 rtttitt's.
3428 360 3499 417 ιε

213 482 383 533 altera
407 470 772 540 innocentium,
807 468 1071 524 Iraditorcs
1101 471 1194 525 sibi
1223 488 1371 541 qtmm
1394 472 1679 525 innocentes
1706 471 1801 521 nd—

210 572 436 642 jungere
477 568 783 621 maluerunt.
819 565 950 634 Qua:
989 580 1091 619 una
1127 564 1425 619 criminatio
1450 566 1465 596 ⁸
1496 561 1811 618 brevissime

216 671 386 731 atque
427 660 710 715 verissime
749 657 819 711 ita
863 654 1156 723 refellitur,
1179 656 1299 726 quia
1327 672 1445 711 cum
1473 653 1605 710 duas
1636 662 1811 724 partes

218 754 504 806 audissent
532 764 652 805 esse
679 749 732 803 in
764 747 942 803 Africa
968 790 983 813 ,
1017 763 1174 802 unam
1205 745 1520 802 traditorum
1540 788 1554 810 ,
1591 745 1810 801 alteram

222 841 621 905 innocentium,
648 854 767 894 eam
797 838 1135 893 innocentem
1162 852 1281 893 esse
1298 837 1659 901 crediderunt,
1689 851 1809 907 qua:

222 946 444 984 causam
476 945 625 982 suam
647 928 786 996 apud
810 928 1011 981 vicinos
1032 926 1427 982 ecclesiasticos
1450 925 1659 996 judices
1686 927 1815 982 obti-

225 1034 439 1078 nuerat.
465 1022 803 1091 Quapropter
822 1020 897 1074 illi
918 1034 1131 1089 semper
1150 1017 1460 1075 innocentes
1478 1025 1811 1084 manserunt,

225 1118 317 1185 qui
371 1113 667 1167 nescientes
717 1105 1165 1181 quemadmodum
1206 1108 1305 1165 ista
1348 1107 1401 1162 in
1444 1107 1623 1163 Africa
1665 1116 1814 1178 gesta

227 1208 357 1267 sint,
394 1204 444 1257 id
476 1215 649 1255 tamen
677 1200 1018 1255 crediderunt
1060 1198 1201 1269 quod
1230 1199 1449 1269 pacitice
1482 1212 1545 1252 ac
1566 1197 1815 1267 religiose

229 1296 452 1349 credere
473 1293 800 1355 debuerunt,
829 1306 858 1344 a
898 1290 1092 1361 quibus
1131 1289 1505 1345 innocentibus
1548 1288 1817 1359 separatio

230 1386 379 1437 nullo
410 1383 567 1437 modo
594 1383 847 1436 innocens
875 1395 996 1436 esse
1026 1380 1214 1451 potuit.

309 1490 531 1549 CAPUT
573 1492 660 1545 Vi.
688 1521 760 1531 —
788 1492 874 1546 ll.
906 1491 1122 1546 Fatetur
1145 1491 1305 1545 etiam
1342 1486 1728 1546 Parmenianns
1750 1487 1816 1543 ad

234 1582 549 1637 Arelatense
580 1581 831 1651 oppidum
858 1587 912 1635 et
936 1580 1214 1650 episcopos
1237 1578 1444 1650 judices
1469 1589 1524 1636 et
1554 1588 1730 1650 partes
1750 1594 1815 1633 ex

237 1673 416 1730 Africa
436 1674 749 1727 convenisse
767 1714 782 1738 ,
810 1671 1151 1726 Caecilianum
1186 1671 1391 1726 scilicet
1414 1681 1575 1742 atque
1606 1671 1821 1724 Donati-

239 1776 377 1821 stas:
414 1764 494 1818 ubi
522 1764 701 1818 omnia
728 1763 838 1818 suis
858 1761 1102 1829 credidit,
1125 1762 1212 1817 cui
1236 1761 1366 1815 nihil
1389 1762 1513 1817 victi
1535 1772 1821 1832 potuerunt

244 1857 339 1909 nisi
372 1857 436 1909 de
451 1854 723 1924 judicibus
749 1853 1045 1923 conqueri’
1072 1870 1084 1907 :
1120 1868 1219 1907 nec
1242 1861 1417 1907 tamen
1451 1862 1605 1922 negat
1634 1862 1821 1908 rttrsus

244 1966 334 2003 eos
356 1949 421 2001 ad
443 1946 848 2002 Constantinum
862 1945 1090 2010 venisse;
1108 1954 1159 1999 et
1176 1945 1297 2014 quia
1315 1943 1382 1999 ibi
1404 1960 1614 2015 quoque
1636 1943 1823 1999 ultimo

241 2040 437 2109 judieio
468 2038 705 2108 superati
732 2045 875 2103 sunt,
903 2037 1060 2091 etiam
1104 2036 1277 2106 ipsum
1312 2036 1481 2107 gratia
1512 2044 1822 2105 corruptum

246 2149 362 2186 esse
404 2131 732 2184 criminatur.
779 2128 981 2196 Quibus
1025 2128 1273 2183 omnibus
1317 2128 1701 2191 consideratis,
1733 2128 1823 2197 qui

249 2223 363 2276 sine
408 2222 583 2275 studio
632 2214 859 2290 partium
915 2212 1153 2289 judicat,
1182 2219 1344 2289 eligat
1368 2217 1561 2288 quibus
1611 2219 1823 2283 credat;

249 2324 421 2367 utrum
445 2310 715 2381 judicibus
744 2310 1034 2365 sententias
1062 2307 1477 2380 proferentibus,
1505 2324 1571 2362 an
1598 2309 1827 2379 litigato-

251 2403 395 2458 ribus
419 2413 601 2457 contra
633 2416 767 2471 quos
794 2401 1011 2470 prolatte
1036 2408 1196 2465 sunt,
1230 2399 1377 2454 litem
1408 2398 1560 2453 finire
1594 2398 1823 2453 uolenti-

252 2497 373 2550 bus.
427 2496 585 2549 Certe
625 2494 770 2549 orbis
810 2502 1071 2548 terrarum
1115 2491 1383 2561 judicibus
1434 2490 1679 2546 credidit.
1726 2488 1825 2558 Qui

251 2597 424 2639 autem
450 2583 735 2638 Donatistis
764 2582 1126 2646 consentiunt,
1158 2595 1356 2650 eosque
1378 2578 1714 2645 defendunt,
1745 2576 1829 2634 fa-

252 2685 427 2730 tentur
456 2692 514 2728 se
534 2675 635 2727 illis
664 2673 885 2727 credere
911 2673 1000 2743 qui
1041 2686 1258 2727 causnm
1296 2686 1445 2725 suam
1466 2711 1480 2733 ,
1509 2670 1829 2740 qualiscum-

254 2782 353 2836 que
384 2766 469 2820 illa
496 2766 651 2821 fuerit
677 2806 689 2827 .
730 2782 834 2819 non
867 2772 1152 2835 potuerunt
1179 2763 1200 2794 ³
1229 2771 1403 2818 tamen
1432 2762 1483 2816 in
1519 2763 1829 2817 transmari-

255 2859 335 2911 nis
355 2868 433 2910 tot
460 2856 933 2927 disceptationibus
960 2855 1203 2911 obtinere
1222 2896 1237 2921 ,
1269 2864 1323 2911 et
1356 2870 1540 2911 eorum
1570 2854 1829 2912 adverSus

249 2948 457 3018 jmliccs
486 2962 756 3001 murmura
784 2955 838 3002 et
874 2946 1097 3001 erimina
1137 2946 1353 3002 credula
1387 2947 1621 3003 vanitate
1666 2944 1828 3001 susci-

254 3041 420 3109 piunt.
448 3039 562 3107 Qua
593 3039 645 3092 in
677 3055 735 3094 re
770 3038 813 3092 si
840 3038 1153 3092 innocentes
1178 3052 1237 3092 se
1263 3038 1467 3103 dicunt,
1495 3047 1551 3093 et
1576 3051 1670 3093 eos
1696 3051 1834 3109 quos

252 3138 532 3198 superatos
569 3128 805 3193 scimus;
835 3137 1032 3198 quanto
1070 3127 1462 3182 innocentiores
1503 3137 1627 3182 sum
1650 3127 1741 3199 qui
1764 3134 1835 3182 te-

255 3238 399 3277 mere
441 3221 641 3290 aliquid
680 3222 801 3275 tnali
831 3220 897 3275 de
938 3220 1065 3290 ipsis
1081 3220 1350 3289 judicibus
1376 3218 1596 3276 credere
1620 3220 1831 3288 nolunt,

254 3316 319 3369 de
359 3314 553 3383 quibus
594 3328 813 3368 necesse
858 3322 939 3367 est
967 3311 1135 3382 utqui
1178 3311 1301 3367 victi
1350 3310 1562 3365 fuerant
1606 3326 1836 3381 conque-

254 3404 474 3457 rantur?
494 3403 608 3457 Non
635 3403 804 3456 solum
833 3403 971 3457 enim
993 3402 1082 3473 qui
1117 3402 1307 3456 bonam
1335 3416 1547 3455 causam
1576 3402 1831 3471 perdidit,

256 3494 319 3547 de
344 3494 524 3563 iniquo
552 3494 633 3548 vel
656 3493 801 3547 tardo
824 3494 904 3547 vel
929 3491 1214 3562 negligenti
1232 3491 1412 3562 judice
1430 3492 1672 3562 queritur
1700 3511 1712 3547 :
1739 3493 1833 3547 sed

257 3587 412 3640 etiam
447 3587 535 3654 qui
560 3585 853 3655 justissime
886 3586 1054 3641 victus
1079 3595 1199 3651 est,
1232 3600 1291 3640 ea
1314 3588 1555 3642 ctecitate
1574 3586 1642 3642 de
1680 3587 1833 3642 inno-

257 3686 409 3731 cente
430 3676 608 3746 judice
646 3688 935 3731 murmurat
957 3720 971 3739 ,
1003 3693 1105 3746 qua
1134 3678 1369 3733 caecitate
1402 3693 1525 3733 cum
1557 3680 1837 3735 innocente

259 3770 561 3825 adversario
583 3769 841 3838 litigabat.
882 3769 1214 3839 Quapropter
1245 3770 1329 3825 isti
1358 3787 1463 3825 non
1511 3769 1629 3826 ideo
1664 3771 1835 3826 scele-

262 3857 359 3914 rati
386 3870 540 3920 sunt,
573 3860 693 3929 quia
722 3859 788 3914 de
823 3859 1068 3913 omnibus
1096 3859 1250 3914 victis
1288 3860 1474 3915 nolunt
1508 3869 1707 3915 temere
1733 3861 1834 3914 ali-

260 3950 380 4020 quid
421 3950 644 4005 credere
678 3968 689 4001 :
736 3950 830 4004 sed
871 3949 993 4004 ideo
1030 3950 1151 4019 quia
1197 3965 1257 4005 se
1308 3949 1487 4005 furore
1536 3950 1838 4006 schismatis

263 4044 610 4112 praeciderunt
632 4044 697 4095 ab
722 4043 799 4123 eis
830 4042 1198 4098 innocentibus
1218 4084 1233 4107 ,
1264 4043 1352 4113 qui
1377 4043 1543 4097 multo
1595 4043 1835 4098 rationa-

262 4134 411 4188 bilius
439 4134 622 4187 nolunt
646 4133 751 4186 tale
768 4131 1040 4202 aliquidde
1056 4133 1185 4203 ipsis
1199 4132 1467 4202 judicibus
1485 4133 1725 4189 credere.

328 4244 554 4300 CAPUT
584 4244 690 4298 VII.
707 4273 780 4284 —
802 4244 886 4297 ιε.
916 4243 1120 4298 Existat
1135 4243 1277 4299 enim
1298 4244 1470 4313 aliqua
1488 4244 1694 4299 illarum
1715 4258 1839 4313 p-tr-

264 4337 388 4388 tiam
424 4336 477 4389 in
522 4336 737 4391 nomine
758 4334 956 4390 Christi
995 4334 1322 4389 nobilissima
1352 4335 1585 4390 Ecclesia
1606 4376 1620 4397 ,
1644 4351 1708 4390 es
1738 4337 1840 4390 illis

262 4438 495 4497 septem,
524 4436 579 4480 et
604 4428 647 4480 si
678 4427 848 4496 placet
892 4426 1222 4496 potissimum
1259 4426 1618 4496 Philadelphia
1654 4426 1837 4495 (Apoc.

263 4534 336 4581 III,
365 4518 421 4587 7)
448 4556 465 4581 ,
494 4531 614 4585 ane
642 4516 710 4571 de
738 4517 962 4587 mystico
990 4516 1207 4570 nomine
1238 4531 1328 4584 per
1352 4515 1581 4585 linguam
1611 4531 1837 4585 graecam

266 4607 548 4661 fraternam
578 4607 782 4659 intimat
805 4606 1138 4661 charilatem.
1167 4605 1456 4659 Audiamus
1477 4605 1633 4675 igitur
1659 4621 1838 4661 vocem

264 4696 397 4765 ejus,
425 4713 526 4753 nec
548 4699 662 4765 ejus
685 4697 836 4767 palea
859 4696 1124 4766 loquatur,
1151 4694 1246 4751 sed
1276 4696 1615 4749 frumentum.
1638 4696 1691 4751 Si
1715 4712 1842 4765 ergo

264 4786 403 4839 dicat
431 4787 548 4841 istis
567 4786 730 4853 :Qnid
752 4786 803 4839 in
824 4800 909 4841 me
932 4785 1152 4856 arguitis
1172 4783 1214 4850 ⁸,
1236 4783 1461 4839 fratres?
1486 4785 1609 4855 quid
1627 4801 1842 4841 accusa-

266 4876 373 4928 tis?
397 4876 605 4943 Quanto
637 4875 916 4930 intervallo
946 4875 1232 4931 secundum
1260 4884 1531 4930 terrenum
1576 4875 1749 4930 locum
1776 4876 1844 4929 ab

264 4965 438 5021 Africa
477 4976 677 5022 remota
706 4967 839 5034 sim,
870 4968 1061 5036 partim
1090 4982 1246 5020 nosse
1268 5006 1282 5033 ,
1313 4966 1502 5035 partim
1538 4966 1720 5022 aulire
1747 4983 1843 5037 po-

331 5203 347 5235 ¹
372 5203 518 5260 aditi,
563 5202 882 5254 comminatio.
923 5201 1092 5253 Melius
1130 5203 1335 5254 ινξιῑίωηί
1386 5200 1513 5257 libri.
1557 5203 1843 5257 criminatio.

261 5267 419 5323 forte,
446 5274 561 5325 (na!
591 5279 711 5315 rrum
749 5263 1034 5317 ετήπὶηαιὶο.
1084 5273 1250 5325 Postea
1288 5273 1450 5314 autem
1494 5262 1616 5325 loco,
1660 5267 1847 5317 verissi-

262 5336 375 5393 ιρις
411 5324 634 5388 plerique
670 5334 776 5376 Mss.
817 5328 1025 5386 habent,
1063 5324 1304 5377 vilissime.
1343 5326 1493 5375 Editio
1516 5324 1611 5377 Am.
1633 5361 1649 5387 ,
1675 5328 1847 5390 justis-

261 5398 399 5435 sane.

328 5449 348 5478 ³
367 5454 430 5497 Ita
452 5454 560 5512 uss.
586 5456 640 5498 At
664 5447 908 5512 editi,,qui
950 5445 1073 5498 nihil
1093 5446 1221 5508 victi,
1247 5454 1499 5512 potuerunt
1520 5451 1582 5498 de
1595 5448 1845 5511 judicibus

260 5509 524 5570 memmi;
547 5512 741 5568 omisso,

328 5572 348 5601 ³
370 5573 443 5620 sic
467 5571 623 5620 locum
646 5572 704 5619 ad
745 5574 990 5622 vatimnos
1010 5570 1204 5620 codices
1234 5571 1564 5627 emendamus.
1603 5580 1713 5623 Nam
1738 5587 1845 5625 eor.

259 5646 336 5679 rm
355 5642 407 5681 te
438 5632 487 5681 in
532 5632 679 5681 editis
703 5632 978 5695 legebatur,
1002 5632 1211 5693 fatentur
1247 5644 1297 5681 se
1318 5630 1577 5695 illiusesse
1600 5633 1843 5695 Ecclesia',

256 5695 447 5764 quis...
466 5705 560 5742 non
583 5700 832 5764 poterunt;
856 5694 953 5764 vel,
976 5705 1185 5755 qua..."
1210 5706 1301 5764 non
1336 5694 1499 5753 potuit.

328 5760 474 5801 διον.
514 5754 632 5815 quid
663 5766 739 5804 me
775 5754 1011 5818 arguitis’:
1051 5755 1368 5815 przctcrmissa
1418 5759 1663 5819 particula,
1712 5757 1775 5809 in.

516 5831 788 5894 I’ATROL.
827 5832 1039 5891 .\'l.|il.

1920 464 2092 524 tuistis
2117 487 2129 522 :
2158 470 2281 542 quid
2311 470 2379 526 ibi
2402 478 2524 525 tunc
2550 472 2661 527 sive
2693 470 2972 528 traditores
2992 515 3006 538 ,
3033 473 3146 529 sive
3177 472 3492 531 traditornm

1921 557 2003 614 vel
2024 570 2358 616 accusatores
2387 568 2467 615 vel
2498 561 2855 627 damnatores,
2887 562 3000 617 sive
3026 563 3388 620 innocentium
3411 570 3492 622 vel

1920 651 2331 708 calumniatores
2348 652 2429 709 vel
2446 668 2790 724 epprcssores
2812 654 3035 725 egerint,
3058 671 3275 726 prorsus
3292 656 3497 728 ignoro.

1920 742 2025 799 Sed
2058 744 2146 799 ille
2168 745 2423 801 Dominus
2444 754 2625 802 noster
2641 742 2732 817 qui
2752 748 2881 801 emit
2906 753 3072 802 totum
3099 748 3351 804 mundum
3378 765 3506 819 pre-

1923 835 1997 890 tio
2037 836 2308 906 sanguinis
2338 836 2459 903 sui,
2486 836 2635 907 cujus
2664 847 2845 892 sancta
2886 838 3204 894 commercia
3246 840 3504 909 propheta

1925 931 2070 979 tanto
2095 932 2219 980 ante
2246 926 2440 981 cecinit
2466 924 2668 994 dicens,
2696 919 2958 981 Foderunt
2991 944 3169 981 manus
3193 945 3327 984 meas
3346 936 3393 982 et
3412 946 3473 999 pe
3491 959 3505 970 -

1924 1017 2011 1072 des
2036 1034 2191 1083 meos,
2223 1018 2664 1074 dinumeraverunt
2694 1016 2865 1073 omnia
2901 1036 3015 1074 ossa
3042 1037 3152 1073 utea
3194 1035 3212 1074 :
3250 1020 3350 1090 ipsi
3391 1037 3507 1075 vero

1924 1108 2365 1163 consideraverunt
2389 1118 2434 1164 et
2461 1119 2827 1181 conspexerunt
2871 1125 2978 1175 me,
3001 1110 3388 1167 diviseruntsibi
3416 1127 3497 1165 re-

1924 1201 2155 1256 stimenta
2182 1218 2317 1266 mea;
2342 1206 2389 1256 et
2418 1218 2569 1272 super
2592 1210 2786 1273 [vestem
2826 1218 2987 1256 meam
3012 1202 3253 1256 miserunt
3280 1209 3461 1257 sortem
3488 1217 3505 1255 :

1925 1290 2064 1346 inter
2090 1308 2186 1347 nos
2225 1300 2280 1348 et
2308 1308 2402 1348 vos
2432 1308 2535 1348 non
2566 1294 2736 1363 spatia
2779 1291 3052 1348 constituit
3088 1307 3251 1346 vacua
3290 1300 3343 1347 et
3369 1292 3506 1346 nuda

1924 1381 2274 1451 Christianis;
2299 1384 2536 1455 implevit
2561 1378 2674 1440 haec
2698 1385 2873 1439 omnia
2900 1384 3318 1439 sanctificatione
3343 1384 3509 1436 nomi-

1927 1474 2011 1529 nis
2040 1476 2143 1530 sui.
2188 1476 2243 1530 in
2276 1477 2390 1546 ipso
2416 1478 2609 1547 quippe
2636 1477 2841 1548 psalmo
2874 1476 3132 1545 passionis
3155 1516 3171 1543 ,
3205 1490 3308 1530 non
3338 1475 3507 1530 solum

1925 1566 2141 1635 quanti,
2174 1566 2264 1620 sed
2306 1566 2463 1621 etiam
2504 1576 2757 1635 quantum
2799 1564 2986 1620 emerit
3014 1564 3339 1619 declaratum
3381 1572 3508 1619 est:

1928 1652 1999 1711 ibi
2020 1656 2160 1711 enim
2197 1656 2352 1726 paulo
2380 1666 2498 1729 post
2533 1654 2725 1711 dicitur
2747 1699 2762 1723 ,
2788 1656 3191 1709 Reminiscentur
3219 1664 3264 1709 ct
3300 1671 3507 1709 conver-

1929 1759 2095 1804 tentur
2130 1746 2197 1803 ad
2241 1750 2512 1803 Dominum
2552 1747 2770 1802 universi
2800 1748 2925 1819 ﬁnes
2953 1757 3133 1813 terraz,
3158 1755 3201 1800 et
3230 1746 3513 1801 adorabunt

1928 1838 1981 1892 in
2020 1848 2283 1910 Conspectu
2313 1841 2421 1908 ejus
2458 1839 2700 1892 universa
2743 1838 2922 1907 patrita
2965 1836 3227 1907 gentium;
3268 1837 3507 1906 quoniam

1929 1930 2087 2002 ipsius
2124 1940 2194 1983 est
2226 1946 2435 2000 regnum
2454 1971 2469 1995 ,
2499 1938 2543 1983 et
2569 1930 2675 1998 ipse
2711 1927 3053 1997 dominabitur
3082 1927 3306 1997 gentium
3337 1925 3511 1997 (Psal.

1930 2036 2042 2086 XXI,
2070 2016 2161 2083 Π,
2190 2018 2277 2086 18,
2312 2019 2397 2085 19,
2426 2018 2519 2086 ‘28,
2548 2018 2661 2090 29).
2697 2018 2771 2073 De
2795 2032 2953 2073 causa
2984 2018 3162 2087 itaque
3187 2026 3361 2072 vestra
3387 2026 3513 2071 tunc

1934 2105 2158 2165 fortasse
2185 2124 2404 2180 cogerer
2422 2105 2664 2179 judicare
2689 2151 2704 2173 ,
2729 2109 2774 2164 si
2803 2107 2886 2163 vel
2912 2107 3082 2163 vicina
3108 2122 3307 2170 essem.
3332 2108 3412 2162 vel
3444 2109 3514 2164 ita

1934 2209 2136 2255 remota
2158 2241 2174 2266 ,
2203 2210 2262 2254 ut
2287 2196 2427 2256 inter
2466 2214 2563 2255 nos
2589 2208 2643 2254 et
2670 2213 2765 2255 vos
2794 2214 2897 2255 non
2930 2198 3229 2254 habitarent
3255 2197 3340 2252 alii
3370 2199 3516 2252 chri-

1932 2290 2088 2344 stiani
2135 2288 2321 2346 eodem
2365 2289 2578 2345 nomine
2613 2289 2835 2360 signati,
2866 2289 3052 2345 eadem
3095 2289 3295 2344 unitate
3323 2289 3515 2360 pacati.

1933 2379 2106 2435 Multa:
2128 2380 2440 2451 interjaccnt
2468 2380 2650 2451 patria:
2686 2381 2918 2451 gentium
2946 2420 2963 2447 ,
2983 2380 3140 2435 simul
3168 2394 3373 2434 mecum
3400 2396 3516 2435 em-

1934 2480 2038 2541 ptae
2067 2468 2207 2526 illius
2248 2471 2523 2542 sanguine,
2548 2471 2600 2525 in
2633 2469 2785 2541 cujus
2813 2479 3099 2540 conspectu
3138 2485 3346 2524 mecum
3376 2469 3520 2540 pari-

1938 2570 2018 2619 ter
2046 2562 2284 2617 adorant.
2308 2558 2411 2618 Per
2449 2563 2566 2618 illas
2593 2561 2659 2617 ad
2695 2577 2781 2617 me
2807 2562 3015 2617 transiit
3057 2556 3196 2616 fama
3227 2560 3293 2617 de
3331 2560 3519 2628 vobis;

1936 2654 2067 2724 ipsae
2094 2649 2160 2709 de
2186 2654 2453 2709 vicinitate
2490 2669 2702 2709 causam
2733 2663 2964 2708 vestram
2995 2651 3303 2709 examinare
3332 2662 3517 2723 potue-

1936 2756 2062 2801 runt
2085 2765 2099 2803 :
2128 2746 2268 2817 quod
2298 2746 2341 2799 si
2371 2762 2474 2801 non
2501 2755 2581 2802 est
2608 2745 2798 2801 factum
2819 2786 2836 2812 ,
2858 2760 2954 2800 vos
2977 2743 3321 2817 neglexistis;
3350 2759 3524 2816 neque

1938 2838 2079 2891 enim
2110 2835 2335 2906 neglecti
2364 2850 2394 2889 a
2420 2835 2629 2891 cmteris
2653 2877 2666 2900 ,
2698 2850 2802 2889 non
2826 2850 2996 2905 usque
3018 2835 3085 2889 ad
3119 2850 3216 2889 nos
3241 2834 3401 2889 etiam
3430 2850 3527 2888 ve-v

1940 2929 2157 2985 niretis:
2190 2930 2234 2984 si
2261 2937 2438 2984 autem
2468 2927 2666 2998 aliquid
2687 2926 2979 2998 judicatum
3010 2936 3112 2995 est,
3137 2927 3261 2983 date
3290 2928 3520 2997 veniam,

1941 3037 2047 3077 non
2068 3020 2238 3077 audeo
2266 3020 2417 3076 vobis
2436 3020 2698 3091 superatis
2728 3028 2931 3076 temere
2956 3016 3177 3075 credere
3198 3061 3212 3087 ,
3235 3027 3292 3075 et
3312 3019 3524 3090 judices

1942 3125 2151 3172 vestros
2178 3113 2363 3171 eadem
2392 3113 2689 3169 temeritate
2714 3111 2987 3167 damnare.
3010 3110 3230 3166 Accedit
3250 3111 3353 3166 huc
3379 3111 3521 3165 aliud

1939 3206 2080 3278 quod
2126 3220 2215 3262 me
2248 3204 2532 3277 plurimum
2576 3204 2957 3275 moveat,quia
2993 3203 3037 3259 si
3079 3218 3173 3259 vos
3214 3201 3526 3257 innocentes

1941 3296 2180 3368 oppressi
2216 3296 2440 3360 essetis,
2484 3309 2582 3351 nos
2620 3294 2806 3350 saltem
2848 3293 3036 3349 fratres
3077 3294 3165 3363 qui
3215 3291 3345 3349 nihil
3374 3294 3525 3350 vobis

1942 3388 2253 3452 nocuimus,
2288 3386 2573 3443 amaretis:
2616 3400 2737 3442 cum
2770 3401 2896 3442 vero
2922 3401 3020 3442 nos
3041 3428 3056 3451 ,
3080 3387 3170 3457 qui
3198 3385 3333 3442 bene
3373 3388 3527 3443 nobis

1940 3476 2141 3534 conscii
2177 3491 2360 3532 sumus
2388 3491 2599 3532 causam
2638 3484 2868 3532 vestram
2910 3472 3097 3531 vicinis
3142 3474 3332 3531 vestris
3380 3487 3525 3533 recto

1942 3568 2197 3624 Ecclesia:
2230 3568 2352 3638 jure
2390 3566 2731 3622 commissam
2773 3564 2938 3622 fuisse
2966 3567 3004 3631 ί,
3046 3567 3134 3637 qui
3188 3583 3368 3623 coram
3416 3567 3523 3623 Deo

1941 3660 2121 3715 sciunt
2159 3657 2603 3729 quemadmodum
2638 3657 3021 3726 judicaverint,
3066 3655 3301 3715 lacerare
3346 3668 3520 3713 tamen

1941 3749 2237 3805 maledictis
2264 3758 2317 3802 et
2342 3748 2548 3804 acerbis
2572 3747 2710 3803 odiis
2739 3747 2986 3803 insectari
3004 3790 3018 3815 ,
3047 3758 3101 3803 et
3126 3751 3275 3819 quasi
3310 3762 3525 3820 propter

1940 3854 2037 3895 vos
2064 3839 2305 3893 Christus
2330 3836 2466 3906 apud
2500 3852 2597 3891 nos
2622 3832 2987 3892 hazreditatem
3024 3852 3172 3892 suam
3199 3838 3482 3909 perdiderit
3506 3884 3521 3904 ,

1942 3928 2102 3983 etiam
2142 3926 2468 3996 rebaptizare
2504 3926 2802 3991 conamini,
2822 3926 2946 3995 quid
2978 3927 3099 3982 honi
3127 3928 3193 3982 de
3231 3929 3316 3981 illa
3348 3938 3523 3984 vestra

1942 4032 2100 4073 causa
2131 4016 2330 4073 sentire
2361 4015 2688 4085 poterimus?
2718 4014 2817 4083 Qui
2843 4015 2984 4069 enim
3033 4016 3185 4086 longe
3227 4019 3522 4074 remotissi-

1943 4123 2060 4165 mos
2084 4106 2277 4162 fratres
2293 4105 2589 4162 temerariis
2609 4105 2999 4176 suSpicionihus
3026 4104 3280 4163 damnare
3308 4108 3525 4165 minime

1944 4200 2220 4266 dubitatis,
2239 4214 2395 4269 quam
2417 4198 2562 4268 juste
2582 4213 2613 4251 a
2638 4198 2824 4254 vicinis
2844 4200 3032 4253 vestris
3047 4196 3280 4255 damnati
3299 4197 3525 4267 fueritis,

1944 4291 2239 4348 ostenditis.
2256 4290 2363 4344 Cur
2373 4290 2513 4344 enim
2531 4304 2635 4344 non
2646 4289 2859 4345 credam
2878 4299 3019 4345 recte
3039 4290 3276 4346 damnari
3294 4295 3528 4363 potuisse

1945 4397 1975 4438 a
2003 4383 2177 4437 vicino
2208 4381 2387 4452 judice
2425 4378 2661 4434 auditum
2684 4419 2700 4447 ,
2729 4381 2818 4451 qui
2850 4396 2937 4436 me
2970 4380 3183 4437 fratrem
3218 4390 3322 4437 tam
3373 4384 3526 4455 longe

1946 4475 2219 4529 absentem
2250 4472 2502 4527 damnare
2533 4484 2636 4525 non
2663 4469 2868 4525 dubitat
2907 4471 3236 4537 inauditum;
3270 4472 3370 4529 hoc
3396 4476 3527 4529 mihi

1947 4566 2201 4635 objicieas
2220 4564 2504 4618 maximum
2522 4563 2724 4618 crimen
2743 4602 2759 4630 ,
2778 4564 3025 4634 quoniam
3043 4565 3130 4636 qui
3152 4580 3386 4634 prarsens
3409 4582 3532 4624 esse

1948 4672 2052 4710 non
2083 4654 2260 4724 potui,
2292 4653 2371 4708 eis
2398 4653 2465 4708 ad
2496 4669 2630 4723 quos
2661 4668 2819 4709 causa
2856 4654 3108 4723 perducta
3141 4665 3223 4710 est
3258 4655 3531 4726 judicibus

1948 4747 2143 4818 potius,
2174 4760 2334 4815 quam
2369 4745 2522 4800 victis
2565 4744 2917 4823 litigatoribus
2955 4746 3195 4802 credidi?
3219 4745 3422 4816 Quibus
3442 4749 3529 4821 ju-

1948 4838 2153 4893 dicibus
2203 4837 2247 4891 si
2292 4851 2397 4891 non
2447 4838 2622 4906 petitis
2671 4836 3052 4905 credidissem,
3104 4839 3311 4895 etiamsi
3339 4841 3414 4897 illi
3440 4844 3531 4914 qui

1950 4928 2073 4982 victi
2094 4936 2215 4980 sunt
2258 4926 2569 4982 innocentes
2620 4936 2820 4991 essent,
2840 4942 2939 4998 ego
2960 4928 3216 4986 innocens
3256 4947 3377 4988 esse
3425 4950 3529 4989 non

1951 5036 2181 5089 possent.
2229 5019 2414 5089 Magno
2458 5019 2602 5074 enim
2637 5019 2832 5074 delicto
2870 5021 3298 5091 implicaretnur,
3330 5028 3373 5081 si
3407 5042 3527 5082 cum

1952 5111 2111 5166 corda
2137 5111 2364 5163 humana
2385 5125 2487 5164 non
2515 5125 2883 5178 cernerentus,
2909 5112 3345 5184 necdisciplinam
3368 5119 3534 5173 eccle-

1952 5204 2219 5257 siasticam
2252 5211 2584 5267 teneremus,
2616 5219 2738 5262 cum
2763 5204 2840 5260 eis
2882 5206 3145 5262 nollemus
3168 5207 3533 5279 iudicantibus

1952 5294 2192 5360 credere,
2226 5295 2361 5349 ultra
2384 5310 2520 5363 quos
2544 5306 2648 5348 non
2680 5296 2847 5364 potuit
2874 5311 3034 5353 causa
3063 5299 3325 5364 transire,
3356 5311 3403 5353 et
3443 5314 3534 5367 per

1953 5401 2086 5457 quos
2115 5386 2283 5454 potuit
2318 5385 2384 5439 ad
2416 5400 2513 5440 nos
2541 5387 2675 5439 fama
2719 5402 3049 5455 percurrere.
3098 5390 3180 5445 Ab
3223 5390 3335 5443 istis
3375 5390 3530 5443 inuo-

1952 5477 2195 5535 centibus
2224 5477 2381 5551 impia
2406 5486 2458 5532 te
2486 5475 2783 5549 direptione
2810 5480 3085 5544 discindis,
3114 5490 3165 5535 et
3193 5481 3526 5539 innocentem

1956 5578 2004 5621 te
2031 5567 2199 5621 dicis;
2230 5565 2369 5637 quod
2401 5567 2577 5637 utique
2611 5567 2655 5621 si
2694 5582 2841 5621 esses
2862 5611 2876 5635 ,
2908 5585 3028 5623 cum
3065 5568 3272 5624 videres
3307 5571 3357 5624 in
3385 5572 3526 5627 Scri-

2019 5703 2102 5771 ’.ιο
2130 5695 2302 5757 editis,
2353 5697 2497 5757 Mssa
2533 5698 2767 5749 dicamus.
2826 5700 2983 5750 Abest.
3032 5697 3267 5755 dicentia,
3309 5713 3334 5748 a
3360 5715 3525 5753 utam-

2019 5778 2059 5808 “t
2083 5769 2169 5814 iis.

1958 5777 2059 5810 SCl'l‘
2083 5776 2147 5810 US
2162 5800 2169 5808 .

2924 5846 3204 5919 (Densa)
