4054 6210
480 292 563 355 ηδ
1318 282 1593 339 CONTRA
1632 280 2015 343 EPISTOLAM
2057 280 2495 355 PARMENIANI,
2542 285 2598 343 S.
2642 288 3005 347 AUCUSTINI
3695 300 3758 356 is

494 403 662 477 pluris
685 402 883 458 sanctis
923 413 1149 455 messem
1179 396 1387 452 Domini
1421 395 1492 448 tui
1540 404 1663 448 ante
1707 394 1947 447 ultimam
1977 408 2065 447 sc-

490 494 849 566 gregationem
880 499 934 545 et
974 486 1372 543 ventilationem
1410 500 1439 536 a
1475 482 1690 537 zizaniis
1710 492 1762 535 et
1783 483 1941 553 pileo
1966 498 2069 535 non

494 601 651 657 posse
684 580 921 654 separari
957 576 1166 649 (Matth.
1200 591 1278 639 Ill,
1310 575 1376 628 12
1400 617 1414 641 ,
1443 584 1488 627 et
1517 589 1627 638 xm,
1657 570 1871 645 €745),
1904 572 2071 643 elige-

493 690 583 730 res
610 673 784 745 potius
816 668 968 723 fortis
1011 681 1129 721 esse
1156 665 1208 719 in
1252 664 1543 719 tolerandis
1575 662 1754 726 malis,
1780 677 1939 731 quam
1976 661 2073 714 im~

486 766 605 834 pius
626 764 677 815 in
706 756 1017 815 descrendis
1044 751 1368 810 bonis."Cur
1409 753 1548 807 enim
1578 750 1938 806 Ecclesiarum
1979 764 2072 818 per

470 857 671 911 «orbem
694 852 851 923 longe
886 856 1210 905 remotarum
1241 861 1346 900 non
1389 855 1637 915 putamus
1679 858 1798 898 esse
1825 842 1952 897 istas
1974 883 1987 907 ,
2017 851 2073 896 et

486 961 644 1018 quam
676 942 1000 1015 iustissimas
1045 952 1236 1006 voces,
1267 950 1399 1007 quas
1439 935 1489 989 in
1533 931 1898 1002 Philadelphia
1941 932 2072 1003 ﬁgu-

488 1039 639 1093 ravi?

557 1126 783 1185 CAPUT
823 1124 959 1181 Vili.
1002 1152 1077 1165 —
1115 1119 1201 1178 i5.
1247 1118 1387 1190 Quin
1418 1118 1575 1172 etiam
1615 1115 1867 1186 conqueri
1912 1113 2073 1169 audet

475 1224 889 1284 ’Parmenianus,
925 1215 1063 1289 quod
1093 1232 1176 1269 eos
1208 1210 1569 1268 Constantinus
1612 1208 1678 1262 ad
1720 1224 1990 1278 campum,
2020 1205 2073 1259 id

466 1324 579 1380 «est,
608 1314 676 1368 ad
714 1310 1026 1383 supplicium
1058 1306 1177 1360 duci
1192 1303 1351 1376 jussit
1382 1343 1396 1368 ,
1431 1301 1524 1372 qui
1551 1300 1675 1354 victi
1716 1296 1855 1368 apud
1895 1296 2070 1352 eccle-

490 1405 735 1460 siasticos
757 1402 984 1472 iudices,
1017 1412 1117 1452 nec
1147 1394 1284 1467 apud
1317 1394 1485 1463 ipsum
1523 1407 1641 1461 qum
1682 1388 1929 1443 dicebant
1958 1401 2073 1457 pro-

469 1498 617 1551 bare
644 1502 967 1565 potuerunt,
998 1497 1053 1545 et
1073 1487 1247 1542 adhuc
1274 1486 1324 1539 in
1365 1488 1567 1537 saneta:
1599 1479 1854 1534 Ecclesia:
1884 1476 2070 1547 praeci-

470 1586 641 1639 "sione
668 1584 684 1615 ¹
709 1580 966 1651 sacrilego
1013 1577 1193 1632 furore
1230 1574 1545 1630 ferebantur
1575 1588 1589 1623 :
1624 1580 1669 1623 et
1696 1569 1790 1623 hoc
1816 1584 1927 1622 eum
1968 1576 2072 1620 tan-

467 1691 639 1743 quam
698 1671 980 1727 immaniter
1014 1667 1261 1741 iussisse,
1321 1662 1554 1730 Hispano
1608 1658 1729 1714 Osio
1778 1664 2074 1728 suggerente

492 1763 809 1817 criminatur
841 1778 854 1815 :
886 1756 1252 1828 suspicionibus
1276 1753 1520 1807 videlicet
1542 1750 1669 1816 suis,
1700 1749 1830 1803 sicut
1856 1762 2066 1817 semper,

486 1854 777 1907 damnando
802 1850 1076 1905 inauditos.
1100 1846 1259 1914 Quasi
1281 1860 1407 1899 vero
1429 1859 1532 1897 nou
1557 1842 1839 1896 humanius
1858 1854 1921 1894 ac
1950 1852 2072 1908 pro-

468 1945 713 2001 ’babilius
740 1944 874 1997 alius
900 1938 1182 1997 crediderit
1204 1978 1220 2001 ,
1246 1935 1373 1991 Osio
1395 1941 1645 2003 tanquam
1671 1931 1921 2000 episcopo
1947 1943 2071 1999 sug-

470 2042 706 2107 gerente
732 2031 906 2104 potius
944 2028 1140 2090 factum
1172 2034 1229 2080 ut
1258 2026 1309 2080 in
1343 2022 1601 2079 leniorem
1645 2019 2022 2076 coercitionem
2051 2059 2066 2086 ,

472 2106 725 2195 quamvis
750 2117 1115 2176 immanissimi
1132 2114 1350 2171 sceleris
1371 2156 1386 2182 ,
1417 2111 1469 2167 id
1493 2121 1594 2176 est,
1621 2109 1863 2179 sacrilegi
1924 2106 2069 2163 schi-

486 2215 692 2282 smatis,
745 2210 1064 2267 sententiam
1116 2207 1358 2264 ﬂecteret
1419 2204 1721 2272 imperator.
1753 2198 1889 2270 Quid
1927 2198 2069 2254 enim

471 2305 571 2360 risti
601 2319 707 2359 non
733 2303 877 2374 iuste
907 2300 1197 2374 patiuntur,
1229 2312 1349 2352 cum
1386 2310 1450 2351 ex
1472 2294 1733 2349 altissimo
1765 2292 1857 2346 Dei
1881 2291 2070 2361 przesi-

483 2396 658 2451 dentis
687 2402 742 2449 et
764 2392 831 2448 ad
858 2389 1151 2447 cavendum
1196 2388 1373 2459 ignem
1404 2394 1663 2440 aeternum
1692 2382 1918 2453 ﬂagellis
1948 2381 2067 2436 tali-

482 2486 584 2541 bus
606 2481 943 2539 admonentis
982 2478 1181 2549 iudicio
1226 2476 1497 2546 patiuntur
1518 2515 1532 2541 ,
1565 2482 1620 2528 et
1656 2472 1848 2526 merito
1890 2470 2068 2526 crimi-

474 2592 643 2642 num,
672 2583 726 2633 et
753 2572 938 2628 ordine
982 2566 1334 2641 potestatum?
1357 2565 1513 2620 Prius
1555 2563 1695 2619 enim
1738 2561 1963 2632 probent
2009 2574 2068 2616 se

483 2686 588 2724 nou
615 2683 733 2723 esse
761 2665 1038 2723 haereticos
1062 2662 1145 2716 vel
1176 2657 1547 2716 schismaticos
1565 2696 1581 2722 ,
1614 2663 1725 2710 tum
1753 2653 1970 2709 demum
2000 2652 2067 2707 de

476 2760 713 2835 indignis
742 2757 914 2828 panis
938 2754 1050 2810 suis
1078 2750 1291 2807 lividam
1318 2748 1562 2805 emittant
1587 2759 1771 2799 vocem
1796 2784 1811 2810 ,
1836 2752 1946 2798 tum
1973 2741 2066 2797 de—

483 2867 627 2906 tuum
657 2864 776 2904 sese
801 2846 1029 2903 audeant
1052 2857 1173 2899 cum
1199 2841 1323 2896 mali
1348 2837 1545 2910 aliquid
1583 2836 1854 2907 patiuntur
1876 2877 1890 2900 ,
1922 2835 2065 2890 veri-

478 2944 609 2999 tatis
637 2952 900 3012 martyres
925 2937 1120 2994 dicere.
1166 2931 1410 3004 Alioquin
1442 2931 1486 2985 si
1531 2929 1770 3001 quisquis
1794 2927 1862 2982 ab
1894 2924 2065 2996 impe-

483 3044 661 3090 ratore
686 3033 767 3086 vel
795 3048 822 3085 a
846 3029 1113 3100 iudicibus
1143 3025 1209 3081 ab
1231 3040 1297 3081 eo
1325 3022 1503 3078 missis
1529 3034 1716 3092 poenas
1744 3019 1860 3082 luit,
1892 3017 2063 3072 Conli-

486 3142 592 3181 nuo
635 3134 838 3195 martyr
882 3129 983 3185 est,
1034 3131 1222 3175 omnes
1271 3129 1514 3171 carceres
1557 3111 1877 3183 martyribus
1924 3108 2065 3180 pleni

483 3225 627 3282 sunt,
658 3228 845 3269 omnes
879 3221 1081 3266 catenae
1110 3206 1407 3278 iudiciaria:
1449 3211 1710 3274 martyres
1749 3202 1982 3265 trahunt,
2012 3199 2065 3254 in

482 3306 733 3361 omnibus
760 3301 986 3357 metallis
1007 3306 1267 3369 martyres
1290 3293 1578 3350 mrumnosi
1605 3299 1766 3357 sunt,
1798 3288 1854 3345 in
1880 3303 2067 3344 omnes

486 3398 686 3453 insulas
710 3403 970 3465 martyres
1008 3390 1356 3460 deportantur
1378 3427 1392 3451 ,
1422 3385 1475 3438 in
1503 3382 1750 3437 omnibus
1772 3381 2067 3452 poenalibus

488 3490 618 3545 locis
652 3484 881 3557 iuridico
926 3481 1100 3553 gladio
1144 3485 1407 3548 martyres
1448 3474 1740 3536 feriuntur,
1771 3470 1838 3526 ad
1881 3485 2066 3525 omnes

486 3583 683 3639 bestias
710 3587 966 3649 martyres
984 3573 1333 3643 surriguntur,
1357 3564 1789 3637 autiussionibus
1827 3562 2064 3631 iudicum

489 3674 592 3730 vivi
620 3670 829 3743 ignibus
856 3671 1284 3722 concremantur.
1306 3659 1361 3715 Si
1387 3666 1590 3721 autem,
1619 3655 1755 3710 sicut
1780 3652 1906 3707 dicit
1926 3652 2069 3721 Apo-

490 3739 677 3829 stolus,
708 3758 828 3813 Non
857 3764 926 3812 est
953 3761 1167 3825 potestas
1196 3750 1293 3804 nisi
1318 3766 1349 3802 a
1380 3747 1505 3812 Deo,
1536 3755 1581 3799 et
1604 3744 1828 3798 minister
1854 3739 1951 3795 Dei
1970 3749 2063 3807 est,

490 3854 670 3909 vindex
697 3851 749 3904 in
768 3850 898 3903 iram
927 3846 972 3901 ei
996 3844 1079 3915 qui
1105 3842 1234 3897 male
1257 3839 1382 3911 agit,
1412 3855 1502 3893 nec
1528 3837 1637 3892 sine
1651 3849 1807 3890 causa
1842 3831 2069 3904 gladium

493 3953 678 4013 portat.
720 3940 803 3995 Vis
834 3955 935 3994 non
964 3938 1137 3993 timere
1160 3931 1497 4006 potestatem?
1524 3928 1725 3981 Bonum
1753 3930 1835 3998 fac
1859 3964 1874 3991 ,
1900 3934 1947 3979 et
1973 3924 2069 3978 ha-

493 4011 624 4093 bebis
646 4032 846 4089 laudent
867 4028 1038 4085 catilla
1063 4024 1237 4098 (Rom.
1265 4035 1360 4075 xut
1381 4060 1395 4084 ,
1427 4016 1542 4083 1-4)
1574 4033 1588 4067 :
1616 4015 1785 4068 bonus
1814 4011 2069 4083 quidquid

493 4139 679 4197 passus
705 4122 880 4185 fuerit,
902 4120 1017 4173 laus
1046 4116 1116 4169 illi
1145 4108 1390 4182 provenit
1415 4118 1477 4159 ex
1502 4111 1763 4172 potestate
1788 4101 2068 4166 facientis;

494 4190 664 4273 malus
684 4226 811 4267 vero
834 4209 922 4278 qui
949 4204 1141 4260 merito
1169 4197 1366 4271 patitur
1390 4192 1698 4263 iniquitatis,
1725 4206 1830 4247 non
1857 4190 2073 4261 deputet

494 4303 709 4360 satvitia:
729 4295 1025 4369 potestatis.

574 4394 659 4448 14.
708 4393 771 4445 Et
812 4399 988 4443 tamen
1016 4383 1139 4455 quid
1185 4380 1288 4436 tale
1332 4380 1416 4435 isti
1458 4378 1751 4450 patiuntur,
1786 4374 1945 4446 quale
1992 4374 2071 4428 fa-

499 4489 664 4547 ciunt,
696 4482 795 4537 nisi
819 4479 937 4550 quia
967 4475 1241 4531 hominum
1269 4469 1549 4525 multitudo
1585 4484 1691 4523 non
1722 4468 1774 4522 in
1800 4464 1961 4521 corde
1982 4479 2076 4519 cor

502 4579 679 4643 habet,
711 4574 804 4630 sed
849 4573 902 4627 in
932 4566 1143 4625 oculis?
1187 4563 1321 4620 Nam
1364 4562 1408 4618 si
1439 4559 1652 4631 sanguis
1689 4558 1799 4614 exit
1826 4556 1892 4612 de
1917 4571 2076 4618 carne

502 4668 733 4731 mortali,
759 4662 998 4737 quisquis
1024 4657 1212 4729 aspicit
1229 4651 1581 4710 cxhorrescit.
1594 4649 1652 4706 Si
1680 4664 1710 4703 a
1732 4662 1865 4720 pace
1883 4648 1905 4679 ¹¹
1922 4645 2078 4701 Chri-

503 4764 570 4820 sti
619 4760 853 4832 praecisa:
896 4753 1090 4811 animm
1142 4757 1301 4818 atque
1344 4752 1602 4817 separatae
1633 4743 1689 4796 in
1724 4739 1944 4795 hteresis
1995 4737 2077 4793 vel

508 4828 811 4911 schismatis
846 4844 1127 4915 sacrilegio
1163 4840 1479 4902 moriuntur,
1528 4835 1650 4906 quia
1695 4848 1799 4887 non
1846 4828 2076 4895 videtur,

509 4962 614 5002 non
656 4941 922 5014 plangitur
952 4957 965 4991 :
996 4937 1104 4991 imo
1130 4946 1259 4989 vero
1288 4944 1433 4985 mors
1460 4927 1645 4983 tetrior
1672 4933 1829 4993 atque
1869 4921 2081 4975 luctuo-

509 5011 738 5105 αἴθῃ-ει,
770 5011 830 5088 ut
861 5031 1015 5103 plane
1052 5024 1298 5089 dixerim,
1328 5020 1525 5084 verior,
1550 5017 1667 5087 iure
1684 5011 2081 5105 consuetudinis

512 5099 782 5186 deridetur
811 5139 826 5175 :
854 5099 972 5174 cum
1008 5125 1250 5171 auctores
1278 5118 1544 5165 tantarum
1589 5103 1839 5158 mortium
1874 5099 2082 5170 publice

511 5217 787 5280 insultant,
829 5219 1006 5266 etnec
1033 5201 1271 5260 veritatis
1314 5193 1714 5255 manifestanda:
1757 5204 1917 5246 causa
1963 5203 2080 5244 ser-

512 5324 723 5369 monem
752 5279 1024 5359 nobiscum
1050 5294 1291 5352 conferre
1315 5290 1599 5361 dignantur
1616 5292 1699 5340 :et
1722 5282 1769 5337 si
1792 5279 1917 5352 quid
1948 5288 2082 5334 tem-

515 5401 712 5473 poralis
740 5392 997 5452 molestias
1026 5386 1167 5461 passi
1198 5382 1392 5440 fuerint
1422 5394 1518 5452 per
1542 5375 1897 5473 certissimum
1929 5379 2086 5473 atque

519 5458 869 5547 rectissimum
911 5458 1150 5540 ordinem
1194 5480 1533 5547 potestatum,
1579 5482 1701 5524 eum
1740 5464 1841 5536 ipsi
1866 5458 2086 5535 privatis

580 5607 594 5637 ι
631 5602 851 5662 quadam
874 5597 1022 5650 editio
1042 5587 1407 5662 ρτωσέείοηεηι(
1425 5660 1436 5662 ,
1472 5642 1639 5662 -__.,___
1660 5646 1822 5662 ,,,.,,,,,
1846 5643 1886 5662 ι.
1901 5649 1935 5662 ...
1992 5632 2038 5662 οε

579 5668 601 5697 ί
633 5642 1128 5725 Iam-ﬂend“
1149 5650 1193 5704 si
1214 5662 1302 5716 pro
1322 5660 1456 5713 pace.
1472 5642 1641 5695 Helius
1660 5646 1824 5692 autem
1987 5642 2037 5685 ss
2056 5645 2089 5683 a

510 5740 653 5795 pure.

2183 395 2499 453 furiosorum
2529 402 2825 470 agminibus
2852 404 3016 458 multo
3043 406 3286 474 graviora
3321 406 3336 439 ⁸
3364 408 3560 477 passim
3596 420 3757 481 atque

2177 486 2432 556 quotidie,
2466 489 2606 544 nulla
2634 493 2799 561 regia,
2832 495 2972 549 nulla
2994 497 3354 552 ecclesiastica
3375 498 3491 570 lege
3510 504 3750 557 commit-

2179 590 2290 634 tant
2308 596 2324 644 ;
2347 595 2446 635 1108
2465 594 2746 650 corporum
2766 595 3133 653 persecutores
3153 600 3363 656 vocant,
3386 606 3444 645 $8
3459 592 3630 646 anima
3640 610 3757 649 rum

2177 669 2543 727 interfectores
2591 687 2696 727 non
2741 684 2953 743 vocant,
2998 692 3116 732 cum
3144 680 3344 749 privata
3392 683 3604 737 licentia
3654 700 3756 742 nec

2176 761 2487 832 corporibus
2540 772 2775 830 parcant.
2806 764 2912 820 Sed
2940 766 3059 835 quia
3111 783 3205 838 per
3248 774 3704 829 mansuetudinem
3734 791 3750 840 ;

2177 851 2520 907 ehristianam
2550 854 2719 909 multo
2733 856 2971 912 severius
3000 858 3184 913 oculus
3229 860 3492 930 iudicatur
3538 865 3753 922 evulsus

2176 943 2229 1000 in
2250 944 2361 1011 lite,
2385 959 2542 1016 quam
2580 947 2789 1004 animus
2818 958 3114 1005 excaecatus
3147 952 3198 1005 in
3230 952 3538 1021 schismate,
3570 965 3622 1011 et
3661 958 3757 1011 ad-

2173 1048 2391 1105 versum
2426 1051 2529 1092 nos
2566 1036 2873 1108 loquuntur,
2909 1046 2965 1094 et
3001 1040 3276 1096 nobiscum
3328 1042 3643 1113 loquuntur,
3700 1055 3757 1102 et

2174 1139 2295 1181 cum
2323 1140 2421 1182 eos
2458 1127 2827 1184 obmutescere
2870 1131 3156 1200 compellat
3179 1132 3393 1198 veritas,
3439 1134 3598 1191 silere
3644 1150 3752 1189 non

2176 1218 2434 1286 permittit
2461 1219 2728 1289 iniquitas.

2244 1309 2471 1365 CAPUT
2494 1310 2585 1365 IX.
2610 1340 2681 1351 —
2710 1312 2796 1369 i5.
2828 1312 2907 1366 Au
2960 1310 3095 1368 forte
3136 1312 3211 1373 de.
3252 1314 3508 1386 religione
3535 1315 3612 1370 fas
3643 1332 3752 1371 non

2175 1409 2257 1455 est
2283 1409 2344 1455 ut
2372 1399 2510 1457 dicat
2544 1399 2850 1471 imperator,
2894 1402 2975 1457 vel
3003 1418 3137 1474 quos
3185 1405 3387 1460 miserit
3424 1402 3753 1477 imperator?

2174 1488 2283 1546 Cur
2308 1507 2433 1562 ergo
2460 1494 2526 1547 ad
2561 1493 2933 1565 imperatorem
2981 1495 3141 1551 vestri
3168 1511 3366 1553 venere
3408 1498 3604 1568 legati?
3641 1497 3755 1554 Cur

2175 1595 2296 1634 eum
2325 1579 2562 1636 fecerunt
2594 1597 2767 1637 causa:
2789 1599 2897 1637 suat
2924 1582 3179 1653 iudicem,
3215 1600 3317 1638 non
3349 1587 3579 1639 secuturi
3611 1589 3753 1657 quod

2177 1669 2269 1723 ille
2292 1668 2586 1739 iudicaret?
2616 1670 2721 1725 Sed
2745 1686 2994 1739 quorsum
3023 1672 3119 1726 ista
3149 1671 3432 1727 dicuntur?
3474 1670 3747 1744 numquid-

2176 1772 2319 1825 nam,
2342 1760 2501 1814 etiam
2531 1759 2577 1815 si
2596 1759 2868 1815 obtineant
2909 1776 3016 1816 non
3060 1763 3322 1833 pertinere
3348 1764 3413 1818 ad
3461 1765 3751 1834 imperato-

2174 1866 2289 1908 rem
2318 1852 2573 1907 adversus
2601 1867 2694 1907 eos
2718 1852 2914 1923 aliquid
2939 1862 3191 1921 statuere,
3239 1855 3326 1925 qui
3355 1871 3508 1925 prava
3536 1856 3591 1911 in
3622 1852 3752 1912 reli-

2173 1942 2330 2013 gione
2365 1949 2653 2007 sectantur,
2686 1952 2966 2012 propterea
2997 1941 3018 1974 ³
3039 1943 3085 1997 si
3108 1943 3431 1999 interfecerit
3454 1960 3588 2011 eos;
3620 1962 3753 2018 quos

2176 2031 2405 2101 punierit
2440 2039 2701 2103 martyres
2721 2030 2916 2086 erunt?
2955 2031 3067 2086 Hoc
3093 2031 3233 2087 enim
3270 2032 3428 2087 modo
3454 2034 3551 2089 ista
3579 2035 3751 2093 haere-

2177 2119 2297 2175 ticis
2324 2119 2570 2176 omnibus
2590 2134 2690 2173 vox
2723 2119 2938 2189 patebit,
2972 2119 3026 2175 in
3045 2136 3179 2191 quos
3199 2136 3264 2176 ex
3288 2124 3496 2177 occulto
3523 2124 3748 2194 imperio

2176 2210 2290 2275 Dei,
2321 2225 2416 2281 per
2442 2208 2781 2265 manifestum
2823 2210 3091 2265 hominum
3122 2212 3400 2281 imperium
3440 2213 3602 2268 multa
3632 2215 3751 2285 qui-

2173 2302 2272 2357 bus
2297 2309 2690 2367 coercerentur,
2730 2301 3068 2357 severissime
3107 2302 3390 2356 constituta
3433 2312 3601 2368 sunt;
3652 2314 3754 2359 nec

2173 2393 2345 2449 solum
2394 2393 2660 2448 haereticis
2685 2407 2897 2462 quoquo
2932 2391 3089 2447 modo
3118 2393 3307 2448 saltem
3337 2392 3631 2449 christiano
3659 2374 3757 2449 no-

2172 2488 2315 2541 mine
2334 2485 2611 2550 dealbatis,
2641 2484 2736 2540 sed
2762 2485 2921 2539 etiam
2964 2484 3094 2555 ipsis
3128 2484 3370 2555 Paganis.
3411 2483 3542 2538 Nam
3572 2485 3754 2555 utique
3835 2517 3843 2523 -

2171 2586 2225 2631 et
2252 2576 2350 2646 ipsi
2389 2574 2519 2629 faba
2548 2574 2805 2644 religione
2830 2583 2955 2629 sunt
2986 2574 3159 2646 impii,
3209 2587 3433 2644 quorum
3467 2574 3751 2630 simulacra

2170 2668 2336 2723 everti
2366 2676 2525 2738 atque
2548 2664 2808 2737 confringi
2837 2665 2984 2736 iussa
3012 2677 3136 2722 sunt
3178 2667 3485 2721 recentibus
3526 2666 3749 2736 legibus,

2172 2758 2401 2815 inhiberi
2425 2759 2582 2814 etiam
2622 2758 2877 2813 sacrificia
2916 2757 3015 2813 sub
3041 2766 3244 2811 terrore
3272 2755 3504 2824 capitali.
3544 2755 3601 2811 Si
3630 2756 3751 2827 quis

2171 2865 2297 2921 ergo
2323 2866 2506 2905 eorum
2533 2849 2811 2904 damnatus
2837 2849 2888 2901 in
2932 2845 3022 2907 tali
3064 2846 3286 2901 crimine
3327 2845 3502 2910 fuerit,
3550 2853 3753 2918 martyr

2171 2939 2447 2996 habendus
2485 2948 2583 3004 est,
2630 2939 2753 3009 quia
2782 2953 2877 3009 pro
2900 2939 3277 3008 superstitione
3303 2953 3460 3008 quam
3492 2939 3631 3007 piam
3659 2954 3749 2994 re-

2171 3032 2418 3102 ligionem
2466 3028 2702 3100 putabat,
2742 3044 2925 3100 poenas
2963 3028 3168 3099 legibus
3212 3028 3355 3083 luit?
3396 3028 3578 3083 Nullus
3606 3037 3752 3085 certe

2170 3135 2381 3191 quoque
2407 3119 2566 3175 modo
2591 3118 2912 3174 christianus
2935 3118 3095 3173 audet
3122 3119 3223 3173 hoc
3250 3118 3449 3173 dicere.
3484 3117 3598 3172 Non
3624 3134 3751 3189 ergo

2171 3209 2408 3279 quisquis
2430 3208 2483 3263 in
2525 3207 2698 3277 aliqua
2726 3208 2999 3277 religionis
3029 3208 3321 3278 quaestione
3360 3206 3517 3262 fuerit
3546 3207 3613 3261 ab
3653 3210 3749 3264 im-

2170 3310 2414 3372 peratorc
2438 3300 2671 3371 punitus,
2701 3307 2901 3370 martyr
2921 3298 3170 3354 efﬁcitur.
3202 3298 3384 3368 Neque
3406 3299 3545 3353 enim
3572 3298 3750 3352 vident

2171 3393 2259 3463 qui
2283 3392 2405 3446 talia
2433 3392 2689 3458 sentiunt,
2714 3390 2764 3444 in
2792 3404 2913 3444 eum
2941 3390 3114 3444 locum
3142 3404 3200 3444 se
3229 3389 3497 3460 progredi,
3528 3398 3583 3443 ut
3608 3388 3750 3458 ipsos

2171 3483 2328 3538 etiam
2345 3482 2615 3536 dazmones
2638 3490 2927 3551 martyrum
2943 3480 3042 3535 sibi
3064 3479 3285 3549 gloriam
3307 3478 3574 3533 vindicare
3595 3492 3750 3549 posse

2171 3567 2513 3637 contendant,
2542 3570 2663 3640 quia
2697 3570 2851 3623 istam
2880 3568 3151 3638 patiuntur
3183 3569 3609 3636 persecutionem
3656 3582 3753 3638 per

2172 3664 2521 3733 imperatores
2555 3660 2892 3725 christianos,
2917 3669 2975 3714 ut
3014 3674 3149 3729 pene
3178 3668 3289 3714 toto
3326 3659 3456 3714 orbe
3490 3667 3748 3714 terrarum

2173 3769 2358 3811 eorum
2392 3752 2586 3822 templa
2627 3760 2951 3814 evertantur,
2983 3748 3125 3804 idola
3166 3749 3613 3813 comminuantur,
3660 3765 3752 3804 sa-

2174 3844 2369 3902 criﬁcia
2392 3842 2788 3904 subtrahantur,
2822 3841 2909 3911 qui
2935 3855 3028 3894 eos
3048 3841 3333 3906 honorant,
3362 3841 3404 3893 si
3428 3839 3749 3908 deprehensi

2177 3936 2389 4001 fuerint,
2407 3934 2714 4004 puniantur.
2736 3930 2888 3999 Quod
2914 3930 2957 3985 si
2978 3930 3430 3985 clementissimum
3450 3941 3529 3985 est
3550 3930 3749 3995 dicere;

2176 4040 2282 4082 non
2313 4040 2438 4094 ergo
2469 4040 2532 4078 ex
2581 4023 2827 4093 passione
2864 4033 3007 4077 certa
3049 4022 3274 4092 iustitia,
3315 4022 3406 4077 sed
3449 4038 3512 4076 ex
3551 4023 3750 4091 iustitia

2178 4112 2356 4184 passio
2388 4111 2617 4182 gloriosa
2648 4120 2750 4166 est.
2784 4111 3013 4181 ideoque
3062 4111 3337 4176 Dominus,
3381 4126 3447 4165 ne
3477 4112 3751 4180 quisquam

2178 4201 2231 4258 in
2249 4203 2347 4257 hac
2367 4217 2426 4257 re
2451 4203 2671 4258 nebulas
2699 4201 2997 4256 offunderet
3024 4201 3280 4270 imperitis
3306 4200 3349 4266 ⁸,
3382 4209 3435 4254 et
3463 4201 3515 4254 in
3537 4216 3751 4254 suorum

2179 4292 2518 4347 damnatione
2545 4292 2852 4345 meritorum
2896 4288 3105 4343 laudem
3131 4298 3396 4358 quaereret
3438 4299 3751 4360 martyrum,

2180 4399 2286 4438 non
2311 4381 2631 4453 generaliter
2656 4379 2750 4444 ait,
2783 4377 2927 4431 Beati
2955 4378 3041 4446 qui
3078 4381 3499 4447 persecutionem
3546 4379 3754 4447 patiun‘

2182 4482 2304 4538 tur;
2347 4469 2440 4525 sed
2469 4467 2673 4522 addidit
2709 4482 2952 4537 magnam
2978 4466 3353 4533 ditiorentiam,
3400 4484 3501 4537 qua
3524 4483 3647 4521 vera
3678 4468 3698 4498 ⁸
3725 4482 3754 4521 a

2181 4560 2460 4630 sacrilegio
2485 4559 2653 4629 pietas
2681 4566 2992 4613 secernatur
3018 4575 3033 4621 ;
3061 4559 3133 4612 ait
3160 4559 3329 4623 enim,
3374 4558 3515 4612 Beati
3535 4561 3620 4629 qui
3639 4575 3755 4625 per-

2183 4652 2484 4707 secutionem
2524 4650 2786 4721 patiuntur
2830 4658 3031 4718 propter
3046 4649 3533 4719 justitiam(.ifattlt.
3559 4665 3611 4713 v,
3643 4649 3754 4717 10).

2183 4743 2339 4801 Nullo
2362 4742 2520 4797 modo
2549 4750 2725 4796 autem
2755 4750 2959 4811 propter
2989 4741 3265 4809 justitiam,
3298 4741 3384 4810 qui
3414 4739 3608 4794 Christi
3655 4739 3758 4792 Ec-

2186 4836 2399 4892 clesiam
2428 4832 2740 4897 diviserunt,
2768 4839 2824 4886 et
2846 4845 2965 4885 cum
2987 4844 3101 4884 eam
3121 4830 3366 4884 simulata
3384 4829 3581 4899 iustitia
3603 4829 3756 4898 quasi

2187 4935 2447 4983 conantur
2472 4936 2595 4980 ante
2619 4932 2826 4992 tempus
2848 4936 2878 4975 a
2905 4921 3053 4991 palea
3100 4907 3370 4990 separare,
3401 4935 3466 4975 ac
3494 4921 3755 4975 frumenta

2188 5021 2304 5090 eius
2329 5018 2473 5073 falsis
2497 5014 2952 5071 criminationibus
2985 5012 3328 5078 insectantur,
3365 5013 3461 5083 ipsi
3487 5013 3554 5067 ab
3582 5026 3642 5066 ea
3669 5027 3759 5081 po-

2224 5146 2269 5215 ,ί
2298 5141 2442 5202 editi,
2479 5138 2744 5203 aquatoribus
2773 5134 2922 5187 multa
2943 5123 3183 5200 grauiora.
3226 5142 3432 5197 Αιιιει..
3470 5135 3619 5187 nudto
3652 5145 3762 5198 gra—
3820 5165 3825 5169 «

2190 5217 2347 5321 ᾠζῗὸ
2379 5260 2572 5312 excisis
2584 5295 2601 5321 ,
2620 5270 2806 5323 supper
2819 5270 2905 5323 ρετ
2918 5256 3325 5313 πωιουιωάὶηειη
3349 5257 3532 5316 .Abest,
3554 5268 3764 5318 semper,

2191 5340 2219 5372 a
2236 5323 2583 5372 mnuscrintis.

2191 5340 2219 5377 a
2236 5337 2504 5384 mnuscrtp

2256 5389 2277 5420 ³
2294 5396 2419 5448 am.,
2444 5377 2489 5433 ei
2510 5388 2778 5447 propterea.
2799 5385 2930 5440 ιον,
2948 5392 3017 5448 an
3054 5384 3321 5443 propterea.
3346 5377 3627 5448 sedandam
3658 5389 3763 5446 par.

2193 5446 2353 5524 tientia
2386 5439 2537 5507 ante,
2578 5439 2861 5508 propterea,
2904 5439 3095 5502 additas,
3137 5439 3231 5491 nec
3267 5446 3381 5490 sunt
3418 5439 3469 5489 in
3502 5439 3765 5491 manuscri-

2196 5519 2433 5629 puf'm,
2463 5566 2736 5618 obtenderet
2769 5561 3017 5628 ίιπρετίιίσ.
3046 5560 3163 5614 vide
3179 5560 3565 5629 urgueam.
3588 5558 3673 5609 lib.
3690 5557 3767 5620 to,

2198 5645 2327 5682 vers.
2352 5626 2431 5677 82.

2262 5695 2284 5723 ⁸
2310 5700 2410 5740 Am.
2435 5697 2487 5741 et
2511 5694 2642 5750 κίε..
2667 5700 2792 5739 vere.
