4050 6206
458 328 537 383 ειῚ
1259 332 1527 387 CONTRA
1571 329 1948 385 EI’ISTOLAM
1981 300 2421 401 PAREiENMNl,
2452 334 2506 388 S.
2549 334 2913 391 AUCUSTINI
3673 351 3743 406 [,8

460 444 583 509 .do,
634 454 807 497 utrum
860 442 1122 511 tertiantur
1170 442 1414 510 graviora
1478 455 1637 523 quam
1688 440 1921 495 faciunt:
1956 440 2047 495 sed

475 547 650 588 utrum
697 535 951 587 adversus
1006 532 1283 587 ltmreticos
1326 542 1380 585 et
1420 532 1786 586 schismaticos
1826 531 1929 585 tale
1958 532 2054 585 ali-

473 626 594 693 quid
630 626 738 678 fieri
776 624 951 677 liceat.
997 622 1050 677 Si
1081 623 1219 677 enim
1248 622 1431 677 dicunt
1474 638 1579 677 non
1606 622 1787 688 licere,
1816 637 1911 677 cur
1951 622 2050 692 ipsi

474 719 699 772 iaciunt?
720 717 772 772 Si
804 726 977 771 autem
1008 716 1165 771 licere
1188 713 1436 782 fatentur,
1466 716 1625 770 etiam
1647 715 1725 769 sic
1747 714 2048 783 ostendant,

469 810 608 876 quod
632 808 775 862 nullo
805 808 963 862 modo
1002 817 1239 877 possunt,
1272 808 1513 876 graviora
1564 822 1623 861 se
1658 808 1863 877 perpeti
1906 822 1937 862 a
1962 822 2052 863 ca-

472 902 680 956 tholicis
706 901 1135 975 imperatoribus,
1161 916 1317 975 quam
1350 900 1445 970 ipsi
1474 915 1567 970 per
1589 898 1797 969 judices
1841 915 2044 967 eorum,

472 996 550 1048 τοι
583 1011 677 1064 per
701 971 879 1065 regem
899 971 1253 1049 Barbarorum
1277 992 1633 1047 schismaticis
1652 993 1763 1048 suis
1785 992 2040 1059 fecerunt,

469 1085 549 1137 vel
602 1099 696 1153 per
726 1084 980 1137 insaniam
1034 1083 1536 1137 Circumcellionum
1562 1082 1708 1137 omni
1741 1083 1922 1152 generi
1954 1083 2048 1137 ho-

469 1176 668 1230 minum
697 1176 915 1230 faciunt.
971 1176 1151 1245 Neque
1206 1175 1311 1229 hoc
1356 1175 1654 1230 mirandum
1694 1184 1800 1242 est,
1832 1178 1876 1231 si
1928 1177 2047 1246 plus

468 1275 683 1334 [)th‘Siiltl
706 1268 985 1336 principes.
1018 1283 1172 1337 quam
1198 1268 1344 1321 missi
1372 1284 1401 1321 a
1433 1268 1756 1337 principibus
1792 1268 1997 1339 judices
2028 1286 2043 1335 ;

465 1358 506 1409 si
534 1358 648 1426 plus
678 1366 902 1425 possunt
951 1358 1175 1412 Romani
1225 1357 1602 1427 imperatores,
1634 1373 1793 1427 quam
1834 1357 2045 1412 barbari

465 1462 655 1517 reges;
689 1448 811 1501 etsi
858 1449 1048 1502 merito
1088 1449 1330 1518 graviora
1385 1448 1591 1518 legibus
1641 1451 1841 1519 patitur
1884 1450 2041 1515 latro,

462 1555 619 1607 quam
677 1549 859 1591 contra
913 1539 1059 1608 leges
1110 1540 1222 1607 ipse
1288 1540 1616 1594 committit:
1660 1540 1801 1595 unde
1855 1540 2046 1596 merito

463 1630 923 1685 constitutionibus
961 1630 1119 1698 justis
1151 1630 1392 1699 graviora
1432 1631 1700 1700 patiuntur
1724 1631 2047 1687 Circumcel-

462 1722 658 1773 lionum
692 1722 959 1789 mancipes
990 1722 1029 1785 ¹,
1060 1736 1218 1790 quam
1271 1719 1472 1776 faciunt
1523 1720 1995 1779 Circumcelliones
2027 1740 2041 1776 :

461 1823 515 1867 at
552 1823 724 1867 t:nncn
765 1824 845 1867 est
896 1821 1040 1865 tanta
1092 1812 1445 1867 mansuetudo
1488 1813 1935 1878 Christianorum,
1989 1824 2045 1868 ut

464 1918 643 1969 nimias
670 1917 852 1956 eorum
881 1902 1363 1971 incomparabiliter
1392 1914 1644 1971 superent
1684 1902 1919 1958 facinora
1945 1918 2041 1958 eo-

462 2010 598 2048 rum.
646 1994 749 2048 Sed
783 2009 907 2048 ecce
953 1994 1337 2051 damnaverunt
1366 1995 1416 2051 iu
1446 1996 1674 2049 concilio
1698 2012 1793 2050 suo
1820 1994 1893 2067 (α)
1928 1995 2038 2050 Ma-

458 2084 785 2139 ximianistas
818 2086 1060 2140 «trecenti
1106 2084 1290 2141 decem
1341 2085 1575 2155 episcopi
1630 2084 1931 2141 donatistre.
1964 2087 2039 2141 llli

456 2183 631 2227 autem
669 2174 952 2242 pertinacia
1000 2175 1362 2244 perversitatis
1408 2176 1519 2230 suis
1568 2175 1800 2230 basilicis
1845 2176 2040 2233 cedere

459 2265 731 2319 uolebant.
774 2266 918 2321 Aditi
948 2275 1072 2321 sunt
1098 2268 1117 2299 ²
1141 2268 1370 2335 judices,
1392 2268 1674 2323 concilium
1702 2283 1884 2323 eorum
1911 2284 2037 2338 pro-

456 2356 827 2411 consularibus
850 2356 1024 2412 Gestis
1051 2357 1321 2412 inductum
1341 2367 1443 2412 est.
1473 2358 1671 2414 Deinde
1685 2359 1891 2426 jussum
1920 2360 2037 2413 est’

458 2456 512 2498 ut
534 2446 606 2499 illi
637 2446 724 2515 qui
757 2456 901 2501 tanto
927 2448 1299 2517 episcoporum
1346 2463 1571 2503 numero
1618 2448 1852 2509 damnati
1888 2458 2032 2516 sunt,

454 2536 704 2591 cederent
726 2537 855 2591 locis
889 2553 903 2591 :
951 2537 1041 2608 qui
1072 2538 1226 2593 facile
1265 2548 1563 2603 cesserunt,
1595 2553 1700 2594 non
1726 2539 1889 2594 multa
1919 2554 2037 2607 pas-

453 2627 498 2680 si
529 2636 652 2681 suut
672 2626 727 2691 5;
758 2628 849 2697 qui
878 2637 1053 2683 autem
1101 2629 1349 2683 resistere
1377 2637 1729 2696 teutaverunt,
1778 2629 2035 2700 quemad-

452 2716 667 2771 modum
691 2716 869 2773 afflicti
897 2718 1023 2783 sint,
1060 2718 1181 2788 quis
1209 2718 1415 2788 ignorat
1439 2718 1463 2772 ἲ
1504 2718 1609 2774 Sed
1649 2728 1825 2775 tamen
1842 2720 1887 2774 si
1916 2730 2031 2775 tan-

455 2817 504 2860 ta
533 2807 718 2861 fuisset
734 2809 1038 2863 immanitas
1065 2809 1450 2875 resistentium,
1473 2820 1528 2864 ut
1552 2810 1619 2866 ad
1642 2810 1871 2881 injurias
1896 2812 2035 2881 judi-

451 2914 572 2953 cum
597 2900 916 2968 perveniret,
942 2916 1120 2957 nonne
1161 2900 1328 2956 multo
1373 2901 1645 2956 acerbiora
1670 2902 1924 2958 Romanis
1953 2904 2031 2958 le-

444 2989 602 3056 gibus
648 2991 1100 3057 paterentur?Sic
1144 3000 1199 3045 et
1247 3000 1372 3046 tunc
1421 3007 1540 3046 cum
1582 3001 1701 3060 post
1746 2995 2030 3050 terminum

446 3093 647 3141 causze,
674 3080 724 3131 in
752 3094 855 3147 qua
882 3094 943 3134 se
971 3079 1057 3133 isti
1077 3094 1107 3132 a
1147 3080 1415 3134 Catholica
1445 3082 1815 3149 praeciderunt,
1837 3100 2029 3141 conse-

449 3180 673 3239 quenter
688 3171 774 3240 agi
798 3171 1046 3239 coepisset
1079 3180 1134 3225 ut
1156 3171 1402 3226 basilicas
1446 3187 1553 3229 non
1587 3182 1843 3241 tenerent,
1875 3186 1928 3232 et
1954 3186 2034 3234 te-

448 3270 639 3315 nerent
662 3260 1029 3329 [imperialibus
1055 3260 1353 3317 resistendo
1378 3262 1741 3333 jussiouibus;
1774 3268 1842 3321 ita
1872 3277 1929 3322 ut
1952 3270 2029 3325 vis

449 3351 538 3405 illa
567 3350 841 3406 notissima
886 3352 1383 3408 Circumcellionum
1416 3356 1743 3423 praevaleret,
1785 3358 2029 3415 addendo

450 3442 664 3510 insuper
699 3442 887 3507 etiam,
936 3450 989 3496 ut
1014 3457 1133 3497 cum
1159 3441 1314 3498 donis
1341 3445 1614 3511 Ecclesiae,
1642 3463 1774 3517 quos
1812 3452 2031 3507 miserat

448 3530 761 3599 imperator,
782 3547 876 3601 per
891 3532 1120 3587 Africam
1145 3542 1331 3590 euntes
1357 3534 1451 3606 (ὁ),
1486 3537 1948 3596 turbulentissimis
1976 3554 2031 3598 et

446 3623 751 3677 saevissimis
800 3623 1145 3680 seditionibus
1196 3626 1493 3694 agitarent:
1518 3628 1652 3684 tales
1682 3631 1733 3685 in
1761 3646 1854 3688 eos
1885 3634 2028 3705 leges

450 3715 808 3782 proferuntur,
836 3724 896 3769 ut
943 3730 1010 3770 ne
1049 3716 1195 3786 ipsas
1239 3717 1453 3788 quidem
1486 3718 1728 3777 basilicas
1776 3740 1895 3795 qua:
1921 3742 2027 3784 non

447 3813 599 3858 erant
629 3806 863 3872 unitatis,
887 3806 980 3861 sed
1006 3821 1035 3861 a
1062 3810 1320 3878 separatis
1344 3817 1503 3881 atque
1528 3812 1583 3866 in
1608 3828 1707 3869 suo
1740 3816 2028 3875 schismate

447 3896 747 3952 constitutis
770 3897 973 3952 fuerant
996 3896 1286 3964 fabricatae,
1314 3902 1546 3959 retinere
1561 3902 1884 3963 sinerentur.
1914 3909 2028 3978 Qua

448 3986 500 4040 in
551 4002 608 4041 re
649 3987 755 4057 jam
813 4004 936 4043 suas
986 3988 1206 4057 injurias
1251 3998 1486 4057 potestas
1539 3995 1681 4062 regia
1718 3997 2023 4054 vindicavit.

446 4076 584 4145 Quid
649 4078 790 4133 enim
866 4078 1043 4134 valent
1084 4078 1227 4147 justo
1280 4079 1551 4146 possidere
1619 4084 1818 4141 inimici
1867 4088 2027 4157 justi-

448 4170 534 4223 tite
556 4168 579 4220 ?

507 4256 621 4309 CAl
647 4256 733 4310 UT
765 4255 878 4309 Xll.
909 4285 980 4295 —
1010 4255 1096 4309 l9.
1138 4255 1245 4310 Nec
1288 4272 1384 4327 pro
1426 4258 1506 4315 eis
1548 4262 1745 4333 aliquid
1794 4270 2027 4337 promul—

446 4364 601 4417 gasse
627 4350 745 4418 quis
773 4349 1056 4415 invenitur,
1104 4350 1205 4405 nisi
1247 4361 1485 4422 apostata
1513 4354 1777 4424 Julianus,
1806 4361 1889 4415 cui
1918 4376 2021 4431 pax

442 4448 501 4495 .et
539 4440 711 4493 unitas
738 4438 1027 4494 christiana
1059 4439 1278 4496 nimium
1327 4442 1676 4514 displicebat;
1705 4450 2027 4522 quandoqui-

447 4532 567 4584 dem
596 4531 705 4599 ipsa
747 4530 795 4586 ei
827 4530 966 4586 unde
996 4530 1157 4601 impie
1183 4532 1453 4590 ceciderat
1490 4537 1674 4607 religio
1701 4538 2023 4611 displiceret.

444 4622 542 4677 Cui
568 4622 779 4692 quidem
803 4622 885 4677 isti
938 4622 1247 4690 Donatistre,
1294 4624 1433 4681 sicut
1476 4626 1712 4696 judicum
1759 4631 1918 4688 Gesta
1947 4644 2028 4690 te-

446 4724 671 4779 stantur,
699 4712 888 4782 quibus
917 4712 967 4768 bi
996 4714 1136 4782 quod
1161 4714 1579 4784 impetraverunt
1598 4720 1912 4791 allegarunt,
1948 4734 2026 4780 ta-

448 4805 584 4858 libus
630 4802 805 4858 vcrbis
833 4803 1282 4874 supplicaverunt,
1312 4815 1367 4861 ut
1395 4807 1444 4861 ei
1492 4808 1715 4869 fortasse
1758 4813 1938 4871 mitius
1960 4817 2026 4871 ad

446 4894 707 4949 idolorum
736 4894 933 4947 cultum
981 4894 1193 4964 quidam
1219 4896 1407 4951 timore
1435 4901 1823 4969 consenserint,
1865 4920 2023 4974 quam

445 5000 566 5039 eum
600 4983 683 5037 isti
725 4982 907 5036 furiosi
961 4983 1323 5039 laudaverunt.
1380 4985 1635 5043 Dixerunt
1680 4992 1844 5059 enim,
1894 4998 2028 5063 quod

511 5165 525 5195 ί
554 5164 1015 5226 niviouensisvetus
1033 5162 1206 5221 codex,
1232 5164 1508 5226 mancipes.

509 5228 529 5256 ³
554 5232 652 5273 Am.
675 5230 727 5273 et
750 5223 972 5286 plerique
993 5232 1116 5286 Mss"
1148 5225 1307 5276 additi
1325 5223 1450 5276 sunt.

511 5288 530 5317 ³
552 5291 617 5349 tta
640 5286 842 5349 vaticani
868 5284 971 5349 Mss.
998 5284 1082 5334 Alii
1106 5299 1213 5335 cum
1232 5286 1391 5349 editis,
1416 5287 1567 5338 visum
1588 5298 1674 5340 est.

508 5349 539 5416 5
555 5348 673 5416 aditi
690 5382 706 5407 ,
730 5353 785 5416 et_
814 5345 957 5409 facile
979 5354 1238 5416 cesserim,
1261 5361 1349 5399 nec
1370 5345 1521 5401 multa
1543 5354 1672 5416 passi
1692 5361 1817 5404 sunt.
1860 5356 2027 5407 Melius

448 5411 655 5459 \aticani
699 5406 923 5467 codices,
961 5406 1045 5470 qui
1087 5406 1232 5471 facile
1263 5406 1554 5471 cesserunt,'
1580 5426 1673 5463 non
1717 5416 1867 5467 multa
1897 5406 2027 5482 pasSi

445 5478 571 5519 sunt.

447 5559 587 5628 pater
604 5554 982 5628 a_\'alenti_niano
1004 5556 1184 5628 majore
1210 5555 1485 5628 inMAfrieam
1510 5559 1681 5609 missus
1708 5561 1870 5623 [ralia
1895 5566 2022 5628 vicit,

444 5614 612 5663 scribit
636 5614 803 5663 l‘auPus
820 5616 1044 5666 diaconus
1070 5614 1115 5665 in
1141 5616 1221 5665 lib.
1244 5618 1313 5667 12.

532 5679 584 5735 α)
606 5679 873 5735 ttagaitano.

507 5673 584 5797 iii
602 5679 1105 5791 ξὲῗιξῗὲῗὲιιωίυε.
1124 5741 1239 5792 Vide
1260 5750 1495 5807 Optatum,
1516 5744 1597 5796 lib.
1617 5747 1664 5797 5.

2162 442 2298 510 apud
2323 444 2557 496 cumsola
2586 446 2599 475 ¹
2619 445 2819 514 justitia
2850 450 3003 500 locum
3045 447 3265 503 haberet.
3298 450 3433 518 Quid
3451 466 3576 522 ergo
3596 454 3735 513 aliud

2162 531 2359 587 dixisse
2390 536 2742 603 reperiuntur,
2774 538 2873 589 nisi
2900 539 3241 595 christianam
3264 545 3596 599 sanctitatem
3632 564 3736 603 non

2161 626 2571 693 essejustitiam,
2595 642 2711 696 qua:
2738 632 2872 696 apud
2894 629 3042 683 illum
3065 631 3266 687 nullum
3295 632 3733 702 haberetlocum;

2160 723 2254 769 aut
2302 715 2559 772 honorem
2606 716 2907 773 daemonum
2970 736 3088 776 esse
3138 721 3449 791 justitiam?
3494 728 3734 784 Aliorum

2159 813 2334 859 autem
2362 805 2739 875 imperatorum
2771 809 2914 878 leges
2968 826 3087 880 qua:
3139 812 3477 870 vehementer
3496 817 3517 848 ³
3546 818 3742 872 θάνατε

2158 909 2249 951 sus
2272 910 2363 951 eos
2385 896 2503 951 latae
2544 908 2689 964 sunt,
2721 900 2843 969 quis
2871 900 3075 970 ignorat
3100 900 3123 953 ?
3152 900 3207 955 In
3235 903 3423 973 quibus
3453 922 3550 960 una
3572 923 3742 977 gene-

2158 987 2283 1042 ralis
2306 986 2559 1043 adversus
2585 1004 2771 1043 omnes
2796 992 2885 1059 qui
2917 990 3234 1047 christianos
3280 1008 3338 1048 se
3367 994 3467 1049 dici
3522 999 3741 1060 volunt,

2156 1086 2211 1133 et
2242 1078 2492 1133 Ecciesia':
2511 1079 2783 1134 catholica:
2805 1097 2910 1135 non
2931 1085 3344 1147 communicant,
3376 1087 3469 1141 Sed
3502 1089 3552 1142 itt
3578 1092 3689 1144 suis
3715 1090 3735 1121 ³

2154 1169 2440 1237 separatim
2493 1171 2872 1226 conventiculis
2923 1185 3328 1245 congregantur,
3372 1177 3423 1231 id
3473 1182 3732 1249 centinet,

2155 1258 2225 1314 Ut
2246 1260 2328 1314 vel
2357 1261 2630 1315 ordinator
2672 1263 2874 1328 clerici,
2924 1264 3005 1319 vel
3056 1266 3170 1335 ipse
3198 1268 3471 1323 ordinatus
3500 1270 3652 1326 denis
3675 1272 3740 1326 li-

2153 1351 2264 1408 bris
2289 1352 2404 1407 auri
2450 1354 2771 1411 muletentur
2802 1374 2815 1411 :
2847 1356 2995 1411 locus
3023 1374 3150 1413 vero
3193 1360 3306 1429 ipse
3333 1377 3436 1430 quo
3466 1363 3622 1433 impia
3652 1380 3743 1420 se-

2146 1446 2357 1513 paratio
2372 1455 2741 1517 congregatur,
2769 1447 3040 1518 redigatur
3069 1450 3121 1504 in
3148 1451 3353 1505 fiscum.
3379 1452 3513 1507 Sunt
3534 1464 3588 1508 ct
3617 1455 3740 1509 alim

2148 1532 2415 1600 jussiones
2438 1537 2729 1605 generales,
2759 1538 2950 1607 quibus
2976 1539 3054 1593 eis
3075 1540 3155 1594 vel
3189 1540 3411 1596 faciendi
3442 1552 3734 1600 testamen-

2155 1631 2205 1677 ta
2231 1623 2316 1678 vel
2354 1639 2449 1694 per
2472 1623 2785 1681 donationes
2805 1628 3003 1698 aliquid
3033 1628 3343 1685 conferendi
3374 1632 3595 1687 facultas
3617 1635 3739 1689 adi-

2151 1712 2332 1780 mitur,
2365 1714 2449 1768 vel
2490 1730 2556 1769 ex
2608 1715 2981 1773 donationibus
3022 1729 3114 1773 aut
3158 1724 3488 1778 testamentis
3532 1725 3737 1795 aliquid

2149 1804 2412 1873 capiendi.
2437 1805 2569 1860 Nam
2598 1807 2650 1860 in
2695 1808 2922 1877 quadam
2967 1824 3125 1865 causa
3169 1828 3288 1867 cum
3334 1815 3491 1868 homo
3539 1818 3740 1873 nobilis

2154 1892 2561 1964 imperatoribus
2594 1901 2975 1969 supplicasset,
3009 1903 3148 1972 quod
3191 1920 3345 1960 soror
3372 1907 3487 1976 ejus
3518 1924 3635 1977 qure
3664 1910 3738 1966 de

2150 1992 2297 2052 parte
2344 1984 2533 2041 Donati
2578 1987 2772 2053 fuerat,
2818 2005 2939 2043 cum
2987 1990 3384 2064 defungeretur,
3441 1999 3620 2052 nescio
3678 2000 3733 2055 in

2146 2088 2281 2143 quos
2307 2078 2697 2132 communionis
2722 2094 2850 2144 suae,
2884 2090 2938 2135 et
2963 2074 3207 2139 maxime
3224 2083 3276 2137 in
3299 2087 3580 2155 quemdam
3613 2090 3728 2144 Au-

2146 2168 2413 2233 gustinum
2454 2169 2760 2240 episcopum
2804 2186 2989 2227 eorum
3024 2174 3249 2243 plurima
3297 2179 3629 2248 contulisset,
3662 2197 3734 2237 ex

2145 2256 2233 2310 illa
2258 2259 2496 2327 generali
2526 2260 2642 2329 lege
2682 2271 3002 2332 praeceptum
3052 2272 3135 2319 est
3175 2274 3234 2319 ut
3262 2269 3438 2321 omnia
3467 2269 3611 2323 fratri
3643 2287 3735 2327 re-

2144 2347 2489 2404 stituerentur
2518 2368 2534 2405 :
2570 2351 2656 2405 ubi
2687 2351 2849 2406 etiam
2880 2351 3378 2411 Circumcellionum
3429 2360 3627 2413 mentio
3651 2359 3729 2416 fa-

2142 2445 2225 2491 cta
2245 2446 2347 2504 est,
2370 2439 2415 2494 si
2444 2454 2592 2496 more
2616 2456 2714 2495 suo
2740 2441 3002 2497 violenter
3023 2443 3363 2512 obsisterent,
3387 2462 3493 2516 quo
3521 2464 3730 2517 genere

2142 2531 2457 2586 auxiliorum
2478 2541 2532 2586 et
2554 2532 2891 2589 adminiculis
2904 2536 3312 2605 repellerentur.
3342 2538 3432 2593 Sic
3454 2542 3593 2595 enim
3626 2558 3729 2595 no-

2144 2618 2202 2681 ti,
2232 2620 2308 2674 sic
2334 2620 2511 2674 multis
2532 2622 2729 2691 praeliis
2746 2623 2949 2692 probati
2977 2635 3121 2690 sunt,
3149 2634 3208 2680 ut
3235 2627 3303 2682 de
3332 2626 3414 2684 his
3439 2638 3491 2685 et
3516 2633 3725 2701 suppli-

2143 2710 2285 2764 Catio
2344 2709 2645 2781 imperatori
2692 2712 2880 2782 ﬁeret,
2940 2726 2996 2772 et
3063 2727 3332 2787 mperator
3380 2729 3555 2777 tacere
3611 2739 3723 2778 non

2144 2811 2342 2870 posset.

2210 2890 2436 2949 CAPUT
2471 2893 2609 2949 Xlll.
2632 2925 2700 2935 —
2720 2895 2807 2950 20.
2834 2896 2961 2962 Quae
3005 2914 3125 2954 cum
3155 2899 3223 2954 ita
3253 2901 3379 2967 sint,
3407 2917 3526 2956 cum
3552 2911 3604 2957 et
3631 2903 3724 2958 di-

2140 2982 2276 3037 vinis
2325 2992 2379 3037 et
2419 2984 2663 3040 humanis
2704 2986 2907 3056 legibus
2960 2988 3030 3043 ita
3074 2990 3424 3059 damnentur;
3459 3002 3599 3048 tanta
3639 3005 3725 3050 est

2139 3080 2313 3128 tamen
2362 3077 2718 3132 mansuetudo
2742 3077 3050 3145 christiana,
3079 3089 3137 3135 ut
3164 3098 3268 3137 non
3309 3085 3479 3140 solum
3507 3070 3725 3143 teneant

2130 3161 2405 3231 ‘basilicas,
2451 3181 2584 3236 quas
2625 3166 2735 3236 jam
2768 3170 2973 3238 praecisi
3004 3172 3419 3243 redificaverunt,
3473 3177 3567 3232 sed
3612 3194 3716 3235 nec

2136 3267 2228 3309 eas
2255 3269 2441 3310 onmes
2472 3257 2798 3313 reddiderint
2823 3261 3031 3328 unitati,
3078 3278 3211 3332 quas
3238 3265 3304 3319 ab
3343 3267 3564 3323 exordio
3591 3269 3713 3324 uui-

2139 3351 2219 3397 tas
2245 3346 2432 3399 tenuit.
2459 3347 2524 3400 Et
2566 3362 2687 3402 cum
2726 3350 2826 3419 ipsi
2856 3350 3268 3409 Maximianistas
3297 3354 3364 3410 de
3390 3356 3622 3414 basilicis
3651 3361 3719 3417 ad

2136 3444 2342 3503 partem
2374 3436 2559 3492 Donati
2582 3440 3001 3508 pertinentibus,
3032 3460 3124 3512 per
3147 3446 3355 3513 judiees
3384 3464 3413 3502 a
3444 3450 3722 3509 catholicis

2135 3525 2545 3594 imperatoribus
2600 3531 2791 3586 missos
2830 3532 3087 3588 instanter
3125 3537 3490 3606 excluserim,
3540 3551 3720 3600 tamen

2135 3630 2166 3670 a
2193 3617 2370 3672 multis
2414 3618 2545 3673 locis
2571 3634 2705 3688 quos
2733 3620 2993 3676 catholica
3049 3632 3174 3679 ante
3226 3627 3400 3681 unitas
3428 3630 3716 3701 retinebat,

2135 3720 2236 3761 nec
2263 3706 2885 3775 ipsorumcatholicorum
2917 3711 3291 3782 imperatorum
3313 3717 3515 3786 legibus
3536 3722 3721 3776 exclu-

2135 3798 2351 3854 duntur.
2378 3799 2655 3857 Postremo
2675 3843 2691 3868 ,
2718 3801 2763 3857 si
2806 3804 2929 3872 quid
2962 3805 3096 3860 forte
3137 3806 3423 3876 aliquando
3460 3810 3722 3867 immode-

2134 3892 2300 3947 ratius
2327 3892 2379 3947 in
2407 3908 2498 3948 eos
2532 3893 2723 3948 factum
2751 3904 2868 3959 est,
2898 3896 3036 3965 quod
3061 3896 3401 3954 Christianam
3438 3905 3723 3961 excederet

2135 3980 2428 4046 lenitatem,
2462 3982 2705 4052 displicet
2730 3985 2973 4040 omnibus
3003 3986 3283 4042 frumentis
3326 3991 3515 4045 meSsis
3555 3993 3723 4050 domi-

2136 4072 2289 4138 nica},
2323 4072 2374 4125 id
2403 4081 2506 4137 est,
2540 4072 2592 4126 in
2619 4073 2833 4129 Christo
2869 4075 3220 4133 laudabilibus
3258 4078 3597 4148 Christianis,
3628 4086 3718 4154 qui

2133 4161 2246 4215 sive
2289 4163 2639 4229 centenario,
2681 4168 2796 4219 sive
2866 4168 3248 4234 scxagenario,
3311 4170 3425 4225 sive
3484 4173 3719 4228 tricena-

2134 4250 2214 4305 rio
2267 4250 2439 4306 fructu
2482 4253 2533 4307 in
2578 4252 2834 4308 catholica
2884 4254 3120 4310 Ecclesia
3175 4266 3286 4313 toto
3327 4262 3456 4316 orbe
3498 4277 3717 4319 succre-

2133 4352 2306 4397 scunt.

2204 4434 2426 4489 CAPUT
2467 4433 2603 4488 XlV.
2634 4466 2703 4475 —
2718 4434 2807 4491 21.
2831 4435 3165 4508 Quapropter
3184 4440 3382 4497 zizania
3404 4444 3485 4498 vel
3510 4444 3713 4513 paleam

2134 4523 2413 4578 Catholica:
2463 4524 2657 4593 segetis
2708 4525 2984 4581 nobiscum
3032 4530 3401 4599 copiosissime
3442 4546 3719 4601 accusent,

2132 4612 2225 4667 sed
2252 4613 2526 4667 nobiscum
2561 4614 2696 4670 ferre
2722 4616 3104 4684 patientissime
3152 4636 3256 4673 non
3299 4633 3564 4676 recusent.
3610 4624 3719 4678 Nu-

2134 4705 2228 4760 luit
2252 4707 2392 4761 enim
2417 4707 2672 4762 Dominus
2718 4717 2840 4763 ante
2868 4716 3076 4779 tempus
3104 4712 3374 4767 eradicarc
3418 4715 3637 4779 zizania,
3668 4728 3722 4771 et

2134 4813 2162 4849 a
2190 4795 2576 4852 frumentorum
2604 4798 2952 4868 permixtione
2999 4816 3267 4871 separare.
3321 4804 3501 4871 Sinite,
3526 4807 3716 4876 inquit,

2133 4898 2344 4959 utraque
2363 4907 2579 4944 crescere
2599 4908 2753 4956 usque
2776 4892 2844 4945 ad
2870 4910 3095 4948 messem.
3144 4897 3209 4949 Et
3234 4913 3352 4951 cum
3387 4900 3717 4955 involucrum

2096 5000 2111 5018 -
2133 4977 2367 5046 ejusdem
2386 4981 2743 5036 similitudinis
2776 4984 3136 5052 qumrenlibus
3183 4987 3455 5057 discipulis
3482 4992 3719 5059 explica-

2134 5077 2236 5133 rct,
2264 5086 2369 5124 non
2396 5071 2490 5135 ait,
2521 5072 2660 5141 Ager
2700 5080 2783 5127 est
2823 5073 2999 5129 Africa
3030 5093 3044 5142 ;
3086 5075 3179 5130 sed
3214 5077 3308 5143 ait,
3340 5079 3473 5149 Ager
3513 5090 3587 5133 est
3637 5082 3720 5134 Iu'c

2134 5163 2365 5215 mundus.
2400 5164 2498 5217 I‘er
2519 5172 2684 5217 totum
2709 5181 2835 5235 ergo
2862 5168 3117 5222 mundum
3136 5185 3286 5239 scges
3318 5172 3415 5224 ista
3457 5175 3719 5229 seminata

2133 5263 2232 5318 est,
2269 5270 2365 5323 per
2389 5264 2553 5310 totum
2575 5259 2997 5325 superseminata
3024 5261 3242 5325 zizania,
3271 5276 3365 5331 per
3396 5271 3563 5318 totum
3596 5282 3719 5322 cre-

2199 5388 2342 5459 Hm.
2387 5396 2439 5460 et
2480 5389 2708 5460 plerique
2749 5398 2876 5460 Mss,
2918 5392 3308 5460 solym_:_male,
3355 5403 3408 5446 ut
3448 5395 3605 5460 liquet
3652 5414 3717 5451 ex

2199 5404 2213 5419 -
2245 5404 2342 5435 Am.
2387 5404 2439 5438 et
2479 5404 2708 5497 {uerique
2750 5404 2876 5451 mss,
2918 5404 3117 5442 selum:
3155 5404 3308 5453 male,
3355 5404 3408 5446 ut
3451 5404 3605 5460 liquet
3652 5414 3716 5451 ex

2133 5455 2293 5523 Enni-ra
2322 5452 2367 5498 in
2394 5458 2475 5523 t’sa
2500 5452 2613 5523 ._
2640 5465 2788 5523 scrin.
2812 5453 2859 5511 2,
2882 5468 2932 5523 _n_.
2958 5455 3032 5523 ιεξ.
3058 5455 3174 5504 vide
3192 5465 3432 5523 prazterca
3458 5462 3600 5522 epist.
3630 5462 3716 5523 93,

2133 5524 2196 5618 ἓξ]
2212 5509 2470 5619 lgngctgi.
2502 5514 2607 5573 l03,
2632 5527 2681 5562 u.
2722 5518 2780 5575 9;
2809 5509 2965 5565 etlib.
2992 5516 3021 5565 2
3050 5509 3215 5567 contra
3230 5520 3432 5569 litteras
3456 5509 3688 5574 t’etiliaui

2134 5584 2213 5618 un.
2236 5583 2341 5625 Ευι),
2370 5583 2472 5619 221.

2197 5634 2308 5711 :sic
2476 5643 2528 5711 At
2552 5634 2686 5711 editi.
2712 5635 3055 5711 superatorum
3067 5638 3311 5699 justitiam
3334 5642 3553 5711 legesque
3599 5659 3705 5711 qum

2135 5693 2440 5763 υσκςρῃυθηιεε,
2468 5704 2559 5763 t-tc.
2580 5703 2691 5763 _.“.,\5'.
2731 5693 2927 5763 aliquot,
2954 5693 3084 5763 ltiges.
3102 5714 3245 5763 qutun
3272 5693 3585 5759 υεΙιεῖῖιιτῆεέν.

2199 5755 2217 5785 ³
2241 5760 2369 5816 uss,
2394 5758 2479 5808 sed
2512 5759 2646 5818 suis;
2675 5755 2847 5809 omissa
2872 5755 3135 5825 particula,
3167 5762 3233 5814 iu.
