4050 6206
304 405 379 465 69
1658 387 1859 447 LIBER
1897 387 1915 444 ε

2022 382 2272 444 nuptis.
2428 360 2433 403 ⁵
3512 380 3615 444 ’δοῖ

303 521 411 579 scit
430 526 718 591 utrumque
738 528 907 586 usque
932 512 998 568 ad
1021 524 1272 568 messem.
1313 504 1579 579 Numquid
1605 515 1695 561 aut
1722 507 1899 561 Dona-

308 622 400 670 tus
420 611 518 668 fuit
558 608 733 679 major
761 619 989 671 messor,
1030 609 1122 658 aut
1149 617 1217 658 eo
1243 609 1484 672 tempore
1519 612 1626 670 quo
1651 611 1711 653 so
1739 594 1827 651 isti
1867 610 1899 650 a

309 713 574 761 terrarum
600 699 734 755 orbe
749 702 1084 768 separarunt,
1122 700 1332 762 tempus
1368 689 1557 744 messis
1575 687 1897 742 advenerat:

308 808 435 849 cum
462 789 599 846 idem
629 787 885 842 Dominus
911 800 977 839 ne
1005 781 1164 837 alicui
1189 782 1373 836 liceret
1397 775 1738 848 interpretari
1760 774 1902 847 quod

311 882 496 946 vellet,
523 876 858 949 apertissime
878 873 1094 941 dixerit,
1114 870 1295 926 Messis
1317 878 1486 924 autem
1510 873 1583 922 est
1603 866 1720 938 ﬁnis
1738 881 1901 921 siccu-

308 974 388 1038 li;
417 987 661 1026 messores
698 976 867 1023 autem
916 963 1099 1038 Angeli
1146 959 1310 1034 sunt(
1339 959 1528 1016 Matth.
1559 974 1674 1024 xm,
1703 957 1899 1022 25-30,

306 1063 479 1119 56-43
503 1059 749 1134 )?Tales
786 1056 930 1113 enim
965 1067 1233 1109 messores
1280 1065 1462 1109 errare
1510 1064 1616 1105 non
1655 1055 1897 1121 possunt,

311 1160 371 1209 ut
396 1153 483 1209 vel
533 1151 801 1206 frumenta
842 1163 941 1220 pro
983 1144 1202 1203 zizaniis
1231 1142 1500 1215 colligant,
1531 1141 1621 1198 vel
1664 1155 1762 1214 pro
1788 1139 1901 1195 fru-

313 1245 507 1300 mentis
537 1242 737 1297 zizania
773 1240 1015 1311 redigant
1042 1239 1085 1293 ί.
1111 1236 1203 1293 lsti
1254 1244 1432 1292 autem
1485 1249 1607 1290 cum
1642 1231 1794 1305 quasi
1823 1232 1901 1287 zi-

315 1337 506 1391 sania'
536 1333 776 1405 fugiunt,
805 1347 864 1388 se
892 1332 1037 1403 ipsos
1061 1343 1183 1386 esse
1211 1328 1411 1383 zizania
1444 1326 1898 1390 demonstrarunt,

313 1428 365 1482 in
398 1425 837 1481 manifestissimo
891 1421 1170 1492 sacrilegio
1210 1427 1398 1476 contra
1447 1416 1766 1473 sententiam
1791 1415 1901 1471 Do-

321 1641 335 1651 .
378 1582 556 1651 εισι,
581 1576 801 1643 religent.
826 1575 994 1627 Melius
1015 1580 1116 1624 Am.
1159 1579 1212 1625 et
1232 1579 1360 1632 Mss,
1402 1568 1628 1634 redigant
1649 1579 1669 1619 :
1689 1566 1867 1631 supple
1884 1601 1900 1628 ,

315 1655 368 1691 m
380 1641 681 1751 {$1530
713 1709 813 1749 Am.
838 1691 1262 1809 aWaninata.
1293 1697 1428 1753 ωτι,
1462 1685 1746 1756 geminata.
1781 1694 1901 1738 scu-

316 1770 447 1809 tram
470 1775 589 1809 vero
609 1768 688 1809 est
711 1762 760 1809 in
781 1772 892 1809 man
1020 1758 1131 1809 ptis.

316 1770 447 1813 trum
470 1775 589 1812 vero
609 1768 688 1812 est
711 1762 760 1810 in
781 1758 1131 1821 manusuiptis.

2007 503 2135 557 mini
2187 499 2537 573 praedicantes
2569 520 2581 555 ε
2616 508 2673 557 ut
2702 515 2825 558 cum
2862 498 2952 573 ille
2987 497 3150 568 ditat,
3188 490 3356 557 Sinite
3379 507 3588 573 utraque

2005 609 2225 648 crescere
2271 608 2429 663 usque
2478 593 2563 648 ad'
2595 605 2847 657 messem;
2896 590 2984 646 isti
3029 605 3126 661 per
3175 598 3283 646 tam
3336 606 3586 663 magnum

2006 696 2213 755 agrum,
2232 681 2285 736 id
2314 690 2429 747 est,
2485 692 2655 737 totum
2694 680 2948 737 mundum
2976 680 3019 745 ί.
3066 680 3269 735 zizania
3318 695 3585 746 crescere,

2005 770 2270 827 frumenta
2294 786 2422 827 vero
2445 770 2724 838 diminuta,
2746 779 2800 827 et
2818 771 2870 826 in
2901 770 3013 825 sola
3043 768 3220 825 Africa
3260 770 3586 826 remansisse
3643 785 3651 799 ⁴

2005 860 2349 929 contendant,
2384 860 2599 917 Chl'lSto
2623 861 2735 933 regi
2762 867 2819 915 et
2867 859 3089 931 principi
3142 870 3328 915 nostro
3372 861 3589 915 sacrile-

1970 948 1987 959 ”
2005 967 2125 1025 gain
2142 949 2398 1008 facientes
2423 952 2692 1027 injuriam.
2744 948 3013 1021 Scriptum
3059 958 3143 1006 est
3171 951 3314 1006 enim
3343 967 3357 1005 :
3391 949 3455 1003 In
3484 959 3591 1004 tata

2005 1050 2152 1114 gente
2168 1042 2332 1115 gloria
2357 1043 2486 1114 regis
2512 1042 2606 1109 ;in
2629 1041 2959 1097 diminutione
2985 1049 3152 1096 autem
3183 1042 3364 1114 populi
3402 1045 3586 1096 centri.

2008 1133 2078 1187 tio
2389 1131 2411 1207 (
2434 1131 2588 1188 Prov.
2618 1147 2732 1199 xtv,
2753 1132 2825 1190 ‘28
2846 1132 2889 1204 ).
2934 1131 3043 1189 Sed
3083 1132 3194 1202 jam
3223 1141 3449 1203 tempus
3475 1142 3581 1199 est,

2005 1229 2262 1292 quantum
2303 1221 2556 1279 existimo
2580 1262 2595 1289 ,
2641 1224 2754 1294 ipsa
2802 1222 3105 1278 testimonia
3145 1221 3539 1293 Scripturarum
3569 1262 3583 1286 ,

2006 1330 2126 1387 quze
2168 1315 2309 1371 male
2339 1314 2735 1386 interpretando
2757 1317 2780 1349 ¹
2818 1315 3089 1386 decipiunt
3138 1314 3434 1385 imperitos,
3469 1314 3587 1368 dili-

2006 1414 2193 1477 genter
2223 1405 2520 1472 attendere,
2542 1414 2597 1461 et
2624 1413 2880 1476 quantum
2900 1405 3155 1461 Dominus
3180 1403 3365 1470 donat,
3396 1417 3591 1460 secun-

2006 1496 2133 1551 dum
2163 1495 2490 1552 intellectum
2512 1496 2787 1552 catholicae
2816 1496 3053 1553 veritatis
3088 1495 3318 1564 aperire.

2067 1689 2093 1762 ξ
2113 1689 2320 1762 fatigant
2344 1689 2629 1762 ροόὶοεβλεά
2645 1695 2714 1762 est
2738 1695 2890 1741 totum
2909 1689 3153 1762 ηῃιῃάιιῃιΔ
3165 1687 3504 1762 tantununado.

2071 1751 2094 1783 ³
2118 1750 2260 1813 aditi,
2285 1748 2624 1816 interpretata.
2641 1758 2699 1802 At
2720 1752 3048 1815 manusa'ipti,
3082 1748 3463 1815 interpraando.

1238 1969 1723 2082 LIBER
1808 1965 1987 2074 SE
2000 1970 2092 2071 0
2105 1968 2410 2076 UND
2433 1972 2640 2080 US.

453 2169 808 2233 suspenduntur
828 2165 1084 2229 Scriptum
1106 2148 1395 2221 testimonia,
1421 2136 1625 2220 quorum
1643 2162 1877 2216 perversa
1896 2150 2300 2213 interpretatione
2317 2157 2570 2208 Donatistze
2586 2156 2819 2220 decipere
2842 2158 3099 2218 imperitos
3116 2153 3457 2215 moliebantur.
3484 2202 3493 2209 .

1760 2270 2132 2329 ceto-33%»
3464 2246 3482 2262 ‘

394 2416 620 2476 CAPUT
659 2411 1036 2470 PRIMUM.——
1061 2407 1260 2476 LQua‘.
1297 2402 1507 2459 tandem
1542 2399 1623 2455 vis
1665 2398 1766 2454 nisi
1798 2412 1903 2453 ca:-

328 2512 459 2566 citas
478 2518 533 2564 et
552 2506 761 2560 vanitas
799 2502 962 2557 animi
990 2499 1131 2570 cogit
1156 2496 1429 2552 hominem
1454 2491 1652 2548 clausis
1680 2490 1721 2556 ι,
1746 2498 1802 2543 ut
1822 2487 1905 2542 tli-

326 2603 482 2663 citur,
507 2598 675 2654 oculis
702 2605 950 2665 tanquam
980 2593 1032 2646 in
1060 2591 1284 2644 alterum
1301 2584 1503 2656 jacere,
1528 2580 1672 2652 quod
1702 2580 1756 2635 in
1780 2578 1902 2635 eum

328 2690 414 2761 qui
451 2688 604 2760 jccit,
657 2685 910 2742 continuo
960 2680 1163 2744 redeat,
1206 2688 1436 2746 eumque
1478 2672 1585 2728 ictu
1633 2669 1907 2739 reciproco

327 2757 545 2850 afﬂigat,
570 2780 772 2832 inlaeto
805 2774 899 2829 illo
936 2785 1093 2843 quem
1130 2767 1411 2823 vulnerare
1454 2761 1736 2827 voluerat;
1767 2757 1908 2813 sicut

329 2871 412 2926 isti
437 2847 724 2924 bonatistm
776 2865 843 2920 de
871 2861 1117 2917 omnibus
1164 2859 1274 2914 fere
1315 2854 1711 2925 Scripturarum
1759 2847 1908 2904 testi-

331 2964 521 3021 moniis
546 2961 746 3015 faciunt
766 2958 790 3011 ?
809 2957 939 3025 Quae
965 2968 1085 3008 cum
1125 2966 1184 3007 se
1222 2948 1503 3005 adversum
1547 2959 1644 3000 nos
1672 2941 1910 3013 proferre

331 3055 676 3118 arbitrantur,
699 3049 842 3105 velut
874 3045 1163 3101 admonere
1207 3054 1305 3096 nos
1346 3038 1593 3094 videntur
1617 3032 1798 3104 quales
1818 3045 1912 3086 eos

334 3148 445 3216 ipsa
476 3143 746 3213 Scriptura
771 3138 1053 3195 convincat
1078 3148 1217 3190 esse.
1243 3130 1380 3200 Quid
1399 3129 1540 3185 enim
1589 3124 1713 3180 facit
1742 3120 1908 3189 aliud,

333 3237 545 3308 quando
570 3234 651 3289 vel
668 3247 765 3304 pro
786 3246 868 3299 se,
899 3228 983 3284 vel
1008 3231 1190 3283 contra
1231 3237 1329 3278 nos
1352 3217 1734 3276 Parmenianus
1762 3219 1914 3284 putat

335 3304 610 3397 essequod
630 3310 885 3397 scriptum
912 3327 996 3375 est
1026 3336 1040 3372 :
1093 3315 1181 3372 γω
1220 3313 1299 3368 Itis
1337 3312 1423 3383 qui
1447 3310 1619 3364 dicunt
1647 3304 1789 3378 quod
1828 3308 1914 3358 ne-

337 3396 497 3489 quam,
524 3426 598 3471 est
625 3396 827 3477 bonum,
871 3408 1072 3479 etquod
1111 3406 1296 3460 bonum
1326 3410 1394 3457 est
1438 3413 1689 3469 nequam;
1712 3396 1798 3465 qui
1818 3409 1913 3465 po-

341 3482 459 3564 nunt
489 3511 657 3563 lucem
682 3503 925 3564 tenebras,
954 3506 1001 3554 et
1037 3495 1265 3552 tenebras
1294 3494 1491 3557 lucem;
1526 3488 1613 3560 qui
1651 3491 1841 3557 ponunt
1862 3482 1916 3537 id

341 3598 469 3668 quod
506 3612 737 3651 amarum
770 3603 841 3648 est
871 3591 1035 3657 dulce,
1065 3597 1109 3643 et
1164 3586 1310 3640 dulce
1337 3581 1471 3654 quod
1503 3594 1733 3633 amarum
1763 3573 1914 3646 (Isai.

344 3705 394 3755 v,
419 3689 489 3744 20
514 3689 532 3760 )
553 3686 576 3740 ?
598 3686 643 3741 0
694 3682 1062 3740 stultissimam
1108 3673 1441 3733 caecitatem!
1474 3668 1599 3741 quid
1639 3669 1780 3724 enim
1810 3672 1916 3721 tam

346 3756 536 3834 bonum
563 3789 610 3831 et
637 3786 747 3830 tam
798 3770 1114 3843 jucundum,
1145 3781 1305 3838 quam
1356 3762 1596 3817 habitare
1636 3757 1826 3812 fratres
1866 3756 1918 3810 in

346 3868 545 3938 unum(
575 3866 720 3921 Psal.
756 3877 953 3925 CXXXII,
986 3856 1092 3931 i)?
1128 3856 1269 3928 quod
1293 3853 1365 3909 illi
1395 3864 1620 3920 nequam
1650 3847 1835 3901 dicunt
1868 3852 1923 3900 et

346 3975 580 4014 amarum
598 3963 823 4027 ponunt,
851 3952 939 4022 qui
961 3966 1019 4005 se
1041 3948 1108 4003 ah
1135 3946 1381 4002 omnibus
1411 3940 1662 3998 fratribus
1703 3949 1920 4006 separa-

348 4058 485 4111 runt,
509 4025 636 4100 dum
664 4059 826 4097 vanas
853 4039 1181 4110 suspiciones
1215 4051 1338 4091 snas
1363 4076 1378 4101 ,
1408 4048 1475 4089 ne
1521 4030 1693 4086 dicam
1733 4025 1922 4095 factio-

349 4153 431 4193 sas
455 4136 771 4201 calumnias,
794 4132 879 4187 vel
912 4144 1017 4185 non
1042 4128 1301 4190 excitare,
1329 4124 1412 4180 vel
1444 4121 1700 4177 excitatas
1734 4118 1922 4173 tollere

350 4230 647 4284 noluerunt.
702 4222 854 4295 Quod
892 4221 943 4278 si
960 4221 1180 4277 veram'
1223 4218 1428 4289 paleam
1454 4214 1712 4277 odissent,
1744 4219 1798 4265 ct
1825 4208 1925 4280 ipsi

350 4323 493 4392 palea
527 4322 855 4381 nonessent,
904 4329 1013 4369 non
1061 4320 1279 4383 prapter
1311 4323 1427 4362 eam
1479 4322 1540 4361 se
1590 4321 1619 4359 a
1658 4301 1926 4359 dominico

354 4414 524 4468 tritico
559 4427 656 4482 per
682 4416 855 4464 totum
894 4418 1102 4477 agrum,
1147 4401 1199 4456 id
1228 4409 1328 4465 est,
1356 4394 1634 4461 mundum,
1666 4392 1929 4448 semiusto

351 4513 399 4558 et
426 4507 702 4557 crescente
740 4497 1081 4566 scjttngcrent
1104 4491 1148 4546 ³.

417 4593 473 4648 2.
517 4591 831 4647 Exclament
869 4588 1048 4657 itaque
1072 4626 1087 4653 ,
1127 4580 1267 4654 quod
1314 4586 1571 4651 possunt,
1603 4575 1694 4631 Va:
1728 4574 1806 4628 his
1843 4572 1931 4645 qui

352 4686 524 4740 dicunt
563 4683 699 4753 quod
741 4694 957 4751 nequam
997 4685 1071 4732 est
1117 4675 1318 4737 bonum,
1371 4679 1419 4726 et
1463 4668 1597 4741 quod
1636 4667 1818 4722 bonum
1859 4672 1933 4719 est

355 4790 585 4847 nequam.
626 4768 1032 4842 ReSpondemus
1070 4764 1333 4826 breviter,
1363 4761 1472 4816 lloc
1498 4774 1680 4815 verum
1724 4764 1805 4812 est
1837 4773 1850 4811 :
1881 4763 1934 4812 et

356 4866 596 4921 addimus
625 4860 769 4916 aliud
788 4901 804 4929 ,
848 4858 933 4914 Va:
960 4858 1039 4913 his
1067 4856 1154 4929 qui
1193 4852 1516 4926 perdiderunt
1558 4847 1930 4910 sustinentiam,

358 4958 477 5013 dum
506 4964 701 5028 ponunt
731 4954 896 5009 lucem
940 4949 1194 5009 tenebras,
1227 4954 1273 5000 et
1302 4940 1528 4997 tenebras
1557 4940 1715 4995 lucem
1745 4937 1930 5011 (Eccli.

360 5062 414 5112 tt,
448 5045 559 5117 i6).
589 5043 730 5113 Quid
770 5043 908 5098 enim
939 5038 1168 5095 lucidius
1210 5033 1485 5106 promissis
1515 5032 1606 5087 Dei
1627 5073 1640 5097 ,
1674 5031 1762 5102 qui
1802 5038 1939 5085 tem-

358 5137 575 5207 poribus
615 5134 817 5190 nostris
844 5130 1118 5196 exhibuit,
1155 5126 1293 5198 quod
1321 5133 1443 5180 ante
1484 5137 1742 5177 annorum
1774 5120 1935 5175 millia

360 5226 735 5297 pramuntiavit
755 5266 770 5292 ,
801 5225 852 5278 in
880 5222 1083 5277 semine
1104 5217 1330 5274 Abrahae
1351 5258 1364 5281 ,
1394 5214 1534 5286 quod
1564 5222 1646 5268 est
1668 5212 1933 5278 Christus,

361 5318 786 5372 benedictionem
832 5326 1024 5368 omnes
1068 5318 1254 5382 gentes
1296 5307 1568 5361 habituras
1615 5302 1767 5376 (Gen.
1806 5316 1938 5367 χχιι,

362 5408 494 5480 18)?
521 5409 587 5463 Et
614 5407 741 5479 quid
768 5405 1101 5470 tenebrosius
1124 5394 1621 5472 praesumptionibus
1644 5392 1937 5455 hominum,

362 5500 452 5570 qui
479 5508 696 5570 propter
724 5506 926 5553 temere
952 5492 1158 5563 objecta
1179 5529 1194 5555 ,
1221 5498 1567 5572 etnnuquam
1587 5483 1805 5555 probata
1835 5482 1940 5537 cri-

431 5673 448 5705 ³
470 5682 647 5723 omnes
666 5679 795 5731 Μαι,
819 5668 1031 5721 homines
1052 5662 1245 5715 clausis.

429 5735 451 5767 ι
475 5734 685 5784 t'aticani
708 5734 922 5793 codices,
946 5742 1073 5793 vere.

430 5795 450 5828 ³
473 5782 1175 5857 ιωάίεδξλὶίὸόίιὶ,ἐθὶηηῃρνε
1198 5782 1482 5837 debuissent.

2014 2392 2153 2450 mina
2183 2395 2497 2455 traditurum
2524 2400 2681 2471 (qua:
2708 2401 2753 2457 si
2778 2417 2903 2458 vera
2932 2410 3112 2459 essent
3131 2443 3146 2469 ,
3191 2418 3457 2474 nunquam
3487 2400 3597 2457 Deo

2013 2485 2435 2556 prmjudicarent,
2481 2504 2587 2561 quo
2625 2492 2803 2548 minus
2844 2508 2963 2564 quae
3000 2491 3248 2565 promisit
3288 2493 3592 2562 itnplcrct'),

2011 2577 2236 2647 periisse
2264 2579 2447 2636 dicunt
2472 2581 2814 2638 christianum
2851 2598 3046 2638 nomen
3075 2584 3142 2638 de
3169 2591 3244 2638 tot
3271 2576 3515 2652 gentibus
3544 2581 3595 2637 in

2013 2666 2144 2723 orbe
2169 2677 2452 2739 terrarum,
2480 2681 2535 2729 et
2558 2674 2611 2728 in
2641 2675 2752 2730 sola
2772 2672 2947 2729 Africa
2978 2674 3339 2729 remansisse?
3368 2673 3436 2728 Et
3463 2674 3600 2728 hanc

2015 2762 2483 2830 prazsumptionem
2524 2778 2676 2819 suam
2716 2764 2888 2819 lucem
2918 2763 3140 2829 dicunt;
3187 2764 3443 2834 promissa
3471 2780 3600 2818 vero

2018 2845 2109 2901 Dei
2142 2846 2253 2917 jam
2282 2850 2398 2920 ipso
2440 2851 2631 2907 elfectu
2658 2867 2834 2908 rerum
2876 2853 3165 2906 illuminata
3190 2852 3591 2906 mendaciormn

2017 2938 2250 2996 tenebris
2277 2942 2489 3011 operire
2532 2943 2877 2999 contendunt.
2925 2945 3148 3013 insuper
3188 2944 3470 3001 adversum
3502 2960 3600 2997 tius

2017 3027 2155 3087 facta
2180 3047 2274 3088 sua
2303 3033 2554 3101 clamant,
2582 3035 2820 3091 dicentes
2839 3076 2853 3099 ,
2888 3034 2978 3089 Va:
3000 3036 3079 3090 his
3104 3036 3189 3101 qui
3219 3046 3412 3106 ponunt
3440 3037 3601 3089 lucem

2019 3121 2245 3192 tenebras
2268 3164 2283 3191 ,
2323 3132 2370 3177 et
2398 3124 2625 3180 tenebras
2655 3126 2836 3180 lucem.
2892 3124 3038 3181 Itatne
3086 3125 3173 3180 lux
3216 3136 3330 3180 erat
3356 3125 3600 3195 Optatns,

2019 3225 2141 3267 cum
2168 3221 2336 3269 totunt
2365 3215 2550 3271 orbem
2573 3215 2820 3272 tenebras
2846 3216 3141 3287 appellabat
3161 3218 3173 3248 ⁸
3192 3216 3322 3272 ?‘An
3352 3232 3474 3272 eum
3510 3233 3603 3288 po-

2023 3301 2124 3356 tius
2153 3317 2272 3358 esse
2301 3306 2547 3361 tenebras
2592 3316 2697 3360 tota
2726 3305 2902 3362 Africa
2933 3307 3228 3370 sentiebat,
3272 3315 3327 3361 et
3356 3307 3438 3361 isti
3479 3321 3602 3360 enm

2023 3389 2193 3447 lucem
2220 3393 2477 3450 vocabant
2495 3437 2511 3462 ,
2542 3396 2629 3467 qui
2655 3406 2843 3466 ponunt
2871 3397 2892 3429 ²
2918 3396 3079 3451 lucem
3108 3397 3333 3450 tenebras
3352 3436 3365 3459 ,
3397 3406 3441 3450 et
3470 3405 3605 3449 tem»

2022 3481 2138 3537 bras
2165 3482 2372 3539 lucem?
2406 3504 2425 3538 ί
2450 3485 2557 3542 Sed
2580 3485 2926 3557 displicebat,
2964 3507 2984 3541 ι
3017 3487 3292 3558 inquiunt.
3330 3505 3346 3538 ο
3383 3488 3606 3556 Upiatns

2023 3571 2076 3628 in
2124 3575 2497 3631 communione
2542 3586 2726 3632 nostra
2773 3578 3019 3634 omnibus
3065 3577 3236 3633 bonis.
3274 3595 3293 3629 s
3326 3576 3437 3630 Non
3478 3591 3606 3646 ergo
3666 3591 3678 3602 ’

2025 3679 2147 3719 eum
2176 3664 2347 3721 lucem
2374 3667 2644 3722 vocabatis
2667 3710 2682 3733 ,
2712 3676 2766 3723 ct
2797 3676 2970 3723 tamen
3017 3667 3068 3723 ci
3112 3667 3605 3723 conununicabatis.

2026 3751 2220 3824 Eligite
2265 3755 2441 3826 itaque
2492 3755 2634 3826 quod
2665 3757 2871 3822 velitis,
2918 3766 3012 3811 aut
3057 3772 3160 3812 non
3205 3757 3394 3811 obesse
3421 3756 3475 3811 in
3505 3772 3608 3811 una

2027 3844 2400 3899 communione
2446 3846 2693 3902 tenebras
2741 3848 2884 3913 luci,
2933 3846 3028 3902 sed
3070 3846 3317 3902 snlllccre
3360 3847 3460 3901 luci
3487 3888 3501 3911 ,
3553 3858 3613 3903 ut

2029 3935 2275 3990 tenebras
2320 3934 2631 4005 improbet,
2653 3944 2708 4001 et
2749 3951 2840 3992 eas
2865 3951 2964 4006 pro
3004 3936 3204 3991 unitate
3227 3973 3243 4002 ,
3273 3936 3317 3991 si
3343 3936 3612 4005 expelle":

1983 4102 1988 4107 ν
2029 4040 2136 4082 non
2163 4034 2370 4098 potest,
2402 4027 2628 4094 toleret;
2660 4035 2819 4099 atque
2844 4027 2915 4082 ita
2946 4041 3052 4081 non
3082 4025 3247 4082 fuisse
3275 4041 3488 4082 causam
3516 4040 3615 4081 cur
3714 4050 3723 4051 ί

2029 4120 2097 4177 ab
2139 4119 2509 4177 innocentibus
2555 4118 2810 4178 fratribus
2833 4161 2849 4185 ,
2891 4133 3027 4191 quos
3074 4118 3243 4174 malos
3269 4117 3293 4150 ³
3320 4127 3466 4173 certe
3507 4132 3614 4173 non

2004 4208 2279 4280 potuistis
2325 4209 2647 4279 ostendere,
2696 4210 2743 4265 si
2781 4208 2932 4265 vobis
2974 4208 3215 4279 cognitos
3261 4192 3421 4264 etiam
3453 4206 3616 4263 fuisse

2031 4301 2256 4368 dicatis,
2302 4302 2584 4359 tenebroso
2629 4301 2932 4357 schismatis
2974 4301 3253 4373 sacrilegio
3281 4300 3616 4372 disjungere-

2032 4392 2166 4451 mini
2197 4411 2211 4447 :
2240 4402 2332 4449 aut
2368 4394 2412 4450 si
2453 4408 2562 4448 non
2603 4391 2799 4450 sufﬁcit
2831 4389 2944 4449 luci
2982 4403 3039 4448 ut
3069 4393 3332 4464 improbet
3360 4408 3490 4463 quas
3518 4407 3619 4449 ex-

2033 4485 2236 4556 pellere
2262 4500 2369 4541 non
2413 4492 2587 4555 potest
2632 4484 2914 4555 tenebras,
2945 4485 2995 4541 id
3037 4495 3154 4551 est,
3188 4486 3232 4540 si
3275 4500 3381 4541 non
3421 4483 3640 4541 suflicit‘

2037 4574 2192 4633 bonis
2219 4584 2279 4633 ut
2303 4576 2604 4647 improbent
2630 4576 2831 4646 malos,
2855 4591 2988 4648 quos
3013 4577 3299 4635 excludere
3323 4579 3408 4634 vel
3432 4593 3623 4634 emen-

2039 4661 2168 4717 dare
2192 4677 2301 4718 non
2333 4669 2591 4733 possunt;
2632 4662 2841 4718 facilius
2866 4678 3006 4719 unus
3029 4662 3252 4733 Optatus
3282 4671 3484 4733 partem
3514 4663 3623 4717 Do-

2038 4754 2149 4809 nati
2175 4756 2229 4809 in
2260 4769 2363 4809 una
2390 4753 2568 4809 Africa
2602 4754 2912 4809 notissimus
2936 4762 2991 4810 et
3028 4755 3395 4825 apertissimus
3438 4770 3623 4809 maen-

2041 4846 2185 4912 lavit,
2209 4861 2367 4917 quam
2388 4845 2608 4916 quilibet
2623 4843 2754 4900 Afer
2773 4845 2997 4901 traditor
3018 4853 3094 4899 tot
3116 4854 3302 4916 gentes
3322 4861 3418 4916 per
3437 4845 3622 4901 orbem

2042 4945 2304 4991 terrarum
2334 4940 2407 4999 et,
2423 4935 2466 4990 si
2482 4950 2588 4991 non
2613 4934 2783 4990 dicam
2810 4934 2954 4991 falsis
2979 4934 3291 4990 criminibus
3318 4944 3622 5003 accu=2tns,

2043 5037 2223 5084 tamen
2248 5027 2391 5099 quod
2419 5025 2877 5097 impudentissime
2908 5036 3150 5098 negatur,
3179 5027 3408 5096 ignntns.

2113 5120 2168 5177 3.
2207 5118 2542 5188 Accipientes
2571 5118 2750 5189 itaque
2778 5132 3028 5188 perverso
3070 5116 3230 5173 corde
3253 5115 3275 5147 ⁸
3302 5115 3625 5185 Scripturas,

2044 5226 2153 5266 non
2181 5224 2271 5264 eas
2303 5210 2498 5263 faciunt
2537 5208 2727 5264 obesse
2770 5208 2959 5271 nobis,
2990 5207 3084 5262 sed
3130 5206 3229 5260 sibi
3263 5224 3277 5261 :
3311 5204 3539 5276 quando
3560 5200 3629 5257 ad

2044 5300 2147 5357 hoc
2175 5307 2360 5372 putant
2397 5314 2518 5356 esse
2556 5298 2809 5369 scriptum
2831 5338 2847 5365 ,
2902 5296 2991 5353 Va
3033 5297 3119 5352 his.
3154 5297 3242 5368 qui
3285 5296 3455 5348 dicunt
3497 5292 3635 5365 quad

2110 5414 2126 5446 ι
2153 5411 2361 5463 Vaticani
2383 5410 2593 5467 codices,
2617 5415 2663 5460 et
2686 5421 2794 5458 cum
2811 5413 2905 5460 tota
2928 5406 3081 5467 Jﬁica
3103 5405 3320 5467 tenebras
3340 5401 3629 5467 appellabat.

2046 5473 2132 5525 Alii
2166 5483 2291 5532 Mss,
2308 5485 2421 5522 cum
2443 5464 2591 5535 toturn
2614 5469 2824 5535 Africam
2841 5464 3057 5535 tenebras
3078 5464 3380 5535 appellabat.
3394 5464 3538 5535 t'jaulo
3553 5479 3632 5535 suf-

2049 5551 2061 5599 ι
2078 5550 2131 5585 ra
2146 5526 2289 5599 Lov.,'
2302 5542 2496 5597 Insuper
2518 5526 2773 5582 adversum
2794 5544 2877 5582 nos
2892 5529 3031 5595 [actis
3052 5526 3153 5581 suis
3168 5527 3393 5578 clamant.
3412 5526 3561 5590 Lugd.
3584 5534 3635 5576 et

2050 5595 2166 5646 "Ven.
2192 5595 2363 5657 legunt
2379 5595 2433 5645 ut
2453 5600 2568 5657 Lov_._
2628 5598 2699 5657 M._,

2111 5660 2132 5689 ί
2157 5651 2359 5719 Vaticani
2379 5662 2436 5704 et
2474 5653 2697 5719 Gallicani
2721 5662 2847 5719 Mss,
2871 5651 2954 5719 qui
2980 5663 3071 5702 non
3089 5653 3281 5715 ponunt.

2114 5719 2134 5750 ³
2156 5718 2340 5780 Aliquot
2358 5724 2482 5780 Mss,
2502 5713 2670 5780 quibus
2685 5715 2851 5780 malos.

2115 5782 2133 5812 δ
2161 5786 2206 5829 tn
2230 5774 2587 5840 tiiattuscriptis,
2608 5774 2792 5829 ordine.
