4050 6206
437 348 500 403 ﬂ
1251 338 1520 395 CONTRA
1564 334 1942 393 EPISTULAM
1986 334 2422 403 PAiillENlANl,
2455 335 2513 391 S.
2553 333 2914 395 AUCUSTINI
3625 350 3695 406 εξ

439 476 650 525 nequam
678 468 746 513 est
776 458 961 511 bonum
981 496 993 513 ,
1042 463 1086 507 et
1112 452 1246 521 quod
1273 453 1458 509 bonum
1498 459 1570 505 est
1617 464 1826 520 nequam
1851 466 1869 513 ;
1913 463 2019 517 quo

442 550 645 620 paleam
676 550 937 602 frumenta
966 545 1104 597 inter
1129 556 1186 597 se
1214 557 1320 598 non
1349 540 1573 595 tolerent
1602 539 1667 595 ad
1695 555 1859 610 usque
1889 547 2017 593 tem-

444 656 541 710 pus
570 636 925 693 vcntilationis
954 652 967 686 :
1000 644 1056 689 ut
1098 648 1219 695 cum
1246 632 1403 689 .male
1448 632 1781 703 intelligant,
1813 630 1901 687 Vw
1943 632 2020 685 Itis

443 733 525 801 qui
555 730 725 785 dicunt
749 726 883 797 quod
918 740 1133 796 nequam
1160 734 1230 777 est
1255 724 1439 777 bonum
1459 763 1473 784 ,
1502 733 1548 776 et
1575 722 1711 792 quod
1741 722 1923 776 bonum
1951 731 2021 776 est

443 834 697 893 nequam;
743 818 1072 888 compleatur
1102 817 1153 870 in
1196 815 1310 880 eis,
1348 814 1439 869 Va:
1478 814 1556 869 his
1583 814 1670 884 qui
1696 813 2021 883 perdiderunt

440 914 811 970 sustinentium.
856 910 912 969 Si
950 918 1127 965 autem
1179 906 1475 977 intelligant
1515 906 1575 961 in
1621 921 1715 961 eos
1760 905 1862 961 hoc
1903 920 2023 960 esse

442 1008 640 1061 dictum
661 1046 677 1071 ,
705 1002 798 1075 qui
841 1003 1119 1072 opinantes
1152 998 1297 1070 quod
1326 999 1523 1054 malum
1550 1007 1637 1054 est
1658 997 1854 1052 bonum
1880 1011 2020 1063 esse,

446 1098 584 1152 mala
608 1095 979 1160 committunt,
1031 1092 1111 1147 vel
1157 1091 1208 1145 in
1252 1105 1345 1146 eos
1373 1091 1389 1121 ¹
1422 1089 1511 1159 qui
1534 1089 1734 1147 talibus
1760 1086 2025 1143 laudando

445 1194 605 1257 atque
640 1182 985 1254 approbando
1025 1181 1403 1245 consentiunt;
1450 1194 1568 1251 quae
1604 1178 1712 1237 duo
1745 1192 1938 1251 genera
1974 1178 2023 1233 in

448 1292 554 1332 uno
583 1276 703 1331 loco
732 1274 998 1344 Scriptura
1049 1279 1473 1335 commemorat,
1520 1267 1703 1329 dicens
1738 1267 2027 1336 :Quoniam

448 1366 688 1421 laudatur
717 1372 947 1434 peccator
986 1364 1040 1415 in
1081 1360 1344 1415 desideriis
1372 1360 1556 1419 auium:
1578 1374 1718 1427 sua',
1741 1366 1793 1411 et
1819 1358 1902 1428 qui
1931 1357 2029 1410 ini-

447 1474 549 1527 qua
594 1457 719 1526 gerit
748 1454 1052 1510 benedicitur
1083 1452 1252 1523 (Psal.
1280 1467 1333 1506 ut
1352 1492 1366 1515 ,
1397 1449 1466 1522 5)
1498 1466 1511 1505 :
1540 1457 1686 1507 recte
1714 1448 2026 1519 intelligent,

449 1562 551 1602 nec
594 1544 946 1601 turbabuntur
987 1558 1106 1598 cum
1146 1541 1284 1612 apud
1330 1541 1475 1610 ipsos
1518 1539 1854 1594 inveniuntur
1882 1539 2027 1605 mali,

449 1638 551 1694 nisi
590 1636 730 1707 quod
772 1651 865 1693 eos
896 1651 990 1706 pro
1032 1642 1185 1705 parte
1225 1632 1411 1687 Donati
1458 1631 1717 1693 tolerant,
1764 1643 1897 1699 quos
1930 1642 2032 1698 pro

450 1732 648 1788 Christi
672 1731 873 1787 unitate
903 1730 1133 1785 tolerare
1161 1726 1474 1795 debuerunt,
1502 1734 1556 1780 et
1582 1739 1682 1795 per
1706 1724 1841 1779 hanc
1868 1721 2032 1778 obsti-

450 1826 720 1879 nationem
746 1819 1101 1876 animositatis
1145 1833 1256 1873 sua:
1296 1823 1554 1885 coguntur
1581 1815 1762 1871 miseri
1793 1813 1845 1868 in
1887 1810 2030 1867 schi-

452 1923 624 1969 smate
649 1926 746 1965 suo
778 1910 916 1964 ferre
943 1923 1076 1978 quos
1105 1916 1321 1971 norunt,
1352 1906 1403 1959 in
1424 1906 1559 1961 Orbe
1588 1914 1849 1961 terrarum
1879 1917 2035 1957 accu-

450 2018 571 2058 sare
610 2015 746 2071 quos
773 1998 1083 2054 nesciunt’.
1115 1994 1368 2064 Quisquis
1397 2008 1523 2063 ergo
1550 1993 1633 2045 vel
1664 1992 1805 2061 quod
1837 1997 2029 2059 potest,

449 2091 717 2163 arguendo
758 2087 1010 2158 corrigit,
1066 2085 1149 2141 vel
1200 2083 1340 2154 quod
1384 2083 1650 2150 corrigere
1682 2096 1809 2143 non
1840 2086 2031 2149 potest,

452 2184 600 2238 salvo
629 2181 777 2253 pacis
806 2178 1015 2235 vinculo
1062 2175 1335 2240 excludit,
1382 2174 1466 2230 vel
1508 2171 1648 2243 quod
1696 2166 1845 2226 salvo
1890 2170 2035 2240 pacis

450 2274 663 2330 vinculo
711 2270 997 2328 excludere
1046 2282 1153 2323 non
1196 2274 1403 2337 potest,
1455 2263 1701 2333 :equitate
1748 2260 2031 2329 improbat,

452 2364 702 2421 ﬁrmitate
726 2369 1040 2431 supportat;
1087 2357 1174 2415 hic
1201 2366 1284 2413 est
1313 2353 1582 2424 paciﬁcus,
1611 2359 1665 2407 et
1693 2351 1759 2406 ab
1787 2350 1890 2406 isto
1917 2365 2035 2404 ma-

451 2455 646 2511 ledicto
667 2453 689 2485 ³
715 2450 857 2521 quod
889 2449 1160 2518 Scriptura
1189 2445 1333 2511 dicit,
1377 2442 1461 2498 γω
1485 2442 1564 2496 Itis
1588 2442 1674 2511 qui
1704 2440 1877 2494 dicunt
1901 2438 2036 2511 quod

451 2560 668 2616 nequam
706 2551 777 2596 est
815 2541 1035 2602 bonum,
1067 2546 1112 2593 et
1148 2535 1282 2607 quod
1326 2534 1509 2588 bonum
1550 2541 1621 2586 est
1660 2545 1913 2602 nequam;
1950 2530 2037 2599 qui

452 2642 648 2707 ponunt
676 2633 840 2687 lucem
869 2628 1124 2692 tenebras,
1156 2634 1202 2681 et
1230 2623 1456 2679 tenebras
1482 2622 1645 2677 lucem
1667 2635 1689 2685 ;
1731 2620 1817 2690 qni
1845 2626 2037 2688 ponunt

451 2725 587 2793 quod
626 2737 859 2776 amarum
902 2727 972 2774 est
1002 2717 1167 2784 dulce,
1213 2724 1258 2769 et
1302 2713 1438 2783 quod
1478 2709 1625 2771 dulce
1668 2719 1740 2764 est
1782 2724 2035 2774 ansarum,

455 2815 673 2871 omnino
703 2812 859 2877 liber,
889 2821 1113 2880 prorsus
1140 2819 1380 2869 securus,
1410 2803 1621 2872 penitus
1647 2800 1871 2856 alienus.

524 2903 748 2961 CAPUT
788 2902 854 2957 ll.
888 2929 959 2942 ——
994 2899 1047 2954 4.
1086 2896 1353 2966 Ohjiciunt
1389 2894 1580 2949 iterum
1626 2890 1800 2947 simile
1840 2887 2039 2958 aliquid

454 2995 613 3051 solita
642 2992 900 3048 caecitate.
939 3007 958 3041 ι
994 2988 1067 3043 De
1096 2986 1246 3040 vobis
1268 3026 1282 3049 ,
1326 3001 1345 3033 ι
1376 2982 1652 3052 inquiunt,
1686 2997 1706 3031 ι
1739 2978 1869 3033 dicit
1894 2976 2040 3032 Scri-

457 3095 645 3155 ptura,
692 3081 793 3146 Qui
829 3079 1032 3146 iudicat
1070 3077 1266 3145 justum
1310 3073 1595 3142 injustam,
1640 3071 1885 3136 injustum
1927 3084 2041 3123 vero

449 3178 667 3248 justum,
693 3167 1010 3226 exsecrabilis
1038 3174 1109 3218 est
1136 3162 1273 3234 apud
1300 3161 1462 3219 Deum
1505 3179 1524 3213 ι
1558 3157 1740 3230 (Prov.
1767 3173 1899 3225 xvn,
1926 3156 2037 3227 15).

458 3246 567 3322 Cur
593 3279 698 3319 non
726 3262 826 3316 ista
853 3255 1150 3314 exsecratio
1179 3253 1353 3323 potius
1380 3252 1431 3306 in
1462 3251 1582 3306 illos
1610 3249 1771 3315 cadit,
1802 3248 1892 3318 qui
1922 3246 2042 3302 uni-

458 3369 673 3425 versum
720 3350 905 3406 urbem
952 3356 1211 3402 terrarum
1252 3341 1598 3397 christianum
1643 3338 1898 3393 damnare
1926 3335 2043 3391 ausi

462 3427 588 3505 sunt
614 3444 931 3507 inauditum,
956 3441 1009 3495 in
1034 3453 1138 3509 quo
1161 3446 1266 3493 tam
1295 3434 1495 3506 ingenti
1523 3432 1795 3486 hominum
1824 3443 2044 3483 numero

462 3540 579 3594 sine
608 3536 713 3591 ulla
742 3530 1073 3589 dubitatione
1114 3526 1411 3581 fueruntet
1439 3528 1565 3577 sunt
1598 3520 1667 3575 ab
1710 3533 1894 3573 eorum
1935 3517 2041 3571 cri-

463 3628 699 3685 minibus
727 3619 1074 3680 innocentes?
1100 3618 1212 3673 [loc
1236 3630 1363 3686 ergo
1387 3613 1547 3670 modo
1574 3610 1715 3683 quod
1738 3610 1937 3680 justum
1965 3616 2047 3662 est

464 3720 722 3790 iniustum
759 3713 1100 3787 iudicarunt,
1128 3724 1248 3764 cum
1268 3706 1517 3778 Optatum
1546 3703 1917 3761 Cildonianum
1946 3700 2045 3772 (a),

466 3809 811 3867 decennalem
843 3804 1004 3861 totius
1036 3802 1230 3857 Africa:
1264 3798 1553 3870 gemitum,
1588 3804 1836 3865 tanquam
1866 3807 2045 3848 sacer-

466 3901 646 3958 dotem
695 3906 853 3968 atque
898 3893 1155 3964 collegam
1202 3890 1525 3947 honorantes
1574 3887 1627 3941 in
1676 3884 2051 3940 communione

470 4000 774 4051 tenuerunt.
813 3989 919 4045 Aut
956 3986 1001 4042 si
1041 3999 1162 4040 cum
1191 3980 1353 4038 corde
1384 3977 1786 4051 improbabant,
1818 3973 1910 4031 sed
1953 3989 2051 4043 pro

470 4100 601 4159 paco
630 4080 965 4143 tolerabant;
1019 4074 1227 4131 discant
1271 4069 1464 4125 nullius
1509 4066 1714 4138 paciﬁci
1746 4064 2049 4135 patientiam

470 4155 610 4233 inalo
636 4189 741 4230 non
767 4167 1188 4226 consentientem
1212 4201 1228 4227 ,
1256 4161 1324 4217 ab
1353 4159 1471 4219 ullis
1500 4155 1654 4213 malis
1678 4170 1841 4224 posse
1867 4169 2050 4209 macu-

469 4267 608 4331 lari;
650 4272 808 4333 atque
855 4261 925 4313 ita
972 4254 1202 4310 sentiant
1254 4251 1308 4313 in
1353 4263 1457 4321 qua
1496 4245 1795 4318 perditione
1817 4246 2050 4315 iaceant,

470 4358 561 4428 qui
602 4361 820 4427 propter
862 4348 991 4404 falsa
1022 4345 1135 4404 sive
1163 4356 1289 4398 vera
1319 4340 1459 4413 (non
1501 4337 1641 4393 enim
1674 4336 1773 4393 hoc
1801 4335 2055 4407 quaeritur

475 4447 639 4517 nunc)
666 4443 891 4500 crimina
922 4438 1168 4495 Afrorum
1188 4476 1204 4501 ,
1235 4433 1489 4491 unitatem
1516 4430 1731 4501 spiritus
1759 4429 1811 4483 in
1844 4428 2056 4483 vinculo

475 4542 618 4614 pacis
663 4553 767 4593 non
812 4540 1031 4591 servant
1073 4545 1194 4591 cum
1225 4526 1354 4581 orbe
1384 4534 1665 4582 terrarum.
1697 4520 1795 4588 Qui
1826 4519 1871 4574 si
1911 4519 2056 4574 dice-

476 4629 670 4698 rent“,
716 4625 994 4683 Nescimus
1033 4637 1102 4677 an
1150 4619 1257 4675 sint
1304 4631 1400 4687 per
1443 4623 1522 4669 tot
1561 4622 1749 4683 gentes
1797 4620 2055 4665 terrarum

479 4723 951 4781 transmarinarum
1019 4712 1145 4772 liOni
1210 4708 1530 4773 christiani;
1597 4702 2057 4776 impudentissime

543 4907 556 4936 ι
585 4901 722 4959 Fditt,
748 4897 928 4949 uictum
944 4891 1236 4946 committunt
1258 4887 1311 4941 in
1329 4899 1439 4949 eos;
1476 4885 1651 4936 omissa
1681 4876 1930 4946 particula,
1967 4876 2059 4937 vel,

474 4979 586 5030 qua:
604 4965 696 5012 huc
716 4966 970 5011 revocatur
988 4969 1050 5006 ex
1077 4963 1179 5002 Mss.

544 5030 563 5059 ³
582 5029 654 5075 ste
675 5032 781 5073 uss.
807 5028 863 5071 st
900 5019 1035 5071 editi.
1060 5028 1173 5085 quos
1193 5017 1366 5083 norunt
1388 5008 1450 5085 ab
1471 5006 1583 5085 orbe
1603 5012 1845 5057 terrarum
1865 5012 2062 5051 accusa-

475 5097 547 5140 tos
573 5094 617 5138 et
641 5086 890 5136 Δωηηαιοδ
912 5092 1031 5130 εδδε·
1052 5080 1292 5147 ,οῖίξδίΐνίῆ
1315 5084 1447 5147 εἴΗίῖε
1472 5080 1666 5147 959:..-“
1699 5120 1897 5147 .o_._.....-

543 5120 1469 5207 3iii'éﬁi'fté"ﬁ§§t§27bb‘iiibmteutéié,
1481 5129 1683 5185 additur,
1698 5120 1921 5176 inmunis
1937 5135 1953 5182 ,-
1975 5120 2062 5171 sed

478 5211 840 5328 “regiis-non
862 5263 987 5328 enim
1019 5264 1447 5328 quwrumttr_nunc
1470 5245 1914 5328 ςνξῴηςηρξιζῃιιι
1934 5254 2063 5328 311;,

480 5348 568 5386 nec
589 5307 1903 5392 ἴὲιὶὶέιὶὶῆᾜῦἷυῶἷὶιζ“αάιίιηιεηι.ξιὲίῖ·ξξξξξμί²3ἲίέ¹ξὲ.⁸έίέ

491 5367 584 5446 iiii}:
827 5367 1369 5451 siligine};er
1386 5367 1917 5451 inauditumdmmtam.
1934 5367 2064 5427 Quod

486 5443 901 5511 si'iii'cérmJew.
931 5447 1230 5511 castigantur
1255 5455 1317 5511 .9!
1338 5443 1785 5511 W3'{“59F‘Pll§°_____

550 5498 1300 5582 ῑᾶῖόιλῖέιιῖέτιιειηιιῖεεάεοξίε
1342 5503 1398 5582 in.
1429 5498 2069 5582 Εέξξ¹¹³ἱν⁷¹ἷὲῗὶ¹⁵¹ρξ’ἱίὲῗξξῖἶξίἒί

480 5551 1305 5636 Βυᾩιίὲέιῗιῖθῇἱῖᾦῆιῖᾖῖἆιιὲ
1327 5570 1408 5636 est
1426 5551 1767 5636 lpildoniantis,
1783 5551 2072 5636 et:

486 5620 1061 5702 ἵᾶιὶῑῐξζςῖἱιῖιῦὶιῖόῑιάῥιίί
1091 5620 1366 5702 aditet-eget
1381 5620 2073 5702 Africaemcomi‘thhqgim'ﬁgﬂio

490 5678 979 5751 iiiEoiitiéiB‘Eéiiiai’é
988 5678 1246 5754 imperium
1268 5686 1364 5736 illic
1381 5696 1468 5748 per
1493 5678 1793 5744 tyrannidem
1816 5684 2069 5736 occupans,

496 5762 655 5812 multis
678 5761 815 5811 annis
830 5758 1026 5808 Africam
1052 5752 1259 5804 vexavit.

2127 447 2364 503 dicerent
2392 465 2405 502 :
2435 448 2574 504 Deus
2597 450 2737 505 enim
2765 452 3002 521 perhibet
3035 451 3393 507 testimonium
3423 454 3701 515 frumentis

2124 541 2254 597 Suis.
2280 554 2397 608 quae
2428 555 2522 608 per
2550 549 2716 594 totum
2743 556 2924 610 agrum
2956 543 3209 596 seminata
3234 545 3277 607 ‘,
3306 546 3553 615 quamvis
3578 562 3699 602 cum

2126 632 2341 684 zizaniis
2376 646 2411 684 a
2441 630 2657 685 diabolo
2700 634 3170 702 superseminatis;
3214 644 3390 691 tamen
3430 651 3595 707 usque
3635 638 3700 691 ad

2128 736 2354 776 messem
2403 737 2645 779 crescvre
2692 725 3078 792 pramuntiavit.
3113 724 3263 780 Unde
3292 735 3342 780 et
3385 729 3427 780 si
3461 730 3703 782 homines

2128 812 2270 883 ipsos
2297 812 2471 866 minus
2498 814 2760 879 novimus,
2785 829 2904 869 esse
2932 823 3104 869 tamen
3132 831 3223 870 eos
3244 818 3263 848 ²
3291 817 3406 871 ideo
3431 820 3695 885 novimus,

2126 906 2248 974 quia
2274 906 2487 961 mentiri
2530 907 2691 961 Deum
2723 923 2828 962 non
2860 908 3092 976 potuisse
3113 950 3127 972 ,
3162 908 3263 961 lide
3298 909 3589 962 certissina
3620 927 3707 964 re-

2129 996 2376 1051 tinemus.
2423 994 2556 1050 Cum
2586 1011 2713 1067 ergo
2741 997 2995 1068 sacrilega
3040 998 3362 1068 impudentia
3394 998 3631 1053 dicerent
3659 998 3704 1065 ’,

2128 1086 2404 1142 Nescimus
2430 1097 2607 1144 utrum
2653 1088 2760 1143 sint
2800 1089 2851 1142 in
2895 1098 3090 1143 czetero
3118 1090 3247 1143 orbe
3292 1099 3549 1144 terrarum
3582 1090 3704 1144 boni

2130 1178 2401 1233 christiani
2428 1195 2441 1243 ;
2473 1179 2685 1235 videant
2714 1195 2812 1251 qua
2847 1180 3047 1234 insania
3086 1180 3264 1234 dicere
3289 1179 3517 1234 audeant
3549 1161 3701 1251 (quo-

2132 1269 2259 1329 tidie
2287 1271 2426 1324 enim
2454 1286 2559 1325 non
2590 1270 2834 1326 dubitant
2865 1272 3090 1342 dicere),
3120 1272 3329 1327 Scimus
3360 1288 3465 1328 non
3496 1273 3564 1327 ibi
3590 1290 3713 1330 esse

2132 1360 2468 1416 christianos.
2515 1363 2669 1418 Aliud
2718 1375 2799 1419 est
2851 1365 3069 1434 utique,
3119 1365 3395 1420 Nescimus
3444 1383 3511 1421 an
3559 1368 3708 1433 sint;

2133 1452 2273 1506 aliud
2297 1495 2311 1517 ,
2340 1453 2547 1508 Scimus
2591 1454 2729 1523 quod
2776 1471 2880 1508 non
2920 1454 3028 1509 sint
3060 1474 3075 1511 :
3107 1466 3387 1526 utrumque
3417 1466 3471 1512 et
3501 1457 3714 1513 inlidele

2134 1552 2185 1596 et
2214 1542 2430 1610 impium
2460 1551 2559 1597 est.
2590 1542 2697 1599 Sed
2723 1545 2767 1598 si
2797 1544 3143 1603 detestandae
3167 1556 3253 1604 est
3288 1549 3376 1616 qui
3402 1547 3562 1612 dicit,
3604 1547 3711 1601 Ne-

2136 1631 2246 1684 scio
2285 1645 2351 1686 an
2389 1647 2510 1686 vera
2556 1632 2744 1687 dixerit
2779 1634 2957 1699 Deus;
3006 1635 3126 1703 quis
3170 1646 3252 1689 est
3295 1636 3383 1691 ille
3427 1640 3515 1707 qui
3562 1636 3711 1704 dicit,

2135 1720 2258 1775 Scio
2282 1721 2423 1790 quod
2453 1736 2556 1775 non
2589 1737 2712 1777 vera
2749 1722 2940 1777 dixerit
2967 1723 3153 1779 Deus?

2207 1813 2260 1866 5.
2287 1810 2446 1867 Certe
2472 1812 2701 1867 arbitror
2725 1813 2866 1882 quod
2898 1815 3164 1869 neminem
3196 1815 3418 1870 istorum
3446 1814 3716 1871 offendere

2135 1901 2341 1967 debeo,
2382 1901 2426 1955 si
2462 1902 2665 1957 Donato
2702 1903 2866 1957 Deum
2913 1918 3273 1972 prmposuero.
3321 1906 3714 1973 Quantumlibet

2135 1994 2277 2050 enim
2306 2001 2489 2047 ament
2516 1993 2798 2057 Donatum,
2831 1994 2949 2063 plus
2980 1994 3167 2069 timent
3196 1995 3383 2049 Deum.
3414 1995 3713 2060 Postremo,

2136 2083 2524 2153 quantumlibet
2552 2084 2650 2154 ipsi
2680 2092 2860 2138 ament
2889 2085 3170 2150 Donatum,
3200 2099 3299 2141 nos
3325 2086 3566 2140 novimus
3594 2088 3716 2155 quia

2137 2172 2284 2226 solus
2311 2172 2451 2229 Deus
2478 2188 2640 2228 verax
2685 2184 2767 2228 est
2793 2215 2807 2238 ,
2854 2174 3027 2229 omnis
3069 2185 3245 2229 autem
3290 2174 3449 2231 homo
3490 2176 3717 2231 mendax

2139 2261 2329 2332 (Rom.
2362 2278 2449 2331 ut,
2478 2262 2570 2335 4).
2622 2263 2865 2320 Christus
2906 2281 3034 2335 ergo
3064 2266 3150 2334 qui
3183 2281 3342 2336 super
3370 2267 3544 2321 omnia
3579 2267 3719 2320 Deus

2139 2361 2221 2407 est
2245 2352 2556 2409 benedictus
2582 2352 2634 2407 in
2662 2354 2853 2411 saecula
2882 2353 2993 2423 (Id.
3021 2370 3094 2420 ιι,
3125 2355 3215 2425 5),
3244 2364 3298 2410 et
3325 2356 3412 2426 qui
3445 2357 3721 2414 verissime

2138 2443 2207 2498 de
2234 2459 2293 2499 se
2317 2443 2434 2501 inso
2461 2443 2593 2499 dixit
2616 2487 2632 2510 ,
2663 2444 2773 2515 Ego
2798 2462 2908 2501 sum
2934 2447 3016 2501 via
3037 2487 3053 2513 ,
3093 2448 3273 2501 veritas
3313 2458 3358 2501 et
3396 2448 3495 2500 vita
3539 2446 3717 2517 (Jama.

2139 2549 2249 2599 xw,
2280 2533 2376 2605 6);
2421 2548 2541 2592 cum
2587 2535 2724 2589 servi
2770 2536 2886 2605 ejus
2930 2536 2997 2590 ab
3042 2552 3109 2591 eo
3148 2547 3489 2607 quaererent,
3540 2548 3717 2592 utrum

2140 2623 2301 2679 vellet
2325 2638 2419 2679 eos
2444 2624 2524 2679 ire
2547 2633 2603 2680 et
2630 2625 2879 2694 colligere
2907 2627 3128 2695 zizania,
3153 2628 3337 2697 Sinite,
3366 2628 3551 2698 inquit,
3580 2636 3717 2680 utra-

2139 2729 2238 2783 que
2278 2729 2500 2768 crescere
2527 2730 2690 2785 usque
2714 2716 2784 2769 ad
2812 2733 3020 2772 messem
3050 2733 3069 2770 :
3099 2718 3334 2771 Donatus
3373 2726 3549 2771 autem
3592 2717 3723 2771 dicit

2142 2802 2339 2857 sizania
2380 2804 2595 2873 quidem
2635 2820 2903 2868 crevisse,
2947 2804 3207 2859 frumenta
3234 2821 3361 2859 vero
3390 2821 3509 2860 esse
3547 2805 3710 2859 dimi-

2141 2901 2268 2948 nuta
2296 2908 2310 2947 :
2337 2894 2531 2962 eligant
2557 2894 2639 2947 isti
2670 2893 2753 2947 cui
2782 2893 3018 2949 credant.
3047 2894 3304 2959 Christus,
3357 2892 3405 2951 id
3432 2907 3514 2951 est
3568 2896 3721 2951 Veri-

2145 2992 2247 3046 tas,
2274 2981 2425 3046 dicit,
2454 2983 2585 3053 Ager
2612 2994 2683 3041 est
2710 2985 2790 3037 hic
2815 2985 3034 3039 mundus
3058 3004 3075 3039 :
3103 2986 3339 3042 Donatus
3364 2998 3543 3043 autem
3568 2989 3718 3052 dicit,

2142 3088 2327 3143 agrum
2373 3073 2466 3127 Dei
2516 3073 2567 3127 in
2612 3075 2722 3129 sola
2770 3074 2946 3129 Africa
2988 3077 3354 3133 remansisse:
3398 3079 3595 3148 eligant
3636 3080 3722 3134 cui

2143 3162 2379 3219 credant.
2406 3163 2650 3218 Christus
2672 3205 2687 3229 ,
2716 3164 2765 3218 id
2808 3173 2891 3219 est
2947 3165 3154 3220 Veritas
3177 3208 3192 3234 ,
3224 3166 3382 3234 dicit,
3408 3166 3474 3222 In
3504 3178 3726 3237 tempore

2145 3253 2320 3308 messis
2359 3254 2525 3307 dicant
2569 3255 2907 3321 messoribus,
2952 3255 3181 3328 Colligite
3224 3258 3442 3325 primum
3485 3259 3724 3323 zizania;

2146 3352 2200 3397 et
2244 3344 2463 3412 exponit
2504 3342 2721 3410 dicens,
2748 3341 2931 3398 Messis
2973 3356 3045 3399 est
3085 3346 3202 3414 ﬁnis
3239 3347 3412 3401 δαίσειιὶ
3444 3363 3462 3400 :
3489 3347 3723 3403 Donatus

2147 3442 2325 3489 autem
2356 3435 2515 3500 dicit,
2546 3450 2640 3503 per
2670 3435 3032 3505 prmcisionetn
3080 3438 3242 3506 partis
3282 3453 3391 3492 sua:
3431 3446 3553 3493 ante
3580 3455 3723 3493 mes-

2148 3540 2261 3579 sem
2305 3539 2335 3578 a
2382 3524 2660 3578 frumentis
2691 3523 2888 3577 zizania
2919 3525 3150 3593 separari
3183 3542 3196 3578 :
3228 3526 3424 3596 eligant
3470 3530 3554 3583 cui
3601 3543 3723 3582 creo

2150 3614 2298 3669 dant.
2343 3613 2588 3668 Christus
2610 3654 2626 3678 ,
2660 3612 2711 3667 id
2739 3623 2820 3667 est
2847 3611 3055 3666 Veritas
3078 3653 3093 3680 ,
3125 3614 3286 3680 dicit,
3315 3613 3564 3670 Messores
3609 3624 3729 3670 sunt

2152 3703 2329 3771 Λιταριὶ
2358 3701 2585 3775 (Matth.
2614 3717 2708 3756 χιιι
2727 3742 2741 3766 ,
2778 3700 2974 3766 24-50,
3004 3703 3202 3773 36—45)
3228 3720 3241 3756 :
3275 3703 3507 3759 Donatus
3547 3714 3726 3763 autem

2152 3795 2298 3859 dicit,
2322 3808 2381 3848 se
2404 3803 2562 3863 atque
2587 3793 2815 3863 collegas
2836 3808 2962 3848 suos
2986 3792 3087 3848 hoc
3113 3793 3299 3848 iecisse
3325 3802 3446 3849 ante
3474 3810 3727 3863 messem,

2152 3886 2293 3958 quod
2338 3886 2430 3941 ille
2473 3884 2610 3940 dixit
2638 3884 2868 3955 Angelos
2914 3883 2966 3937 in
3010 3900 3183 3940 messe
3225 3882 3501 3939 facturos:
3532 3885 3734 3954 eligant

2152 3979 2237 4036 cui
2282 3976 2522 4033 credant.
2565 3976 2719 4031 Certe
2765 3975 3083 4030 christianos
3113 3990 3171 4031 se
3214 3976 3413 4040 dicunt,
3459 3976 3729 4033 Christum

2152 4071 2232 4129 eis
2259 4069 2632 4137 Donatumque
2658 4066 3006 4137 prOpouimus
3037 4086 3050 4122 :
3083 4066 3128 4121 si
3156 4066 3313 4122 verba
3342 4067 3471 4121 dant
3499 4067 3730 4136 Chi-isto,

2154 4175 2248 4215 cor
2275 4168 2452 4213 autem
2484 4158 2706 4224 Donato,
2735 4157 2822 4228 qui
2851 4157 2960 4212 sint
2983 4157 3322 4211 considerent
3342 4154 3382 4208 ⁸.
3414 4157 3524 4226 Ego
3554 4173 3732 4227 parco,

2158 4267 2263 4306 non
2294 4250 2549 4314 invehor,
2581 4264 2686 4303 non
2710 4262 2970 4317 exaggero
2996 4263 3009 4297 :
3042 4245 3281 4299 dolorem
3328 4261 3500 4299 meum
3545 4248 3736 4302 melius

2157 4359 2363 4415 premo,
2412 4356 2569 4412 quam
2616 4352 2822 4407 promo.
2871 4336 2928 4391 Si
2972 4346 3149 4391 autem
3200 4336 3382 4390 dicunt
3425 4351 3483 4391 se
3524 4337 3738 4392 Christo

2158 4437 2285 4490 dare
2308 4450 2401 4490 cor
2440 4446 2593 4485 suum
2620 4469 2635 4493 ,
2665 4427 2879 4483 Christo
2920 4442 3049 4498 ergo
3090 4427 3312 4482 credant
3354 4428 3547 4483 dicenti
3593 4429 3734 4499 quod

2161 4542 2257 4596 per
2287 4532 2451 4579 totum
2484 4521 2504 4551 ⁸
2533 4517 2790 4574 mundum
2814 4526 2868 4572 et
2911 4517 3001 4571 lilii
3046 4518 3193 4587 regni
3238 4527 3520 4584 crescant,
3551 4528 3605 4573 et
3646 4518 3739 4571 lilii

2161 4614 2376 4683 maligni
2409 4630 2424 4666 :
2456 4625 2562 4666 non
2596 4610 2799 4664 Donato
2840 4607 3034 4665 dicenti
3080 4607 3219 4677 quod
3260 4623 3357 4677 per
3387 4618 3552 4661 totum
3585 4624 3740 4662 mun-

2160 4706 2286 4760 dnm
2319 4702 2409 4757 lilii
2452 4699 2664 4769 maligni
2697 4697 3063 4753 tantummodo
3086 4707 3402 4763 creverunt,
3436 4698 3524 4751 lilii
3564 4706 3742 4752 autem

2163 4794 2285 4850 boni
2314 4809 2481 4863 usque
2523 4790 2589 4845 ad
2633 4789 2799 4845 solam
2831 4788 3066 4844 Africam
3113 4788 3358 4843 diminuti
3403 4796 3545 4842 sunt.
3590 4788 3741 4854 Quod

2164 4887 2206 4942 si
2236 4884 2448 4940 Christo
2490 4881 2735 4947 credunt,
2781 4894 2886 4935 non
2926 4878 3035 4949 jam
3074 4877 3299 4933 dicimus
3343 4893 3463 4932 cum
3493 4879 3741 4933 Ecclesiis

2165 4976 2309 5032 orbis
2336 4984 2596 5030 terrarum
2618 5013 2634 5042 ,
2662 4969 2759 5027 sed
2798 4984 2921 5025 cum
2962 4971 3079 5039 ipso
3103 4968 3392 5039 Evangelia
3422 4984 3606 5039 pacem
3648 4969 3743 5023 ha-

2231 5178 2246 5238 ?
2270 5180 2343 5223 Sic
2362 5178 2467 5222 Mss.
2492 5177 2549 5238 at
2570 5167 2706 5238 editi,
2728 5164 2962 5219 sentinant
2984 5176 3002 5215 :
3025 5177 3082 5216 ac
3102 5163 3224 5215 infra
3246 5164 3369 5224 loco,
3393 5163 3753 5230 praenuntiavit;

2168 5236 2366 5292 habent,
2390 5231 2650 5292 "malum.

2233 5299 2255 5329 ³
2276 5287 2408 5353 mhi,
2445 5290 2780 5343 manuum
2803 5287 2962 5353 borios,
2996 5294 3157 5353 tatnen
3196 5295 3413 5353 cauete.
3452 5288 3756 5353 Castigantur

2171 5366 2351 5409 nuttata
2374 5348 2543 5405 vocum
2568 5352 2975 5414 interpunctione,
3002 5357 3053 5401 et
3073 5349 3257 5407 deleto,
3295 5348 3455 5409 bonos,
3492 5348 3620 5411 quod
3658 5361 3757 5398 non

2174 5428 2251 5469 est
2272 5414 2696 5481 inrmanuticriplis-
2768 5474 2779 5481 _
2866 5480 2899 5481 η
3031 5470 3061 5481 ..

2237 5481 2258 5513 ³
2283 5480 2417 5535 Editi,
2452 5471 2631 5535 dicunt.
2672 5474 2991 5535 Yet-iustus...
3009 5471 3241 5535 dicerent.

2236 5541 2257 5572 ⁸
2280 5532 2417 5597 aditi,
2433 5537 2557 5602 quid
2574 5534 2669 5585 sint
2696 5534 3012 5586 considerem.
3038 5539 3090 5601 Et
3117 5532 3257 5602 paulo
3281 5539 3406 5602 post.
3432 5532 3645 5602 dolorem
3672 5541 3758 5602 [ια

2176 5610 2328 5656 strum
2349 5593 2518 5650 melius
2541 5608 2721 5661 premo.
2762 5604 2817 5645 At
2839 5604 2964 5655 Mss,
2995 5593 3078 5657 qui
3095 5593 3189 5644 sint
3207 5593 3521 5645 considerent.
3544 5601 3590 5643 Et
3616 5593 3759 5653 intra,

2178 5663 2388 5715 dolorem
2403 5657 2563 5709 meum
2579 5657 2750 5707 melius
2768 5668 2948 5719 premo.

2243 5728 2263 5757 ⁸
2289 5733 2381 5774 Hoc
2407 5721 2505 5772 luo;
2525 5721 2680 5779 abest,
2719 5724 2881 5771 totum.
2903 5730 2930 5767 a
2954 5723 3058 5766 uss.
