4050 6206
464 356 533 411 εδ
924 316 933 359 γ’
1279 353 1547 411 CONTRA
1592 353 1970 410 EPISTULA)!
2013 352 2443 422 PARMEMANI,
2486 356 2542 412 S.
2583 357 2940 414 AUGUSTIXI
3639 365 3704 426 56

463 458 769 541 sanguinem
798 467 986 539 lundit,
1013 464 1102 539 qui
1133 481 1348 523 carnem
1372 468 1650 523 mortalem
1678 468 1762 523 vel
1792 467 2033 521 vulnerat

464 560 545 615 vel
585 561 910 617 vulneratam
944 558 1189 629 perimit;
1222 558 1312 614 ille
1350 568 1530 613 autem
1578 572 1681 613 non
1726 557 1900 612 fundit
1940 556 2031 627 qui

466 651 708 706 seductas
748 648 951 704 animas
974 649 1250 719 sacrilegio
1287 648 1589 704 schismatis
1615 648 1840 713 occidit;
1867 660 2031 718 quare

462 745 514 797 in
542 742 906 798 schismatieos
932 754 1059 797 suos
1086 740 1496 795 Maximianistas
1525 754 1621 809 per
1646 739 1886 795 eamdem
1918 738 2030 809 ple-

461 832 825 888 nariiconeilii
865 831 945 887 sui
991 831 1307 886 sententiam
1346 830 1471 885 talia
1498 830 1778 896 dixerunt,
1828 826 2029 883 Veloces

461 922 611 990 pedes
650 937 821 975 eorum
846 922 914 974 ad
952 919 1309 986 mandandum
1348 920 1639 990 sanguinem
1662 934 1683 974 :
1708 933 1831 973 cum
1859 918 1927 973 ab
1950 920 2031 974 eis

457 1021 664 1068 constet
716 1010 1060 1082 corporaliter
1110 1011 1377 1066 neminem
1429 1010 1661 1065 occisum
1687 1049 1702 1074 ,
1759 1009 2027 1065 neminem

459 1100 787 1155 vulneratum
812 1116 828 1163 ;
856 1100 948 1155 sed
976 1101 1190 1169 insuper
1207 1114 1299 1154 eos
1316 1099 1384 1155 ab
1404 1098 1517 1154 istis
1532 1099 1696 1153 multa
1724 1112 2024 1167 perpessos,

458 1206 579 1246 enm
603 1190 672 1245 de
713 1189 939 1245 basilicis
982 1204 1078 1260 per
1104 1189 1409 1259 judiciarias
1450 1196 1742 1259 potestates
1781 1188 2027 1243 exclude-

458 1290 674 1347 rentur,
707 1281 878 1351 qualia
903 1290 1026 1335 ante
1064 1280 1450 1350 scparationom
1478 1279 1981 1334 Maximianistarum
2007 1319 2023 1344 ,

455 1388 577 1428 cum
606 1374 657 1427 in
689 1386 850 1427 unum
878 1374 895 1405 ι
927 1370 1125 1442 pariter
1153 1380 1350 1436 essent,
1380 1370 1548 1425 multa
1574 1369 1812 1424 fecerunt
1832 1368 1912 1423 eis
1937 1369 2027 1438 qui

457 1466 634 1536 priora
661 1479 724 1518 ex
754 1472 900 1532 parte
931 1463 1116 1517 Donati
1136 1462 1421 1517 schismata
1447 1459 1724 1517 fecerant?
1747 1459 1843 1514 Cui
1884 1459 2026 1515 enim

460 1567 685 1622 unquam
707 1552 1044 1607 sehismstieo
1066 1566 1165 1606 suo
1187 1560 1554 1621 pepercerunt,
1576 1551 1664 1620 qui
1692 1550 1789 1604 sibi
1814 1550 1881 1603 ab
1901 1549 2028 1603 orbe

458 1655 717 1699 terrarum
741 1685 755 1709 ,
788 1643 940 1713 cujus
980 1643 1077 1713 ipsi
1120 1642 1441 1697 schismatici
1482 1651 1637 1707 sunt,
1669 1642 1827 1696 nimis
1855 1642 2027 1709 impu-

457 1735 647 1791 denter
690 1737 829 1804 parei
873 1733 1077 1801 volunt,
1108 1748 1227 1787 cum
1279 1748 1310 1787 a
1351 1732 1462 1788 sola
1512 1733 1625 1803 ipsa
1664 1746 1786 1785 vera
1829 1731 2029 1784 unitate

454 1826 747 1893 justissime
774 1824 1057 1879 schismata
1087 1823 1368 1893 puniantur
1387 1863 1402 1887 ,
1434 1823 1478 1877 si
1506 1838 1570 1879 eo
1596 1822 1757 1878 modo
1799 1822 1898 1876 ista
1929 1835 2027 1890 pu-

460 1913 649 1968 nienda
684 1913 844 1966 sunt?

528 2003 751 2061 CAPUT
789 2002 877 2057 IV.
897 2032 969 2045 —-
993 2003 1046 2057 8.
1087 2001 1153 2056 Et
1176 2000 1303 2056 illud
1332 1998 1473 2069 quod
1498 1998 1752 2069 scriptum
1782 2008 1861 2054 est
1882 2040 1897 2064 ,
1930 1997 2029 2054 Se-

388 2096 393 2099 ⁸
456 2097 679 2151 cumtum
730 2096 1004 2168 principem
1040 2094 1247 2165 populi,
1279 2094 1353 2149 sic
1395 2102 1442 2147 et
1487 2092 1702 2146 ministri
1743 2092 1935 2161 ipsius;
1983 2100 2030 2145 et

457 2190 621 2260 qualis
641 2198 802 2243 rector
819 2200 891 2242 est
914 2188 1146 2251 civitatis,
1168 2186 1293 2240 tales
1310 2184 1643 2238 inhabitantes
1660 2182 1843 2254 (Eccli.
1866 2198 1925 2247 ι,
1944 2183 2028 2252 2);

460 2280 504 2333 si
536 2279 889 2349 intelligerent
914 2293 1020 2348 quo
1049 2278 1316 2347 pertinet,
1349 2289 1451 2331 nec
1476 2274 1629 2329 nobis
1652 2274 1943 2343 objicerent
1972 2276 1991 2305 ¹
2009 2312 2027 2339 ,

461 2386 562 2424 nec
589 2371 684 2439 ipsi
714 2385 847 2424 vana
872 2369 1121 2440 iactantia
1150 2367 1505 2438 superbirent.
1532 2365 1639 2420 Nos
1676 2365 1816 2420 enim
1845 2373 1900 2418 ut
1929 2363 2027 2418 ho-

459 2459 660 2513 minum
686 2473 833 2528 spem
854 2500 869 2521 κ
895 2473 1013 2528 quae
1046 2458 1101 2512 in
1125 2456 1240 2512 solo
1266 2456 1375 2513 Deo
1415 2464 1525 2511 tuta
1552 2464 1800 2524 recteque
1841 2467 2027 2508 secura

457 2559 563 2617 est,
595 2565 699 2604 non
722 2550 777 2604 in
803 2548 1105 2604 hominibus
1132 2544 1472 2611 cellocemus,
1500 2544 1748 2614 quoniam
1775 2543 2028 2611 scriptum

458 2640 818 2707 meminimus,
844 2638 1143 2693 Maledictus
1160 2638 1247 2709 qui
1274 2652 1413 2705 spem
1432 2650 1575 2689 suam
1598 2635 1735 2705 ponit
1753 2635 1805 2687 in
1831 2634 2031 2687 homine

460 2728 671 2797 (λεγειν.
703 2744 810 2783 xvn
827 2770 841 2793 ,
864 2728 956 2796 5);
986 2741 1089 2781 non
1113 2725 1452 2795 intelligimus
1475 2723 1575 2777 hoc
1597 2723 1713 2777 loco
1737 2722 2027 2791 principem

460 2819 637 2887 populi
658 2826 711 2872 et
736 2827 994 2872 rectorem
1016 2815 1242 2871 civitatis
1261 2814 1565 2883 episcopum
1590 2810 1894 2881 significari.
1912 2809 2028 2864 Non

458 2910 576 2964 ideo
602 2908 724 2979 quia
755 2922 858 2961 non
884 2906 1147 2976 possimus
1176 2902 1587 2959 innumerabiles
1614 2909 1825 2956 sanctos
1856 2900 1907 2953 in
1934 2914 2027 2953 ca-

457 3000 649 3055 tholica
678 2999 781 3052 fide
813 2997 1091 3067 episcopos
1118 2994 1311 3049 intueri
1336 3010 1351 3048 :
1380 2992 1477 3047 sed
1502 3006 1570 3046 ne
1593 2990 1901 3059 cujusquam
1924 3030 1938 3052 ,
1972 2998 2025 3043 ut

454 3092 586 3158 dixi,
612 3105 736 3160 spes
754 3088 983 3143 hominis
1011 3086 1301 3141 collocetur
1326 3084 1377 3138 in
1411 3082 1643 3145 homine,
1670 3088 1724 3135 et
1748 3081 1792 3134 si
1821 3079 1955 3133 forte
1980 3080 2027 3133 ei

457 3180 728 3249 contingat
766 3178 823 3234 in
878 3192 942 3232 ea
988 3175 1165 3230 vivere
1205 3172 1551 3231 eivitateubi
1592 3185 1698 3225 non
1745 3170 1814 3224 sit
1862 3170 2030 3225 bonus

454 3274 770 3342 episcopus,
812 3267 1098 3324 arbitretur
1125 3265 1338 3335 impune
1379 3278 1439 3319 se
1475 3263 1671 3317 malum
1703 3261 1812 3317 ﬁeri
1834 3301 1850 3326 ,
1879 3277 2032 3314 usur-

456 3376 589 3429 pans
614 3359 678 3414 ad
704 3358 1065 3413 defensionem
1090 3369 1240 3410 suam
1281 3362 1388 3408 tam
1419 3366 1664 3423 perverse
1702 3351 1855 3405 istam
1882 3348 2029 3404 Scri-

456 3460 663 3521 pturam
685 3450 727 3514 ³,
750 3464 908 3520 quam
930 3460 1175 3519 perverse
1193 3445 1261 3500 ab
1286 3444 1399 3500 istis
1420 3442 1749 3513 intelligitur;
1774 3452 1828 3496 et
1845 3442 2029 3496 dicens

458 3544 514 3598 in
541 3556 608 3597 eo
632 3556 689 3597 se
710 3541 905 3596 bonum
930 3554 1050 3595 esse
1074 3553 1179 3593 non
1204 3551 1360 3608 posse
1378 3576 1393 3601 ,
1424 3535 1545 3606 quia
1582 3534 1855 3589 secundum
1887 3533 2028 3601 prin-

456 3635 619 3705 cipem
648 3633 843 3705 populi,
875 3632 947 3685 sic
974 3639 1019 3685 et
1056 3630 1271 3684 ministri
1299 3629 1444 3698 ejus;
1486 3636 1532 3681 et
1559 3626 1721 3697 qualis
1766 3634 1930 3678 rector
1958 3634 2029 3678 est

455 3726 689 3790 civitatis,
730 3723 854 3780 tales
896 3720 1247 3776 inhabitantes.
1290 3716 1681 3773 Contradicitur
1718 3714 1859 3771 enim
1909 3713 2030 3768 huic

457 3816 628 3871 errori
660 3814 906 3870 Veritatis
933 3827 1029 3868 ore
1051 3810 1274 3867 dicentis
1293 3850 1310 3878 ,
1340 3808 1468 3876 Qme
1490 3808 1680 3872 dicunt,
1710 3807 1894 3876 facite;
1918 3820 2031 3875 qua:

456 3916 622 3963 autem
650 3907 840 3977 faciunt
862 3945 877 3971 ,
910 3904 1061 3959 nolite
1088 3902 1251 3972 facere
1276 3916 1295 3955 :
1337 3901 1509 3954 dicunt
1550 3899 1682 3955 enim
1704 3938 1720 3966 ,
1746 3905 1792 3952 et
1819 3913 1920 3952 non
1944 3897 2027 3966 [a-

455 3999 592 4052 ciunt
623 3996 831 4067 (Matth.
862 4010 1023 4060 nm,
1050 3992 1128 4065 ὅ).
1157 3991 1426 4048 Habentes
1468 3989 1644 4057 itaque
1682 3987 1864 4055 plebes
1899 3986 2030 4041 tales

455 4089 733 4158 episcopos
753 4128 768 4151 ,
794 4085 884 4156 qui
913 4084 1047 4139 bona
1074 4082 1256 4137 dicunt
1286 4093 1354 4132 ex
1391 4077 1643 4132 cathedra
1665 4076 1852 4146 Moysi,
1881 4083 1935 4129 et
1966 4089 2029 4129 ea

456 4195 575 4250 qua:
603 4178 783 4234 dicunt
811 4192 915 4231 non
946 4173 1141 4228 faciunt
1179 4184 1245 4224 ex
1273 4167 1569 4238 pestilentia
1599 4181 1724 4232 sua,
1760 4167 1806 4221 si
1849 4166 1921 4221 illi
1948 4166 2028 4220 fa-

456 4273 599 4326 ciant
623 4282 684 4324 ea
712 4268 846 4322 bona
877 4279 993 4335 quae
1013 4262 1217 4329 dicunt,
1244 4270 1298 4316 et
1316 4274 1420 4315 non
1446 4260 1638 4314 faciant
1666 4274 1727 4313 ea
1754 4259 1889 4313 mala
1910 4274 2028 4329 quae

457 4360 676 4426 faciunt,
702 4357 840 4413 sicut
864 4353 1100 4426 praecipit
1126 4352 1412 4416 Dominus;
1442 4365 1620 4407 nonne
1648 4350 1776 4405 satis
1796 4349 2031 4406 indicant

458 4466 565 4507 non
590 4451 660 4505 ita
689 4445 1083 4519 intelligendum
1110 4459 1230 4502 esse
1256 4442 1544 4514 principem
1572 4442 1752 4514 populi
1776 4452 1830 4497 et
1854 4450 2027 4496 recto-

458 4558 571 4597 rem
601 4538 829 4595 civitatis
853 4534 1121 4607 quomodo
1145 4534 1230 4589 isti
1258 4532 1594 4603 intelligunt?
1619 4532 1852 4587 Possunt
1887 4532 2028 4585 enim

458 4650 577 4690 esse
607 4632 783 4704 populi
825 4630 949 4685 boni
980 4628 1065 4684 ubi
1094 4626 1288 4682 fuerint
1323 4624 1554 4696 episcOpi
1582 4624 1739 4689 mali;
1771 4624 1905 4678 sicut
1936 4637 2029 4692 po-

459 4724 560 4779 tuit
601 4739 721 4779 esse
751 4721 973 4793 populus
1009 4719 1180 4774 malus
1217 4717 1305 4772 ubi
1333 4716 1432 4771 fuit
1466 4716 1674 4787 Moyses
1703 4715 1950 4785 princeps
1977 4722 2031 4768 et

460 4827 636 4874 rector
681 4815 872 4871 bonus.
921 4814 1174 4868 Errantes
1220 4809 1361 4866 enim
1404 4808 1457 4863 in
1504 4807 1683 4864 verbis
1726 4814 2029 4862 sanctarum

457 4910 870 4979 Scripturarum,
897 4915 950 4961 et
973 4905 1109 4960 sicut
1136 4901 1262 4958 dicit
1287 4899 1591 4971 Apostolus,
1623 4915 1724 4953 non
1750 4897 2031 4964 intelligen-

408 5058 415 5061 _
460 5014 532 5055 tes
575 5015 730 5068 neque
770 5013 882 5070 qua:
915 4997 1214 5066 loquuntur,
1264 5007 1419 5061 neque
1456 4990 1519 5043 de
1565 4988 1743 5059 quibus
1785 4987 2034 5057 afﬁrmant

460 5095 504 5162 (I
535 5093 667 5148 Tim.
697 5107 748 5157 ι,
778 5090 858 5162 ⁸1),
888 5088 985 5159 ipsi
1013 5087 1186 5158 potius
1210 5083 1497 5139 secundum
1529 5081 1924 5151 perversitatem
1954 5078 2034 5131 in—

460 5186 698 5240 tellectus
743 5181 823 5236 sui
871 5193 1087 5249 magnas
1134 5176 1405 5247 patiuntur
1450 5172 1737 5242 angustias,
1787 5184 1906 5223 cum
1955 5166 2033 5220 eis

459 5279 655 5333 dicitur
677 5316 691 5341 ,
721 5274 856 5343 Ergo
886 5271 1057 5342 qualis
1093 5268 1189 5322 fuit
1210 5266 1432 5338 Optatos
1453 5307 1467 5329 ,
1496 5264 1614 5317 talis
1656 5262 1753 5316 fuit
1789 5269 1841 5315 et
1880 5258 2033 5330 plebs

457 5364 949 5439 'l'hamugadensis:
980 5369 1035 5417 et
1063 5360 1105 5416 si
1137 5357 1507 5415 communione
1534 5354 1995 5408 Sacramentorum
2020 5389 2034 5414 ,

527 5517 1084 5584 temnes‘ttss..i{t¢m9-
1362 5578 1371 5584 .
1428 5573 1461 5584 _.
1542 5581 1551 5584 -
1600 5578 1611 5584 -

525 5587 545 5615 θ
567 5569 965 5643 ἓὶιίὶίςιιεὸήὸὺίδ
987 5576 1103 5629 talia
1114 5573 1387 5637 objicerent.
1416 5573 1575 5633 Abest,
1595 5570 1726 5631 talia,
1772 5569 1833 5619 ab
1869 5583 2036 5619 manu-

760 5712 886 5764 ttss.,
939 5706 1037 5753 tam
1089 5710 1306 5757 perverse
1345 5693 1625 5747 intellectam
1650 5690 1789 5743 istam
1827 5688 2036 5746 εει-ἔνευ-

460 5780 580 5820 νσηι

2135 466 2269 523 sicut
2290 466 2495 527 dicitis.
2525 471 2949 526 contaminantur
2972 482 3025 527 et
3051 471 3124 527 illi
3151 473 3239 542 qui
3274 472 3405 529 facta
3444 474 3578 528 mala
3604 477 3697 529 im-

2136 557 2374 624 probant,
2399 568 2453 612 et
2479 558 2657 628 illiqui
2681 561 2837 613 etiam
2864 575 2924 614 ca
2952 576 3045 630 pro
3067 577 3191 629 pace
3212 563 3436 617 tolerant
3460 560 3703 629 unitatis;

2134 645 2267 700 tales
2292 646 2422 701 estis
2442 656 2498 702 et
2524 662 2618 702 vos
2639 663 2845 714 omnes,
2873 650 2959 719 qui
2987 659 3040 704 et
3064 651 3133 704 illi
3155 652 3370 721 collcgm
3392 662 3446 706 et
3469 652 3544 706 illi
3569 654 3705 720 plebi

2131 735 2590 803 cnmmunicastis,
2616 753 2736 792 cum
2769 738 2912 793 illum
2941 748 3045 793 tota
3078 740 3249 795 Africa
3278 740 3514 796 Giltlonis
3541 744 3705 797 satel-

2133 822 2278 879 litem
2308 825 2584 881 manilesto
2611 828 2808 898 gemitu
2833 827 3123 883 declararet
3151 831 3190 883 ⁸.
3228 829 3395 897 Quem
3422 841 3703 902 propterea

2132 930 2276 985 saepe
2303 918 2552 983 nomino,
2588 918 2709 987 quia
2749 918 2817 973 ita
2848 918 3158 974 manifestus
3183 921 3458 989 apparuit,
3488 930 3543 975 ut
3586 920 3705 975 ubi-

2131 1021 2358 1078 cumque
2374 1007 2534 1063 fuerit
2560 1010 2859 1065 nominatus
2877 1050 2894 1077 ,
2927 1012 3105 1067 nullus
3132 1027 3190 1068 se
3217 1013 3457 1083 ignorare
3481 1027 3705 1083 respon-

2130 1095 2272 1152 deat.
2936 1168 2943 1175 _

2201 1186 2253 1241 9.
2291 1185 2423 1241 Nam
2450 1188 2546 1258 ipsi
2576 1189 2858 1259 respiciant
2883 1200 2937 1246 et
2962 1192 3303 1248 recordentur
3328 1208 3483 1263 quam
3510 1195 3707 1250 multos

2131 1274 2269 1330 inter
2292 1290 2350 1331 se
2376 1277 2573 1333 similes
2600 1279 2847 1346 habeant,
2875 1295 3100 1349 quorum
3131 1297 3226 1352 par
3250 1283 3447 1337 malitia
3473 1291 3576 1346 est,
3609 1285 3705 1339 sed

2132 1365 2302 1435 impar
2332 1368 2537 1436 notitia,
2565 1380 2619 1426 et
2641 1370 2922 1439 aliquando
2948 1372 3159 1426 veniant
3184 1372 3248 1426 ad
3278 1388 3453 1427 veram
3481 1384 3704 1428 senten-

2132 1458 2257 1511 tiam
2299 1458 2519 1513 istorum
2562 1460 2881 1530 verborum,
2916 1471 2973 1517 et
2998 1463 3288 1533 intelligant
3335 1480 3495 1518 unmn
3526 1466 3705 1535 populi

2132 1550 2420 1618 principem
2450 1552 2727 1607 Dominum
2752 1563 2987 1607 nostrum
3018 1554 3198 1609 Jesum
3225 1555 3494 1609 Christum
3512 1597 3527 1619 ,
3555 1555 3706 1623 cujus

2132 1639 2361 1692 ministri
2388 1652 2510 1694 sunt
2539 1641 2659 1695 boni
2688 1659 2703 1706 ;
2735 1652 2785 1696 ct
2814 1643 2983 1711 ipsum
3014 1655 3273 1698 rectorem
3311 1645 3540 1698 civitatis
3569 1646 3704 1700 illius

2130 1729 2444 1794 Jerusalem,
2490 1748 2608 1801 qua:
2655 1743 2735 1786 est
2775 1744 2941 1787 mater
2968 1745 3144 1789 nostra
3184 1736 3233 1789 in
3259 1736 3410 1791 cmlis
3470 1746 3705 1800 a-terna;

2133 1821 2282 1891 Cujus
2306 1823 2528 1877 rectoris
2557 1823 2795 1893 dignitati
2822 1833 3117 1895 congruunt
3142 1825 3435 1881 habitantes
3459 1867 3474 1892 ,
3508 1843 3613 1880 non
3642 1828 3708 1881 ad

2133 1915 2507 1983 :cqnalitatem,
2540 1917 2631 1971 sed
2659 1933 2755 1987 pro
2783 1918 2940 1973 modo
2964 1934 3081 1984 suo,
3114 1921 3234 1990 quia
3264 1921 3460 1975 dictum
3489 1932 3571 1977 est
3589 1923 3667 1977 eis
3690 1962 3707 1986 ,

2135 2003 2314 2059 Sancti
2325 2006 2487 2073 eritis,
2510 2008 2744 2075 quoniam
2770 2017 2814 2061 et
2831 2024 2920 2078 ego
2936 2017 3136 2063 sanctus
3156 2027 3265 2063 sum
3285 2009 3462 2081 (chit.
3491 2028 3602 2077 Xlx,
3624 2011 3706 2081 2):

2133 2096 2423 2151 secundum
2457 2098 2740 2168 quamdam
2779 2100 2982 2155 scilicet
3010 2099 3250 2168 imaginis
3279 2101 3669 2156 similitudinem
3690 2142 3708 2166 ,

2135 2187 2185 2241 in
2215 2203 2371 2257 quam
2403 2190 2423 2220 ³
2455 2188 2887 2243 transformamur
2915 2189 2982 2244 de
3010 2190 3174 2259 gloria
3205 2192 3255 2243 in
3289 2191 3509 2260 gloriam
3534 2234 3547 2256 ,
3592 2202 3711 2246 tan-

2132 2292 2288 2348 quam
2316 2294 2346 2331 a
2376 2278 2580 2332 Domini
2609 2278 2808 2348 Spiritu
2832 2279 2897 2349 (ll
2927 2279 3045 2334 Cor.
3072 2296 3129 2335 ιιι
3149 2322 3164 2342 ,
3194 2281 3306 2350 l8),
3330 2297 3548 2336 munere
3570 2282 3713 2335 illius

2131 2367 2221 2437 qui
2266 2382 2363 2421 nos
2390 2366 2515 2422 facit
2548 2371 2847 2423 conl’ormcs
2872 2369 3112 2439 imaginis
3140 2368 3254 2423 Filii
3276 2373 3353 2424 sui
3386 2372 3555 2443 (Rom.
3583 2388 3672 2426 vnn
3693 2414 3711 2437 ,

2130 2456 2244 2525 29).
2276 2458 2367 2513 Est
2400 2467 2456 2513 et
2482 2458 2700 2513 alterius
2727 2460 2849 2512 mali
2879 2461 3057 2528 populi
3086 2459 3326 2513 diabolus
3354 2463 3596 2530 princeps
3616 2503 3628 2524 ,
3659 2472 3715 2515 et

2131 2556 2308 2603 rector
2341 2547 2457 2616 ejus
2493 2548 2719 2602 civitatis
2745 2564 2862 2617 qua:
2905 2549 3125 2620 mystice
3164 2550 3448 2621 Babylonia
3481 2550 3670 2604 dicitur
3693 2591 3712 2614 ,

2131 2653 2287 2707 quem
2321 2639 2611 2707 principem
2644 2647 2697 2694 et
2728 2650 2989 2695 rectorem
3019 2641 3352 2696 tenebrarum
3391 2641 3574 2695 barum
3600 2683 3612 2705 ,
3660 2642 3713 2696 id

2132 2739 2244 2792 est,
2304 2739 2658 2796 peccatorum,
2711 2730 2879 2798 ipsmn
2932 2739 2983 2784 et
3032 2731 3247 2799 angelos
3283 2731 3397 2799 ejus
3444 2731 3716 2799 apostolus

2130 2816 2325 2871 Paulus
2361 2818 2591 2887 appellat
2638 2816 2850 2890 (Ep/tes.
2894 2834 2979 2884 vt,
3030 2818 3160 2881 12):
3205 2827 3259 2871 et
3300 2819 3439 2872 illius
3480 2820 3715 2874 ministri

2130 2908 2333 2962 similes
2361 2908 2477 2977 ejus
2504 2918 2624 2961 sunt
2645 2950 2660 2972 ,
2699 2910 2817 2977 quia
2847 2909 3217 2977 transligurant
3256 2924 3315 2964 se
3360 2910 3410 2963 in
3440 2911 3714 2966 ministros

2127 2997 2363 3066 justitiae,
2386 2998 2517 3052 sicut
2546 2998 2631 3052 ille
2651 3000 2700 3052 in
2721 2999 2962 3067 angelum
2983 2999 3116 3053 lucis
3140 2998 3204 3071 (ll
3226 2998 3343 3054 Cor.
3370 3016 3455 3064 ιι,
3487 3002 3567 3065 15,
3602 3000 3712 3071 id).

2133 3097 2187 3143 et
2207 3089 2559 3143 inhabitantes
2581 3089 2771 3142 rectori
2801 3090 3031 3157 pessimo
3053 3089 3103 3142 in
3130 3089 3279 3144 lactis
3301 3091 3563 3144 similibus
3586 3107 3717 3143 con-

2133 3188 2345 3246 gruunt.
2382 3178 2486 3233 Sed
2518 3181 2732 3233 istorum
2764 3180 3075 3247 pOpttlorum
3103 3191 3261 3249 atque
3289 3182 3557 3235 civitatum
3588 3190 3717 3236 tunc

2132 3270 2235 3323 erit
2253 3279 2432 3337 aperta
2458 3270 2741 3337 separatio,
2765 3285 2883 3323 cum
2914 3270 3010 3322 ista
3038 3272 3227 3324 messis
3249 3270 3406 3324 fuerit
3425 3271 3709 3324 ventilata:

2134 3360 2273 3430 quod
2296 3361 2464 3415 donec
2495 3360 2604 3427 (lat,
2635 3361 2809 3415 omnia
2840 3361 3030 3415 tolerat
3057 3361 3269 3416 dilectio
3301 3362 3709 3427 frumentorum,

2134 3466 2201 3506 ne
2229 3452 2351 3507 dum
2379 3467 2541 3521 grana
2574 3452 2773 3522 paleam
2800 3467 3136 3522 pratpropere
3166 3452 3398 3521 fugiunt,
3432 3467 3459 3504 a
3488 3468 3710 3507 consor-

2134 3542 2273 3595 tibus
2298 3541 2479 3610 granis
2502 3540 2661 3611 impie
2688 3552 3026 3608 separentur.

2203 3630 2427 3685 CAPUT
2468 3630 2531 3685 V.
2555 3660 2623 3670 —
2648 3630 2732 3684 10.
2765 3630 2900 3697 Quid
2924 3631 3201 3700 igiturjam
3227 3632 3367 3684 valet
3387 3632 3449 3683 ad
3473 3646 3711 3698 causam,

2131 3724 2272 3793 quod
2303 3722 2386 3777 isti
2413 3722 2565 3778 nobis
2592 3722 2877 3789 objiciunt,
2907 3722 3027 3792 quia
3058 3722 3125 3777 de
3150 3722 3299 3775 malis
3334 3722 3712 3778 sacriﬁeatori-

2133 3815 2231 3870 bus
2258 3814 2512 3869 Dominus
2539 3828 2634 3882 per
2660 3812 2846 3867 lsaiam
2877 3812 3040 3866 dicit:
3075 3811 3408 3864 Facinorosus
3435 3813 3518 3881 qui
3546 3815 3710 3865 sacri-

2132 3904 2250 3973 ficat
2273 3904 2394 3957 mihi
2417 3902 2645 3969 vitulum,
2672 3903 2811 3971 quasi
2833 3901 2915 3972 qui
2938 3917 3110 3955 canent
3137 3902 3368 3963 occidat;
3393 3912 3441 3953 et
3466 3902 3548 3967 qui
3574 3904 3708 3955 simio

2132 3994 2380 4065 laginem,
2409 3994 2554 4063 quasi
2578 3994 2869 4063 sanguinem
2910 3993 3201 4062 porcinum;
3226 4003 3271 4045 et
3300 3993 3384 4061 qui
3413 3991 3557 4057 offert
3598 3994 3711 4048 thus

2132 4086 2183 4139 in
2212 4086 2525 4149 memoriam,
2552 4086 2694 4155 quasi
2720 4086 3036 4154 blasphemus
3063 4084 3083 4116 ³
3110 4082 3257 4155 (lsai.
3290 4100 3408 4138 vat
3432 4124 3446 4148 ,
3479 4084 3567 4152 3)?
3590 4084 3709 4138 llwc

2132 4177 2307 4230 omnia
2336 4176 2500 4230 multo
2521 4177 2895 4246 congruentius
2921 4175 2988 4230 de
3011 4176 3112 4229 illis
3132 4175 3393 4238 dicuntur,
3418 4175 3503 4244 qni
3529 4183 3709 4229 contra

2133 4268 2422 4324 Ecclesiam
2451 4269 2539 4324 llci
2572 4278 2699 4332 toto,
2727 4271 2859 4322 sicut
2887 4269 3144 4336 promissa
3169 4276 3269 4331 est,
3297 4267 3424 4320 orbe
3444 4268 3709 4334 diffusam,

2132 4359 2301 4415 altare
2322 4360 2399 4414 sui
2418 4358 2722 4413 schismatis
2750 4366 3031 4411 erexerunt
3055 4376 3067 4408 :
3096 4356 3234 4426 quod
3263 4371 3356 4410 eos
3377 4358 3712 4427 sacrilegium

2133 4464 2320 4504 omnes
2349 4449 2565 4503 involvit
2584 4488 2598 4507 .
2627 4458 2677 4502 et
2704 4446 2924 4516 quilibet
2948 4447 3168 4501 ubilibet
3197 4447 3351 4501 offert
3393 4449 3715 4501 sacriﬁcium

2135 4541 2224 4594 tali
2254 4539 2411 4595 Corde
2453 4539 2531 4591 vel
2560 4537 2710 4591 factis
2730 4580 2743 4601 ,
2776 4537 2887 4591 ha‘c
2917 4547 2972 4591 ut
3002 4537 3185 4592 audire
3217 4548 3499 4601 mereatur,
3533 4540 3715 4606 perni-

2134 4633 2269 4685 ciem
2306 4631 2405 4685 sibi
2438 4628 2626 4695 infert,
2660 4644 2764 4683 non
2791 4628 2895 4683 illis
2937 4628 3090 4683 bonis
3118 4631 3204 4698 qui
3236 4630 3498 4696 accipiunt
3527 4629 3593 4682 ab
3637 4630 3717 4685 eis

2133 4721 2473 4776 Sacramenta
2503 4718 2687 4773 eadem
2716 4717 2737 4748 ⁸
2758 4759 2770 4780 ,
2802 4718 2889 4787 qui
2919 4717 3206 4772 secundum
3233 4718 3542 4787 prophetam
3577 4718 3715 4771 Eze-

2134 4812 2356 4867 chielem
2386 4821 2601 4882 gemunt
2631 4819 2685 4864 et
2713 4816 2939 4863 mazrent
2962 4816 3176 4878 peccata
3206 4824 3323 4877 quae
3354 4810 3483 4862 liunt
3512 4809 3565 4863 in
3598 4825 3715 4861 tne-

2136 4904 2223 4960 dio
2269 4919 2452 4960 eorum.
2505 4902 2712 4973 (Ezech.
2763 4916 2851 4966 ιι,
2900 4900 2990 4968 4),
3038 4900 3278 4969 quamvis
3325 4914 3431 4953 non
3482 4914 3540 4953 se
3594 4900 3720 4954 inde

2131 5003 2499 5074 corporaliter
2529 5011 2805 5073 separent.
2832 5000 3143 5070 Unicuique
3181 5002 3329 5057 enim
3356 5002 3500 5056 Deus
3519 5001 3709 5058 tribuit

2131 5094 2439 5152 secundum
2472 5109 2568 5149 eor
2593 5095 2925 5150 suum.Nam
2951 5098 2997 5151 si
3020 5095 3215 5167 primis
3232 5094 3577 5165 temporibus
3597 5110 3712 5149 non

2131 5188 2430 5241 obfuerunt
2466 5188 2590 5239 mali
2622 5186 2960 5251 sacerdotes,
2985 5188 3073 5243 vel
3102 5188 3331 5257 collegis
3353 5186 3532 5247 bonis,
3570 5186 3719 5240 sicut

2134 5276 2706 5349 fuitZacharias(Luc.
2736 5296 2772 5345 ι,
2804 5278 2881 5350 5);
2908 5280 2994 5334 vel
3016 5279 3396 5350 popularibus,
3426 5279 3572 5333 sicut
3608 5278 3717 5334 fuit

2195 5463 2207 5491 ¹
2247 5463 2327 5509 Sic
2368 5463 2480 5517 Μςς.
2511 5463 2571 5510 At
2598 5460 2738 5517 editi,
2781 5462 3094 5511 declamaret.

2193 5523 2212 5552 ⁸
2248 5523 2398 5587 litin],
2440 5525 2488 5574 in
2526 5524 2900 5587 quail’iicrique
2926 5524 3062 5587 Mss,
3089 5521 3136 5570 in
3171 5533 3332 5587 quant.

2190 5588 2210 5619 ³
2247 5585 2313 5647 lta
2347 5586 2454 5635 Mss.
2481 5582 2619 5647 ju'xla
2650 5586 2786 5635 LXX.
2814 5582 2878 5635 At
2905 5586 3044 5643 Cdlll,
3065 5590 3111 5633 et
3133 5582 3215 5645 qui
3245 5582 3382 5647 o/fert
3422 5583 3547 5641 thus,
3570 5584 3715 5646 quasi

2124 5645 2374 5699 brnedicat
2398 5646 2548 5699 idolo.

2131 5774 2171 5823 η
2191 5710 2210 5741 ι
2248 5708 2396 5771 illud,
2422 5710 2505 5775 qui
2524 5708 2764 5774 accipitmt
2786 5711 2843 5760 ab
2866 5709 2935 5760 cis
2964 5712 3266 5759 sacramenta
3286 5707 3477 5767 enimn,
3498 5707 3637 5758 abest
3682 5723 3709 5757 a

2132 5800 2142 5821 ι
2179 5787 2242 5822 ss.

2132 5787 2242 5822 ιιςε.
