4050 6206
376 323 446 383 67
1691 318 1889 374 LIBEll
1932 315 2307 372 secessus.
3583 328 3652 384 5.,
3737 306 3740 309 π

374 440 693 504 Nuthanael,
743 438 795 493 in
844 450 950 508 quo
1002 434 1156 491 dolos
1202 449 1307 491 non
1349 445 1464 490 erat
1511 433 1690 507 (Joan.
1722 451 1777 498 ι,
1826 433 1964 502 47):

377 543 579 606 quant.)
605 531 778 602 magis
799 531 928 585 nihil
959 530 1110 585 obest
1141 529 1192 584 in
1225 529 1423 583 unitate
1447 527 1732 592 christiana
1760 527 1969 596 cpisco-

383 641 480 693 pus
511 623 678 677 malus
705 621 785 675 vel
829 619 1158 689 coepiscopis
1188 618 1342 673 bonis
1382 620 1462 672 vel
1495 618 1641 673 laicis
1663 659 1677 683 ,
1707 632 1828 672 cum
1856 616 1966 685 jam

383 717 469 771 ille
497 713 746 769 sacerdos
771 710 1060 768 secundum
1085 710 1328 765 ordinem
1355 709 1742 764 Melchisedech
1761 718 1816 763 et
1837 725 1968 778 pou-

382 807 505 859 til’ex
533 813 716 860 noster
738 801 931 857 sedens
950 801 1016 855 ad
1043 800 1318 856 dexteram
1343 800 1515 855 Patris
1543 801 1842 868 interpellat
1871 816 1966 867 pro

383 897 535 950 mbis
583 893 766 964 (Hebr.
801 909 907 959 vn,
958 893 1040 956 l7,
1087 892 1206 963 25),
1235 892 1324 963 qui
1364 892 1586 947 traditus
1626 901 1709 946 est
1748 901 1967 962 propter

379 989 571 1045 delicta
605 994 782 1042 nostra
805 1028 821 1052 ,
863 993 917 1040 et
953 985 1245 1040 resurrexit
1274 993 1490 1054 propter
1529 983 1963 1054 justiﬁeationem

381 1089 618 1134 nostram
650 1079 826 1149 (Rom.
855 1094 910 1132 tv
933 1120 945 1143 ,
975 1077 1113 1150 25)?
1150 1077 1259 1133 Nec
1282 1077 1411 1132 illud
1460 1078 1612 1132 bonis
1653 1078 1840 1141 obest,
1869 1077 1964 1132 sed

375 1165 725 1220 offerentibus
754 1163 905 1218 malis
929 1205 943 1228 ,
975 1162 1115 1234 quod
1145 1163 1420 1217 verissime
1445 1162 1752 1236 dictnn§cst
1771 1202 1787 1228 ,
1820 1161 1971 1215 Dona‘

375 1258 665 1328 iniquorum
693 1273 792 1310 non
835 1256 1012 1327 probat
1046 1256 1334 1309 Altissimus
1378 1253 1565 1323 (Eccli.
1610 1270 1817 1320 xxxrv,
1843 1255 1960 1325 25).

377 1349 494 1403 Non
522 1349 666 1402 enim
695 1347 847 1414 dixit,
880 1347 1024 1401 Dona
1056 1361 1242 1401 eorum
1263 1347 1351 1414 qui
1376 1360 1470 1413 pro
1499 1361 1628 1415 pace
1655 1347 1860 1415 iniquos
1885 1355 1963 1402 to-

377 1440 573 1506 lerant,
601 1454 706 1493 non
735 1438 922 1508 probat
952 1437 1272 1492 Altissimus.
1301 1437 1433 1491 Cum
1456 1447 1630 1492 tamen
1661 1453 1758 1491 nec
1789 1437 1873 1490 isti
1899 1452 1961 1490 ea

380 1546 498 1600 qua:
545 1529 857 1597 ohjccerunt
900 1528 1124 1597 probare
1169 1528 1441 1596 potuerint
1481 1543 1545 1581 co
1583 1537 1820 1597 tempore
1855 1542 1961 1596 quo

380 1622 608 1676 schisma
640 1620 915 1675 fecerunt:
947 1619 1175 1688 alioquin
1207 1618 1311 1672 illis
1339 1619 1570 1672 exclusis
1590 1659 1604 1682 ,
1634 1619 1762 1672 istos
1791 1617 1958 1673 lucre-

379 1711 517 1766 ditas
543 1711 738 1765 Christi
777 1719 888 1765 toto
916 1709 1045 1764 orbe
1075 1707 1264 1766 ditiusa
1295 1709 1346 1762 in
1373 1708 1744 1764 communione
1772 1709 1960 1763 catho-

381 1803 474 1858 lica
503 1803 774 1857 retineret.

449 1892 672 1949 CAPUT
703 1891 790 1945 Vl.
817 1919 887 1932 -ι
915 1892 998 1946 ll.
1028 1890 1312 1958 Sacriﬁcia,
1344 1890 1530 1962 inquit,
1557 1891 1824 1960 impiorum
1876 1907 1964 1945 ea:-

379 1985 586 2040 secratio
611 1993 683 2037 est
713 1983 929 2036 Omnino
954 1999 974 2037 :
999 1984 1177 2038 etenim
1206 1984 1375 2052 inique
1402 1981 1620 2049 oﬂ'erunt
1649 1983 1738 2036 illa
1779 1981 1958 2051 (Prov.

381 2092 466 2131 nt
485 2117 500 2140 ,
526 2076 642 2143 ⁶2⁸7).
671 2073 788 2128 Jam
817 2089 973 2144 supra
1003 2088 1315 2142 responsum
1345 2081 1428 2128 est
1463 2074 1584 2143 quia
1614 2088 1717 2127 non
1747 2083 1831 2128 est
1858 2073 1962 2127 ini-

379 2181 514 2236 quos
555 2165 830 2230 Christus,
878 2165 965 2232 qui
1011 2179 1110 2234 pro
1157 2163 1308 2219 nobis
1349 2178 1410 2218 se
1453 2165 1624 2232 ipsum
1655 2163 1876 2228 obtulit,
1908 2172 1962 2218 et

380 2267 562 2311 noster
589 2256 640 2310 in
668 2257 808 2312 crelo
835 2255 1094 2310 mediator
1115 2263 1216 2322 est,
1244 2271 1349 2326 quo
1373 2270 1523 2311 suam
1553 2255 1840 2310 Ecclesiam
1867 2271 1961 2326 gu-

378 2348 637 2404 bernante
665 2347 817 2402 bonis
848 2347 971 2401 mali
1001 2362 1105 2400 non
1133 2345 1360 2401 oberunt
1380 2388 1392 2412 ,
1424 2346 1512 2417 qui
1543 2347 1625 2401 vel
1657 2348 1964 2416 ignorantur

379 2441 456 2494 vel
489 2455 585 2510 pro
614 2454 742 2510 pace
769 2439 1060 2494 tolerantur
1078 2479 1093 2504 ,
1124 2439 1294 2493 donec
1322 2439 1434 2507 ipse
1463 2440 1637 2492 veniat
1664 2453 1728 2492 ac
1752 2447 1963 2507 separet

376 2531 665 2600 prtemissis
695 2529 1022 2585 messoribus
1051 2545 1080 2582 a
1110 2543 1283 2584 messe
1322 2529 1519 2583 zizania
1537 2571 1552 2596 ,
1586 2539 1639 2583 ct
1666 2530 1962 2585 ventilabro

377 2622 554 2692 paleas
581 2637 610 2674 a
641 2621 940 2676 frome:.tis.
969 2620 1279 2690 Quanquam
1307 2619 1413 2686 isti,
1443 2619 1582 2689 quod
1611 2634 1753 2688 sirpe
1781 2619 1962 2674 dicen-

375 2713 501 2768 dum
531 2722 646 2777 est,
676 2712 805 2766 falsa
831 2712 1054 2768 crimina
1081 2712 1400 2780 objecerint,
1433 2727 1550 2781 qua:
1577 2711 1735 2766 etiam
1764 2713 1808 2765 si
1836 2725 1959 2766 vera

375 2812 575 2868 essent,
600 2803 860 2857 bonorum
881 2801 1125 2856 charitati
1146 2817 1244 2873 pro
1270 2801 1472 2856 unitate
1491 2801 1543 2854 in
1565 2801 1764 2856 unitate
1784 2802 1959 2856 omnia

379 2897 621 2950 toleranti
649 2895 778 2950 nihil
810 2903 1083 2961 nocerent,
1111 2896 1154 2950 si
1181 2911 1242 2950 ca
1274 2895 1408 2950 forte
1434 2896 1590 2949 etiam
1619 2895 1850 2964 cognita,
1878 2895 1962 2963 ju-

377 2987 582 3042 dicibus
615 2987 988 3040 ecclesiasticis
1033 2986 1332 3056 persuaderi
1370 3001 1474 3040 non
1517 2994 1750 3056 possent.
1779 2987 1960 3041 Sacri-

379 3077 493 3134 ﬁcia
542 3094 670 3148 ergo
713 3078 995 3148 impiorum
1043 3077 1120 3132 eis
1166 3077 1291 3146 ipsis
1334 3078 1563 3132 oberunt
1603 3077 1692 3148 qui
1735 3077 1962 3132 offerunt

379 3170 554 3238 impie.
582 3169 712 3224 Nam
741 3184 903 3222 unum
931 3177 1088 3239 atque
1114 3169 1253 3224 idem
1282 3169 1598 3225 sacriﬁcium
1627 3179 1841 3240 propter
1865 3187 1960 3226 no-

378 3278 494 3316 men
522 3258 728 3316 Domini
756 3261 895 3332 quod
918 3261 1251 3328 invocatur’,
1279 3272 1332 3316 et
1357 3277 1568 3331 semper
1591 3273 1830 3316 sanctum
1854 3270 1957 3328 est,

379 3363 430 3406 et
457 3353 560 3407 tale
589 3353 780 3422 cuique
809 3351 897 3416 lit,
927 3351 1068 3422 quali
1099 3351 1259 3406 corde
1287 3351 1352 3404 ad
1381 3351 1744 3420 accipiendum
1780 3366 1960 3407 acces-

382 3446 522 3498 serit.
558 3445 658 3510 Qui
684 3444 814 3497 enim
843 3444 1112 3496 manducat
1134 3453 1179 3498 et
1207 3444 1324 3497 bibit
1348 3443 1570 3513 indigne,
1590 3443 1841 3513 judicium
1866 3445 1962 3498 sibi

384 3537 650 3588 manducet
679 3544 724 3587 ct
751 3534 870 3588 bibit
901 3532 941 3602 (l
970 3531 1086 3588 Cor.
1112 3533 1517 3603 xvm,29).Non
1548 3533 1818 3596 ait,Aliis;
1840 3534 1955 3600 sed,

378 3627 485 3679 sibi.
518 3625 617 3692 Qui
647 3641 776 3694 ergo
807 3624 1088 3678 mandueat
1125 3624 1282 3694 digne
1323 3635 1376 3678 et
1410 3623 1576 3688 bibit,
1606 3625 1827 3694 gratiam
1859 3624 1960 3679 sibi

381 3716 660 3770 manducat
682 3723 737 3769 et
762 3714 912 3768 bibit.
946 3714 1024 3767 Illi
1048 3729 1176 3782 ergo
1198 3713 1412 3768 videant
1434 3723 1607 3768 utrum
1631 3714 1788 3784 digne
1811 3729 1959 3768 man-

379 3806 568 3860 ducent
589 3848 602 3865 .
634 3805 724 3875 qui
756 3804 895 3858 inter
933 3811 1040 3857 tam
1072 3804 1264 3858 multos
1295 3810 1541 3872 parentes
1567 3805 1816 3869 etlilios,
1845 3819 1960 3856 ma-

381 3898 506 3949 ritos
527 3904 579 3949 et
600 3908 829 3958 uxores;
856 3893 994 3948 inter
1023 3901 1126 3947 tam
1153 3893 1367 3960 multos,
1394 3893 1534 3963 quod
1554 3902 1636 3948 est
1661 3894 1962 3962 patentissi-

309 4011 314 4014 -
381 4005 518 4040 mttm
544 3989 585 4052 ’,
621 3986 712 4040 Dei
756 3986 995 4041 hatrech
1039 3996 1092 4040 et
1126 3984 1318 4040 Christi
1357 3985 1664 4041 colueredes
1693 3993 1804 4040 toto
1831 3985 1961 4042 orbe

379 4079 628 4145 dill'usos,
657 4077 861 4133 nefario
903 4078 1191 4132 schismate
1229 4077 1554 4142 diviserunt;
1593 4093 1712 4131 cum
1744 4086 1962 4148 possent

382 4171 556 4239 utique
601 4169 644 4223 si
691 4169 814 4223 boni
856 4175 1036 4224 essent
1072 4177 1125 4222 et
1153 4183 1277 4221 vere
1307 4168 1474 4222 malos
1497 4177 1814 4237 arguerent,
1847 4168 1959 4221 fru-

380 4268 557 4314 ctuose
589 4259 820 4313 tolerare
850 4273 945 4327 pro
975 4273 1102 4328 pace
1132 4257 1357 4326 Christi,
1389 4274 1508 4328 qua:
1548 4260 1841 4329 perniciose
1882 4268 1961 4316 to-

379 4348 546 4403 lerant
578 4364 672 4417 pro
704 4364 830 4418 pace
863 4348 1046 4401 Donati
1071 4347 1113 4399 ⁸.

447 4440 673 4496 CAPUT
705 4439 815 4493 ιιι.
839 4470 909 4479 -
937 4440 1021 4494 12.
1054 4437 1121 4492 In
1154 4438 1350 4503 Exodo,
1383 4439 1571 4508 inquit,
1598 4441 1839 4511 scriptum
1866 4451 1958 4508 est,

387 4551 404 4582 ι
440 4533 738 4588 Sacerdotes
766 4532 852 4602 qui
879 4531 1121 4585 accedunt
1158 4532 1224 4583 ad
1251 4530 1520 4584 Dominum
1549 4531 1710 4584 Deum
1739 4534 1964 4602 sancti/i-

382 4634 552 4677 ccntur
570 4665 585 4688 ,
613 4641 672 4677 ne
708 4624 837 4692 forte
870 4623 1176 4692 derelinquat
1206 4637 1289 4675 eos
1313 4621 1560 4676 Dominus
1583 4641 1602 4673 ι
1635 4621 1826 4694 (Exod.
1850 4639 1957 4690 XIX,

379 4714 469 4784 22)
495 4735 507 4770 :
537 4725 584 4769 et
607 4717 785 4770 iterant
803 4757 819 4782 ,
857 4735 876 4768 ι
898 4715 1022 4769 Cum
1047 4715 1260 4769 ministri
1281 4714 1350 4768 ad
1373 4713 1534 4768 altare
1556 4717 1829 4784 accedunt,
1861 4734 1963 4772 non

380 4806 636 4859 adducant
682 4807 734 4858 in
777 4822 832 4859 se
873 4804 1149 4871 delictum,
1196 4821 1260 4858 ne
1305 4805 1586 4857 moriantur
1613 4823 1632 4856 ι
1683 4804 1797 4875 (Id.
1831 4823 1958 4873 nx,

379 4897 470 4961 20,
500 4895 588 4966 2|)
619 4914 632 4950 :
666 4905 712 4949 et
738 4895 863 4949 illud
889 4895 940 4948 in
963 4893 1201 4958 Leuitico,
1237 4911 1256 4944 ι
1288 4891 1453 4945 Homo
1481 4894 1564 4964 qui
1595 4894 1820 4947 [tabuerit
1850 4913 1960 4949 ma-

381 4990 544 5041 culam
575 4997 620 5040 et
647 4987 840 5052 vitium,
873 5003 971 5040 non
999 4985 1201 5039 accedat
1229 4984 1362 5037 dona
1387 4982 1568 5049 o/ferre
1592 4982 1700 5037 Deo
1729 5003 1746 5035 ι
1778 4985 1959 5054 (Leuit.

381 5095 510 5144 ml,
540 5078 654 5149 21).
687 5078 832 5133 Bt‘tle
857 5077 1067 5147 quidem
1098 5076 1164 5132 de
1195 5076 1459 5130 veteribus
1489 5076 1660 5130 Libris
1688 5077 1785 5131 ista
1817 5079 1964 5132 testi-

383 5173 556 5225 monia
579 5180 900 5240 proponunt.
924 5169 1109 5223 Dicant
1133 5183 1260 5237 ergo
1282 5167 1431 5232 mihi,
1460 5167 1542 5222 cui
1569 5176 1752 5222 sancto
1774 5184 1965 5224 secun-

382 5259 506 5314 dum
527 5262 752 5316 salutem
775 5259 1101 5329 spiritualcm
1124 5259 1367 5324 oblocrit,
1392 5257 1474 5312 vel
1505 5258 1554 5312 in
1579 5261 1962 5328 sacerdotibus,

387 5354 464 5406 vel
511 5354 649 5406 inter
693 5353 938 5423 populum
981 5352 1300 5414 constituto,
1334 5350 1504 5404 malos
1543 5361 1634 5404 aut
1675 5352 1968 5407 maculatus

385 5444 672 5500 sacerdos?
700 5443 799 5501 Ubi
829 5454 942 5499 erat
970 5441 1176 5513 Moyses
1203 5451 1255 5496 et
1282 5444 1476 5505 Aaron,
1512 5442 1580 5495 ibi
1609 5455 1964 5498 murmurato-

450 5621 465 5652 ι
495 5627 665 5670 vatteax
687 5621 700 5667 i
722 5627 852 5682 Mss”
875 5619 1002 5682 quod
1023 5618 1370 5682 ibiinrocatur.

447 5683 469 5742 ξ
493 5688 619 5735 uss.
647 5679 953 5742 potissumum
988 5681 1200 5740 Quidam,
1226 5679 1615 5742 potentissimum.

452 5741 475 5775 ⁸
499 5741 704 5794 t'aticani
728 5752 851 5806 Mss,
875 5757 962 5806 pro
984 5749 1118 5808 parte
1145 5741 1330 5793 Donati.

2079 447 2164 488 res
2192 433 2432 502 sacrilegi
2456 476 2470 499 ,
2517 450 2648 505 quos
2680 437 2817 492 Deus
2847 453 2874 491 a
2908 438 3040 494 faeie
3070 454 3164 494 sua
3192 456 3404 510 semper
3432 442 3658 513 perdere

2073 525 2390 579 minabatur.
2413 525 2506 581 Ubi
2534 537 2646 581 erat
2673 528 2963 596 (Zaiphasct
2988 531 3164 584 caeteri
3187 530 3336 597 tales,
3358 533 3424 586 ibi
3453 532 3656 588 Zachav

2074 617 2199 680 rias,
2233 618 2302 672 ibi
2330 618 2542 673 Simeon
2573 630 2625 673 et
2653 622 2829 674 ca‘tcri
2863 621 3015 685 boui,
3052 623 3136 676 ubi
3167 621 3290 677 Saul
3312 667 3324 687 ,
3356 626 3422 679 ibi
3459 625 3654 691 David;

2073 711 2158 763 ubi
2186 710 2466 776 Jeremias,
2496 712 2578 766 ubi
2609 711 2788 774 lsaias,
2821 713 2906 766 ubi
2936 714 3138 781 Daniel,
3167 716 3254 770 ubi
3284 717 3552 782 Ezechiel,
3585 719 3654 773 ibi

2071 802 2374 858 sacerdotes
2417 805 2539 858 mali
2579 815 2631 860 et
2675 806 2852 875 p0puli
2898 807 3021 861 mali
3049 825 3060 859 :
3088 810 3180 863 sed
3210 810 3469 863 sarcinam
3503 826 3654 865 suam

2071 892 2430 962 unusquisque
2463 895 2725 963 portabat.

2142 984 2229 1038 15.
2259 983 2457 1039 Omitto
2482 985 2663 1042 dicere
2691 1003 2847 1057 quam
2879 988 3135 1043 scelerata
3179 991 3421 1060 superbia
3452 991 3654 1058 dicant,

2069 1074 2315 1128 neminem
2344 1092 2450 1129 esse
2472 1077 2603 1131 inter
2624 1079 2840 1149 collegas
2865 1096 2986 1134 suos
3010 1081 3088 1134 vel
3111 1097 3163 1134 se
3188 1081 3323 1150 ipsos
3347 1099 3460 1134 cum
3483 1082 3654 1152 aliqua

2069 1165 2266 1218 macula
2295 1174 2339 1218 et
2369 1167 2505 1232 vitio,
2531 1181 2637 1222 non
2668 1169 3049 1235 membrorum,
3081 1170 3174 1225 sed
3202 1171 3341 1238 quod
3376 1173 3522 1239 pejus
3549 1185 3651 1237 est,

2068 1271 2296 1311 morum.
2323 1257 2473 1326 Quod
2501 1260 2587 1314 ubi
2612 1275 2770 1330 agere
2798 1277 2918 1314 eum
2943 1263 3020 1316 eis
3043 1262 3364 1331 carperimus
3387 1278 3402 1326 ;
3437 1277 3650 1331 respon.

2066 1349 2266 1403 debunt
2287 1393 2300 1414 ,
2336 1350 2594 1405 interesse
2623 1351 2795 1420 qualis
2824 1352 3026 1406 macula
3057 1361 3111 1407 et
3138 1352 3293 1420 quale
3333 1353 3514 1406 vitium
3546 1353 3612 1406 sit
3638 1396 3650 1406 .

2065 1441 2214 1509 quasi
2238 1442 2255 1473 ί
2281 1441 2550 1510 Scriptura
2579 1442 2923 1509 discreverit,
2952 1459 3069 1512 qurc
3095 1445 3167 1496 ait
3198 1457 3214 1494 :
3242 1442 3407 1497 Ilomo
3445 1445 3529 1513 qui
3556 1445 3650 1495 Im-

2064 1529 2224 1583 buerit
2266 1535 2518 1585 maculam
2562 1543 2612 1588 et
2652 1534 2858 1597 vitium,
2903 1549 3002 1586 non
3051 1535 3254 1586 accedat
3295 1535 3429 1586 dona
3471 1533 3653 1598 offerre

2066 1621 2193 1675 Deo.
2220 1622 2501 1678 Nullamne
2540 1623 2798 1677 maculam
2841 1623 3022 1676 habuit
3058 1632 3113 1677 et
3151 1623 3367 1687 vitium,
3401 1639 3502 1676 non
3530 1624 3650 1678 dico

2063 1711 2314 1781 Optatos,
2359 1713 2452 1767 sed
2501 1714 2612 1782 ipse
2656 1713 3068 1775 Parmenianus,
3107 1722 3197 1767 aut
3237 1713 3348 1784 ipse
3380 1715 3649 1769 Donatus?

2062 1801 2166 1855 Sed
2199 1809 2345 1856 tanto
2385 1802 2468 1856 isti
2507 1818 2690 1855 amore
2732 1801 3003 1855 hominum
3054 1803 3178 1855 caeci
3223 1812 3376 1867 sunt,
3407 1813 3459 1857 et
3488 1805 3649 1858 corde

2065 1891 2331 1960 impudico
2359 1891 2626 1946 adulteros
2663 1893 2855 1945 mentis
2897 1907 3005 1945 sua:
3038 1893 3123 1945 uni
3155 1893 3388 1961 legitimo
3417 1896 3528 1946 viro
3555 1912 3650 1947 co-

2064 2000 2276 2054 a'quare
2317 2001 2419 2039 non
2458 1984 2697 2040 dubitant
2717 2027 2731 2048 ,
2763 1994 2824 2040 ut
2851 1985 2990 2056 quod
3027 1987 3095 2041 de
3123 1987 3238 2041 solo
3271 1987 3494 2042 Domino
3522 1989 3649 2043 Jesu

2061 2075 2276 2129 Christo
2302 2075 2404 2129 dici
2435 2077 2627 2146 potuit,
2661 2077 2819 2132 etiam
2852 2077 2903 2130 in
2933 2077 3137 2132 Donato
3169 2079 3454 2146 perlectum
3488 2079 3650 2135 fuisse

2063 2165 2404 2220 contendant.
2435 2165 2565 2233 Quis
2587 2166 2731 2220 dabit
2769 2167 2937 2220 oculis
2973 2168 3106 2221 meis
3149 2167 3345 2221 fontem
3387 2169 3650 2240 lacryma-

2064 2271 2179 2310 rum
2199 2255 2410 2325 (Jerem.
2429 2272 2501 2320 Ix,
2525 2256 2618 2326 i)?
2638 2256 2766 2323 Quis
2786 2271 3051 2326 congruos
3071 2256 3193 2312 huic
3212 2258 3398 2312 sceleri
3423 2259 3649 2328 gemitus

2063 2362 2324 2404 concusso
2345 2357 2562 2417 pectore
2581 2349 2939 2418 exprimetur?
2959 2349 3062 2404 Sed
3087 2350 3296 2404 interim
3315 2351 3334 2380 ¹
3353 2351 3645 2415 attendant,

2065 2448 2242 2492 utrum
2270 2439 2458 2493 saltem
2487 2438 2708 2507 Optatos
2738 2437 2982 2494 habuerit
3007 2439 3237 2508 aliquam
3267 2441 3526 2495 maculam
3559 2451 3649 2493 aut

2063 2530 2288 2582 vitium?
2331 2529 2442 2583 Non
2489 2544 2656 2598 usque
2694 2528 2828 2584 adeo
2866 2531 2990 2585 caeci
3029 2538 3186 2596 sunt,
3219 2540 3276 2585 ut
3304 2531 3456 2586 istius
3488 2533 3647 2585 vitam

2063 2620 2283 2674 omnino
2324 2618 2714 2674 immaculatam
2749 2629 2803 2675 et
2831 2621 2973 2674 omni
3004 2621 3131 2676 vitio
3171 2631 3440 2676 carentem
3487 2621 3649 2676 fuisse

2062 2710 2438 2780 respondeant.
2469 2712 2576 2766 Cur
2594 2726 2722 2780 ergo
2746 2711 3032 2766 accedebat
3057 2713 3194 2766 dona
3220 2712 3414 2768 oll‘erre
3439 2713 3566 2771 Deo.
3595 2723 3649 2766 ct

2062 2801 2131 2856 ab
2160 2817 2225 2857 eo
2265 2803 2443 2856 caeteri
2467 2803 2786 2870 conjunctis
2829 2803 3072 2880 manibus
3112 2803 3476 2872 accipiebant.
3507 2803 3646 2872 quod

2063 2896 2364 2950 maculosus
2388 2905 2444 2950 et
2470 2895 2690 2950 vitiosus
2716 2895 3020 2950 obtulerat?
3045 2895 3339 2949 Attendant
3363 2897 3414 2948 iu
3441 2898 3648 2950 cazteris

2063 2986 2280 3056 collegis
2300 2985 2322 3016 ³
2347 2986 2476 3051 sois,
2509 2995 2684 3039 utrum
2712 2985 2852 3038 nulla
2879 2985 2949 3038 sit
2977 2984 3180 3038 macula
3209 2984 3510 3038 ebriositas.
3540 2985 3647 3038 Sed

2065 3077 2210 3146 prius
2260 3076 2437 3146 legant
2490 3075 2680 3144 quibus
2732 3075 3004 3130 sceleratis
3050 3075 3294 3130 ebriosos
3345 3076 3648 3144 adjuuxcrit

2064 3167 2370 3236 Apostolus.
2418 3165 2606 3220 Utrum
2653 3165 2871 3218 avaritia
2919 3165 3060 3218 nulla
3109 3166 3177 3218 sit
3222 3166 3456 3225 macula,
3489 3181 3647 3234 quam

2065 3259 2204 3313 idem
2233 3258 2506 3328 apostolus
2533 3259 2611 3312 sic
2647 3257 2969 3324 detestatur,
3005 3267 3062 3312 ut
3088 3257 3348 3312 idolorum
3378 3267 3650 3328 comparet

2063 3351 2304 3406 servituti
2339 3349 2553 3420 (Ephcs.
2586 3365 2638 3415 v,
2669 3350 2746 3416 5).

2135 3441 2223 3495 id.
2253 3441 2351 3508 Qui
2379 3449 2553 3494 autem
2577 3440 2870 3494 rectissime
2891 3440 3119 3509 sapiunt,
3146 3440 3442 3510 intelligunt
3463 3456 3649 3509 quem-

2064 3534 2194 3588 libet
2221 3533 2491 3587 hominum
2511 3573 2528 3596 ,
2560 3532 2801 3601 quamvis
2827 3531 2934 3600 jam
2967 3547 3062 3600 pro
3087 3533 3354 3586 consortio
3380 3532 3649 3587 societatis

2064 3625 2313 3679 humana:
2355 3637 2460 3677 non
2501 3623 2728 3678 absurde
2757 3623 2858 3677 dici
2903 3624 3067 3692 possit
3102 3623 3395 3692 jttstissime
3436 3624 3644 3689 vivere;

2064 3731 2170 3770 non
2200 3730 2358 3786 posse
2384 3723 2560 3768 tamen
2587 3729 2707 3770 esse
2735 3714 2850 3768 sine
2873 3713 3054 3783 aliquo
3078 3715 3228 3778 vitio,
3254 3716 3504 3784 quamdiu
3531 3732 3648 3768 caro

2063 3807 2370 3875 concupiscit
2400 3804 2639 3856 adversus
2667 3804 2900 3871 spiritum
2919 3843 2933 3866 ,
2966 3805 3172 3874 spiritus
3201 3815 3367 3859 autem
3409 3805 3648 3859 adversus

2063 3911 2265 3948 carnem
2294 3892 2490 3966 (Colat.
2517 3908 2572 3959 v,
2606 3892 2714 3962 i7).
2741 3893 2828 3954 Et,
2863 3893 2962 3957 Qui
2990 3902 3139 3946 natus
3171 3904 3244 3946 est
3279 3912 3342 3949 ea:
3379 3894 3515 3961 Deo,
3548 3914 3648 3950 non

2065 3994 2234 4057 peccat
2260 3985 2306 4054 (l
2334 3984 2490 4039 Joan.
2520 3999 2596 4047 ιιι,
2628 3983 2683 4052 9)
2714 3999 2728 4037 :
2760 3992 2832 4047 et,
2864 3981 2924 4038 St
2955 3982 3227 4037 dixerimus
3251 3984 3365 4053 quia
3393 3998 3648 4054 peccatum

2020 4121 2022 4124 .
2064 4092 2166 4130 non
2191 4075 2448 4138 habemus,
2475 4074 2804 4142 nosmetipsos
2827 4073 3131 4140 seducimus,
3153 4084 3200 4128 et
3226 4075 3406 4128 veritas
3429 4075 3481 4128 in
3508 4077 3648 4130 nobis

2064 4183 2165 4220 non
2191 4175 2263 4220 est
2290 4164 2454 4236 (Ibid.
2481 4181 2518 4230 ι,
2547 4165 2627 4235 8).
2653 4163 2906 4231 Quamvis
2929 4165 3071 4219 enim
3101 4165 3152 4218 in
3177 4173 3429 4234 quantum
3450 4181 3516 4221 ex
3541 4167 3648 4222 Deo

2065 4257 2175 4311 nati
2203 4271 2388 4311 sumus
2417 4271 2522 4310 non
2550 4270 2833 4325 peccemus
2852 4297 2868 4322 ,
2899 4255 3034 4309 inest
3071 4264 3247 4310 tamen
3288 4256 3460 4312 adhuc
3490 4258 3647 4312 etiam

2065 4347 2206 4418 quod
2233 4362 2297 4402 ex
2326 4346 2492 4401 Adam
2527 4346 2634 4400 nati
2659 4361 2842 4401 sumus
2861 4387 2875 4411 ,
2905 4347 3028 4416 quia
3059 4348 3291 4402 nondum
3321 4349 3554 4418 absorpta
3577 4358 3650 4404 est

2067 4455 2201 4492 mors
2230 4439 2283 4492 in
2308 4437 2566 4492 uictoriam
2597 4437 2636 4506 (l
2664 4436 2781 4492 Cor.
2811 4437 3018 4508 xv,.54)
3039 4481 3054 4504 ,
3087 4439 3228 4508 quod
3259 4441 3418 4494 etiam
3450 4442 3501 4495 in
3531 4455 3651 4496 cor-

2067 4543 2253 4598 porum
2294 4527 2685 4583 resorrectione
2715 4529 3066 4596 promittitur,
3104 4540 3161 4583 ut
3188 4531 3406 4584 omnino
3433 4532 3568 4587 beati
3595 4543 3650 4587 et

2069 4620 2388 4675 immaculati
2433 4628 2488 4674 et
2535 4619 2825 4688 incorrupti
2869 4621 3070 4683 simus;
3109 4622 3196 4690 qui
3223 4621 3332 4689 jam
3359 4625 3648 4679 secundum

2069 4711 2227 4766 [idem
2254 4711 2349 4778 ﬁlii
2375 4709 2472 4764 Dei
2499 4726 2691 4774 sumus,
2723 4709 2816 4764 sed
2846 4710 3138 4765 secundum
3168 4712 3400 4781 speciem
3429 4715 3648 4768 nondum

2067 4800 2306 4871 apparuit
2330 4799 2463 4865 quod
2481 4800 2670 4853 erimus
2699 4799 2739 4868 (Ι
2763 4798 2920 4854 «Ιοαη.
2945 4815 3020 4863 ιιι,
3042 4797 3120 4869 2).
3144 4799 3382 4854 Nondum
3406 4803 3546 4857 enim
3571 4818 3649 4868 re,

2068 4893 2162 4948 sed
2189 4910 2278 4964 spe
2300 4893 2428 4947 salvi
2452 4893 2574 4964 facti
2601 4908 2794 4946 sumus.
2829 4892 2959 4961 Spes
2983 4901 3148 4945 autem
3173 4909 3283 4962 qua:
3308 4894 3523 4958 videtur,
3554 4911 3651 4946 non

2069 4995 2140 5039 est
2168 5001 2280 5053 spes
2307 5000 2325 5038 .'
2352 4985 2485 5054 quod
2513 4984 2642 5037 enim
2671 4983 2801 5036 uidet
2824 4983 2960 5052 quis,
2999 4983 3119 5050 quid
3152 4984 3359 5051 sperat?
3396 4984 3454 5037 Si
3486 4993 3651 5035 autem

2069 5076 2203 5146 quod
2243 5091 2346 5128 non
2382 5075 2606 5128 videmus
2640 5089 2904 5143 speramus
2923 5113 2938 5139 ,
2965 5090 3052 5142 per
3081 5074 3374 5141 patientiam
3397 5081 3649 5141 exspecta-

2071 5186 2202 5222 mus.
2245 5167 2504 5236 Quamdiu
2556 5177 2733 5222 antem
2783 5180 3150 5233 eXSpcctamus
3201 5184 3296 5237 per
3344 5168 3649 5236 patientiam

2070 5267 2294 5334 corporis
2323 5265 2480 5319 nostri
2509 5264 2897 5333 redemptionem
2928 5264 3100 5333 (Rom.
3131 5279 3221 5316 vttt
3243 5301 3258 5324 ,
3282 5261 3475 5330 25-25)
3495 5301 3511 5322 ,
3545 5275 3647 5316 non

2073 5356 2361 5410 audeamus
2399 5354 2578 5408 dicere
2609 5367 2796 5408 carere
2826 5367 2922 5407 nos
2951 5354 3096 5406 omni
3125 5353 3274 5418 vitio,
3306 5369 3376 5406 ne
3407 5352 3518 5425 ipsa
3559 5364 3651 5403 su-

2077 5446 2254 5516 perbia
2301 5444 2372 5498 sit
2416 5444 2852 5499 immanissimum
2903 5445 3104 5496 vitium.
3150 5441 3471 5510 Evigiletntts
3499 5442 3653 5510 igitur
3703 5507 3712 5520 ﬂ

2142 5623 2157 5652 ¹
2184 5619 2322 5678 Editi,
2346 5617 2562 5682 qttwrsic.
2588 5619 2906 5682 [intendantur
2933 5632 2993 5665 ev
3023 5624 3127 5665 Mss.

2142 5684 2163 5715 ⁸
2183 5684 2256 5730 sic
2280 5680 2382 5730 Mss.
2409 5681 2523 5730 Editi
2548 5693 2684 5739 vero,
2707 5683 2792 5730 sed
2814 5680 3004 5730 iterum.

2147 5745 2167 5774 ³
2185 5751 2359 5792 omnes
2384 5757 2530 5806 prope
2558 5737 2849 5791 \fssfcarcut
2875 5754 3014 5801 voce,
3038 5737 3244 5805 (olfegt'a.
