4050 6206
421 390 489 446 59
1192 380 1462 435 CONTRA
1501 377 1878 435 EPISTOLAM
1918 374 2355 445 PARMENIANI,
2392 374 2448 435 S.
2490 377 2855 435 AUGUSTINI
3620 380 3691 437 60

416 500 718 577 aliquando,
748 508 904 569 atque
927 495 1202 550 videamus
1228 494 1281 548 in
1306 493 1669 548 sacerdotibus
1695 492 1832 547 illius
1863 500 1999 545 tem-

421 597 582 662 poris,
610 606 729 647 cum
755 586 1049 657 corporalia
1076 585 1199 639 vitia
1224 584 1544 647 vitabantur,
1575 584 1721 637 illum
1752 582 1998 652 praeﬁgu-

420 686 521 738 rari
550 684 636 753 qui
660 697 777 737 cum
802 688 944 734 esset
968 678 1126 741 Deus,
1157 677 1323 730 factus
1348 685 1428 729 est
1456 682 1668 744 propter
1693 688 1789 728 nos
1816 672 1993 739 homo,

417 775 561 826 solus
591 786 747 826 verus
772 772 788 801 ¹
820 782 987 839 agnus
1015 767 1379 822 immaculatus
1413 772 1467 820 et
1507 764 1756 820 sacerdos
1784 764 1899 818 sine
1925 763 2001 818 vi-

420 864 513 916 tio.
543 860 770 931 Ideoque
796 870 847 914 et
875 868 998 912 tunc
1026 856 1274 911 sacerdos
1301 855 1445 910 solus
1475 854 1703 908 intrabat
1727 854 1777 906 in
1804 853 1998 908 Sancta

422 961 753 1015 sanctorum,
783 949 1007 1019 populus
1045 957 1221 1001 autem
1270 944 1442 1000 stabat
1483 943 1611 999 foris
1644 962 1657 996 :
1685 943 1823 997 sicut
1860 956 2001 997 nunc

415 1047 505 1102 ille
535 1044 783 1100 sacerdos
810 1053 925 1113 post
951 1040 1392 1096 resurrectionem
1418 1052 1564 1092 suam
1594 1036 1807 1091 intravit
1833 1036 1882 1089 in
1908 1049 1997 1091 se-

418 1148 560 1195 creta
592 1136 871 1199 caelorum,
902 1142 958 1188 ut
987 1133 1053 1187 ad
1082 1132 1353 1187 dexteram
1377 1130 1549 1185 Patris
1578 1128 1875 1198 interpellet
1905 1141 2000 1197 pro

418 1229 590 1283 nobis.
626 1227 858 1298 Populus
886 1233 1061 1279 autem
1093 1223 1242 1293 cujus
1272 1222 1361 1277 ille
1397 1219 1647 1276 sacerdos
1685 1228 1795 1283 est,
1827 1216 2001 1273 adhuc

417 1320 545 1373 loris
574 1318 760 1389 gemit.
800 1317 931 1372 Nam
963 1331 1082 1369 cum
1111 1315 1390 1383 episcopus
1416 1311 1562 1367 solus
1592 1311 1731 1365 intus
1758 1320 1870 1375 est,
1900 1323 2000 1378 po-

420 1408 576 1475 pulus
606 1416 659 1461 et
688 1415 802 1461 orat
832 1420 953 1460 cum
985 1405 1074 1459 illo
1098 1405 1140 1469 ²,
1169 1412 1221 1457 et
1253 1403 1400 1471 quasi
1428 1399 1765 1455 subscribens
1793 1397 1859 1452 ad
1885 1399 2002 1467 ejus

422 1498 581 1551 verba
608 1496 913 1565 respondet,
937 1496 1127 1549 Amen.
1152 1492 1326 1562 Usque
1348 1491 1480 1545 adeo
1508 1500 1630 1544 tunc
1653 1487 1862 1558 quando
1886 1487 2003 1542 sine

420 1590 527 1643 ulla
570 1589 775 1643 macula
818 1597 870 1641 et
911 1587 1026 1641 sine
1072 1586 1229 1647 vitio,
1266 1585 1388 1654 quia
1419 1596 1522 1637 non
1560 1588 1803 1651 poterant
1840 1578 2002 1632 animi

420 1680 778 1743 sacerdotum,
808 1694 1029 1748 corpora
1057 1677 1448 1747 quzcrebantur,
1478 1675 1622 1728 solus
1650 1673 1734 1726 ille
1761 1670 2005 1740 pneﬁgu-

335 1814 341 1825 .
421 1773 671 1837 rabatur,
704 1786 808 1825 non
847 1770 930 1824 isti
970 1767 1185 1836 superbi
1227 1775 1280 1820 et
1313 1765 1487 1834 impii,
1525 1764 1613 1834 qui
1654 1761 2001 1817 fornicantem

420 1863 648 1915 animam
674 1874 777 1914 non
801 1859 975 1913 zelant
999 1872 1215 1927 sponso,
1241 1855 1334 1910 sed
1359 1856 1409 1910 ei
1432 1855 1628 1909 audent
1652 1867 1711 1907 se
1734 1856 2005 1906 ostentare

421 1966 516 2019 prn
546 1965 760 2018 SpnnSO.

489 2038 571 2094 CA
585 2039 716 2096 PUT
760 2038 889 2093 Vlll.
911 2068 982 2079 —-
1008 2038 1093 2093 15.
1129 2037 1193 2091 In
1219 2035 1507 2107 Evangelia,
1539 2033 1726 2105 inquit,
1760 2032 2004 2101 scriptum

422 2139 514 2194 est,
554 2149 572 2181 ι
604 2128 739 2183 Deus
765 2138 1047 2198 peccatores
1077 2144 1175 2182 nou
1202 2127 1341 2181 audit
1365 2145 1382 2179 .'
1406 2125 1493 2179 sed
1521 2125 1562 2178 si
1590 2124 1701 2193 quis
1734 2121 1893 2175 Deum
1921 2137 2006 2173 ro-

419 2220 498 2285 lit,
528 2229 574 2273 et
599 2219 906 2273 voluntatem
934 2220 1043 2289 ejus
1070 2218 1211 2287 facit,
1244 2219 1376 2270 hunc
1403 2216 1544 2269 audit
1574 2212 1750 2286 (Joan.
1778 2228 1858 2278 Ix,
1888 2212 2003 2283 51).

423 2309 489 2363 Et
528 2308 641 2363 hazc
684 2308 925 2363 absoluta
972 2308 1248 2378 responsio
1293 2315 1394 2361 est.
1443 2305 1498 2360 Si
1541 2305 1683 2359 enim
1713 2302 1817 2358 duo
1846 2303 2005 2358 simul

424 2410 607 2463 orent,
641 2413 775 2453 unus
814 2408 1090 2469 peccator,
1124 2408 1177 2453 et
1202 2398 1338 2451 alter
1364 2397 1453 2466 qui
1485 2397 1647 2450 Deum
1673 2394 1802 2449 colit
1827 2402 1880 2449 et
1908 2409 2004 2447 vo-

422 2490 675 2542 luntatem
702 2488 816 2557 ejus
844 2488 986 2554 facit,
1013 2486 1260 2541 nimirum
1289 2486 1436 2540 illum
1458 2484 1622 2550 audit,
1645 2491 1700 2539 et
1724 2484 1868 2538 illum
1896 2498 2004 2537 non

420 2579 610 2634 audit?
637 2579 773 2647 Quid
806 2594 935 2650 ergo
960 2579 1060 2633 sibi
1088 2578 1200 2633 vult
1228 2578 1327 2632 hoc
1354 2576 1733 2641 testimonium,
1760 2575 1847 2630 vel
1873 2590 2007 2645 quo-

423 2668 583 2722 modo
614 2684 708 2738 pro
735 2684 796 2723 se
824 2670 1147 2723 arbitrantur
1184 2682 1303 2723 esse
1342 2666 1743 2737 proferendum,
1772 2680 1890 2720 cum
1925 2665 2005 2719 his

420 2759 597 2814 verbis
623 2760 859 2814 maxime
884 2759 1056 2813 securi
1085 2758 1210 2812 [iant
1239 2759 1377 2811 inter
1405 2756 1573 2810 malos
1600 2755 1746 2819 boui,
1776 2768 1877 2809 nec
1901 2754 2004 2807 ulla

420 2864 579 2904 causa
604 2849 894 2917 corporalis
914 2848 1262 2918 separationis
1285 2848 1496 2908 existat.
1525 2854 1582 2900 ut
1633 2844 1839 2900 nefario
1865 2843 2007 2898 schi-

419 2948 590 2994 smate
632 2939 875 2994 homines
920 2939 1131 2993 etiama
1172 2937 1324 2993 bouis
1368 2952 1462 3007 per
1500 2936 1656 2991 talem
1686 2934 2003 2990 discordiam

419 3038 736 3099 separentur
754 3071 769 3093 ,
797 3028 1225 3099 quandoquidem
1258 3037 1477 3097 possunt
1502 3036 1557 3082 et
1585 3026 1710 3080 mali
1742 3025 1879 3079 inter
1907 3025 2004 3080 bo-

418 3136 521 3175 nos
564 3122 803 3177 exaudiri
851 3131 1066 3190 propter
1111 3121 1266 3174 Iidem
1315 3119 1501 3175 suam?
1548 3120 1688 3173 Deus
1728 3116 1868 3173 enim
1913 3117 2004 3186 qui

420 3210 597 3264 cordis
625 3210 895 3281 inspector
918 3219 1000 3264 est
1020 3253 1032 3272 ,
1063 3225 1166 3264 non
1193 3219 1361 3275 errat,
1396 3221 1449 3263 ut
1478 3210 1636 3261 alium
1671 3224 1765 3277 pro
1792 3206 1897 3260 alio
1921 3206 2003 3262 vel

421 3301 668 3356 exaudiat
713 3302 794 3355 vel
840 3303 1079 3373 repellat.
1128 3303 1208 3355 An
1254 3312 1530 3372 propterea
1567 3301 1750 3356 dicunt
1779 3300 1913 3365 hoc,
1948 3308 2005 3354 ut

422 3392 744 3463 intelligatur
770 3394 938 3448 malus
967 3396 1246 3463 episcopus
1285 3409 1392 3447 non
1437 3392 1705 3453 exaudiri,
1746 3406 1866 3445 cum
1908 3406 2003 3461 pro

422 3484 617 3554 popqu
659 3486 848 3555 rogat?
890 3485 1040 3552 Quod
1083 3486 1179 3539 etsi
1221 3486 1291 3539 ita
1331 3495 1503 3550 esset,
1536 3500 1640 3539 non
1672 3484 1790 3539 ideo
1826 3492 2001 3538 tamen

422 3575 676 3645 populus,
719 3577 763 3630 si
811 3577 980 3631 bonus
1023 3586 1180 3648 atque
1226 3578 1394 3631 lidelis
1432 3588 1548 3640 est,
1590 3578 1845 3632 sollicitus
1882 3590 2003 3633 esse

416 3664 660 3720 deberet.
703 3668 930 3721 Securos
968 3668 1110 3722 enim
1153 3667 1272 3722 illos
1301 3666 1425 3722 facit
1449 3667 1720 3737 Scriptura
1749 3685 1864 3738 qua:
1888 3669 1997 3724 ait:

422 3755 665 3823 Fratres,
699 3758 806 3812 hare
849 3758 1009 3813 scribo
1047 3760 1212 3827 vobis,
1248 3769 1303 3812 ut
1344 3775 1443 3813 non
1474 3761 1683 3829 peccetis
1707 3776 1726 3813 :
1750 3769 1795 3815 et
1823 3761 1867 3814 si
1890 3763 2003 3829 quis

417 3850 718 3916 peccat-erit,
744 3850 1040 3905 advocatum
1066 3852 1303 3906 habemus
1320 3853 1388 3904 ad
1416 3850 1639 3917 Patrem,
1660 3853 1845 3908 Jesum
1865 3852 2003 3909 Citri-

420 3947 554 3991 stum
572 3940 807 4010 justum;
833 3950 877 3994 et
902 3943 1011 4011 ipse
1036 3952 1109 3996 est
1138 3943 1427 4013 propitiatio
1458 3960 1549 4012 pro
1578 3945 1794 4014 peccatis
1819 3948 2002 4000 nostris

418 4028 467 4100 (1
494 4030 651 4086 Joan.
679 4047 749 4099 ιι,
783 4034 834 4096 l,
862 4032 939 4105 2).
973 4034 1081 4090 lloc
1109 4050 1266 4105 quam
1304 4035 1478 4088 veraci
1514 4043 1568 4088 et
1594 4036 1676 4103 pia
1709 4035 2002 4092 humilitate

414 4121 619 4176 dictum
664 4122 733 4176 sit
774 4123 1024 4188 audiant,
1058 4125 1108 4177 si
1154 4123 1347 4177 habent
1388 4136 1545 4177 aures
1584 4123 1722 4177 unde
1763 4125 1998 4179 audiant.

421 4210 656 4267 Joannes
681 4214 820 4267 enim
850 4215 999 4280 dixit,
1032 4213 1156 4268 [hac
1183 4212 1345 4266 scribo
1369 4212 1524 4275 vobis,
1560 4223 1616 4267 ut
1642 4231 1743 4268 non
1770 4217 1997 4285 peccetis.

411 4299 474 4355 ἐἰ
506 4302 681 4370 itaque
717 4311 1066 4370 sequeretur,
1098 4310 1152 4357 ct
1180 4302 1381 4357 diceret
1404 4302 1447 4370 ³,
1478 4303 1540 4357 Ει
1573 4303 1616 4357 si
1658 4305 1775 4374 quis
1809 4321 2000 4375 pecul-

419 4392 584 4453 verit,
613 4392 925 4447 advocatum
967 4392 1173 4449 habetis
1199 4394 1264 4449 ad
1294 4395 1503 4450 Patrem
1529 4395 1707 4450 Jesum
1733 4396 1999 4454 Christum

412 4477 652 4551 justum;
693 4490 750 4537 et
789 4480 902 4551 ipse
935 4490 1017 4538 est
1056 4484 1360 4554 prupitiatio
1389 4500 1485 4555 pro
1514 4486 1746 4555 peccatis
1773 4488 1997 4554 vestris;

410 4585 479 4625 se
504 4570 674 4640 ipsum
701 4586 731 4625 a
757 4572 1098 4641 peccantibus
1134 4577 1284 4644 quasi
1323 4591 1633 4647 segregasse
1662 4575 1685 4608 ⁸
1708 4576 1997 4647 videretur,

416 4668 477 4713 ut
505 4660 615 4729 jam
644 4675 751 4715 non
796 4663 843 4717 ei
889 4677 1023 4732 opus
1063 4675 1206 4720 esset
1245 4666 1633 4736 propinatione,
1674 4683 1792 4735 qua:
1824 4668 1879 4724 lit
1905 4684 2001 4739 per

415 4749 759 4807 Mcdiatorem
785 4752 1060 4811 sedentem
1086 4756 1151 4811 ad
1179 4756 1449 4813 dexteram
1477 4758 1645 4813 Patris
1668 4769 1724 4815 et
1749 4760 2001 4830 interpel-

416 4839 615 4895 lantem
646 4857 745 4913 pro
774 4843 925 4900 nobis
971 4845 1143 4918 (Rom.
1173 4863 1260 4902 vui
1281 4888 1296 4913 ,
1326 4849 1436 4918 54).
1478 4847 1627 4915 Quod
1671 4850 1852 4921 utique
1891 4867 1996 4907 non

414 4929 591 4985 solum
636 4934 891 5002 superbe,
936 4937 1028 4991 sed
1066 4938 1225 4992 etiam
1258 4938 1390 4992 falso
1418 4939 1635 4994 diceret.
1666 4940 1719 4995 Si
1760 4955 1888 4996 vero
1926 4942 1997 4996 ita

412 5021 638 5088 diceret,
668 5023 793 5081 ﬂa‘c
817 5026 1004 5096 scripsi
1031 5028 1199 5095 vobis,
1228 5038 1286 5084 ut
1310 5045 1413 5084 non
1443 5031 1670 5099 peccetis
1694 5048 1708 5085 :
1728 5038 1785 5085 et
1808 5031 1851 5085 si
1879 5031 1997 5101 quis

414 5114 734 5186 peccaverit,
766 5116 1111 5173 mediatorem
1140 5136 1222 5175 me
1251 5120 1455 5175 habetis
1478 5121 1544 5175 ad
1566 5121 1795 5184 Patrem,
1823 5131 1877 5175 et
1897 5138 1996 5192 ego

411 5216 582 5257 exoro
603 5218 697 5273 pro
721 5208 955 5272 peccatis
972 5209 1159 5263 vestris
1187 5211 1346 5277 (sicut
1368 5210 1747 5265 Parincnianus
1767 5211 1993 5279 quodam

415 5290 535 5347 loco
572 5293 915 5349 mediatorem
958 5299 1130 5367 posuit
1162 5301 1465 5370 episc0pum
1499 5300 1635 5354 inter
1665 5300 1912 5369 populum
1943 5308 1995 5355 et

475 5428 496 5516 ζ
707 5441 862 5516 uerus,
891 5430 1188 5516 {plerisque
1212 5441 1317 5484 Mss.

506 5494 591 5557 sic
611 5496 683 5538 Er.
709 5498 888 5557 etmv.
916 5502 971 5542 Αῑ
1009 5494 1158 5542 editio
1200 5496 1566 5557 (imminutum
1598 5508 1707 5544 cum
1743 5495 1996 5557 Δ(ςειιιιιιέιιιίει

411 5546 656 5619 calicibus
679 5552 952 5619 Michaelino
978 5563 1029 5603 et
1065 5555 1360 5619 t‘ratellensi,
1397 5570 1509 5606 nam
1544 5569 1654 5607 cum
1674 5554 1893 5619 episcopo
1914 5569 1994 5605 sa-

412 5617 501 5677 nus
520 5615 646 5677 tutus
668 5620 736 5662 est
759 5615 976 5677 populus,
1002 5622 1047 5665 et
1068 5624 1171 5665 orat
1195 5631 1303 5667 cunt
1327 5618 1425 5669 illo.

479 5668 499 5729 ἒ
524 5674 569 5715 In
588 5679 720 5729 uss,
750 5668 799 5724 iu
821 5668 1017 5728 'diceret.

413 5727 739 5843 q(gallicani
790 5745 923 5799 \tss.,
964 5727 1014 5789 Va
1069 5740 1371 5803 peccantibus
1438 5753 1752 5807 seqrcruassc;
1799 5753 1991 5793 utilisse.

2111 490 2336 561 Deum);
2366 489 2485 560 quis
2506 502 2630 545 eum
2653 492 2812 545 ferret
2835 491 3091 545 bonorum
3113 499 3271 561 atque
3294 492 3525 547 ﬁdelium
3546 494 3689 549 chri-

2108 583 2437 638 stianorum?
2464 583 2584 653 quis
2608 583 2743 637 sicut
2772 583 3065 652 apostolum
3090 582 3312 648 Christi,
3340 593 3395 638 et
3422 600 3525 639 non
3553 585 3689 639 sicut

2107 672 2475 729 antichristum
2517 673 2849 729 intueretur?
2894 673 2960 727 Et
2992 682 3164 727 tamen
3204 674 3349 728 lacus
3386 673 3563 728 detriti
3602 673 3689 730 l'u-

2108 780 2313 820 mosam
2339 780 2531 836 aquam
2587 766 2810 821 istorum
2847 764 3150 834 superbiam
3188 764 3363 819 ferunt
3385 766 3431 832 ί,
3473 774 3528 819 et
3564 765 3686 833 Spi-

2108 857 2270 912 ritum
2313 866 2553 912 sanctum
2601 857 2879 912 continere
2928 869 3032 910 non
3077 864 3333 925 possunt,
3379 865 3434 908 ut
3477 864 3692 909 servent

2109 948 2364 1004 unitatem
2407 947 2622 1018 Spiritus
2658 948 2712 1002 in
2750 947 2961 1002 vinculo
2991 946 3135 1016 pacis
3170 946 3385 1019 (Epltcs.
3416 962 3488 1011 tv,
3517 948 3574 1015 ὅ)
3595 988 3609 1012 ,
3638 958 3691 1001 ct

2109 1040 2162 1095 in
2203 1039 2451 1097 omnibus
2488 1039 2819 1096 orationibus
2860 1039 2973 1095 suis
3017 1037 3084 1093 de
3121 1052 3230 1093 uno
3270 1038 3560 1095 mediatore
3599 1053 3688 1092 se-

2108 1130 2220 1185 curi
2249 1131 2375 1185 sint.

2183 1222 2271 1277 l6.
2314 1221 2565 1279 Homines
2611 1221 2751 1278 enim
2795 1235 2984 1278 omnes
3027 1220 3303 1278 christiani
3350 1221 3576 1276 invicem
3626 1235 3689 1276 se

2110 1313 2487 1369 Commendaut
2513 1313 2842 1370 orationibus
2873 1314 3006 1369 suis.
3038 1313 3142 1369 Pro
3170 1328 3276 1384 quo
3310 1324 3486 1367 autem
3514 1313 3689 1369 nullus

2112 1404 2453 1473 interpellat,
2480 1404 2577 1460 sed
2622 1405 2738 1475 ipse
2770 1419 2867 1474 pro
2889 1405 3139 1459 omnibus
3161 1444 3180 1471 ,
3228 1403 3313 1458 hic
3342 1419 3477 1459 unus
3509 1417 3692 1457 verus-

2110 1511 2214 1565 que
2255 1496 2512 1552 Mediator
2546 1505 2631 1552 est
2667 1513 2680 1550 :
2718 1496 2869 1565 cujus
2910 1504 3066 1567 typus
3104 1496 3363 1564 quoniam,
3386 1484 3691 1564 praeﬁgura-

2116 1586 2263 1642 batur
2314 1586 2368 1641 in
2411 1587 2687 1643 sacerdote
2734 1587 2940 1643 Veteris
2976 1586 3302 1642 TeStamenti
3328 1626 3343 1650 ,
3375 1586 3549 1639 nullus
3587 1585 3693 1639 illic

2116 1678 2382 1733 invenitur
2425 1693 2607 1733 orasse
2635 1694 2730 1747 pro
2759 1678 3054 1733 sacerdote.
3101 1678 3293 1732 Paulus
3344 1685 3520 1731 autem
3565 1692 3693 1746 apo-

2115 1770 2281 1824 stolus
2322 1785 2623 1840 quanquam
2651 1769 2750 1824 sub
2776 1769 2946 1837 capite
2987 1768 3307 1838 prmcipuum
3351 1768 3650 1821 membrum
3674 1808 3691 1830 ,

2115 1860 2209 1914 sed
2258 1871 2433 1914 tamen
2479 1861 2601 1927 quia
2643 1860 2938 1915 membrum
2968 1866 3051 1913 est
3081 1858 3319 1926 corporis
3362 1858 3594 1923 Christi,
3640 1867 3697 1911 et

2117 1958 2339 2003 noverat
2366 1964 2470 2002 non
2508 1964 2603 2018 per
2628 1949 2849 2018 ﬁguram
2890 1949 2943 2002 in
2981 1948 3228 2002 interiora
3260 1947 3362 2001 veli
3406 1946 3471 2001 ad
3502 1948 3691 2002 Sancta

2115 2047 2418 2093 sanctorum
2468 2038 2667 2109 (Hebr.
2717 2054 2770 2092 IX
2797 2036 2986 2108 ,12),
3038 2037 3133 2092 sed
3178 2052 3273 2106 per
3311 2051 3612 2106 expressam
3642 2046 3697 2092 et

2114 2128 2373 2183 redditam
2419 2128 2695 2183 veritatem
2719 2128 2739 2159 ⁸
2771 2128 2825 2181 in
2862 2127 3113 2181 interiora
3157 2125 3311 2191 eteli,
3356 2126 3420 2180 ad
3448 2127 3697 2181 sanctita-

2117 2227 2223 2273 tem
2250 2234 2354 2273 non
2384 2218 2779 2290 imaginariam,
2828 2219 2922 2274 sed
2959 2229 3213 2275 teternam
3240 2259 3254 2282 ,
3283 2233 3382 2289 pro
3431 2218 3582 2273 nobis
3609 2219 3695 2274 in-

2116 2318 2285 2364 trasse
2314 2310 2601 2363 maximum
2644 2317 2699 2364 et
2730 2308 3064 2364 verissimum
3094 2308 3424 2364 sacerdotem
3446 2349 3461 2374 ,
3507 2308 3695 2364 Eccle-

2114 2399 2208 2453 sia:
2233 2414 2293 2454 se
2320 2398 2646 2454 orationibus
2675 2408 2732 2455 et
2760 2400 2872 2468 ipse
2899 2398 3238 2453 commendat
3262 2398 3283 2429 ³
3312 2417 3326 2453 ;
3368 2413 3464 2453 nec
3491 2399 3693 2452 media-

2117 2497 2285 2544 torem
2323 2504 2382 2544 se
2423 2487 2544 2543 iacit
2571 2489 2709 2543 inter
2754 2487 3003 2559 p0pulum
3051 2496 3105 2543 et
3132 2489 3294 2543 Deum
3325 2505 3340 2547 ;
3370 2488 3464 2542 sed
3506 2487 3696 2557 rogat"

2117 2588 2173 2633 ut
2214 2595 2309 2649 pro
2358 2596 2417 2637 se
2466 2589 2621 2636 orent.
2662 2581 2894 2636 invicem
2942 2582 3117 2634 omnia
3168 2582 3402 2635 membra
3458 2582 3698 2649 corporis

2112 2672 2306 2727 Christi
2337 2689 2350 2725 :
2374 2673 2623 2742 quoniam
2650 2687 2744 2741 pro
2772 2672 2995 2726 invicem
3020 2671 3242 2726 sollicita
3282 2679 3405 2726 sunt
3433 2671 3692 2735 membra,

2114 2772 2169 2818 et
2214 2764 2259 2817 si
2303 2764 2496 2832 patitur
2520 2779 2685 2817 unum
2714 2763 3008 2817 membrum
3032 2802 3049 2828 ,
3088 2761 3477 2831 compatiuntur
3514 2761 3693 2815 omnia

2115 2852 2352 2907 membra
2399 2869 2413 2919 ;
2450 2861 2506 2908 et
2545 2853 2590 2906 si
2636 2852 2957 2923 gloriﬁcatur
2996 2866 3157 2905 unum
3189 2850 3480 2904 membrum
3514 2890 3529 2915 ,
3561 2865 3693 2904 con-

2113 2942 2345 3012 gaudent
2385 2942 2562 2998 omnia
2590 2943 2826 2998 membra
2854 2942 2872 3011 (
2895 2940 2915 2995 ι
2941 2941 3057 2995 Cor.
3089 2957 3161 2996 χιι
3183 2981 3199 3007 ,
3228 2941 3318 3005 25,
3345 2939 3455 3012 26)
3488 2958 3501 2993 :
3531 2959 3593 2995 ae
3617 2943 3694 2998 sic

2111 3032 2282 3086 oratio
2334 3047 2430 3102 pro
2473 3032 2697 3088 invicem
2742 3032 3099 3087 membrorum
3148 3031 3383 3085 omnium
3429 3032 3600 3086 adhuc
3640 3033 3692 3087 in

2113 3134 2251 3180 terra
2296 3124 2669 3191 laborantium,
2712 3125 2963 3179 ascendat
3012 3122 3076 3178 ad
3106 3132 3263 3192 caput
3301 3123 3440 3193 quod
3464 3139 3692 3192 praeces-

2110 3218 2181 3272 sit
2209 3218 2262 3271 in
2290 3218 2513 3284 coelum,
2554 3217 2606 3271 in
2643 3231 2750 3286 quo
2777 3226 2859 3270 est
2887 3216 3187 3285 pr0pitiatio
3212 3230 3305 3285 pro
3328 3216 3556 3284 peccatis
3594 3231 3691 3268 no-

2108 3307 2256 3362 stris.
2295 3306 2425 3362 Nam
2472 3308 2517 3361 si
2542 3315 2689 3362 esset
2734 3306 2993 3359 mediator
3039 3304 3264 3369 Paulus,
3295 3313 3475 3358 essent
3513 3305 3690 3372 utique
3732 3335 3742 3344 -

2109 3405 2165 3452 et
2202 3398 2382 3453 caeteri
2428 3396 2717 3466 eoapostoli
2759 3396 2907 3465 ejus,
2942 3410 3005 3449 ac
3052 3396 3128 3449 sic
3175 3394 3325 3446 multi
3373 3394 3688 3447 mediatores

2110 3498 2288 3545 essent
2319 3504 2334 3553 ;
2382 3503 2479 3543 nec
2524 3489 2623 3558 ipsi
2659 3487 2824 3542 Paulo
2853 3495 3117 3540 constaret
3157 3484 3290 3537 ratio
3318 3500 3420 3552 qua
3449 3484 3686 3546 dixerat,

2114 3579 2257 3634 Unus
2272 3579 2404 3633 enim
2422 3576 2575 3641 Deus,
2599 3593 2727 3630 unus
2743 3584 2787 3628 et
2807 3575 3051 3627 mediator
3076 3572 3166 3625 Dei
3193 3582 3238 3625 et
3261 3573 3517 3625 horninum
3539 3574 3689 3627 homo

2110 3668 2338 3724 Christus
2374 3668 2526 3722 Iesus
2548 3667 2608 3739 (l
2630 3666 2760 3720 Tim.
2789 3681 2845 3730 ιι,
2873 3665 2965 3735 5).
2988 3663 3044 3717 lu
3073 3679 3178 3733 quo
3203 3672 3257 3718 et
3282 3678 3378 3716 nos
3408 3680 3567 3716 unum
3599 3678 3690 3717 su-

2110 3774 2249 3824 mus,
2283 3759 2326 3813 si
2356 3771 2630 3812 servemus
2653 3755 2906 3810 unitatem
2932 3754 3148 3824 spiritus
3175 3754 3224 3806 in
3257 3754 3466 3808 vinculo
3494 3754 3638 3822 pacis
3671 3774 3687 3808 :

2110 3867 2211 3907 nec
2258 3858 2474 3921 propter
2512 3850 2680 3904 malos
2733 3849 2899 3903 bonos
2947 3846 3289 3911 deseramus,
3338 3845 3431 3900 sed
3472 3856 3691 3917 pr0pter

2106 3944 2278 3998 bonos
2317 3941 2486 3995 malos
2533 3939 2890 4003 suﬁ‘eramus;
2942 3951 3009 3991 ne
3045 3951 3164 3991 eum
3212 3935 3496 3990 defendere
3541 3938 3692 3991 volu-

2109 4051 2247 4100 mus,
2265 4033 2405 4105 quod
2437 4033 2715 4087 temeraria
2740 4028 3151 4101 prmsumptione
3168 4028 3476 4098 reliquimus
3497 4028 3517 4059 '
3546 4028 3691 4082 inco-

2106 4127 2281 4197 gnitos
2306 4165 2325 4192 ,
2372 4138 2625 4195 cogamur
2698 4120 2888 4192 majori
2956 4119 3159 4176 scelere
3198 4118 3453 4173 damnare
3482 4118 3689 4173 inaudi-

2109 4227 2213 4274 ιοε.

2176 4313 2268 4367 17.
2308 4309 2442 4367 Cum
2478 4309 2636 4365 etiam
2680 4314 2881 4363 certum
2923 4304 2995 4359 sit
3046 4302 3167 4374 quia
3215 4311 3519 4374 peccatores
3551 4302 3689 4359 Deus

2108 4404 2256 4458 audit
2303 4420 2317 4456 :
2367 4401 2506 4473 quod
2533 4398 2746 4470 quidem
2774 4396 3037 4452 invenitur
3063 4396 3117 4452 in
3147 4395 3454 4464 Scripturis.
3476 4394 3686 4449 Balaam

2108 4493 2366 4565 propheta
2395 4507 2502 4547 non
2526 4490 2592 4545 de
2618 4489 2814 4559 populo
2843 4486 3006 4542 Israel
3026 4527 3039 4552 ,
3067 4485 3162 4542 sed
3193 4485 3483 4556 alienigena
3508 4526 3523 4551 ,
3552 4500 3688 4539 con-

2108 4586 2300 4640 ductus
2323 4583 2391 4637 ab
2415 4581 2628 4637 inimico
2654 4580 2676 4611 ⁶
2703 4588 2759 4634 ιιι
2794 4577 2988 4649 populo
3016 4578 3106 4633 Dei
3144 4575 3516 4641 malediceret,
3560 4590 3689 4629 cou-

2109 4692 2295 4734 vcrsus
2312 4692 2342 4730 a
2366 4674 2588 4730 Domino
2611 4671 2679 4728 ad
2703 4669 3121 4728 benedicendum
3149 4678 3231 4725 est
3254 4671 3274 4741 (
3299 4666 3454 4722 Num.
3481 4665 3645 4738 xxiv)
3675 4682 3686 4717 :

2172 4813 2188 4844 ί
2214 4809 2419 4861 Vaticani
2443 4808 2661 4874 codices,
2700 4806 2934 4874 fumum
2959 4804 3158 4874 istorum
3193 4801 3467 4874 superbiam
3490 4803 3684 4868 rerum;

2106 4874 2299 4931 omisso,
2325 4882 2516 4934 alutam.
2539 4868 2762 4934 Galliqini
2776 4868 2880 4934 duo
2899 4874 3024 4934 Mss,
3051 4868 3285 4934 [annosum
3305 4868 3506 4934 istorum
3527 4878 3686 4915 asser-

2104 4926 2296 5003 titmem'
2321 4926 2551 5003 fecerunt.
2589 4930 2929 5003 Beniguianus,
2954 4926 3188 5003 [ultimam
3208 4926 3432 5003 fuerunt
3472 4926 3688 5003 [eretum

2105 4988 2456 5047 conscienlimn.
2501 4988 2730 5040 Nonnulli
2762 4988 2961 5039 tandem
2998 4988 3174 5052 Belgici
3208 4995 3439 5050 Mss,va
3462 5020 3478 5045 ,
3515 5000 3661 5049 super

2104 5058 2252 5124 δίωκε
2273 5058 2475 5124 habent?
2968 5119 2978 5124 _
3010 5109 3035 5124 ..
3226 5078 3229 5079 ⁷
3306 5108 3317 5119 .

2167 5122 2187 5153 ³
2212 5109 2284 5168 sic
2302 5109 2483 5167 habent
2499 5109 2611 5175 Mss.
2635 5113 2753 5163 Editi
2776 5125 2916 5169 vero,
2933 5119 2979 5163 et
3001 5109 3480 5175 ﬁrmamrveritatcm.

2169 5181 2189 5213 ³
2215 5180 2351 5235 Editi,
2376 5183 2421 5226 et
2445 5173 2745 5225 verissimum
2770 5168 3069 5224 sacerdotem
3099 5171 3341 5235 Ecclesite,
3376 5183 3425 5221 se
3457 5168 3668 5222 orationi

2105 5241 2191 5292 bus
2214 5232 2434 5306 ﬁdelium
2454 5243 2499 5288 et
2521 5235 2622 5300 ipse
2645 5236 2963 5286 conunendat.
2990 5238 3156 5294 Abest,
3185 5232 3421 5297 ﬁdelium,
3452 5243 3482 5279 a
3514 5244 3684 5281 mauu-

2098 5308 2430 5425 “ﬁgam
2447 5366 2559 5426 ‘alss.
2584 5366 2903 5426 prazterettnt,
2926 5358 3011 5426 sed
3028 5362 3177 5426 rogat.
3203 5361 3255 5405 Et
3276 5352 3403 5426 infra.
3414 5358 3537 5414 post.
3556 5366 3686 5426 ,φησι

2097 5426 2307 5487 gaudeat
2329 5414 2489 5487 duritia
2508 5414 2759 5487 membra;
2789 5421 2859 5468 sic
2888 5414 3101 5487 habent;
3123 5415 3286 5487 diem
3323 5421 3505 5487 autem,_
3533 5414 3687 5464 Adro-

2098 5475 2262 5537 Zatum
2283 5483 2465 5547 habetis
2483 5494 2569 5547 pro
2582 5475 3299 5547 saluteimembrorum'onmium
3314 5475 3472 5547 adhuc
3488 5475 3536 5525 in
3556 5489 3687 5546 :err_a

2100 5546 2432 5618 laborantium,
2457 5539 2667 5615 ascendit
2689 5542 2753 5593 ad
2782 5549 2943 5607 caput,
2971 5550 3094 5602 etc.;
3119 5540 3309 5590 omissis
3339 5539 3518 5597 verbis,
3535 5550 3594 5588 ac
3614 5539 3685 5588 sic

2096 5616 2361 5675 oratiopro
2378 5619 2594 5675 vitarem.
2848 5666 2876 5675 η
2981 5664 2992 5675 ,

2160 5673 2179 5704 ⁸
2206 5666 2319 5720 Fditi
2346 5676 2397 5719 et
2418 5669 2610 5730 quidam
2634 5676 2761 5726 atas,
2785 5666 3112 5730 relinqus'taus.
3238 5724 3249 5730 _
3294 5728 3298 5730 Α
3656 5719 3681 5730 ,,

2114 5734 2180 5842 DG
2208 5734 2342 5790 ttditi,
2367 5721 2618 5780 ab'amiro.
2644 5736 2694 5779 at
2718 5721 2841 5789 uss,
2867 5721 2933 5777 ab'
2962 5724 3152 5776 inimico
3181 5735 3197 5774 :
3238 5721 3487 5786 intelligo,
3523 5721 3682 5785 populi

2154 5809 2209 5842 ea

2134 5796 2209 5844 MV.
