4050 6206
334 314 404 374 81
1630 311 1832 368 LIBER
1870 311 2242 368 SECUNDUS.
3537 323 3607 379 ω

330 430 488 499 cujus
513 426 676 481 verba
714 424 894 481 omnia
923 425 1058 480 bene
1086 422 1426 494 imprecantis
1453 423 1696 479 audimus
1717 465 1733 486 ,
1767 433 1822 478 et
1850 423 1926 479 le-

330 523 510 590 gimus
541 535 556 583 ;
586 527 643 572 et
677 532 805 573 cum
833 515 975 570 aiiud
1017 515 1238 572 haberet
1268 517 1319 570 in
1349 527 1472 570 voto
1499 556 1514 582 ,
1546 516 1715 574 verba,
1747 525 1922 571 tamen

328 609 604 682 precantis
640 618 696 663 et
718 609 857 664 bona
885 617 1008 662 sunt
1035 648 1051 674 ,
1079 617 1134 662 et
1172 621 1269 676 pro
1300 607 1492 676 popuio
1519 607 1870 662 exaudiuntur
1891 623 1921 660 ει

333 700 589 754 Domino.
621 698 771 754 Unde
804 713 910 752 non
949 698 1144 752 mirum
1173 708 1288 764 est,
1327 699 1490 752 verba
1519 699 1654 753 bona
1680 714 1797 767 quae
1826 714 1922 767 pro

333 790 532 859 populo
556 789 806 844 dicuntur
827 789 880 842 in
911 788 1157 858 precibus
1189 829 1204 853 ,
1230 788 1436 843 etiamsi
1489 802 1520 841 a
1559 789 1712 843 malis
1736 789 1920 843 (licun-

333 894 424 938 tur
445 882 714 950 episcopis
734 922 748 944 ,
777 880 1012 936 exaudiri
1060 889 1234 934 tamen
1258 919 1273 943 ,
1305 894 1410 933 non
1451 894 1547 948 pro
1577 879 1919 947 perversitate

333 971 781 1042 purpositorum,
829 968 922 1024 sed
970 983 1066 1038 pro
1116 967 1396 1023 devotione
1438 969 1771 1036 populorum.
1816 967 1916 1022 Ve-

335 1073 632 1117 rumtamen
658 1059 797 1130 quod
823 1060 1079 1128 scriptum
1103 1069 1185 1114 est
1210 1059 1258 1112 in
1289 1058 1573 1128 Evangelio
1593 1100 1607 1124 ,
1635 1057 1771 1112 Deus
1798 1075 1916 1129 pec-

335 1164 529 1207 catores
554 1170 655 1206 non
695 1152 836 1204 audit
875 1167 895 1205 :
927 1154 1015 1204 sed
1039 1153 1082 1205 si
1109 1151 1220 1221 quis
1244 1149 1406 1204 Deum
1432 1151 1579 1214 colit,
1609 1160 1656 1204 et
1685 1151 1917 1204 volunta-

327 1250 430 1295 tem
475 1243 584 1312 ejus
623 1242 833 1313 fecerit.
872 1241 1040 1310 ipsum
1084 1241 1286 1294 mandit
1317 1255 1336 1302 ;
1366 1255 1469 1293 non
1497 1256 1527 1293 a
1557 1241 1785 1296 Domino
1833 1240 1915 1295 di-

329 1343 476 1386 ctum
515 1341 598 1387 est
624 1371 642 1396 ,
681 1331 772 1385 sed
811 1332 880 1383 ab
917 1331 1005 1385 illo
1047 1331 1134 1400 qui
1177 1330 1362 1384 oculos
1388 1333 1628 1400 corporis
1655 1332 1766 1402 jam
1790 1333 1909 1402 qui-

327 1424 454 1476 dem
486 1422 759 1476 restitutos
786 1420 1048 1484 habebat,
1093 1420 1186 1474 scd
1207 1420 1255 1474 ei
1291 1421 1428 1474 oculi
1465 1421 1640 1475 cordis
1678 1422 1908 1476 nondum

327 1512 626 1581 patebant:
671 1510 810 1566 unde
851 1511 1020 1580 ipsum
1063 1510 1342 1564 Dominum
1390 1511 1561 1566 adhuc
1598 1513 1908 1582 prophetam

331 1603 568 1670 putabat.
602 1601 735 1655 Nam
764 1615 883 1654 eum
932 1609 1112 1670 postea
1163 1601 1430 1670 cognitum
1470 1602 1562 1656 Dei
1592 1602 1780 1656 Filium
1808 1603 1906 1658 ad-

323 1693 518 1746 oravit.
555 1690 864 1760 lpseautem
891 1691 1171 1755 Dominus,
1199 1706 1320 1744 cum
1350 1691 1400 1744 in
1428 1706 1532 1745 uno
1555 1692 1754 1761 templo
1781 1708 1900 1747 ora-

325 1789 449 1834 rent
484 1780 774 1849 pliaristcus
811 1787 865 1834 et
894 1779 1202 1847 publicanus
1228 1819 1245 1844 ,
1276 1779 1608 1848 publicanum
1650 1781 1907 1836 confiten-

328 1881 434 1925 tem
469 1880 680 1941 peccata
706 1885 802 1924 sua
831 1868 996 1940 magis
1021 1870 1364 1939 justilicatum
1394 1870 1555 1937 dicit,
1582 1887 1738 1940 quam
1771 1873 1902 1940 plia-

325 1963 537 2018 riseem
555 1964 840 2032 jactamem
859 1963 1044 2018 merita
1069 1977 1165 2016 sua
1197 1961 1358 2032 (Luc.
1383 1979 1528 2025 xvm,
1563 1964 1723 2017 lO-li
1745 1963 1784 2030 ),
1815 1967 1899 2020 cui

321 2056 523 2111 similes
550 2055 636 2109 isti
663 2061 804 2109 sunt.
827 2053 1137 2123 Quanquam
1164 2054 1306 2108 enim
1339 2054 1658 2122 justiﬁcatus
1683 2056 1901 2110 deStite-

323 2148 390 2199 rit
434 2160 554 2200 esse
601 2154 881 2214 peccator,
923 2153 1096 2198 tamen
1140 2154 1197 2198 ut
1237 2143 1613 2213 justiticarctur
1655 2154 1901 2214 peccator

319 2235 502 2287 orabat
527 2275 542 2298 ,
583 2243 640 2288 et
667 2243 915 2303 peccator
939 2233 1288 2288 conﬁtebatur
1315 2235 1331 2265 ί
1361 2242 1417 2289 et
1440 2235 1719 2289 exauditus
1745 2234 1897 2304 iusti-

319 2324 502 2379 ﬁestus
519 2332 622 2388 est,
649 2332 708 2378 ut
733 2323 1003 2378 desineret
1029 2338 1148 2378 esse
1176 2323 1570 2391 peccator.‘Non
1599 2326 1777 2395 utique
1799 2326 1895 2382 de-

316 2417 510 2470 sineret
525 2429 645 2470 esse
673 2423 942 2485 peccator,
964 2415 1064 2470 nisi
1095 2415 1240 2484 prius
1265 2415 1606 2472 exaudiretur
1630 2425 1892 2486 peccator.

317 2504 669 2572 Quamobrem
708 2521 812 2559 non
846 2505 1060 2575 quidem
1096 2520 1308 2565 ouuiem
1354 2516 1684 2575 peccatorem
1727 2523 1893 2562 exau-

309 2596 412 2651 diti
430 2638 446 2660 ,
474 2598 568 2652 sed
599 2607 774 2654 tamen
798 2614 907 2653 non
933 2614 1144 2654 omnem
1163 2609 1498 2670 peccatorem
1526 2617 1632 2656 non
1656 2604 1893 2659 exaudiri

316 2688 507 2742 veritas
535 2690 690 2742 testis
717 2697 820 2743 est.

381 2779 605 2836 CAPUT
647 2780 736 2834 lX.
755 2811 826 2821 —
858 2781 942 2836 18.
965 2781 1231 2851 Objiciunt
1252 2783 1409 2837 etiam
1437 2782 1578 2852 quod
1601 2783 1796 2840 dicitur
1836 2786 1889 2840 in

309 2868 520 2924 Pssimo
547 2887 562 2922 :
595 2868 857 2924 Peccatori
887 2880 1053 2924 autem
1077 2871 1202 2925 dixit
1234 2870 1370 2926 Deus
1405 2887 1426 2926 :
1455 2870 1642 2943 thuid
1679 2877 1890 2944 exponas

305 2961 690 3028 justiﬁcatioues
735 2977 876 3015 meas
893 3002 910 3028 ,
958 2971 1005 3015 et
1061 2963 1278 3016 assumis
1329 2970 1676 3018 testamentum
1721 2981 1888 3020 meum

310 3065 398 3116 per
437 3067 494 3104 os
544 3061 688 3103 tuum
711 3051 738 3104 .9
771 3051 846 3105 Tu
873 3069 990 3105 vero
1026 3052 1177 3106 odisti
1227 3053 1586 3124 disciplinam,
1629 3065 1674 3108 et
1716 3059 1888 3128 proje-

307 3139 420 3192 eisti
451 3156 702 3193 sermones
728 3157 862 3194 meos
900 3150 1054 3196 retro.
1097 3141 1156 3196 Si
1182 3143 1382 3197 videbas
1409 3148 1574 3214 furem
1615 3161 1886 3202 concurre-

306 3227 395 3280 bas
418 3244 532 3281 cum
559 3245 616 3282 eo
636 3269 651 3292 ,
680 3240 728 3282 et
751 3246 868 3283 cum
892 3231 1094 3284 moechis
1118 3232 1420 3302 particulam
1445 3243 1583 3286 tuam
1611 3237 1826 3304 ponebas
1841 3237 1884 3301 ³,

311 3317 383 3371 0s
421 3330 563 3372 tuum
587 3320 858 3375 abundavit
893 3322 1120 3388 malitia,
1148 3333 1195 3375 et
1231 3323 1404 3394 lingua
1432 3332 1520 3377 tua
1556 3327 1887 3382 concinnabat

310 3407 450 3462 dolos
475 3407 516 3461 ³.
546 3409 744 3464 Sedens
781 3412 1017 3465 adversus
1043 3416 1252 3483 fratrm
1293 3423 1434 3466 tuum
1477 3413 1759 3484 loquebaris
1777 3456 1793 3481 ,
1839 3427 1885 3472 et

309 3498 546 3551 adversus
571 3499 733 3566 filium
775 3502 950 3554 matris
991 3510 1090 3556 tute
1129 3501 1348 3574 ponebas
1379 3503 1675 3558 scandatum
1699 3505 1881 3576 (Psal.

309 3601 425 3640 sus
449 3629 467 3650 ,
497 3587 666 3642 16-20
685 3587 727 3659 ).
770 3589 876 3645 Sed
903 3591 1143 3660 aperiant
1176 3591 1458 3662 aliquando
1485 3607 1644 3649 aures
1666 3596 1843 3651 cordis
1864 3639 1880 3666 ,

307 3687 360 3730 et
382 3677 629 3733 desinant
655 3693 774 3735 esse
798 3696 902 3735 non
932 3681 1283 3752 intelligentes
1311 3698 1484 3753 neque
1507 3699 1626 3755 qua:
1654 3686 1883 3756 loquun-

307 3775 392 3822 tur
414 3809 432 3833 ,
461 3785 633 3839 neque
655 3770 724 3826 de
747 3771 937 3840 quibus
962 3771 1227 3828 affirmant
1254 3773 1272 3840 (
1293 3773 1311 3826 1
1343 3773 1473 3828 Tim.
1503 3790 1542 3841 ι,
1566 3776 1598 3829 7
1622 3779 1662 3843 ).
1691 3779 1881 3832 Atten-

306 3856 435 3910 dunt
477 3861 622 3913 enim
671 3859 866 3914 dictum
914 3862 1214 3930 peccatori,
1250 3861 1441 3932 thuid
1485 3864 1695 3933 exponis
1727 3867 1883 3936 justi-

307 3947 561 4013 ﬁcutiones
584 3964 721 4015 meas
740 3989 754 4012 ,
789 3959 836 4003 et
861 3957 1080 4005 assumis
1116 3961 1462 4007 testamentum
1497 3970 1663 4010 meum
1699 3972 1790 4025 per
1827 3973 1884 4013 os

307 4047 443 4092 tuuis
469 4039 496 4093 ?
521 4049 574 4094 et
599 4054 704 4094 non
732 4041 1027 4112 intelligunt
1051 4042 1118 4098 ad
1147 4026 1247 4097 hoc
1270 4043 1469 4100 dictum
1487 4084 1504 4112 ,
1533 4054 1591 4100 ut
1613 4047 1747 4102 sciat
1779 4049 1881 4103 sibi

305 4131 432 4183 nibil
455 4131 707 4199 prodesse
726 4132 884 4188 verba
907 4148 1029 4203 quae
1055 4149 1150 4188 ore
1177 4137 1518 4203 pronuntiat,
1556 4137 1603 4191 si
1631 4137 1772 4206 quod
1798 4137 1881 4193 di-

303 4220 374 4274 cit
417 4220 530 4288 ipse
559 4237 665 4275 non
693 4221 895 4289 faciat;
932 4234 1295 4280 verumtamen
1323 4225 1442 4280 aliis
1478 4225 1734 4294 prodesse
1759 4241 1880 4297 qtae

301 4313 458 4366 etiam
508 4329 604 4382 per
661 4314 828 4370 malos
881 4315 1140 4383 audiunt,
1192 4326 1246 4372 et
1291 4315 1505 4372 faciunt.
1561 4317 1716 4385 Quod
1767 4318 1880 4388 ipse

307 4399 556 4456 Dominus
585 4403 740 4457 docet
776 4405 828 4458 in
863 4404 1185 4475 Evattgclio,
1225 4405 1409 4461 dicens
1435 4405 1505 4462 de
1547 4405 1830 4464 Pharisaei:
1862 4427 1878 4465 :

303 4494 471 4561 Super
502 4495 794 4549 cathedram
825 4495 991 4566 Moysi
1018 4496 1189 4550 sedent
1216 4513 1234 4559 ;
1267 4513 1380 4567 quae
1421 4498 1637 4566 dicunt,
1676 4499 1828 4568 facite
1855 4517 1877 4568 ;

299 4599 414 4652 quc
459 4594 629 4638 autem
677 4585 897 4655 faciunt,
949 4587 1116 4658 facere
1155 4586 1310 4641 nolite
1340 4603 1359 4642 :
1395 4590 1571 4644 dicunt
1609 4590 1740 4644 enim
1764 4632 1780 4659 ,
1829 4601 1878 4646 et

303 4688 400 4727 non
424 4673 616 4744 faciunt
644 4674 663 4743 (
681 4671 866 4728 Matth.
896 4690 1046 4739 χχιιι,
1077 4674 1133 4740 2,
1163 4675 1254 4743 5).

372 4761 458 4817 l9.
508 4763 684 4833 Atque
723 4762 922 4819 utinam
965 4764 1160 4820 vellent
1209 4765 1261 4818 in
1305 4764 1390 4821 bis
1441 4767 1616 4823 verbis
1651 4783 1770 4839 quae
1808 4769 1875 4826 de

304 4853 510 4909 Psalmo
549 4857 900 4910 meminerunt
920 4897 935 4920 ,
964 4872 1023 4912 se
1053 4866 1298 4926 tanquam
1328 4857 1382 4912 in
1411 4860 1628 4928 specqu
1654 4860 1869 4920 intueri.

301 4940 576 5010 Quorundo
624 4959 728 4998 non
779 4944 1062 5014 projieiunt
1111 4960 1385 5001 sermones
1433 4947 1526 5002 Dei
1569 4959 1747 5013 retro.
1783 4952 1871 5020 qui

302 5034 504 5102 pupulis
551 5035 893 5104 pronuntiant
945 5050 1126 5105 pacem
1171 5045 1225 5092 et
1263 5051 1366 5092 non
1404 5048 1584 5092 amant
1629 5055 1811 5109 pacem
1849 5043 1873 5096 ?

362 5228 379 5290 ξ
403 5230 450 5290 tu
474 5233 598 5286 λεδ..
625 5223 1160 5290 peccataconﬁtebatur.

363 5287 382 5352 ξ
403 5288 473 5334 sic
494 5287 702 5352 μεςηίᾼι
725 5287 861 5346 editi,
876 5287 1066 5352 et'cunt
1089 5289 1319 5340 adulteris
1356 5290 1615 5352 portionem
1638 5299 1768 5344 tuam
1793 5307 1874 5352 po-

298 5345 438 5414 nebas
461 5359 478 5396 :
500 5349 750 5414 inquibus
770 5345 929 5414 tamen
955 5349 1099 5414 editis
1120 5359 1303 5411 postea,
1329 5345 1408 5414 ubi
1435 5355 1726 5414 Augustinus
1755 5345 1871 5405 sen-

299 5409 495 5474 tentiam
531 5406 658 5474 illam
682 5409 729 5474 in
763 5406 1340 5474 adversariesrctorquet,
1366 5406 1640 5474 legebatur,
1675 5423 1720 5464 et
1762 5429 1873 5466 cum

298 5467 491 5532 metris
518 5468 823 5532 particulam,
843 5477 937 5519 etc.

357 5531 495 5608 fee
518 5527 1259 5608 transcendendae
1295 5531 1494 5608 ημξιίιίατ
1514 5540 1560 5584 ει
1588 5533 1754 5608 manu
1789 5543 1871 5588 ιιια

357 5544 378 5561 ⁸
403 5544 495 5599 Iste
518 5544 812 5642 versuglmos
846 5544 978 5579 tuum
1002 5544 1259 5582 abundarit
1295 5544 1494 5606 uictum,
1514 5544 1560 5584 et
1588 5544 1754 5608 lingua
1789 5544 1871 5588 tua

298 5603 500 5662 rapiunt.
521 5591 598 5640 bat
622 5591 656 5640 d
756 5628 770 5650 ,
795 5592 937 5662 abest
974 5604 1003 5662 a
1041 5598 1340 5662 Mss.,_ncque
1366 5608 1412 5662 tn
1450 5609 1546 5662 res;
1565 5610 1763 5662 onswne
1785 5611 1871 5647 sua

298 5656 550 5720 quidpiam
579 5666 638 5700 ex
667 5667 728 5720 eo
758 5653 949 5720 repetit
981 5653 1287 5720 ᾼιιεζυδιίηυέ,
1333 5657 1412 5717 qui
1451 5653 1623 5720 legere
1659 5659 1801 5720 solet,
1826 5667 1871 5711 et

302 5711 455 5775 ηεωι
477 5723 555 5761 tua
581 5713 803 5777 mnplexa
820 5711 892 5763 est
917 5711 1227 5764 dolositatem.

2031 424 2305 491 Quomodo
2333 441 2433 480 non
2457 425 2677 481 oderunt
2705 427 3060 498 disciplinam,
3097 431 3186 500 qui
3224 435 3478 488 damnare
3505 449 3605 488 au-

2029 517 2154 569 dent
2199 518 2379 572 orbem
2431 520 2762 578 inauditum.
2819 531 2870 577 et
2917 526 3037 591 quia
3091 538 3184 591 pro
3223 523 3442 591 merito,
3498 527 3614 579 imo

2028 605 2180 674 longe
2225 607 2398 660 minus
2439 610 2664 676 merito,
2698 625 2792 678 pro
2824 612 2952 665 tanti
2995 611 3189 667 furoris
3215 613 3431 668 audacia
3459 656 3474 681 ,
3513 630 3606 668 sc-

2025 697 2255 748 cundum
2285 695 2476 750 divina:
2503 699 2879 752 miscricm-dia:
2922 701 3248 769 disciplinam
3282 704 3604 771 temporales

2023 784 2292 838 molestias
2314 787 2579 856 patiuntur
2597 829 2614 854 ,
2644 804 2746 842 non
2776 799 2986 857 peccata
3015 806 3108 845 sua
3135 792 3308 861 puniri
3336 794 3600 846 confiten-

2026 883 2140 940 tur,
2169 877 2261 929 sed
2289 879 2473 932 merita
2516 880 2757 934 coronari
2787 881 3079 948 gloriantur
3115 881 3138 932 ?
3169 882 3275 936 Eos
3303 897 3432 936 sane
3475 898 3598 937 cum

2025 963 2139 1019 fure
2187 968 2524 1022 concurrisse
2577 983 2680 1023 non
2732 969 2853 1024 dico
2883 971 2943 1023 ‘z
2994 972 3114 1040 quia
3167 972 3281 1026 fure
3324 973 3468 1042 pejor
3515 985 3602 1028 est

2017 1065 2234 1124 raptor,
2278 1057 2418 1127 quod
2448 1073 2566 1114 esse
2609 1059 2838 1130 undique
2881 1061 3310 1116 conclamabatur
3351 1062 3594 1132 Optatos.

2017 1147 2210 1200 Annon
2240 1162 2361 1201 cum
2406 1150 2628 1205 nunchis
2675 1152 2981 1220 particulam
3026 1167 3174 1206 suam
3215 1165 3416 1222 p0nunt
3446 1195 3460 1215 ,
3505 1155 3600 1223 qui

2015 1251 2202 1306 greges
2225 1239 2402 1292 ebrios
2425 1241 2905 1296 sanctimonialium
2945 1258 3158 1296 suarum
3189 1258 3308 1296 cum
3344 1245 3596 1314 gregibus

2015 1325 2179 1380 ebriis
2207 1325 2703 1384 Circumcellionum
2730 1330 2816 1384 die
2844 1339 3106 1399 noctuque
3133 1332 3426 1401 permixtos
3455 1374 3470 1399 ,
3503 1349 3594 1386 va-

2012 1417 2124 1486 gari
2159 1418 2384 1486 turpiter
2421 1420 2651 1474 sinunt?
2681 1423 2869 1482 Annon
2919 1423 3166 1476 sedentes
3190 1421 3452 1476 adversus
3490 1423 3596 1477 fra-

2012 1516 2120 1560 tres
2150 1523 2276 1562 suos
2305 1508 2625 1574 detrahunt,
2657 1513 2746 1578 qui
2775 1521 2987 1579 prOpter
3013 1511 3270 1580 quosdam
3299 1528 3431 1581 quos
3457 1528 3590 1566 ροη-

2012 1598 2222 1652 vincere
2262 1601 2641 1668 nequiveront,
2682 1601 2730 1653 in
2770 1601 3074 1655 lnrreditatc
3102 1601 3296 1655 Christi
3330 1612 3437 1654 toto
3479 1613 3587 1657 ter-

2009 1702 2186 1740 rarum
2215 1689 2343 1743 orbe
2368 1688 2555 1742 diffusa
2587 1690 2914 1744 contendunt
2934 1705 3036 1744 non
3063 1707 3180 1746 esse
3206 1690 3536 1771 Christianos
3563 1692 3588 1746 ἲ

2009 1777 2179 1847 Atque
2208 1780 2276 1832 ita
2321 1779 2576 1834 adversus
2607 1781 2770 1834 lilium
2802 1784 2987 1836 matris
3029 1798 3137 1837 sua:
3161 1825 3176 1848 ,
3216 1782 3268 1837 id
3305 1794 3387 1837 est
3416 1826 3431 1850 ,
3464 1800 3587 1854 par-

2009 1869 2183 1922 vulum
2209 1870 2380 1924 adhuc
2406 1871 2457 1923 in
2478 1871 2582 1925 lide
2601 1881 2654 1924 ct
2681 1871 3145 1928 Sacramentorutn
3177 1873 3311 1928 lacte
3337 1877 3581 1930 nutrien-

2005 1957 2128 2012 dum
2150 1999 2164 2024 ,
2198 1960 2704 2029 perniciosissimum
2747 1963 3054 2017 scandalum
3107 1974 3308 2032 ponunt
3336 1966 3356 1996 ³
3383 2007 3399 2031 ,
3452 1965 3578 2021 dum

2002 2048 2246 2102 nesciens
2283 2048 2454 2105 adhuc
2479 2051 2627 2120 sequi
2668 2051 2833 2106 Deum
2868 2062 3068 2122 patrem
3095 2095 3110 2119 ,
3141 2053 3379 2108 infirmus
3408 2059 3584 2124 sequi-

2003 2147 2088 2191 tur
2114 2138 2378 2193 hominem
2403 2181 2419 2206 ,
2470 2150 2522 2195 et
2565 2142 2808 2196 simulata
2847 2154 3006 2213 atque
3049 2144 3359 2199 adumbrata
3402 2146 3582 2214 specie

2004 2227 2239 2282 veritatis
2274 2229 2480 2283 illectus
2502 2228 2524 2260 ⁸
2547 2269 2562 2292 ,
2605 2229 2672 2283 ab
2699 2231 2910 2284 unitatis
2950 2247 3202 2303 compage
3248 2234 3452 2288 crudeli
3506 2236 3581 2289 la-

1998 2317 2265 2372 ceratione
2291 2317 2573 2373 divellitur.
2601 2319 2705 2374 Sed
2735 2321 2778 2373 si
2805 2323 2882 2374 eis
2913 2324 2999 2391 qui
3039 2324 3174 2377 mala
3201 2340 3304 2377 non
3342 2323 3574 2392 faciunt,

1998 2406 2052 2460 in
2079 2408 2264 2462 eadem
2296 2417 2446 2477 parte
2476 2409 2751 2466 malefacta
2781 2412 3062 2482 displicent
3094 2426 3405 2469 cacterorum
3429 2457 3445 2481 ,
3480 2434 3579 2472 nec

1997 2497 2188 2552 obesse
2236 2497 2338 2553 sibi
2387 2499 2557 2554 aliena
2607 2501 2804 2557 scelera
2849 2504 3096 2568 credunt,
3142 2519 3260 2574 qua:
3307 2507 3357 2559 in
3403 2507 3579 2561 medio

1994 2587 2077 2641 sui
2105 2587 2216 2642 fieri
2244 2599 2464 2658 gemunt
2488 2598 2542 2646 et
2585 2603 2813 2647 maerent
2842 2613 2856 2658 ;
2888 2609 2983 2648 cur
3013 2594 3064 2649 in
3101 2598 3369 2651 communi
3411 2606 3578 2652 sacri-

1995 2675 2131 2745 legio
2160 2678 2460 2734 schismatis
2487 2680 2508 2711 ⁸
2531 2683 2821 2750 perniciose
2851 2686 3114 2752 tolerant,
3143 2702 3277 2758 quos
3307 2687 3576 2745 fructuosa

1995 2767 2220 2820 tolerare
2264 2768 2317 2822 in
2369 2770 2584 2824 unitatis
2621 2771 2920 2842 integritate
2971 2777 3306 2843 potuerunt?
3345 2779 3576 2834 Possunt

1992 2857 2132 2912 enim
2160 2858 2337 2914 dicere
2359 2900 2375 2928 ,
2419 2862 2464 2914 si
2507 2869 2680 2916 tamen
2711 2865 2836 2933 ipsis
2877 2867 3032 2919 rebus
3059 2869 3414 2937 expergefacti
3456 2872 3571 2924 evi-

1991 2948 2156 3018 gilant
2197 2949 2526 3019 aliquando;
2578 2963 2835 3021 possunt,
2891 2956 3145 3026 inquam,
3199 2959 3376 3014 dicere
3432 2963 3572 3016 mala

1991 3039 2318 3108 singulorum
2362 3042 2566 3096 caeteris
2614 3058 2718 3096 non
2747 3045 2970 3107 obesse.
3003 3047 3092 3115 qui
3138 3063 3234 3101 nec
3276 3051 3573 3118 approbant

1991 3144 2090 3183 nec
2139 3128 2338 3184 faciunt
2390 3131 2513 3185 talia
2563 3150 2576 3185 :
2626 3149 2731 3187 non
2784 3145 2956 3188 tamen
2997 3137 3330 3206 singulorum
3371 3141 3569 3194 malum

1989 3233 2110 3273 esse
2150 3219 2448 3276 schisutatis
2477 3223 2852 3293 sacrilegium,
2884 3225 2977 3280 sed
3015 3227 3081 3278 ad
3119 3241 3213 3281 eos
3239 3243 3424 3283 omnes
3453 3247 3571 3298 per-

1991 3307 2204 3375 tinere,
2258 3309 2345 3379 qui
2394 3303 2672 3367 catholica:
2733 3331 2837 3367 non
2891 3315 3285 3370 etnnmunicaut
3343 3319 3568 3386 unitati,

1990 3397 2237 3454 facillime
2261 3413 2486 3470 possunt
2512 3404 2752 3458 convinci
2781 3447 2797 3470 ,
2831 3405 2928 3460 etsi
2955 3405 3264 3464 difficillime
3300 3411 3565 3467 conﬁteri.

1987 3489 2101 3558 Qua
2141 3491 2281 3545 enim
2311 3506 2471 3546 causa
2499 3493 2550 3547 in
2591 3509 2774 3549 eorum
2802 3497 3176 3554 communione
3202 3499 3268 3552 ad
3299 3501 3429 3555 alios
3461 3517 3566 3556 non

1987 3582 2252 3650 pertinent
2273 3583 2494 3638 crimina
2529 3587 2753 3641 aliorqu
2780 3629 2794 3650 ,
2825 3601 2886 3642 ea
2911 3603 3068 3643 causa
3105 3589 3333 3645 schisma
3361 3593 3564 3648 crimen

1985 3683 2069 3728 est
2111 3675 2345 3730 omnium
2375 3691 2389 3728 :
2435 3677 2556 3746 quia
2583 3691 2706 3732 cum
2745 3693 2804 3732 se
2829 3679 2967 3734 inter
3010 3681 3154 3750 ipsos
3181 3695 3306 3736 suos
3339 3683 3563 3737 aliorum

1985 3765 2274 3821 sceleribus
2301 3768 2553 3821 maculari
2582 3785 2685 3822 non
2714 3784 2869 3838 posse
2901 3771 3011 3838 jam
3039 3772 3255 3838 dicunt,
3301 3775 3456 3827 simul
3489 3775 3567 3827 fn-

1986 3862 2195 3908 teantur
2237 3869 2458 3910 necesse
2500 3866 2582 3911 est
2611 3874 2714 3910 non
2757 3873 2815 3912 se
2843 3859 3094 3915 habuisse
3123 3876 3338 3916 causam
3377 3878 3470 3916 cur
3495 3865 3565 3917 ab

1985 3945 2186 4000 unitate
2209 3945 2580 4016 discederent,
2630 3948 2714 4002 ubi
2763 3964 2856 4004 eos
2904 3964 3009 4003 non
3063 3960 3283 4020 possunt
3334 3953 3562 4009 aliorum

1983 4036 2187 4091 scelera
2227 4037 2529 4104 maculare,
2576 4046 2630 4092 et
2682 4048 2960 4108 praplerea
3007 4039 3210 4095 scelere
3259 4043 3562 4099 scliismatis

1983 4125 2318 4193 apertissimo
2365 4134 2614 4198 tanquam
2657 4143 2761 4181 uno
2801 4128 3076 4184 mortifero
3121 4129 3330 4185 vinculo
3362 4133 3561 4202 pariter

1983 4215 2315 4286 colligantur.

2053 4305 2277 4362 CAPUT
2322 4305 2390 4362 X.
2415 4307 2595 4363 ——20.
2649 4309 2712 4362 At
2751 4310 2885 4363 enim
2929 4311 3240 4383 prapltetavit
3287 4312 3558 4376 Jeremius,

1981 4395 2120 4464 Quid
2163 4397 2495 4466 prophetarit
2534 4398 2835 4455 Jeremias?
2860 4401 2980 4456 Non
3027 4405 3226 4472 habere,
3276 4407 3517 4477 inquiunt
3542 4452 3556 4473 ,

1981 4501 2150 4540 verum
2189 4486 2508 4558 Baptismum
2549 4506 2630 4544 eos
2670 4491 2758 4561 qui
2779 4493 3063 4564 relinquunt
3086 4494 3262 4550 Deum.
3281 4498 3363 4552 Ait
3389 4502 3562 4560 enim:

1987 4595 2009 4630 t
2040 4577 2554 4648 Exspectavitcoalum
2587 4596 2737 4649 super
2767 4582 2922 4648 istud,
2950 4595 2995 4638 et
3021 4586 3268 4638 inhorruit
3306 4590 3461 4643 multo
3488 4608 3560 4644 ve-

1981 4668 2258 4724 hementius
2279 4710 2296 4735 ,
2322 4669 2443 4722 dicit
2477 4668 2727 4724 Dominus
2755 4687 2774 4726 :
2798 4675 3032 4742 quoniam
3070 4677 3168 4729 duo
3195 4694 3412 4748 nequam
3441 4681 3559 4748 fecit

1981 4758 2200 4828 populus
2217 4759 2354 4822 iste;
2402 4775 2481 4812 me
2515 4759 2881 4829 dereliqucrunt
2919 4767 3107 4832 fontem
3135 4783 3282 4834 aqua:
3310 4769 3462 4833 vitae,
3510 4780 3556 4824 et
3643 4797 3645 4799 ί

1979 4847 2264 4915 εΙῙοάεηιπι
2313 4849 2410 4902 sibi
2440 4850 2582 4904 lacus
2623 4851 2828 4906 detritus
2871 4854 2956 4922 qui
2997 4871 3096 4908 non
3126 4868 3330 4926 possunt
3374 4877 3557 4929 aquam

1981 4950 2181 5010 portare
2203 4957 2222 4991 ι
2248 4938 2462 5010 (lerem.
2495 4955 2552 5006 tt,
2581 4940 2669 5008 12,
2702 4940 2812 5014 15).
2846 4942 2912 4997 Et
2939 4945 3119 4998 iterum
3147 4965 3163 5001 ι
3197 4967 3217 5000 ι
3244 4947 3400 5002 Facta
3442 4949 3558 5002 cst"

2041 5111 2064 5187 ξ
2085 5118 2185 5160 Am.
2209 5117 2262 5161 et
2281 5112 2474 5175 quidam
2494 5118 2622 5173 Mss,
2644 5126 2754 5163 cson
2773 5115 2882 5178 fure
2895 5117 3165 5170 cucurrisse
3187 5114 3323 5180 dico;
3358 5121 3548 5187 οωίεεοι

1976 5184 2131 5301 "mihi
2155 5240 2281 5292 κει,
2640 5234 2922 5301 scandalum

2031 5292 2655 5362 "_t‘lttres.ttss.,_inﬁrt_ttus
2691 5293 2831 5346 homo
2864 5304 2910 5362 et
2942 5292 3165 5349 simulata
3203 5307 3355 5362 atque
3379 5301 3552 5351 udum»

1976 5353 2112 5425 brato
2133 5353 2291 5416 specie
2320 5353 2528 5405 ueritatis
2549 5354 2771 5419 illectus;
2810 5361 3002 5410 omissis
3023 5363 3202 5420 verbis,
3225 5353 3437 5424 sequitur
3471 5365 3546 5413 Ito-

1973 5428 2511 5549 potiqresﬂss.
2536 5477 2622 5548 Alii
2646 5485 2841 5548 cautem,
2858 5479 2928 5549 jn
2952 5480 3291 5549 communione
3329 5483 3553 5549 sacriirgt

1973 5535 2259 5604 scitismetis.
2285 5536 2421 5604 editi,
2443 5535 2496 5604 in
2737 5535 2964 5604 sacrilegi
2984 5542 3268 5592 solusat/Itis.

2033 5601 2054 5631 ⁸
2067 5599 2149 5668 ttic
2165 5600 2213 5646 in
2229 5598 2425 5668 excusis
2441 5599 2645 5668 additur,
2665 5600 2794 5657 plebs
2814 5598 2936 5651 mea":
2960 5606 3105 5668 Abest
3118 5616 3146 5651 a
3170 5610 3302 5668 Mss,
3317 5618 3409 5654 nec
3422 5607 3545 5668 apud

1970 5661 2231 5707 Jercmiam
2255 5672 2316 5707 eo
2338 5657 2428 5708 loci
2450 5661 2712 5721 reperitur,
2732 5676 2824 5711 nec
2838 5676 2865 5711 a
2891 5666 3195 5712 Parmeniano
3216 5657 3422 5715 additum
3450 5657 3550 5716 iue-

1977 5727 2064 5782 rat,
2095 5727 2147 5769 ut
2170 5728 2302 5783 patet
2326 5733 2387 5768 ex
2415 5723 2656 5783 augustiin
2682 5725 3016 5785 responsione,
3041 5725 3180 5789 inita,
3207 5740 3253 5775 η.
3278 5728 3357 5777 29..
