4050 6206
433 348 502 404 63
1221 339 1488 394 CONTRA
1527 335 1903 392 EPISTULA.“
1945 332 2477 401 PARMENIANI,S.
2519 334 2881 392 AUGUSTINI
3628 341 3695 392 b‘t

430 462 552 514 milii
579 458 703 514 sicut
721 473 850 528 aqua
875 453 1108 516 mendax,
1124 452 1479 520 »ἱηψιίι,‹ηοη
1497 451 1680 502 habens
1701 447 2001 522 [identi(ld.

437 567 528 610 xv,
583 546 781 616 18).Et
803 545 931 598 illud
959 543 1095 611 quod
1118 543 1359 611 scriptum
1387 551 1477 604 cst,
1511 539 1637 607 «Qui
1665 539 1950 608 baptizatur
1977 555 2008 591 α

434 651 630 692 mortuo
655 641 692 702 ¹,
717 638 835 706 quid
862 634 1056 702 pro/icit
1083 633 1264 686 lavatio
1291 632 1427 700 ejus»
1458 629 1642 702 (Eccli.
1672 644 1857 694 XXXIV,
1890 626 2009 697 50)?

445 729 508 782 Et
542 729 669 781 illud
695 729 744 778 in
770 725 976 778 Psalmo
1000 741 1017 776 :
1045 742 1061 774 ι
1091 721 1266 775 Oleum
1298 733 1461 774 autent
1490 719 1762 790 peccatoris
1792 735 1891 771 non
1913 719 2010 770 im-

439 821 641 888 pinguet
671 826 820 885 caput
847 832 1009 868 meum
1037 834 1054 865 ι
1078 811 1245 882 (Psal.
1273 827 1394 876 CXL,
1428 813 1458 865 5
1551 809 1617 862 Et
1639 811 1816 862 iterum
1843 808 1963 861 alibi
1993 823 2012 861 :

441 932 458 956 ι
477 907 666 959 Musca:
690 905 946 958 moritura:
960 904 1288 957 exterminant
1315 903 1478 955 oleum
1504 900 1788 953 suavitatis:
1818 897 2009 967 (Eccle.

437 1013 488 1059 κ,
519 999 537 1049 l
562 996 601 1066 ).
633 995 697 1048 Et
716 995 836 1048 alibi
863 1012 881 1048 :
919 1013 936 1045 ‹
974 994 1196 1065 Spiritus
1225 992 1355 1046 enim
1379 1000 1581 1043 sanctus
1609 988 1892 1057 disciplina:
1933 991 2012 1057 cf.

432 1088 593 1156 fugiet
635 1087 806 1154 ﬁctum
835 1125 848 1149 ,
895 1095 942 1138 et
983 1087 1176 1154 auferet
1205 1099 1258 1136 se
1287 1099 1318 1135 α
1343 1080 1725 1150 cogitationibus
1763 1095 1876 1149 qua:
1899 1085 2015 1130 sunt

430 1178 535 1228 sine
568 1177 820 1230 intellectu
857 1194 875 1226 ι
920 1175 1078 1246 (Sap.
1109 1191 1155 1239 ι,
1187 1172 1283 1244 5).
1335 1172 1458 1226 ἰιωε
1477 1169 1652 1226 omnia
1691 1170 1734 1223 si
1763 1184 1826 1224 eo
1855 1168 2014 1222 modo

436 1267 772 1336 intelligenda
803 1276 924 1320 sunt
949 1307 963 1330 ,
992 1279 1098 1334 quo
1126 1263 1192 1318 ab
1219 1263 1333 1317 istis
1363 1262 1724 1331 intelliguntur
1743 1300 1758 1324 ,
1791 1274 1888 1313 nec
1914 1273 2013 1312 no-

432 1357 514 1409 bis
563 1373 659 1412 nec
706 1358 833 1426 ipsis
882 1357 1207 1426 conquadrat
1259 1354 1394 1407 ratio
1435 1352 1692 1406 veritatis.
1734 1351 1791 1405 Si
1835 1359 2013 1403 autem

431 1448 537 1500 alio
580 1447 736 1500 tundo
773 1447 1004 1501 docuero
1035 1444 1371 1513 intelligenda
1397 1483 1412 1508 ,
1463 1443 1536 1495 illi
1574 1441 1672 1495 soli
1713 1455 1807 1495 sua
1839 1439 2014 1509 pravi-

436 1544 541 1589 tate
575 1536 867 1589 turbantur.
913 1534 1016 1589 Sed
1047 1542 1231 1587 utnon
1259 1533 1567 1595 turbentur,
1599 1531 1664 1584 ad
1692 1530 2014 1584 catholicum

433 1625 699 1695 refugiant
739 1625 1060 1680 intellectum
1103 1642 1116 1678 :
1163 1625 1285 1694 quia
1327 1639 1430 1676 non
1477 1623 1757 1675 inveniunt
1811 1621 2015 1674 exitum

433 1717 824 1784 responsionis,
881 1716 1006 1769 dum
1052 1715 1360 1768 irretiuntur
1417 1712 1642 1767 crimine
1691 1711 2012 1765 schismatis.

437 1806 643 1860 llabent
688 1806 829 1859 enim
877 1816 1020 1858 certe
1073 1805 1230 1858 etiam
1277 1803 1372 1872 ipsi
1410 1819 1426 1867 ;
1459 1819 1562 1856 non
1603 1803 1812 1866 dicam,
1860 1801 2018 1854 Tales

435 1909 598 1961 sunt,
649 1898 738 1952 sed
780 1898 879 1951 hoc
925 1897 1131 1961 dicam,
1165 1896 1302 1965 quod
1354 1895 1435 1949 vel
1469 1893 1716 1959 fatentur,
1761 1892 1843 1946 vel
1875 1893 2019 1945 insa-

436 1991 655 2044 nissime
702 1999 892 2060 negant
945 2007 960 2054 ;
1014 1989 1209 2043 habent
1257 2003 1384 2058 ergo
1437 1988 1595 2041 etiam
1647 1985 1743 2055 ipsi
1785 1984 2017 2040 derelin-

435 2090 659 2148 qnentes
715 2081 878 2134 Deum
923 2083 984 2147 ',
1043 2079 1130 2150 qui
1183 2087 1266 2133 est
1313 2079 1430 2132 fons
1478 2093 1628 2146 aqua:
1682 2077 1812 2130 viva:
1844 2118 1859 2141 ,
1915 2076 2018 2131 hoc

434 2181 519 2224 est
559 2212 573 2235 ,
627 2171 804 2240 inique
867 2170 1123 2224 viventes.
1188 2170 1367 2239 Neque
1422 2169 1565 2223 enim
1635 2168 1899 2238 pedibus,
1952 2183 2013 2225 ac

439 2275 545 2313 non
598 2260 759 2314 corde
805 2260 1118 2329 relinquitur
1187 2259 1344 2313 Deus.
1409 2258 1615 2312 Habent
1663 2267 1718 2312 ct
1779 2258 2014 2312 menda-

434 2365 547 2415 ces,
578 2361 630 2406 et
660 2367 762 2404 non
791 2351 1048 2404 habentes
1081 2349 1258 2416 ﬁdem,
1288 2349 1426 2403 aliud
1454 2349 1761 2418 proﬁtentes
1786 2359 1836 2404 et
1864 2349 2020 2402 aliter

437 2452 834 2497 conversantes.
866 2443 1074 2497 llabcnt
1100 2443 1258 2496 etiam
1301 2450 1536 2495 mortuos
1565 2458 1580 2495 :
1607 2440 1648 2493 si
1689 2441 1830 2493 enim
1869 2441 2018 2494 sexui

437 2532 728 2587 delicatiori
758 2543 806 2587 el
836 2533 1110 2587 inﬁrmiori
1138 2532 1355 2586 delicias
1380 2545 1484 2584 non
1515 2529 1759 2584 concedit
1788 2531 2019 2599 Aposto-

440 2624 550 2689 lus,
574 2623 753 2678 diccns
782 2639 794 2674 ε
819 2622 983 2675 Vidua
1018 2638 1130 2692 qua:
1158 2623 1210 2675 in
1245 2621 1438 2674 deliciis
1476 2620 1599 2690 agit,
1631 2620 1795 2672 uirens
1824 2627 2021 2671 mortua

437 2722 513 2765 est
540 2712 579 2780 (Ι
601 2711 731 2766 Tim.
756 2729 807 2776 v,
830 2713 921 2781 6);
945 2721 1183 2781 quarrant
1207 2721 1383 2764 utrum
1408 2710 1533 2762 nulli
1557 2708 1693 2777 apud
1716 2722 1773 2761 se
1794 2708 1916 2772 viri,
1946 2715 2020 2773 et,

439 2801 581 2868 quod
624 2802 850 2870 amplius
895 2810 996 2867 est,
1045 2801 1310 2870 pra'positi
1357 2800 1439 2854 vel
1483 2799 1707 2852 ministri
1750 2798 1926 2851 vivant
1971 2798 2022 2851 in

441 2890 676 2953 deliciis;
717 2900 876 2960 atque
914 2892 956 2946 si
1003 2892 1073 2944 ita
1115 2891 1333 2954 audent,
1367 2889 1670 2944 renuntient
1698 2902 1757 2941 se
1797 2903 1901 2940 non
1932 2887 2025 2939 ba-

441 2983 568 3037 bcre
597 2995 855 3048 mortuos,
895 2994 947 3038 ct
986 2984 1237 3037 meliores
1279 2998 1399 3037 esse
1439 2996 1596 3050 quam
1638 2981 1723 3033 illa
1765 2979 2020 3043 Ecclesia,

442 3074 594 3138 cujus
634 3075 822 3142 angelo
867 3075 918 3125 in
955 3072 1116 3140 ﬁgura
1163 3073 1564 3142 praepositorum
1607 3071 1688 3124 vel
1729 3070 2023 3124 animarum

442 3163 636 3215 dicitur
665 3162 802 3231 quod
833 3177 935 3214 non
959 3163 1116 3224 vivat,
1144 3161 1236 3215 sed
1270 3169 1508 3214 mortuus
1538 3161 1627 3225 sit,
1655 3169 1708 3214 et
1735 3169 1908 3214 tamen
1941 3160 2023 3213 in-

443 3264 527 3308 ter
565 3263 766 3323 septem
816 3254 1082 3308 Ecclesias
1128 3263 1455 3316 numeratur,
1503 3267 1600 3307 nec
1647 3253 1694 3306 ei
1742 3252 1952 3306 divisae‘
1993 3266 2024 3306 a

445 3359 703 3414 compage
730 3345 968 3412 corporis
987 3343 1205 3407 Christi,
1233 3342 1326 3396 sed
1360 3343 1413 3396 in
1439 3343 1636 3396 unitate
1665 3341 2024 3410 perseveranti

447 3444 707 3506 pm'cepta
751 3434 868 3486 vitzu
899 3432 1269 3487 insinuantur'
1321 3431 1501 3503 (Apoc.
1530 3447 1607 3493 tu,
1641 3431 1783 3501 1-6).
1829 3431 2026 3485 Omitto

447 3526 590 3595 quod
610 3507 660 3577 in
675 3526 902 3578 concilio
922 3539 1018 3578 suo
1035 3523 1312 3577 adversum
1334 3523 1743 3576 Maximianistas
1755 3521 2022 3587 dixerunt,

455 3635 474 3667 σ
513 3615 874 3686 Aigyptiorum
903 3614 1184 3668 admodum
1207 3613 1450 3682 exemplo
1481 3612 1806 3681 pereuntium
1834 3609 2030 3664 funeri-

451 3707 549 3761 bus
568 3707 721 3776 plena
738 3714 860 3759 sunt
877 3706 1051 3760 littora
1079 3725 1096 3757 ι
1120 3705 1312 3775 (Exod.
1328 3719 1438 3769 xxv,
1460 3705 1571 3773 5|).
1598 3703 1671 3758 De
1692 3718 1914 3773 quorum
1934 3717 2034 3756 nu-

453 3812 600 3851 mero
624 3805 948 3850 mortuorum
981 3811 1117 3850 nunc
1139 3795 1275 3850 intus
1301 3805 1382 3849 est
1407 3794 1723 3860 Felicianus,
1746 3794 1832 3864 qui
1857 3794 2032 3849 adhuc

451 3899 690 3941 mortuus
711 3886 940 3955 baptizat
963 3903 975 3938 :
996 3894 1085 3939 aut
1107 3885 1148 3938 si
1166 3885 1273 3954 jam
1293 3885 1504 3950 revixit,
1532 3884 1689 3938 habet
1711 3899 1888 3939 secum
1917 3885 2032 3939 illos

451 3993 584 4047 quos
613 3987 848 4030 mortuus
880 3977 932 4030 in
973 3968 1258 4031 schismate
1297 3974 1600 4043 baptizavit.
1647 3974 1849 4028 llabent
1890 3985 2033 4029 certe

455 4081 763 4139 peceatores
793 4087 805 4122 :
838 4085 958 4122 nam
1000 4069 1044 4122 si
1077 4068 1466 4136 interrogentur
1489 4067 1805 4136 quicumque
1833 4067 1932 4121 sibi
1980 4068 2030 4119 in

453 4161 581 4232 ipsis
607 4161 781 4230 magni
811 4161 1078 4220 videntur,
1119 4158 1276 4210 etiam
1307 4172 1365 4209 se
1410 4156 1550 4225 ipsos
1578 4168 1884 4227 peccatores
1927 4174 2030 4211 non

455 4261 667 4320 negant.
718 4251 898 4319 Neque
934 4249 1074 4303 enim
1121 4264 1224 4301 non
1271 4248 1497 4302 tundunt
1541 4260 1755 4317 pectora
1800 4264 1914 4314 sua,
1945 4257 2036 4302 aut

456 4358 575 4395 cum
611 4340 660 4394 id
689 4339 903 4405 faciunt,
933 4338 1175 4391 simulate
1204 4337 1398 4391 faciunt
1418 4355 1432 4403 ;
1455 4339 1592 4407 quod
1621 4341 1664 4392 si
1689 4341 1756 4391 ita
1780 4346 1880 4402 est,
1911 4343 2036 4391 tunc

457 4444 604 4487 certe
645 4433 923 4486 infeliciter
953 4440 1190 4499 peccant,
1224 4431 1444 4498 populos
1490 4445 1616 4484 suos
1660 4430 1902 4483 simulata
1933 4428 2034 4482 hu-

458 4525 677 4578 militate
705 4523 944 4578 fallentes
974 4540 986 4577 :
1018 4531 1107 4574 aut
1135 4539 1239 4576 non
1268 4522 1483 4577 dicunt”
1518 4522 1568 4574 in
1599 4521 1838 4574 oratione
1867 4519 2037 4574 domi-

457 4615 594 4679 nica,
629 4613 832 4666 Dimitte
870 4614 1009 4666 nobis
1038 4613 1202 4666 debita
1245 4623 1436 4674 nostra,
1483 4613 1611 4665 sicut
1655 4621 1699 4664 et
1740 4626 1830 4664 nos
1863 4611 2037 4664 dimit-

458 4709 608 4760 timus
632 4705 931 4758 debitoribus
947 4705 1128 4758 nostris
1147 4703 1557 4773 (.llattlt.vt,l"2);
1575 4702 1712 4772 quod
1729 4703 1906 4772 utique
1933 4717 2037 4756 non

521 4862 535 4890 ι
565 4857 713 4907 Etlin
737 4866 832 4905 Am.
861 4859 1008 4906 verba
1033 4858 1122 4906 hoc
1145 4855 1249 4905 loco
1266 4855 1584 4905 Fxclesiastici
1605 4855 1780 4903 omissa
1811 4855 2042 4904 restitue-

458 4928 550 4977 rat,
583 4917 785 4976 scilicet,
807 4924 853 4967 et
891 4919 1063 4968 iterum
1085 4917 1233 4984 tangit
1271 4930 1396 4966 eum.
1438 4918 1527 4964 Sed
1571 4917 1640 4984 iis_
1667 4924 1836 4984 carent
1870 4928 2042 4984 omnes

459 4990 477 5028 δ
499 4995 586 5038 ss,
613 4988 664 5028 et
690 4993 746 5028 ea
769 4992 1040 5042 quanquam
1065 4979 1120 5027 ad
1140 4978 1246 5027 rL-m
1283 4986 1447 5042 contra
1481 4978 1746 5025 Donatistas
1767 4978 2043 5024 necessaria

461 5045 713 5103 praeterire.
739 5041 863 5088 solet
889 5041 1194 5103 Angustinus,
1229 5041 1341 5102 quia
1380 5045 1431 5086 et
1459 5046 1720 5103 antequam
1760 5045 1894 5103 esset
1936 5050 2044 5097 pars

459 5097 642 5170 innati,
668 5105 733 5150 uti
753 5097 980 5170 observat
1002 5103 1046 5150 in
1070 5101 1152 5170 lib.
1226 5097 1568 5170 tfetraet.,cap.
1595 5097 1740 5170 21,31.
1761 5099 1808 5156 5,
1829 5097 1931 5170 ipsa
1952 5111 2044 5170 non

463 5165 674 5212 habebat
699 5163 1051 5210 I-ieclesiastieus
1076 5163 1121 5210 in
1149 5161 1364 5222 plurimis
1386 5159 1630 5208 codicibus
1643 5159 1880 5206 Africanis.
1903 5159 2048 5222 omit-

460 5229 518 5274 tit
543 5225 621 5274 illa
646 5226 1098 5286 paritertzypriauus
1120 5219 1393 5286 inﬁpistola
1420 5223 1482 5286 ad
1507 5222 1746 5278 Quintum,
1781 5226 1833 5267 et
1853 5219 2046 5266 Cartha-

459 5282 667 5350 gineuse
690 5282 941 5350 concilium
962 5297 1022 5350 eo
1047 5282 1334 5350 pr'esiglente
1357 5282 1674 5350 celebratum.

526 5350 545 5410 _’
572 5350 644 5410 sic
669 5354 848 5410 uss._At
869 5345 1004 5402 editi,
1028 5339 1121 5392 non
1147 5343 1306 5410 (ticam
1325 5344 1461 5400 tates,
1487 5344 1571 5393 sed
1589 5355 1706 5406 quos
1729 5339 1800 5389 vel
1823 5340 2046 5410 friantur,

465 5408 536 5457 rel
571 5406 872 5458 insani-sime
913 5411 1086 5466 negant
1132 5405 1509 5467 derelinquentes
1550 5405 1718 5463 Deum,
1755 5410 1871 5460 etc.;
1893 5405 2051 5448 minus

467 5477 677 5518 tutettre.

732 5544 836 5592 pro,
858 5525 1042 5586 divism,
1068 5527 1248 5592 habent
1265 5562 1279 5586 ,
1305 5525 1490 5578 diverse
1514 5524 1635 5587 (vel,
1660 5522 1830 5584 ditasc)
1874 5517 2048 5584 agenti.

467 5591 628 5653 Abest.
643 5589 820 5653 agenti,
844 5603 872 5638 a
896 5589 1248 5653 nianuscriptis.
1547 5650 1555 5653 _
1718 5643 1729 5653 ,

534 5650 554 5680 ⁸
577 5643 952 5708 (hanimatus-5.,
979 5643 1178 5714 inferius
1216 5649 1410 5699 dantur.
1459 5650 1684 5705 Vaticani,
1711 5643 1904 5703 insuper
1935 5643 2048 5692 itan-

468 5716 560 5758 tur.

535 5774 554 5806 ³
578 5775 649 5820 sic
671 5773 850 5823 habent
876 5783 969 5823 Am.
1009 5782 1058 5824 ct
1081 5786 1248 5823 omnes
1273 5781 1360 5821 Vss
1405 5782 1452 5821 ,λι
1479 5779 1608 5824 taxa,
1636 5776 1714 5818 aut
1739 5780 1846 5816 cum
1870 5765 2042 5814 dicunt.

2117 446 2184 503 de
2232 447 2336 501 illis
2367 447 2598 517 peccatis
2623 447 2834 513 dicitur,
2863 463 2981 518 quae
3013 448 3062 502 in
3109 449 3361 518 Baptismi
3411 464 3692 520 regenera-

2116 537 2258 590 tione
2298 536 2515 590 dimissa
2560 546 2701 602 sunt,
2741 537 2834 591 sed
2863 538 2930 593 de
2971 539 3035 593 iis
3063 555 3180 609 qua:
3218 539 3453 611 quotidie
3481 542 3548 596 de
3589 558 3695 596 sae-

2116 627 2220 682 culi
2263 626 2609 680 amarissimis
2648 627 2935 682 fructibus‘
2978 629 3221 684 humana:
3249 632 3371 686 vita:
3413 632 3712 695 inﬁrmitas.

2117 714 2400 775 contrahit.
2443 716 2633 784 quibus
2675 718 2922 772 curandis
2963 718 3282 774 adhibentur
3311 722 3698 777 medicamenta

2117 806 2595 876 elcemosynarum,
2625 808 2945 875 jejuniorum
2975 821 3030 864 et
3055 813 3374 879 orationum,
3405 824 3461 868 ut
3489 815 3540 869 in
3572 831 3696 870 ora-

2119 899 2263 953 tione
2308 899 2515 952 dicatur
2552 899 2693 968 quod
2740 901 2792 954 in
2835 901 3187 974 eleemosynis
3228 905 3421 975 agitur.
3466 906 3595 961 Nam
3646 919 3696 962 et

2121 998 2394 1057 peccatum
2435 991 2574 1059 quod
2615 992 2666 1044 in
2696 1001 2746 1046 te
2774 993 2912 1048 alter
2953 995 3186 1060 admisit,
3230 997 3516 1062 dimittere,
3547 1011 3604 1055 ut
3645 1011 3698 1056 et

2118 1078 2212 1132 tibi
2257 1079 2395 1135 Deus
2420 1080 2670 1147 dimittat,
2705 1098 2952 1153 magnum
2996 1100 3130 1154 opus
3175 1087 3554 1143 misericordic
3591 1100 3691 1144 est-

2120 1170 2271 1237 Quod
2315 1173 2360 1225 si
2409 1172 2509 1227 hoc
2548 1173 2599 1227 in
2642 1175 2882 1230 oratione
2929 1177 3048 1231 licle
3092 1188 3149 1232 et
3186 1194 3292 1233 non
3335 1182 3592 1235 veraciter
3617 1181 3696 1236 di—

2120 1262 2304 1324 cunt',
2350 1272 2596 1331 putantes
2639 1279 2697 1319 se
2749 1281 2853 1319 non
2908 1266 3107 1322 habere
3148 1269 3288 1338 quod
3336 1271 3414 1324 eis
3467 1271 3699 1326 dimittat

2122 1351 2281 1415 Deus,
2310 1353 2536 1423 idipsum
2562 1364 2646 1410 est
2666 1356 2982 1427 inexpiabile
3001 1360 3356 1428 sacrilegium,
3379 1376 3438 1415 ea
3464 1361 3572 1430 ipsa
3599 1363 3698 1416 im-

2120 1443 2204 1512 pia
2249 1453 2331 1499 est
2373 1455 2425 1500 et
2454 1461 2648 1502 vesana
2688 1450 2953 1519 superbia,
2999 1451 3137 1520 quod
3177 1461 3256 1506 est
3297 1462 3443 1506 certe
3470 1453 3700 1509 immane

2121 1543 2418 1602 peccatum.
2474 1537 2602 1591 Nam
2648 1538 2715 1594 de
2766 1541 3037 1594 morituris
3085 1542 3283 1596 muscis
3330 1543 3452 1611 quid
3500 1543 3696 1610 dicam,

2123 1623 2336 1692 quando
2365 1626 2415 1678 in
2447 1627 2648 1680 eisnon
2674 1631 2957 1683 morituros
2985 1630 3176 1696 adhuc,
3208 1632 3298 1686 sed
3321 1633 3430 1699 jam
3461 1645 3702 1689 mortuos

2122 1714 2486 1783 multipliciter
2511 1717 2756 1782 inveniri,
2789 1720 2900 1774 sive
2931 1721 3210 1782 fateantur,
3243 1723 3353 1776 sive
3372 1725 3704 1777 convincun-

2125 1811 2228 1868 tur,
2251 1805 2618 1859 ostendimus?
2648 1807 2824 1863 Fictos
2851 1823 2978 1863 vero
3005 1824 3138 1879 quos
3165 1810 3293 1879 fugit
3316 1811 3542 1878 Spiritus
3572 1828 3702 1866 san-

2123 1902 2239 1947 ctus
2282 1895 2594 1965 disciplinae,
2640 1907 2694 1952 et
2735 1899 2850 1954 sine
2892 1900 3158 1954 intellectu
3200 1901 3404 1970 perdite
3444 1902 3698 1967 viventes,

2124 1999 2278 2054 quam
2313 1987 2506 2041 multos
2534 1989 2671 2041 inter
2694 2005 2752 2043 se
2788 1990 3034 2053 habeant,
3067 1991 3357 2045 secundum
3380 2007 3442 2046 ea
3467 2007 3587 2062 quae
3612 2008 3703 2046 su-

2124 2090 2216 2144 pra
2247 2075 2386 2129 dicta
2413 2087 2556 2144 sunt,
2577 2079 2829 2148 cogitent.
2863 2081 2992 2136 Nam
3020 2091 3073 2136 et
3099 2084 3417 2153 quicumque
3443 2084 3511 2136 ibi
3535 2084 3701 2138 latent

2125 2164 2274 2230 mali,
2302 2167 2440 2234 quod
2469 2169 2552 2222 vel
2583 2185 2646 2223 eo
2681 2179 2882 2224 certum
2912 2181 3009 2236 est,
3036 2173 3158 2242 quia
3189 2188 3330 2242 smpe
3362 2173 3550 2242 proditi
3577 2189 3704 2229 cono

2123 2255 2355 2326 victique
2384 2257 2722 2324 damnantur,
2755 2277 2859 2314 non
2881 2263 2948 2316 de
2979 2263 3279 2317 recentibus
3299 2273 3500 2317 tantum
3529 2263 3700 2331 factis,

2124 2345 2216 2398 sed
2267 2347 2424 2400 etiam
2455 2347 2522 2402 de
2551 2357 2730 2403 vetere
2775 2351 3160 2406 consuetudim:
3209 2352 3548 2423 ﬂagitiorum,
3580 2355 3703 2422 quia

2124 2434 2435 2490 stultissima
2476 2436 2688 2492 ﬁctione
2715 2439 2805 2494 diu
2843 2441 3003 2496 celari
3029 2444 3387 2512 potuerunt",
3433 2444 3484 2496 bi
3526 2445 3704 2513 utique

2126 2525 2292 2594 magis
2315 2527 2420 2579 ﬁcti
2448 2536 2589 2592 sunt,
2613 2529 2704 2596 qui
2731 2545 2789 2583 se
2815 2531 2981 2585 bonos
3010 2532 3257 2602 ﬁngendo
3283 2533 3572 2602 decipiunt.

2195 2615 2284 2670 2t.
2326 2616 2382 2671 Si
2412 2633 2538 2687 ergo
2566 2620 2643 2673 sic
2662 2631 2784 2674 sunt
2813 2622 2910 2676 ista
2940 2623 3281 2693 intelligenda
3308 2635 3365 2678 ut
3394 2625 3478 2678 isti
3510 2627 3704 2680 intelli-

2073 2733 2076 2736 -
2126 2713 2277 2774 gunt,
2308 2708 2574 2774 quomodo
2602 2709 2682 2764 eis
2721 2710 2857 2764 ratio
2883 2712 3172 2766 subsistere
3198 2713 3407 2782 poterit,
3446 2727 3541 2766 cur
3566 2713 3706 2781 apud

2128 2810 2224 2851 eos
2261 2798 2351 2867 qui
2388 2799 2527 2852 male
2563 2800 2787 2854 vivendo
2835 2801 3206 2870 derelinquunt
3250 2803 3437 2866 Deum,
3487 2804 3599 2856 sive
3631 2804 3708 2857 la-

2128 2893 2293 2951 teant,
2341 2887 2454 2942 sive
2492 2891 2599 2942 noti
2643 2890 2769 2954 sint,
2813 2907 2917 2944 non
2961 2892 3153 2946 fuerint
3199 2892 3344 2946 lacus
3386 2893 3585 2958 detriti,
3613 2895 3705 2962 qui

2125 2977 2401 3032 continere
2428 2994 2532 3032 non
2567 2979 2740 3034 valent
2783 2983 2978 3049 aquas?
3003 2981 3070 3034 Et
3097 2981 3144 3035 si
3174 2982 3226 3035 in
3255 2981 3356 3036 hoc
3383 2983 3499 3037 loco
3525 2997 3706 3037 sacra-

2129 3076 2366 3121 mentum
2396 3069 2650 3137 Baptismi
2680 3070 3076 3140 intelligendum
3099 3081 3201 3138 est,
3232 3088 3327 3126 cur
3348 3072 3627 3126 mendaces
3647 3084 3702 3127 et

2130 3156 2371 3212 inﬁdeles
2396 3173 2578 3213 eorum
2609 3161 2874 3226 ministri,‘
2900 3177 3003 3215 non
3035 3177 3225 3230 aquam
3255 3163 3582 3228 mendacem,
3611 3164 3707 3217 sed

2130 3263 2376 3303 veraccm
2429 3251 2510 3305 vel
2563 3253 2692 3306 dare
2740 3253 2823 3307 vel
2871 3253 3069 3308 habere
3123 3254 3444 3309 creduntur?
3484 3255 3588 3309 Cur
3639 3257 3707 3310 ab

2131 3339 2339 3394 illorum
2366 3342 2589 3396 mortuis
2608 3344 2694 3412 qui
2723 3344 3072 3412 bap'izantur.
3105 3344 3309 3413 proﬁcit
3337 3345 3528 3412 aliquid
3557 3345 3703 3398 lava-

2132 3429 2208 3482 tio
2231 3430 2496 3484 eorum‘?
2533 3431 2641 3485 Cur
2664 3445 2972 3502 peccatores
3011 3434 3339 3502 impingnaut
3379 3435 3498 3486 oleo
3535 3435 3707 3502 Capita

2131 3521 2348 3575 aliena?
2383 3522 2518 3588 Quid
2551 3523 2642 3575 tibi
2688 3537 2885 3577 muscae
2931 3525 3200 3576 moritura:
3226 3526 3307 3577 vel
3340 3535 3561 3576 iuni-tum
3599 3541 3713 3578 me»

2134 3621 2372 3678 ruerunt,
2422 3623 2478 3667 ut
2507 3628 2610 3666 non
2642 3614 3001 3668 exterminent
3029 3615 3202 3668 oleum
3234 3614 3547 3667 suavitatis?
3588 3614 3707 3680 Quo

2136 3703 2411 3773 privilegio
2441 3705 2748 3757 muniuntur
2772 3704 3090 3774 quicumque
3121 3704 3190 3758 ibi
3219 3703 3327 3758 ﬁcti
3355 3714 3495 3767 sunt,
3528 3703 3577 3755 id
3607 3714 3710 3769 est,

2133 3794 2349 3863 iustitia:
2381 3795 2513 3862 pelle
2539 3794 2795 3864 obtegunt
2831 3795 3032 3862 lupum,
3064 3803 3120 3847 ut
3148 3808 3252 3846 non
3286 3809 3378 3846 eos
3406 3793 3568 3860 fugiat
3594 3790 3716 3859 Spi-

2137 3885 2270 3940 ritus
2313 3893 2527 3940 sanetus
2569 3885 2902 3954 disciplinae?
2944 3887 3047 3938 Aut
3087 3885 3132 3938 si
3180 3899 3272 3938 eos
3323 3885 3450 3953 fugit
3487 3883 3716 3952 Spiritus

2137 3986 2371 4041 sanctus,
2399 3977 2664 4046 quomodo
2695 3994 2787 4046 per
2811 3993 2904 4032 eos
2931 3978 3203 4049 baptizatis
3227 3977 3420 4031 datur?
3451 3977 3546 4031 llic
3571 3977 3714 4031 enim

2137 4067 2240 4121 dici
2291 4083 2394 4120 non
2429 4077 2621 4137 potest,
2664 4070 2805 4138 quod
2849 4070 3022 4124 solent
3069 4071 3394 4138 ineptissime
3436 4079 3485 4122 cl
3533 4070 3711 4140 impu-

2135 4155 2446 4211 dentissime
2485 4157 2721 4223 dicere“,
2775 4177 2792 4209 ι
2823 4168 2946 4212 tunc
2994 4172 3149 4225 posse
3201 4174 3230 4211 a
3278 4161 3415 4212 malo
3460 4159 3716 4227 baptizari

2139 4261 2479 4318 quemquam,
2515 4249 2558 4302 si
2606 4248 2762 4301 lateat
2793 4247 2987 4300 malitia
3029 4248 3363 4316 baptizantis.
3395 4267 3415 4300 ι
3447 4251 3542 4316 Qui
3573 4249 3716 4304 enim

2143 4340 2296 4391 ﬁctus
2331 4347 2429 4402 est,
2465 4347 2612 4390 tanto
2637 4337 2804 4403 magis
2834 4337 2986 4390 ﬁctus
3012 4347 3113 4399 est,
3146 4347 3344 4407 quanto
3371 4340 3537 4409 magis
3567 4341 3715 4393 latet.

2141 4427 2222 4482 Ab
2263 4427 2362 4481 hoc
2399 4442 2526 4496 ergo
2555 4441 2675 4480 eum
2721 4441 2779 4480 se
2822 4427 3025 4480 auferat
3067 4428 3291 4496 Spiritus
3335 4440 3567 4493 sanctus,
3599 4445 3720 4499 qua:

2141 4532 2264 4585 spes
2293 4520 2392 4570 erit
2419 4515 2685 4584 baptizati,
2715 4519 2758 4570 si
2796 4517 3106 4585 baptizantis
3135 4518 3364 4572 hominis
3391 4521 3636 4574 meritum
3664 4521 3718 4576 in

2143 4607 2229 4660 illa
2268 4607 2357 4662 Dei
2387 4607 2549 4676 gratia
2585 4608 2920 4677 cogitandum
2949 4610 3066 4663 cst?
3100 4610 3195 4664 llic
3224 4611 3441 4664 omnino
3468 4612 3592 4681 quid
3627 4628 3718 4667 re-

2142 4696 2436 4764 Spondeant
2467 4711 2571 4750 non
2611 4697 2902 4759 inveniunt,
2957 4699 3045 4766 qui
3077 4699 3244 4752 malos
3283 4710 3494 4768 apertos
3524 4701 3723 4757 habere

2143 4801 2202 4842 se
2227 4797 2420 4858 negant
2445 4805 2458 4842 :
2485 4788 2537 4841 in
2567 4802 2672 4856 quo
2700 4787 2913 4856 quidem
2955 4789 3288 4856 apertissime
3313 4791 3718 4846 convincuntur.

2144 4880 2246 4935 Sed
2276 4879 2398 4950 quid
2414 4879 2478 4934 ad
2502 4879 2638 4935 nos?
2663 4879 2804 4934 Satis
2830 4888 2911 4935 est
2942 4880 3091 4935 nobis
3120 4881 3184 4933 ad
3209 4883 3568 4936 necessarium
3596 4885 3721 4938 arti-

2147 4973 2321 5027 culum
2349 4986 2542 5034 cansae,
2571 4971 2713 5040 quod
2755 4970 2904 5024 ﬁctos
2944 4971 3130 5034 bonos,
3163 4971 3212 5024 id
3243 4979 3322 5025 est
3349 4973 3586 5027 occultos
3614 4983 3729 5050 ma-

2212 5089 2227 5118 ι
2263 5083 2562 5145 Divioncnsis
2587 5091 2728 5145 vietus
2745 5085 2919 5145 codex,
2943 5081 3181 5145 fluctibus.

2209 5150 2229 5178 ³
2265 5148 2398 5202 ωειὶ,
2423 5144 2554 5208 Quod
2577 5144 2857 5208 sitientibus
2877 5143 2985 5208 ﬁcte
3018 5151 3174 5194 etnon
3196 5145 3426 5208 veraciter
3451 5145 3632 5208 dicitur
3681 5150 3722 5190 υ

2149 5215 2275 5264 Mss,
2300 5205 2431 5264 Quod
2449 5204 2492 5254 si
2515 5203 2601 5253 hoc
2623 5203 2906 5266 iuroratiou'e
2929 5206 3036 5266 ficte
3067 5212 3115 5266 et
3144 5219 3236 5254 non
3261 5205 3491 5266 ueraciter
3516 5207 3680 5255 dicunt
3709 5220 3727 5253 .-

2151 5269 2402 5317 lmnatista:
2421 5266 2622 5323 scilicet,
2640 5265 2774 5324 illud,
2801 5265 2989 5316 Dimitte
3009 5265 3153 5327 nobis,
3167 5265 3322 5314 debita
3343 5273 3521 5316 nostra.
3541 5269 3731 5327 Melius,

2150 5332 2189 5379 si
2218 5344 2234 5400 |_
2248 5330 2481 5400 rtesm‘tin}
2505 5327 2684 5400 legitur
2708 5339 2869 5400 sqpra,
2893 5334 2972 5375 aut
2995 5326 3283 5400 uortciieunt.
3319 5385 3331 5400 Ι
3390 5385 3400 5396 .

2217 5385 2235 5422 ³
2262 5397 2306 5437 In
2333 5385 2674 5437 omnibus’Mss.
2710 5385 2999 5438 aﬁirmanter
3025 5395 3117 5448 est,
3143 5386 3228 5436 diu
3258 5385 3400 5437 celari
3440 5393 3728 5447 potuerunt,-

2157 5465 2345 5506 tmns‘su,
2371 5462 2479 5497 non.

2215 5511 2238 5540 δ
2258 5503 2341 5555 Sic
2363 5507 2476 5554 Mss.
2499 5509 2562 5552 At
2587 5504 2726 5563 editi,
2753 5511 2837 5561 est,
2863 5517 2972 5553 cum
2991 5504 3242 5552 mendaces
3266 5510 3309 5551 et
3331 5503 3549 5561 infidetes
3567 5517 3734 5556 eorum
3771 5533 3774 5535 -

2153 5566 2380 5628 ministri,
2416 5580 2507 5616 non
2531 5577 2703 5628 aquam
2729 5577 2965 5628 remeent,
2992 5564 3077 5612 sed
3111 5566 3386 5628 mendacem
3412 5570 3482 5613 ret
3521 5570 3640 5616 dure
3664 5568 3734 5616 rel

2157 5627 2331 5682 habere
2349 5623 2631 5685 creduntur,
2656 5623 2772 5689 quid
2791 5627 2851 5674 ab
2877 5627 3067 5676 illorum
3091 5627 3286 5675 mortuis
3310 5628 3391 5689 qui
3415 5629 3733 5688 buptizantur,

2157 5689 2345 5752 proﬁcit
2369 5689 2538 5738 lauatio
2562 5703 2618 5740 eo
2638 5702 2727 5752 "unt
2751 5687 2775 5736 Υ

2222 5757 2244 5786 ⁸
2272 5754 2321 5802 lu
2352 5754 2483 5804 his.
2509 5756 2632 5810 quod
2653 5749 2797 5801 colent
2824 5747 3174 5810 impcr'tissinzc
3195 5749 3372 5798 dicere.
