4050 6206
296 328 374 388 65
1655 321 1855 378 LIBER
1893 319 2266 380 SECUNDUS.
3504 333 3573 389 eo

296 447 404 508 los,
436 441 573 513 apud
616 455 675 496 se
718 455 840 496 esse
886 453 1079 510 negare
1120 452 1225 493 non
1257 445 1498 508 possunt.
1545 436 1647 493 Per
1687 437 1882 491 multos

296 535 442 589 enim
469 533 877 602 redarguuntur,
905 531 992 601 qui
1015 545 1132 584 cum
1163 530 1232 584 ibi
1262 530 1477 599 perditis
1517 539 1572 584 et
1609 529 1886 584 sceleratis

295 623 538 676 moribus
583 623 846 686 viverent,
901 630 957 675 ct
996 635 1089 690 per
1134 621 1300 689 ipsam
1347 620 1613 674 ﬁctionem
1663 619 1754 675 diu
1803 620 1884 673 la-

298 716 544 779 tuissent,
590 712 878 780 aliquando
906 711 1120 782 proditi,
1166 712 1372 781 expulsi
1416 721 1559 767 sunt.
1592 712 1888 768 Credamus

299 822 450 875 ergo,
477 805 522 858 si
553 804 740 858 nolunt
766 804 835 858 ibi
859 803 1033 857 adhuc
1057 818 1177 858 esse
1200 804 1408 873 aliquos
1432 821 1444 856 ε
1471 804 1603 858 tales
1639 803 1716 858 illi
1741 813 1886 860 certe

300 898 387 964 qui
413 895 566 965 eiecti
596 904 738 959 sunt,
773 895 966 956 cumin
997 893 1182 948 eadem
1207 894 1417 949 lictione
1439 893 1683 960 laterent,
1715 902 1770 950 et
1792 909 1887 950 eos

304 986 508 1055 lugeret
537 985 766 1055 Spiritus
793 993 1030 1050 sanctus,
1060 984 1126 1038 de
1156 999 1262 1054 quo
1287 984 1542 1055 scriptum
1576 993 1678 1050 est,
1709 984 1884 1056 Spiri-

301 1088 378 1131 tus
415 1078 547 1130 enim
571 1085 773 1130 sanctus
799 1076 1084 1144 disciplinae
1106 1074 1308 1144 eﬁ'ugiet
1335 1076 1505 1142 ﬁctum
1543 1073 1696 1145 (Sap.
1728 1091 1767 1141 ι,
1800 1075 1883 1144 5),

300 1166 568 1236 quomodo
595 1166 865 1234 baptizare
891 1167 1205 1236 potuerunt‘
1225 1165 1248 1218 ?
1271 1163 1376 1219 Cur
1407 1179 1512 1219 non
1538 1175 1884 1219 recensentur

298 1259 490 1312 saltem
534 1259 625 1328 qui
655 1259 858 1324 vivunt,
902 1267 961 1313 ut
1000 1258 1261 1328 accipiant
1287 1257 1676 1327 Baptismum-‘,
1721 1272 1880 1328 quem

301 1352 485 1420 utique
510 1366 540 1405 a
576 1351 711 1404 ﬁctis
739 1365 873 1420 quos
899 1349 1180 1404 deserebat
1228 1348 1457 1419 Spiritus
1481 1357 1713 1412 sanctus,
1739 1348 1882 1403 acci-

299 1457 427 1511 pere
456 1441 848 1511 nequiverunt?
883 1439 939 1496 Si
977 1448 1154 1495 autem
1185 1439 1387 1505 dicunt,
1412 1439 1641 1509 Spiritus
1668 1439 1885 1510 quidem

300 1539 517 1584 sanctus
546 1530 749 1584 daturis
790 1529 1107 1599 ﬁngentibus
1148 1528 1334 1583 deerat
1371 1528 1746 1598 jnstiﬁcandis,
1789 1529 1884 1584 sed

299 1622 602 1692 accepturis
625 1622 966 1677 credentibus
991 1621 1176 1676 aderat
1209 1620 1485 1675 abluendis
1516 1637 1610 1690 per
1639 1621 1884 1676 inell‘ahi-

303 1713 408 1766 lem
454 1713 743 1766 efﬁcaciam
771 1711 1020 1783 potentia:
1072 1726 1218 1776 sure;
1262 1721 1545 1780 utrumque
1585 1711 1765 1766 valens
1803 1712 1884 1766 fa-

302 1818 448 1869 cere,
497 1805 616 1858 illos
659 1803 862 1873 lugere,
913 1804 1040 1857 istos
1069 1802 1274 1868 fovere,
1319 1803 1438 1856 illos
1473 1804 1710 1872 culpare,
1753 1803 1886 1858 istos

304 1894 560 1948 mundare
590 1913 603 1948 :
632 1909 790 1964 quam
845 1908 940 1963 pro
982 1909 1039 1948 se
1070 1893 1419 1963 qnmstionem
1455 1893 1686 1961 solvunt,
1728 1894 1885 1948 simul

303 1997 524 2042 cernant
551 1989 782 2043 solutam
807 2002 926 2043 esse
950 2003 1048 2057 pro
1073 1987 1246 2042 nobis.
1441 2047 1445 2050 ,

373 2077 464 2130 22.
506 2077 659 2144 Quod
684 2085 860 2132 autem
888 2077 1197 2148 intelligitur
1238 2078 1289 2132 in
1326 2079 1426 2134 hac
1455 2079 1716 2134 sent-entia
1759 2095 1886 2134 san-

306 2178 403 2224 cta:
431 2169 742 2238 Scriptum,
782 2184 939 2240 quam
975 2178 1123 2224 certe
1166 2169 1267 2238 ipsi
1297 2184 1402 2224 non
1429 2169 1804 2240 intelligentes,
1833 2178 1887 2225 et

307 2263 452 2331 quasi
476 2278 572 2332 pro
593 2262 705 2316 suis
725 2262 966 2331 partibus
997 2269 1374 2331 praponentes,
1407 2262 1474 2317 ad
1501 2277 1560 2318 se
1583 2263 1727 2332 ipsos
1754 2279 1884 2317 con-

308 2352 594 2407 vincendos
625 2355 873 2421 ingerunt
898 2351 1072 2418 nobis,
1104 2351 1206 2406 hoc
1231 2367 1368 2422 pene
1410 2352 1461 2406 in
1493 2352 1740 2407 omnibus
1765 2353 1884 2407 tali-

311 2443 406 2496 bus
446 2443 828 2512 qumstionibus
855 2442 1254 2512 intelligendum
1285 2443 1655 2509 admonemus,
1685 2445 1888 2499 scilicet

309 2531 426 2601 quia
453 2533 629 2586 omnia
670 2542 1002 2588 sacramenta
1041 2549 1162 2587 cum
1192 2533 1367 2588 obsint
1412 2534 1624 2604 indigne
1655 2542 1886 2588 tractan-

312 2624 467 2689 tibus,
497 2632 717 2692 prosunt
747 2632 922 2678 tamen
949 2639 1044 2693 per
1066 2637 1158 2678 eos
1181 2623 1337 2693 digne
1359 2623 1694 2680 sumentibus
1717 2641 1729 2676 :
1751 2625 1888 2678 sicut

314 2721 363 2766 et
389 2713 608 2767 verbum
639 2713 798 2777 Dei’;
827 2712 965 2768 unde
989 2712 1186 2767 dictum
1200 2723 1300 2777 est,
1325 2712 1452 2776 Qua:
1477 2713 1670 2778 dicunt,
1697 2713 1850 2782 facite
1864 2727 1886 2777 ;

309 2819 417 2870 qua:
455 2813 624 2856 autem
671 2803 882 2874 faciunt,
936 2802 1102 2872 facere
1151 2803 1307 2856 nolite
1363 2801 1575 2874 (Matth.
1619 2818 1774 2869 χχιιι,
1806 2804 1882 2872 5).

310 2891 435 2945 Nam
463 2892 694 2948 cllodere
723 2893 871 2948 lacus
895 2892 1118 2948 detritus
1141 2894 1227 2963 qui
1266 2895 1541 2950 continere
1574 2910 1678 2948 non
1708 2895 1887 2950 valent

307 2996 490 3050 aquas,
522 2985 642 3052 quis
666 2998 752 3038 me
789 2984 1035 3054 prohibet
1061 2985 1136 3039 sic
1166 2985 1503 3055 intelligere;
1537 2985 1588 3040 id
1628 2996 1728 3050 est,
1753 3002 1884 3042 con-

309 3077 439 3131 verti
466 3077 534 3131 ad
566 3077 891 3132 voluntatem
935 3084 1200 3132 terrenam
1218 3076 1260 3145 ⁸,
1289 3087 1344 3132 et
1369 3093 1474 3132 non
1518 3093 1674 3148 posse
1709 3080 1884 3135 conti-

309 3185 435 3226 nere
457 3170 712 3240 Spiritum
741 3179 1005 3235 sanctum,
1031 3186 1190 3241 quem
1217 3171 1434 3226 nomine
1460 3156 1610 3242 aqua:
1633 3173 1683 3227 in
1713 3174 1886 3227 Evan-

307 3262 442 3331 gelia
467 3261 775 3332 signiﬁcari,
802 3262 923 3332 quis
948 3276 1160 3331 quoquo
1186 3261 1346 3316 modo
1385 3262 1706 3318 christianos
1734 3263 1885 3333 igno-

309 3353 426 3406 rat?
452 3353 579 3406 Item
605 3367 741 3421 aqua
767 3352 994 3407 mendax
1022 3367 1126 3406 non
1168 3352 1367 3407 habens
1395 3353 1574 3419 ﬁdem,
1600 3363 1773 3423 potest
1802 3354 1886 3408 in-

310 3443 490 3511 telligi,
521 3458 627 3497 non
657 3442 844 3496 falsum
871 3437 1152 3512 baptisma,
1181 3442 1274 3496 scd
1305 3444 1532 3513 populus
1565 3444 1795 3498 mendax
1830 3451 1886 3500 ct

309 3532 554 3598 inﬁdelis,
601 3548 706 3587 non
754 3532 1153 3587 annumeratis'
1193 3531 1472 3587 veracibus
1516 3541 1572 3588 et
1615 3533 1881 3601 ﬁdelibus,

309 3621 398 3676 sed
439 3621 520 3676 his
565 3622 695 3676 solis
723 3622 810 3691 qui
855 3621 1140 3677 mendaces
1181 3628 1236 3676 et
1285 3620 1526 3676 inﬁdeles
1562 3631 1702 3676 sunt.
1751 3622 1882 3677 Nam

310 3713 531 3782 papulas
570 3712 856 3782 signiﬁcari
895 3710 1178 3781 aliquando
1210 3712 1467 3767 vocabulo
1495 3727 1772 3782 aquarum,
1804 3714 1884 3768 lc-

309 3814 431 3874 gant
460 3805 514 3859 in
545 3804 883 3875 Apocalypsi,
915 3812 969 3858 et
994 3801 1382 3858 calumnientur
1405 3801 1507 3857 sibi
1535 3802 1680 3871 prius
1710 3792 1884 3871 potius

308 3910 460 3963 quam
490 3895 666 3950 nobis.
698 3895 785 3950 Sic
809 3895 948 3948 enim
973 3893 1164 3948 dicitur
1187 3891 1381 3948 Joanni
1410 3910 1424 3946 :
1452 3891 1624 3964 Aquas
1658 3909 1782 3962 quas
1811 3893 1885 3945 vi-

311 3986 444 4050 disti,
491 4002 646 4056 super
671 4002 799 4055 quas
841 3985 978 4040 sedet
1006 3985 1242 4038 meretrix
1287 3983 1379 4037 illa
1417 3984 1592 4054 pepuli
1639 3993 1687 4038 et
1729 3986 1886 4039 turba

310 4076 483 4142 sunt‘,
525 4086 572 4130 et
609 4084 776 4145 gentes
819 4084 865 4128 et
890 4076 1080 4144 lingua?
1105 4073 1290 4142 (Apoc.
1319 4089 1449 4138 xvn,
1483 4074 1595 4144 15).
1639 4074 1705 4128 Ει
1749 4074 1877 4130 illud

311 4164 445 4236 quod
471 4167 728 4236 scriptum
755 4173 854 4228 cst,
889 4165 984 4232 Qui
1010 4164 1294 4235 baptizatur
1319 4180 1351 4216 a
1378 4173 1596 4231 mortuo,
1625 4165 1748 4236 quid
1767 4183 1886 4235 pro-

310 4261 410 4329 ﬁcit
448 4260 633 4313 lavatio
671 4260 778 4328 ejus
819 4257 1001 4330 (Eccli.
1033 4272 1224 4323 xxxrv,
1257 4255 1326 4310 50
1351 4253 1412 4326 )?
1440 4265 1498 4310 ut
1535 4257 1746 4312 interim
1777 4258 1884 4313 dif-

311 4353 471 4408 l’emm
526 4351 916 4421 diligentiorem
966 4350 1187 4403 istorum
1242 4347 1526 4404 verborum
1585 4348 1886 4420 inquisitio-

311 4460 427 4500 nem
447 4444 552 4515 (α),
596 4442 858 4497 tutissime
902 4441 1125 4509 accipio,
1179 4439 1516 4510 Paganorum
1565 4439 1885 4510 baptismata

310 4549 425 4590 esse
467 4535 740 4597 denotata,
771 4531 892 4601 quia
932 4530 1174 4586 homines
1212 4538 1268 4584 et
1295 4545 1326 4584 a
1349 4529 1552 4599 iustitia
1595 4540 1648 4585 et
1687 4529 1755 4585 ab
1783 4530 1884 4589 ista

311 4627 411 4678 vita
441 4633 680 4678 mortuos
709 4622 907 4685 colunt,
937 4621 988 4675 in
1027 4634 1253 4691 quorum
1282 4619 1498 4674 nomine
1527 4619 1883 4688 baptizantur.

309 4715 558 4783 Quamvis
579 4713 723 4770 enim
744 4721 797 4768 et
817 4712 915 4782 ipsi
942 4710 1248 4768 sacerdotes
1275 4725 1370 4779 per
1391 4709 1712 4779 impietatem
1741 4723 1886 4764 mor-

371 4897 386 4927 ¹
411 4896 483 4944 sic
503 4899 612 4943 uss.
653 4897 709 4954 _At
740 4896 850 4954 Lov.
871 4886 1112 4954 picamus
1141 4883 1415 4954 ⁵φρομ..βὶ
1457 4883 1746 4954 (quanquam
1783 4883 1885 4954 sola

312 4943 585 5004 editto’Lov.
610 4952 756 5012 addit,
779 4948 844 5013 si)
865 4947 918 4998 in
939 4947 1108 5000 eadem
1129 4943 1316 5008 ﬁctione
1353 4943 1637 4996 laterem“;
1651 4949 1886 5008 quomodo

311 5017 549 5079 baptizare
577 5017 805 5079 possunt:
831 5014 986 5060 minus
1008 5016 1162 5059 recte.
1349 5072 1360 5079 _
1514 5067 1543 5079 ,Δ
1712 5066 1724 5076 ο
1781 5067 1792 5079 Ι
1833 5067 1863 5079 η

370 5067 655 5128 "Casalirius
673 5075 826 5124 codex
850 5086 862 5120 :
888 5081 1092 5121 curnon
1120 5072 1420 5118 recensentur
1452 5067 1618 5118 saltem
1640 5067 1724 5129 qui
1744 5067 1804 5117 ab
1825 5067 1887 5121 iis

309 5146 589 5203 acceperunt
631 5143 683 5203 ut
714 5132 952 5203 accipiant
975 5131 1284 5203 baptismum:
1315 5129 1614 5203 aliiquidam
1638 5142 1650 5176 :
1674 5139 1770 5203 cur
1793 5141 1886 5180 non

311 5192 548 5251 recensent
570 5197 737 5250 saltem
765 5192 875 5244 ut'a
904 5192 1158 5243 cathdlicis
1179 5192 1418 5253 accipiant
1456 5192 1765 5252 naptismum.

373 5264 394 5294 ³
417 5263 550 5318 aditi,
573 5260 696 5310 sicut
719 5263 764 5308 et
786 5255 982 5306 verbum
1008 5253 1094 5318 nei
1116 5259 1329 5318 testatur.
1368 5253 1514 5318 Abest
1535 5265 1563 5300 a
1596 5259 1718 5308 Mss.,
1744 5258 1886 5301 testa.

310 5330 388 5374 tur
419 5333 512 5376 .‘ut
540 5313 906 5380 'suhintelligas,
943 5316 1147 5380 verbum
1182 5316 1265 5363 Dei
1299 5313 1504 5380 perinde
1546 5320 1694 5374 atque
1725 5321 1887 5362 sacra-

312 5373 470 5435 menta
487 5386 665 5434 obesse
688 5373 1236 5440 iiidig'ne'tractantibus,
1262 5373 1315 5424 et
1350 5373 1584 5436 prodesse
1602 5381 1765 5423 tamen
1796 5388 1886 5437 per

312 5459 398 5497 eus
417 5447 564 5508 digne
584 5443 906 5508 sapientibus.

374 5510 394 5540 ⁸
419 5501 584 5556 Plures
598 5513 726 5560 διες..
750 5503 815 5553 ad
840 5501 1121 5568 uoluptatem
1143 5504 1400 5568 terrenam.

373 5571 394 5601 ³
418 5571 552 5626 aliti,
575 5580 666 5616 non
689 5569 1041 5614 annumeratus.
1065 5563 1373 5626 castigantur
1385 5571 1447 5606 ex
1473 5563 1575 5626 Mss.

372 5631 393 5661 ⁸
417 5618 551 5688 aliti,
585 5635 631 5679 et
653 5627 806 5678 tribus
835 5631 960 5677 sunt.
986 5631 1041 5672 At
1063 5618 1255 5680 Μειδία
1277 5618 1432 5669 turbte
1451 5625 1575 5668 sunt.
1600 5623 1764 5668 Graece
1789 5627 1882 5682 est,

304 5689 386 5739 imi
407 5691 576 5742 ochloi.

375 5739 450 5816 (af
469 5739 583 5802 vide
602 5752 684 5801 lib.
708 5749 741 5798 2
760 5756 924 5799 contra
945 5745 1267 5803 Cresconium,
1289 5754 1424 5806 capp.
1451 5739 1511 5789 2t
1537 5749 1586 5790 et
1597 5755 1736 5804 seqq.

1993 434 2069 488 tui
2097 433 2360 500 dicantur,
2401 450 2502 489 non
2544 443 2717 491 tamen
2748 447 2964 508 propter
2992 454 3086 496 eos
3115 440 3193 496 sic
3231 441 3566 514 intelligitur,

1991 524 2085 579 sed
2117 535 2333 595 propter
2358 537 2595 582 mortuos
2632 528 2762 584 deos
2789 546 2996 596 eorum,
3024 533 3074 586 in
3111 550 3335 602 quorum
3369 536 3574 607 signiﬁ-

1991 616 2198 671 catione
2219 617 2432 684 dicitur,
2460 617 2594 672 Deus
2617 629 2782 672 noster
2807 621 2939 674 Deus
2966 623 3102 677 vivus
3123 622 3336 690 (Jerem.
3367 641 3425 691 x,
3455 627 3567 696 10).

1990 704 2323 775 Quapropter
2349 709 2447 761 etsi
2486 709 2624 777 apud
2661 709 2989 765 Christianos
3019 723 3144 766 sunt
3171 715 3327 783 aliqui
3365 732 3571 786 praepo-

1991 797 2080 851 siti
2117 797 2198 851 vel
2229 798 2474 865 ministri,
2502 801 2590 870 qui
2624 817 2716 869 per
2742 801 3101 871 impietatem‘
3146 815 3199 860 et
3239 807 3568 878 iniquitatem

1991 903 2138 942 suam
2168 890 2360 942 mortui
2390 900 2530 956 sunt,
2564 893 2690 946 vivit
2713 903 2884 947 tamen
2924 894 3013 949 ille
3044 895 3109 949 de
3131 912 3236 966 quo
3258 898 3456 954 dictum
3487 913 3572 957 est

1991 977 2043 1031 in
2085 979 2391 1048 Evangelio,
2426 979 2523 1034 llic
2552 991 2621 1035 est
2653 983 2737 1051 qui
2765 984 2980 1053 baptizat
3007 983 3188 1060 (Joan.
3218 1003 3255 1051 ι,
3285 990 3373 1060 55)
3407 1009 3419 1044 :
3447 993 3569 1061 quia

1990 1069 2127 1124 sicut
2168 1070 2292 1124 dicit
2339 1072 2644 1138 Apostolus,
2686 1072 2914 1128 Christus
2957 1092 3222 1146 resurgens
3259 1096 3290 1132 a
3339 1082 3572 1146 mortuis,

1981 1160 2096 1229 jam
2140 1178 2238 1214 non
2285 1163 2529 1229 moritur,
2587 1181 2719 1218 mors
2770 1165 2846 1218 illi
2900 1168 3034 1220 ultra
3078 1185 3177 1222 non
3235 1170 3574 1225 dominabitur

1991 1251 2167 1320 (Rom.
2189 1268 2261 1316 vr,
2282 1251 2358 1324 9).
2385 1252 2572 1308 Oleum
2598 1271 2724 1310 vero
2755 1259 3047 1325 peccatoris
3071 1262 3404 1327 apertissime
3429 1264 3573 1316 Psal-

1988 1359 2107 1398 mus
2159 1345 2376 1411 indicat,
2421 1347 2863 1415 quemadmodum
2912 1349 3310 1418 intelligendum
3352 1352 3438 1406 sit.
3483 1355 3575 1407 Ait

1989 1434 2128 1487 enim
2157 1450 2170 1485 :
2205 1433 2504 1488 Emendabit
2530 1453 2608 1489 me
2638 1438 2810 1508 justus
2835 1437 2886 1489 in
2914 1438 3282 1506 misericordia,
3323 1451 3369 1494 et
3398 1452 3576 1512 arguet

1989 1541 2065 1577 me
2082 1540 2102 1588 ;
2131 1526 2295 1578 oleum
2316 1536 2482 1580 autent
2507 1528 2781 1595 peccatoris
2811 1544 2909 1580 non
2935 1529 3210 1598 impingitet
3231 1540 3383 1598 caput
3408 1548 3574 1584 meum

1990 1611 2160 1685 (Psul.
2189 1630 2308 1678 CXL,
2343 1615 2421 1685 5).
2452 1614 2605 1670 Unde
2636 1615 2971 1669 manifestum
2999 1625 3102 1682 est,
3131 1617 3248 1671 oleo
3279 1622 3574 1687 peccatoris

1990 1703 2270 1758 blanditias
2309 1705 2600 1759 adulatoris
2639 1719 2757 1758 esse
2806 1705 3145 1774 signiﬁcatas,
3178 1708 3370 1776 quibus
3410 1726 3573 1778 repu-

1989 1794 2147 1848 diatis
2176 1804 2228 1849 et
2265 1795 2540 1849 detestatis
2572 1796 2719 1864 eligit
2763 1811 2793 1848 a
2815 1796 2958 1865 justo
2989 1798 3262 1852 emendari
3301 1809 3355 1855 et
3385 1803 3570 1872 argui;

1989 1885 2112 1954 quia
2151 1885 2253 1940 hoc
2289 1886 2463 1954 justus
2495 1902 2598 1940 non
2632 1885 2802 1942 fallaci
2846 1889 3065 1944 lenitate
3093 1889 3428 1959 adulationis,
3476 1895 3573 1951 sed

1989 1977 2163 2030 veraci
2190 1978 2477 2046 asperitate
2518 1977 2908 2048 objurgationis
2951 1980 3170 2045 faciens,
3209 1983 3377 2037 multo
3406 1989 3574 2056 magis

1989 2067 2406 2122 misericorditer
2433 2067 2576 2123 facit.
2611 2067 2764 2125 Unde
2800 2080 2883 2124 est
2911 2081 2964 2125 et
2993 2071 3120 2127 illud
3151 2074 3202 2128 in
3230 2077 3569 2148 Apocalypsi,

1992 2158 2101 2229 Ego
2144 2177 2267 2228 quos
2309 2176 2444 2225 amo,
2490 2179 2648 2232 arguo
2695 2171 2741 2216 et
2783 2164 2972 2234 castigo
3000 2165 3180 2235 (Apoc.
3216 2182 3292 2231 ιιι,
3342 2169 3430 2239 l9)
3469 2188 3481 2221 :
3518 2179 3572 2225 et

1991 2249 2119 2306 illud
2174 2252 2312 2320 apud
2354 2252 2713 2320 Salomonem,
2751 2253 2966 2308 Meliora
3008 2267 3126 2310 sunt
3166 2259 3372 2312 vulnera
3398 2263 3571 2328 amici,

1989 2359 2140 2412 quant
2183 2344 2464 2398 voluntaria
2507 2345 2678 2398 oscula
2720 2345 2908 2398 inimici
2957 2345 3138 2414 (Prov.
3184 2365 3350 2416 xxvn,
3388 2351 3474 2421 6);
3519 2361 3573 2407 et

1991 2434 2152 2487 multa
2183 2434 2524 2503 reperiuntur
2549 2434 2872 2503 hujusmodi.
2915 2436 3094 2490 Oleum
3120 2455 3246 2493 vero
3290 2443 3572 2508 suavitatis,

1990 2524 2195 2579 scilicet
2229 2525 2424 2580 bonum
2460 2525 2705 2590 odorem,
2750 2525 2800 2580 id
2830 2535 2932 2594 est,
2966 2527 3160 2583 bonam
3191 2530 3383 2584 tamam
3414 2531 3570 2586 Chri-

1989 2618 2303 2684 stianorum,
2342 2619 2417 2672 illi
2459 2619 2810 2682 exterminant,
2856 2620 2945 2690 qui
2977 2622 3114 2676 male
3153 2622 3364 2688 victuri,
3408 2633 3462 2679 et
3504 2626 3571 2680 ad

1991 2715 2217 2760 mortem
2246 2721 2460 2761 suarum
2490 2707 2822 2775 iuiquitatmn
2853 2710 3089 2773 redituri,
3117 2727 3303 2780 magna
3337 2715 3573 2768 multitu-

1990 2794 2113 2850 dine
2145 2795 2368 2860 irruuut,
2403 2806 2460 2849 ut
2481 2795 2557 2850 eis
2587 2811 2681 2865 per
2701 2784 3026 2865 Baptismum
3050 2811 3261 2868 peccata
3283 2801 3568 2865 donentur,

1990 2894 2044 2938 et
2072 2883 2137 2938 ad
2162 2899 2220 2939 ea
2248 2883 2424 2938 denuo
2464 2893 2817 2938 revertantur.
2861 2884 2992 2938 Nam
3033 2896 3248 2955 pr0pter
3276 2893 3572 2947 numerosi-

1992 2985 2149 3030 tatem
2189 2975 2384 3029 muscis
2422 2975 2653 3029 arbitror
2680 2989 2798 3029 esse
2824 2987 3159 3044 comparatos
3180 2975 3374 3047 (Eccle.
3403 2997 3457 3046 x,
3495 2982 3568 3053 1).

1989 3066 2093 3121 Sed
2118 3065 2168 3119 hi
2188 3065 2520 3119 exterminant
2544 3065 2708 3119 oleum
2732 3065 3011 3131 suavitatis,
3038 3069 3123 3135 qui
3151 3083 3252 3121 non
3281 3069 3447 3139 ipsam
3479 3073 3570 3126 [)ci

1987 3158 2230 3228 gratiam,
2259 3157 2353 3212 scd
2393 3157 2665 3211 hominum
2697 3172 2871 3210 mores
2911 3156 3212 3223 intuentur;
3244 3168 3296 3212 et
3321 3163 3571 3230 quoniam

1989 3250 2126 3306 sicut
2178 3263 2339 3319 grana
2391 3247 2526 3302 inter
2571 3248 2750 3316 paleas
2793 3263 2897 3302 non
2946 3248 3208 3312 videntur,
3253 3251 3320 3303 ita
3365 3253 3449 3321 pie
3495 3255 3572 3306 γί-

1989 3353 2173 3398 ventes
2215 3343 2352 3396 inter
2399 3342 2696 3411 iniquorum
2745 3341 2926 3395 turbas
2970 3356 3072 3394 non
3114 3341 3265 3396 facile
3293 3354 3568 3412 apparent,

1988 3433 2269 3488 carnaliter
2307 3431 2514 3498 olTensi,
2562 3446 2591 3485 a
2640 3431 2974 3500 percipienda
3023 3432 3194 3488 salute
3248 3436 3570 3503 sempiterna

1988 3525 2098 3578 sive
2129 3523 2524 3588 retrahuntur‘,
2561 3522 2672 3577 sive
2702 3522 2920 3576 omnino
2947 3523 3204 3577 resiliunt.
3235 3523 3366 3578 Esse
3391 3537 3569 3580 autem

1988 3617 2186 3672 bonum
2217 3617 2432 3672 odorem
2479 3615 2532 3670 in
2578 3615 2712 3670 bona
2749 3615 2885 3670 fama
2919 3626 3062 3671 recte
3092 3617 3374 3672 viventium
3417 3619 3572 3673 Clu-i-

1987 3711 2301 3776 stianorum,
2353 3709 2638 3777 Apostolus
2683 3708 2855 3773 docet,
2909 3709 3099 3765 dicens
3127 3729 3141 3766 :
3171 3709 3357 3764 Christi
3411 3712 3571 3768 bonus

1988 3801 2115 3855 odor
2140 3816 2312 3853 sumus
2346 3798 2484 3852 Deo‘
2508 3801 2559 3852 in
2586 3799 2724 3852 omni
2756 3801 2866 3853 loco
2897 3799 2960 3872 (ll
2992 3799 3111 3855 Cor.
3146 3818 3208 3868 ιι,
3235 3803 3342 3871 i5).
3371 3801 3568 3859 Contra

1989 3890 2064 3944 illi
2092 3890 2282 3959 quibus
2308 3887 2521 3954 dicitur,
2567 3887 2764 3943 Nomen
2792 3891 2926 3942 enim
2965 3890 3058 3943 Dei
3097 3909 3187 3960 per
3219 3909 3302 3946 vos
3330 3893 3570 3963 blasphe-

1989 3990 2156 4036 matur
2181 3982 2232 4034 in
2257 3980 2483 4052 gentibus
2510 3979 2687 4050 (Rom.
2719 3995 2759 4048 ι,
2779 3981 2909 4049 ⁸24);
2942 3982 3123 4050 utique
3163 3986 3322 4038 oleum
3349 3990 3572 4042 suavita-

1988 4076 2050 4130 tis
2079 4074 2428 4128 exterminant.
2459 4071 2547 4127 Sic
2584 4087 2711 4142 ergo
2746 4071 2942 4127 habent
2970 4073 3067 4127 ista
3094 4075 3227 4128 alios
3254 4075 3569 4135 sinecriorcs

1988 4165 2306 4228 intellectus,
2346 4177 2480 4233 quos
2513 4163 2559 4218 si
2599 4173 2905 4232 sequantur,
2946 4165 3103 4218 etiam
3151 4166 3247 4235 ipsi
3291 4169 3356 4223 ab
3385 4183 3574 4228 earum

1989 4256 2338 4328 quaestionum
2364 4253 2716 4324 expediuntur
2737 4253 3014 4322 angustiis.
3045 4255 3256 4310 Illorum
3282 4268 3455 4313 autem
3487 4259 3572 4314 iu-

1990 4347 2234 4402 tellcctus
2272 4345 2317 4400 si
2355 4361 2384 4398 a
2413 4345 2566 4398 nobis
2595 4359 2700 4398 non
2729 4344 3092 4411 conﬁrmetur,
3128 4347 3270 4416 ipsos
3315 4349 3494 4416 solos;
3524 4352 3574 4411 si

1989 4454 2118 4495 vero
2143 4454 2173 4493 a
2200 4437 2352 4493 nobis
2377 4436 2743 4502 conﬁrmetur,
2771 4445 3023 4507 utrosque
3053 4448 3290 4494 nostrum
3314 4441 3570 4512 implicat.

2059 4527 2283 4584 CAPUT
2347 4526 2536 4581 XL—
2580 4525 2670 4579 23.
2727 4524 2864 4591 Quid
2931 4541 3064 4596 opus
3119 4538 3200 4584 est
3249 4531 3357 4598 jam
3420 4534 3570 4602 plura

1989 4618 2292 4677 discutere?
2355 4617 2466 4673 Nisi
2522 4616 2658 4671 forte
2724 4616 2851 4672 illud
2912 4620 3182 4683 movebit,
3243 4622 3382 4690 quod
3449 4639 3568 4678 eum

1988 4711 2213 4782 probare
2263 4708 2645 4764 Parmenianus
2710 4707 2863 4762 vellet
2907 4708 3147 4763 carnales
3189 4709 3430 4764 homines
3467 4731 3570 4769 non

1990 4817 2146 4873 posse
2171 4801 2471 4872 spirituales
2503 4799 2639 4855 ﬁlios
2670 4814 2950 4867 procreare
2973 4841 2988 4860 ,
3043 4800 3247 4855 addidit
3274 4819 3335 4856 ex
3395 4805 3566 4859 Evan-

1988 4894 2128 4964 gelio
2170 4891 2574 4946 testimonium:
2608 4889 2756 4955 Quod
2795 4899 2968 4942 natum
3009 4900 3081 4944 est
3122 4892 3184 4945 de
3229 4908 3398 4960 carne,
3454 4911 3571 4950 caro

1989 4993 2104 5048 est;
2164 4990 2209 5036 et
2259 4981 2392 5052 quod
2458 4989 2634 5034 natum
2689 4987 2762 5033 est
2822 4980 2887 5033 de
2947 4980 3171 5048 spiritu,
3232 4983 3439 5053 spiritus
3496 4995 3568 5040 est

1994 5073 2168 5145 (Joan.
2201 5089 2274 5136 ιιι,
2299 5073 2378 5143 6).
2406 5072 2564 5139 Quasi
2596 5084 2692 5124 nos
2718 5070 2954 5125 dicamus
2978 5087 3078 5143 per
3106 5087 3164 5128 se
3190 5071 3360 5149 ipsum
3384 5089 3566 5143 quem-

1990 5165 2117 5220 libet
2158 5164 2424 5218 hominem
2472 5161 2774 5232 spirituales
2823 5162 2961 5215 lilios
2996 5178 3275 5232 generare,
3318 5173 3374 5219 et
3413 5181 3516 5218 non
3549 5166 3563 5194 "

1991 5270 2086 5325 per
2110 5254 2481 5324 Evangelium;
2516 5252 2566 5304 in
2598 5251 2748 5320 cujus
2777 5251 3153 5321 prmdicatione
3183 5253 3412 5323 Spiritus
3449 5270 3566 5307 San-

2053 5434 2070 5502 ξ
2099 5432 2284 5502 aliquot
2307 5437 2652 5502 Mss.,_pr0pter
2673 5428 2980 5502 intpiettttmii.

2052 5497 2072 5527 ³
2096 5497 2168 5544 sic
2186 5491 2292 5543 Mss.
2315 5499 2370 5541 At
2395 5491 2528 5550 editi,
2565 5491 2660 5541 sive
2683 5491 2953 5542 trahuntur.

2052 5556 2073 5588 ³
2098 5564 2214 5612 vox,
2242 5563 2358 5612 Deo,
2380 5553 2518 5602 abest
2540 5565 2566 5601 a
2589 5553 2932 5615 manuscriptis.

2051 5621 2073 5651 δ
2097 5626 2192 5667 Huc
2215 5627 2500 5665 revocamus
2535 5624 2796 5677 negantem
2826 5613 3140 5677 particulam,
3165 5625 3270 5674 qum
3321 5623 3403 5673 per
3429 5621 3566 5664 Inva-

1988 5683 2190 5730 nienses
2209 5677 2587 5739 rejectat’ueral.
2611 5676 2846 5726 ’tivstahat
2887 5676 2932 5722 in
2961 5676 3174 5722 editiore.
3210 5686 3295 5720 \m.
3339 5683 3386 5722 et
3411 5677 3458 5723 io
3483 5689 3566 5727 uo.

1992 5745 2106 5794 stris
2120 5742 2241 5796 diss,
2274 5742 2558 5800 videturth
2594 5740 2782 5786 ozmziao
2807 5739 2862 5784 αεὶ
2893 5749 2996 5783 rem
3021 5741 3310 5785 necessaria.
