4054 6210
435 362 507 419 67
1207 352 1477 415 CONTRA
1535 350 1915 411 EPISTULA)!
1980 347 2503 417 P.\R.\IENIANI,S.
2573 345 2937 418 AUGUSTINI
3632 344 3701 400 68

433 488 553 530 etus
582 483 831 547 operatur
871 474 934 529 ad
974 470 1262 542 gignendos
1292 470 1343 523 in
1377 470 1644 537 Baptismo
1682 467 1820 522 ﬁlios
1854 466 2009 536 spiri-

434 569 630 633 tuales,
658 570 814 623 etiam
845 580 962 621 eum
989 564 1118 632 fugit
1142 562 1320 615 fictum
1346 562 1645 615 ministrum
1676 562 1716 624 ⁸,
1758 560 1895 613 sicut
1919 574 2012 611 su-

435 677 533 727 pra
587 660 833 714 diximus.
884 656 1112 724 Ideoque
1151 653 1435 722 Apostolus
1481 667 1599 707 cum
1648 651 1839 704 talibus
1890 648 2016 703 ﬁliis

434 748 765 818 loqueretur.
808 745 851 798 si
878 744 1125 810 dixisset,
1161 742 1268 812 Ego
1289 757 1377 795 vos
1416 741 1604 811 genui;
1633 747 1685 793 et
1714 753 1819 792 non
1868 736 2018 791 addi-

434 840 619 899 disset,
648 837 700 889 in
730 834 928 890 Christo
955 831 1079 887 Iesu
1106 850 1194 903 per
1211 830 1539 902 Evangetium
1569 827 1611 896 (i
1644 827 1763 883 Cor.
1785 842 1857 893 tv,
1889 827 2014 896 i5):

433 927 584 982 nullo
610 925 769 980 modo
802 939 860 980 se
885 924 1162 995 quisquam
1202 920 1436 975 fidelium
1463 919 1530 975 de
1555 919 1647 973 illo
1673 918 1856 972 natum
1894 916 2019 972 reli-

434 1019 583 1087 giose
628 1017 899 1070 fateretur.
942 1012 1282 1082 Evangelium
1310 1021 1483 1065 autem
1505 1008 1595 1064 fur
1622 1023 1833 1079 quoque
1856 1007 2019 1063 Judas

432 1108 552 1161 sine
579 1106 898 1161 detrimento
935 1103 1260 1159 credentium
1292 1101 1598 1171 prmdicavit
1623 1118 1636 1155 :
1666 1109 1721 1155 et
1744 1100 1896 1155 fictos
1920 1114 2015 1155 eo-

436 1214 579 1263 rum,
613 1198 663 1252 id
687 1207 787 1260 est,
815 1198 1050 1258 occultos
1076 1196 1265 1259 malos,
1299 1196 1435 1249 sicut
1459 1195 1564 1264 ipsi
1584 1208 1798 1265 quoque
1817 1207 2012 1247 conceo

432 1289 593 1354 dunt,
634 1304 753 1343 cum
783 1287 1190 1356 fugiatSpiritus
1228 1295 1464 1350 s:mctus,
1492 1301 1586 1355 per
1619 1296 1812 1340 eorum
1843 1294 2016 1337 tamen

380 1438 383 1439 ν
440 1379 792 1433 ministerium
844 1377 982 1446 gigni
1035 1376 1339 1445 spirituaies
1376 1375 1518 1429 ﬁlios
1571 1382 1835 1429 asserunt.
1885 1372 2017 1427 Nam

434 1468 558 1537 quis
583 1467 718 1521 ferat
744 1476 939 1520 tantam
967 1464 1309 1532 dementiam,
1337 1474 1394 1518 ut
1421 1480 1539 1518 cum
1581 1464 1716 1518 forte
1743 1463 2015 1518 carnalem

438 1567 594 1612 vocet
623 1557 887 1611 hominem
914 1556 981 1610 de
1009 1556 1233 1624 conjuge
1259 1555 1397 1609 filios
1425 1563 1787 1624 procreautem
1812 1594 1828 1617 ,
1858 1548 2018 1622 spiri-

440 1650 635 1703 tuaiem
658 1648 889 1717 appellet
909 1646 1242 1701 adulterum?
1273 1646 1440 1711 Absit,
1471 1646 1660 1715 inquit,
1690 1654 1745 1699 ut
1775 1644 1881 1698 hoc
1902 1657 2018 1698 sen-

436 1738 587 1796 tiam.
628 1738 905 1807 Quomodo
952 1753 1081 1807 ergo
1118 1738 1324 1792 adulter
1362 1737 1554 1802 latens,
1587 1750 1707 1790 cum
1747 1733 1885 1804 apud
1926 1749 2020 1789 eos

443 1832 756 1902 prxpositus
777 1838 915 1884 esset
945 1829 1248 1897 spirituales
1274 1828 1441 1895 potuit
1479 1827 1617 1880 filios
1646 1839 1947 1895 procreare,
1975 1826 2017 1880 si

432 1923 678 1977 carnales
699 1921 800 1975 hoc
821 1920 993 1974 facere
1011 1934 1112 1972 non
1135 1919 1387 1988 possunt?
1404 1919 1483 1971 An
1501 1917 1635 1970 forte
1657 1924 1780 1970 tunc
1798 1931 1891 1986 per
1910 1930 2023 1969 ma-

443 2029 545 2069 nus
567 2012 681 2083 ejus
711 2013 795 2068 vel
824 2012 1063 2067 Christus
1083 2052 1097 2073 ,
1133 2011 1215 2065 vel
1243 2010 1469 2080 Spiritus
1497 2018 1711 2064 sanctus
1732 2051 1745 2075 ,
1771 2009 1855 2062 vel
1880 2007 2020 2063 forte

434 2107 656 2175 angelus
684 2104 1010 2174 baptizavit?
1043 2101 1098 2157 Si
1128 2118 1253 2172 ergo
1284 2112 1407 2156 tunc
1433 2100 1594 2154 homo
1624 2100 1874 2169 baptizat,
1896 2114 2017 2154 cum

422 2198 731 2266 baptizator
758 2196 1065 2249 manifestus
1090 2202 1172 2248 est
1192 2193 1393 2257 bonus;
1423 2207 1543 2246 cum
1570 2206 1699 2246 vero
1728 2190 2021 2260 baptizator

435 2291 563 2345 latet
599 2290 786 2349 maius.
817 2298 943 2342 tunc
975 2287 1115 2340 Deus
1138 2286 1366 2354 haptizat
1394 2292 1484 2339 aut
1507 2283 1743 2353 angelus,
1775 2290 1829 2337 et
1854 2297 2018 2335 uitus-

435 2384 659 2449 quisque
685 2380 801 2432 talis
823 2376 1169 2446 Spiritnaliter
1205 2375 1442 2429 nascitur
1467 2369 1636 2442 quaiis
1663 2370 1825 2427 fuerit
1857 2385 1887 2424 a
1914 2385 2019 2438 quo

443 2473 740 2541 baptizatur
771 2487 785 2522 :
814 2476 1002 2537 optent
1026 2466 1112 2537 qui
1140 2464 1445 2519 desiderant
1466 2462 1717 2531 baptizari
1756 2470 1813 2514 ut
1843 2460 2016 2514 homi-

439 2580 540 2620 nes
566 2581 659 2635 per
681 2579 813 2633 quos
834 2562 1183 2630 baptizantnr,
1203 2572 1307 2611 non
1339 2557 1445 2611 sint
1473 2553 1734 2610 manifesti
1762 2553 1907 2618 boni,
1925 2552 2018 2608 sed

447 2655 671 2710 latentes
699 2654 820 2707 mali
843 2692 857 2717 ,
902 2659 957 2705 ιιι
985 2651 1061 2705 sic
1097 2651 1207 2705 Deo
1234 2648 1315 2702 vel
1343 2647 1527 2716 angelo
1558 2646 1855 2714 baptizante
1894 2659 2019 2698 sau—

434 2747 637 2800 ctinres
664 2744 868 2798 renasci
903 2750 1221 2795 mereantur.
1255 2738 1403 2793 Hanc
1440 2735 1820 2790 absurditatem
1849 2734 1894 2787 si
1923 2748 2019 2788 co-

438 2838 611 2906 gitant
652 2835 869 2898 evitare,
917 2848 1012 2902 per
1049 2829 1338 2900 quemlibet
1370 2828 1655 2890 hominem,
1698 2840 1817 2879 cum
1855 2827 2019 2894 quis‘

435 2927 630 2981 tlhristi
686 2926 948 2995 baptismo
1012 2922 1355 2991 baptizatur,
1419 2920 1684 2975 Christum
1752 2919 2020 2987 baptizare

434 3019 737 3080 fateantur,
790 3016 858 3071 de
915 3030 1020 3083 quo
1071 3015 1185 3068 solo
1232 3012 1429 3067 dictum
1482 3022 1602 3076 est,
1665 3011 1766 3064 llic
1810 3020 1888 3065 est
1934 3010 2020 3080 qui

429 3108 654 3178 baptizat
678 3108 729 3158 iu
762 3105 960 3175 Spiritu
986 3114 1159 3156 sancto
1188 3101 1361 3173 (Joan.
1388 3118 1424 3163 I,
1458 3101 1574 3171 '53).

499 3198 589 3250 ει.
630 3194 921 3260 Namiilud
959 3210 1022 3247 ex
1059 3192 1365 3262 Evangeiio,
1407 3191 1550 3247 Sicut
1576 3191 1707 3245 misit
1734 3208 1813 3245 me
1840 3190 2016 3258 Pater,

428 3306 481 3343 ei
511 3305 597 3359 ego
618 3288 755 3340 mitto
784 3302 886 3339 vos.
922 3282 1031 3339 Hoc
1054 3301 1166 3338 cum
1188 3284 1414 3348 dixisset,
1441 3283 1708 3354 insufflauit
1732 3325 1745 3342 .
1778 3293 1824 3338 et
1848 3284 1976 3338 dixit
2000 3299 2019 3338 :

435 3380 659 3446 Accipite
704 3377 951 3446 Spiritum
981 3384 1243 3439 sanctum;
1286 3376 1329 3427 si
1370 3375 1453 3428 cui
1487 3375 1773 3430 dimiseritis
1796 3385 2015 3445 peccata,

437 3472 782 3533 dit‘iittentur;
806 3478 851 3522 et
876 3469 921 3522 si
941 3468 1022 3522 cui
1051 3454 1743 3531 retinueritis,'retinebuntur
1776 3464 1887 3537 (Id.
1916 3482 2009 3531 xx,

435 3561 629 3632 2l~23)
665 3580 677 3615 :
706 3570 888 3615 contra
915 3575 1010 3613 nos
1038 3566 1213 3622 esset,
1246 3567 1303 3612 ut
1330 3572 1643 3627 cogeremur
1668 3558 1815 3612 fateri
1837 3558 1903 3611 ab
1927 3558 2019 3611 ho-

439 3655 667 3707 minibus
696 3653 815 3717 hoc,
861 3666 963 3705 non
994 3665 1090 3719 per
1134 3648 1376 3704 homines
1404 3648 1539 3711 fieri,
1582 3648 1625 3702 si
1674 3656 2015 3717 posteaquam

440 3745 593 3809 dixit,
630 3742 694 3796 Et
724 3758 813 3814 ego
853 3742 993 3794 mitto
1033 3754 1153 3804 vos;
1194 3738 1503 3809 subiecisset
1526 3738 1779 3793 continuo
1801 3776 1817 3803 ,
1852 3737 1913 3792 Si
1939 3738 2021 3790 cui

434 3833 730 3888 dimiseritis
762 3840 978 3900 peccata,
1026 3830 1374 3893 dimittentur;
1416 3838 1463 3883 et
1502 3829 1547 3883 si
1584 3829 1665 3882 cui
1694 3827 2015 3893 minueritis,

437 3926 796 3979 retinebantur.
839 3922 970 3977 Cum
1018 3936 1145 3977 vero
1186 3919 1556 3989 interpositum
1598 3927 1698 3981 est.
1752 3917 1863 3972 Hoc
1905 3934 2019 3971 cum

432 4018 664 4081 dixisset,
692 4015 974 4086 insufflauit,
1003 4022 1049 4067 et
1075 4015 1146 4066 ait
1171 4013 1274 4067 iliis
1301 4027 1321 4067 :
1350 4011 1574 4078 Accipite
1615 4012 1864 4080 Spiritum
1900 4028 2020 4065 san-

432 4118 572 4160 ctum
596 4123 614 4171 ;
637 4116 688 4159 et
716 4104 909 4160 deinde
931 4105 1151 4163 illatum,
1174 4118 1271 4170 per
1295 4115 1387 4154 eos
1415 4100 1497 4153 vel
1527 4101 1895 4154 remissionem
1928 4101 2012 4156 vel

434 4197 790 4251 retentionem
834 4195 943 4247 fieri
982 4202 1356 4261 peccatorum;
1397 4191 1525 4243 satis
1566 4191 1881 4256 ostenditur,
1913 4207 2016 4247 non

433 4288 583 4356 ipsos
614 4285 662 4337 id
692 4299 866 4351 agere,
899 4284 994 4335 sed
1018 4297 1113 4350 per
1140 4296 1233 4336 eos
1259 4280 1440 4349 utique
1466 4266 1719 4348 Spiritum
1751 4292 2015 4348 sanctum,

433 4376 573 4430 sicut
600 4374 702 4424 alio
729 4372 844 4425 loco
866 4371 1012 4436 dicit,
1044 4368 1162 4423 Non
1187 4370 1318 4424 enim
1344 4386 1428 4425 vos
1459 4371 1574 4425 estis
1603 4371 1690 4438 qui
1726 4372 2013 4441 loquimini,

433 4465 527 4519 sed
563 4464 784 4534 Spiritus
822 4470 1023 4516 sanctus
1059 4461 1144 4529 qui
1180 4462 1232 4514 in
1262 4461 1396 4515 vobis
1424 4470 1496 4517 est
1570 4460 1752 4516 Matth.
1783 4478 1815 4516 ι
1837 4503 1853 4527 ,
1886 4463 2015 4533 ‘20).

432 4555 669 4624 Spiritus
689 4561 861 4608 autem
886 4561 1105 4607 sanctus
1135 4552 1184 4605 in
1218 4552 1469 4607 Ecclesia:
1499 4553 1789 4623 pneposito
1814 4553 1897 4606 vel
1921 4555 2020 4607 mi-

431 4648 607 4700 nistro
632 4645 709 4701 sic
738 4645 894 4709 inest,
923 4653 981 4698 ut
1002 4644 1046 4699 si
1077 4643 1229 4698 ﬁctus
1251 4659 1355 4699 non
1377 4653 1479 4709 est,
1503 4655 1753 4714 operetur
1773 4660 1874 4716 per
1894 4661 2014 4700 eum

430 4737 685 4806 Spiritus,
715 4745 769 4791 et
792 4736 905 4805 ejus
926 4735 1225 4790 mercedem
1247 4734 1268 4766 ⁸
1291 4734 1343 4789 in
1366 4735 1588 4789 salutem
1618 4737 2011 4805 sempiternam,

427 4837 487 4882 et
514 4841 696 4881 eorum
722 4825 1181 4893 regenerationem
1226 4824 1310 4879 vel
1356 4824 1760 4879 tediiicationem
1789 4826 1877 4894 qui
1922 4840 2020 4895 per

432 4932 559 4971 eum
588 4916 698 4969 sive
726 4923 1106 4969 consecrantur
1130 4915 1244 4969 sive
1271 4914 1720 4984 evangelizantur.
1752 4914 1808 4970 Si
1840 4925 2015 4969 autem

432 5007 589 5062 fictos
612 5015 717 5072 est,
749 5007 997 5076 qumiiam
1024 5006 1307 5061 verissime
1342 5006 1596 5074 scriptum
1642 5012 1745 5071 est,
1794 5003 2019 5074 Spiritus

434 5101 565 5153 enim
594 5108 798 5153 sanctus
832 5095 1113 5166 discipiinae
1150 5095 1351 5168 effugiet
1380 5096 1593 5165 fictum;
1623 5095 1773 5150 deest
1801 5095 2014 5166 quidem

430 5191 591 5243 saluti
621 5188 755 5258 ejus,
784 5198 841 5255 ιιι
860 5186 1067 5242 auferat
1088 5202 1147 5242 se
1175 5204 1205 5240 α
1230 5187 1614 5258 cogitationibus
1636 5201 1747 5254 quae
1768 5194 1882 5238 sunt
1907 5186 2017 5239 sine

496 5348 612 5409 ’.εἰς
633 5358 804 5395 Otones
827 5351 947 5409 Mss.‘
970 5350 1022 5393 Αι
1045 5342 1181 5409 editi.
1215 5341 1291 5409 ad_
1303 5339 1564 5409 gignendos
1600 5337 1725 5396 Ῑίιὲοσ
1737 5350 1846 5409 ,ηοῑι
1868 5352 2017 5409 in?”

434 5407 668 5478 sufficere,
692 5418 802 5478 eum
824 5402 1024 5467 Spiritus
1044 5408 1236 5455 semotus
1256 5401 1423 5467 fictum
1441 5401 1709 5453 amastrum
1727 5401 1899 5465 fugiat,
1920 5401 2015 5451 sic-

437 5468 656 5530 ut'supra
687 5468 917 5517 diximus.

499 5530 680 5591 '_F.dili,
709 5539 840 5591 nunc
861 5524 1205 5591 absurditatem
1322 5537 1370 5575 se
1390 5521 1604 5591 cogitant
1645 5521 1746 5583 (vel
1782 5527 1849 5591 ιιι,
1881 5528 2014 5579 Lov.,

435 5584 872 5649 cogitentiet'itare,
896 5601 981 5653 per
999 5584 1250 5652 quemlibet
1272 5584 1530 5645 hominem,
1555 5592 1605 5634 ttt
1628 5597 1737 5634 cum
1766 5584 1891 5647 quis,
1914 5595 2010 5633 etc.

435 5656 725 5711 Ca:.ttgautttr
750 5664 812 5700 ex
837 5657 941 5700 Mss.

500 5709 590 5756 ’lu
614 5711 773 5771 editis,
793 5717 838 5761 et
873 5711 938 5761 ad
978 5710 1081 5771 eius
1118 5708 1402 5760 mercedem.
1448 5709 1606 5765 Abest,
1650 5707 1714 5756 ad
1772 5719 1799 5755 ιι
1842 5718 2011 5754 manu-

440 5777 653 5838 striptis,

2122 464 2368 519 intellectu
2402 481 2421 518 :
2461 466 2813 521 ministerium
2844 476 3019 520 tamen
3046 462 3163 533 ejus
3198 477 3302 519 non
3330 463 3526 520 deserit
3590 481 3698 535 quo

2121 571 2218 628 per
2258 573 2378 611 eum
2422 558 2647 612 salutem
2687 567 2936 627 operatur
2973 556 3220 610 aliorum.
3276 555 3504 625 Propter
3553 556 3695 627 quod

2123 650 2406 720 Apostolus
2432 650 2523 713 ait,
2557 649 2618 704 Si
2642 651 2771 704 enim
2799 651 2966 703 volens
2992 648 3085 702 hoc
3114 648 3267 718 facio,
3299 652 3575 703 mercedem
3601 650 3701 703 Ita-

2123 740 2229 805 beo,
2252 741 2296 793 si
2318 750 2481 793 autem
2502 740 2704 802 invitas,
2735 740 3043 809 dispensatio
3068 739 3191 792 mihi
3210 738 3398 793 credita
3418 749 3490 792 est
3517 740 3558 811 (l
3579 739 3701 794 Cor.

2124 844 2196 891 lx.
2227 830 2313 900 Π)
2347 846 2359 882 :
2393 830 2442 883 id
2470 839 2567 893 est,
2598 829 2700 883 ilﬁs
2722 829 2935 898 prodest
2964 829 3157 897 quibus
3183 827 3282 883 hoc
3296 828 3567 898 dispenso,
3592 845 3702 885 non

2124 918 2253 971 mihi
2293 918 2382 987 qui
2431 918 2582 972 fictus
2607 933 2745 972 sum.
2792 918 2891 986 Qui
2932 918 3072 972 enim
3111 918 3307 973 invitus
3334 919 3457 973 facit
3487 930 3706 990 propter

2122 1009 2400 1063 Commoda
2443 1009 2739 1080 gaudiaque
2775 1011 3027 1075 carnalia,
3071 1026 3191 1083 qua:
3230 1012 3275 1069 si
3315 1013 3473 1071 aliter
3508 1015 3706 1075 habere

2125 1107 2322 1166 posset,
2370 1099 2501 1153 illud
2536 1098 2837 1169 desereret,
2868 1102 2981 1171 ipse
3006 1103 3189 1171 utique
3217 1102 3371 1160 fictus
3396 1116 3520 1160 est:
3551 1107 3703 1163 ideo-

2123 1204 2228 1257 que
2270 1205 2376 1244 non
2406 1191 2478 1244 ait
2504 1232 2519 1257 ,
2553 1191 2609 1247 Si
2640 1193 2835 1248 invitus
2859 1192 2996 1248 facio
3020 1234 3036 1259 ,
3070 1194 3200 1248 nihil
3229 1210 3446 1264 prosum
3471 1198 3550 1252 eis
3577 1213 3703 1269 erga

2123 1293 2255 1347 quos
2283 1278 2453 1345 facio;
2499 1281 2591 1335 sed
2620 1297 2682 1336 se
2710 1291 2909 1336 tantum
2935 1298 2966 1337 a
2994 1284 3240 1339 mercede
3266 1286 3455 1341 salutis
3482 1288 3691 1353 alienat,

2125 1385 2229 1424 non
2260 1381 2313 1424 et
2346 1371 2465 1426 illos
2502 1373 2521 1404 ¹
2549 1373 2741 1441 quibus
2779 1374 2975 1429 cibaria
3021 1374 3283 1431 dominica
3327 1372 3486 1433 etiam
3532 1382 3697 1438 malus

2122 1471 2309 1515 servus
2337 1462 2609 1531 impendit.
2641 1464 2773 1531 Quia
2802 1480 2934 1519 vero
2964 1482 3068 1519 non
3099 1477 3213 1522 erat
3242 1468 3359 1522 talis
3393 1471 3700 1540 Apostolus,

2120 1552 2217 1606 sed
2263 1554 2381 1607 talis
2405 1554 2581 1623 potius
2608 1565 2665 1608 ut
2705 1556 2891 1611 volens
2918 1556 3136 1624 faceret,
3174 1558 3225 1612 id
3271 1569 3373 1625 est,
3419 1563 3699 1631 gmmitam

2118 1644 2345 1713 gratiam
2378 1644 2586 1713 pietate
2609 1646 2739 1699 casti
2770 1646 2949 1700 cordis
2972 1650 3250 1716 erogaret;
3298 1650 3455 1704 etiam
3499 1668 3697 1708 merce-

2124 1732 2242 1786 dem
2292 1733 2406 1803 ejus
2448 1735 2468 1765 ²
2516 1748 2612 1802 per
2635 1750 2754 1787 eum
2801 1734 3026 1804 Spiritus
3063 1746 3278 1792 sanctus
3307 1749 3557 1808 operatus
3595 1751 3698 1809 est,

2117 1836 2300 1893 quam,
2347 1826 2482 1880 sicut
2508 1824 2622 1893 ipse
2663 1826 2809 1889 dicit,
2840 1826 3114 1881 reddetei
3155 1827 3411 1885 Dominus
3456 1833 3507 1884 in
3547 1833 3697 1888 illum

2123 1914 2263 1968 diem
2300 1915 2473 1983 justus
2516 1914 2679 1984 judex
2727 1910 2968 1986 (li'Tim.
3015 1932 3089 1981 tv,
3138 1917 3218 1988 8).
3267 1920 3392 1974 illos
3434 1937 3560 1976 vero
3609 1924 3697 1993 qui

2120 2003 2466 2074 Evangeiium
2494 2005 2883 2059 annuntiahant
2904 2022 3012 2060 non
3041 2018 3205 2071 caste,
3235 2009 3322 2078 qui
3352 2026 3456 2065 non
3486 2013 3698 2082 quidem

2122 2095 2264 2149 aliud
2295 2096 2393 2150 nisi
2414 2096 2714 2163 veritatem,
2749 2096 2799 2151 id
2826 2106 2907 2152 est
2955 2098 3243 2166 Christum,
3278 2112 3453 2157 tamen
3485 2120 3588 2157 non
3612 2123 3702 2160 vc-

2123 2186 2277 2240 ritate
2300 2186 2477 2242 cordis
2500 2187 2622 2242 boni
2645 2187 2687 2254 ’,
2713 2186 2806 2243 sed
2832 2204 2924 2257 per
2942 2190 3273 2245 occasionem
3296 2193 3697 2250 commodorum

2123 2293 2337 2333 suorum
2360 2279 2761 2344 annuntiabant,
2791 2278 2980 2345 Sinite,
3006 2281 3195 2350 inquit,
3222 2282 3322 2337 hos
3347 2286 3697 2342 annuntiare:

2117 2377 2178 2422 et
2205 2370 2396 2439 gaudet
2422 2384 2531 2424 non
2559 2370 2739 2441 utique
2768 2370 2890 2435 illis,
2934 2370 3027 2424 sed
3074 2372 3151 2426 eis
3193 2374 3279 2443 qui
3321 2389 3416 2443 per
3445 2390 3538 2430 eos
3563 2377 3696 2432 salvi

2123 2458 2338 2522 ﬁebant,
2364 2468 2606 2515 tenentes
2628 2471 2948 2530 prteceptum
2969 2461 3216 2528 dicentis,
3249 2461 3377 2529 Qua:
3400 2464 3589 2527 dicunt,
3615 2466 3698 2535 fa-

2123 2550 2251 2613 cite;
2275 2563 2387 2619 quin
2415 2560 2582 2603 autem
2612 2550 2822 2619 faciunt,
2851 2555 3016 2620 facere
3039 2552 3191 2605 nolite
3219 2568 3239 2605 :
3268 2552 3441 2607 dicunt
3470 2556 3621 2620 enim,
3652 2566 3700 2610 et

2119 2654 2221 2692 non
2247 2641 2438 2711 faciunt
2467 2638 2676 2709 (Matth.
2700 2656 2847 2706 χχιιι,
2875 2641 2953 2710 5).
2982 2641 3155 2696 Dehis
3184 2642 3344 2697 etiam
3376 2645 3656 2713 Apostolus
3676 2644 3701 2676 δ

2122 2729 2186 2783 ad
2227 2729 2591 2798 Philippenses
2643 2731 2876 2801 loquitur
2918 2748 2935 2785 :
2983 2732 3198 2797 Quidam
3238 2735 3455 2801 quidem,
3509 2737 3692 2804 inquit,

2122 2836 2213 2888 per
2238 2820 2476 2873 invidiam
2507 2830 2554 2873 et
2578 2822 2976 2883 contentionem;
3001 2821 3203 2891 quidam
3231 2837 3345 2875 vero
3383 2839 3474 2893 per
3509 2822 3695 2878 bonum

2122 2909 2425 2962 voluntatem
2452 2908 2703 2963 Christum
2729 2908 3006 2978 prwdicant
3037 2924 3057 2962 :
3097 2910 3299 2979 quidam
3331 2928 3394 2964 ea:
3426 2913 3693 2981 charitate,

2120 3002 2332 3056 scientes
2355 3002 2587 3070 quoniam
2608 3002 2661 3054 in
2680 3001 3017 3069 defensionem
3048 3000 3309 3073 Evangelii
3331 3005 3521 3073 positus
3545 3023 3654 3060 sum
3676 3022 3697 3071 ;

2119 3097 2325 3169 quidam
2364 3108 2480 3150 vero
2506 3103 2553 3148 et
2597 3112 2685 3164 per
2722 3096 3084 3148 contumaciam
3112 3094 3364 3150 Christum
3397 3099 3699 3153 annuutiant

2123 3206 2222 3242 non
2249 3196 2399 3250 caste,
2429 3185 2771 3239 existimantes
2810 3184 3187 3239 tribulationem
3228 3188 3460 3241 suscitari
3488 3189 3700 3243 vinculis

2122 3281 2263 3333 meis.
2296 3277 2433 3345 Quid
2456 3278 2609 3340 enim,
2642 3277 2762 3329 dum
2790 3276 2927 3330 omni
2955 3277 3125 3341 modo,
3159 3278 3261 3332 sive
3288 3280 3568 3345 occasione,
3598 3281 3702 3335 sivo

2075 3362 2079 3366 ’
2121 3369 2324 3422 veritate
2361 3366 2587 3422 Christus
2611 3367 2973 3421 annunttetur?
3009 3375 3057 3421 et
3081 3368 3133 3421 in
3163 3369 3255 3422 hoc
3298 3369 3514 3440 gaudeo,
3540 3370 3629 3423 sed
3652 3378 3697 3422 et

2122 3457 2349 3528 gaudtbo
2378 3456 2631 3528 (Philipp.
2655 3472 2692 3520 ι,
2726 3456 2934 3527 15-18).
2960 3456 3221 3528 Numquid
3251 3459 3581 3527 permitteret
3605 3473 3698 3513 eos

2122 3547 2391 3602 Christum
2421 3547 2732 3616 praedicare,
2788 3563 2908 3602 cum
2958 3549 3228 3620 Evangelii
3276 3552 3551 3605 veritatem
3595 3568 3702 3606 non
3800 3566 3801 3569 ‘

2122 3638 2295 3692 veraci
2323 3636 2499 3691 cordis
2525 3638 2769 3691 castitate
2803 3636 3189 3706 praedicarent?
3232 3639 3496 3709 Numquid
3518 3641 3589 3695 de
3617 3653 3700 3695 ta-

2125 3729 2251 3782 lium
2278 3727 2649 3797 praedicatione
2668 3727 2942 3797 gauderet,
2970 3728 3069 3783 nisi
3096 3731 3255 3789 sciret
3283 3730 3423 3800 quod
3446 3731 3549 3785 illis
3574 3732 3700 3801 qui-

2122 3822 2241 3876 dem
2269 3820 2622 3891 perniciosum
2648 3828 2812 3887 esset,
2836 3835 2948 3877 rem
2974 3828 3174 3875 castam
3200 3837 3305 3875 non
3327 3833 3474 3877 caste
3493 3838 3701 3878 annum-

2126 3913 2290 3976 tiare;
2321 3910 2425 3965 illis
2448 3920 2626 3965 autem
2656 3909 2900 3975 salubre,
2933 3910 3019 3978 qui
3050 3909 3186 3964 bona
3226 3921 3280 3965 et
3312 3926 3440 3966 vera
3476 3927 3572 3981 per
3607 3928 3700 3967 eos

2122 4002 2394 4058 audientes
2426 4000 2744 4070 proficerent
2767 4000 2832 4054 ad
2861 4000 3085 4055 salutem
3101 4000 3125 4053 ?
3143 4000 3275 4055 Nam
3302 4001 3389 4055 ubi
3416 4014 3521 4056 non
3546 4001 3701 4056 Chri-

2122 4102 2235 4147 stus
2261 4092 2349 4162 qui
2375 4091 2572 4146 veritas
2599 4102 2697 4154 est,
2728 4090 2821 4145 sed
2850 4089 3053 4145 falsitas
3079 4099 3133 4145 et
3153 4092 3487 4146 mendacium
3511 4095 3700 4163 ιιι-τρίη-

2123 4194 2292 4247 catur,
2338 4181 2673 4251 apertissime
2716 4181 2989 4250 prohibet,
3022 4181 3087 4235 ad
3131 4179 3345 4236 Galatas
3386 4182 3570 4236 dicens
3610 4183 3703 4236 :Si

2122 4274 2233 4343 quis
2247 4273 2382 4326 vobis
2411 4271 2819 4341 evangelisaverit
2836 4280 3015 4339 prwter
3040 4270 3094 4323 id
3114 4271 3252 4341 quod
3276 4274 3553 4342 accepistis,
3578 4291 3701 4325 tma-
3796 4317 3803 4323 .

2123 4364 2291 4416 thema
2309 4363 2371 4416 sit
2398 4360 2595 4431 (Colat.
2628 4376 2661 4423 ι,
2692 4359 2747 4430 9)
2774 4377 2786 4412 :
2816 4360 3050 4429 itemque
3080 4360 3148 4414 ad
3171 4360 3530 4428 Timotheum,
3556 4364 3701 4418 Sicut

2122 4454 2294 4524 rogavi
2337 4463 2381 4506 te
2406 4494 2421 4519 ,
2465 4452 2664 4521 inquit,
2702 4459 2758 4503 ut
2784 4450 3055 4504 sustinens
3093 4448 3318 4521 Ephesi,
3354 4469 3471 4505 cum
3502 4454 3622 4506 irem
3647 4454 3701 4507 in

2126 4543 2496 4607 Macedoniam,
2521 4549 2573 4595 ut
2595 4539 2916 4594 denuntiares
2934 4540 3255 4609 quisbusdam
3280 4558 3343 4594 ne
3374 4544 3520 4595 aliter
3544 4543 3701 4595 doce-

2122 4643 2234 4686 rent
2265 4632 2306 4703 (l
2328 4630 2458 4684 Tim.
2487 4647 2525 4697 ι,
2549 4631 2624 4701 5).
2648 4628 2775 4685 illos
2790 4640 2967 4685 autem
2990 4629 3297 4698 invidiosos,
3315 4632 3698 4697 contentiosos,

2122 4732 2483 4789 Contumaces,
2534 4737 2638 4775 non
2666 4730 2864 4786 castos,
2910 4718 3247 4775 occasionem
3279 4730 3584 4791 qummutes
3622 4720 3701 4776 fa-

2121 4812 2324 4868 cienda:
2348 4826 2457 4866 suae
2496 4811 2651 4865 maize
2684 4808 2987 4874 voluntatis,
3030 4809 3152 4880 quia
3186 4810 3264 4864 sic
3298 4825 3491 4865 eorum
3534 4812 3697 4867 fictio-

2124 4919 2243 4958 nem
2274 4902 2503 4974 fugiebat
2530 4900 2759 4971 Spiritus
2787 4910 3022 4965 sanctus,
3053 4907 3111 4954 ut
3135 4914 3319 4955 eorum
3350 4916 3454 4955 non
3482 4901 3698 4959 desere-

2120 5007 2204 5051 ret
2233 4994 2603 5060 ministerium,
2630 5008 2737 5062 quo
2765 5007 2859 5060 per
2887 5008 2979 5046 eos
3005 4991 3255 5047 Christus
3290 4993 3698 5063 prmdicabatur,

2123 5104 2226 5143 non
2256 5089 2423 5142 solum
2452 5085 2705 5157 permittit
2742 5086 2765 5116 ⁵
2795 5094 2851 5138 ιιι
2875 5084 3089 5151 faciant,
3132 5086 3227 5140 sed
3257 5096 3310 5141 et
3343 5087 3538 5157 gaudet
3573 5088 3694 5158 quia

2124 5179 2340 5233 faciunt.

2184 5396 2199 5427 ¹
2226 5395 2298 5444 Sic
2325 5400 2434 5462 Mss;
2459 5399 2519 5462 ιιι
2536 5390 2671 5449 editi,
2702 5388 3101 5462 ideoqueineitus
3121 5391 3257 5462 facit,
3290 5390 3381 5462 sed
3398 5390 3469 5462 eis
3490 5394 3688 5462 prodest

2119 5467 2383 5567 ῗιέξιαρῖἔέιῗῗ
2394 5451 3285 5577 ἆιθοίέίξιὲυ2ἱ¹ρέ⁸⁸ιέτὶιξὲ⁷π⁸οίιιἪηὲι⁷ἑ⁸⁶⁴
3305 5451 3475 5505 mm
3490 5451 3695 5516 “‘m“

2184 5582 2201 5609 ί
2228 5584 2274 5626 In
2296 5576 2411 5626 solis
2431 5572 2641 5633 excusis,
2676 5572 2897 5623 aliorum.

2184 5640 2204 5671 ³
2224 5644 2273 5687 tu
2296 5644 2423 5695 Mss,
2445 5634 2607 5686 cordis
2623 5632 2718 5693 sui,
2742 5632 2848 5695 sed,
2873 5640 2969 5685 etc.

2184 5700 2204 5729 ⁸
2225 5692 2553 5756 οιιιιιεεήεε..
2574 5695 2645 5747 sic
2665 5692 2795 5747 enim
2818 5692 3078 5746 «tenuatus.

2186 5762 2201 5777 ’
2233 5763 2281 5811 in
2309 5762 2468 5822 editis,
2496 5772 2585 5809 non
2609 5756 2849 5822 permittit.
2871 5760 3037 5819 Abest,
3058 5769 3150 5809 non
3175 5775 3199 5811 ι
3241 5759 3581 5821 mnuseriptis.
