4050 6206
322 317 396 373 09
1626 327 1828 389 LIBER
1865 329 2246 392 SECUNDUS.
3520 360 3590 419 7b

380 436 470 494 25.
517 437 643 495 [Lee
679 436 746 493 de
779 435 1066 510 Scripturis
1092 440 1289 496 sanctis
1316 440 1632 499 documenta
1676 443 1903 514 proferi-

308 545 453 595 mus,
486 539 543 584 ut
580 539 832 600 appareat
870 529 1021 586 facile
1066 545 1172 586 non
1203 547 1322 588 esse
1362 534 1645 605 quidquam
1684 537 1904 606 gravius

309 619 594 693 sacrilegio
661 622 966 677 schismatis
1018 640 1031 676 :
1092 623 1213 692 quia
1268 625 1622 694 prtecidenda:
1691 627 1905 682 unitatis

310 714 459 766 nulla
487 713 729 782 cstjusta
756 712 1066 781 necessitas,
1095 730 1217 769 cum
1248 715 1348 771 sibi
1385 730 1714 789 nequaquam
1742 721 1902 789 Spiri-

308 803 527 857 tualiter
555 803 827 857 nocituros
857 802 1025 858 malos
1051 803 1171 859 ideo
1196 805 1423 860 tolerent
1449 806 1574 863 boui
1597 848 1612 871 ,
1642 822 1710 863 ne
1748 809 1907 879 spiri-

308 895 523 949 tualiter
546 894 893 965 sejungantur
917 909 947 949 a
973 894 1147 960 bonis,
1175 910 1296 951 cum
1325 896 1621 964 disciplina:
1645 900 1902 955 severita-

307 994 417 1040 tem
446 986 806 1042 consideratio
834 984 1195 1042 custodiendae
1226 988 1373 1057 p'acis
1400 987 1634 1044 refrenat
1672 998 1763 1045 aut
1800 989 1903 1045 dff-

306 1074 445 1140 fert;
475 1092 635 1148 quam
667 1063 839 1132 tamen
871 1077 1129 1133 securitas
1153 1078 1369 1145 exserit,
1394 1093 1514 1133 cum
1545 1089 1763 1151 apparet
1785 1082 1903 1137 sine

306 1167 528 1235 vulnere
566 1166 871 1222 schismatis
913 1166 979 1221 ad
1026 1166 1291 1222 salubrem
1321 1168 1706 1225 correctionem
1734 1185 1895 1240 posse

307 1256 509 1326 aliquid
551 1257 911 1313 ecclesiastico
938 1257 1139 1327 judicio
1167 1257 1441 1312 vindicari.
1493 1258 1729 1315 Dicimus
1757 1262 1899 1315 enim

306 1348 477 1418 magis
507 1365 702 1404 nomen
729 1349 939 1406 Domini
960 1364 1144 1404 eorum
1172 1364 1295 1406 esse
1320 1350 1408 1420 qui
1438 1365 1557 1406 eum
1596 1360 1837 1407 metuunt
1859 1353 1898 1420 ¹,

305 1442 555 1510 quamvis
582 1442 829 1511 permixti
855 1441 962 1496 sint
992 1441 1159 1496 turbis
1178 1456 1362 1497 eorum
1392 1442 1480 1511 qui
1510 1457 1632 1498 eum
1656 1458 1759 1498 non
1791 1460 1903 1500 ιιιεδ

308 1540 458 1584 tuunt
484 1549 499 1593 ;
528 1540 584 1586 et
610 1531 738 1586 illud
770 1530 909 1601 quod
932 1531 1217 1601 Apostolus
1237 1531 1330 1595 ait,
1359 1524 1515 1585 Nouit
1545 1530 1789 1587 Dominus
1816 1534 1901 1603 qui

306 1633 423 1675 sunt
453 1622 601 1695 ejus;
627 1631 672 1677 et
692 1624 892 1677 recedat
918 1622 981 1676 ab
1007 1623 1255 1694 injuslitia
1277 1623 1439 1677 omnis
1473 1625 1559 1695 qui
1584 1624 1779 1678 invocat
1804 1641 1898 1678 no.

307 1732 421 1769 men
457 1715 661 1769 Domini
682 1715 746 1785 (ll
779 1704 913 1769 Tim.
943 1731 1002 1778 ιι.
1037 1714 1146 1786 19).
1177 1714 1232 1770 Si
1262 1715 1403 1770 enim
1429 1728 1527 1786 pro
1568 1715 1708 1782 bono
1734 1716 1897 1786 pacis,

310 1824 378 1862 ne
417 1817 543 1862 ante
587 1817 796 1877 tempus
833 1822 953 1862 cum
993 1806 1195 1862 zizauia
1233 1806 1573 1878 colliguntur,
1603 1807 1901 1863 eradicctur

309 1899 467 1953 simul
496 1907 549 1954 et
579 1898 811 1953 triticum
832 1939 848 1963 ,
896 1898 1216 1954 necessitate
1243 1898 1452 1968 cogitur
1478 1896 1757 1969 quisquam
1782 1912 1900 1953 esse

310 1989 449 2044 inter
479 1989 744 2058 iujustos;
775 1986 987 2043 recedat
1015 1986 1083 2042 ab
1106 1986 1383 2057 injustitia,
1416 1996 1470 2042 et
1494 2002 1713 2043 securus
1740 1988 1897 2042 invo-

309 2090 393 2134 cat
419 2095 612 2135 nomen
656 2078 863 2133 Domini
889 2080 929 2133 ².
961 2077 1129 2134 Simul
1159 2078 1299 2133 enim
1329 2086 1384 2133 et
1414 2076 1482 2132 ab
1512 2077 1719 2148 injustis
1745 2093 1900 2134 rece-

312 2170 405 2235 dit,
434 2171 579 2225 etab
616 2171 693 2225 eis
719 2170 861 2234 exit,
890 2178 1049 2239 atque
1074 2178 1354 2239 separatur
1380 2168 1589 2224 interim
1617 2168 1777 2224 corde
1798 2204 1814 2236 ,
1842 2178 1901 2224 ut

310 2262 469 2313 etiam
495 2274 720 2329 corpore
750 2274 779 2312 a
811 2257 1002 2314 talibus
1027 2259 1078 2313 in
1108 2258 1210 2314 fine
1238 2258 1473 2328 separari
1504 2268 1789 2314 mereatur.

378 2349 606 2405 CAPUT
636 2349 752 2404 XII.
794 2380 865 2389 —
902 2348 993 2403 9.6.
1034 2348 1103 2404 Et
1140 2348 1265 2405 illud
1304 2348 1447 2420 quod
1493 2350 1747 2418 scriptum
1791 2359 1893 2417 est,

314 2441 432 2495 Non
454 2452 525 2496 cst
551 2442 775 2512 speciosa
804 2442 916 2496 laus
950 2442 1000 2496 in
1034 2457 1119 2495 ore
1147 2442 1425 2512 peccatoris
1451 2438 1651 2515 (Eccii.
1679 2457 1774 2509 xv,
1801 2443 1895 2513 9).

312 2530 366 2584 In
413 2547 506 2587 ore
542 2544 689 2587 certe
719 2532 953 2587 fidelium
981 2532 1159 2602 utique
1185 2532 1427 2602 speciosa
1460 2543 1561 2587 est.
1602 2532 1692 2587 Sic
1718 2541 1896 2588 autem

313 2623 590 2694 unicuique
615 2632 699 2678 est
734 2638 795 2678 os
818 2623 1115 2693 proprium,
1163 2638 1262 2677 nec
1303 2623 1582 2693 quisquam
1617 2624 1733 2680 sine
1761 2640 1895 2680 con-

311 2715 557 2771 sensione
585 2714 666 2769 sui
687 2714 864 2769 cordis
883 2729 948 2769 ex
968 2728 1061 2769 ore
1089 2714 1397 2769 vulneratur
1421 2714 1616 2769 alieno.
1644 2715 1774 2769 Cum
1798 2730 1897 2770 au-

312 2815 415 2859 tem
448 2804 753 2874 praedicatio
780 2804 800 2835 ³
827 2804 1120 2874 peccatoris
1140 2818 1234 2858 ore
1261 2802 1522 2872 procedit,
1551 2804 1894 2873 quzerendum

310 2904 390 2949 est
411 2895 712 2965 cujusmodi
746 2904 1078 2966 peccatorem
1110 2894 1211 2948 hoc
1240 2894 1358 2948 loco
1382 2892 1656 2964 Scriptura
1692 2893 1893 2963 signifi-

309 3002 431 3042 care
473 2986 658 3042 voluit.
693 2986 828 3042 Nam
867 2994 921 3042 et
966 2985 1282 3040 Publicauus
1318 2984 1406 3054 qui
1449 2984 1766 3053 justificatus
1814 2992 1898 3040 est

310 3079 476 3149 magis
525 3093 682 3149 quam
728 3078 818 3133 ille
869 3075 1189 3142 Pharisaaus,
1243 3076 1425 3147 utique
1478 3086 1725 3146 peccator
1782 3085 1897 3132 erat

310 3169 457 3239 (Luc.
482 3186 635 3238 xvur,
671 3169 781 3240 14).
812 3168 868 3226 Si
893 3169 1036 3225 enim
1062 3184 1186 3225 vera
1208 3168 1322 3238 ejus
1344 3179 1554 3238 peccata
1582 3184 1691 3225 non
1717 3180 1891 3238 erant,

310 3260 435 3314 falsa
466 3270 582 3315 erat
617 3259 882 3315 confessio
920 3266 1257 3329 peccatorum
1300 3275 1314 3312 :
1343 3258 1389 3313 si
1419 3266 1595 3314 autem
1621 3272 1744 3314 vera
1776 3268 1896 3315 erat

309 3351 591 3417 confessio,
623 3360 837 3420 pr0pter
858 3365 1017 3420 quam
1041 3349 1315 3420 justificari
1342 3350 1502 3404 etiam
1530 3351 1745 3417 meruit,
1773 3366 1897 3421 pro.

310 3440 393 3494 cul
418 3440 580 3495 dubio
606 3457 730 3501 vera
754 3449 906 3496 erant
932 3449 1167 3511 peccata.
1196 3439 1308 3494 Hoc
1331 3439 1489 3495 etiam
1517 3438 1584 3494 de
1603 3441 1844 3496 oratione
1868 3440 1891 3474 ⁸

310 3534 476 3588 sancti
511 3533 744 3591 Dauielis
766 3533 1041 3588 verissime
1082 3532 1329 3597 dixerim,
1357 3531 1445 3600 qui
1474 3532 1711 3603 profecto
1738 3548 1893 3589 vera-

312 3626 440 3680 citer
464 3626 573 3679 ait:
617 3624 742 3679 Cum
763 3640 979 3687 orarem,
1011 3632 1057 3677 et
1077 3624 1340 3691 conﬁterer
1362 3634 1567 3694 peccata
1593 3639 1703 3678 mea
1731 3634 1775 3679 et
1797 3640 1894 3694 po-

312 3719 417 3787 puli
453 3719 551 3772 mei
589 3716 750 3788 (Dan.
777 3732 857 3781 ιι,
896 3716 1010 3787 20).
1043 3715 1098 3771 in
1140 3716 1291 3786 cujus
1318 3730 1445 3787 ergo
1469 3732 1563 3772 ore
1602 3719 1896 3786 peccatoris

314 3811 427 3867 laus
450 3810 688 3881 speciosa
720 3825 824 3865 non
855 3817 957 3875 est,
986 3808 1091 3864 nisi
1122 3809 1350 3864 maxime
1379 3808 1649 3864 mendacis
1681 3818 1736 3864 et
1762 3809 1891 3876 ficti,

313 3917 463 3973 quem
507 3902 734 3973 Spiritus
763 3911 977 3959 sanctus
1001 3900 1294 3972 disciplinae
1320 3899 1528 3970 fugiet?
1574 3899 1674 3967 Qui
1715 3908 1894 3957 tamen

314 4007 431 4048 cuni
473 3994 710 4063 loquitur
754 3994 1028 4049 veritatem
1059 3992 1103 4059 ⁸,
1149 3992 1334 4046 nonin
1361 3992 1478 4061 ejus
1522 4006 1616 4045 ore
1654 3992 1894 4062 speciosa

230 4080 238 4093 '
314 4093 412 4148 est,
438 4084 560 4154 quia
593 4099 697 4138 non
719 4083 767 4139 ei
786 4083 1027 4142 tribuitur
1050 4084 1200 4152 cujus
1228 4082 1490 4152 particeps
1517 4096 1622 4136 non
1651 4091 1735 4137 est
1756 4099 1770 4137 :
1790 4081 1893 4137 sic-

314 4184 369 4230 ut
411 4175 652 4246 speciosa
684 4190 788 4230 non
825 4181 940 4230 erat
968 4173 1241 4244 prophetia
1270 4172 1322 4226 in
1351 4187 1447 4238 ore
1472 4171 1687 4242 Caiphae
1718 4173 1892 4243 ponti-

317 4267 426 4322 ficis
452 4266 810 4333 sacerdotum,
840 4267 929 4339 qui
951 4265 1173 4321 nescivit
1198 4263 1325 4335 quid
1351 4262 1502 4327 dixit,
1532 4262 1627 4318 sed
1652 4278 1772 4319 cum
1803 4279 1893 4320 es—

314 4369 390 4414 set
418 4359 652 4430 pontifex
680 4359 1012 4429 praphetavit
1033 4356 1209 4431 (Joan.
1240 4371 1318 4423 ιι,
1342 4356 1456 4425 5f):
1485 4355 1578 4411 sed
1602 4364 1775 4411 tamen
1801 4370 1895 4425 per

315 4450 479 4517 ipsum
506 4450 747 4519 speciosa
774 4449 889 4505 laus
914 4456 996 4505 est
1025 4448 1119 4504 Dei
1165 4448 1216 4504 in
1246 4447 1469 4503 auribus
1487 4446 1812 4503 audientium
1840 4456 1895 4503 et

314 4540 469 4596 corde
493 4540 847 4595 credentium.

378 4631 605 4689 CAPUT
647 4632 781 4688 χιιι.
814 4662 883 4674 --
922 4633 1011 4688 27.
1052 4633 1188 4701 Quin
1215 4633 1373 4688 etiam
1400 4646 1466 4687 ex
1498 4631 1739 4702 Apostoli
1768 4646 1893 4688 scn-

315 4726 471 4778 tentia
501 4724 639 4780 male
673 4733 923 4795 usurpata
953 4724 1095 4780 velut
1122 4724 1378 4780 insultare
1400 4722 1556 4779 audet
1584 4724 1891 4781 Parmenia-

316 4828 413 4867 nus
432 4814 511 4869 eis
548 4828 684 4885 quos
719 4822 875 4884 negat
904 4812 1100 4869 habere
1140 4814 1467 4884 Baptismum
1488 4853 1504 4879 ,
1531 4820 1586 4870 et
1615 4823 1893 4885 propterea

312 4903 436 4958 dicit
484 4918 582 4959 eos
616 4904 743 4959 dare
772 4920 877 4959 non
911 4918 1086 4973 posse.
1130 4904 1267 4969 Quid
1306 4904 1458 4968 enim,
1507 4902 1696 4975 inquit,
1739 4904 1892 4960 habes

312 4994 441 5057 quod
491 5010 593 5050 non
631 4994 868 5065 accepisti
896 4993 938 5063 (l
979 4993 1094 5048 Cor.
1134 5008 1207 5061 tv,
1238 4992 1336 5063 7)?
1372 4982 1534 5061 Quod
1565 5002 1623 5047 ut
1650 4994 1889 5049 omittam

316 5085 450 5140 unde
473 5094 527 5138 et
550 5099 716 5156 quare
744 5084 886 5139 dicat
928 5084 1234 5154 Apostolus,
1271 5082 1410 5152 quod
1447 5083 1611 5152 ipsius
1636 5082 1890 5153 Epistolas

314 5179 649 5234 eontextione
691 5178 1023 5240 declaratur;
1064 5177 1109 5232 si
1150 5176 1252 5232 hoc
1278 5176 1345 5233 de
1366 5175 1638 5246 Baptismo
1670 5176 1782 5231 vult
1810 5176 1890 5231 in-

376 5327 1507 5394 {smitastedttimtagnwnnomennomini
1540 5341 1782 5380 essem
1818 5328 1888 5382 eis

310 5388 846 5464 MMWWW
957 5388 983 5464 ζ
1356 5452 1371 5464 .

376 5451 396 5481 ²
414 5456 545 5515 ιρι,
564 5452 742 5515 invocet
758 5464 929 5515 nomen
1164 5459 1265 5503 uox
1282 5452 1456 5509 eadem
1474 5451 1622 5503 editio
1636 5465 1746 5503 cum
1763 5460 1886 5515 Am,

713 5513 1035 5585 emendantur
1053 5527 1119 5585 ex
1146 5515 1493 5578 tiiauuscriptis.

376 5574 624 5639 ft’aticaui
660 5577 868 5636 codices,
900 5574 1127 5639 precatio.
1260 5592 1267 5599 ί

373 5632 466 5697 fta
488 5636 739 5687 Gallicanis
760 5632 883 5697 Mssl,
900 5632 971 5686 ἀι
997 5648 1097 5685 ore.

372 5696 395 5727 ⁸
417 5696 489 5768 sic
509 5704 695 5768 Mss-At
727 5694 877 5768 editi,
904 5697 1175 5768 disciplinw
1209 5697 1346 5763 fugit
1380 5706 1524 5761 Quem
1556 5694 1707 5763 igitur
1746 5697 1887 5764 μίσει,

314 5766 421 5806 cum
439 5765 597 5808 tamen
612 5757 818 5823 loquitur
840 5757 1102 5811 ueritatem.

2012 447 2213 547 telfigi,
2259 459 2314 505 et
2354 452 2396 506 si
2434 449 2520 509 ille
2570 452 2695 514 dare
2742 473 2847 516 non
2888 473 3061 533 potest
3103 471 3192 539 qui
3237 487 3341 529 non
3385 473 3584 547 habet,

2010 537 2100 594 ille
2147 552 2321 596 autem
2360 559 2463 599 non
2494 546 2652 604 habet
2680 554 2765 621 qui
2798 569 2902 609 non
2947 537 3172 630 accepit,
3215 574 3276 620 ut
3321 567 3371 623 ei
3411 537 3592 639 aliquo

2010 631 2169 725 modo
2219 635 2235 666 ¹
2274 636 2589 707 suffragetur
2632 644 2771 712 quod
2821 648 3077 718 scriptum
3114 660 3233 723 est,
3284 659 3418 725 Quid
3455 631 3591 718 enim

2008 719 2159 775 habes
2199 725 2335 791 quod
2384 744 2483 783 non
2540 734 2816 801 accepisti?
2859 752 3043 807 qumro
3092 719 3431 804 utruiuwnon
3494 753 3588 806 ha-

2006 808 2128 865 beat
2170 815 2309 883 quod
2354 818 2491 886 apud
2528 822 2669 889 ipsos
2697 827 2921 895 accepit.
2972 830 3027 885 Si
3077 832 3327 903 dixerint,
3376 838 3586 909 liabet;

2006 916 2187 971 qurero
2238 915 2409 961 utrum
2453 914 2660 968 amittat
2713 916 2757 969 si
2802 918 2869 973 ab
2917 922 2997 975 eis
3046 930 3349 982 recesserit.
3404 930 3459 986 Si
3503 933 3589 988 di-

2005 1003 2154 1090 cunt,
2208 997 2449 1065 Amittit;
2496 1003 2842 1073 baptizandus
2896 1012 3087 1069 iterum
3130 1028 3215 1071 est
3256 1021 3300 1073 si
3345 1024 3580 1090 redierit,

2007 1092 2064 1137 ut
2106 1084 2155 1140 ei
2196 1090 2360 1156 possit
2403 1094 2606 1149 restitui
2636 1099 2777 1167 quod
2819 1103 3016 1159 amisit.
3064 1105 3117 1161 Si
3146 1120 3321 1164 autem
3351 1113 3449 1169 hoc
3476 1084 3583 1171 nou

2006 1174 2098 1243 fit,
2140 1193 2239 1235 nec
2279 1183 2553 1255 quisquam
2605 1189 2730 1245 dicit
2767 1207 2886 1249 csse
2933 1195 3260 1266 faciendum,
3309 1219 3411 1259 non
3456 1223 3583 1274 ergo

2004 1270 2272 1359 amiserat.
2323 1271 2490 1328 Porro
2545 1277 2590 1331 si
2635 1284 2873 1351 accepit,
2919 1294 2973 1340 et
3018 1304 3122 1341 non
3162 1304 3228 1344 eo
3267 1295 3453 1359 caruit,
3489 1270 3582 1348 ha-

2004 1355 2092 1412 bet
2120 1360 2304 1430 utique
2331 1365 2469 1434 quod
2512 1371 2757 1438 accepit:
2790 1384 2842 1428 et
2872 1374 2991 1432 ideo
3029 1394 3134 1434 non
3172 1378 3220 1436 ei
3264 1355 3450 1451 potest
3478 1385 3584 1442 diei

2004 1452 2292 1508 secundum
2321 1456 2539 1514 istorum
2570 1460 2917 1532 intellectum,
2950 1468 3085 1534 Quid
3108 1472 3240 1526 enim
3264 1473 3415 1530 habes
3450 1478 3586 1547 quod

2002 1554 2103 1594 non
2133 1546 2415 1613 accepisti?
2462 1548 2626 1604 Refer
2656 1568 2795 1608 nunc
2840 1557 3074 1612 animum
3104 1560 3168 1614 ad
3215 1562 3383 1632 ipsam
3423 1567 3587 1636 origi-

2001 1630 2173 1700 gincm
2201 1634 2518 1693 schismatis.
2550 1640 2899 1709 Qualemlibct
2921 1630 3583 1711 existimentCmciliauum

2004 1723 2180 1813 (quem
2230 1742 2326 1781 nos
2366 1731 2639 1788 credimus
2681 1734 3063 1811 innocentem),
3112 1746 3291 1813 procul
3320 1747 3481 1803 dubio
3523 1751 3575 1805 i'n

2003 1812 2201 1867 uuitate
2234 1817 2253 1846 ²
2284 1817 2575 1887 baptizatus
2604 1834 2717 1877 erat
2768 1842 2782 1878 :
2828 1828 3059 1884 nondum
3098 1812 3238 1887 enim
3288 1834 3424 1892 facta
3468 1850 3585 1895 erat

2003 1903 2103 1957 ista
2130 1904 2341 1962 divisio.
2373 1910 2659 1981 Ponamus,
2686 1916 2822 1971 sicut
2850 1919 2922 1973 illi
2944 1921 3147 1988 volunt,
3184 1926 3327 1994 quod
3363 1928 3430 1983 ab
3469 1932 3587 1984 uni-

2005 2002 2113 2049 tate
2138 1996 2249 2065 ipse
2273 2004 2556 2057 recesserit
2586 2022 2600 2057 :
2649 2022 2753 2061 non
2778 2010 2957 2064 amisit
2988 2013 3166 2083 utique
3191 2016 3331 2085 quod
3357 2032 3583 2089 accepe-

2002 2094 2121 2148 rat;
2152 2102 2257 2142 uon
2282 2091 2443 2157 enim,
2470 2094 2513 2146 si
2544 2095 2761 2163 rediret,
2790 2099 3147 2170 baptizaretur
3175 2106 3388 2171 iterum,
3415 2120 3473 2164 ut
3496 2126 3595 2166 reo.

2000 2172 2202 2244 ciperet
2241 2179 2383 2248 quod
2425 2183 2696 2239 amiserat.
2746 2187 2913 2245 Porro
2949 2194 2993 2246 si
3031 2208 3096 2248 eo
3122 2197 3261 2264 quod
3304 2212 3583 2270 acceperat

2001 2278 2107 2319 non
2134 2280 2398 2359 caruerat,
2424 2271 2474 2326 id
2503 2274 2682 2345 utique
2709 2276 2954 2334 habebat.
2990 2281 3045 2335 Si
3076 2300 3201 2352 ergo
3231 2302 3330 2341 nec
3351 2289 3447 2359 ipsi
3476 2290 3582 2346 dici

1999 2356 2172 2424 potuit
2195 2372 2263 2413 ex
2292 2360 2512 2415 istorum
2562 2380 2723 2432 pravo
2756 2368 3045 2435 intellectu,
3099 2374 3236 2440 Quid
3262 2356 3394 2430 enini
3430 2379 3590 2435 habes-

1999 2448 2135 2516 quod
2160 2465 2261 2504 non
2289 2454 2528 2523 accepisti
2546 2456 2572 2509 ?
2596 2458 2763 2513 multo
2791 2460 2964 2515 minus
2994 2462 3095 2518 hoc
3115 2465 3254 2521 idem
3274 2468 3377 2523 dici
3404 2482 3581 2543 potest

2000 2538 2047 2591 ei
2087 2539 2178 2608 qui
2206 2556 2300 2609 per
2332 2541 2671 2601 Caecilianum
2714 2565 2744 2601 a
2778 2550 3002 2607 Domino
3034 2559 3256 2627 accepit.
3306 2538 3421 2616 Cur
3438 2540 3579 2620 enim

2000 2643 2108 2683 non
2142 2632 2311 2698 potuit
2349 2633 2510 2689 homo
2538 2637 2626 2706 qui
2673 2654 2779 2696 non
2817 2642 3133 2713 coniunctus
3158 2659 3241 2702 est
3270 2651 3421 2706 vobis
3456 2654 3501 2720 ⁸,
3530 2655 3579 2709 id

1998 2718 2140 2789 quod
2158 2735 2275 2811 non
2304 2721 2531 2779 habebat
2556 2728 2800 2797 accipere
2836 2747 2928 2799 per
2967 2748 3087 2789 eum
3113 2738 3202 2806 qui
3239 2754 3345 2795 non
3381 2718 3578 2811 amisit,

1999 2808 2213 2876 quando
2239 2814 2455 2868 recessit
2495 2828 2527 2868 a
2575 2817 2725 2871 vobis
2742 2818 2771 2870 ΐλ
2804 2821 3013 2884 Quanto
3043 2840 3169 2893 ergo
3197 2808 3585 2897 imprudentius

2001 2898 2195 2954 dicitur
2221 2902 2334 2956 orbi
2367 2911 2625 2961 terrarum
2650 2947 2664 2967 ,
2708 2908 2844 2973 Quid
2867 2913 2999 2965 enim
3021 2915 3172 2969 habes
3194 2918 3329 2987 quod
3353 2937 3452 2973 non
3491 2938 3579 2975 ac-

1998 2990 2217 3059 cepisti?
2244 2992 2381 3048 uude
2410 2994 2575 3064 ipsius
2610 2996 2935 3056 Sacramenti
2975 3006 3236 3060 connexio
3266 3008 3317 3061 in
3348 3012 3579 3066 Africam

2000 3079 2163 3143 venit,
2210 3080 2299 3151 qui
2344 3097 2437 3151 per
2466 3085 2662 3141 nullius
2692 3089 2959 3145 traditoris
2988 3093 3187 3149 facinus
3214 3101 3381 3165 potuit
3420 3103 3581 3157 amit-

2001 3177 2112 3225 tere
2144 3171 2550 3240 promissionem
2594 3176 2709 3245 Dei,
2736 3182 3068 3250 apertissima
3100 3186 3477 3254 pollicitatione
3501 3193 3582 3247 di-

1998 3261 2168 3316 centis
2187 3263 2252 3317 ad
2283 3264 2574 3333 Abraham,
2605 3266 2670 3323 In
2688 3273 2876 3327 terniue
2903 3283 2990 3328 tuo
3026 3276 3379 3336 benedicentur
3412 3300 3584 3341 omnes

1998 3360 2166 3442 gentes
2191 3350 2343 3423 (Gen.
2372 3370 2505 3424 χχιι,
2537 3357 2661 3429 i8);
2693 3360 2849 3416 etiam
2881 3364 2924 3419 si
2974 3365 3059 3420 isti
3091 3383 3194 3421 non
3246 3371 3387 3442 impii
3434 3377 3582 3431 calu-

2000 3439 2287 3497 mniatores
2328 3444 2573 3515 fratrum,
2613 3449 2708 3503 sed
2750 3453 2858 3507 veri
2880 3456 3275 3516 examinatores
3297 3439 3581 3522 criminum

2001 3527 2261 3587 fuissent?

2069 3625 2158 3680 28.
2198 3625 2329 3683 Nam
2358 3629 2484 3687 illud
2522 3632 2661 3702 quod
2691 3636 2903 3705 quidam
2936 3654 3119 3694 eorum
3149 3644 3371 3700 veritate
3395 3650 3586 3703 convi-

1999 3716 2069 3770 cti
2099 3715 2275 3774 dicere
2301 3731 2598 3791 cmperunt,
2636 3742 2655 3776 ι
2686 3724 3011 3794 Baptismum
3039 3731 3253 3801 quidem
3280 3751 3382 3789 non
3420 3740 3580 3792 amit-

2000 3809 2063 3861 tit
2091 3809 2181 3878 qui
2212 3812 2412 3867 recedit
2438 3813 2505 3867 ab
2529 3814 2786 3881 Ecclesia,
2811 3820 2903 3874 sed
2921 3821 3009 3888 jus
3038 3833 3214 3879 tamen
3235 3826 3391 3880 dandi
3423 3830 3582 3884 amit-

2002 3899 2092 3963 tit;
2132 3918 2152 3951 ι
2198 3901 2376 3954 multis
2417 3902 2591 3957 modis
2615 3918 2835 3972 apparet
2860 3908 3129 3965 frustraet
3178 3913 3404 3970 inaniter
3447 3918 3578 3975 dici.

2000 3988 2199 4055 Primo,
2231 3989 2352 4060 quia
2377 3991 2518 4047 nulla
2538 3995 2835 4049 ostenditur
2857 4010 3018 4051 causa
3041 4013 3139 4053 cur
3163 4000 3250 4055 ille
3278 4003 3369 4071 qui
3399 4003 3576 4073 ipsum

2000 4081 2325 4149 Baptismum
2368 4082 2613 4141 amittere
2657 4098 2760 4141 non
2806 4095 3017 4156 potest,
3063 4088 3152 4159 jus
3194 4091 3355 4146 dandi
3404 4104 3577 4164 potest

1998 4170 2242 4227 amittere
2285 4170 2328 4225 ⁸.
2390 4172 2685 4244 Utrumque
2730 4174 2871 4232 enim
2918 4177 3317 4237 Sacramentum
3363 4194 3473 4249 est;
3519 4195 3576 4243 et

1998 4262 2222 4332 quadam
2252 4266 2650 4321 consecratione
2674 4278 2957 4339 utrumque
2983 4269 3183 4326 homini
3205 4271 3361 4328 datur
3381 4291 3397 4329 :
3420 4275 3572 4345 illud,

1996 4369 2119 4410 cum
2161 4355 2487 4426 baptizatur;
2538 4358 2714 4427 istud,
2762 4376 2883 4417 eum
2928 4364 3234 4430 ordinatur;
3267 4367 3491 4439 ideoque
3520 4370 3577 4435 in

1996 4444 2268 4501 Catholica
2294 4454 2576 4517 utrumque
2601 4464 2705 4503 non
2746 4450 2873 4507 licet
2896 4453 3097 4510 iterari.
3126 4455 3257 4510 Nam
3286 4457 3331 4512 si
3359 4460 3575 4529 quando

1997 4551 2062 4591 ex
2090 4536 2205 4606 ipsa
2230 4546 2377 4607 parte
2400 4538 2675 4594 venientes
2701 4542 2858 4597 etiam
2883 4545 3172 4613 praepositi,
3201 4562 3296 4616 pro
3316 4548 3456 4604 bono
3482 4566 3574 4620 pa.

1996 4628 2074 4684 cis
2102 4640 2343 4685 correcta
2367 4628 2669 4686 schismatis
2694 4647 2875 4687 errore
2903 4637 3134 4705 suscepti
3163 4646 3307 4705 sunt,
3334 4648 3387 4693 et
3414 4640 3460 4694 si
3491 4641 3569 4694 vi-

1996 4735 2112 4775 sum
2143 4728 2227 4776 est
2249 4735 2383 4791 opus
2420 4735 2539 4775 esse
2571 4727 2632 4776 ut
2654 4721 2838 4777 eadem
2864 4723 3035 4779 officia
3059 4736 3305 4795 gererent
3328 4744 3448 4799 qua:
3473 4745 3567 4801 ge.

1995 4813 2201 4879 rebant,
2227 4828 2331 4867 non
2353 4819 2479 4866 sunt
2492 4828 2702 4869 rursum
2725 4814 2981 4877 ordinati;
3004 4817 3096 4870 sed
3115 4818 3250 4873 sicut
3271 4819 3575 4888 Baptismus

1997 4908 2048 4983 in
2083 4907 2193 4971 eis,
2222 4908 2295 4962 ita
2333 4906 2608 4963 Ordinatio
2637 4907 2830 4961 mansit
2870 4910 3077 4978 integra
3107 4928 3120 4963 :
3147 4910 3267 4980 quia
3300 4912 3354 4968 in
3382 4916 3567 4983 prteci-

1997 4982 2146 5054 sione
2172 4996 2344 5052 fuerat
2363 4998 2569 5063 vitium,
2592 4997 2734 5068 quod
2753 4997 2968 5062 unitatis
2988 5014 3117 5069 pace
3134 4982 3429 5058 correctum
3449 5013 3563 5069 est;

1996 5104 2099 5145 non
2124 5090 2175 5143 in
2196 5088 2573 5157 Sacrameutis,
2595 5104 2713 5159 qua:
2736 5088 3052 5160 ubicumque
3074 5102 3220 5160 sunt,
3243 5095 3353 5163 ipsa
3376 5104 3499 5149 sunt
3522 5094 3566 5149 ³.

1996 5183 2200 5238 Etcum
2225 5181 2477 5252 expedire
2503 5180 2605 5235 hoc
2623 5180 2890 5252 iudicatur
2915 5182 3187 5250 Ecclesiae,
3217 5194 3273 5238 ut
3300 5186 3565 5256 praepositi

2060 5318 2075 5387 ἓ
2101 5324 2278 5367 oms
2300 5323 2427 5387 κεῖθεν
2454 5320 2505 5385 ιρι
2526 5313 2575 5364 εί
2599 5311 2884 5387 «Mdu.

1990 5382 2085 5492 ad;
2102 5387 2182 5491 quis
2196 5373 2420 5437 excusis,
2458 5374 2509 5426 in
2545 5373 2723 5427 wtitate
2764 5373 2903 5441 ﬁdei.
2937 5376 3116 5439 Abest,
3149 5375 3282 5437 ﬁdei,
3327 5389 3354 5425 a
3398 5388 3585 5461 manui

2086 5456 2117 5505 P
2184 5477 2197 5490 ο
2704 5498 2721 5505 -
2992 5498 3005 5505 -
3288 5498 3344 5505 ,Α

2226 5514 2401 5566 magno
2422 5512 2662 5555 consensu
2700 5498 2891 5560 ferunt,
2922 5498 3005 5565 qui
3032 5512 3126 5552 non
3165 5498 3403 5549 convictus
3438 5505 3506 5550 est
3537 5512 3570 5551 α

1994 5566 2239 5678 we”me
2276 5632 2351 5674 Er.
2391 5623 2535 5688 Lugd.
2561 5630 2680 5674 ven.
2724 5628 2855 5684 ωι,
2884 5620 2973 5684 jus
3006 5620 3158 5671 dandi
3200 5621 3417 5673 amittere
3457 5636 3567 5687 pas-

1993 5699 2075 5787 wi
2102 5699 2331 5813 inneditis,
2354 5748 2459 5813 ipsa
2474 5760 2588 5800 vero
2606 5752 2731 5798 mu.
2758 5744 2920 5808 Abest,
2942 5757 3074 5806 vera,
3090 5755 3119 5795 a
3139 5746 3488 5812 manuscriptis.
