4054 6210
405 333 463 390 η
933 295 943 306 ’
1187 326 1460 384 comm
1500 322 1876 382 EPISTULA.“
1915 317 2352 390 PARMENIANI,
2402 326 2460 383 s.
2502 326 2865 385 AUGUSTINI
3595 306 3665 363 τε

403 460 587 502 corum
627 443 902 500 venientes
943 440 1008 495 ad
1047 439 1360 494 catholicam
1405 439 1714 495 societatem
1745 436 1977 490 honores

402 554 529 593 suos
559 537 628 592 ibi
659 552 763 591 non
802 533 1204 597 administrent;
1235 548 1338 586 non
1366 532 1445 586 eis
1474 541 1650 584 tamen
1682 531 1792 598 ipsa
1819 527 1978 583 Ordi-

405 629 636 683 nationis
675 634 1008 681 sacramenta
1037 623 1418 689 detrahuntur,
1447 623 1538 678 sed
1579 631 1794 676 manent
1822 635 1982 690 super

404 736 519 775 eos.
545 719 773 785 Ideoque
802 731 906 768 non
935 715 1014 769 eis
1040 715 1094 769 in
1133 714 1328 784 populo
1358 727 1546 767 manus
1575 711 1883 781 imponitur,
1914 723 1981 764 ne

405 825 511 864 non
542 806 740 862 homini
767 848 783 873 ,
817 805 910 860 sed
944 805 1044 874 ipsi
1082 804 1427 860 Sacramento
1457 805 1546 857 tiat
1586 801 1797 872 injuria.
1842 801 1907 854 Et
1936 800 1982 853 si

407 897 617 968 quando
639 898 942 962 ignoranter
962 896 1039 962 fit,
1062 910 1162 950 nec
1186 895 1422 949 animose
1447 892 1743 947 defenditur
1765 885 1980 956 factum,

406 988 497 1042 scd
526 988 609 1055 pie
634 987 920 1055 corrigitur
950 986 1243 1056 Cognitum,
1275 993 1424 1038 vcnta
1453 983 1623 1038 facilis
1648 983 1978 1051 impetratur.

407 1078 546 1131 Dens
574 1078 715 1131 enim
747 1086 928 1130 noster
953 1092 1057 1130 non
1087 1087 1169 1132 est
1193 1076 1539 1130 dissensionis
1579 1075 1739 1137 Deus,
1768 1073 1860 1127 sed
1889 1088 1982 1140 pa-

407 1167 483 1221 cis
518 1167 579 1238 (l
605 1167 722 1221 Cor.
753 1182 866 1230 xw,
911 1167 1015 1236 55)
1044 1184 1057 1218 :
1091 1181 1187 1221 nec
1211 1167 1460 1221 Ecclesia:
1489 1165 1604 1234 ejus
1641 1164 1996 1233 Sacramenta

407 1259 458 1313 in
490 1259 568 1312 cis
597 1258 685 1327 qui
727 1258 792 1310 ab
833 1257 1071 1311 Ecclesia
1103 1266 1433 1312 recesserunt
1458 1298 1472 1324 ,
1515 1256 1608 1310 sed
1641 1256 1742 1323 ipsi
1765 1255 1851 1324 qui
1893 1270 1981 1308 rc-

407 1357 684 1402 cesserunt
715 1347 913 1402 inimici
958 1349 1073 1416 ejus
1115 1357 1258 1403 sunt.
1291 1348 1439 1404 Sicut
1479 1357 1656 1402 autem
1692 1346 1887 1401 habent
1932 1347 1981 1402 in

407 1441 678 1508 Baptismo
705 1439 845 1508 quod
874 1454 968 1507 per
997 1455 1090 1494 eos
1111 1440 1224 1494 dari
1247 1441 1436 1509 possit,
1466 1441 1542 1494 sic
1565 1441 1617 1493 in
1641 1437 1985 1495 Ordinatione

400 1531 487 1600 jus
531 1530 730 1593 dandi;
777 1541 1057 1599 utrumque
1100 1531 1311 1598 quidem
1353 1530 1417 1583 ad
1469 1527 1749 1598 perniciem
1794 1544 1981 1592 suam,

403 1619 657 1690 quamdiu
684 1619 996 1673 cbaritatem
1027 1635 1131 1674 non
1177 1617 1375 1672 habent
1404 1620 1637 1672 unitatis.
1679 1618 1780 1672 Sed
1809 1628 1986 1672 tamen

403 1711 546 1765 aliud
576 1724 658 1766 est
684 1725 788 1765 non
821 1710 1018 1765 habere
1043 1751 1057 1774 ,
1088 1709 1228 1763 aliud
1259 1710 1557 1780 perniciose
1594 1709 1810 1774 habere,
1842 1708 1983 1761 aliud

404 1804 690 1857 salubriter
736 1801 955 1856 habere.
1004 1801 1270 1870 Quidquid
1315 1817 1419 1854 non
1465 1793 1706 1866 habeiur,
1752 1800 1984 1854 dandum

407 1904 485 1944 est
510 1907 630 1944 cum
657 1905 791 1959 opus
815 1899 898 1944 est
927 1890 1038 1943 dari
1061 1909 1072 1941 :
1096 1890 1234 1958 qttod
1258 1905 1384 1942 vero
1414 1890 1706 1957 perniciose
1735 1888 1981 1950 habetur,

409 1997 505 2052 per
541 1982 925 2036 correctionem
972 1980 1192 2050 depulsa
1242 1980 1478 2050 pernicie
1517 1979 1776 2048 agendum
1820 1989 1900 2033 est
1930 1988 1987 2034 ut

407 2073 693 2127 salubriter
722 2072 995 2126 habeatur.

477 2163 566 2219 29.
594 2163 905 2232 Quanquam
931 2164 1031 2216 etsi
1077 2163 1248 2216 laicus
1269 2161 1339 2216 ali
1358 2160 1461 2231 ptis
1501 2160 1743 2231 pereunti
1781 2159 1987 2214 dederit

414 2255 735 2309 necessitate
780 2255 1084 2322 compulsus
1118 2254 1156 2317 ',
1203 2252 1340 2321 quod
1381 2267 1500 2306 cum
1533 2251 1645 2320 ipse
1682 2250 1945 2316 acciperet
1968 2291 1983 2314 ,

412 2343 680 2413 quomodo
723 2343 954 2397 dandum
998 2350 1140 2397 esset
1183 2341 1432 2395 addidicit
1480 2342 1522 2402 ³,
1570 2341 1748 2393 nescio
1791 2354 1858 2393 an
1902 2340 1988 2408 pie

409 2435 689 2502 quistjuam
731 2432 927 2486 dixerit
965 2446 1084 2486 csse
1127 2431 1493 2499 repetendum.
1540 2427 1690 2483 Nulla
1721 2430 1862 2483 enim
1891 2443 1988 2483 co-

407 2533 566 2592 gente
591 2524 906 2576 necessitate
928 2522 970 2575 si
1000 2522 1106 2586 fiat,
1135 2521 1291 2575 alieni
1319 2521 1554 2574 muneris
1575 2519 1845 2588 usurpatio
1865 2527 1984 2575 est:

410 2615 454 2668 si
500 2624 673 2667 autem
716 2614 1006 2667 necessitas
1036 2622 1238 2680 urgeat,
1283 2619 1372 2664 aut
1401 2610 1601 2664 nullum
1628 2650 1641 2672 ,
1671 2619 1760 2663 aut
1787 2612 1990 2665 veniale

412 2707 664 2760 delictum
693 2713 794 2759 est.
841 2705 946 2760 Sed
993 2713 1047 2758 et
1090 2705 1133 2757 si
1165 2703 1308 2756 nulla
1340 2703 1655 2756 necessitate
1685 2709 1988 2769 usurpetur,

413 2807 468 2852 et
497 2814 524 2848 a
571 2797 807 2866 quolibet
843 2795 1058 2848 cuilibet
1085 2793 1260 2859 detur,
1306 2792 1444 2861 quod
1475 2791 1653 2845 datum
1701 2789 1855 2844 fuerit
1885 2804 1989 2844 non

411 2898 585 2962 potest
612 2889 717 2944 dici
745 2904 850 2942 non
877 2888 1079 2954 datum,
1107 2887 1350 2956 quamvis
1379 2895 1524 2940 recte
1565 2883 1667 2937 diei
1700 2884 1862 2952 possit
1890 2882 1984 2938 illi-

409 2982 522 3034 cite
563 2979 765 3033 datum.
815 2977 1051 3030 lllicitam
1079 2985 1256 3030 autem
1302 2975 1698 3042 usurpationem
1727 2973 1748 3004 ³
1775 2973 1992 3042 corrigit

413 3069 807 3124 reminiscentis
852 3076 908 3122 et
951 3067 1260 3136 pmttitetttis
1305 3066 1543 3120 allectus.
1596 3065 1746 3133 Quod
1794 3065 1840 3119 si
1884 3081 1988 3119 non

410 3159 723 3221 correxerit,
757 3157 990 3212 manebit
1033 3156 1097 3210 ad
1132 3171 1339 3224 poenam
1371 3157 1699 3226 usurpatoris
1725 3156 1864 3226 quod
1893 3156 1990 3210 da-

413 3259 524 3305 tum
550 3257 652 3314 est,
680 3249 761 3301 vel
785 3247 902 3318 ejus
925 3247 1013 3316 qui
1046 3247 1226 3302 illicite
1254 3246 1422 3312 dedit,
1450 3248 1532 3300 vel
1556 3248 1670 3315 cjtts
1692 3248 1779 3316 qui
1811 3247 1992 3303 illicite

413 3341 658 3409 accepit:
692 3355 794 3393 non
828 3348 1005 3393 tamen
1038 3353 1132 3406 pro
1177 3353 1280 3394 non
1326 3338 1451 3394 dato
1481 3340 1790 3402 habebitur:
1822 3355 1992 3412 neque

416 3431 524 3486 ullo
547 3430 706 3485 modo
731 3445 822 3498 per
849 3428 1096 3482 devotum
1120 3428 1362 3491 militem,
1387 3431 1524 3499 quod
1552 3446 1581 3484 a
1612 3430 1827 3496 privatis
1849 3446 1993 3484 usur-

417 3529 598 3590 patum
639 3529 753 3586 est,
785 3519 991 3588 signum
1030 3519 1206 3588 regale
1235 3519 1532 3573 violabitur.
1577 3518 1631 3574 Si
1663 3520 1801 3572 cnim
1833 3520 1990 3591 aliqui

417 3610 596 3664 furtim
625 3618 678 3663 et
706 3617 856 3663 extra
899 3607 1167 3671 ordinem,
1197 3607 1247 3660 in
1281 3610 1508 3662 monetis
1537 3609 1757 3678 publicis
1782 3626 1989 3673 aurum,

417 3703 498 3754 vel
527 3709 824 3770 argentum,
857 3699 937 3752 vel
964 3713 1040 3753 aes
1065 3699 1410 3767 percutieado
1439 3699 1756 3768 signaverint
1786 3698 1836 3764 δε
1870 3715 1989 3754 cum

419 3793 580 3846 fuerit
607 3788 1036 3859 deprehensum,
1066 3804 1242 3844 nonne
1281 3789 1380 3842 illis
1421 3790 1638 3858 punitis,
1683 3800 1772 3844 aut
1815 3790 1991 3844 indul-

420 3888 595 3955 gentia
639 3882 910 3946 liberatis,
957 3882 1227 3951 cognitum
1272 3881 1451 3952 regale
1490 3883 1698 3952 signum
1728 3883 1992 3939 thesauris

420 3975 684 4046 regalibus
713 3981 1028 4042 congeratur
1056 3973 1116 4025 "l
1143 3976 1245 4026 Aut
1269 3973 1312 4026 si
1343 3973 1642 4043 quisquam,
1675 3975 1784 4028 sive
1810 3974 1995 4029 deser-

420 4080 522 4133 tor,
568 4068 682 4120 sive
723 4068 811 4134 qui
858 4081 1127 4135 nunquam
1160 4065 1377 4118 omnino
1405 4065 1666 4130 militavit,
1701 4075 1822 4118 nota
1847 4065 1991 4118 mili-

421 4159 519 4214 tari
561 4157 818 4226 privatum
849 4158 1078 4224 aliquem
1111 4158 1315 4224 signet;
1362 4171 1540 4209 nonne
1567 4155 1653 4208 tibi
1700 4155 1860 4210 fuerit
1899 4156 1996 4211 de-

420 4250 736 4318 prehensus,
770 4245 858 4298 ille
887 4247 1121 4315 signatus
1153 4259 1248 4314 pro
1272 4245 1545 4300 desertore
1577 4246 1808 4315 punitur,
1835 4256 1889 4301 et
1927 4262 1994 4301 eo

419 4339 632 4407 gravius
661 4351 765 4404 quo
796 4335 1007 4404 probari
1042 4335 1274 4403 potuerit
1301 4351 1566 4406 nunquam
1606 4336 1821 4390 omnino
1857 4337 1997 4391 mili-

422 4439 582 4487 tasse.
611 4427 974 4482 simul-secum
1003 4427 1205 4496 punito,
1235 4427 1276 4480 si
1321 4442 1440 4482 eum
1483 4427 1803 4497 prodiderit,
1832 4428 1996 4482 auda-

423 4519 639 4573 cissimo
678 4518 984 4586 signatore?
1025 4519 1127 4570 Ant
1157 4517 1200 4571 si
1231 4518 1365 4572 forte
1394 4519 1543 4572 illum
1577 4519 1776 4572 militia:
1805 4518 1996 4572 chara-

421 4619 619 4663 cterem
660 4607 712 4662 in
741 4623 965 4678 corpore
1005 4622 1124 4674 suo,
1157 4623 1259 4662 non
1288 4609 1518 4663 militans
1544 4610 1766 4680 pavidus
1791 4609 1995 4666 exhor-

424 4699 611 4754 ruerit.
643 4708 697 4751 et
741 4697 806 4750 ad
836 4697 1184 4752 clementiam
1215 4697 1553 4767 imperatoris
1581 4700 1899 4771 confugerit,
1931 4716 1994 4756 ae

424 4803 580 4858 prece
608 4786 718 4840 fusa
745 4788 766 4818 ⁸
790 4797 842 4841 et
882 4788 1159 4857 impetrata
1181 4787 1288 4856 jam
1314 4790 1465 4843 venia
1497 4790 1725 4846 militare
1743 4792 1850 4860 jam
1881 4806 1995 4846 ete-

424 4879 559 4947 perit
585 4895 600 4942 ;
627 4877 878 4947 numquid
920 4877 1134 4933 homine
1163 4880 1386 4934 liberato
1425 4888 1584 4950 atque
1603 4892 1843 4938 correcta
1869 4883 1994 4938 clla-

421 4981 596 5026 racter
613 4971 701 5027 ille
723 4972 995 5041 repetitur,
1018 4986 1081 5026 ac
1101 4987 1205 5025 non
1226 4973 1402 5042 potius
1421 4975 1629 5043 agnitus
1643 4977 1994 5046 approbatur!

483 5084 501 5194 Ξ
529 5089 704 5194 Αωᾶἔᾶ
729 5083 874 5194 istic.
929 5088 1055 5143 Mss,
1103 5079 1266 5146 aliqua
1303 5083 1544 5148 pereuntis
1564 5083 1842 5138 necessitate
1871 5098 2000 5138 com-

505 5159 585 5194 sua
704 5158 731 5193 ε
800 5179 812 5191 .

437 5151 585 5194 mlsus
609 5151 812 5194 dederit.

420 5159 585 5210 pulsus
609 5159 812 5194 aeaeru.

422 5267 433 5273 _
482 5209 501 5238 ³
528 5206 671 5262 Editi,
695 5204 912 5273 «tandem
942 5218 1050 5273 esse
1079 5204 1318 5257 addidicit
1335 5208 1554 5273 ;_omisso
1591 5210 1844 5273 quomodo,
1870 5209 2000 5273 quod

422 5267 516 5315 huc
538 5280 601 5330 ex
629 5268 859 5330 Vaticanis
887 5266 1132 5330 codicibus
1154 5271 1504 5330 revocavimus.
1528 5275 1579 5318 tu
1600 5266 1708 5319 aliis
1753 5266 1860 5321 Mss.
1889 5266 2000 5330 est.

419 5328 546 5391 quod
570 5327 786 5378 dandum
805 5334 932 5391 esset
941 5327 1201 5391 addidicit.

485 5390 506 5465 ἲ
528 5396 852 5465 meum}
873 5387 1095 5465 iusim
1107 5390 1587 5465 ?f9°.?f§“rP““W
1603 5392 1814 5465 ςριτίςίι-

483 5449 504 5480 ⁸
527 5452 599 5515 sic
625 5449 844 5515 Gallicani
863 5450 1072 5500 codices.
1097 5449 1303 5515 at'editi,
1327 5449 1373 5503 et
1391 5449 1807 5515 extraordinaria
1831 5469 1922 5508 non
1950 5456 2001 5509 in

420 5511 835 5624 3313:33th
850 5526 1025 5564 aurum
1047 5511 1118 5562 vel
1139 5522 1405 5578 argentum,
1422 5517 1509 5566 sed
1527 5528 1595 5568 ωε
1616 5511 1926 5581 percutienda
1939 5523 2004 5572 rt-

469 5584 679 5622 laverint.

421 5585 867 5706 φξυιῗίςῗΐςοῃειηγ
885 5633 1072 5706 inferri.
1102 5636 1324 5706 Verbum.
1347 5637 1544 5700 inferri,
1569 5643 1707 5691 abest
1730 5643 1791 5692 ab
1822 5644 1926 5695 aliis
1949 5643 2000 5690 li-

427 5696 526 5767 bris
541 5707 564 5767 :_
581 5696 750 5767 (ἔξω-οε
775 5696 964 5767 cogetur
988 5713 1005 5758 ;
1028 5701 1076 5747 tu
1098 5700 1328 5751 Vatietnis
1342 5696 1466 5762 uss,
1491 5712 1777 5767 congeretnr.

491 5756 510 5787 ⁸
533 5754 752 5806 Gallicani
776 5754 899 5822 Mss,
926 5754 1122 5828 licvpllt‘e
1137 5767 1281 5829 ﬁtcla.

2085 438 2165 490 An
2197 437 2330 493 forte
2355 439 2530 494 minus
2559 439 2760 494 luerent
2786 439 3127 494 Sacramenta
3167 436 3476 498 christiana,
3508 451 3662 506 quam

2086 530 2382 598 corporalis
2409 530 2524 584 lucc
2547 540 2693 594 nota,
2722 547 2841 585 cum
2869 531 3143 586 videamus
3170 546 3266 585 nec
3285 537 3554 599 apostatas
3582 544 3669 583 ca.

2087 636 2208 676 rcrc
2234 621 2584 692 BaptiSmate,
2603 623 2794 692 quibus
2826 623 3004 693 utique
3035 639 3127 693 per
3155 623 3516 692 ptenitentiam
3545 622 3668 676 red-

2088 713 2334 767 euntibus
2377 729 2482 768 non
2532 715 2866 779 restituitur,-
2897 723 2950 769 et
2989 713 3108 768 ideo
3152 713 3320 767 amitti
3363 727 3467 766 non
3514 727 3674 783 posse

2083 803 2396 874 judicatur?
2420 806 2499 858 An
2530 803 2771 859 ducenda
2797 805 2865 860 de
2892 804 3074 858 militia
3101 803 3390 858 similitudo
3417 817 3519 856 non
3551 801 3671 867 fuit,

2090 911 2210 950 cum
2239 905 2292 951 et
2320 897 2610 966 Apostolus
2635 896 2701 950 de
2727 896 3029 967 agonisticis
3069 895 3447 950 certaminibus
3476 893 3674 947 clamet

2089 994 2143 1040 et
2169 996 2351 1056 aperte
2377 986 2518 1040 dicat
2542 1003 2556 1040 :
2586 985 2751 1040 Nemo
2782 987 3004 1040 militans
3033 985 3140 1038 Deo
3166 986 3392 1055 implicat
3432 1001 3486 1038 se
3513 1001 3667 1052 nego-

2090 1075 2172 1129 tiis
2200 1075 2524 1130 saecularibus
2547 1117 2563 1143 ,
2604 1086 2658 1129 ut
2683 1079 2724 1130 ei
2755 1076 2951 1147 placeat
2981 1076 3063 1129 cui
3087 1093 3140 1129 se
3171 1075 3394 1146 probavit
3425 1075 3444 1144 (
3470 1073 3511 1128 ll
3535 1073 3669 1126 Tim.

2089 1167 2280 1236 ",4).

2159 1257 2245 1311 30.
2281 1257 2349 1312 Et
2376 1257 2488 1313 bene
2518 1258 2733 1329 quidem
2778 1259 2877 1313 alia
2922 1258 3146 1328 qurcstio
3172 1267 3272 1325 est,
3310 1267 3488 1312 utrum
3518 1267 3572 1314 et
3601 1259 3669 1314 ab

2091 1347 2154 1400 iis
2184 1347 2272 1416 qui
2320 1365 2584 1418 nunquam
2612 1351 2821 1404 inerunt
2858 1349 3134 1404 christiani
3177 1349 3341 1418 possit
3368 1349 3674 1419 Baptismus

2089 1437 2201 1490 dari
2231 1435 2304 1510 (η)
2337 1455 2350 1492 ι
2384 1454 2482 1492 nec
2526 1440 2722 1509 aliquid
2772 1450 2971 1494 temere
3014 1439 3137 1493 inde
3175 1439 3544 1494 al'firmandum
3593 1451 3673 1494 est

2090 1529 2206 1581 sine
2233 1531 2547 1584 auctoritate
2577 1531 2704 1584 tanti
2746 1531 2957 1585 concilii
2985 1539 3238 1600 quantum
3270 1540 3428 1585 tanta:
3457 1533 3532 1587 rei
3559 1532 3670 1585 suf-

2093 1618 2224 1675 ficit.
2258 1619 2334 1674 De
2379 1621 2442 1674 iis
2487 1637 2612 1675 vero
2654 1623 2742 1690 qui
2779 1623 2846 1676 ab
2889 1622 3138 1676 Ecclesiae
3167 1623 3411 1678 unitate‘
3444 1625 3670 1692 separati

2091 1718 2236 1774 sttnt,
2273 1710 2413 1763 nulla
2442 1712 2550 1780 jam
2579 1713 2803 1780 quaestio
2831 1719 2933 1776 est,
2969 1711 3093 1780 quin
3125 1722 3176 1766 et
3214 1711 3515 1766 habeantet
3546 1715 3673 1768 dare

2094 1800 2334 1868 pussint,
2376 1811 2429 1854 et
2471 1803 2597 1871 quin
2645 1803 2943 1871 perniciose
3003 1802 3230 1856 habeant
3270 1803 3672 1873 perniciosoque

2094 1891 2303 1945 tradant
2332 1901 2478 1946 extra
2512 1895 2778 1948 vinculum
2823 1895 2989 1964 pacis.
3021 1895 3134 1950 lloc
3159 1895 3300 1950 enim
3328 1898 3436 1964 jam
3478 1897 3528 1951 in
3561 1899 3670 1962 ipsa

2094 1982 2252 2036 IOtitts
2283 1982 2427 2037 orbis
2466 1983 2666 2039 unitate
2694 1984 3020 2052 discussum,
3049 1985 3464 2048 consideratum,
3494 1986 3671 2056 perfe-

2091 2083 2257 2138 ctum,
2300 2085 2457 2145 atque
2487 2077 2749 2130 firmatum
2782 2088 2858 2131 est
2890 2078 2988 2147 (ὁ).
3031 2079 3135 2132 Sed
3166 2079 3209 2132 si
3242 2093 3338 2131 nos
3367 2080 3504 2133 n'tale
3551 2080 3674 2133 faci-

2093 2179 2230 2227 mus,
2267 2165 2363 2233 ipsi
2397 2167 2660 2235 cxplicent
2689 2168 2956 2238 quomodo
2995 2168 3394 2223 Sacramentutu
3428 2169 3671 2240 baptizatl

2096 2271 2199 2308 non
2247 2257 2416 2325 poSsit
2457 2259 2668 2325 amitti,
2703 2269 2751 2313 et
2803 2258 3204 2315 Saeramentum
3236 2262 3464 2316 ordinati
3508 2264 3675 2332 possit

2093 2345 2262 2398 amitti
2291 2362 2302 2398 :
2337 2347 2586 2415 quoniam
2611 2345 2810 2412 dicunt,
2853 2349 3110 2403 Recedens
3148 2349 3208 2403 ab
3237 2349 3463 2405 Ecclesia
3492 2350 3673 2420 Bapti-

2091 2453 2254 2488 summ
2283 2436 2483 2506 quidem
2522 2455 2620 2492 non
2651 2441 2854 2506 amittit,
2891 2442 2980 2509 jus
3009 2441 3166 2494 dandi
3195 2451 3358 2495 tamen
3393 2443 3593 2496 amittit.
3619 2443 3671 2498 Si

2093 2529 2234 2583 enim
2269 2538 2550 2598 utrumque
2577 2531 2978 2586 Sacrameututu
3027 2541 3127 2598 cst,
3157 2534 3296 2604 quod
3325 2551 3480 2588 nemo
3520 2534 3672 2589 dubi-

2096 2627 2208 2682 tat;
2238 2636 2334 2675 cur
2360 2619 2490 2674 illttd
2520 2637 2624 2674 non
2649 2623 2931 2689 amittitur,
2956 2632 3009 2677 et
3035 2624 3159 2677 illud
3182 2625 3475 2678 amittitur?
3496 2622 3675 2678 Neutri

2097 2707 2445 2764 Sacramenta
2475 2711 2666 2780 injuria
2709 2712 2944 2767 facienda
2972 2723 3070 2768 est.
3103 2715 3154 2766 Si
3186 2726 3365 2766 sancta
3399 2715 3563 2765 malos
3591 2712 3674 2765 fu-

2094 2795 2265 2863 giunt,
2295 2809 2578 2869 utrumque
2605 2800 2765 2870 fugiat
2790 2820 2801 2854 :
2835 2803 2877 2854 si
2909 2812 3087 2855 sancta
3117 2801 3168 2854 in
3215 2802 3366 2854 malis
3393 2803 3674 2855 inviolabi-

2098 2888 2218 2942 litcr
2255 2899 2497 2955 manent,
2529 2900 2808 2960 utrumque
2838 2901 3066 2946 maneat.
3098 2892 3152 2946 Si
3194 2892 3423 2946 dixerint
3451 2935 3462 2956 ,
3495 2893 3676 2963 Bapti-

2096 2993 2242 3035 smus
2270 2981 2319 3033 in
2361 2981 2468 3033 sola
2511 2997 2633 3034 vera
2663 2981 2895 3036 Ecclesia
2929 2991 3072 3037 recte
3098 2979 3252 3037 datur
3282 3002 3294 3036 :
3326 2985 3676 3052 respondetur

2078 3070 2195 3135 cis,
2228 3070 2528 3138 Baptismus
2561 3072 2610 3124 in
2655 3073 2764 3125 sola
2811 3087 2928 3127 vera
2975 3072 3211 3128 Ecclesia
3243 3085 3386 3128 recte
3431 3068 3674 3130 habetur.

2097 3160 2203 3213 Cur
2234 3176 2336 3213 non
2368 3169 2540 3229 potest
2587 3160 2701 3215 dari
2733 3161 2819 3216 ubi
2851 3178 2952 3216 non
2987 3175 3130 3218 recte
3158 3163 3330 3230 datur,
3366 3169 3675 3235 cnm'possit

2097 3249 2280 3306 haberi
2328 3252 2414 3305 ubi
2446 3268 2549 3306 non
2595 3262 2742 3308 recte
2772 3253 3030 3308 habetur?
3074 3256 3154 3311 An
3186 3256 3304 3324 quia
3337 3273 3439 3311 non
3485 3257 3677 3312 habere

2096 3342 2236 3395 aliud
2267 3350 2347 3395 est
2368 3382 2383 3408 ,
2413 3341 2552 3396 aliud
2584 3357 2687 3396 non
2741 3354 2886 3399 recte
2915 3343 3155 3400 habere?
3197 3344 3286 3400 Sic
3323 3356 3374 3401 et
3416 3363 3520 3400 non
3550 3348 3678 3402 dare

2096 3432 2237 3484 aliud
2264 3442 2367 3496 est,
2399 3432 2541 3487 aliud
2587 3448 2691 3488 non
2720 3442 2865 3490 recte
2891 3434 3057 3490 dare?
3085 3435 3232 3492 Sicut
3276 3453 3381 3491 non
3412 3447 3553 3493 recte
3595 3438 3679 3492 ha-

2097 3525 2186 3578 bet
2212 3525 2300 3594 qui
2331 3525 2399 3579 ab
2425 3526 2625 3578 unitate
2655 3525 2901 3590 discedit,
2929 3526 3021 3579 sed
3051 3534 3226 3580 tamen
3260 3527 3448 3591 habet,
3478 3538 3530 3582 ct
3559 3529 3679 3584 ideo

2097 3616 2342 3671 redeunti
2391 3629 2495 3669 non
2524 3615 2799 3669 redditur:
2843 3616 2919 3670 sic
2961 3617 3120 3670 etiam
3155 3631 3256 3670 non
3297 3626 3439 3672 recte
3466 3617 3555 3671 dat
3585 3619 3676 3686 qui

2097 3708 2164 3763 ab
2190 3709 2392 3762 unitate
2423 3705 2668 3772 discedit,
2713 3707 2806 3760 sed
2835 3716 3009 3761 tamen
3035 3706 3158 3770 dat;
3186 3718 3241 3762 et
3267 3707 3388 3763 ideo
3429 3709 3567 3777 quod
3611 3709 3678 3764 ab

2097 3814 2162 3855 eo
2207 3798 2451 3869 accepit,
2491 3798 2722 3852 venienti
2763 3797 2830 3852 ad
2873 3798 3128 3852 unitatem
3162 3815 3265 3852 non
3311 3799 3550 3853 iteratur.
3599 3799 3678 3854 Illi

2097 3900 2276 3945 autem
2321 3890 2462 3960 quod
2508 3905 2612 3944 non
2657 3897 2804 3945 recte
2831 3887 3004 3952 datur,
3045 3889 3225 3943 datum
3255 3904 3359 3943 non
3402 3905 3522 3944 esse
3551 3905 3682 3945 con-

2099 3981 2344 4035 tendunt.
2377 3980 2528 4048 Quod
2574 3981 2616 4034 si
2649 3981 2784 4033 alius
2812 3980 2949 4048 quod
2981 3995 3086 4034 non
3129 3989 3274 4035 recte
3303 3979 3556 4047 habetur,
3586 3981 3680 4036 ha~

2097 4075 2209 4130 beri
2243 4089 2344 4126 non
2393 4087 2546 4142 posse
2589 4072 2916 4138 contendat,
2961 4087 3138 4127 nonne
3181 4073 3392 4143 utrique
3421 4074 3678 4128 reclama-

2097 4179 2216 4218 nuts
2254 4164 2276 4194 ¹
2300 4205 2316 4227 ,
2364 4171 2417 4216 et
2460 4162 2685 4216 dicimus
2728 4161 2924 4218 habere
2963 4163 3174 4231 quidem
3199 4204 3214 4227 ,
3254 4164 3346 4218 sed
3391 4179 3494 4218 non
3536 4175 3679 4220 recte

2100 4256 2297 4310 habere
2326 4270 2446 4309 eum
2477 4255 2563 4323 qui
2605 4254 2671 4307 ab
2713 4253 2912 4306 unitate
2952 4252 3298 4307 discesserit?
3334 4253 3387 4308 Si
3427 4269 3553 4324 ergo
3582 4270 3676 4306 vo-

2098 4348 2232 4413 lunt,
2261 4355 2320 4399 ut
2349 4343 2523 4398 audiat
2547 4343 2633 4396 ille
2659 4341 2798 4409 quod
2827 4342 3026 4410 pariter
3054 4343 3424 4406 reclamanms,
3453 4343 3549 4411 ipsi
3582 4357 3678 4398 nos

2099 4439 2316 4490 audiant
2358 4433 2742 4498 reclantantes,
2787 4431 2916 4486 dare
2959 4430 3203 4501 quidem,
3251 4433 3343 4486 sed
3390 4448 3492 4486 non
3536 4442 3680 4489 recte

2100 4527 2228 4582 dare
2257 4541 2376 4580 cum
2405 4524 2492 4594 qui
2521 4522 2588 4576 ab
2628 4523 2826 4576 unitate
2867 4522 3132 4576 discessit.
3161 4522 3508 4593 Quapropter,
3547 4525 3680 4581 sicut

2100 4616 2342 4675 redeunti
2379 4630 2484 4670 non
2523 4613 2761 4668 redditur
2799 4612 2938 4682 quod
2983 4606 3108 4665 foris
3173 4611 3432 4677 habebat;
3482 4614 3559 4668 sic
3601 4631 3678 4669 ve-

2100 4707 2264 4764 nienti
2296 4721 2401 4760 non
2440 4703 2784 4774 repetendum
2829 4711 2911 4756 est
2949 4700 3088 4770 quod
3115 4701 3272 4754 etiam
3303 4702 3428 4756 foris
3456 4715 3672 4771 accepe-

2101 4817 2201 4863 rat.
2236 4805 2386 4861 Undc
2409 4788 2800 4872 cousequenter
2827 4802 3137 4871 intelligitur
3166 4787 3566 4870 perversitatem
3595 4795 3682 4849 ho-

2103 4900 2303 4952 minum
2331 4911 2449 4951 esse
2478 4893 2843 4965 corrigendum
2866 4933 2880 4957 ,
2914 4894 3248 4947 sanctitatem
3281 4901 3456 4944 autem
3485 4887 3679 4944 Sacra-

2103 4999 2401 5043 tnentornm
2434 4988 2484 5040 in
2525 4986 2669 5040 nullo
2699 4999 2947 5054 perverso
2975 4997 3094 5037 esse
3117 4981 3436 5036 violandam.
3465 4981 3682 5034 Constat

2103 5083 2243 5136 enim
2267 5093 2383 5134 eam
2414 5082 2462 5130 in
2495 5076 2757 5147 perversis
2805 5083 2858 5130 et
2885 5075 3160 5130 sceleratis
3197 5074 3529 5137 hominibus,
3571 5071 3684 5124 sive

2105 5174 2156 5226 in
2188 5173 2265 5228 eis
2294 5172 2380 5240 qui
2404 5171 2545 5224 intus
2571 5177 2711 5233 sunt,
2740 5167 2852 5222 sive
2875 5168 2925 5221 in
2947 5167 3026 5221 cis
3055 5167 3143 5236 qui
3166 5165 3298 5220 foris
3319 5171 3462 5230 sunt,
3491 5162 3683 5230 impol-

2106 5263 2270 5318 lutam
2297 5270 2455 5331 atque
2481 5260 2844 5316 inviolabilem
2887 5273 3237 5329 permanere:
3267 5266 3321 5312 et
3346 5257 3469 5326 quia
3493 5255 3679 5311 dicun-

2109 5421 2115 5426 ‘
2173 5453 2189 5488 ³
2213 5455 2417 5506 Vaticani
2436 5461 2564 5515 Mss,
2583 5448 2891 5515 ab‘tzcclesite
2912 5446 3160 5515 catholica:
3179 5445 3368 5515 unitate.

2168 5520 2189 5553 ³
2215 5505 2332 5568 Editi
2355 5531 2370 5568 :
2392 5515 2521 5576 Quod
2547 5505 2596 5564 'si
2617 5510 2800 5575 aliqud
2837 5510 2963 5576 quod
2999 5522 3092 5559 non
3128 5516 3254 5576 recte
3277 5507 3492 5569 habetur,
3517 5505 3684 5576 Imperi

2104 5594 2197 5632 non
2221 5593 2356 5644 posse
2377 5569 2677 5644 contendant,
2698 5569 2786 5624 'nos
2809 5569 3027 5634 utrinque
3059 5570 3392 5620 reclamantus.
3418 5569 3680 5620 mnendat:-

2106 5654 2184 5693 tnr
2199 5641 2229 5690 a'
2250 5641 2528 5698 manuscript
2539 5649 2593 5685 ts.

2172 5709 2221 5770 (ιτ
2269 5702 2380 5749 title
2405 5694 2496 5748 lib;
2512 5700 2540 5746 7
2565 5698 2626 5746 de
2648 5704 2776 5758 “apt.
2799 5703 2959 5768 contra
2979 5699 3142 5742 Donat.
3165 5705 3267 5749 cm.
3293 5694 3354 5743 Ξῖ)

2173 5706 2246 5829 (li;
2276 5765 2334 5812 Id.
2363 5763 2439 5812 lib.
2472 5763 2490 5811 l
2519 5773 2622 5823 cap.
2649 5761 2699 5812 7.
2725 5757 2871 5808 ctltt).
2890 5757 2936 5817 Ξ,
2958 5769 3093 5818 cajp.
3120 5754 3167 5815 4,
3184 5753 3234 5804 9.

2173 5753 2246 5824 ἰώ
2276 5765 2334 5812 td.
2363 5763 2439 5812 lib.
2472 5763 2490 5811 l
2519 5773 2622 5823 cap.
2649 5753 2871 5812 πρωὶ».
2890 5757 2936 5817 :2,
2958 5770 3029 5817 θυι
3045 5769 3093 5818 p.
3120 5754 3167 5815 4,
3184 5753 3234 5804 9.
