4050 6206
299 297 371 353 73
1649 298 1845 353 LIBER
1885 297 2257 355 suuuxous.
3508 315 3576 373 π

296 422 387 465 tur
408 427 470 465 ea
506 411 631 466 mali
673 410 941 480 polluere,
969 423 1225 481 quantum
1253 411 1303 463 in
1341 413 1475 482 ipsis
1507 430 1588 468 est
1619 414 1886 479 dicuntur,

292 517 416 555 cum
447 501 536 556 illa
570 500 848 570 impolluta
878 511 1254 570 permaneant;
1285 502 1378 556 sed
1411 505 1461 556 in
1493 504 1644 558 lienis
1675 521 1892 574 perina-

295 598 424 644 neut
444 591 509 644 ad
542 591 818 659 pra'minm
839 633 853 656 ,
890 592 941 644 in
973 593 1124 645 malis
1161 605 1473 660 permanent
1515 595 1580 648 ad
1606 595 1881 664 judicium.

291 681 426 735 Nam
455 692 511 736 et
538 681 605 735 de
631 681 832 748 Spiritu
859 683 876 714 ί
907 683 994 752 qui
1024 683 1169 736 nullo
1200 684 1360 739 modo
1387 694 1562 752 potest
1597 688 1882 758 exstingui,

290 773 492 827 dictum
517 781 601 828 est
623 783 822 841 tamen,
850 775 1101 843 Spiritum
1122 776 1276 830 nolite
1296 779 1609 847 exstinguere
1635 779 1676 850 (Ι
1701 779 1879 834 Thess.

291 879 349 928 v,
381 865 502 936 i9);
531 865 584 919 id
609 874 712 930 est,
741 859 996 935 quantum
1022 867 1072 920 in
1101 867 1252 922 vobis
1277 877 1390 934 est,
1420 869 1581 924 nolite
1605 871 1682 925 sic
1701 886 1879 941 agere,

293 967 542 1026 tanquam
561 959 830 1012 conemini
853 959 1105 1028 Spiritum
1127 960 1487 1030 exstinguere,
1513 971 1608 1017 aut
1632 974 1879 1034 tanquam

291 1048 547 1115 Spiritum
585 1049 904 1103 exstinctum
948 1049 1211 1120 deputetis
1237 1068 1250 1105 :
1279 1059 1333 1106 et
1373 1067 1565 1107 nomen
1597 1053 1689 1108 Dei
1735 1056 1880 1109 nullo

291 1140 452 1194 modo
479 1139 640 1208 pollui
674 1149 885 1209 potest,
933 1149 988 1195 et
1029 1151 1200 1194 tamen
1243 1141 1440 1196 dictum
1471 1153 1554 1197 est
1581 1183 1596 1205 .
1637 1143 1801 1200 Filius
1835 1155 1884 1200 et

290 1242 430 1298 pater
453 1231 711 1284 intrabant
735 1233 801 1284 ad
831 1249 983 1285 unam
1013 1233 1236 1300 puellam
1257 1274 1272 1298 ,
1299 1240 1352 1285 ut
1379 1233 1658 1300 polluerent
1700 1253 1880 1291 nomen

291 1321 381 1374 Dei
409 1322 490 1374 sui
513 1323 528 1388 (
556 1321 726 1376 Amos.
761 1338 818 1384 tt,
849 1321 922 1391 7).

354 1412 445 1466 5|.
490 1410 600 1465 Nec
629 1412 740 1464 ullo
769 1411 928 1466 modo
958 1411 1042 1465 isti
1073 1411 1326 1482 expedire
1367 1429 1426 1468 se
1467 1427 1724 1483 possunt,
1753 1433 1874 1472 cum

283 1500 364 1554 eis
405 1501 723 1569 proponitur
748 1515 844 1555 cur
867 1502 1125 1556 sanctitas
1155 1501 1486 1558 Sacramenti
1528 1513 1583 1560 et
1613 1507 1793 1562 haberi
1823 1518 1877 1562 et

283 1589 399 1642 dari
427 1591 602 1658 possit
641 1591 710 1644 ab
735 1605 804 1646 eo
845 1606 1003 1661 quem
1035 1591 1178 1646 intus
1221 1594 1539 1649 sceleratum
1580 1596 1688 1665 jam
1734 1597 1874 1652 Deus

283 1679 578 1745 damnavit,
607 1689 663 1734 et
692 1689 817 1736 tunc
853 1681 1068 1751 incipiat
1091 1682 1159 1736 ab
1186 1696 1250 1737 eo
1264 1681 1385 1738 dari
1411 1700 1516 1738 non
1540 1699 1720 1754 posse,
1751 1703 1872 1742 eum

283 1769 351 1822 ab
377 1768 686 1832 hominibus
722 1771 1009 1825 damnatus
1055 1771 1235 1837 fuerit,
1268 1787 1390 1826 cum
1420 1782 1596 1828 tamen
1626 1790 1723 1829 nee
1751 1787 1873 1831 tunc

283 1875 398 1911 eam
425 1861 595 1927 possit
614 1860 862 1915 amittere
881 1862 922 1914 ¹.
945 1860 1225 1917 Postremo
1250 1876 1346 1917 cur
1367 1861 1686 1932 Felicianus,
1714 1880 1870 1935 quem

282 1963 402 2002 cum
425 1949 748 2004 Maximiano
774 1951 1000 2005 trecenti
1026 1951 1214 2007 decem
1242 1952 1668 2019 damnaverunt,
1699 1964 1754 2009 et
1780 1955 1870 2010 diu

283 2038 411 2092 foris
439 2039 495 2092 in
534 2040 842 2110 sacrilegio,
874 2041 1012 2096 sicut
1037 2041 1136 2110 ipsi
1168 2041 1220 2095 in
1260 2043 1489 2098 concilio
1514 2059 1612 2098 suo
1638 2041 1717 2117 (a)
1745 2061 1872 2116 pro-

283 2129 682 2190 nuntiaverunt,
705 2129 1009 2185 schismatis
1037 2131 1135 2186 fuit
1158 2131 1198 2197 ³,
1227 2147 1334 2186 non
1361 2134 1535 2188 solum
1566 2134 1738 2203 ipsum
1763 2135 1869 2190 Ba-

282 2220 553 2285 ptismum,
580 2218 680 2274 sed
706 2219 866 2274 etiam
896 2220 985 2288 jus
1009 2220 1167 2276 dandi
1197 2238 1303 2277 non
1333 2224 1552 2278 amisit?
1577 2223 1633 2279 In
1662 2223 1870 2282 honore

277 2309 474 2376 quippe
499 2323 619 2374 suo,
658 2309 797 2363 sicut
839 2310 1063 2377 exierat,
1111 2312 1180 2366 ita
1211 2323 1457 2383 receptus
1500 2323 1603 2382 est,
1631 2330 1752 2372 cum
1781 2315 1867 2372 his

280 2401 528 2454 omnibus
552 2415 689 2469 quos
729 2401 843 2471 ipse
873 2401 1002 2457 foris
1026 2405 1230 2474 positus
1262 2405 1564 2474 baptizavit,
1597 2407 1744 2462 nullo
1771 2421 1863 2462 eo-

279 2507 392 2543 rum
427 2491 799 2560 rebaptizato:
833 2495 955 2563 quia
981 2495 1026 2548 si
1067 2495 1296 2565 aliquem
1343 2513 1530 2554 eorum
1560 2515 1693 2568 quos
1737 2499 1864 2554 loris

281 2582 658 2653 baptizaverat,
687 2586 1123 2656 rebaptizandum
1161 2603 1281 2644 esse
1323 2601 1630 2656 censerent,
1657 2590 1863 2661 judica-

277 2685 393 2728 rent
420 2691 545 2729 eum
577 2677 820 2732 amisisse
845 2678 932 2746 jus
953 2678 1111 2732 dandi
1143 2695 1262 2734 eum
1293 2679 1423 2734 foris
1461 2689 1622 2742 esset,
1649 2690 1705 2736 et
1748 2698 1862 2751 pro-

279 2776 457 2834 pterea
484 2781 822 2837 consequens
851 2777 966 2823 erat
992 2781 1047 2823 ut
1075 2770 1248 2839 ipsum
1293 2787 1506 2840 quoque
1550 2773 1742 2827 iterum
1774 2789 1862 2828 or-

276 2856 543 2923 dinarent,
569 2857 612 2912 si
642 2859 764 2912 illos
785 2858 976 2914 iterum
1003 2860 1354 2930 baptizarent.
1401 2861 1507 2916 Sed
1531 2876 1651 2917 cum
1679 2863 1747 2918 ad
1775 2878 1862 2933 pa-

274 2962 388 3002 cem
431 2947 630 3002 Christi
674 2960 1028 3015 revocantur,
1076 2951 1492 3008 calumniatores
1534 2961 1704 3009 sunt:
1735 2969 1858 3009 cum

277 3039 387 3105 paci
431 3039 621 3092 Donati
655 3039 958 3104 consulunt,
986 3039 1411 3096 dissimulatores
1439 3051 1578 3096 sunt.
1609 3041 1747 3111 Quid
1775 3055 1860 3099 est

273 3129 375 3185 hoc
403 3129 571 3198 aliud,
599 3146 759 3200 quam
786 3131 926 3201 quod
957 3147 1142 3187 eorum
1175 3133 1468 3190 'l‘iehonius
1492 3133 1514 3165 ⁸
1537 3135 1604 3191 de
1629 3136 1734 3192 illis
1760 3137 1854 3204 ait,

275 3223 422 3287 Quod
449 3223 678 3276 volumus
701 3232 926 3277 sanctum
950 3223 1062 3279 est?

343 3313 572 3369 CAPUT
598 3313 737 3367 XIV.
756 3342 828 3354 -—-
842 3313 932 3367 32.
956 3314 1150 3385 thuid
1167 3330 1295 3385 ergo
1309 3315 1692 3372 Parmenianus
1709 3317 1854 3373 inani

274 3404 524 3470 iactantia
555 3405 815 3470 exsultat,
840 3413 894 3460 et
918 3404 1048 3460 dicit
1080 3423 1094 3459 :
1141 3424 1160 3458 ‹
1194 3405 1473 3476 Nunquam
1503 3406 1697 3463 divinae
1722 3407 1856 3478 legis

279 3514 298 3546 ι
335 3511 560 3550 censura
580 3497 812 3566 patietur
849 3505 906 3551 ut
946 3497 1216 3554 viviﬁcare
1257 3512 1573 3568 quemquam
1612 3507 1856 3557 mortuus

280 3605 300 3638 ο
334 3588 532 3654 possit,
563 3604 750 3642 curare
771 3590 1096 3654 vulneratus,
1120 3589 1416 3644 illuminare
1438 3604 1634 3656 circus,
1658 3591 1855 3649 vestire

280 3693 300 3727 ‹
335 3676 540 3742 nudus,
597 3687 652 3732 et
707 3679 963 3735 mundare
1013 3679 1285 3749 pollutus?
1336 3699 1356 3732 ι
1411 3681 1667 3735 Dominus
1710 3684 1854 3737 enim

273 3769 492 3823 suscitat
541 3777 812 3836 mortuos,
847 3771 1100 3826 Dominus
1163 3778 1312 3826 curat
1359 3773 1693 3835 vulneratos,
1746 3773 1852 3826 Do-

274 3859 448 3912 minus
518 3856 780 3913 illuminat
839 3873 1010 3914 cancos
1046 3901 1061 3926 ,
1109 3860 1366 3914 Dominus
1405 3862 1565 3915 vestit
1628 3860 1799 3916 nudos
1833 3902 1849 3928 ,

273 3949 530 4006 Dominus
569 3950 794 4004 mundat
847 3951 1094 4019 pollutos.
1150 3952 1287 4018 Quid
1331 3952 1430 4008 sibi
1472 3960 1686 4022 arrogat
1735 3967 1854 4022 qua:

273 4039 504 4095 hominis
552 4055 658 4096 non
707 4042 868 4097 sunt?
917 4043 1058 4097 Itane
1103 4043 1207 4096 vivi
1256 4053 1380 4097 sunt
1427 4043 1567 4113 apud
1619 4057 1713 4097 eos
1764 4043 1852 4112 qui

272 4150 374 4188 non
435 4145 692 4203 peccant,
728 4144 786 4188 ut
842 4135 1000 4190 etiam
1050 4135 1318 4189 viviﬁcare
1373 4151 1526 4204 posse
1571 4134 1848 4200 dicantur;

271 4240 390 4280 cum
444 4227 830 4281 incrementum
874 4227 1002 4281 dare
1046 4242 1150 4281 non
1201 4227 1446 4295 possint?
1490 4227 1636 4298 Ego,
1686 4228 1856 4298 inquit

274 4317 592 4383 Apostolus,
622 4316 880 4383 plantavi,
917 4316 1101 4385 Apollo
1137 4317 1352 4388 rigavit;
1388 4316 1478 4370 sed
1515 4316 1654 4370 Deus
1685 4318 1852 4372 incre-

271 4418 492 4460 utentum
519 4408 675 4460 dedit.
707 4407 883 4479 Neque
905 4411 986 4478 qui
1019 4410 1213 4479 plantat
1237 4419 1310 4464 est
1336 4411 1528 4481 aliquid
1545 4452 1558 4473 ,
1590 4426 1750 4480 neque
1770 4413 1856 4480 qui

271 4501 433 4568 rigat,
460 4500 551 4552 sed
574 4500 660 4568 qui
681 4500 1040 4554 incrementum
1058 4501 1144 4554 dat
1163 4499 1303 4556 Deus
1333 4501 1387 4571 (l
1413 4501 1532 4558 Cor.
1559 4518 1646 4566 ιιι,
1669 4503 1703 4558 6
1722 4544 1736 4568 ,
1762 4501 1850 4576 7

271 4592 496 4659 Quando
517 4591 605 4645 dat
631 4593 793 4646 vitam
817 4603 1046 4655 mortuo,
1071 4593 1159 4662 qui
1185 4593 1568 4649 incrementum
1595 4594 1724 4650 dare
1747 4610 1853 4649 non

272 4695 445 4753 potest
469 4685 628 4739 vivo?
663 4685 810 4739 Sicut
839 4687 967 4739 enim
1000 4683 1158 4738 Pater
1177 4686 1384 4739 suscitat
1413 4696 1634 4740 mortuos
1660 4696 1706 4740 et
1735 4688 1858 4743 vivi-

271 4779 419 4844 (ient,
460 4778 534 4831 sic
574 4786 623 4830 et
661 4776 828 4830 Filius
860 4793 984 4847 quos
1025 4778 1128 4831 uult
1166 4777 1381 4846 uivi/icat
1408 4776 1596 4846 (Joan.
1627 4794 1685 4842 v,
1718 4778 1852 4849 21).

271 4865 416 4923 Itane
442 4868 584 4938 apud
613 4868 732 4922 illos
770 4868 883 4923 sani
928 4877 1085 4933 sunt,
1128 4877 1185 4922 ut
1236 4867 1441 4937 possint
1478 4868 1636 4922 etiam
1669 4884 1856 4924 curare

273 4974 374 5013 non
406 4973 567 5014 sanos
590 4960 649 5012 ’ἲ
687 4959 826 5026 Quid
856 4958 994 5014 aliud
1025 4960 1144 5024 isti,
1176 4973 1334 5039 quam
1373 4973 1432 5015 se
1465 4958 1857 5016 benedicendos

336 5101 350 5130 ι
378 5100 586 5148 Vaticani
607 5107 732 5157 Mss,
756 5095 936 5160 Spiritu
957 5104 1133 5160 sancto.

335 5163 356 5191 ²
381 5161 518 5217 aliti,
540 5173 626 5222 nec
643 5166 755 5208 tunc
776 5158 834 5208 ea
853 5158 998 5220 possit
1018 5159 1252 5210 amittere.
1276 5161 1558 5210 Ooncinnius
1578 5167 1706 5220 Mss,
1731 5174 1854 5222 eam,

265 5221 780 5292 τείέίὲθὲὲτωεῑὲωὲθίὲ
799 5225 1101 5292 sacramenti
1151 5280 1180 5292 ..
1246 5279 1256 5290 .
1457 5281 1499 5292 ..
1610 5281 1640 5292 _.
1754 5280 1820 5292 ..

337 5283 515 5352 {Edita
541 5281 627 5352 qui
641 5289 690 5332 rt
719 5281 809 5352 diu
827 5280 1014 5352 [crisin
1035 5279 1362 5352 sacrilegio.._..
1395 5281 1726 5352 scitismaticus
1745 5280 1852 5352 fuit.

273 5342 851 5416 st.!ss.,_.praett.t'eunt’,
876 5342 956 5404 qui
980 5355 997 5392 :
1023 5351 1075 5392 et
1097 5342 1226 5404 loco;
1257 5342 1611 5404 schismaticus,
1644 5342 1851 5403 habent,

633 5465 858 5529 mgister
881 5463 1147 5515 Tia/tonius.
1171 5465 1332 5527 Abest,
1358 5465 1602 5530 magister,
1637 5478 1664 5515 a
1687 5479 1856 5516 manu-

509 5590 660 5660 egiuo
681 5597 814 5652 wn,
838 5594 890 5638 ut
911 5589 1087 5649 possint
1103 5588 1234 5651 apud
1257 5587 1362 5640 illos
1383 5601 1664 5640 curarenon
1684 5602 1821 5641 sanos
1841 5603 1858 5653 ;

273 5654 465 5709 miliSSO,
490 5654 648 5703 etiam

323 5726 399 5787 (α)
435 5730 705 5790 Bagaitano.

563 5809 834 5866 l'A'l‘ltOL.
879 5808 1104 5868 XLlll.

2009 425 2103 476 pro
2135 411 2352 466 Domino
2382 417 2695 483 Opponunt?
2727 418 2830 474 Sed
2859 421 2926 474 ab
2955 423 3032 477 eis
3058 423 3202 478 nullo
3228 424 3385 481 modo
3413 428 3576 483 sedu-

1997 513 2207 562 cuntur,
2241 503 2328 570 qui
2359 518 2461 556 non
2489 505 2536 558 in
2561 505 2795 572 homine,
2823 511 2916 564 sed
2942 512 2991 564 in
3013 512 3124 569 Deo
3144 524 3420 584 sperantes
3445 533 3574 572 can-

2000 597 2111 642 tant
2142 611 2154 642 :
2189 590 2416 646 Benedic
2437 633 2452 658 ,
2481 597 2655 648 anima
2685 614 2800 652 mea
2825 640 2838 665 ,
2875 601 3152 657 Dominum
3172 645 3186 670 ,
3219 614 3274 660 et
3301 606 3409 662 noli
3441 608 3576 663 obli-

1997 679 2124 733 visci
2143 694 2329 734 omnes
2345 684 2719 741 retributiones
2734 689 2876 758 ejus;
2895 691 2982 759 qui
3002 693 3313 761 prepitiatur
3325 699 3573 754 omnibus

1996 768 2358 836 iniquitatibus
2402 774 2537 838 tuis,
2579 776 2666 845 qui
2708 788 2863 832 sanat
2897 796 3082 836 omnes
3109 783 3391 855 languores
3419 791 3569 843 tuos'

1995 858 2165 925 (Psal.
2207 877 2310 925 eu,
2357 863 2424 928 2,
2467 864 2555 938 5).
2598 868 2650 923 Si
2695 884 2882 926 omnes
2926 873 3207 944 languores
3243 877 3358 948 ipse
3391 890 3572 945 sanat,

1991 951 2191 1004 nullum
2224 952 2474 1022 relinquit
2499 972 2654 1025 quem
2689 959 3069 1019 Parmeniauus
3098 979 3287 1024 sanare
3321 982 3380 1024 se
3407 967 3571 1024 dicat.

1991 1040 2228 1096 Tantane
2251 1046 2387 1113 apud
2421 1047 2537 1100 illos
2567 1048 2763 1104 lumina
2789 1061 2944 1116 sunt,
2979 1062 3034 1106 ut
3072 1055 3371 1114 illuminare
3407 1059 3569 1114 etiam

1991 1133 2230 1200 possint?
2259 1133 2408 1200 Quod
2439 1152 2537 1192 nec
2564 1139 2671 1202 illi,
2703 1155 2806 1208 quo
2837 1142 2888 1195 in
2917 1145 3054 1198 natis
3088 1146 3368 1201 mulierum
3399 1150 3574 1218 major

1987 1225 2217 1276 surrexit
2249 1241 2438 1291 nemo,
2472 1227 2658 1282 Joanui
2696 1230 2942 1300 Baptistae
2983 1233 3216 1290 Joannes
3246 1240 3569 1308 evangelista

1953 1331 1962 1338 -
1986 1313 2262 1379 concedit;
2286 1314 2351 1368 de
2372 1331 2475 1384 quo
2495 1319 2599 1370 ait:
2622 1317 2741 1372 Non
2763 1332 2868 1374 erat
2890 1322 2975 1376 ille
3002 1324 3172 1379 lumen
3191 1365 3206 1391 ,
3235 1326 3324 1380 sed
3351 1336 3406 1381 ut
3430 1331 3569 1382 testi-

1985 1403 2209 1455 monium
2237 1405 2513 1473 perhiberet
2541 1406 2604 1460 de
2622 1407 2828 1464 lumine.
2860 1410 2990 1464 Erat
3020 1414 3189 1468 lumen
3213 1417 3350 1485 quod
3374 1416 3571 1471 illumi-

1984 1499 2070 1542 nat
2118 1507 2315 1545 omnem
2355 1494 2608 1548 hominem
2645 1499 2920 1553 uenientem
2947 1502 2999 1554 in
3029 1503 3164 1558 hunc
3198 1506 3462 1561 mundum.
3512 1507 3568 1564 Si

1981 1592 2194 1634 omnem
2229 1581 2496 1657 hominem
2535 1584 2664 1639 illud
2703 1588 2883 1643 lumen
2914 1591 3204 1659 illuminat,
3241 1596 3444 1650 nullum
3482 1614 3567 1652 re-

1981 1671 2174 1742 linquit
2207 1691 2365 1744 quem
2411 1677 2793 1736 Parmenianus
2829 1684 3129 1743 illuminare
3155 1703 3215 1744 se
3239 1690 3398 1746 dicat.
3429 1692 3561 1759 Quia

1980 1763 2082 1816 etsi
2124 1765 2292 1818 sancti
2337 1765 2616 1836 homines,
2674 1773 2963 1828 secundum
3017 1778 3299 1846 quemdam
3346 1783 3560 1838 modun.

1979 1852 2228 1908 dicuntur
2256 1856 2572 1925 luminaria;
2615 1861 2719 1915 alia
2766 1872 2942 1920 tamen
2974 1879 3098 1921 sunt
3124 1869 3319 1924 lumina
3363 1873 3562 1929 illumi-

1978 1953 2130 2010 nata,
2163 1944 2305 2014 aliud
2338 1947 2514 2002 lumen
2546 1949 2851 2008 illuminans
2873 1995 2888 2020 ,
2923 1957 3062 2025 quod
3095 1959 3222 2014 illud
3251 1970 3334 2016 est
3362 1962 3430 2018 de
3455 1979 3562 2034 quo
3588 2012 3598 2018 .

1979 2034 2122 2090 idem
2143 2035 2375 2094 Joannes
2391 2039 2626 2109 Baptista
2655 2043 2780 2100 dicit
2799 2060 2814 2097 :
2833 2044 2946 2100 Nos
2964 2064 3136 2104 omnes
3161 2052 3224 2105 de
3251 2053 3563 2123 plenitudine

1975 2124 2085 2194 ejus
2113 2127 2398 2197 accepimus
2428 2128 2604 2210 (Joan.
2634 2148 2682 2197 ι,
2707 2133 2767 2198 8,
2797 2133 2850 2201 9,
2881 2136 3003 2207 16).
3035 2136 3217 2195 Nudos
3245 2151 3419 2198 autem
3440 2147 3561 2214 quis

1975 2216 2174 2301 vestit,
2223 2219 2324 2273 nisi
2368 2221 2456 2290 qui
2501 2221 2673 2279 dicit:
2714 2223 2949 2297 Proferte
2992 2229 3070 2282 illi
3105 2231 3288 2285 stolam
3340 2236 3558 2304 primam

1973 2305 2136 2380 (Luc.
2160 2297 2265 2377 xv,
2295 2309 2403 2384 22)
2427 2327 2442 2364 :
2477 2322 2530 2367 et
2553 2314 2643 2383 qui
2667 2317 3012 2388 corruptibile
3041 2319 3143 2376 hoc
3169 2297 3353 2380 induet
3377 2341 3557 2382 incor-

1972 2395 2310 2465 ruptionem,
2358 2408 2413 2454 et
2456 2402 2678 2458 mortale
2717 2403 2819 2460 hoc
2869 2406 3051 2462 induet
3105 2409 3554 2471 immortalitatem

1971 2485 2017 2554 (l
2046 2485 2159 2540 Cor.
2193 2503 2285 2555 xv,
2313 2487 2445 2561 5'5)?
2474 2489 2540 2544 Et
2564 2492 2667 2548 hoe
2692 2494 2972 2566 quisquam
2994 2499 3015 2529 ²
3046 2498 3225 2554 divino
3246 2500 3557 2560 indumento

1969 2578 2199 2650 aliquem
2223 2583 2417 2639 vestire
2440 2583 2654 2652 dicitur,
2678 2589 2762 2641 cui
2788 2605 3035 2661 magnum
3066 2601 3149 2648 est
3177 2593 3221 2648 si
3243 2595 3420 2650 vestiri
3444 2598 3557 2667 ipse

1968 2673 2274 2727 mercatur?
2314 2672 2431 2728 Jam
2475 2689 2635 2743 porro
2674 2678 2965 2734 emundare
2993 2681 3248 2750 pollutum
3278 2699 3338 2739 se
3363 2685 3556 2742 audeat

1966 2758 2180 2828 dicere,
2212 2764 2257 2817 si
2296 2763 2442 2831 prius
2481 2765 2642 2820 audet
2679 2782 2740 2822 se
2777 2768 2958 2826 dicere
2989 2787 3092 2826 non
3128 2789 3248 2829 esse
3273 2776 3551 2844 pollutum.

1966 2849 2204 2906 Mundati
2233 2853 2375 2908 enim
2405 2869 2590 2910 sumus
2619 2871 2715 2927 per
2742 2861 2965 2928 gratiam
2997 2862 3122 2929 Dei;
3166 2864 3262 2920 sed
3300 2881 3400 2921 nec
3430 2877 3554 2924 tunc

1965 2941 2178 3010 quidem
2219 2943 2592 3000 mundabimus
2633 2947 2897 3018 aliquem,
2943 2966 3065 3006 cum
3110 2952 3272 3010 fuerit
3319 2957 3550 3026 perfecta

1964 3043 2145 3089 nostra
2181 3035 2493 3092 mundatio:
2522 3046 2719 3107 quanto
2756 3040 2933 3095 minus
2969 3043 3165 3110 modo,
3207 3059 3327 3100 cum
3357 3060 3552 3116 corpus

1963 3124 2105 3193 quod
2143 3126 2500 3195 corrumpitur
2541 3137 2794 3198 aggravat
2834 3131 3066 3186 animam
3112 3133 3266 3206 (Sap.
3295 3150 3346 3190 ix
3369 3177 3382 3202 ,
3417 3139 3551 3209 ιδῃ

1966 3213 2096 3279 Quis
2123 3213 2265 3268 enim
2293 3221 2495 3269 castum
2527 3215 2785 3286 glorietur
2824 3233 2885 3274 se
2929 3218 3126 3277 habere
3161 3225 3288 3278 cor?
3315 3234 3407 3280 aut
3431 3229 3550 3297 quis

1963 3302 2219 3373 glorietur
2241 3305 2495 3359 mundum
2537 3321 2598 3362 se
2639 3322 2760 3364 esse
2799 3324 2829 3362 a
2875 3322 3093 3380 peccato
3134 3313 3314 3386 (Prov.
3339 3331 3446 3384 xx,
3477 3317 3546 3382 9,

1961 3407 2063 3448 sec.
2094 3391 2316 3463 LXX)?
2341 3393 2595 3451 Mundare
2625 3397 2822 3470 quippe
2853 3411 3014 3472 atque
3042 3417 3261 3472 sanare,
3303 3405 3355 3460 in
3389 3407 3547 3476 spiri-

1962 3483 2192 3539 tualibus
2217 3484 2380 3541 rebus
2403 3487 2728 3544 tantumdem
2750 3491 2909 3546 valet.
2935 3492 3084 3549 Sicut
3102 3505 3277 3551 autem
3301 3512 3396 3567 spe
3414 3497 3546 3553 salvi

1959 3571 2083 3628 facti
2109 3588 2292 3628 sumus
2312 3615 2327 3642 ,
2359 3575 2429 3629 ita
2453 3589 2549 3646 spe
2570 3577 2806 3634 mundati
2834 3595 3018 3637 sumus
3041 3584 3094 3639 in
3119 3585 3351 3656 perfecta
3378 3589 3547 3644 salute

1961 3673 2014 3718 et
2044 3665 2096 3719 in
2127 3664 2361 3734 perfecta
2393 3668 2649 3723 munditia
2678 3669 2780 3740 (a).
2813 3671 3091 3739 Quomodo
3117 3692 3245 3749 ergo
3277 3694 3469 3737 sanare
3491 3689 3546 3738 et

1960 3753 2219 3809 mundare
2237 3755 2348 3825 jam
2372 3770 2652 3824 possumus
2670 3801 2686 3828 ,
2712 3761 2802 3831 qui
2827 3779 2926 3819 nec
2947 3774 3069 3820 tunc
3091 3769 3400 3838 poterimus,
3417 3786 3543 3828 cum

1960 3845 2104 3897 omni
2135 3844 2296 3898 modo
2325 3845 2458 3899 salvi
2487 3855 2542 3900 et
2579 3849 2761 3904 mundi
2801 3850 3098 3909 fuerimus?
3129 3875 3147 3908 ι
3177 3857 3280 3912 Sed
3309 3859 3448 3914 Deus
3481 3879 3500 3913 ι
3524 3900 3541 3926 ,

1961 3933 2159 4004 inquit,
2194 3951 2213 3984 α
2244 3933 2346 3988 hoc
2388 3948 2485 4004 per
2529 3935 2799 3993 hominem
2842 3941 2984 3996 facit.
3016 3960 3036 3994 ι
3073 3943 3221 3999 Facit
3257 3961 3415 4016 sane,
3447 3951 3543 4006 sed

1960 4024 2088 4080 fecit
2113 4033 2168 4080 et
2190 4040 2288 4096 per
2311 4025 2535 4096 Judam,
2577 4044 2733 4099 quem
2768 4030 2834 4085 ad
2869 4032 3210 4103 Evangelinm
3253 4038 3542 4107 praedican-

1960 4116 2086 4170 dum
2116 4131 2234 4171 cum
2258 4117 2464 4171 caeteris
2489 4117 2631 4172 misit
2663 4118 2882 4192 (Matth.
2911 4138 2978 4189 x,
3011 4124 3139 4192 1-8)
3172 4143 3185 4180 :
3224 4127 3423 4184 recitet
3448 4145 3543 4200 per

1960 4207 2260 4263 Pharisaeos
2287 4208 2339 4263 in
2363 4209 2440 4264 eis
2466 4209 2555 4279 qui
2585 4210 2721 4265 bona
2749 4229 2866 4282 qua:
2894 4229 2988 4284 per
3013 4231 3106 4271 eos
3131 4217 3418 4274 audiebant
3442 4220 3542 4290 ipsi

1961 4295 2259 4363 faciebant,
2293 4313 2414 4352 eum
2447 4298 2520 4352 illi
2560 4314 2666 4353 non
2704 4302 2934 4357 lacerent
2974 4319 3092 4374 qua:
3131 4306 3396 4362 dicebant.
3436 4308 3543 4364 Po-

1961 4395 2195 4453 stremo,
2231 4403 2326 4442 cur
2363 4387 2525 4458 iniqui
2565 4397 2620 4443 et
2657 4391 2903 4446 scelerati
2939 4409 3154 4462 eorum,
3182 4396 3293 4452 sive
3319 4414 3436 4453 cum
3469 4400 3544 4455 la-

1962 4485 2107 4541 tent,
2144 4478 2257 4533 sive
2285 4492 2405 4532 eum
2447 4493 2543 4547 pro
2584 4494 2714 4548 pace
2750 4481 2938 4536 Donati
2963 4483 2983 4514 ³
3024 4486 3347 4556 tolerantur,
3373 4491 3542 4546 viviti-

1959 4569 2080 4623 Cant
2097 4609 2111 4634 ,
2139 4578 2356 4634 curant,
2391 4569 2722 4639 illuminant,
2747 4574 3041 4629 mundant?
3061 4577 3140 4630 An
3170 4578 3266 4647 ipsi
3291 4597 3395 4636 non
3417 4595 3543 4640 sunt

1961 4661 2187 4727 mortui,
2211 4661 2468 4716 vulnerati
2491 4703 2505 4725 ,
2537 4664 2697 4728 czeei,
2731 4666 2958 4734 polluti?
2982 4668 3062 4722 An
3107 4669 3224 4726 ideo
3261 4687 3364 4728 non
3400 4678 3540 4746 apud

1961 4767 2055 4806 eos
2105 4752 2231 4806 caeci
2283 4766 2454 4806 caecos
2499 4751 2754 4808 ducentes
2795 4756 3043 4812 simul'iu
3093 4758 3296 4816 foveam
3345 4766 3543 4822 cadunt

1963 4839 2073 4909 (Id.
2103 4856 2206 4905 xv,
2237 4840 2337 4910 Η)
2363 4883 2376 4904 ,
2410 4841 2531 4910 quia
2559 4857 2662 4896 non
2692 4842 2867 4912 ipsos,
2896 4847 2988 4900 sed
3017 4848 3182 4902 Deum
3213 4867 3370 4920 quem
3403 4871 3538 4925 pra:-

1962 4930 2167 4994 dicaut,
2199 4929 2269 4982 illi
2307 4930 2570 4985 audiendo
2596 4940 2650 4985 et
2672 4932 3090 5004 obtemperando
3118 4944 3424 4998 sectantur?
3468 4941 3540 5000 Ita

1961 5033 2090 5074 sane
2111 5060 2125 5084 ,
2152 5018 2245 5074 sed
2271 5027 2393 5072 tunc
2412 5020 2701 5090 praedicant
2732 5021 2899 5077 Deum
2922 5066 2938 5092 ,
2967 5026 3010 5079 si
3043 5041 3164 5082 cum
3193 5027 3405 5086 Christo
3434 5035 3542 5088 Cul-

1963 5110 2131 5182 ligunt
2157 5128 2168 5162 :
2202 5110 2522 5180 quicumque
2547 5127 2675 5168 vero
2693 5127 2814 5170 eum
2842 5115 2932 5171 illo
2953 5132 3058 5174 non
3077 5120 3363 5192 colligunt,
3395 5139 3543 5195 spar-

2026 5354 2042 5385 ι
2059 5354 2140 5426 Λεία
2162 5361 2274 5408 Mss.
2296 5361 2352 5404 At
2370 5355 2502 5414 editi,
2519 5353 2821 5426 inﬁmitates
2843 5367 2987 5412 tuas:
3013 5371 3066 5414 et
3093 5363 3213 5416 infra
3232 5400 3248 5426 ,
3265 5379 3437 5418 sanare
3464 5370 3550 5420 de-

1965 5414 2107 5465 beat:
2132 5429 2236 5476 pro,
2259 5429 2431 5465 sanare
2453 5429 2504 5466 se
2526 5415 2676 5467 dicat.
2744 5438 2748 5442 λ

2027 5477 2271 5554 ξ
2307 5483 2359 5527 et
2396 5490 2426 5527 e
2738 5481 2954 5533 nonnulli
2999 5492 3199 5547 Mss.,Et
3237 5487 3376 5539 honr»
3419 5488 3552 5554 quis-

1964 5549 2172 5645 “"ﬂa.
2197 5603 2249 5646 et
2266 5603 2392 5656 uss.,
2419 5611 2508 5662 pro
2532 5601 2704 5651 Donati
2722 5609 2877 5666 parte.

2029 5672 2284 5743 (a)_For_'t_e,
2311 5671 2588 5743 imperfecta
2618 5676 2770 5729 salute
2797 5685 2842 5730 et
2865 5679 3143 5743 imperfecta
3161 5685 3413 5738 munditia.
3443 5683 3541 5736 vid.

1971 5732 2148 5796 κοῖα,
2188 5732 2420 5786 Element.
2463 5732 2640 5800 Critia,
2679 5751 2820 5804 pagg.
2868 5732 2976 5802 146,
3020 5732 3126 5792 Ὴῖ.
3193 5732 3252 5799 ll.

2907 5825 3186 5904 (Troia)
