4050 6206
490 290 557 344 75
1269 280 1540 337 comas
1583 273 1960 334 EPlSTOLAM
2006 273 2440 351 rstttttctvtts't,
2484 284 2540 339 s.
2584 286 2946 344 AUGUSTINI
3698 280 3770 333 τῦ

491 414 614 474 gum
633 401 842 473 (Matth.
866 417 960 465 xu,
981 397 1094 465 30);
1115 398 1369 451 Donatum
1387 391 1744 462 prmdicando,
1764 406 1864 443 non
1883 389 2066 449 Deum,

492 493 616 548 ra-ci
647 508 817 548 ozecos
845 488 1116 558 sequendo
1142 485 1300 540 simul
1324 486 1374 538 in
1406 487 1608 537 foveant
1639 483 1855 535 cadunt.
1884 481 1986 534 Sed
2008 479 2074 532 de

492 585 788 654 qna-stioue
818 579 1070 650 Baptismi
1109 577 1267 632 latius
1307 575 1503 646 aliquid
1539 574 1763 628 Domino
1791 570 2075 639 adjuvante

494 678 840 733 tractabimus
883 672 1035 743 (Lib.
1069 672 1093 724 1
1138 671 1200 724 de
1239 669 1500 739 Baptismo
1531 676 1706 720 contra
1743 663 2034 718 Donatistas
2058 703 2072 727 ,

493 789 606 840 cap.
645 773 663 823 l
693 770 741 837 ),
765 782 883 821 cum
912 765 978 820 de
1003 763 1250 819 omnibus
1274 761 1588 816 testimoniis
1611 767 1910 812 sanctarum
1934 754 2071 808 Scri-

498 871 791 930 pturarnm,
816 873 933 927 qua:
961 857 1112 910 nobis
1141 853 1435 923 ohjicienda
1461 849 1705 914 credidit,
1727 847 2077 901 Parmeniano

498 950 931 1020 responderimus
955 950 992 998 ¹.
1017 947 1117 1014 Qui
1143 961 1266 1000 vere
1289 946 1401 1014 ipse
1422 943 1663 1011 aqunat
1687 939 1954 1010 proximos
1976 937 2076 990 sibi

493 1043 774 1097 eversione
819 1037 1138 1108 iniquitatis,
1181 1036 1269 1106 qui
1306 1035 1382 1088 eis
1415 1041 1520 1086 tam
1552 1030 1748 1085 malum
1782 1025 2078 1096 propinavit

495 1149 731 1188 errorem
757 1176 769 1194 ,
815 1142 871 1184 ut
898 1145 1001 1184 non
1030 1143 1127 1198 pro
1160 1143 1317 1197 pace,
1360 1124 1454 1181 sed
1495 1140 1590 1193 pro
1628 1122 1886 1177 divisione
1914 1127 1968 1171 et
1995 1117 2076 1170 di-

496 1227 755 1283 scissione
786 1241 888 1278 nou
921 1223 1096 1276 solum
1129 1223 1373 1290 loquatur
1398 1219 1531 1287 ipse,
1561 1216 1653 1271 sed
1683 1215 1840 1270 etiam
1871 1210 2077 1265 divinos

497 1319 684 1374 Libros
711 1317 853 1386 loqni
881 1313 1214 1384 persuadeat.

568 1409 790 1464 CAPUT
840 1407 955 1461 XV.
979 1405 1153 1458 —55.
1191 1401 1295 1457 Sed
1335 1400 1472 1454 inter
1510 1399 1671 1452 multa
1709 1395 1873 1448 miror
1902 1393 2075 1446 homi-

502 1517 621 1557 nem
650 1543 664 1566 ,
698 1514 816 1553 cum
847 1507 1026 1566 ageret
1056 1512 1157 1548 non
1190 1507 1346 1562 posse
1387 1489 1568 1544 haberi
1609 1486 1932 1556 Baptismum
1977 1481 2076 1536 nisi

497 1603 775 1661 acceptum
798 1632 812 1654 ,
846 1604 942 1643 nee
971 1602 1125 1657 posse
1153 1584 1316 1654 accipi
1347 1583 1461 1636 sine
1487 1581 1665 1635 dante,
1700 1575 2078 1645 interposuisse

501 1699 566 1738 ex
600 1682 886 1750 Evangelio
919 1677 1276 1732 testimonium
1308 1693 1322 1728 :
1355 1673 1473 1727 Non
1502 1680 1687 1745 potest,
1717 1668 1915 1738 inquit,
1947 1666 2080 1718 acci-

498 1791 615 1842 pere
654 1774 801 1826 homo
840 1771 1144 1841 quidquam,
1187 1767 1282 1821 nisi
1321 1766 1473 1833 fuerit
1509 1765 1585 1818 illi
1611 1764 1792 1816 datum
1833 1762 1894 1814 de
1932 1759 2074 1811 cm’o.

496 1864 685 1917 Posset
716 1862 856 1915 enim
897 1861 1087 1928 aliquis
1125 1873 1308 1911 eorum
1348 1857 1629 1909 verborum
1675 1853 1866 1907 inscius
1892 1891 1906 1916 ,
1957 1865 2074 1903 enm

495 1952 748 2022 cmpissct
787 1953 883 2004 iste
918 1951 1094 2004 dicere
1125 1965 1140 2001 :
1177 1946 1294 2000 Non
1329 1955 1486 2014 potest
1513 1945 1660 1996 ltomo
1683 1944 1908 2011 accipere
1931 1941 2077 2008 quid-

495 2063 684 2115 quam,
717 2046 810 2098 nisi
852 2045 1025 2095 datam
1067 2041 1214 2108 fuerit
1257 2039 1370 2103 illi;
1413 2047 1696 2106 antequam
1731 2034 1984 2095 dixisset,
2019 2035 2079 2086 de

496 2139 622 2192 cat-lo
644 2181 658 2204 ,
690 2147 877 2205 putare
906 2135 1052 2188 illum
1085 2134 1350 2186 dicturum
1378 2144 1406 2182 a
1437 2129 1641 2183 Donato
1679 2127 1839 2180 fuisse
1862 2167 1877 2191 ,
1917 2133 2006 2178 aut
2047 2139 2076 2177 a

497 2231 850 2287 Parmeniano
871 2271 883 2288 ,
914 2237 1002 2281 aut
1026 2227 1091 2281 ab
1119 2225 1297 2292 aliquo
1325 2222 1393 2278 de
1421 2231 1569 2291 parte
1597 2218 1782 2274 Donati
1808 2258 1822 2283 ,
1848 2225 1938 2279 aut
1964 2232 2078 2269 om-

494 2324 623 2375 nino
653 2322 719 2374 ab
747 2321 861 2389 ipsa
889 2328 1036 2388 parte
1063 2313 1272 2370 Donati.
1316 2315 1561 2382 Agnosco
1600 2307 1940 2379 Evangelimn
1967 2351 1981 2371 ,
2024 2317 2079 2362 et

497 2413 604 2468 illic
627 2411 880 2480 scriptum
905 2424 1022 2463 esse
1053 2419 1303 2461 recenseo
1323 2447 1336 2470 ,
1365 2402 1484 2456 Non
1507 2410 1664 2471 potest
1686 2402 1832 2453 homo
1855 2399 2079 2468 accipere

499 2504 810 2573 quidquam,
843 2500 941 2552 nisi
970 2498 1139 2550 datum
1170 2496 1315 2564 fuerit
1337 2493 1413 2546 illi
1437 2492 1500 2546 de
1523 2491 1666 2545 creto.
1695 2489 1800 2545 Sed
1823 2486 2076 2557 numquid

495 2597 730 2651 Donatus
759 2605 841 2650 est
870 2591 1104 2648 cuélmn?
1135 2587 1387 2659 numquid
1424 2585 1805 2641 Parmenianus
1839 2593 1922 2638 est
1963 2597 2077 2638 cm-

496 2688 648 2742 lutn?
691 2682 946 2754 numquid
979 2696 1099 2751 pars
1130 2681 1239 2748 ipsa
1279 2676 1514 2733 Donati?
1555 2675 1647 2730 llla
1686 2690 1814 2731 vero
1851 2688 1954 2729 non
1999 2683 2080 2728 est

491 2779 686 2834 malum
711 2819 726 2844 ,
760 2793 865 2830 non
897 2786 978 2830 est
1017 2775 1066 2828 in
1105 2773 1261 2828 emlo.
1305 2771 1405 2838 Qui
1443 2770 1584 2824 enim
1619 2770 1692 2822 ait
1723 2783 1738 2820 :
1772 2765 1894 2821 Non
1922 2777 2079 2838 potest

493 2873 644 2925 homo
673 2870 899 2940 accipere
927 2867 1223 2937 quidquam,
1247 2863 1344 2917 nisi
1372 2863 1521 2934 fuerit
1547 2861 1624 2915 illi
1643 2862 1815 2913 datum
1837 2861 1899 2912 de
1918 2859 2040 2911 caelo
2056 2895 2076 2927 ,

492 2978 760 3032 nunquam
793 2961 993 3013 diceret
1015 2959 1057 3022 ¹,
1092 2957 1201 3011 Nisi
1235 2955 1415 3009 datutn
1447 2953 1605 3007 fuerit
1635 2953 1706 3005 illi
1736 2951 1802 3006 de
1831 2952 1960 3015 sole,
1989 2962 2082 3007 aut

494 3052 561 3106 de
592 3053 714 3104 luna
739 3089 754 3115 ,
798 3057 888 3101 aut
925 3047 992 3100 de
1034 3046 1203 3099 stellis
1225 3085 1241 3109 ,
1285 3059 1404 3112 qua:
1446 3051 1620 3096 tamen
1662 3041 1713 3094 in
1745 3042 1880 3096 cmlo
1907 3052 2031 3097 sunt
2063 3061 2076 3097 :

497 3149 696 3212 quanto
729 3139 903 3193 minus
931 3138 1169 3202 diceret,
1211 3134 1322 3188 Nisi
1347 3133 1527 3187 datum
1560 3133 1714 3188 fuerit
1740 3133 1812 3186 illi
1843 3133 1907 3189 de
1933 3142 2080 3204 parte

494 3231 717 3292 Donati,
761 3244 878 3300 qua:
916 3241 1024 3281 non
1063 3226 1232 3281 solum
1274 3239 1380 3280 non
1420 3233 1503 3279 est
1529 3223 1722 3279 ccelum
1749 3264 1764 3290 ,
1792 3239 1892 3279 nec
1915 3234 1996 3278 est
2027 3225 2077 3278 in

493 3321 630 3378 coelo
655 3363 669 3387 ,
699 3318 793 3374 sed
828 3333 927 3373 nec
955 3318 1004 3371 in
1039 3331 1200 3388 regno
1232 3315 1341 3370 vult
1370 3330 1488 3369 esse
1514 3315 1792 3370 caelorum.
1823 3315 1928 3370 Nec
1950 3315 2077 3369 illud

492 3412 678 3482 procul
703 3409 867 3465 dubio
889 3408 1123 3472 diceret,
1149 3406 1263 3461 Non
1287 3415 1460 3476 potest
1485 3405 1644 3458 homo
1669 3407 1908 3474 accipere
1928 3407 2080 3475 quid-

490 3520 650 3574 quam
677 3544 689 3568 ,
721 3500 823 3556 nisi
848 3501 1030 3556 datum
1059 3499 1216 3554 fuerit
1246 3499 1318 3552 illi
1359 3499 1427 3553 de
1469 3497 1703 3552 Ecclesia
1739 3516 1750 3551 :
1786 3499 1895 3567 ipsa
1935 3500 2075 3553 enim

497 3594 734 3650 Ecclesia
765 3594 833 3648 de
859 3591 1239 3661 cmloaccipit.
1283 3590 1338 3644 Si
1367 3599 1543 3643 autem
1575 3589 1772 3644 diceret
1802 3589 1948 3645 :Non
1979 3606 2074 3659 po-

494 3694 598 3741 test
633 3685 793 3738 bomo
824 3684 1065 3752 accipere
1093 3681 1398 3752 quidquam,
1426 3680 1526 3735 nisi
1550 3679 1729 3735 datum
1756 3677 1914 3734 fuerit
1937 3681 1982 3735 ei
2010 3682 2077 3737 ab

495 3775 710 3830 homine
748 3775 931 3845 justo;
962 3775 1226 3829 irruerent
1267 3771 1482 3842 quidem
1526 3772 1612 3826 isti
1648 3771 1868 3828 frontosi
1893 3812 1907 3836 ,
1937 3781 1990 3825 et
2019 3788 2077 3826 se

491 3870 664 3937 justos
692 3882 814 3923 esse
845 3867 1252 3936 proclamarent,
1282 3875 1338 3919 ut
1364 3865 1432 3918 ab
1461 3864 1537 3920 eis
1566 3866 1830 3936 acciperet
1853 3865 1941 3936 qui
1969 3866 2072 3919 vel-

497 3961 565 4016 let
588 3961 833 4032 accipere
865 3977 878 4013 :
913 3975 1011 4014 nec
1043 3973 1140 4014 nos
1162 3957 1510 4028 quatStioncm
1539 3956 1865 4024 faceremus,
1899 3967 2074 4012 utrum

490 4053 614 4123 justi
654 4061 832 4107 essent
870 4066 938 4105 an
981 4065 1123 4114 non;
1166 4047 1259 4102 sed
1290 4049 1425 4101 inter
1453 4061 1546 4101 eos
1572 4061 1690 4102 esse
1730 4049 1810 4101 vel
1853 4048 2075 4102 latentes

497 4143 722 4213 injustns
749 4142 900 4196 facile
925 4137 1325 4193 ostenderemus
1354 4153 1420 4192 ex
1443 4135 1756 4206 quibusdam
1783 4136 1999 4205 proditis
2023 4145 2076 4190 et

491 4233 724 4288 exclusis
748 4249 761 4295 ;
789 4240 844 4284 et
873 4241 1046 4284 tamen
1087 4243 1178 4282 eos
1209 4244 1311 4282 non
1343 4227 1762 4296 improbaremus
1783 4227 1835 4292 ³,
1871 4242 1968 4281 nec
1995 4228 2075 4282 di-

491 4338 735 4378 ceremus
766 4337 869 4374 non
899 4321 1076 4373 datum
1099 4361 1114 4384 ,
1149 4319 1227 4373 vel
1255 4335 1358 4372 non
1390 4328 1662 4387 acceptum
1682 4361 1697 4383 ,
1726 4319 1866 4388 quod
1893 4318 2073 4372 datum

493 4424 547 4465 et
571 4421 846 4479 acceptum
879 4419 1020 4463 esset
1047 4424 1074 4460 a
1105 4407 1316 4462 talibus.
1360 4406 1464 4462 Sed
1492 4418 1546 4461 et
1576 4409 1674 4460 hoc
1705 4406 1838 4460 l‘also
1866 4405 2073 4461 dicere-

496 4514 600 4564 tur,
634 4499 746 4556 Non
780 4509 954 4568 potest
979 4500 1138 4552 homo
1166 4499 1406 4566 accipere
1431 4498 1737 4568 quidquam,
1764 4497 1864 4550 nisi
1893 4497 2074 4550 datum

495 4592 653 4646 fuerit
683 4593 731 4644 ei
763 4590 829 4643 ab
859 4589 1070 4644 homine
1095 4589 1259 4658 justo.
1291 4588 1407 4658 Ipse
1436 4588 1578 4642 enim
1606 4588 1780 4656 justus
1808 4602 1837 4640 a
1865 4603 1969 4657 quo
1994 4587 2072 4640 al-

493 4695 573 4737 ter
600 4682 824 4750 accipit,
856 4695 1036 4749 quer
1064 4694 1093 4733 a
1120 4695 1227 4750 quo
1256 4680 1538 4749 acceperit.
1567 4679 1620 4734 Si
1650 4689 1703 4734 et
1732 4680 1846 4748 ipse
1873 4694 1900 4732 a
1928 4679 2074 4749 justo

493 4774 706 4828 homine
729 4814 743 4835 ,
777 4782 830 4827 et
867 4772 934 4827 de
975 4772 1064 4826 illo
1105 4774 1173 4825 ita
1205 4788 1386 4841 quaero
1409 4813 1424 4835 ,
1464 4770 1636 4827 donec
1661 4772 1729 4827 ab
1759 4773 1874 4843 ipso
1903 4773 2076 4842 capite

472 4852 694 4919 ordinis
733 4863 947 4918 humani
988 4863 1054 4917 ad
1094 4863 1326 4932 aliquem
1365 4863 1707 4933 perveniam,
1748 4864 1980 4932 qui'non
2007 4864 2075 4919 ab

494 4957 707 5012 homine
752 4957 1053 5026 acceperit;
1105 4965 1263 5026 atque
1304 4955 1371 5010 ita
1413 4955 1601 5010 l‘alsum
1650 4972 1769 5013 esse
1811 4957 2071 5020 doceam,

491 5047 631 5119 quod
661 5063 765 5102 non
795 5057 970 5118 potest
997 5047 1157 5101 homo
1186 5047 1430 5118 accipere
1457 5047 1764 5118 quidquam,
1796 5048 1894 5102 nisi
1925 5049 2076 5102 fuerit

490 5143 538 5196 ei
566 5141 632 5194 ab
664 5141 879 5196 homine
907 5141 1109 5195 datum.

560 5234 650 5290 54.
691 5233 827 5301 Quid
857 5244 1031 5289 autem
1062 5242 1226 5304 agunt
1255 5233 1339 5288 isti
1367 5233 1665 5288 nescientes
1694 5248 1788 5303 per
1811 5234 2076 5304 evangeli-

555 5476 570 5506 ⁸
598 5483 726 5534 δίει,
751 5473 1155 5534 respondebimus.
1181 5474 1388 5523 Vaticani
1408 5481 1571 5524 autem
1593 5474 1663 5523 sic
1683 5479 2073 5534 prosequuntur:

495 5544 638 5596 orum
674 5550 782 5586 vere
819 5534 922 5598 ipse
945 5535 1169 5599 adaequat
1203 5535 1426 5599 proxima
1447 5535 1537 5586 sibi
1563 5534 1820 5593 eversione,
1847 5542 1941 5584 etc.

556 5621 577 5650 '
610 5627 739 5670 iuxta
762 5627 836 5670 Er.
862 5620 1008 5682 Lugd.
1033 5627 1168 5679 Ven.,
1189 5619 1420 5681 numquid
1444 5619 1643 5670 diceret.
1711 5626 1766 5668 nt.

557 5702 579 5736 ⁸
601 5701 822 5754 (amcam
845 5705 1040 5768 quidam
1057 5712 1182 5764 uss,
1205 5717 1292 5754 nec
1314 5706 1472 5756 trunca
1487 5717 1567 5758 eos
1589 5704 1657 5755 uti
1675 5705 2000 5767 probaremus.

2183 407 2300 445 (.lllll
2336 397 2692 451 testimonium
2723 402 2772 461 ι,
2819 403 2917 455 ιιίδί
2958 413 3012 457 ιιι
3055 406 3296 460 homines
3338 407 3771 465 alumneantnr‘

2184 496 2238 538 ut
2265 486 2550 556 aliquando
2576 491 2854 560 evigilent,
2886 504 3043 565 atque
3070 497 3346 551 advertant
3376 514 3499 553 vero
3530 516 3632 554 non
3668 503 3770 555 ho-

2184 578 2354 634 mines
2383 595 2501 635 esse
2530 583 2883 638 attendendos
2905 627 2920 650 ,
2954 601 3074 640 enm
3106 598 3344 644 sanctum
3377 590 3576 661 aliquid
3605 592 3774 647 homo

2182 672 2424 740 accipere
2453 673 2758 741 desiderat,
2791 677 2883 730 sed
2915 679 3058 733 illum
3090 682 3262 736 solum
3291 684 3379 751 qtti
3407 683 3476 738 de
3513 685 3654 739 cmlo
3679 687 3778 740 dat

2185 760 2385 816 homini
2407 780 2420 827 ;
2445 765 2564 834 quia
2596 783 2696 819 non
2725 776 2884 837 potest
2905 769 3053 823 homo
3077 773 3302 840 accipere
3325 775 3602 846 quidquam
3623 818 3636 839 ,
3668 777 3777 829 nisi

2182 852 2358 906 datum
2385 854 2534 922 fuerit
2561 856 2606 908 ei
2635 857 2698 910 de
2725 858 2894 911 σατΙοῖ
2931 859 3080 924 Quod
3119 862 3162 914 si
3202 863 3472 930 dixerint,
3516 865 3590 919 De
3629 866 3773 920 caelo

2183 943 2397 1012 quidem
2423 946 2633 1015 accipit,
2666 963 2767 1002 non
2792 949 2858 1003 de
2890 949 3124 1009 homine.
3151 953 3246 1006 sed
3275 965 3450 1009 tamen
3475 971 3569 1024 per
3589 957 3768 1010 homi-

2185 1051 2303 1089 nem
2331 1053 2344 1095 ;
2374 1053 2556 1106 quaero
2585 1054 2678 1105 per
2703 1041 2936 1108 qualem.
2967 1043 3018 1095 Si
3055 1059 3147 1112 per
3168 1044 3368 1111 justum
3395 1056 3598 1102 tantum
3625 1065 3637 1111 ;
3665 1066 3769 1104 non

2184 1124 2381 1180 habent
2403 1127 2478 1181 illi
2499 1130 2585 1196 qui
2611 1131 2748 1197 apud
2771 1145 2861 1184 eos
2886 1133 3028 1200 ipsos
3047 1149 3140 1200 per
3163 1136 3384 1190 latentes
3408 1136 3769 1208 iniquissimus

2184 1228 2508 1285 acceperunt
2540 1236 2552 1271 :
2585 1220 2628 1304 si
2660 1230 2711 1274 et
2743 1237 2835 1289 per
2867 1223 3116 1291 injustam
3143 1241 3157 1288 ;
3203 1242 3320 1293 qum
3349 1242 3509 1282 eausa
3537 1245 3664 1299 ergo
3688 1245 3774 1286 est

2185 1315 2240 1359 ut
2281 1307 2510 1376 aliquem
2553 1305 2922 1379 rebaptizeut?
2951 1312 3004 1368 Si
3032 1330 3124 1382 per
3147 1316 3402 1385 injustum
3433 1335 3537 1372 non
3566 1323 3663 1374 nisi
3697 1323 3773 1375 la-

2185 1405 2380 1451 tentem
2407 1415 2420 1461 ;
2451 1415 2553 1452 non
2581 1400 2816 1466 habent,
2857 1419 2988 1472 quos
3016 1404 3301 1474 baptizavit
3334 1408 3647 1464 manifestus
3680 1426 3769 1464 sa-

2185 1489 2336 1543 telles
2382 1490 2624 1545 Cildnnis
2669 1493 2889 1561 Optatus
2930 1512 2943 1547 :
2994 1497 3037 1548 si
3082 1507 3136 1550 et
3179 1512 3272 1565 per
3313 1499 3563 1568 injustam
3608 1503 3769 1556 etiam

2184 1572 2558 1645 manifestum,
2590 1589 2676 1650 qui
2707 1592 2883 1638 tamen
2915 1586 3148 1640 nondum
3181 1588 3462 1643 damnatus
3489 1600 3541 1644 et
3570 1593 3638 1646 ab
3667 1594 3767 1646 Ee-

2183 1670 2360 1724 clcsite
2409 1675 2784 1728 communione
2831 1677 3099 1746 prnjectus
3137 1681 3247 1744 sit;
3299 1697 3403 1736 non
3451 1683 3646 1738 habent
3693 1687 3770 1740 illi

2183 1777 2316 1830 quos
2348 1761 2644 1816 Felicianus
2685 1765 2998 1820 Mustitauus
3022 1808 3036 1830 ,
3077 1784 3196 1822 cum
3225 1771 3292 1824 ab
3315 1785 3498 1826 eorum
3527 1789 3771 1828 comnm-

2186 1853 2342 1905 nione
2374 1852 2500 1908 l‘nris
2527 1866 2690 1918 esset,
2724 1857 2772 1908 in
2806 1858 3104 1912 Maximiani
3136 1860 3422 1917 schismate
3444 1863 3764 1933 baptizavit,

2183 1957 2316 2011 quos
2341 1955 2514 1997 tamen
2545 1961 2683 1999 nunc
2711 1961 2830 2000 cum
2864 1948 2954 2001 illo
2983 1965 3255 2019 regressos
3276 1969 3432 2006 nemo
3455 1956 3766 2024 rebaptizat.

2185 2034 2461 2087 l'ostrt-mo
2487 2036 2530 2088 si
2562 2038 2748 2100 homo,
2777 2041 3016 2107 qnatmis
3047 2043 3113 2094 de
3139 2044 3294 2106 creto,
3327 2059 3428 2097 non
3459 2054 3637 2100 tamen
3667 2051 3766 2102 nisi

2182 2140 2276 2193 per
2308 2127 2576 2180 hominem
2609 2138 2779 2194 potest
2808 2130 3050 2198 accipere
3087 2133 3372 2202 quidquam
3399 2151 3412 2198 ;
3444 2151 3626 2205 qnzero
3654 2139 3768 2208 ipse

2180 2215 2413 2270 Joannes
2442 2215 2676 2286 Baptista
2703 2259 2717 2282 ,
2759 2217 2848 2286 qui
2893 2218 2994 2274 hoc
3035 2222 3143 2284 ait,
3188 2237 3280 2290 per
3306 2239 3464 2292 quem
3495 2224 3765 2282 hominem

2181 2317 2458 2374 acceperat
2483 2347 2497 2368 ,
2538 2307 2678 2374 quod
2718 2309 2897 2378 utique
2934 2311 2999 2364 de
3036 2313 3173 2364 cmln
3211 2317 3530 2383 acceperat?
3561 2319 3624 2372 Et
3663 2336 3769 2375 nou

2184 2397 2449 2450 invenitur
2472 2397 2491 2426 ³
2517 2415 2530 2451 :
2563 2407 2722 2467 atque
2762 2400 2828 2452 ita
2869 2415 2897 2452 a
2928 2415 2987 2454 se
3017 2403 3333 2458 lesrimnniis
3374 2407 3593 2474 prolatis
3624 2413 3766 2464 mala

2182 2507 2338 2546 causa
2359 2494 2721 2548 convincitur.
2768 2496 2899 2562 Quia
2927 2498 3025 2551 etsi
3054 2499 3194 2552 dicat
3224 2500 3384 2555 Filius
3407 2506 3678 2572 accepisse
3709 2524 3769 2558 so

2183 2597 2211 2634 a
2241 2583 2434 2666 Patre,
2467 2598 2514 2638 et
2544 2585 2796 2655 Spiritum
2837 2599 3076 2643 sanetum
3109 2591 3174 2645 de
3202 2608 3298 2645 suo
3336 2596 3580 2665 accipere
3603 2638 3617 2660 ,
3661 2614 3767 2651 non

2183 2675 2331 2744 quasi
2360 2678 2616 2746 gradatim
2639 2721 2654 2744 ,
2683 2680 2776 2733 sed
2807 2681 2942 2736 sicut
2974 2682 3084 2752 ipse
3113 2686 3359 2752 exposuit
3387 2687 3601 2752 dicens,
3634 2689 3768 2754 Quia

2185 2767 2356 2818 omnia
2385 2784 2498 2837 qua:
2522 2770 2667 2824 liabet
2696 2769 2869 2837 Pater,
2899 2789 3008 2826 mea
3033 2783 3147 2826 sunt
3169 2814 3184 2838 ,
3223 2775 3335 2828 ideo
3371 2777 3476 2828 dixi
3500 2817 3514 2843 ,
3551 2777 3628 2831 De
3656 2798 3767 2833 meo

2185 2859 2396 2928 acrip'rt
2426 2859 2599 2929 (Joan.
2631 2879 2715 2916 xv:
2737 2904 2751 2927 ,
2788 2865 2876 2932 15)
2905 2881 2916 2916 :
2948 2878 3103 2933 posse
3129 2873 3305 2918 tamen
3345 2865 3616 2922 hominem
3659 2887 3766 2926 non

2187 2949 2499 3018 interposito
2531 2951 2744 3008 homine
2777 2953 3026 3010 divinitus
3059 2954 3255 3024 aliquid
3287 2957 3560 3027 accipere,
3584 2977 3768 3016 exem—

2189 3041 2275 3107 plo
2300 3056 2394 3094 suo
2418 3041 2651 3098 Joannes
2680 3045 2790 3112 ipse
2820 3056 3059 3113 testatur,
3095 3056 3149 3102 et
3180 3055 3256 3104 tot.
3285 3052 3454 3106 sancti
3482 3063 3764 3121 antequam

2189 3132 2277 3184 Dei
2315 3132 2478 3188 Filius
2509 3134 2670 3189 homo
2698 3137 2847 3192 ﬁeret
2871 3181 2885 3203 ,
2926 3150 2978 3194 et
3015 3151 3361 3212 posteaquam
3393 3148 3683 3200 resurrexit
3715 3157 3765 3200 ct

2184 3223 2424 3277 ascendit
2471 3228 2519 3278 in
2569 3227 2762 3281 caelum
2791 3269 2804 3290 ,
2847 3240 3059 3283 centum
3099 3233 3280 3300 viginti
3324 3233 3565 3288 homines
3608 3236 3763 3288 simul

2183 3317 2487 3385 congregati
2516 3327 2690 3384 erant,
2725 3334 2858 3388 quos
2891 3322 3034 3376 nullo
3062 3321 3275 3377 homine
3304 3325 3354 3378 in
3386 3334 3523 3377 terra
3551 3341 3763 3378 manmu

2185 3403 2512 3472 imponente,
2537 3406 2605 3462 de
2629 3408 2766 3462 caelo
2796 3409 3013 3464 veniens
3035 3410 3263 3478 Spiritus
3293 3423 3509 3467 sanctus
3533 3415 3712 3482 illtplm
3731 3417 3767 3468 it

2183 3495 2321 3564 (Act.
2352 3511 2402 3558 ι,
2440 3498 2536 3560 15,
2567 3506 2614 3550 et
2643 3513 2674 3550 ιι
2695 3538 2709 3562 ,
2742 3499 2856 3568 1-4)
2886 3517 2898 3551 :
2925 3507 2979 3552 et
3002 3502 3289 3554 constituto
3312 3502 3419 3570 jam
3448 3499 3636 3557 ordine
3669 3505 3768 3558 Ee-

2181 3588 2395 3650 clesiae,
2436 3586 2812 3641 Centurionem
2852 3588 3156 3643 Cornelium
3209 3601 3332 3644 ante
3375 3592 3544 3658 ipsum
3585 3593 3768 3662 Bapti-

2181 3693 2352 3732 smnm
2379 3719 2393 3740 ,
2425 3686 2547 3731 ante
2575 3679 2965 3746 impOsitionem
2989 3695 3193 3744 manus,
3219 3696 3339 3734 cum
3361 3683 3438 3735 eis
3466 3684 3552 3752 qui
3581 3702 3766 3740 secum

2182 3779 2331 3824 erant
2357 3768 2545 3824 eodem
2574 3768 2772 3838 Spiritu
2799 3780 2983 3823 sancto
3003 3771 3287 3840 repletmn,
3316 3771 3503 3825 Petrus
3531 3773 3644 3842 ipse
3667 3778 3770 3827 mi.

2181 3870 2329 3914 ratus
2358 3871 2438 3915 est
2463 3859 2570 3930 (Id.
2587 3901 2602 3926 ,
2626 3876 2660 3914 x
2683 3902 2694 3923 ,
2718 3859 2832 3930 M).
2860 3857 3026 3914 Nemo
3051 3868 3178 3930 ergo
3202 3863 3394 3930 accipit
3421 3863 3535 3918 sine
3558 3864 3722 3918 dante
3754 3887 3766 3921 :

2181 3950 2274 4006 sed
2325 3951 2464 4020 quod
2508 3951 2739 4020 pertinet
2787 3951 2851 4005 ad
2899 3951 3150 4020 Baptismi
3194 3954 3572 4018 sanctitatem,
3614 3956 3768 4010 adest

2182 4040 2322 4093 Deus
2347 4041 2436 4109 qui
2462 4040 2580 4103 det,
2608 4051 2660 4094 et
2686 4040 2846 4094 homo
2871 4041 2958 4109 qui
2985 4042 3223 4112 accipiat,
3251 4043 3362 4095 sive
3385 4057 3480 4112 per
3505 4060 3565 4098 se
3593 4045 3764 4113 ipsum

2179 4132 2411 4186 donante
2441 4133 2548 4185 Deo
2573 4173 2588 4198 ,
2631 4132 2742 4187 sive
2779 4149 2873 4202 per
2909 4136 3152 4203 angelum
3180 4175 3192 4198 ,
3234 4135 3344 4188 sive
3373 4150 3468 4203 per
3496 4137 3765 4190 hominem

2180 4235 2420 4279 sanctum
2444 4266 2457 4290 ,
2486 4226 2624 4280 sicut
2654 4241 2748 4294 per
2769 4226 2982 4278 Petrum
3006 4267 3019 4288 ,
3053 4225 3189 4278 sicut
3214 4239 3307 4294 per
3331 4225 3589 4280 Joannem
3612 4243 3627 4291 ;
3655 4229 3768 4282 sive

2181 4333 2278 4387 per
2302 4317 2569 4371 hominem
2612 4317 2887 4384 iniquum,
2917 4315 3054 4368 sicut
3085 4330 3178 4383 per
3218 4326 3322 4369 tam
3358 4317 3550 4372 multos
3577 4317 3658 4372 vel
3689 4318 3767 4370 la-

2183 4415 2354 4461 tentes
2376 4407 2456 4460 rel
2480 4405 2810 4468 manifestos,
2833 4419 2967 4473 quos
2993 4414 3115 4458 ante
3141 4415 3347 4474 tempus
3367 4406 3434 4460 de
3457 4422 3628 4462 messe
3653 4410 3766 4462 col-

2180 4496 2343 4565 ligere
2374 4495 2511 4548 servi
2539 4492 2935 4562 patrisfamilias
2960 4493 3314 4562 prohibentur
3336 4537 3350 4559 ,
3383 4505 3435 4549 et
3463 4511 3596 4565 quos
3620 4498 3769 4553 velut

2181 4588 2387 4656 paleam
2421 4585 2682 4640 frumenta
2713 4585 2978 4654 dominica
3005 4600 3173 4653 usque
3199 4585 3264 4640 ad
3305 4596 3515 4657 tempus
3541 4591 3769 4645 ventila-

2181 4681 2340 4734 tionis
2368 4678 2530 4733 corde
2554 4677 2763 4732 interim
2794 4678 3021 4747 separati
3050 4692 3154 4731 non
3186 4681 3485 4734 temeritate
3514 4696 3770 4752 corpora-

2181 4771 2301 4826 liter
2326 4771 2580 4826 deserunt
2607 4812 2620 4835 ,
2649 4769 2740 4824 sed
2771 4770 2968 4838 pietate
2996 4769 3342 4837 spiritualiter
3374 4769 3568 4825 lerunt.

2251 4864 2477 4920 CAPUT
2517 4862 2653 4917 XVI.
2695 4892 2764 4901 —
2802 4863 2890 4916 55.
2935 4862 3066 4926 Qui,
3119 4863 3302 4931 inquit,
3359 4865 3491 4918 male
3533 4866 3768 4928 credidit,

2181 4957 2416 5026 consequi
2442 4972 2540 5010 non
2567 4964 2722 5024 potest
2760 4952 3008 5023 Baptismi
3043 4964 3450 5016 sacramentum;
3498 4956 3617 5022 quia
3643 4958 3771 5008 scri-

2184 5057 2326 5114 ptum
2356 5055 2448 5111 est,
2489 5064 2507 5098 ι
2544 5043 2839 5098 Perversum
2869 5060 2968 5096 non
2999 5052 3136 5113 potes
3163 5044 3416 5098 adamare
3453 5063 3471 5096 ι
3507 5045 3703 5114 (Εεειε.
3732 5063 3768 5106 I.

2247 5271 2262 5302 ι
2289 5268 2424 5325 mliti,
2450 5263 2707 5315 nescientes
2728 5261 3051 5325 evangelicum
3066 5261 3420 5323 testimonium;
3443 5264 3641 5322 omisso,
3668 5277 3773 5326 per,

2179 5331 2308 5395 quod
2333 5343 2394 5378 ex
2422 5327 2754 5434 manustzriqitis
2770 5326 3092 5394 .restituitntts.
3334 5383 3345 5392 .

2245 5396 2266 5426 ι
2291 5391 2432 5434 ιτΛιιὶ.
2456 5401 2546 5434 me:
2573 5395 2621 5434 ut
2667 5399 2860 5434 temnes
2889 5392 3271 5434 commoueantur
3298 5397 3342 5434 si

2245 5396 2266 5426 I
2291 5391 2432 5449 editi,
2456 5387 2546 5438 nisi
2573 5395 2621 5436 ut
2651 5384 2860 5436 [temnes
2889 5392 3271 5434 commoueantur
3298 5384 3444 5436 simu:
3483 5391 3532 5433 ut
3554 5384 3774 5448 aliquan-

2184 5455 2266 5504 do.
2291 5463 2386 5502 etc.

2251 5490 2512 5563 zeditis
2534 5518 2672 5572 post,
2692 5515 2736 5557 ct
2760 5521 2852 5557 non
2874 5506 3109 5572 invenitur
3124 5541 3138 5562 .
3153 5568 3162 5572 _
3179 5507 3398 5572 proxime
3439 5507 3778 5572 sequebantur

2185 5580 2334 5628 verba
2359 5567 2549 5636 :il‘osse-
2574 5578 2733 5636 tamen
2761 5569 2997 5636 Itontinem
3023 5581 3114 5636 non
3144 5567 3418 5636 interposito
3439 5567 3628 5636 nomine
3653 5569 3781 5636 divt-

2185 5641 2310 5692 nitus
2334 5635 2516 5698 aliquid
2535 5631 2754 5691 accipere
2780 5643 2796 5680 :
2821 5631 3098 5699 aedeinde,
3127 5637 3265 5689 atque
3284 5630 3352 5699 ita
3373 5643 3411 5699 a_
3427 5641 3477 5678 se
3499 5630 3778 5699 testimoniis

2186 5692 2424 5771 proauis,
2443 5707 2538 5748 etc.
2574 5701 2743 5743 Locum
2783 5695 3170 5753 redintegramus
3209 5702 3272 5739 ex
3316 5692 3547 5740 \at'tcanis
3578 5700 3679 5740 uss.
