4050 6206
296 290 363 345 77
1614 281 1674 339 Li
1684 283 1813 339 BER
1850 284 1878 340 ε

1982 283 2224 344 UNDUS.
3515 305 3582 361 τε

301 407 382 464 15.
413 421 515 460 sec.
549 402 736 473 LXX).
767 402 900 470 Quid
944 403 984 456 si
1017 417 1144 471 ergo
1177 401 1312 471 apud
1357 417 1449 457 eos
1489 401 1747 470 quispiam
1800 400 1888 453 ba-

300 499 525 563 ptizatus
570 494 747 560 fuerit,
771 495 860 563 qui
895 504 1188 562 puttverat,
1223 494 1366 548 verbi
1397 496 1586 564 gratia,
1615 493 1884 548 Christum

298 601 361 639 ex
405 601 470 638 eo
513 599 632 638 esse
678 583 925 652 cmpisse,
955 597 1018 637 ex
1068 598 1175 652 quo
1218 584 1508 638 secundum
1557 601 1769 639 carnem
1818 585 1885 640 de

299 676 500 744 virgine
547 673 710 728 Maria
765 683 919 728 natus
967 684 1080 734 est:
1134 684 1318 743 postea
1369 676 1606 731 veritatis
1635 691 1885 730 sermone

297 768 670 829 commonitus.
717 781 840 822 cum
887 768 1235 836 comperisset
1285 768 1454 837 ipsum
1503 785 1621 824 esse
1668 769 1736 825 de
1779 785 1884 840 quo

293 857 525 911 Joannes
553 857 646 922 ait,
679 856 744 911 In
766 857 1014 926 principio
1043 866 1150 910 erat
1185 855 1420 923 Verbum,
1452 868 1499 911 et
1537 857 1754 913 Verbum
1779 869 1885 913 erat

293 950 432 1013 apud
461 947 645 1010 Deum,
671 958 716 1002 et
749 947 883 1002 Deus
910 957 1015 1001 erat
1050 947 1298 1014 Verbum;
1332 949 1397 1004 de
1425 965 1530 1018 quo
1552 963 1884 1020 consequen-

295 1049 376 1092 ter
404 1040 498 1098 ait.
544 1037 756 1092 Verbum
786 1054 905 1092 caro
949 1040 1140 1106 factum
1183 1048 1276 1103 est,
1305 1049 1350 1093 et
1393 1039 1631 1094 habitavit
1655 1040 1708 1094 in
1741 1041 1884 1094 nobis

298 1130 475 1199 (Joan.
512 1149 548 1195 ι,
581 1132 629 1194 1,
664 1131 790 1200 li):
827 1131 1084 1188 fateretur
1109 1131 1186 1186 eis
1211 1147 1366 1187 suum
1412 1132 1691 1202 pristinum
1728 1147 1881 1187 erro-

295 1238 427 1284 rem,
452 1233 613 1291 atque
643 1223 695 1277 in
721 1237 786 1277 eo
815 1238 875 1278 se
902 1222 1063 1278 fuisse
1090 1238 1211 1278 cum
1239 1223 1597 1294 baptizaretur
1624 1225 1881 1280 sollicitus

293 1312 573 1376 indicaret,
598 1312 846 1382 juberent
881 1328 1003 1368 eum
1047 1313 1222 1368 denuo
1264 1315 1554 1386 baptizari?
1603 1317 1878 1387 Nunquam

193 1399 203 1405 ’
294 1403 474 1470 utique
500 1400 777 1456 facerent:
818 1403 910 1457 sed
943 1402 1173 1459 hominis
1220 1405 1515 1474 imperitam
1567 1407 1878 1476 simplicita~

295 1503 398 1546 tem
441 1494 643 1547 carnali
688 1494 937 1563 Opinione
1000 1494 1146 1563 prius
1201 1495 1596 1565 depravatam‘,
1645 1499 1880 1554 veritatis

293 1584 500 1637 ratione
537 1593 833 1638 correctam
863 1585 1302 1655 gratularentur:
1335 1595 1427 1640 aut
1471 1589 1514 1643 si
1557 1589 1716 1644 etiam
1763 1591 1879 1645 talis

291 1674 613 1740 perversitas
655 1675 992 1742 pertinaciter
1027 1676 1075 1729 ei
1118 1675 1450 1731 defendenda
1495 1678 1779 1743 videretur,
1825 1691 1880 1735 et

291 1763 379 1816 diu
431 1764 722 1818 reluctatus
767 1781 937 1833 neque
974 1775 1264 1829 correctus,
1321 1768 1480 1821 etiam
1521 1767 1590 1823 de
1641 1768 1876 1824 Ecclesia

291 1856 598 1924 pelleretur,
631 1865 684 1909 et
703 1865 886 1925 postea
911 1857 1119 1926 cognita
1147 1858 1368 1912 veritate
1395 1868 1678 1924 remearet,
1709 1860 1878 1928 paeni-

292 1949 451 2001 tentia
500 1949 678 2016 utique
725 1948 1017 2002 curandum
1063 1964 1182 2004 esse
1228 1961 1528 2012 censerent,
1572 1964 1675 2004 non
1721 1951 1878 2004 itera-

292 2041 435 2092 tione
497 2038 836 2107 Baptismatis
889 2039 1311 2104 vulnerandum;
1371 2041 1618 2109 quamvis
1672 2041 1773 2095 hoc
1824 2042 1877 2096 in

289 2132 451 2184 corde
492 2146 551 2183 sc
593 2131 840 2186 habuisse
880 2129 1135 2186 fateretur
1178 2133 1337 2187 etiam
1371 2131 1461 2186 illo
1504 2142 1742 2202 tempore
1771 2148 1878 2202 quo

290 2223 426 2291 apud
479 2223 622 2292 ipsos
661 2222 834 2276 fuerat
879 2223 1192 2292 baptizatus.
1244 2222 1540 2279 Per-versum
1586 2239 1712 2294 ergo
1774 2242 1876 2279 non

293 2325 429 2380 potes
458 2314 728 2376 adamare,
759 2315 882 2382 quia
925 2327 1031 2369 non
1063 2313 1112 2368 ei
1154 2312 1220 2367 ad
1265 2321 1637 2369 ornamentum
1677 2316 1878 2370 valeret

290 2403 691 2458 Sacr-amentum
714 2403 854 2472 quod
882 2412 1181 2472 acceperat,
1201 2404 1243 2458 si
1272 2404 1322 2457 in
1355 2403 1457 2459 fide
1485 2419 1728 2473 perversa
1755 2420 1874 2474 per-

293 2496 522 2556 sisteret,
554 2492 645 2548 sed
673 2494 846 2562 potius
870 2493 934 2563 ad
965 2494 1318 2563 supplicium:
1347 2509 1467 2548 cum
1498 2503 1672 2548 tamen
1704 2495 1874 2563 ipsum

292 2583 692 2637 Sacramentum
725 2597 822 2652 per
861 2562 940 2648 δέ,
979 2584 1136 2636 etiam
1183 2583 1234 2636 in
1281 2596 1530 2652 perverso
1565 2598 1720 2651 quem
1770 2599 1873 2635 non

294 2676 532 2737 ornabat,
556 2674 650 2728 sed
675 2674 965 2745 judicabat,
991 2675 1249 2744 integrum
1285 2683 1650 2744 permaneret;
1678 2684 1731 2729 et
1756 2675 1875 2728 ideo

295 2767 435 2820 nullo
481 2765 642 2820 modo
671 2774 814 2820 esset
843 2765 982 2820 illius
1026 2765 1355 2820 Sacratnenti
1393 2765 1634 2819 violanda
1675 2767 1870 2820 sancti-

295 2867 389 2921 tas,
421 2857 583 2910 etiam
620 2870 740 2909 cum
771 2833 916 2910 esset
955 2854 1095 2909 illius
1141 2855 1368 2910 hominis
1399 2855 1710 2925 corrigenda
1750 2871 1872 2926 per-

294 2950 533 3001 versitas.

358 3041 588 3095 CAPUT
626 3039 787 3094 XVII.
827 3071 899 3081 ——
935 3040 1023 3096 '56.
1066 3041 1240 3096 Audet
1284 3053 1442 3097 etiam
1494 3043 1875 3097 Parmenianus

294 3130 444 3184 nobis
471 3130 718 3198 exempla
745 3130 920 3184 divina
949 3145 1268 3200 proponere,
1287 3133 1477 3201 quibus
1502 3148 1560 3186 se
1588 3133 1876 3186 arbitratur

292 3222 604 3283 ostendere,
645 3221 987 3291 qnzcrcndum
1040 3237 1158 3276 esse
1205 3222 1474 3277 hominem
1520 3234 1793 3286 sanetum,
1843 3239 1874 3276 a

292 3328 394 3381 quo
433 3313 599 3382 accipi
651 3313 844 3368 debeat
889 3313 1311 3368 Sacramentum.
1365 3313 1507 3383 Ipse,
1541 3315 1726 3384 inquit,
1776 3314 1876 3368 Dei

295 3404 478 3467 Filius,
513 3405 622 3472 ipse
650 3403 897 3458 Dominus
925 3403 1076 3459 Iesus
1107 3405 1356 3468 Christus,
1384 3422 1415 3456 a
1442 3421 1540 3474 quo
1569 3406 1874 3475 principium

293 3496 569 3563 spiritualis
606 3494 856 3565 Baptismi
903 3510 1132 3550 exortum
1174 3503 1267 3560 est,
1314 3511 1427 3548 cum
1472 3494 1746 3548 secundum
1789 3512 1876 3549 vo-

294 3590 537 3640 luntatem
569 3584 742 3640 Patris
771 3586 1104 3656 baptizandus
1151 3595 1297 3650 esset,
1331 3595 1564 3639 utrunme
1587 3585 1654 3638 ad
1685 3585 1874 3639 Phari-

294 3692 417 3730 steos
446 3675 668 3744 per/idos
692 3685 841 3746 atque
868 3679 1129 3745 proferres,
1149 3691 1215 3728 an
1233 3675 1300 3728 ad
1318 3675 1688 3730 sanctissimum
1707 3674 1873 3729 Joan-

295 3765 622 3820 nenwenisse
652 3766 993 3820 monstratur?
1020 3767 1088 3818 At
1116 3764 1161 3820 si
1193 3763 1294 3820 hoc
1319 3766 1564 3835 exemplo
1592 3766 1876 3821 invitamur

294 3856 355 3910 ad
384 3857 750 3925 accipiendum
791 3855 1139 3926 Baptismum,
1179 3857 1482 3912 inferiorem
1530 3857 1685 3912 nobis
1713 3871 1743 3910 a
1769 3871 1876 3926 quo

295 3947 621 4016 baptizemur
660 3947 916 4003 debemus
947 3948 1247 4016 inquirere;
1292 3945 1721 4016 quandoquidem
1767 3947 1875 4002 Do-

295 4040 468 4092 minus
511 4038 578 4092 ab
604 4053 670 4093 co
710 4038 1006 4107 baptizatus
1049 4047 1150 4104 est,
1179 4037 1266 4107 qui
1299 4051 1358 4092 se
1386 4035 1454 4091 ab
1492 4038 1607 4108 ipso
1651 4037 1875 4093 Domino

295 4129 546 4199 baptizari
573 4129 770 4185 debere
799 4129 1132 4198 praedixerat,
1165 4139 1218 4184 et
1247 4131 1334 4200 qui
1363 4145 1422 4186 se
1452 4130 1724 4201 indignum
1755 4146 1875 4186 cor-

295 4221 478 4289 rigiam
523 4219 869 4274 calceamenti
909 4221 1024 4289 ejus
1069 4219 1279 4276 solvere
1323 4221 1617 4276 testabatur
1659 4221 1874 4292 (Matth.

295 4327 366 4376 ιιι,
394 4312 482 4371 Η.
516 4311 627 4380 ll).
659 4311 926 4379 Quinimo,
964 4321 1020 4367 ut
1060 4313 1405 4368 intermittam
1451 4315 1718 4385 inquirere
1759 4315 1877 4369 dili-

294 4401 502 4469 gentius
533 4417 629 4455 our
673 4402 788 4471 ipse
829 4401 1074 4458 Salvator
1113 4414 1295 4460 noster
1340 4406 1594 4476 baptizari
1625 4407 1874 4473 voluerit,

294 4493 410 4562 quia
443 4503 590 4547 certe
635 4493 805 4563 aliqua
853 4509 1010 4550 causa
1058 4497 1258 4561 voluit;
1302 4507 1580 4568 propterea
1629 4497 1874 4562 fortasse,

293 4597 410 4636 cum
438 4599 499 4638 se
525 4584 638 4652 ipse
668 4594 848 4654 posset
877 4585 1106 4656 tingere,
1137 4589 1224 4657 qui
1253 4589 1412 4642 etiam
1448 4605 1603 4644 suum
1643 4591 1880 4660 baptiza-

297 4685 461 4729 torem
497 4686 704 4745 poterat
741 4677 1029 4747 baptizare,
1058 4680 1221 4734 voluit
1267 4681 1520 4737 Dominus
1558 4696 1588 4736 a
1617 4699 1794 4750 servo,
1825 4693 1880 4739 et

297 4767 380 4820 illc
409 4783 503 4836 per
529 4783 687 4837 quem
729 4769 860 4822 facta
898 4781 1022 4824 stmt
1049 4773 1227 4826 omnia
1265 4773 1332 4826 ab
1362 4773 1452 4826 illo
1478 4775 1570 4844 qui
1599 4775 1768 4829 factus
1795 4783 1878 4830 est

299 4858 434 4913 inter
459 4860 661 4924 omnia,
693 4859 968 4928 baptizari,
995 4873 1050 4916 ut
1088 4873 1137 4917 et
1164 4865 1381 4918 doceret
1425 4865 1798 4931 humilitatem,
1825 4877 1880 4921 et

296 4951 603 5004 ostenderet
637 4965 742 5004 non
770 4951 1028 5007 interesse
1057 4955 1174 5024 quis
1210 4970 1237 5008 a
1277 4969 1382 5024 quo
1409 4956 1721 5024 baptizatur,
1752 4957 1877 5013 dum

297 5059 362 5099 eo
392 5045 666 5111 Baptismo
708 5060 813 5114 quo
853 5047 1198 5116 baptizandus
1243 5057 1325 5103 est
1368 5049 1683 5118 baptizetur.
1714 5049 1822 5106 Nec
1849 5068 1879 5106 a

301 5135 1004 5206 Pharis'cisdedignaretur
1051 5139 1139 5194 ille
1192 5141 1482 5209 baptizari,
1531 5143 1574 5196 si
1623 5143 1882 5201 haberent

300 5229 605 5301 lmjnsmodi
632 5229 976 5299 baptismum,
1007 5246 1112 5301 quo
1143 5231 1231 5287 ille
1261 5232 1389 5286 certi
1417 5235 1731 5289 sacramenti
1760 5251 1881 5306 gra-

300 5319 370 5372 tia
409 5321 577 5374 voluit
619 5319 895 5389 baptizari.
928 5320 1056 5375 Nam
1086 5331 1282 5376 etcum
1314 5324 1773 5382 circumcidendus
1797 5343 1883 5385 es-

299 5418 399 5472 set,
431 5409 688 5479 numquid
712 5409 944 5465 Joannes
967 5411 1220 5481 qua-situs
1257 5415 1376 5468 est?
1419 5414 1529 5470 Hoc
1567 5417 1709 5471 enim
1735 5432 1765 5471 a
1791 5417 1881 5473 Ju-

298 5497 429 5556 d:eis
456 5500 570 5556 fieri
595 5499 707 5570 jan:
743 5501 965 5557 solebat.
997 5501 1063 5556 Et
1091 5516 1209 5558 cum
1242 5519 1335 5574 pro
1366 5505 1455 5560 illo
1484 5515 1626 5563 esset
1650 5507 1878 5564 offeren-

361 5671 381 5704 '
406 5678 456 5722 In
482 5677 610 5732 In,
625 5685 839 5734 pravam.

1999 399 2123 452 dum
2157 401 2324 471 legale
2361 377 2700 474 sacrificium,
2735 411 2988 480 numquid
3019 411 3307 469 devitatum
3342 425 3426 472 est
3455 419 3581 477 illud

1997 490 2281 557 templum,
2332 493 2471 562 quod
2521 495 2587 551 ab
2635 512 2699 551 eo
2741 509 2961 554 vocatur
3006 503 3257 572 spelunca
3313 506 3579 563 latronum

1997 577 2207 647 (Matth.
2233 597 2339 646 ut,
2361 583 2490 653 l3)?
2519 585 2633 653 Quo
2658 598 2803 644 certe
2828 599 2882 644 et
2905 591 3029 646 boni
3053 593 3316 650 intrabant
3337 607 3392 652 et
3427 600 3579 654 mali:

1992 683 2088 722 nec
2123 669 2274 724 bonis
2311 672 2536 729 oberant
2565 677 2724 742 mali;
2773 682 3021 748 quoniam
3065 683 3320 740 Dominus
3349 687 3438 757 qui
3483 689 3578 751 ait,

1992 758 2171 814 Sancti
2197 771 2366 829 estote,
2396 765 2513 834 quia
2540 783 2631 838 ego
2657 779 2860 823 sanctus
2886 787 2998 824 sum
3025 772 3207 844 (Levit.
3236 792 3312 841 XI,
3341 779 3474 847 45);
3508 779 3574 833 ita

1993 848 2363 906 inviolabiliter
2417 853 2539 909 facit
2583 867 2794 913 sanctos
2845 873 2970 915 suos
3023 865 3223 918 versari
3272 866 3412 920 inter
3460 883 3573 920 ma-

1991 939 2092 1006 los,
2127 950 2181 994 ut
2209 944 2539 999 custodiant‘
2568 961 2684 1001 eam
2713 964 2872 1018 quam
2911 952 3176 1021 accipiunt
3213 958 3573 1022 sanctitatem,

1988 1032 2432 1098 quemadmodum
2464 1038 2578 1106 ipse
2611 1039 2863 1096 Dominus
2905 1042 3059 1098 Jesus
3088 1047 3227 1099 nulla
3258 1050 3573 1118 contagione

1988 1123 2331 1192 malignitatis
2374 1127 2424 1179 iu
2463 1127 2769 1185 Judmorum
2814 1144 2970 1202 gente
3013 1136 3242 1204 pollutus
3269 1149 3370 1204 est,
3403 1156 3572 1210 neque

1987 1225 2107 1265 cum
2137 1213 2224 1268 illa
2253 1217 2419 1283 prima
2452 1230 2782 1274 sacramenta
2823 1225 3114 1279 secundum
3155 1228 3442 1299 perfectam
3469 1231 3570 1285 hu-

1987 1303 2224 1358 militatls
2257 1307 2392 1360 viam
2424 1309 2594 1364 factus
2643 1310 2744 1365 sub
2773 1311 2890 1383 lege
2933 1317 3189 1384 suscepit,
3234 1333 3407 1388 neque
3449 1335 3570 1374 cum

1986 1404 2170 1463 postea
2199 1396 2471 1467 discipulis
2511 1401 2694 1456 electis
2723 1418 2845 1457 cum
2895 1419 2993 1460 suo
3035 1408 3287 1464 traditore
3315 1427 3479 1482 usque
3504 1413 3569 1467 ad

1985 1497 2282 1544 extremum
2317 1494 2568 1570 osculum
2615 1497 2761 1550 vixit.
2795 1499 2924 1568 Ejus
2968 1503 3109 1557 enim
3159 1507 3424 1575 exemplo,
3462 1523 3570 1563 non

1982 1579 2155 1632 solum
2186 1597 2290 1635 non
2322 1582 2560 1640 facientis
2592 1587 2750 1650 mala,
2779 1590 2871 1643 sed
2898 1591 3057 1645 etiam
3089 1608 3193 1650 non
3233 1599 3544 1652 consenticn

1986 1666 2052 1720 tis
2077 1669 2096 1698 ¹
2132 1669 2220 1722 ulli
2252 1673 2484 1737 malitiae,
2516 1673 2654 1728 inter
2678 1676 2881 1746 paleam
2911 1679 3175 1736 frumenta
3201 1698 3384 1739 secura
3421 1698 3564 1755 sunt,

1982 1757 2102 1825 quia
2133 1774 2305 1829 neque
2335 1763 2456 1815 talia
2483 1763 2703 1832 faciunt,
2741 1783 2913 1838 neque
2945 1775 3287 1829 consentiunt
3323 1774 3564 1833 facienti-

1981 1847 2117 1912 bus;
2169 1851 2326 1903 etiam
2362 1853 2406 1906 si
2447 1854 2496 1906 in
2541 1855 2728 1911 eadem
2768 1869 2950 1929 segete
2995 1877 3161 1934 usque
3203 1866 3269 1920 ad
3312 1879 3564 1935 messem,

1982 1935 2034 1988 in
2061 1937 2246 1992 eadem
2293 1956 2414 1996 area
2449 1958 2614 2013 usque
2652 1946 2718 2000 ad
2750 1949 3168 2020 ventilationem,
3198 1955 3335 2011 intra
3376 1957 3563 2014 eadem

1982 2030 2112 2082 retia
2145 2045 2309 2100 usque
2337 2033 2401 2087 ad
2430 2037 2816 2103 separationem
2844 2057 2961 2111 qua:
2983 2044 3033 2098 in
3058 2045 3237 2102 littore
3261 2047 3434 2103 futura
3460 2060 3560 2114 est,

1980 2115 2104 2170 boni
2152 2120 2381 2176 tolerent
2428 2125 2597 2180 malos
2639 2126 2849 2198 (Matth.
2883 2147 2960 2197 ιιι,
3007 2134 3092 2198 12,
3125 2145 3172 2189 et
3217 2150 3330 2204 xm,
3377 2140 3562 2205 37-65,

1980 2205 2189 2279 47-50).
2222 2208 2327 2264 Sed
2359 2211 2444 2266 isti
2490 2224 2614 2270 sunt
2640 2231 2765 2273 vere
2806 2221 2932 2276 caeci
2973 2221 3134 2278 duces
3159 2240 3443 2294 caecorum,
3474 2231 3564 2300 qui

1979 2303 2036 2350 et
2078 2296 2129 2350 in
2161 2315 2383 2356 numero
2429 2317 2643 2358 suorum
2677 2315 2784 2361 tam
2828 2311 3022 2366 multos
3066 2315 3236 2370 malos
3279 2296 3564 2382 videntaet

1979 2385 2118 2439 viam
2151 2390 2295 2457 pacis
2335 2406 2440 2445 non
2465 2393 2678 2460 vident;
2708 2407 2762 2450 et
2788 2407 2846 2452 ut
2882 2414 2939 2454 se
2967 2417 3070 2456 non
3109 2404 3174 2459 ad
3198 2408 3562 2464 sustinendum

1980 2474 2205 2531 invicem
2235 2491 2451 2548 propter
2477 2483 2690 2539 unitatis
2711 2486 3000 2555 vinculum,
3020 2491 3114 2546 sed
3138 2494 3204 2548 ad
3221 2495 3563 2554 dividendum

1977 2566 2044 2621 ab
2073 2568 2298 2623 invicem
2332 2581 2550 2641 propter
2575 2575 2878 2633 schismatis
2911 2583 3246 2656 sacrilegium
3275 2601 3564 2659 sequantur

1983 2653 2246 2719 homines,
2280 2661 2624 2727 persuadent.

2048 2744 2275 2839 C.tPU'l‘
2315 2748 2500 2803 XVIII.
2541 2781 2609 2791 —-
2650 2754 2740 2808 57.
2781 2759 2852 2812 At
2899 2759 3040 2815 enim
3090 2763 3287 2820 dictum
3339 2776 3422 2822 est
3469 2785 3565 2839 per

1980 2835 2290 2903 prophetam
2322 2839 2432 2909 regi
2458 2840 2715 2912 Josapbat
2743 2864 2756 2899 :
2793 2846 2838 2901 ο
2879 2865 2971 2902 rea:
3012 2851 3284 2924 Josaphat,
3309 2859 3354 2910 si
3387 2835 3564 2924 pec-ca-

1925 2951 1927 2953 ι
1979 2933 2135 2978 torem
2164 2935 2216 2979 tu
2243 2927 2478 2998 adjuvas,
2508 2942 2597 2986 aut
2621 2949 2734 2988 eum
2765 2952 2914 3005 quem
2951 2938 3199 2996 Dominus
3228 2945 3334 2998 odit
3361 2955 3416 2999 tu
3445 2949 3564 3002 dili-

1977 3017 2075 3087 gis,
2107 3029 2372 3089 propterea
2396 3022 2492 3092 fuit
2523 3040 2677 3096 super
2709 3035 2755 3081 te
2778 3028 2856 3082 ira
2891 3027 3118 3086 Domini.
3141 3034 3270 3101 Quis
3294 3037 3435 3092 enim
3465 3056 3562 3093 nn-

1978 3118 2148 3163 strum
2177 3110 2307 3165 dicit
2353 3124 2688 3182 peccatorem
2727 3119 3103 3190 adiuvandum,
3136 3127 3202 3180 ad
3242 3127 3345 3184 hoc
3385 3131 3564 3200 utique

1981 3199 2030 3252 in
2058 3215 2163 3269 quo
2188 3216 2407 3270 peccare
2436 3205 2580 3272 vult;
2627 3209 2766 3264 sicut
2797 3211 2910 3280 ipse
2936 3214 3118 3269 Achab
3147 3232 3303 3287 quem
3341 3199 3562 3289 adjuva-

1979 3290 2110 3346 bat'
2133 3292 2408 3363 Josaphat,
2448 3297 2626 3354 eundo
2664 3315 2784 3356 cum
2818 3303 2909 3358 illo
2938 3305 2990 3359 in
3019 3308 3286 3376 praelium,
3316 3325 3436 3366 cum
3477 3312 3566 3368 ille

1980 3380 2213 3437 Michzca:
2240 3387 2511 3456 propheta:
2536 3393 2742 3447 veracia
2775 3395 2936 3451 verba
2963 3404 3366 3457 contemneret?
3394 3405 3460 3458 Et
3485 3415 3562 3459 ta-

1980 3486 2102 3527 men
2131 3488 2226 3529 nec
2263 3475 2341 3531 sic
2366 3477 2536 3534 obfuit
2573 3481 2891 3540 innocentiae
2935 3489 3074 3558 regis
3109 3491 3365 3563 Josaphat
3393 3498 3561 3565 pessi-

1981 3577 2125 3616 tnum
2156 3565 2402 3620 meritum
2445 3570 2586 3639 regis
2611 3571 2795 3628 Achab
2821 3593 2834 3629 :
2865 3577 2988 3646 quia
3016 3579 3162 3635 illum
3206 3583 3458 3640 Dominus
3497 3588 3563 3641 ad

1991 3668 2050 3708 se
2086 3656 2469 3713 exclamantem
2511 3675 2542 3714 a
2588 3664 2826 3732 periculo
2873 3667 3064 3726 bellico
3107 3671 3367 3741 liberavit,
3416 3676 3563 3733 illum

1982 3754 2160 3800 autem
2201 3749 2518 3818 sacrilegum
2547 3763 2968 3825 contemptorem
3012 3761 3063 3815 in
3103 3779 3292 3820 manus
3333 3767 3562 3822 hostium

1981 3837 2165 3927 venire
2188 3838 2426 3927 permisit
2476 3837 2574 3910 (Ill
2603 3841 2732 3912 Reg.
2765 3847 2929 3916 χιιι).
2973 3849 3040 3904 Ει
3081 3853 3125 3906 si
3155 3855 3279 3922 quid
3309 3856 3565 3927 Josaphat

1982 3926 2202 3995 periculi
2251 3936 2502 3996 expertus
2529 3939 2630 3998 est,
2661 3933 2804 4002 quod
2845 3937 2893 3990 ei
2941 3938 3204 4009 Propheta
3253 3926 3449 4003 indicat
3495 3953 3564 4006 ab

1981 4015 2059 4069 ira
2089 4015 2181 4070 Dei
2207 4017 2388 4084 fuisse,
2413 4033 2518 4074 non
2550 4021 2726 4077 alieno
2752 4037 3018 4082 meruerat
3050 4045 3286 4102 peccato,
3311 4039 3403 4092 sed
3433 4057 3560 4106 suo;

1980 4106 2103 4175 quia
2131 4105 2267 4161 sicut
2293 4107 2341 4162 ei
2371 4107 2572 4164 dictum
2611 4120 2713 4179 est,
2751 4127 3059 4184 peccantem
3099 4123 3421 4192 adjuvabat:
3466 4105 3562 4186 sed

1981 4196 2120 4265 apud
2172 4197 2340 4252 Deum
2382 4207 2575 4256 caetera
2621 4202 2737 4274 ejus
2782 4206 2918 4262 bona
2973 4209 3106 4268 facta
3154 4217 3560 4282 praevalueruut.

1963 4285 2072 4341 .Sic
2092 4287 2234 4342 enim
2261 4287 2458 4344 dicitur
2479 4292 2528 4346 ei
2553 4309 2566 4346 :
2601 4291 2922 4352 Peccatorem
2946 4300 3203 4370 adjuvisti,
3233 4315 3284 4359 et
3321 4309 3365 4363 ei
3390 4321 3565 4366 contra

1983 4378 2259 4434 Dominum
2287 4384 2480 4436 amicus
2517 4400 2589 4449 es,
2618 4396 2666 4438 et
2698 4387 2750 4440 in
2777 4389 2872 4442 hoc
2891 4405 3045 4462 super
3067 4403 3115 4448 te
3137 4395 3216 4448 ira
3243 4414 3276 4451 a
3299 4401 3431 4469 [acie
3461 4404 3566 4458 Do-

1983 4469 2125 4522 mini.
2159 4469 2430 4526 Sermones
2455 4470 2552 4526 Dei
2583 4474 2698 4528 boni
2722 4476 2773 4529 in
2813 4480 3055 4536 universis
3089 4495 3208 4538 sunt
3237 4497 3416 4555 tecum,
3441 4509 3567 4562 quo-

1983 4577 2120 4614 niam
2165 4561 2416 4616 abstutisti
2443 4564 2583 4619 lucos
2609 4567 2672 4620 de
2698 4577 2853 4636 terra,
2881 4581 2927 4624 et
2955 4577 3150 4640 parasti
3187 4594 3276 4631 cor
3318 4561 3460 4636 tuum
3497 4587 3567 4638 ad

1983 4653 2344 4722 requirendum
2386 4653 2548 4709 Deum
2577 4657 2650 4727 (ll
2682 4655 2860 4712 Paral.
2903 4678 3011 4726 xix,
3041 4663 3096 4730 2,
3124 4667 3200 4738 5).
3247 4669 3345 4737 Qui
3386 4682 3564 4730 autem

1984 4756 2230 4800 versatur
2257 4747 2307 4799 in
2335 4747 2572 4802 Ecclesia
2603 4749 2715 4816 Dei,
2746 4750 2833 4806 ubi
2862 4763 2984 4808 sunt
3013 4765 3069 4810 et
3102 4758 3172 4813 illi
3199 4763 3286 4830 qui
3313 4781 3405 4818 sua
3429 4783 3562 4836 quie-

1984 4847 2122 4904 runt,
2150 4854 2250 4890 non
2288 4855 2399 4908 qum
2442 4838 2567 4893 Jesu
2595 4839 2796 4906 Christi,
2826 4845 2914 4912 qui
2963 4863 3052 4916 per
3083 4849 3324 4907 invidiam
3366 4865 3412 4909 et
3442 4873 3564 4911 con-

1986 4929 2253 4984 tentionem
2281 4929 2534 4984 Christum
2573 4934 2894 5001 annuntiant,
2925 4953 3026 4991 non
3069 4951 3246 5009 caste;
3287 4956 3340 5000 et
3382 4946 3561 5012 dicit",

1988 5019 2108 5074 Sive
2135 5036 2224 5090 per
2268 5021 2604 5083 occasionem.
2643 5024 2745 5077 sive
2792 5041 2878 5094 per
2918 5029 3171 5100 veritatem
3217 5036 3444 5092 Christus
3471 5057 3556 5092 an-

1989 5109 2279 5174 nuntietur;
2319 5119 2364 5162 et
2402 5109 2454 5162 in
2497 5111 2591 5164 hoc
2623 5113 2838 5182 gaudeo,
2867 5117 2955 5170 sed
2981 5129 3029 5173 et
3055 5123 3280 5191 gaudebo
3307 5126 3566 5200 (Philipp.

1989 5213 2047 5261 u,
2074 5198 2165 5264 2t,
2197 5208 2250 5253 et
2280 5215 2316 5266 ι,
2359 5201 2549 5271 15-18)
2578 5219 2590 5255 :
2623 5203 2925 5274 impollutus
2969 5209 3107 5266 inter
3151 5229 3244 5270 eos
3284 5227 3442 5288 atque
3481 5198 3568 5274 Vin-

1990 5295 2138 5356 tegcr
2164 5299 2458 5358 permanet,
2491 5292 2612 5360 quia
2657 5307 2763 5347 non
2799 5295 2877 5350 eis
2914 5297 2981 5352 ad
3007 5313 3101 5356 sua
3125 5307 3404 5373 quaarenda
3437 5323 3557 5363 con-
3648 5292 3660 5303 ’

2056 5443 2073 5507 ξ
2098 5441 2175 5507 sic
2195 5441 2414 5507 Vaticani
2427 5450 2527 5507 Mss.
2553 5452 2605 5495 Αι
2628 5447 2762 5507 editi,
2787 5447 2830 5500 si
2854 5453 3141 5506 custodiunt.

2054 5502 2352 5577 inditumst:
2386 5503 2612 5577 faciattes
2633 5502 2778 5570 mata,
2810 5515 2896 5562 sed
3211 5520 3549 5577 consentiath

1992 5562 2309 5611 Emendantur
2333 5562 2396 5613 ex'
2422 5572 2524 5615 Mss.

2057 5623 2078 5716 ξ
2098 5623 2172 5672 sic
2187 5629 2294 5697 Mss.
2319 5625 2434 5698 τιξάὶιί
2456 5641 2589 5699 vero,
2609 5631 2801 5691 intendo
2813 5633 3014 5706 adjuta't.

2100 5691 2222 5716 llnnc
2246 5692 2540 5716 Πηνιηηηηωο
2562 5691 2714 5716 ΛΑΑΑ...
2761 5702 2809 5716 ..ι
2839 5704 2900 5716 --ι
2958 5711 3014 5716 ---Α

2100 5691 2223 5734 Unus
2246 5691 2542 5738 Divionensis
2561 5691 2734 5751 codex,
2761 5702 2809 5744 ut
2831 5691 2900 5748 ait
2933 5700 3202 5765 Apostolus,
3226 5702 3321 5756 sive
3337 5717 3442 5768 per,
3465 5707 3564 5756 etc.
