4050 6206
435 252 504 307 79
1249 249 1517 306 CONTRA
1560 247 1938 304 EI‘ISTOLAM
1980 247 2419 319 PARMENIANI,
2461 252 2514 307 S.
2559 249 2923 309 AUGUSTINI

436 368 619 434 scatit,
653 381 774 423 cum
818 363 918 420 hoc
947 365 1125 434 culpet
1161 373 1319 432 atque
1364 361 1752 432 mprehent‘lat:
1799 378 1899 418 nec
1927 376 2020 417 cos

437 460 501 514 ad
535 458 881 529 peccandum,
911 455 1002 510 sed
1034 454 1098 508 ad
1127 455 1226 508 hoc
1246 454 1477 523 adjuvat,
1511 455 1653 508 unde
1679 453 1918 508 Christus
1948 454 2022 508 la-

439 552 542 606 tius
569 551 908 620 praedicetur,
938 557 990 600 et
1015 545 1083 598 ab
1115 545 1196 599 his
1231 545 1318 615 qui
1349 545 1568 599 audiunt
1595 553 1649 598 et
1689 545 1888 600 faciunt
1928 561 2022 614 per

437 657 531 697 eos
570 642 658 711 qui
689 638 828 710 quod
877 636 1060 690 dicunt
1107 651 1211 690 non
1257 636 1473 700 faciunt,
1507 635 1720 689 Christo
1750 635 2017 698 credatur,

437 734 488 788 in
521 733 732 787 Christo
761 738 1025 800 speretur,
1053 727 1300 783 Christus
1335 728 1602 797 diligatur.
1632 727 1850 782 Talibus
1878 728 2019 780 enim

437 823 672 894 praecipit
715 822 853 876 idem
886 821 1159 890 apostolus
1184 820 1404 875 dicens:
1437 818 1613 874 Nolite
1641 819 1878 889 conjungi
1907 835 2019 871 cmn

434 914 745 985 inﬁdelibus.
781 914 906 979 Qua:
933 913 1062 966 enim
1105 912 1422 982 participatio
1453 911 1667 980 justitia:
1690 927 1804 964 cum
1833 911 2018 980 iniqui-

433 1005 576 1058 tate?
619 1004 746 1070 Qua:
789 1003 1173 1056 communicatio
1218 1012 1288 1056 est
1336 1001 1437 1055 lnci
1479 1001 1548 1054 ad
1576 1001 1847 1056 tenebras?
1898 1000 2022 1066 Qua:

433 1105 602 1149 autent
633 1094 891 1148 conventio
921 1093 1108 1147 Christi
1135 1094 1201 1145 ad
1225 1091 1432 1146 Belial?
1457 1091 1559 1144 Aut
1585 1107 1699 1160 qua:
1722 1107 1842 1160 pars
1881 1091 2022 1160 ﬁdeli

433 1202 548 1239 cum
589 1185 785 1254 inﬁdeli
808 1185 832 1237 ?
883 1183 984 1250 Qui
1029 1171 1194 1236 autem
1235 1200 1506 1237 consensus
1551 1183 1734 1252 templo
1774 1181 1868 1236 Dei
1907 1199 2022 1237 cunt

431 1275 764 1332 simulacris?
809 1273 906 1328 Vos
943 1274 1076 1326 enim
1115 1274 1358 1342 templum
1402 1272 1496 1326 Dei
1540 1273 1663 1326 vivi‘
1715 1273 1850 1326 estis.
1889 1271 2022 1326 Dicit

434 1367 564 1420 enim
591 1382 609 1419 :
643 1366 773 1431 Quia
820 1363 1108 1418 inhabitabo
1151 1364 1203 1415 in
1244 1363 1336 1428 eis,
1367 1372 1410 1415 et
1453 1362 1777 1416 inambulabo
1800 1379 1818 1426 ;
1864 1371 1908 1414 et
1937 1379 2022 1416 ero

431 1459 637 1513 illorunt
665 1456 825 1522 Deus,
855 1466 900 1510 et
928 1456 1025 1526 ipsi
1051 1465 1193 1508 erunt
1219 1454 1341 1507 mihi
1369 1454 1609 1524 populus.
1653 1452 1869 1523 Propter
1889 1453 2023 1520 quod

433 1550 563 1602 exite
606 1548 669 1602 de
717 1546 878 1599 medio
909 1562 1101 1611 eorum,
1133 1544 1253 1598 dicit
1302 1543 1571 1606 Dominus,
1613 1554 1660 1597 et
1706 1544 2021 1595 immundum

433 1656 495 1693 ne
524 1641 818 1709 tetigeritis;
866 1648 910 1691 et
937 1654 1028 1708 ego
1055 1637 1293 1706 recipiam
1322 1651 1427 1700 vos,
1460 1646 1505 1688 et
1549 1651 1632 1689 ero
1672 1634 1808 1688 vobis
1852 1635 1903 1687 in
1929 1652 2018 1703 pa-

435 1741 579 1792 trem,
608 1741 653 1783 et
677 1747 763 1783 vos
785 1730 923 1782 eritis
948 1729 1068 1781 milii
1096 1728 1148 1780 in
1186 1729 1320 1797 ﬁlios
1343 1736 1388 1780 et
1429 1728 1582 1794 ﬁlias,
1611 1727 1733 1780 dicit
1774 1725 2023 1780 Dominus

435 1823 746 1892 omnipotens
775 1820 850 1890 (ll
881 1819 999 1874 Cor.
1037 1835 1105 1878 vt.
1139 1818 1343 1888 ili-18).
1375 1818 1503 1883 QII-.e
1528 1817 1685 1872 verba
1711 1816 1799 1872 isti
1835 1833 2022 1871 carna-

436 1913 556 1967 liter
581 1913 893 1975 sentientes,
925 1925 1018 1978 per
1049 1917 1125 1962 tot
1149 1908 1436 1963 divisiones
1463 1922 1524 1962 se
1549 1909 1693 1976 ipsos
1725 1907 2020 1962 minutatim

436 2006 488 2058 in
533 2005 644 2075 ipsa
673 2017 774 2056 una
815 2000 993 2055 Africa
1025 1999 1330 2054 concidunt.
1377 1997 1492 2051 Non
1536 1999 1677 2051 enim
1725 1997 2024 2067 intelligunt

437 2095 704 2148 neminem
753 2091 1002 2161 conjungi
1062 2105 1180 2143 cum
1234 2087 1565 2151 inﬁdelibus,
1615 2087 1714 2141 nisi
1761 2087 1847 2156 qui
1897 2086 2024 2141 facit

435 2194 650 2256 peccata
681 2183 1065 2254 Paganorum’,
1096 2180 1181 2235 vel
1210 2180 1328 2234 talia
1362 2178 1672 2233 facientibus
1717 2177 1890 2242 favet;
1924 2193 2022 2232 nec

434 2291 752 2346 quemquam
780 2274 891 2328 ﬁeri
913 2273 1223 2344 participem
1248 2269 1559 2339 iniquitatis,
1592 2269 1694 2323 nisi
1719 2271 1806 2339 qui
1843 2270 2021 2338 iniqua

436 2366 520 2422 vel
547 2367 656 2436 agit
683 2365 765 2419 vel
797 2365 1073 2433 approbat.
1122 2362 1250 2428 Quis
1277 2369 1453 2415 autem
1480 2360 1838 2414 communiCat
1877 2369 2024 2414 tene-

436 2460 575 2524 hris,
624 2458 724 2512 nisi
771 2457 858 2526 qui
918 2471 1013 2525 per
1062 2453 1308 2510 tenebras
1356 2452 1726 2507 consensionis
1781 2467 1892 2506 sine
1936 2453 2018 2507 di-

437 2553 600 2605 misso
621 2549 834 2606 Christo
862 2547 1099 2617 sequitur
1127 2543 1331 2600 Belial?
1357 2544 1485 2610 Quis
1512 2543 1660 2612 ponit
1687 2558 1805 2598 cum
1838 2542 2024 2599 inﬁde-

437 2642 574 2694 lihus
613 2649 815 2709 partem
845 2653 1017 2702 suam,
1046 2636 1147 2690 nisi
1171 2635 1259 2704 qui
1285 2633 1400 2704 ejus
1423 2633 1746 2688 infidelitatis
1771 2632 1829 2686 ﬁt
1859 2633 2018 2701 parti-

435 2731 599 2800 ceps?
634 2729 708 2784 Ita
752 2729 895 2783 enim
942 2725 1197 2795 templum
1249 2724 1341 2778 Dei
1389 2737 1508 2777 esse
1551 2722 1764 2786 desiuit,
1817 2737 1916 2775 nec
1964 2736 2022 2776 se

434 2822 589 2876 aliter
630 2818 930 2875 simulacris
965 2816 1220 2886 adjungit.
1253 2813 1353 2880 Qui
1392 2820 1569 2868 autem
1613 2822 1737 2867 sunt
1767 2814 2020 2882 templum

438 2912 528 2965 Dei
557 2911 681 2976 vivi,
707 2917 762 2964 et
787 2907 839 2963 in
878 2906 1053 2962 medio
1084 2904 1312 2959 nationis
1353 2911 1606 2957 tortuosa:
1647 2918 1710 2956 ac
1753 2917 2023 2971 perversa:

435 3009 695 3072 apparent
755 3000 892 3054 sicut
955 2997 1232 3052 luminaria
1289 2995 1342 3048 in
1407 2993 1602 3048 inundo
1643 2995 1861 3048 verbum
1903 2995 2022 3048 vita:

439 3092 696 3145 habentes
728 3087 986 3158 (Philipp.
1013 3102 1071 3151 ιι,
1095 3087 1206 3155 15),
1233 3083 1362 3138 nihil
1392 3098 1486 3138 eos
1525 3082 1663 3151 quod
1701 3098 1796 3151 pro
1822 3084 2024 3143 unitate

439 3183 668 3236 tolerant
697 3179 901 3240 inﬁcit;
935 3191 1034 3232 nec
1059 3182 1428 3246 angustantur,
1457 3175 1576 3242 quia
1605 3174 1656 3226 in
1695 3174 1797 3227 illis
1824 3173 2024 3229 habitat

436 3283 490 3329 et
517 3270 820 3327 deambulat
862 3268 1045 3322 Deus:
1076 3277 1130 3320 et
1173 3273 1368 3320 exeunt
1406 3264 1474 3319 de
1519 3263 1694 3318 medio
1740 3265 2018 3332 malorum,

438 3375 598 3434 atque
641 3369 954 3430 separantur
1001 3357 1211 3411 interim
1258 3355 1454 3420 corde;
1501 3370 1570 3409 ne
1616 3352 1753 3409 forte
1795 3370 1914 3409 cum
1969 3355 2021 3410 id

440 3456 616 3511 facere
648 3468 741 3523 per
769 3450 1084 3506 seditionem
1115 3446 1418 3501 schismatis
1448 3446 1649 3507 volunt,
1681 3445 1826 3513 prius
1854 3460 1882 3498 a
1923 3445 2020 3500 bo-

442 3547 524 3599 nis
575 3540 939 3612 Spit-itualiter,
984 3552 1142 3608 quam
1193 3551 1222 3588 a
1270 3535 1426 3591 malis
1472 3535 1822 3603 corporaliter
1863 3551 2020 3606 sepa-

440 3646 643 3692 rentur.

509 3724 734 3782 CAPUT
765 3721 1100 3778 XIX—38.
1135 3718 1285 3786 Quod
1316 3733 1443 3788 ergo
1465 3717 1717 3788 scriptum
1747 3727 1830 3774 est
1857 3718 2022 3773 Deum

441 3822 660 3886 dixisse,
691 3818 791 3872 Eos
817 3817 900 3888 qui
945 3831 1023 3868 me
1054 3813 1356 3881 clariﬁcant,
1386 3811 1712 3879 clariﬁcabo;
1750 3819 1796 3864 et
1833 3811 1916 3877 qui
1946 3827 2025 3865 me

440 3914 656 3982 spernit,
686 3918 947 3979 spernatur
974 3905 1022 3978 (l
1047 3903 1174 3975 Reg.
1205 3919 1262 3966 ιι,
1295 3903 1423 3972 5υ);
1456 3901 1557 3970 ipsi
1584 3902 1813 3956 maxime
1838 3900 2024 3956 nolunt

443 4003 656 4058 intueri.
697 3998 974 4068 Quomodo
997 3996 1140 4052 enim
1171 3992 1466 4048 clariﬁcant
1501 3993 1687 4057 Deum,
1719 3993 1808 4061 qui
1842 3991 2024 4046 dicunt

443 4113 537 4166 per
561 4095 745 4149 orbem
774 4101 1031 4146 terrarum
1062 4084 1266 4155 impleri
1297 4097 1400 4137 non
1426 4096 1580 4150 posse
1601 4083 1715 4150 ejus
1741 4083 2020 4150 promissa,

443 4207 560 4261 qua:
591 4185 830 4258 promisit
873 4181 1110 4250 patribus
1137 4174 1353 4238 nostris,
1384 4172 1631 4236 Abrahte,
1661 4173 1825 4235 Isaac,
1852 4181 1906 4227 et
1928 4173 2022 4228 Ja-

446 4281 582 4341 cob;
634 4292 755 4346 quae
804 4288 900 4342 per
945 4268 1238 4337 Prophetas
1283 4273 1428 4320 tanto
1470 4273 1593 4319 ante
1640 4265 2022 4332 praenuntiam,

442 4369 682 4428 exhibuit
724 4381 820 4437 per
858 4362 1084 4418 Unicum
1112 4374 1288 4421 suum,
1321 4357 1410 4427 qui
1454 4356 1622 4410 factus
1646 4365 1728 4410 est
1765 4356 1816 4411 ei
1841 4371 1905 4412 ex
1941 4370 2026 4412 se-

448 4465 590 4516 mine
619 4457 782 4513 David
823 4453 1111 4510 secuudum
1145 4466 1358 4506 carnem
1401 4448 1574 4521 (Rom.
1603 4465 1642 4514 ι,
1665 4449 1722 4515 2,
1763 4448 1840 4520 5),
1873 4457 1928 4503 ιιι
1971 4449 2024 4503 in

447 4554 560 4612 illo,
591 4551 639 4604 id
671 4558 773 4613 est,
807 4547 857 4598 in
887 4543 1090 4598 semine
1119 4541 1346 4598 Ahraha:
1371 4541 1813 4596 benedicerentur
1841 4556 2027 4597 omnes

446 4656 634 4717 gentes
662 4662 676 4698 :
709 4643 799 4713 qui
828 4641 1012 4695 dicunt
1042 4638 1212 4708 ipsum
1243 4636 1334 4689 Dei
1371 4635 1561 4689 Filium
1591 4637 1780 4689 frustra
1806 4634 2024 4700 dixisse,

449 4740 614 4793 Sinite
642 4745 851 4803 utraque
877 4747 1096 4786 crescere
1132 4744 1287 4798 usque
1314 4727 1381 4780 ad
1409 4744 1616 4781 messem
1659 4726 1870 4798 (Matth.
1910 4742 2025 4794 xm,

449 4831 538 4900 50)
569 4847 581 4883 :
615 4827 767 4898 quasi
807 4824 968 4879 falsus
999 4822 1177 4889 fuerit,
1208 4833 1296 4873 aut
1324 4821 1438 4888 ipse
1468 4817 1733 4885 fefellerit,
1765 4833 1886 4873 cum
1917 4819 2028 4873 sola

447 4921 649 4976 zizania
693 4933 788 4987 per
813 4914 1066 4969 mundum
1105 4912 1406 4976 creverint;
1451 4909 1712 4963 frumenta
1744 4926 1869 4962 vero
1895 4924 2030 4977 prae.

448 5025 529 5070 ter
557 5019 762 5083 partem
798 5006 1006 5066 Donati,
1032 5005 1082 5058 in
1115 5012 1224 5058 toto
1256 5011 1515 5056 terrarum
1546 5001 1675 5054 orbe
1699 4999 2030 5054 defecerint?

447 5101 716 5175 quotuodo
746 5100 845 5154 ista
889 5096 1178 5151 sentientes
1204 5091 1503 5163 gloriﬁeant
1529 5091 1712 5154 Deum,
1741 5106 1860 5145 cum
1901 5089 2032 5143 scri-

451 5207 597 5265 ptum
629 5192 718 5258 sit,
747 5189 814 5244 In
843 5185 1110 5243 latitudine
1142 5187 1303 5256 gentis
1333 5183 1496 5252 gloria
1526 5182 1692 5251 regis;
1731 5183 1782 5234 in
1813 5183 2034 5234 diminu-

454 5288 587 5340 tione
612 5292 776 5337 antem
805 5278 983 5352 populi
1007 5276 1240 5330 contritio
1268 5273 1509 5343 principis
1549 5269 1729 5338 (Prov.
1761 5287 1871 5333 ιιιν,
1899 5270 2031 5340 28)ἳ

453 5377 556 5430 Αιιι
597 5370 865 5444 quomodo
909 5384 1012 5423 non
1058 5373 1314 5435 spernunt
1359 5363 1544 5425 Deum,
1575 5361 1662 5430 qui
1707 5359 2030 5429 Baptismum

514 5531 529 5561 ¹
559 5537 605 5578 ιιι
623 5536 727 5579 Mss.
753 5527 831 5576 hic
855 5533 905 5574 et
927 5522 1063 5578 infra,
1089 5518 1264 5577 templa
1293 5517 1376 5567 Dei
1393 5513 1533 5586 vivis.

520 5589 541 5616 ¹
561 5592 694 5648 aliti,
726 5596 970 5648 peccatum
1006 5593 1320 5646 t'aganorum.
1348 5587 1402 5629 At
1438 5579 1645 5626 Vaticani
1678 5581 1802 5635 Mss,
1842 5579 2035 5637 peccata

460 5659 768 5712 t'uganorwn.

2131 363 2246 431 ejus
2277 363 2326 418 in
2355 365 2433 419 eis
2458 381 2680 434 quorum
2709 381 2923 422 causam
2951 381 3058 423 non
3086 368 3386 435 audierunt,
3418 381 3471 426 et
3499 373 3564 428 de
3595 375 3714 443 qni-

2130 451 2227 506 bus
2264 453 2408 508 nullo
2432 454 2590 509 modo
2612 455 2852 524 judicare
2878 466 3184 528 potuerunt,
3216 459 3511 516 incredibili
3542 472 3703 518 teme-

2129 543 2285 598 ritate
2329 544 2617 613 impietatis
2661 546 2963 611 exsofﬁant,
2995 556 3048 601 et
3094 549 3192 603 sibi
3237 549 3434 605 audent
3462 567 3714 622 arrogare

2129 635 2270 705 quod
2312 635 2404 690 Dei
2442 645 2557 702 est;
2586 651 2616 689 a
2659 651 2717 692 se
2744 637 3021 693 damnatos
3063 639 3114 693 in
3159 639 3450 696 honoribus
3496 642 3716 714 integris

2131 740 2227 794 pro
2271 726 2459 781 Donati
2505 742 2635 796 pace
2677 728 2956 798 recipiunt,
2990 738 3044 783 et
3071 744 3102 784 a
3145 745 3202 785 se
3231 731 3496 786 inauditos
3526 745 3714 788 contra

2129 831 2315 886 pacem
2346 817 2551 871 Do’mini
2578 818 2944 884 detestantur;
2989 819 3252 888 Baptisma
3297 821 3348 874 in
3397 822 3498 876 illis
3545 832 3714 877 terra-

2127 926 2243 964 rum
2274 911 2507 980 partibus
2537 927 2630 980 per
2678 911 2965 980 Apostolos
3011 912 3260 966 traditum
3312 913 3537 982 periisse
3585 929 3716 969 con—

2129 1001 2370 1067 tendunt,
2403 1010 2457 1056 ct
2497 1017 2590 1072 per
2627 1001 2952 1057 Felicianum
2984 1002 3121 1072 apud
3161 1003 3577 1059 Maximianistas
3608 1015 3716 1060 tra-

2126 1089 2292 1145 ditum
2334 1106 2441 1146 non
2488 1091 2710 1162 periisse
2745 1092 3114 1148 concedunt‘?
3156 1092 3405 1149 Jamvero
3443 1096 3715 1164 quomodo

2127 1179 2384 1236 Catholici
2438 1196 2542 1235 non
2583 1181 2876 1236 clariﬁcant
2931 1183 3118 1248 Deum,
3151 1183 3237 1252 qui
3290 1184 3546 1252 promissa
3593 1185 3708 1255 ejus

2128 1271 2285 1326 nullis
2330 1272 2604 1327 hominum
2653 1274 2962 1338 sceleribus,
3011 1274 3297 1343 quominus
3340 1274 3704 1344 implerentur,

2128 1361 2369 1432 impediri
2421 1378 2576 1432 posse
2621 1363 2930 1428 conﬁdunt;
2971 1365 3058 1434 qui
3107 1376 3436 1419 Sacramenta
3476 1367 3593 1435 ejus
3641 1371 3709 1423 ita

2125 1451 2301 1506 debita
2341 1454 2685 1508 veneratione
2723 1464 3136 1524 prosequuntur,
3178 1465 3234 1509 ut
3271 1471 3334 1510 ea
3365 1457 3408 1510 si
3440 1458 3600 1512 etiam
3643 1463 3712 1512 ab

2127 1541 2354 1612 indignis
2377 1551 2592 1598 tractata
2625 1544 2856 1608 fuerint;
2906 1545 3010 1599 illis
3055 1561 3150 1599 sua
3191 1549 3538 1616 perversitate
3560 1549 3709 1604 dam:

2126 1633 2298 1699 natis,
2361 1635 2445 1687 illa
2513 1636 2823 1691 intemerata
2885 1637 3167 1692 sanctitate
3233 1652 3547 1706 permanere
3611 1640 3709 1694 de-

2126 1733 2425 1780 monstrent
2444 1727 2467 1779 ?
2517 1723 2523 1730 ’
3151 1723 3188 1735 ”

2197 1814 2421 1872 CAPUT
2450 1815 2643 1871 XX.——
2663 1817 2750 1873 39.
2777 1834 2797 1868 ι
2831 1817 3045 1882 lterum,
3073 1836 3092 1871 ι
3116 1819 3389 1890 inquiunt,
3408 1839 3426 1872 ‹
3451 1822 3709 1892 scriptum

2126 1915 2208 1960 est
2235 1924 2247 1960 :
2281 1905 2453 1960 Nolite
2481 1909 2850 1962 communicare
2875 1901 3108 1978 aperibus
3135 1909 3462 1982 infructuosis
3493 1913 3711 1966 tenebra-

2127 2014 2241 2051 rum
2260 2039 2274 2062 ,
2307 2003 2466 2070 magis
2490 2009 2656 2052 autent
2681 2000 2986 2072 redarguite.
3023 2001 3148 2066 Qua:
3174 2003 3306 2055 enim
3335 2003 3463 2071 ﬁunt
3491 2006 3552 2055 ab
3579 2004 3704 2072 ipsis

2127 2088 2362 2153 latenter,
2397 2099 2542 2160 turpe
2570 2099 2643 2143 est
2671 2098 2717 2143 et
2746 2090 2912 2144 dicere
2948 2108 2967 2142 ι
3001 2089 3216 2160 (Ep/tes.
3245 2107 3300 2157 v,
3327 2093 3384 2146 H
3411 2134 3426 2158 ,
3452 2093 3560 2163 12).
3585 2092 3706 2148 Jam

2127 2180 2238 2250 ipsa
2263 2182 2424 2236 verba
2451 2181 2898 2252 quemadmodum
2927 2181 3268 2252 intelligenda
3304 2183 3411 2237 sint
3437 2184 3697 2250 diximus,

2125 2275 2247 2343 quia
2296 2289 2399 2327 nou
2446 2275 2842 2330 communicare
2887 2284 2970 2330 est
3012 2289 3117 2330 non
3160 2276 3462 2331 consentire
3506 2294 3519 2331 :
3560 2277 3702 2346 quod

2127 2373 2343 2433 propter
2372 2364 2628 2420 Ecclesiae
2653 2364 2991 2434 disciplinam
3033 2380 3218 2436 parum
3259 2374 3371 2432 est,
3404 2366 3504 2420 nisi
3543 2367 3707 2421 etiam

2126 2455 2532 2524 redarguantur,
2558 2464 2615 2510 ut
2634 2455 2832 2526 corrigi
2863 2457 3085 2526 possint.
3118 2455 3225 2511 Sed
3260 2456 3373 2510 haec
3398 2457 3543 2511 salva
3574 2473 3709 2528 pace

2135 2544 2372 2600 facienda
2414 2555 2571 2614 sunt,
2601 2557 2654 2602 et
2683 2556 2934 2618 quantum
2963 2547 3194 2603 admittit
3221 2547 3454 2604 ofﬁcium
3485 2565 3707 2604 conser-

2126 2638 2312 2692 vandae
2337 2639 2574 2705 unitatis,
2602 2619 2673 2694 ne
2701 2639 2860 2693 simul
2888 2640 3189 2694 eradicetur
3214 2648 3267 2695 et
3290 2641 3544 2695 triticum.

2197 2729 2425 2784 CAPUT
2465 2729 2606 2784 XXI.
2629 2761 2701 2770 —
2723 2731 2809 2785 «iO.
2841 2749 2859 2782 ι
2900 2731 3090 2784 lterum
3113 2730 3178 2784 ad
3199 2731 3535 2786 Timotheum
3564 2732 3706 2787 idem

2125 2821 2420 2890 apostolus,
2448 2821 2552 2886 Ne,
2579 2822 2764 2892 inquit,
2787 2823 3232 2877 communicaveris
3262 2825 3478 2892 peccatis
3503 2825 3706 2890 alienis;

2126 2919 2172 2964 te
2199 2912 2366 2979 ipsum
2391 2921 2581 2965 castum
2609 2913 2805 2965 custodi
2839 2930 2858 2963 ι
2895 2911 2945 2984 (1
2983 2912 3113 2965 Tim.
3139 2927 3193 2978 v,
3237 2909 3367 2982 2‘2).
3416 2913 3604 2968 Docuit
3638 2929 3704 2968 ex

2125 3003 2489 3071 consequenti,
2522 3002 2965 3072 quemadmodum
2987 3002 3127 3072 quod
3148 3002 3474 3072 prius-dixit,
3507 3004 3707 3057 intelli-

2125 3090 2354 3160 gendum
2383 3091 2470 3144 sit.
2499 3092 2596 3160 Qui
2624 3092 2765 3146 enim
2804 3107 2861 3146 se
2902 3092 3072 3161 ipsum
3109 3102 3316 3150 castum
3344 3102 3520 3147 servat
3544 3134 3558 3154 .
3600 3109 3706 3147 non

2126 3181 2484 3236 communicat
2513 3182 2745 3250 peccatis
2770 3182 2981 3237 alienis.
3025 3184 3080 3237 Si
3125 3185 3267 3239 enim
3310 3185 3707 3262 comm/micat,

2126 3271 2425 3325 consentit:
2450 3273 2494 3325 si
2516 3273 2802 3336 consentit,
2829 3275 3189 3342 corrumpitur
3212 3291 3224 3326 :
3251 3273 3295 3328 si
3325 3275 3704 3343 corrumpitur,

2127 3371 2329 3415 castum
2375 3375 2433 3415 sc
2479 3377 2584 3415 non
2631 3373 2827 3416 servat.
2861 3362 2964 3417 Sed
3009 3377 3140 3418 sane
3180 3363 3392 3418 tandem
3423 3363 3710 3429 aliquando

2129 3452 2401 3522 evigilavit
2445 3452 2852 3516 Parmeniauus,
2877 3461 2932 3508 ct
2972 3453 3198 3507 attendit
3235 3453 3359 3522 quid
3386 3453 3587 3507 diceret
3614 3453 3709 3506 Ti-

2127 3540 2372 3605 chonius,
2403 3541 2498 3594 sed
2529 3541 2718 3594 frustra
2747 3543 2960 3595 :statim
2993 3542 3188 3610 quippe
3214 3557 3399 3596 amore
3427 3545 3710 3596 sententiae

2128 3646 2237 3686 sua:
2257 3641 2441 3686 contra
2465 3634 2736 3686 veritatem
2759 3633 2942 3686 oculos
2964 3633 3170 3686 clausit.
3191 3633 3278 3686 Ait
3294 3633 3436 3687 enim
3464 3651 3478 3687 :
3509 3655 3526 3684 ‹
3551 3635 3714 3689 Νιιιιι·

2127 3722 2274 3792 quid,
2299 3722 2460 3776 frater
2477 3723 2808 3787 charissima,
2833 3736 2936 3775 nou
2961 3722 3200 3790 polluunt
3222 3722 3355 3775 alios
3379 3723 3551 3777 aliena
3586 3739 3715 3793 pec-

2128 3825 2268 3878 cata,
2303 3821 2356 3869 et
2383 3813 2486 3868 hoc
2515 3822 2597 3868 est
2625 3813 2938 3868 facinorosis
2965 3830 3068 3868 non
3108 3795 3554 3879 communicare:
3584 3815 3714 3872 licet

2127 3919 2249 3959 cum
2296 3905 2422 3976 ipsis
2459 3905 2780 3968 convenias,
2804 3918 2988 3958 eorum
3038 3904 3170 3958 facta
3211 3920 3316 3958 non
3357 3903 3568 3960 facere?
3598 3925 3615 3957 ι
3645 3907 3714 3960 Ει

2130 4004 2307 4050 tamen
2335 4009 2439 4050 non
2471 4004 2637 4049 totum
2667 3995 2818 4048 dixit.
2853 3995 3043 4048 Parum
3071 4003 3154 4049 est
3183 3993 3325 4048 enim
3355 4009 3540 4050 eorum
3573 3995 3711 4050 facta

2130 4101 2236 4142 non
2261 4086 2455 4151 facere,
2482 4088 2583 4142 nisi
2605 4087 2922 4157 displiceant
2947 4105 2960 4140 :
2985 4103 3169 4157 parum
3187 4095 3346 4142 estut
3367 4087 3704 4158 displiceant,

2130 4179 2234 4234 nisi
2279 4179 2686 4248 redarguantur.
2725 4179 2880 4233 Aliud
2911 4180 3053 4234 enim
3081 4188 3163 4233 est
3200 4195 3307 4234 non
3339 4178 3542 4244 facere,
3568 4181 3711 4234 aliud

2131 4286 2239 4326 non
2266 4270 2687 4338 communicare,
2711 4269 2761 4324 id
2789 4278 2891 4335 est,
2916 4285 3018 4324 non
3045 4271 3351 4325 consentire
3373 4271 3713 4340 facientibus,

2131 4363 2272 4418 aliud
2299 4364 2458 4418 etiam
2489 4363 2828 4431 redarguere.
2851 4359 2958 4415 Cur
2977 4376 3104 4431 ergo
3126 4362 3214 4415 ubi
3244 4361 3426 4417 videre
3451 4373 3712 4432 coeperat.

2131 4455 2309 4509 statim
2339 4470 2397 4508 se
2425 4453 2636 4516 avertit,
2666 4461 2719 4507 et
2749 4468 2916 4523 usque
2941 4452 2992 4506 in
3023 4454 3181 4508 finem
3205 4453 3374 4508 noluit
3405 4457 3712 4524 pervenire,

2132 4555 2186 4599 et
2206 4545 2291 4598 vix
2316 4544 2566 4598 trientem
2587 4542 2655 4598 de
2682 4551 2792 4596 toto
2816 4543 3028 4613 posuit?
3054 4545 3134 4598 An
3167 4544 3304 4599 sicut
3329 4544 3395 4600 de
3421 4546 3615 4616 populo
3639 4548 3714 4603 fe-

2132 4641 2342 4700 cerunt,
2367 4642 2421 4688 et
2445 4636 2764 4688 sententiam
2792 4634 3030 4690 veritatis
3055 4635 3451 4705 przecidendam
3479 4639 3717 4706 putavit?

2132 4725 2239 4781 Nos
2268 4725 2513 4790 dicimus,
2543 4725 2684 4794 quod
2711 4725 2798 4795 qui
2829 4742 2931 4780 non
2961 4725 3085 4780 facit
3113 4727 3342 4804 malum,
3373 4743 3472 4784 nec
3501 4728 3716 4785 facienti

2134 4819 2430 4883 consentit,
2461 4825 2516 4871 et
2547 4816 2826 4871 facientem
2874 4816 3045 4886 arguit
3069 4859 3084 4883 ,
3112 4815 3297 4871 ﬁrmus
3322 4827 3481 4889 atque
3510 4820 3722 4890 integer

2137 4909 2275 4962 inter
2318 4907 2527 4975 iniquos
2568 4915 2816 4975 tanquam
2860 4904 3182 4959 frumentum
3211 4906 3349 4961 inter
3377 4909 3556 4977 paleas
3583 4924 3719 4963 con-

2136 5007 2398 5053 versatur.
2440 4996 2532 5049 llle
2568 5005 2744 5049 autem
2775 4994 3142 5049 tantummodo
3170 4997 3273 5061 ait,
3309 5015 3327 5048 ι
3357 5013 3540 5052 eorum
3579 4998 3719 5054 facta

2140 5105 2242 5144 non
2269 5088 2464 5144 facere.
2497 5107 2514 5137 ι
2549 5087 2613 5140 Ει
2645 5087 2853 5141 tertiam
2884 5095 3057 5140 tamen
3081 5086 3147 5141 de
3173 5095 3280 5141 tota
3312 5088 3573 5143 sententia
3604 5105 3720 5158 par-

2141 5182 2351 5236 ticulam
2382 5177 2830 5249 quemadmodum
2860 5175 3069 5232 refellat
3093 5177 3390 5233 videamus.

2212 5275 2298 5328 tit.
2347 5291 2365 5323 ‹
2399 5269 2548 5338 Quod
2585 5278 2767 5324 contra
2810 5269 2980 5340 legem
3019 5284 3137 5323 esse
3167 5269 3436 5331 divinam,
3468 5289 3486 5322 ι
3515 5270 3722 5340 inquit,

2147 5382 2164 5416 ι
2205 5363 2378 5417 nullus
2405 5360 2494 5430 qui
2525 5361 2694 5428 legem
2725 5368 3039 5421 veneratur,
3083 5359 3308 5429 ignorat.
3345 5379 3362 5411 ι
3401 5359 3583 5414 Adhuc
3625 5362 3724 5414 ista

2142 5456 2302 5511 verba
2329 5451 2683 5508 communiter
2707 5450 2808 5505 dici
2852 5457 3089 5519 possunt.
3135 5449 3316 5504 Potest
3340 5449 3482 5506 enim
3512 5459 3565 5505 et
3589 5451 3728 5505 alius

2210 5633 2226 5664 ί
2251 5629 2386 5690 Editi,
2409 5625 2710 5678 contendunt.
2737 5624 2902 5678 melius
2925 5633 3049 5686 Mss,
3074 5625 3358 5676 concedunt.

3643 259 3785 310 8ο.
