4050 6206
322 435 383 489 8,
1637 394 1835 451 unua
1871 393 2195 449 manus.
3525 406 3595 464 δε

324 520 496 574 dicere
515 553 533 577 ,
562 509 715 580 Quod
744 507 1038 567 secundum
1069 507 1239 580 legem
1264 521 1384 564 esse
1407 506 1642 563 divinam
1665 547 1682 573 ,
1729 505 1906 564 nullus

318 600 411 673 qui
436 603 606 677 legem
632 610 938 667 veneratur,
968 601 1194 672 ignorat.
1242 599 1349 657 Sed
1377 615 1512 670 opus
1547 607 1630 654 est
1654 597 1902 668 probare,

318 712 427 753 non
451 695 648 753 dicere.
678 693 1032 750 Attendamus
1059 706 1189 761 ergo
1215 690 1666 762 quemadmodum
1694 690 1903 760 probet.

325 809 344 842 ι
377 786 513 856 Quid
539 786 684 842 enim
714 785 966 856 prodest,
995 802 1015 866 ρ
1046 783 1251 855 inquit,
1286 802 1306 836 ι
1342 783 1699 838 innocentiam
1726 791 1905 836 custoo

318 880 497 938 disse.
532 878 579 933 si
605 893 727 934 cum
756 878 867 933 reis
890 877 1090 933 mixtus
1114 887 1197 932 est
1225 883 1281 931 et
1308 874 1596 929 obnoxiis?
1628 894 1648 927 ι
1684 872 1827 929 Sane
1863 874 1907 927 si

320 974 389 1028 ita
416 980 518 1035 est,
549 970 908 1026 innocentiam
938 969 1234 1025 custodisse
1263 983 1368 1023 non
1395 967 1673 1038 prodest‘,
1703 966 1795 1023 sed
1823 968 1905 1020 itt-

320 1063 566 1119 nocentia
603 1061 866 1118 custodita
905 1077 1014 1116 non
1050 1069 1154 1117 est.
1197 1061 1392 1116 Mixtus
1416 1060 1557 1115 enim
1593 1059 1698 1115 reis
1724 1068 1779 1114 et
1807 1059 1906 1114 ob-

321 1155 517 1220 noxiis,
543 1153 643 1208 nisi
667 1169 761 1224 per
779 1151 1120 1207 conscientia:
1135 1150 1452 1206 maculatam
1473 1149 1904 1215 consensionem,

320 1246 499 1301 nullus
534 1254 683 1300 recte
722 1243 824 1299 dici
857 1250 1054 1313 potest.
1100 1240 1198 1309 Qui
1231 1255 1358 1296 vero
1387 1240 1573 1310 implet
1603 1239 1744 1311 quod
1771 1239 1907 1294 scri-

216 1328 221 1332 ’
320 1344 470 1405 ptum
501 1342 617 1401 est,
651 1332 801 1388 Justo
826 1333 955 1388 nihil
981 1331 1145 1404 placet
1172 1333 1399 1402 iniquum
1448 1329 1626 1399 (Prov.
1664 1345 1739 1383 xtt
1759 1370 1772 1392 ,
1800 1328 1864 1383 2i
1893 1371 1907 1392 ,

316 1443 421 1482 sec.
438 1424 629 1495 LXX);
650 1424 871 1480 ubilibet
885 1439 1008 1478 euut
1033 1422 1231 1478 versari
1253 1421 1501 1491 quat-libet
1520 1419 1810 1475 necessitas
1827 1432 1911 1474 co-

318 1524 429 1588 gat,
449 1515 662 1572 misceri
684 1514 1050 1586 iniquitatibus
1071 1530 1178 1568 non
1201 1521 1394 1582 potest.
1420 1532 1438 1565 ι
1466 1512 1563 1567 Vel
1580 1511 1868 1581 quomodo,
1887 1530 1904 1562 ι

320 1608 557 1677 inquit,¢
590 1606 927 1673 incorruptus
966 1604 1167 1675 poteris
1197 1618 1511 1674 permanere
1534 1642 1550 1667 ,
1575 1601 1619 1655 si
1646 1600 1913 1670 corruptis

320 1695 582 1751 sociaris?
602 1714 620 1746 ι
642 1694 716 1749 Ita
743 1694 916 1765 plane,
934 1693 980 1747 si
1003 1690 1257 1758 sociatur,
1278 1691 1331 1747 id
1360 1700 1464 1757 est,
1493 1691 1538 1745 si
1565 1690 1690 1745 mali
1714 1688 1913 1759 aliquid

321 1804 445 1843 cum
475 1787 556 1842 eis
580 1784 900 1852 committit,
930 1792 1023 1839 aut
1044 1782 1500 1839 committentibus
1529 1780 1671 1837 favet
1698 1798 1711 1833 :
1741 1780 1786 1835 si
1814 1793 1912 1834 au-

324 1888 432 1932 tem
464 1885 711 1932 neutrnm
742 1875 887 1942 facit,
918 1873 1228 1930 nullomodo
1257 1873 1512 1928 sociatur.
1546 1872 1712 1926 Porro
1739 1871 1784 1926 si
1814 1870 1911 1924 ad-

322 1970 415 2024 dat
440 1970 692 2035 tertittm,
737 1979 794 2023 ut
819 1983 925 2022 non
951 1968 1021 2022 sit
1044 1967 1098 2022 itt
1127 1962 1445 2027 vindicando
1485 1962 1650 2034 piger,
1694 1961 1788 2019 sed
1832 1961 1915 2017 vel

322 2058 580 2128 corripiat
604 2058 780 2128 justus
805 2057 857 2112 in
885 2055 1251 2111 misericordia
1271 2044 1333 2109 et
1360 2060 1582 2125 arguat,
1614 2053 1699 2107 vel
1725 2052 1910 2117 etiam,

325 2151 371 2204 si
406 2164 527 2204 eam
571 2163 852 2219 personam
882 2147 1053 2216 gerit,
1083 2155 1137 2201 et
1182 2145 1317 2199 ratio
1345 2142 1725 2199 conservandae
1773 2140 1917 2213 pacis

325 2242 578 2305 admittit,
614 2256 798 2296 coram
826 2240 1077 2295 omnibus
1104 2246 1389 2311 peccantes
1416 2247 1624 2309 arguat,
1652 2246 1710 2292 ut
1736 2236 1915 2293 cretcri

329 2336 580 2399 timeant;
603 2342 879 2389 removeat
897 2332 1058 2388 etiam
1082 2332 1164 2387 vel
1192 2331 1261 2385 ab
1285 2331 1462 2400 aliquo
1486 2329 1651 2401 gradu
1676 2328 1913 2396 honoris,

330 2428 412 2483 vel
454 2426 524 2482 ab
574 2426 686 2496 ipsa
729 2425 1109 2480 communione
1151 2422 1660 2484 Sacramentorum,
1705 2430 1760 2476 et
1800 2419 1919 2475 haec

327 2518 507 2571 omnia
538 2532 661 2571 cunt
691 2514 980 2570 dilectione
1007 2512 1329 2583 corrigendi,
1360 2527 1465 2568 non
1486 2526 1609 2567 cum
1636 2510 1761 2566 odio
1792 2502 1917 2581 per-

325 2606 583 2678 sequendi
603 2607 684 2676 (a)
705 2622 720 2669 ;
737 2604 1099 2675 plenissimum
1112 2601 1367 2667 officium,
1386 2616 1487 2656 non
1505 2601 1675 2656 solum
1688 2599 1923 2655 castissi-

330 2714 432 2753 ma:
458 2695 804 2761 innocentiae,
827 2693 921 2749 sed
947 2694 1105 2749 etiam
1136 2691 1554 2763 diligentissima:
1578 2690 1878 2746 severitatis
1898 2691 1919 2721 '

332 2787 595 2857 implevit.
644 2785 745 2843 Ubi
783 2795 961 2840 autem
1001 2792 1193 2840 caetera
1237 2781 1633 2852 impediuntur,
1686 2780 1772 2834 illa
1816 2779 1922 2835 duo

331 2893 548 2948 semper
591 2886 796 2931 retenta
824 2875 1188 2944 incorruptum
1218 2881 1532 2942 castumque
1571 2869 1918 2935 custodiunt,

330 2980 389 3024 ut
417 2984 516 3038 nec
544 2967 704 3023 faciat
734 2966 954 3029 malum,
983 2980 1083 3021 nec
1111 2964 1372 3035 approbet
1397 2962 1618 3018 factum.

402 3057 629 3114 CAPUT
669 3057 926 3112 XXIl.-
960 3056 1049 3111 42.
1074 3054 1181 3110 Sed
1230 3063 1405 3109 tamen
1457 3053 1734 3109 videamus
1778 3050 1923 3108 unde

332 3150 433 3203 iste
459 3148 654 3203 doceat
677 3146 821 3216 quod
845 3146 1078 3201 afiirmat
1106 3164 1121 3201 :
1155 3163 1174 3197 ι
1201 3142 1338 3200 Cum
1367 3143 1623 3213 scriptum
1653 3142 1753 3210 sit,
1788 3159 1807 3193 ι
1838 3141 1921 3195 ἰη-

332 3241 482 3309 quit,
510 3256 531 3289 ι
565 3236 825 3292 Modicum
851 3236 1153 3305 fermentum
1179 3242 1335 3288 totout
1356 3249 1572 3287 massam
1597 3217 1875 3303 corrumpit
1899 3250 1918 3284 ι

337 3329 392 3400 (1
422 3328 544 3384 Cor.
572 3343 623 3393 v,
660 3326 741 3399 6).
776 3326 917 3381 Dixit
961 3326 1063 3381 hoc
1105 3324 1521 3388 Parmeuianus,
1559 3332 1719 3392 atque
1758 3323 1923 3378 abiit:

336 3434 436 3475 nec
464 3420 512 3475 ei
542 3433 687 3474 nunc
712 3416 920 3473 ostendi
949 3425 1145 3487 potest,
1176 3415 1228 3470 in
1266 3426 1414 3485 parte
1445 3414 1666 3478 Donati,
1690 3428 1797 3468 non
1839 3428 1926 3468 so-

337 3509 447 3565 lum
493 3509 764 3564 modicum
811 3507 1057 3563 fermenti
1077 3548 1091 3573 ,
1122 3505 1217 3561 sed
1250 3505 1474 3559 multum
1504 3505 1693 3561 veneni
1723 3520 1788 3559 ex
1819 3503 1925 3560 illis

336 3603 453 3657 ovis
480 3599 724 3671 aspidum
751 3599 953 3670 ruptis,
991 3607 1047 3653 et
1090 3596 1390 3669 prtevalidis
1428 3596 1539 3666 jam
1587 3596 1927 3667 serpentibus

338 3709 435 3765 pro
464 3693 735 3749 Primiano
754 3691 1020 3747 damnatis
1040 3732 1054 3752 ,
1077 3699 1131 3745 et
1158 3690 1223 3744 ad
1249 3689 1578 3745 Primiauum
1611 3690 1804 3744 iterum
1832 3704 1895 3745 re
1917 3721 1924 3728 -

338 3784 540 3839 vocatis
558 3782 600 3836 ⁸.
626 3782 734 3840 Sed
758 3782 986 3838 correcti
1008 3791 1150 3839 sunt.
1172 3782 1360 3852 inquit.
1388 3782 1495 3835 Deo
1517 3782 1735 3851 gratias.
1757 3781 1813 3836 Si
1838 3797 1929 3837 ve-

341 3891 459 3929 rum
490 3883 605 3939 est,
634 3891 741 3929 non
771 3873 1002 3938 invideo,
1033 3882 1195 3942 atque
1227 3872 1425 3926 utinam
1459 3871 1510 3926 id
1549 3871 1786 3941 perfecte
1816 3871 1923 3924 fiat.

339 3962 394 4020 Si
425 3964 569 4020 enim
610 3979 643 4019 a
683 3963 1090 4019 Maximianisﬁs
1122 3962 1299 4018 redire
1339 3961 1405 4017 ad
1457 3971 1659 4032 partem
1702 3961 1925 4027 Donati,

406 4121 421 4152 ³
449 4125 608 4178 Forte,
632 4129 726 4167 non
740 4121 1056 4167 timuitth
1076 4115 1338 4166 custodisse
1353 4127 1445 4178 non
1469 4115 1677 4178 prodest.

375 4184 427 4251 _'
452 4175 620 4230 Plures
654 4186 783 4240 uss,
820 4179 1048 4230 severitas
1076 4177 1321 4241 :supple,
1346 4175 1629 4227 immanius
1663 4175 1931 4240 diligentis-

342 4254 551 4371 ηέἵαλιιι.
574 4307 650 4350 Er.
684 4307 737 4351 et
757 4301 939 4364 aliquot
959 4306 1085 4361 Mss,
1110 4305 1155 4350 et
1178 4299 1244 4350 ad
1269 4296 1566 4349 Prinu'mumt
1587 4297 1779 4349 tertium
1802 4312 1931 4350 revo-

343 4370 476 4413 catis.

405 4424 480 4487 (η)
513 4421 711 4486 supple,
726 4421 893 4485 faciat.

518 4528 3186 4556 mw

2013 508 2301 565 nonnullus
2343 512 2691 569 correctionis
2738 522 2819 569 est
2867 514 3065 584 gradus
3090 516 3145 582 ις
3172 525 3373 588 quanto
3411 520 3591 576 verior

2012 595 2406 670 perfectiorque
2440 604 2702 673 correctio
2726 613 2828 671 est,
2856 604 2924 659 ab
2954 605 3064 674 ipsa
3106 616 3255 675 parte
3296 606 3488 665 Donati
3523 610 3588 664 ad

2014 687 2272 744 unitatem
2301 690 2615 747 catholicam
2642 694 2914 749 remeare?
2940 695 3007 749 Et
3044 694 3333 752 Tichonius
3366 697 3584 767 quid-tn

2016 777 2179 831 multa
2199 778 2353 847 dixit,
2380 796 2500 852 quae
2523 783 2628 837 illis
2655 783 3005 852 temporibus,
3023 795 3076 839 et
3095 787 3233 843 sicut
3259 787 3479 843 interior
3501 803 3593 843 no-

2016 879 2184 934 verat,
2214 885 2370 942 quam
2400 887 2505 928 non
2537 875 2768 942 modico,
2791 875 2883 931 sed
2912 876 3078 931 multo
3102 875 3400 945 fermento,
3430 888 3594 933 totam

1954 1020 1961 1025 .
2014 977 2167 1017 suam
2195 979 2424 1021 massam
2447 966 2650 1022 nollent
2675 967 2827 1023 fateri
2852 978 3177 1039 corruptam,
3204 971 3293 1041 qui
3323 979 3493 1026 totum
3518 988 3597 1026 or-

2016 1052 2136 1109 bein
2185 1063 2445 1113 terrarum
2489 1059 2720 1128 peccatis
2762 1060 3010 1115 Afrorum
3055 1060 3428 1117 fermentatum
3477 1077 3598 1118 esse

2017 1144 2448 1204 criminarentur.
2481 1148 2587 1206 Sed
2611 1164 2710 1221 ego
2737 1151 2868 1206 istos
2897 1151 3088 1217 miror,
3115 1153 3160 1207 si
3181 1153 3356 1209 adhuc
3375 1153 3454 1209 eis
3480 1154 3593 1225 pla-

2017 1247 2104 1293 cet
2128 1238 2242 1294 haze
2261 1240 2550 1309 apostolica
2571 1242 2733 1297 verba
2751 1244 2774 1274 ¹
2795 1241 2873 1297 sic
2896 1242 3215 1313 intelligere,
3239 1243 3310 1299 ita
3331 1259 3423 1300 eos
3443 1244 3598 1315 Opta-

2019 1336 2130 1382 tum
2161 1329 2538 1389 Gildouiantun
2562 1332 2702 1388 velle
2734 1330 3060 1398 defendere,
3091 1343 3150 1389 ut
3187 1349 3289 1390 nec
3328 1335 3595 1390 modicum

2018 1418 2265 1477 fermenti
2286 1438 2407 1478 eum
2430 1422 2593 1478 fuisse
2610 1423 2909 1481 concedant
2928 1423 2969 1479 ⁸.
2993 1424 3146 1491 Quod
3170 1424 3216 1480 si
3239 1424 3322 1481 vel
3348 1424 3450 1480 hoc
3470 1440 3600 1481 eon-

2019 1511 2234 1577 cedunt,
2262 1528 2421 1583 quam
2449 1528 2693 1583 magnam
2725 1522 2910 1583 putant
2933 1528 3054 1570 esse
3083 1529 3314 1570 massam
3344 1529 3518 1581 suam,
3544 1526 3603 1570 nt

2021 1616 2128 1657 non
2167 1604 2399 1672 potuerit
2438 1611 2545 1659 tota
2565 1604 2981 1673 corrumpi?aut
3017 1605 3062 1660 si
3104 1604 3156 1660 in
3197 1604 3285 1661 eis
3316 1605 3448 1661 solis
3490 1614 3596 1661 tota

2020 1702 2268 1762 corrupta
2293 1690 2410 1759 est,
2442 1694 2634 1763 quibus
2674 1694 2847 1764 placet
2871 1693 3124 1765 Optatus;
3158 1695 3362 1765 experti
3390 1695 3601 1751 discant

2022 1781 2318 1852 intelligere
2343 1782 2483 1853 quod
2506 1783 2708 1854 legunt,
2736 1784 2856 1853 quia
2883 1785 3022 1839 inest
3047 1792 3156 1839 tota
3182 1798 3355 1840 massa
3376 1785 3441 1841 ad
3463 1801 3607 1856 quos

2023 1874 2249 1941 pertinet
2272 1873 2414 1944 quod
2433 1874 2626 1930 dicitur
2648 1883 2834 1940 totum,
2854 1875 2967 1930 sive
2993 1876 3213 1944 bonum,
3234 1876 3349 1932 sive
3368 1879 3596 1932 malum:

2022 1962 2088 2019 ad
2111 1979 2206 2021 eos
2233 1965 2465 2034 pertinet
2486 1966 2575 2036 qui
2602 1966 2969 2034 consentiunt;
2990 1967 3056 2022 ad
3076 1983 3171 2022 eos
3189 1978 3366 2024 autem
3386 1970 3475 2039 qui
3498 1985 3601 2024 non

2022 2057 2385 2124 consentiunt,
2413 2058 2633 2112 omnino
2659 2073 2763 2113 non
2798 2059 3032 2129 pertinet
3062 2077 3076 2114 :
3103 2070 3156 2115 et
3181 2058 3304 2115 ideo
3324 2059 3603 2130 disciplina

2023 2147 2379 2204 ecclesiastica
2401 2146 2423 2179 ⁸
2450 2148 2823 2218 corrigendum
2851 2157 2954 2215 cst,
2977 2165 3045 2204 ne
3070 2150 3138 2205 ad
3168 2150 3361 2205 multos
3388 2165 3605 2221 persua-

2023 2238 2200 2293 dendo
2226 2238 2527 2308 perveniat;
2558 2239 2699 2310 quod
2726 2240 2813 2294 ubi
2841 2239 2953 2294 fieri
2985 2241 3245 2310 permittit
3270 2241 3408 2295 ratio
3431 2243 3601 2311 pacis,

2021 2337 2077 2384 et
2105 2344 2212 2385 non
2241 2328 2317 2396 fit,
2348 2329 2461 2399 ipsa
2489 2329 2810 2401 negligentia
2837 2329 3047 2400 cuipam
3076 2330 3267 2394 trahit,
3293 2340 3347 2386 et
3376 2331 3427 2385 in
3458 2331 3603 2401 peri-

2022 2420 2145 2476 culo
2170 2420 2535 2475 consentiendi
2562 2427 2647 2475 est
2672 2434 2766 2490 per
2797 2419 3054 2475 desidiam
3079 2420 3401 2490 corrigendi.

2093 2511 2319 2567 CAPUT
2356 2510 2545 2565 XXIII.
2570 2539 2641 2550 —
2661 2511 2748 2566 l5.
2774 2510 2853 2566 Ex
2873 2526 2977 2581 qua
3006 2511 3186 2582 regula
3216 2520 3272 2566 et
3302 2511 3433 2567 illud
3456 2513 3606 2569 intel-

2025 2599 2294 2671 ligendum
2338 2600 2495 2666 est',
2520 2598 2661 2669 quod
2706 2609 3098 2669 consequenter
3137 2601 3379 2670 opponit,
3424 2602 3607 2658 dicens

2026 2704 2147 2745 esse
2172 2691 2427 2760 scriptum
2453 2708 2466 2743 :
2497 2688 2580 2743 Sit
2604 2690 2741 2744 vobis
2767 2690 3045 2760 legitimum
3069 2700 3313 2753 aeternum
3343 2692 3396 2745 in
3424 2708 3607 2763 proge-

2028 2781 2134 2836 nies
2158 2780 2612 2860 vestras..diuidere
2638 2780 2690 2833 in
2720 2780 2885 2833 medio
2914 2790 3203 2834 sanctorum
3228 2790 3275 2834 et
3301 2780 3608 2851 irreligioso-

2026 2890 2159 2939 rum,
2192 2883 2239 2928 et
2266 2874 2321 2927 in
2345 2873 2508 2926 medio
2534 2871 2842 2926 mundorum
2864 2882 2912 2927 et
2938 2874 3309 2927 immundorum
3339 2873 3522 2945 (Leuit.
3549 2890 3606 2941 ι,

2027 2963 2084 3032 9,
2108 2963 2220 3034 l0).
2243 2963 2414 3018 Tanto
2454 2964 2597 3018 enim
2636 2963 2863 3034 quisque
2891 2963 3083 3019 melius
3105 2963 3206 3021 hoc
3234 2963 3388 3031 facit,
3412 2973 3611 3034 quanto

2030 3057 2197 3126 magis
2224 3055 2276 3109 in
2306 3054 2544 3109 Ecclesia
2573 3055 2804 3125 proficit.
2837 3053 2966 3112 Cum
2993 3056 3134 3110 enim
3164 3057 3394 3111 crevisset
3421 3057 3572 3113 herba
3590 3096 3609 3124 ,

2028 3155 2076 3200 et
2100 3145 2321 3215 fructum
2345 3148 2563 3216 recuset,
2589 3154 2707 3198 tunc
2727 3152 3075 3214 apparuerunt
3100 3144 3316 3199 zizania.
3339 3145 3410 3200 Et
3427 3159 3613 3215 quam-

2032 3237 2111 3291 vis
2136 3240 2274 3292 inter
2296 3246 2580 3306 utrumque
2598 3235 2709 3304 jam
2731 3234 2873 3290 servi
2894 3232 3288 3305 patrisfamilias
3308 3235 3613 3306 cognitione

2031 3329 2330 3385 dividerent
2354 3338 2512 3398 atque
2536 3326 2950 3397 distinguerent;
2977 3325 3230 3395 jubetttur
3252 3335 3425 3380 tamen
3453 3340 3513 3381 ea
3536 3327 3614 3385 si-

2033 3433 2161 3475 nere
2202 3431 2482 3484 crescere,
2519 3424 2575 3470 et
2602 3415 2701 3470 hoc
2729 3431 2886 3486 usque
2912 3415 2980 3468 ad
3006 3430 3211 3469 messem
3240 3414 3451 3482 (Manli.
3481 3431 3576 3471 χιιι
3595 3456 3613 3482 ,

2032 3508 2250 3580 26-50),
2282 3506 2389 3563 Sed
2412 3507 2527 3562 haec
2556 3506 2812 3561 hactenus
2835 3523 2850 3560 :
2872 3520 2933 3561 ea
2961 3506 3102 3560 enim
3129 3521 3247 3574 qua:
3270 3514 3493 3568 restant,
3521 3507 3615 3562 aii-

2032 3609 2230 3672 quanto
2253 3598 2557 3669 diligentius
2581 3597 2650 3653 ab
2675 3597 2779 3653 alio
2799 3595 3020 3652 exordio
3042 3595 3429 3651 censidcranda
3450 3605 3614 3667 atque

2036 3692 2305 3749 tractanda
2338 3699 2482 3745 sunt.

2099 3871 2115 3902 ί
2139 3868 2276 3925 Editi,
2332 3870 2403 3915 est
2450 3864 2637 3914 modus.
2669 3863 2820 3912 Nostri
2860 3867 3022 3925 autem
3071 3860 3291 3925 Gallicani
3334 3869 3439 3925 Mss,
3473 3862 3617 3910 simul

2032 3943 2144 3982 cum
2165 3920 2400 3977 Vaticanis
2422 3925 2631 3981 habent,
2655 3929 2723 3973 est
2760 3921 2959 3984 gradus.
2984 3929 3111 3969 Itane
3145 3920 3405 3984 lectionem
3429 3921 3475 3968 in
3500 3935 3619 3970 utar-

2032 3980 2152 4055 gine
2190 3987 2575 4055 Amerhaebiiuae
2608 3980 2842 4055 pinnatas
2875 3988 3168 4055 adnotatum,
3211 3980 3489 4055 eligendam
3529 3983 3620 4055 dn-

2034 4043 2179 4105 c'ebat
2216 4050 2449 4099 Henricus
2487 4047 2700 4104 Gravius,
2741 4045 2780 4094 si
2828 4043 2969 4093 modo
3008 4050 3228 4092 exstaret
3266 4044 3313 4094 itt
3356 4046 3617 4094 manuscri-

2055 4116 2147 4165 .tis.
3173 4127 3182 4135 -

2035 4129 2270 4231 “fite,
2286 4170 2392 4222 lucc
2409 4168 2628 4234 Epistula
2650 4166 2807 4234 verba,

2102 4224 2336 4286 sgicalss.
2361 4224 2572 4293 Αιὲαίιίν
2597 4224 2897 4293 ερηιεῖηέίτυτί·
2991 4286 3002 4293 -
3061 4284 3074 4293 -
3153 4285 3175 4293 -ν

2100 4300 2121 4331 ’δ
2144 4284 2282 4354 aditi,
2305 4296 2350 4343 et
2373 4293 2482 4343 ideo
2514 4284 2570 4342 in
2601 4286 2856 4353 disciplina
2900 4284 3239 4338 ecclt'siustiw.
3261 4287 3437 4347 Abt-st,
3477 4287 3553 4345 in,
3595 4300 3623 4340 ει

2037 4358 2388 4417 tnauuscriptis.

2101 4424 2121 4454 ⁸
2144 4412 2290 4480 Fd'tti,
2304 4414 2586 4468 t'tttnendum
2606 4418 2676 4464 est
2702 4425 2720 4462 :
2744 4412 2997 4462 mendose.

3199 4532 3595 4550 Ἦ

1376 4618 1854 4727 ιΙΒΕη
1941 4612 2681 4724 TERTIUS.

1144 4799 1343 4865 Reliqua
1363 4805 1627 4850 tractantur
1648 4799 1753 4852 loca
1772 4803 2026 4865 Scriptura:
2048 4814 2160 4864 quae
2176 4798 2514 4850 Parmenianus
2533 4795 2822 4860 objectabat.

1741 4955 2226 4985 MM

416 5071 644 5129 CAPUT
685 5070 1061 5128 PRIMUM.-—
1101 5071 1153 5125 i.
1179 5069 1313 5126 Cum
1357 5070 1533 5125 omnis
1576 5069 1658 5138 pia
1701 5070 1841 5124 ratio
1880 5078 1937 5126 et

350 5164 538 5220 modus
561 5163 944 5219 ecclesiasticae
977 5162 1271 5232 disciplina:
1318 5161 1575 5216 unitatem
1620 5161 1839 5230 spiritus
1879 5162 1932 5218 iu

350 5254 562 5308 vinculo
592 5254 740 5324 pacis
761 5253 989 5308 maxime
1012 5251 1205 5308 debeat
1228 5251 1444 5312 intueri.
1466 5251 1607 5321 quod
1652 5252 1937 5321 Apostolus

352 5343 655 5398 snﬂ‘erendo
682 5343 913 5398 invicem
940 5343 1178 5413 praecipit
1204 5342 1476 5398 custodire
1506 5341 1723 5414 (Ephes.
1760 5358 1833 5409 tv,
1863 5343 1899 5397 ὅ
1918 5384 1933 5409 ,

350 5431 428 5499 2),
454 5441 511 5488 et
534 5447 647 5502 quo
673 5448 780 5487 non
803 5432 1068 5488 custodito
1088 5432 1351 5488 medicina
1371 5432 1618 5488 vindictae
1647 5433 1664 5466 ¹
1689 5449 1794 5488 non
1819 5441 1938 5488 tau-

352 5532 462 5575 tnm
483 5522 777 5590 superflua,
798 5522 892 5579 sed
913 5522 1074 5579 etiam
1098 5522 1418 5593 perniciosa,
1446 5531 1502 5578 et
1527 5533 1807 5592 propterea
1828 5525 1936 5593 jam

352 5626 452 5667 nec
479 5614 745 5667 medicina
773 5627 895 5669 esse
918 5612 1288 5669 convincitur:
1314 5613 1387 5668 illi
1413 5613 1506 5668 filii
1533 5615 1674 5675 mali,
1707 5615 1795 5684 qui
1829 5629 1934 5670 non

353 5703 479 5757 odio
499 5701 834 5772 iniquttatuta
858 5707 1176 5771 a.ienarum,
1208 5703 1303 5760 sed
1331 5704 1511 5761 studio
1536 5707 1935 5763 contentionum

402 5837 419 5866 ι
453 5835 528 5885 sic
548 5841 657 5885 Mss.
684 5842 737 5886 ιιι
761 5837 895 5900 etne,
911 5835 1164 5889 medicina:
1188 5835 1413 5888 vindicta.

2041 5084 2257 5125 suarum
2280 5069 2517 5125 infirmas
2539 5068 2723 5139 plebes
2742 5067 2996 5138 iactantia
3018 5068 3100 5123 sui
3122 5068 3351 5124 nominis
3373 5069 3623 5133 irretitus,

2042 5160 2125 5216 vel
2158 5169 2295 5215 totas
2323 5159 2535 5216 trahere
2554 5202 2571 5227 ,
2598 5159 2681 5214 vel
2710 5166 2860 5214 certe
2879 5157 3117 5216 dividere
3136 5157 3409 5224 ail‘ectant,
3433 5172 3621 5229 super-

2043 5253 2126 5307 bia
2157 5251 2363 5317 ttttnidi,
2384 5250 2678 5320 pervicacia
2707 5249 2916 5316 vesani,
2935 5248 3218 5305 calumniis
3246 5247 3507 5312 insidiosi,
3531 5262 3620 5302 se-

2043 5344 2334 5400 ditionibus
2358 5341 2677 5407 turbulenti;
2700 5356 2769 5396 ne
2821 5340 2936 5396 luce
2974 5339 3215 5395 veritatis
3239 5353 3422 5394 carere
3447 5348 3626 5394 osten-

2043 5435 2258 5501 dantur,
2290 5434 2535 5489 umbram
2561 5432 2743 5502 rigida:
2768 5432 3073 5489 severitatis
3092 5428 3411 5494 obtendunt,
3433 5437 3487 5483 et
3505 5446 3626 5499 qute

2046 5528 2103 5582 in
2143 5525 2435 5596 Scripturis
2474 5524 2675 5580 sanctis
2714 5524 2858 5579 salva
2899 5522 3203 5578 dilectionis
3231 5519 3537 5576 sinceritate
3576 5528 3628 5575 et

2045 5616 2307 5672 custodita
2340 5615 2483 5685 pacis
2513 5616 2713 5669 unitate
2735 5658 2748 5678 ,
2786 5613 2852 5668 ad
2891 5612 3206 5683 corrigenda
3237 5609 3465 5668 fraterna
3499 5612 3623 5666 vitia

2048 5704 2368 5761 mordaciori
2392 5706 2407 5736 ι
2442 5704 2720 5760 curatione
2750 5703 2862 5759 ﬁeri
2891 5710 3153 5774 prmeepta
3180 5710 3336 5769 sunt,
3364 5702 3431 5756 ad
3458 5703 3626 5756 sacri-

2109 5839 2127 5870 ¹
2153 5836 2287 5899 aliti,
2322 5836 2646 5887 moderatim".
2684 5836 2847 5899 Aptius
3049 5831 3358 5886 mordaciort'.
3408 5832 3632 5894 Loquitur
