4050 6206
421 445 490 500 83
1195 432 1466 490 CONTRA
1507 427 1882 487 EPISTULAM
1912 425 2364 494 PARMENIANI,
2406 427 2464 483 S.
2507 427 2869 486 AUGUSTINI
3606 433 3671 490 δᾶ

419 557 609 624 legium
638 549 939 610 scbismatis
959 556 1012 604 et
1034 546 1099 602 ad
1124 545 1457 602 occasionem
1483 542 1810 613 praecisionis
1837 555 1994 596 usur-

420 656 542 716 pant
564 687 578 710 ,
608 643 846 699 dicentes
870 658 882 693 :
910 658 928 690 ι
960 639 1098 694 Ecce
1127 639 1200 692 ait
1227 637 1514 706 Apostolus
1534 676 1549 700 ,
1572 636 1777 704 Auferte
1803 635 1996 685 nmium

417 755 482 794 ea:
506 737 640 790 vobis
666 735 808 804 ipsis.
838 731 990 797 Quod
1039 731 1234 784 malum
1284 730 1464 799 utique
1507 727 1553 782 si
1596 726 1833 795 integris,
1865 743 1882 776 ι
1912 726 1994 778 in-

418 829 625 899 quiunt,
663 845 680 878 ι
715 841 819 879 non
851 823 1088 889 obesset,
1115 822 1510 890 necjuberetur
1535 818 1755 873 auferri.
1795 836 1813 869 ι

486 919 540 972 '2.
578 917 795 973 luterim
820 916 1093 970 videamus
1119 929 1186 968 ne
1207 915 1342 968 forte
1367 926 1473 966 nou
1496 911 1688 966 frustra
1715 925 1819 963 non
1849 907 1998 962 dixe-

417 1011 489 1065 rit
515 1008 822 1078 Apostolus,
853 1005 1073 1060 Auferte
1098 1004 1268 1059 malos
1293 1019 1320 1056 a
1348 1003 1760 1072 congregatione
1788 1009 1993 1062 vestra;

419 1104 512 1159 sed
534 1147 548 1172 ,
576 1104 785 1175 Auferte
810 1104 1000 1154 malum
1026 1115 1089 1153 ex
1112 1098 1248 1152 vobis
1278 1097 1400 1168 ipsis
1428 1111 1447 1149 :
1476 1095 1598 1164 quia
1627 1108 1748 1148 cum
1774 1092 1998 1160 quisque

421 1195 706 1264 impeditur
729 1193 795 1248 ab
822 1192 1072 1248 Ecclesia:
1098 1188 1508 1259 congregatione
1550 1184 1719 1239 malos
1755 1183 1999 1236 homines

419 1299 687 1354 separare,
719 1285 762 1338 si
791 1299 852 1339 ex
881 1299 939 1338 se
965 1283 1080 1352 ipso
1103 1280 1310 1335 auferat
1339 1279 1563 1343 malum,
1595 1290 1699 1329 non
1729 1275 1805 1328 eis
1837 1272 2000 1328 corde

422 1376 676 1430 miscetur
700 1373 772 1446 (a)
790 1391 803 1439 ;
823 1382 979 1442 atque
1004 1373 1072 1426 ita
1093 1368 1440 1440 spiritualitcr
1462 1382 1565 1422 non
1586 1365 1758 1421 solum
1779 1363 2000 1432 conjun-

422 1465 562 1534 gitur
590 1463 765 1530 bouis,
790 1462 884 1517 sed
913 1462 1070 1516 etiam
1102 1469 1378 1529 separatur
1401 1473 1430 1510 a
1457 1455 1630 1510 malis.
1660 1454 1750 1509 Sic
1775 1453 1914 1508 enim
1946 1452 1998 1505 in

424 1555 516 1609 illo
542 1555 661 1609 loco
687 1554 751 1607 ad
778 1553 1115 1606 Timotheum
1145 1566 1264 1605 cum
1293 1549 1544 1603 dixisset:
1568 1545 1745 1614 Neque
1772 1559 2000 1598 commu-

425 1647 672 1702 nicaveris
716 1645 931 1716 peccatis
973 1642 1151 1696 alienis
1172 1656 1193 1695 .°
1223 1649 1472 1710 tanquam
1505 1639 1592 1693 ille
1615 1637 1852 1697 diceret,
1882 1634 2000 1689 fieri

422 1752 580 1807 posse
611 1745 668 1790 ιιι
695 1735 902 1804 aliquos
926 1732 1094 1787 malos
1119 1731 1186 1786 ab
1218 1729 1471 1785 Ecclesia:
1490 1725 1900 1797 congregatione
1925 1740 2002 1779 se-

423 1843 612 1898 parare
654 1842 758 1881 non
808 1833 1022 1894 posset,
1054 1832 1104 1878 et
1135 1823 1255 1878 ideo
1281 1823 1508 1876 tolerare
1531 1829 1848 1891 cogeretur;
1881 1829 1999 1872 tan-

423 1934 582 1990 quam
609 1917 889 1973 consilium
913 1915 1046 1970 dans
1067 1913 1512 1984 quemadmodum
1559 1913 1792 1981 peccatis
1815 1926 1998 1965 eorum

427 2028 536 2067 non
565 2010 1020 2074 communicaret,
1050 2007 1120 2060 Te
1143 2007 1310 2074 ipsum
1331 2047 1344 2071 ,
1375 2005 1563 2073 inquit,
1586 2012 1778 2058 castum
1805 2002 2003 2056 custodi

430 2105 473 2176 (l
487 2104 619 2158 Tim.
638 2119 690 2169 v,
718 2101 789 2156 22
809 2103 849 2171 ).
871 2101 1000 2155 Nam
1032 2099 1186 2154 malis
1217 2099 1386 2153 malus
1413 2097 1620 2152 misceri
1638 2105 1813 2167 potest
1834 2097 1872 2160 ¹,
1902 2095 1999 2174 bo:

427 2211 528 2249 nus
552 2202 727 2248 autem
760 2192 909 2246 nullo
939 2191 1098 2245 modo
1118 2233 1133 2256 ,
1160 2189 1400 2259 quamvis
1429 2204 1548 2241 cum
1571 2189 1648 2241 eis
1669 2187 1720 2240 in
1747 2202 1847 2240 una
1869 2201 2000 2239 con-

425 2287 735 2358 gregatione
780 2293 1036 2338 versetur.
1083 2283 1155 2336 lta
1197 2289 1252 2336 et
1296 2281 1382 2335 hic
1425 2281 1489 2334 ad
1533 2279 1839 2335 Corinthios
1883 2293 2001 2332 cmn

427 2377 667 2440 dixisset,
695 2374 806 2440 Quo
833 2373 965 2427 enim
991 2373 1116 2424 mihi
1141 2373 1204 2426 de
1231 2372 1310 2424 Itis
1335 2371 1420 2441 qui
1446 2371 1570 2440 foris
1597 2379 1711 2424 sunt
1729 2369 2003 2439 judicare?

431 2465 616 2519 Nonne
635 2465 698 2518 de
721 2464 798 2517 his
822 2463 906 2532 qui
929 2463 1066 2516 intus
1086 2471 1200 2516 sunt
1220 2477 1306 2514 vos
1319 2460 1605 2529 judicatis?
1633 2475 1700 2514 ne
1729 2459 1861 2514 forte
1890 2467 2003 2512 tur-

431 2557 684 2611 barentnr
703 2554 876 2623 aliqua
905 2553 1162 2606 malorum
1192 2551 1592 2614 numerositate,
1622 2551 1699 2604 sic
1727 2549 2004 2619 permixtis

431 2643 734 2710 frumentis,
765 2652 822 2696 ut
851 2642 966 2696 sine
993 2642 1204 2695 illorum
1233 2641 1510 2695 vexatione
1528 2639 1702 2709 colligi
1735 2639 2004 2707 separari-

429 2751 534 2806 que
559 2749 664 2788 non
693 2741 937 2803 possent;
967 2733 1191 2804 Auferte,
1219 2731 1406 2800 inquit,
1429 2732 1620 2784 malum
1643 2749 1702 2784 ex
1721 2731 1858 2784 vobis
1881 2731 2004 2799 ipsis

431 2821 928 2896 (lCor.v,12,l3)
962 2841 975 2878 :
1008 2829 1066 2876 ut
1110 2822 1154 2876 si
1200 2821 1336 2876 forte
1385 2837 1489 2878 non
1540 2831 1750 2890 possent
1795 2820 2006 2876 auferre

431 2917 598 2971 malos
625 2930 656 2969 a
683 2915 1097 2985 congregatione
1124 2927 1249 2978 sua;
1280 2913 1571 2968 auferendo
1603 2913 1798 2966 malum
1840 2928 1902 2965 cx
1945 2927 2003 2966 se

431 3008 581 3077 ipsis,
612 3005 662 3061 id
689 3014 792 3073 est,
826 3021 931 3061 non
959 3021 1078 3060 cum
1109 3006 1186 3060 eis
1219 3005 1516 3074 peccando,
1552 3020 1648 3058 nec
1676 3007 1753 3057 eis
1779 3003 1842 3056 ad
1875 3017 2002 3072 puc-

428 3098 655 3153 candum
686 3096 1070 3152 consentiendo
1098 3104 1188 3149 aut
1217 3095 1440 3150 favendo
1460 3136 1474 3159 ,
1505 3093 1834 3162 integerrimi
1867 3094 2004 3147 inter

430 3203 524 3244 eos
551 3195 606 3243 et
630 3186 1073 3257 incorruptissimi
1101 3193 1457 3241 versarentur.
1495 3185 1626 3251 Quia
1670 3199 1768 3253 per
1809 3184 2004 3237 malum

431 3295 586 3335 suum
618 3279 770 3334 malis
793 3279 1017 3349 quisque
1043 3279 1322 3333 consentit.
1349 3276 1404 3333 Si
1428 3288 1603 3332 autem
1627 3293 1655 3330 a
1685 3293 1744 3333 se
1773 3277 1888 3348 ipso
1912 3291 2005 3330 au-

429 3371 569 3426 ferat
613 3370 812 3424 malum
834 3410 848 3436 ,
876 3370 1052 3425 alieno
1076 3370 1218 3424 malo
1248 3386 1350 3424 non
1387 3379 1470 3425 est
1506 3369 1647 3424 unde
1683 3371 2002 3426 consentiat.

429 3462 763 3533 Quapropter
781 3462 1022 3534 quisquis
1039 3462 1197 3517 etiam
1237 3451 1618 3532 contempserit
1637 3463 1891 3517 Ecclesire
1914 3462 2004 3516 Dei

433 3553 786 3623 disciplinam,
818 3561 876 3608 ut
900 3554 1068 3609 malos
1097 3567 1215 3608 cum
1243 3554 1433 3624 quibus
1457 3569 1563 3608 non
1593 3563 1778 3623 peccat
1807 3561 1860 3607 et
1885 3554 2005 3621 qui-

433 3645 533 3700 bus
560 3660 666 3700 non
696 3646 838 3700 favet
858 3686 874 3711 ,
903 3644 1127 3701 desistat
1150 3659 1369 3700 monere
1388 3687 1402 3711 ,
1431 3646 1698 3714 corrigere
1716 3686 1731 3712 ,
1761 3659 2003 3715 arguere,

432 3736 555 3792 etsi
588 3735 744 3791 talem
774 3737 910 3807 gerit
939 3750 1253 3805 personam,
1285 3744 1339 3790 et
1369 3751 1466 3804 pax
1507 3734 1758 3790 Ecclesiae
1782 3736 2000 3805 patitur,

434 3828 592 3882 etiam
613 3841 642 3881 a
662 3826 1124 3884 Sacramentorum
1148 3827 1549 3897 participatione
1569 3829 1879 3898 separare';
1903 3843 2006 3882 non

431 3917 606 3973 alieno
631 3919 773 3973 malo
799 3926 1014 3988 peccat,
1043 3917 1136 3974 sed
1165 3932 1280 3972 suo.
1316 3916 1430 3986 lpsa
1461 3917 1655 3988 quippe
1685 3918 1736 3972 in
1779 3927 1919 3972 tanta
1950 3933 2008 3971 re

433 4009 748 4079 negligentia
769 4023 929 4079 grave
950 4009 1144 4064 malum
1165 4018 1248 4064 est
1269 4025 1284 4062 :
1313 4018 1368 4064 et
1395 4009 1534 4075 ideo,
1560 4010 1698 4064 sicut
1721 4011 2008 4080 Apostolus

433 4109 635 4165 monet,
658 4101 702 4156 si
723 4101 928 4157 auferat
954 4102 1149 4156 malum
1170 4115 1201 4155 a
1227 4115 1286 4156 se
1316 4101 1453 4170 ipso,
1474 4116 1578 4155 non
1606 4102 1774 4156 solum
1802 4101 2006 4156 auferet

434 4191 706 4246 audaciam
725 4190 1109 4256 committendi,
1125 4198 1216 4244 aut
1239 4190 1592 4259 pestilentiam
1609 4191 1972 4246 consentiendi
1990 4208 2004 4256 ;

435 4283 529 4337 sed
555 4281 714 4336 etiam
741 4280 1004 4350 ptgritiam
1031 4279 1364 4350 corrigendi,
1392 4289 1446 4336 et
1486 4280 1858 4350 negligentiam
1889 4281 2006 4334 vin-

437 4371 666 4436 dicandi,
692 4371 928 4426 adhibita
959 4371 1236 4440 prudentia
1258 4379 1312 4426 et
1336 4371 1636 4426 obedientia
1665 4371 1714 4423 in
1738 4385 1802 4424 eo
1826 4370 1964 4438 quod
1985 4371 2006 4402 ³

435 4461 674 4531 prmcipit
696 4460 968 4524 Dominus,
997 4475 1065 4516 ne
1091 4459 1352 4516 frumenta
1382 4460 1643 4516 laedantur
1666 4460 2004 4530 (Matth.xtn,

433 4551 561 4619 9.9).
591 4550 667 4605 Ea
696 4551 892 4621 quippe
921 4551 1212 4607 intentione
1237 4551 1476 4622 quisquis
1502 4552 1642 4607 inter
1669 4551 1900 4605 triticum
1928 4551 2006 4605 zi-

432 4642 584 4697 zania
611 4640 932 4708 toleraverit,
955 4641 1242 4696 auferendo
1262 4655 1291 4694 a
1322 4656 1380 4696 se
1407 4641 1524 4710 ipso
1555 4641 1772 4706 malum,
1799 4657 1905 4695 non
1933 4641 2011 4694 eis

435 4733 791 4788 communicat
819 4750 832 4787 :
860 4741 912 4787 et
939 4747 999 4788 ea
1038 4731 1316 4801 distinguit
1355 4747 1418 4786 ac
1453 4731 1658 4802 judicat
1699 4731 1908 4786 interim
1943 4731 2008 4784 ad

434 4824 606 4887 diem;
643 4839 749 4877 non
776 4825 915 4878 enim
947 4824 1094 4877 novit
1121 4822 1244 4892 quid
1275 4837 1396 4876 cras
1429 4822 1658 4877 futurum
1687 4823 1788 4875 sit:
1809 4831 1863 4877 et
1890 4821 2008 4876 ideo

436 4915 721 4971 dilectione
763 4923 1004 4979 servata,
1037 4929 1142 4968 non
1181 4915 1296 4969 sine
1334 4928 1430 4982 spe
1458 4914 1803 4968 correctionis
1835 4913 2008 4966 vindi-

434 5007 659 5063 candum
681 5014 783 5072 est,
805 5005 1058 5076 quidquid
1079 5005 1238 5060 etiam
1260 5004 1402 5075 cogit
1429 5004 1728 5063 necessaria
1755 5004 2008 5057 severitas

431 5161 709 5233 quippe-de
745 5163 804 5212 iis
837 5159 1260 5233 Scriptura-domet,
1299 5159 1478 5233 quibus
1516 5159 1758 5233 seriorem
1792 5160 2014 5233 vitiorum

431 5220 783 5286 riorreptionem
808 5220 1198 5286 praecipientibus
1211 5220 1536 5271 abutebantur
1556 5223 1809 5270 Donatista:
1829 5220 1889 5269 ad
1907 5234 2016 5270 sua-

430 5281 637 5336 dendam
659 5281 1014 5345 separationem
1035 5295 1061 5330 a
1086 5281 1238 5345 malis.

496 5351 510 5379 ι
537 5340 731 5396 omnes"
754 5352 877 5394 Mssa
904 5352 996 5394 Nec
1039 5342 1165 5394 enim
1203 5342 1343 5394 malis
1378 5342 1474 5395 nisi
1508 5343 1664 5394 malus
1695 5340 1888 5392 misceri
1929 5353 2013 5405 po-

493 5491 514 5521 ί
533 5489 612 5556 _sie_
629 5495 735 5538 Mss.
751 5487 866 5556 1ᾏὶιί
890 5485 1084 5556 νεῖοςῄ
1104 5485 1245 5554 etim:
1267 5483 1408 5535 talem
1427 5485 1549 5556 gerit
1570 5495 1836 5556 personam,
1855 5488 2016 5556 et_pa:c

431 5549 658 5601 Ecclesia:
693 5548 890 5613 patitur,
915 5553 965 5597 ut
997 5548 1141 5597 etiam
1173 5560 1205 5596 α
1226 5553 1638 5613 sacramentorum
1660 5548 2017 5613 participatione

432 5606 706 5722 qgmpiani
747 5609 890 5675 possit
927 5622 1172 5672 separare,
1209 5621 1302 5658 non
1340 5607 1496 5658 alieno
1537 5606 1667 5658 malo
1700 5610 1860 5664 peccat
1874 5639 1886 5663 ,
1930 5606 2016 5656 sed

429 5684 454 5722 ε
520 5705 533 5718 .

499 5755 519 5787 ³
543 5760 669 5812 Lov.,
698 5764 752 5803 eo
771 5753 899 5814 quod
919 5767 934 5814 ;
952 5755 1124 5803 omissa
1151 5753 1394 5814 particula,
1423 5751 1488 5802 in.

497 5856 572 5921 (a)
595 5863 627 5905 tt
653 5863 876 5914 uetract,
899 5871 1000 5918 cap.
1035 5852 1104 5904 ιτ.

2105 537 2359 593 vindicari
2384 541 2426 595 ⁸.
2453 539 2604 608 Quod
2630 549 2687 594 ιιι
2712 541 2840 596 satis
2859 551 3130 610 appareat,
3160 551 3323 597 totum
3353 543 3523 611 ipsum
3557 545 3676 614 Epi-

2101 633 2252 686 stula:
2277 633 2580 700 apostolica:
2609 633 2785 687 locum
2813 632 3117 703 diligentius
3148 643 3455 690 tractemus.

2171 724 2222 776 5.
2258 723 2393 790 Quid
2419 724 2595 786 vultis,
2639 723 2844 792 inquit?
2873 721 2939 776 In
2973 725 3113 794 virga
3140 726 3335 778 veniam
3367 723 3436 777 ad
3457 741 3543 779 vos
3563 768 3577 791 ,
3607 743 3676 778 an

2101 819 2153 870 in
2179 817 2420 869 charitate
2445 825 2490 866 et
2518 814 2696 883 spiritu
2722 814 3163 868 mansuetudinis?
3189 813 3305 869 Jam
3338 814 3423 869 hic
3456 827 3676 885 apparet

2101 923 2222 963 eum
2251 907 2393 975 loqui
2431 905 2498 960 de
2531 904 2755 958 vindicta
2779 945 2793 967 ,
2821 903 2887 958 ad
2915 905 3066 974 cujus
3101 904 3542 973 signiﬁcationem
3575 907 3683 958 vir-

2101 1013 2221 1068 gam
2250 997 2557 1050 nominavit.
2592 993 2852 1060 Numquid
2882 1003 3059 1048 tamen
3089 1003 3142 1048 et
3181 995 3322 1064 virga
3351 995 3468 1050 sine
3503 995 3680 1049 chari-

2105 1101 2210 1146 tate
2232 1099 2333 1154 est,
2357 1089 2476 1159 quia
2504 1089 2574 1142 ita
2601 1086 2892 1150 coatexuit,
2924 1084 2991 1138 In
3012 1087 3152 1155 virga
3179 1087 3372 1138 veniam
3391 1087 3460 1139 ad
3480 1102 3585 1144 vos.
3616 1105 3683 1140 an

2103 1186 2154 1238 in
2180 1183 2456 1236 charitate?
2480 1180 2582 1235 Sed
2610 1179 2748 1249 quod
2766 1180 3023 1248 sequitur,
3044 1180 3225 1247 spiritu
3245 1181 3640 1232 mansuetudinis
3664 1221 3680 1243 ,

2104 1275 2352 1328 admonet
2372 1271 2610 1341 intelligi,
2639 1271 2762 1340 quia
2790 1280 2845 1324 et
2871 1271 3016 1340 virga
3042 1269 3352 1324 charitatem
3377 1270 3555 1324 liabet.
3576 1271 3683 1325 Sed

2104 1367 2242 1422 aliud
2273 1375 2352 1420 est
2380 1364 2610 1420 charitas
2634 1363 2930 1418 severitatis
2953 1403 2966 1426 ,
2989 1363 3130 1416 aliud
3161 1361 3390 1416 charitas
3433 1378 3681 1417 mansue-

2107 1459 2321 1514 tudinis.
2369 1458 2478 1513 Una
2504 1456 2716 1527 quidem
2745 1455 2974 1510 charitas
3003 1464 3085 1510 est
3106 1497 3121 1520 ,
3153 1455 3245 1508 sed
3273 1454 3482 1509 diversa
3513 1456 3564 1509 in
3605 1455 3688 1509 dia

2104 1550 2272 1602 versis
2309 1557 2575 1617 operatur.
2632 1545 2882 1612 Omnino,
2929 1547 3118 1614 inquit,
3174 1545 3382 1598 auditur
3426 1547 3554 1598 inter
3597 1562 3686 1599 vos

2107 1641 2391 1709 fornicatio,
2423 1648 2470 1692 et
2492 1639 2606 1692 talis
2633 1637 2922 1709 fornicatio,
2949 1637 3112 1705 qualis
3141 1653 3230 1689 nec
3257 1637 3306 1689 in
3331 1635 3587 1695 Gentibus.
3613 1637 3688 1690 ita

2105 1725 2161 1783 ut
2179 1746 2384 1783 uxorem
2413 1729 2568 1798 patris
2613 1727 2690 1780 sui
2720 1728 2829 1796 quis
2868 1726 3064 1780 habeat.
3113 1726 3186 1781 De
3215 1735 3318 1779 tam
3367 1727 3581 1780 immani
3611 1725 3688 1779 fa-

2106 1830 2193 1874 cto
2231 1818 2502 1872 videamus
2545 1815 2989 1885 quemadmodum
3027 1832 3120 1870 eos
3159 1816 3345 1870 saevire
3387 1818 3683 1886 prtccipiat.

2110 1908 2175 1962 Et
2202 1925 2310 1976 vos,
2339 1908 2526 1977 inquit,
2550 1907 2716 1977 inﬂati
2734 1907 2874 1970 estis,
2903 1918 2948 1960 et
2985 1923 3084 1958 non
3109 1907 3275 1974 potius
3297 1907 3484 1960 luctum
3508 1907 3687 1960 habui-

2105 2001 2215 2066 stis,
2257 2010 2310 2053 ut
2343 2000 2602 2054 tolleretur
2626 1998 2689 2051 de
2717 1997 2880 2050 medio
2909 2007 3123 2051 vestrum
3154 1998 3241 2066 qui
3275 1997 3369 2050 hoc
3396 2015 3523 2066 opus
3549 1999 3684 2067 fecit.

2107 2095 2279 2161 Quare
2309 2093 2494 2146 luctum
2522 2091 2706 2159 potius,
2730 2100 2782 2144 et
2809 2105 2913 2143 non
2952 2090 3082 2142 iram
3104 2130 3118 2154 ,
3151 2089 3248 2142 nisi
3275 2089 3394 2158 quia
3423 2091 3465 2143 si
3494 2091 3689 2158 patitur

2110 2200 2268 2238 unum
2348 2183 2686 2245 membrum,
2741 2180 3133 2248 compatiuntur
3204 2182 3380 2235 omnia
3449 2182 3686 2236 membra

2113 2275 2161 2345 (1
2194 2273 2310 2330 Cor.
2342 2290 2438 2339 xu,
2468 2268 2609 2344 26)?
2631 2281 2685 2328 et
2717 2289 2824 2328 non
2853 2273 3072 2338 luctum,
3106 2273 3227 2342 quia
3258 2273 3528 2328 tollebatut
3589 2274 3684 2329 sed

2109 2367 2317 2426 luctum,
2351 2364 2536 2434 inquit,
2565 2371 2618 2416 ut
2643 2363 2898 2416 tolleretur
2922 2381 2942 2416 .'
2972 2362 3024 2417 id
3053 2373 3154 2429 est,
3185 2373 3242 2418 ut
3270 2365 3560 2433 lugentium
3583 2364 3684 2419 do-

2107 2455 2189 2509 lor
2216 2454 2280 2508 ad
2309 2455 2472 2508 Deum
2501 2453 2831 2512 ascenderet.
2861 2463 2914 2508 et
2955 2453 3068 2522 ipse
3096 2453 3306 2508 tolleret
3340 2453 3441 2508 hoc
3462 2469 3592 2524 opus
3618 2454 3687 2510 de

2109 2547 2283 2601 medio
2307 2563 2511 2605 eorum,
2535 2547 2673 2601 sicut
2691 2545 2806 2614 ipse
2827 2545 3006 2611 sciret,
3031 2561 3097 2600 ne
3123 2543 3260 2601 forte
3287 2546 3355 2600 illi
3387 2561 3481 2615 per
3503 2549 3688 2600 huma-

2111 2653 2229 2691 nam
2273 2636 2588 2705 imperitiam
2626 2635 2962 2690 eradicarent
2996 2643 3052 2688 et
3093 2635 3344 2689 triticum.
3389 2635 3520 2690 Cum
3559 2650 3690 2703 ergo

2109 2728 2174 2782 ad
2205 2727 2362 2781 talem
2388 2725 2674 2780 vindictam
2706 2726 2997 2780 necessitas
3026 2725 3186 2794 cogit,
3211 2725 3477 2779 humilitas
3505 2725 3688 2795 lugen-

2111 2819 2238 2872 tium
2285 2817 2441 2872 debet
2484 2818 2770 2885 impetrare
2807 2814 3220 2870 misericordiam
3244 2856 3260 2880 ,
3291 2830 3445 2884 quam
3476 2815 3690 2885 repellit

2109 2910 2356 2978 superbia
2395 2909 2724 2962 saevientium
2752 2909 2772 2938 ⁸
2807 2924 2820 2960 :
2850 2922 2949 2962 nec
2980 2907 3118 2962 illius
3160 2906 3324 2976 ipsius
3363 2908 3449 2976 qui
3479 2906 3546 2961 de
3576 2921 3690 2961 me-

2109 2999 2198 3053 dio
2227 2999 2442 3053 fratrum
2475 2997 2678 3051 tollitur
2704 2995 2864 3051 debet
2891 2997 3080 3066 negligi
3108 2996 3281 3061 salus;
3307 2996 3398 3051 sed
3428 2998 3494 3049 ita
3525 3013 3691 3065 agen-

2110 3088 2233 3142 dum
2271 3097 2371 3153 est,
2435 3095 2491 3141 ut
2534 3088 2580 3140 ei
2635 3086 2754 3140 talis
2781 3086 3008 3141 vindicta
3040 3087 3108 3140 sit
3129 3088 3304 3152 utilis;
3349 3097 3402 3143 et
3427 3089 3686 3158 agendum

2109 3190 2233 3237 voto
2272 3188 2326 3236 et
2355 3181 2598 3250 precibus
2618 3223 2631 3246 ,
2662 3181 2705 3234 si
2731 3180 2924 3251 corrigi
2967 3180 3426 3251 objurgationibus
3452 3197 3555 3236 non
3588 3197 3687 3251 po-

2112 3282 2233 3328 test.
2289 3271 2516 3341 Ideoque
2567 3273 2805 3342 sequitur
2840 3282 2894 3327 et
2924 3273 3054 3326 dicit
3096 3291 3107 3324 :
3141 3273 3250 3343 Ego
3285 3274 3482 3343 quidem
3511 3274 3690 3327 absens

2110 3382 2356 3436 corpore,
2403 3381 2620 3436 prmsens
2659 3373 2820 3418 autem
2860 3365 3061 3434 spiritu,
3104 3365 3216 3435 jam
3253 3365 3481 3436 judicavi
3546 3367 3692 3434 quasi

2112 3473 2330 3528 prccsens
2371 3473 2486 3509 eum
2534 3456 2619 3524 qui
2646 3455 2717 3508 sic
2746 3465 2980 3525 operatus
3018 3465 3111 3518 est,
3144 3456 3196 3508 in
3246 3457 3445 3509 nomine
3485 3455 3691 3509 Domini

2111 3548 2268 3602 nostri
2291 3546 2323 3600 J
2331 3563 2415 3600 esu
2442 3545 2626 3598 Christi
2641 3545 2956 3614 congregatis
2976 3545 3107 3596 vobis
3130 3555 3175 3596 et
3204 3561 3313 3597 meo
3337 3546 3538 3615 spiritu,
3567 3564 3682 3599 cum

2109 3642 2290 3694 virtute
2324 3637 2529 3691 Domini
2558 3639 2712 3691 nostri
2753 3637 2877 3690 Jesu
2917 3636 3126 3699 Christi,
3157 3637 3354 3691 tradere
3397 3638 3692 3706 hujusmodi

2095 3731 2370 3787 Satanazin
2392 3731 2647 3782 interitum
2682 3729 2880 3792 carnis,
2910 3739 2964 3781 ut
2989 3729 3194 3796 spiritus
3235 3729 3402 3782 salvus
3426 3729 3488 3782 sit
3515 3730 3566 3781 in
3605 3731 3690 3783 die

2114 3823 2315 3876 Domini
2363 3820 2481 3888 (Id.
2517 3837 2586 3882 tv,
2617 3820 2782 3885 2-l-v,
2813 3822 2905 3891 5).
2948 3820 3082 3887 Quid
3135 3835 3262 3890 ergo
3306 3821 3494 3890 agebat
3540 3824 3687 3890 Apo-

2111 3913 2310 3978 stolus,
2342 3911 2442 3966 nisi
2490 3921 2544 3964 ut
2588 3926 2682 3980 per
2724 3911 2993 3966 interitum
3026 3911 3203 3966 carnis
3245 3911 3399 3965 saluti
3427 3913 3690 3981 spirituali

2112 4003 2450 4067 consuleret,
2480 4013 2534 4056 ut
2566 4003 2677 4056 sive
2705 4001 2878 4071 aliqua
2913 4017 3067 4071 pruna
3099 4001 3178 4057 vel
3205 4011 3374 4056 morte
3403 4006 3688 4071 corporali,

2112 4097 2250 4150 sicut
2277 4095 2510 4148 Ananias
2538 4105 2591 4148 et
2618 4108 2754 4148 uxor
2778 4095 2896 4163 ejus
2921 4104 3046 4149 ante
3082 4093 3244 4163 pedes
3273 4096 3498 4164 apostoli
3547 4096 3688 4148 l’etri

2112 4185 2420 4240 ceciderunt
2451 4183 2471 4255 (
2496 4184 2606 4236 Act.
2639 4200 2671 4237 v
2695 4223 2710 4248 ,
2739 4184 2792 4248 5,
2837 4181 2970 4255 lO);
3023 4184 3138 4238 sive
3176 4200 3272 4250 per
3301 4178 3687 4253 ptenitcntiam,

2113 4277 2359 4348 quoniam
2378 4277 2590 4332 Satanm
2613 4276 2833 4330 traditus
2859 4285 2975 4330 erat
2996 4316 3012 4341 ,
3045 4276 3375 4332 interimeret
3404 4278 3454 4330 in
3486 4293 3542 4332 se
3570 4293 3692 4332 scc-

2114 4370 2333 4424 leratam
2356 4371 2531 4422 carnis
2546 4367 3026 4434 concupiscentiam
3043 4366 3066 4419 ?
3083 4368 3212 4432 Quia
3246 4369 3357 4436 ipse
3389 4369 3513 4422 item
3541 4370 3690 4434 (1ἰοιῑ,

2117 4460 2422 4529 Mortiﬁcate
2451 4459 2669 4510 membra
2695 4467 2858 4510 vestra
2881 4474 2993 4527 qua:
3031 4469 3148 4512 sunt
3171 4477 3322 4530 super
3352 4471 3535 4514 terram
3564 4478 3580 4515 :
3609 4463 3692 4514 iu-

2119 4560 2198 4604 ter
2234 4565 2351 4618 quae
2385 4557 2439 4602 et
2461 4588 2474 4610 ,
2506 4547 2890 4616 fornicationem
2917 4559 3302 4603 commemorat
3337 4549 3570 4619 (Coloss.
3615 4567 3692 4616 Ill,

2116 4642 2204 4712 5).
2241 4641 2302 4694 Et
2329 4641 2517 4694 iterum
2554 4656 2567 4692 :
2606 4637 2667 4694 Si
2710 4639 2842 4693 enim
2890 4640 3161 4693 secundum
3206 4657 3406 4694 carnem
3451 4643 3694 4701 vixeritis.

2117 4732 2433 4793 moriemini;
2460 4732 2502 4783 si
2525 4740 2690 4784 autent
2727 4731 2908 4800 spiritu
2952 4733 3088 4800 facta
3122 4734 3288 4785 carnis
3316 4733 3696 4802 mortiﬁcaveri-

2118 4824 2201 4888 tis,
2224 4822 2391 4876 vivatis
2417 4820 2435 4893 (
2460 4821 2609 4874 Rom.
2645 4837 2758 4886 vtu,
2791 4822 2856 4875 l3
2876 4819 2916 4891 ).
2958 4819 3072 4875 Non
3100 4830 3274 4876 tamen
3301 4822 3370 4874 ab
3394 4837 3460 4877 eo
3501 4822 3697 4876 frater-

2120 4928 2237 4966 uatu
2272 4921 2481 4982 separat
2503 4911 2836 4974 cbaritatem,
2862 4927 3016 4979 quem
3047 4911 3112 4964 de
3139 4909 3371 4965 fraterna
3401 4926 3696 4982 congrega-

2120 5002 2262 5056 tione
2291 5001 2311 5031 ³
2345 5001 2848 5069 prmcipitseparari.
2873 5001 2982 5054 lloc
3006 5003 3145 5054 enim
3169 5002 3402 5070 apertius
3428 5004 3494 5057 ad
3523 5004 3699 5060 Thes-

2119 5092 2476 5146 salonicenses
2508 5089 2635 5144 dicit
2671 5107 2687 5142 :
2727 5091 2786 5144 Si
2813 5091 2922 5159 quis
2961 5101 3127 5144 autem
3170 5109 3269 5145 non
3315 5093 3521 5147 obaudit
3552 5097 3702 5149 verba

2120 5192 2288 5236 nostro
2316 5197 2403 5250 per
2428 5180 2723 5248 epistolam,
2753 5181 2884 5233 hunc
2929 5191 3096 5234 notate
3123 5223 3138 5248 ,
3171 5193 3216 5236 et
3246 5199 3346 5236 non
3372 5187 3701 5239 commiscea-

2121 5273 2242 5326 mini
2267 5288 2381 5324 cum
2405 5271 2516 5337 illo,
2557 5280 2612 5323 ut
2648 5273 2946 5326 erubescat:
2971 5281 3018 5326 et
3059 5290 3158 5327 non
3197 5284 3251 5327 ut
3290 5275 3545 5329 inimicum
3587 5293 3704 5332 eum

2157 5427 2199 5497 ,ί
2229 5421 2422 5497 ιιεηιξε.
2445 5431 2498 5473 At
2522 5425 2634 5497 editi
2642 5461 2664 5497 ,_
2679 5423 2916 5488 quidquid
2933 5424 3111 5489 corrigi
3131 5425 3201 5476 vel
3223 5427 3462 5479 vindicari
3483 5442 3705 5481 necessa-

2121 5486 2199 5537 ria
2219 5485 2442 5536 severitas
2463 5485 2682 5547 postulat.

2185 5550 2206 5578 ¹
2231 5555 2347 5604 vox,
2371 5545 2678 5606 mientium,
2697 5549 2968 5597 restituitur
3009 5561 3072 5596 ex
3113 5548 3356 5598 cernemus
3379 5551 3627 5599 Vaticanis.
3657 5559 3707 5602 In

2123 5608 2229 5658 aliis
2244 5609 2528 5671 quibusdam
2550 5615 2654 5671 Mss.
2682 5609 2876 5671 legitur,
2897 5608 3168 5671 super-biens
3191 5609 3394 5659 animus.
3421 5612 3536 5658 vute
3565 5614 3705 5665 infra.

2125 5683 2229 5731 cap.
2376 5683 2424 5716 η.
2461 5669 2536 5739 5,.
2577 5669 2658 5740 ubi
2719 5669 2909 5719 rursum
2951 5669 3190 5719 ltmnilitus
3236 5671 3496 5734 lugentium
3539 5685 3704 5722 contra

2126 5730 2400 5790 superbiam
2422 5730 2728 5779 saa'ientium.

2194 5794 2211 5823 ³
2237 5800 2334 5838 Ant.
2360 5797 2428 5839 Er.
2454 5800 2500 5838 et
2524 5799 2646 5859 Mss“
2674 5805 2926 5852 supernam
2950 5801 3137 5857 separat
3161 5793 3263 5842 rha:
3279 5793 3456 5852 itatetn,
3484 5807 3623 5856 quem
3645 5798 3706 5844 dc

2131 5865 2334 5915 superna
2358 5863 2726 5917 congregatione.
