4054 6210
340 393 404 447 85

336 504 606 569 testimetis,
647 503 736 558 sed
768 503 1003 573 corripite
1029 511 1084 557 ut
1135 506 1363 574 fratrem.
1397 500 1627 555 Audiant
1677 499 1762 553 isti
1806 495 1908 550 ali-

333 596 565 667 quando,
597 602 652 648 et
676 594 971 665 intelligant
1009 591 1455 664 quemadmodum
1503 601 1705 662 satagat
1731 590 1929 645 chum.

335 699 413 742 tas
438 686 745 755 apostolica,
777 692 834 740 ut
863 684 1181 740 sufferentes
1206 685 1431 738 invicem
1461 683 1769 738 studeamus
1784 697 1913 735 ρους

332 792 545 832 servare
571 778 823 831 unitatem
855 776 1071 845 spiritus
1097 775 1148 830 in
1172 775 1380 829 vinculo
1406 774 1553 844 pacis
1579 774 1596 842 (
1620 772 1807 840 Ephes.
1837 788 1907 838 tv,

329 869 382 935 2,
409 871 444 924 ὃ
465 872 506 937 ).
534 868 664 923 Nam
707 878 761 923 et
799 868 882 922 hic
910 882 1028 923 cum
1057 867 1274 921 dixisset
1298 908 1312 931 ,
1345 864 1410 919 Et
1439 883 1539 918 non
1575 874 1627 917 ut
1653 864 1912 917 inimicum

330 978 439 1016 cum
466 961 738 1024 crstimetis,
760 961 847 1015 sed
866 960 1099 1029 corripite
1116 969 1167 1013 ut
1197 961 1437 1037 fratrem;
1459 968 1705 1028 tanquam
1729 968 1908 1011 Osten-

328 1054 459 1108 dcns
485 1068 582 1108 cur
613 1054 714 1107 hoc
740 1053 955 1120 dixerit,
992 1055 1242 1108 continuo
1266 1051 1557 1122 subjunxit,
1587 1049 1707 1119 Ipse
1743 1060 1909 1103 autem

328 1144 467 1199 Deus
512 1145 651 1214 pacis
700 1147 783 1199 det
820 1145 955 1200 vobis
999 1162 1171 1216 pacem
1231 1161 1424 1213 semper
1481 1144 1533 1198 in
1596 1143 1731 1196 omni
1778 1143 1907 1197 bono

329 1234 391 1304 (ll
421 1233 595 1288 Thess.
644 1251 716 1295 ιιι,
765 1232 992 1304 14-16).
1035 1236 1107 1290 Ita
1136 1244 1188 1289 et
1218 1228 1414 1290 de'isto
1443 1234 1530 1303 qui
1563 1250 1779 1287 uxorem
1812 1249 1907 1302 pa-

324 1324 418 1378 tris
456 1325 537 1377 sui
575 1323 777 1387 habuit,
826 1325 1022 1379 luctum
1074 1325 1246 1393 potius
1292 1323 1495 1389 indicit,
1540 1333 1593 1378 et
1633 1324 1902 1393 pacificum

321 1415 633 1469 charitatem
666 1415 858 1486 ubique
884 1414 1221 1470 commendat
1250 1431 1263 1468 :
1293 1415 1429 1470 sicut
1446 1423 1500 1470 et
1520 1414 1586 1468 de
1605 1415 1782 1483 seipse
1808 1414 1902 1476 ait,

321 1504 599 1559 Nciterum
622 1522 734 1559 cum
763 1522 939 1559 venero
969 1506 1035 1559 ad
1061 1521 1145 1560 vos
1165 1547 1179 1569 ,
1207 1505 1430 1559 humiliet
1456 1521 1534 1558 me
1574 1503 1729 1567 Deus,
1753 1504 1904 1556 etla-

316 1612 463 1666 geam
488 1596 670 1649 multos
690 1611 753 1649 ea:
776 1595 853 1648 his
884 1596 970 1665 qui
995 1605 1110 1649 ante
1137 1605 1467 1666 peccaverunt
1501 1606 1546 1648 et
1574 1610 1672 1648 non
1696 1605 1903 1664 egerunt

316 1677 665 1754 paenitentiam
690 1702 841 1754 super
877 1686 1200 1740 iumtunditia
1220 1726 1237 1751 ,
1256 1695 1310 1739 'et
1341 1685 1573 1750 luxuria,
1604 1695 1650 1739 et
1680 1686 1902 1756 fornica-

314 1778 452 1831 tione
474 1793 624 1848 quam
648 1787 927 1847 gesserunt.
963 1776 1027 1831 Et
1072 1775 1227 1846 paulo
1253 1784 1374 1845 post
1397 1776 1472 1830 ait
1514 1794 1527 1830 :
1561 1774 1789 1830 Pradixi
1810 1816 1825 1842 ,
1853 1786 1901 1830 et

311 1867 539 1935 praedico
563 1867 691 1920 sicut
716 1883 938 1936 pra'sens
964 1866 1204 1931 secundo,
1236 1875 1281 1920 et
1310 1882 1443 1920 nunc
1464 1864 1644 1920 absens
1664 1907 1679 1931 ,
1712 1866 1789 1919 his
1812 1866 1899 1934 qui

307 1966 430 2010 ante
465 1967 792 2027 peccat-erunt
815 1999 830 2023 ,
878 1967 926 2011 et
954 1958 1145 2011 caneris
1183 1957 1432 2021 omnibus,
1477 1957 1596 2027 quia
1636 1957 1680 2009 si
1719 1971 1898 2012 venero

306 2048 515 2114 iterum,
545 2065 644 2101 non
690 2065 894 2117 parcam
921 2047 940 2120 (
963 2047 1004 2101 II
1035 2047 1153 2102 Cor.
1181 2063 1277 2111 XII,
1300 2048 1366 2102 2!
1386 2089 1402 2114 ,
1429 2055 1483 2102 ct
1507 2063 1620 2114 xm,
1640 2047 1676 2101 2
1701 2048 1740 2117 ).
1772 2047 1897 2102 Ideo

306 2140 541 2210 lugendo
563 2140 830 2210 judicabat
860 2142 911 2207 ¹,
946 2150 1000 2194 ιιι
1031 2140 1122 2195 Dei
1156 2139 1518 2195 misericordia
1554 2140 1670 2194 sine
1711 2154 1895 2194 corru-

302 2233 492 2300 ptione
520 2231 711 2286 vinculi
739 2232 903 2303 pacis,
929 2231 1014 2285 ubi
1036 2231 1179 2285 salus
1216 2239 1323 2285 tota
1349 2230 1620 2295 consistit,
1650 2237 1895 2284 contere—

299 2331 389 2376 ret
417 2331 695 2390 peccantes
726 2331 880 2392 atque
907 2322 1232 2392 corrigeret;
1266 2321 1402 2375 sicut
1430 2319 1498 2374 de
1529 2320 1630 2374 isto
1659 2319 1775 2388 ipso
1800 2318 1891 2388 qui

296 2431 428 2468 eum
459 2415 623 2482 patris
654 2428 819 2467 uxore
857 2414 1027 2466 fuerat
1054 2411 1343 2468 forniczitus
1364 2452 1378 2478 ,
1408 2410 1596 2467 fecisse
1638 2410 1882 2481 intelligi-

296 2515 412 2561 tur.
443 2507 574 2560 Nam
603 2521 707 2558 non
738 2505 998 2558 invenitur
1025 2503 1095 2558 de
1142 2520 1247 2571 quo
1283 2503 1390 2558 alio
1431 2501 1687 2573 signiﬁcet
1720 2502 1770 2556 in
1803 2516 1892 2556 se-

294 2599 477 2654 cunda
508 2595 745 2664 Epistula
772 2594 835 2648 ad
865 2594 1080 2648 eosdem
1104 2592 1427 2659 Corinthios,
1458 2608 1579 2647 cum
1605 2592 1679 2646 ait
1707 2610 1720 2645 :
1752 2596 1890 2644 Nam

293 2709 354 2745 ex
387 2691 553 2743 multa
577 2687 898 2741 tribulatione
923 2696 967 2739 et
992 2685 1226 2756 angustia
1252 2685 1419 2738 cordis
1441 2684 1622 2752 scripsi
1642 2681 1778 2736 vobis
1802 2699 1891 2751 per

292 2784 491 2836 utullus
527 2782 811 2849 Iacrgmas,
857 2793 957 2830 non
1001 2785 1057 2830 ut
1101 2774 1460 2830 contristemini
1479 2814 1495 2839 ,
1526 2774 1614 2828 sed
1642 2782 1695 2826 ut
1720 2773 1893 2828 sciatis

292 2874 617 2927 dilectionem
662 2886 811 2941 quam
855 2868 1011 2923 habeo
1053 2867 1395 2921 abundantius
1445 2867 1497 2919 in
1544 2882 1647 2920 vos.
1678 2866 1740 2921 Si
1779 2867 1891 2937 quis

293 2979 469 3020 autent
501 2963 832 3027 contristavit,
866 2978 964 3015 non
987 2977 1065 3014 me
1083 2959 1390 3013 contristavit
1415 3000 1431 3025 ,
1459 2958 1548 3012 sed
1565 2975 1628 3013 ex
1654 2968 1814 3027 parte,
1834 2967 1889 3010 ut

293 3075 404 3111 non
424 3071 624 3110 onerem
654 3070 823 3107 omnes
842 3068 945 3107 vos.
977 3051 1174 3121 Suﬂicit
1202 3050 1248 3103 ei
1271 3049 1520 3119 correptio
1549 3048 1656 3102 Iuec
1680 3063 1792 3118 qua:
1829 3049 1888 3115 ﬁt

293 3166 324 3201 a
352 3147 553 3211 multis,
582 3146 653 3199 ita
680 3154 734 3197 ut
759 3161 786 3198 e
809 3144 1062 3197 contrario
1090 3156 1175 3195 vos
1200 3141 1394 3195 donetis
1418 3182 1434 3208 ,
1465 3151 1511 3195 et
1536 3128 1883 3205 consolemini,

296 3258 359 3294 ne
388 3238 591 3310 quando
619 3238 804 3307 majori
829 3236 1035 3289 tristitia
1060 3234 1383 3289 absorbeatur
1403 3234 1489 3303 qui
1514 3232 1763 3303 ejusmodi
1789 3242 1882 3286 est.

296 3330 524 3399 Propter
547 3328 682 3399 quod
706 3329 907 3383 obsecro
933 3344 1039 3392 vos,
1082 3335 1134 3379 ut
1166 3326 1471 3395 con/inustis
1499 3326 1550 3380 in
1577 3341 1690 3379 eum
1719 3325 1885 3378 citari-

296 3432 477 3477 tatem.
502 3421 582 3475 Ad
614 3421 709 3474 hoc
737 3422 865 3474 enint
892 3428 941 3473 et
966 3419 1179 3490 scripsi,
1206 3428 1263 3472 ut
1298 3434 1595 3488 cognoscam
1635 3415 1887 3488 probatio-

298 3531 417 3568 nem
461 3522 693 3580 vestram,
737 3512 780 3565 si
820 3511 873 3565 in
902 3512 1131 3566 onmibus
1176 3509 1496 3564 obaudientes
1540 3509 1678 3563 estis.
1717 3507 1780 3562 Si
1804 3509 1888 3561 cui

298 3615 471 3659 autem
505 3604 695 3673 aliquid
720 3602 1042 3665 donaveritis,
1073 3610 1120 3654 et
1140 3616 1249 3671 ego.
1282 3597 1421 3653 Nam
1441 3607 1486 3653 et
1506 3616 1596 3671 ego
1620 3599 1665 3652 si
1688 3599 1773 3652 cui
1792 3598 1885 3653 do-

300 3697 438 3759 navi,
482 3705 684 3765 propter
703 3711 807 3759 vos,
844 3695 895 3746 in
926 3709 1137 3763 persona
1164 3692 1349 3745 Christi
1369 3732 1382 3752 ,
1412 3700 1588 3745 utnon
1621 3692 1884 3761 possidea-

301 3785 667 3841 nmraSatana
693 3801 712 3839 :
742 3803 842 3838 non
870 3786 1002 3837 enim
1028 3785 1318 3853 ignoramus
1341 3791 1526 3835 mentes
1545 3784 1655 3851 ejus
1680 3780 1789 3847 (Id.
1822 3798 1881 3848 tl,

301 3881 430 3934 b-ll
455 3881 495 3946 ).
549 3876 683 3943 Quid
712 3876 1037 3931 moderatius
1058 3917 1073 3940 ,
1104 3873 1229 3942 quid
1259 3868 1586 3941 diligentius,
1618 3872 1742 3941 quid
1770 3871 1882 3925 sol-

301 3970 575 4026 licitudine
605 3970 684 4038 pia
711 3976 764 4020 et
792 3975 1004 4036 paterna
1035 3980 1095 4018 ac
1121 3973 1356 4018 materna
1396 3962 1653 4017 charitate
1682 3961 1885 4032 plenius

303 4065 413 4120 fieri
445 4062 660 4119 autdici
694 4059 899 4131 potest?
929 4059 1076 4114 Sicut
1101 4057 1338 4127 peecanti
1374 4056 1592 4111 adhibet
1634 4054 1886 4111 emenda-

304 4159 525 4220 tionem,
558 4154 632 4210 sic
670 4160 913 4207 t-orrceto
940 4191 956 4217 ,
991 4159 1046 4206 et
1069 4149 1364 4206 conterenti
1401 4157 1558 4217 atque
1587 4145 1883 4201 bumilianti

303 4247 353 4301 in
386 4244 694 4318 paenitentia
726 4260 821 4298 cor
849 4259 1034 4307 suum,
1067 4232 1183 4295 vult
1207 4239 1356 4294 reddi
1383 4239 1799 4294 consolationem
1827 4239 1880 4303 ²;

304 4356 363 4394 ne
382 4339 588 4408 majori,
617 4337 823 4405 inquit,
858 4335 1057 4403 tristitia
1084 4331 1425 4387 absorbeatur.
1467 4329 1570 4385 Sed
1602 4329 1727 4399 quid
1754 4328 1881 4383 illud

302 4445 407 4500 quo
434 4428 695 4484 conclusit
732 4429 885 4482 istam
918 4426 1235 4482 sententiam
1260 4465 1274 4489 ,
1309 4422 1378 4479 Ut
1405 4440 1506 4477 non
1540 4422 1886 4492 possideamur

304 4520 570 4576 aSatana?
607 4518 725 4572 Non
764 4518 927 4581 enim,
968 4515 1157 4586 inquit,
1206 4516 1493 4587 ignoramus
1537 4522 1724 4566 mentes
1753 4512 1880 4582 ejus.

305 4611 420 4679 Ipse
445 4620 526 4667 est
544 4612 684 4666 enim
716 4611 803 4680 qui
833 4625 925 4679 per
952 4609 1232 4678 imaginem
1263 4606 1409 4677 quasi
1448 4605 1605 4674 jus-tm
1633 4605 1885 4659 severita-

306 4703 370 4756 tis
395 4700 664 4757 crudelem
691 4700 947 4754 saevitiam
976 4697 1277 4768 persuadet,
1303 4696 1430 4749 nihil
1460 4695 1600 4749 aliud
1628 4705 1886 4765 appetens

305 4793 717 4847 venenosissima
748 4791 974 4846 versutia
1017 4804 1132 4854 sua,
1166 4789 1266 4844 nisi
1310 4797 1366 4843 ut
1392 4798 1697 4858 corrumpat
1727 4798 1885 4857 atque

303 4885 599 4956 disrumpat
623 4884 895 4939 vinculum
919 4884 1062 4963 pacis
1104 4893 1159 4938 ct
1183 4883 1478 4945 charitatis,
1530 4898 1637 4951 quo
1660 4897 1882 4936 conser-

303 4989 423 5031 vato
473 4980 609 5032 inter
657 4976 1021 5043 Christianos,
1062 4977 1202 5030 vires
1245 4977 1361 5044 ejus
1417 4988 1604 5028 omnes
1644 4971 1885 5026 invalida:

306 5071 433 5124 fiunt
461 5070 527 5125 ad
553 5068 874 5134 nocendum,
906 5077 961 5123 et
983 5067 1289 5135 muscipulau
1319 5065 1626 5119 insidiarum
1655 5066 1882 5117 commi-

304 5169 639 5222 nnuntur,,et
666 5160 885 5215 consilia
912 5159 1201 5215 eversionis
1227 5165 1572 5212 eratiescuut.

372 5251 599 5309 CAPUT
623 5251 685 5305 ll.
718 5280 789 5290 —
813 5251 864 5305 4.
895 5248 1001 5305 Sed
1025 5248 1122 5304 etsi
1149 5250 1215 5303 de
1240 5247 1414 5317 aliquo
1440 5246 1542 5298 alio
1568 5244 1620 5299 in
1652 5245 1884 5300 secunda

305 5346 370 5399 ad
398 5343 701 5400 Corinthios
730 5342 965 5412 Epistola
1007 5340 1213 5394 locutus
1255 5347 1339 5393 est
1382 5337 1669 5406 Apostolus
1689 5377 1702 5400 ,
1734 5344 1789 5390 et
1815 5337 1889 5390 ibi

367 5503 383 5533 ¹
409 5500 544 5553 Editi.
565 5496 826 5550 indicabat.
849 5495 1017 5546 Melius
1038 5502 1163 5553 Mss,
1179 5492 1448 5555 judicabat.

366 5565 387 5594 ²
410 5562 546 5619 mliti,
558 5558 748 5611 adhibet
761 5555 1126 5619 damnationem,
1138 5556 1206 5606 sic
1224 5561 1435 5619 correcto
1443 5560 1583 5617 atque
1598 5559 1888 5619 contrcmen—

305 5622 443 5671 ti.....
466 5615 563 5673 ruit
599 5620 808 5670 reddere
839 5617 1219 5670 consolattoncm.
1247 5618 1409 5679 Aptius
1446 5615 1648 5665 Vaticani
1673 5615 1885 5679 codices,

303 5684 489 5733 adhibet
512 5680 905 5733 emendationem.
924 5687 1041 5728 1am
1063 5679 1227 5728 ueteri
1243 5677 1345 5727 “SS.
1369 5690 1478 5726 cum
1498 5679 1668 5727 iisdem
1685 5677 1887 5735 habent,

303 5753 440 5807 atque
462 5740 940 5807 conterenti.....loutt
961 5738 1103 5791 reddi
1124 5737 1486 5807 consolationem
1511 5752 1525 5788 :
1552 5752 1691 5800 ρχροι
1710 5747 1759 5787 to
1790 5753 1894 5789 uno.

304 5804 599 5868 Invtonens,
621 5808 702 5868 qui
720 5804 929 5866 pratt‘ert,
950 5808 1093 5865 atque
1115 5804 1415 5852 convcrtcnti.

1712 379 1915 437 LIBER
1953 377 2269 457 TERTIUS.

3533 393 3597 447 86

2022 502 2198 550 tamen
2212 495 2523 567 significavit
2541 509 2732 569 quanta
2752 501 3014 557 charitatc
3043 502 3094 556 in
3120 518 3384 574 quemque
3412 504 3602 559 debeat

2016 585 2371 641 ecclesiastica
2402 587 2629 643 vindicta
2674 592 2978 660 procedere.
3014 591 3124 647 Hoc
3169 602 3247 647 est
3299 592 3423 646 illud
3454 606 3592 661 quoa

2017 674 2102 729 isti
2138 693 2240 731 non
2268 679 2621 751 intelligentes
2655 686 2791 739 inter
2817 686 3109 741 calumnias
3137 703 3260 742 suas
3301 687 3475 743 Solent
3502 686 3598 741 ha-

2017 767 2141 824 bere
2173 772 2491 840 prtecipuum
2524 793 2536 828 :
2566 773 2865 831 Emendabit
2901 794 2978 830 me
3011 779 3178 850 justus
3212 779 3263 832 iu
3315 780 3597 833 misericor-

2012 856 2117 919 dia,
2142 870 2188 913 et
2215 874 2388 931 arguet
2427 880 2540 929 me;
2569 866 2733 919 oleant
2758 877 2921 920 autem
2962 871 3234 936 peccatoris
3277 887 3376 923 non
3405 870 3593 937 impin-

2011 961 2127 1020 guet
2155 962 2305 1023 caput
2320 971 2482 1009 meum
2503 956 2812 1027 (Psal.cu.,
2845 957 2921 1029 5).
2953 960 3085 1026 Quia
3114 976 3241 1016 vero
3284 962 3367 1016 isti
3402 977 3506 1016 non
3539 962 3590 1017 itt

2011 1040 2374 1099 misericordia
2413 1047 2696 1104 emendare
2727 1059 3019 1112 noverunt,
3052 1061 3105 1106 et
3134 1050 3399 1107 Caeciliani
3428 1055 3580 1108 inno-

2009 1137 2235 1190 centiam
2265 1139 2420 1197 smvis
2461 1142 2849 1210 suSpicionibus
2877 1143 3118 1198 insectati
3146 1155 3302 1212 sunt,
3332 1156 3385 1201 et
3410 1145 3587 1215 Optati

2010 1224 2312 1283 GlldOtiiﬂﬂi
2357 1233 2644 1300 potentiam
2695 1232 2892 1289 fallacis
2915 1234 3035 1289 oleo
3072 1236 3389 1291 adulationis
3416 1238 3584 1293 unite-

2006 1325 2147 1371 runt.
2204 1317 2336 1374 Nam
2387 1322 2430 1376 si
2489 1332 2704 1393 propter
2741 1325 3006 1379 vinculum
3065 1326 3207 1395 pacis
3254 1326 3585 1397 iniquitatem

2005 1407 2179 1477 Optati
2208 1422 2480 1480 gementes
2518 1415 2861 1485 Ingentesque
2901 1418 3227 1481 tolerarent,
3259 1433 3364 1471 non
3408 1417 3589 1486 utique

2008 1514 2187 1566 pacem
2227 1501 2565 1558 christianum
2602 1516 2760 1574 atque
2801 1508 3114 1561 catholicam
3146 1508 3197 1561 in
3235 1507 3366 1563 orbe
3422 1518 3587 1563 terra-

2003 1603 2143 1657 rum,
2170 1602 2514 1665 sanctamquc
2545 1597 2796 1652 unitatem
2837 1598 3231 1667 disrtunpcrent
3256 1601 3296 1667 ι,
3328 1608 3418 1655 aut
3441 1612 3586 1656 certe

2003 1693 2031 1732 a
2063 1682 2348 1750 majoribus
2373 1688 2482 1740 suis
2517 1686 2712 1741 nefaria
2743 1689 2979 1742 excitate
3009 1688 3299 1758 disruptam
3328 1691 3398 1745 ita
3425 1691 3574 1747 dole-

2000 1780 2136 1834 rent,
2168 1782 2224 1826 ut
2247 1774 2433 1829 saltem
2479 1776 2617 1845 apud
2644 1791 2702 1831 se
2742 1778 2945 1845 experti
2988 1792 3147 1847 quam
3195 1778 3389 1833 multos
3416 1781 3584 1835 malos

2001 1874 2097 1929 pro
2126 1876 2254 1930 pace
2300 1865 2487 1918 Donati
2534 1864 2674 1919 ferre
2709 1874 2995 1936 cogantur,
3047 1868 3580 1940 impacatasillorum

1998 1952 2288 2006 calumnias
2316 1969 2442 2023 pace
2468 1969 2577 2009 sum
2603 1957 2951 2011 correctionis
2977 1958 3400 2028 exstinguerent.

2068 2042 2120 2098 5.
2147 2042 2251 2099 Sed
2282 2053 2335 2099 et
2361 2044 2425 2100 ad
2466 2045 2609 2101 illius
2649 2047 2836 2116 prima:
2864 2046 2929 2101 ad
2975 2047 3280 2103 Corinthios
3328 2048 3579 2118 Epistolas

1995 2134 2373 2205 consequentia
2422 2136 2724 2191 redeamus.
2786 2137 2920 2193 Cum
2972 2138 3195 2195 dixisset
3242 2142 3529 2210 Apostolus
3558 2183 3575 2207 ,

1999 2219 2216 2307 Tradere
2243 2224 2534 2295 hujusmodi
2559 2235 2750 2283 satante
2775 2229 2827 2282 in
2867 2229 3120 2283 interitum
3152 2232 3354 2298 carnis,
3387 2218 3449 2286 ut
3466 2233 3575 2303 spi-

1992 2312 2120 2367 ritus
2147 2314 2316 2369 salvus
2334 2316 2396 2369 sit
2424 2317 2475 2370 in
2504 2317 2587 2372 die
2607 2315 2813 2371 Domini
2838 2317 2965 2373 Iesu
2994 2334 3012 2372 :
3038 2319 3198 2374 etiam
3225 2328 3385 2390 atque
3413 2323 3571 2376 etiam

1993 2406 2372 2462 commendans
2417 2408 2717 2465 humilitate
2756 2410 3046 2481 lugentium
3069 2410 3170 2467 hoc
3212 2412 3409 2468 debere
3437 2413 3570 2477 fieri,

1992 2513 2097 2554 non
2141 2500 2387 2569 superbia
2441 2501 2811 2567 saevientium,
2857 2503 3112 2557 continuo
3153 2502 3397 2573 subjecit,
3452 2503 3572 2559 Non

1992 2593 2122 2645 bona
2149 2593 2381 2660 gloriatio
2396 2603 2556 2646 vestra
2579 2612 2592 2648 :
2618 2594 2700 2649 vel
2730 2609 2824 2664 per
2843 2594 3305 2664 exprobrationem
3327 2611 3564 2664 pronun-

1992 2680 2243 2745 tiationis,
2300 2679 2444 2735 Bona
2471 2683 2705 2753 gloriatio
2744 2696 2924 2737 vestra.
2951 2683 3041 2740 Sic
3062 2685 3202 2738 enim
3230 2687 3490 2751 nonnulli,
3518 2695 3570 2740 et

1993 2770 2221 2824 maxime
2250 2772 2393 2825 latini
2419 2773 2631 2828 codices
2658 2773 2873 2840 habent,
2906 2790 3028 2829 cum
3062 2776 3249 2831 eadem
3277 2778 3329 2830 in
3348 2788 3570 2847 utroque

1991 2862 2251 2916 sententia
2302 2871 2560 2917 teneatur.
2583 2863 2697 2918 Non
2721 2864 2861 2919 enim
2892 2865 3231 2920 metuendum
3258 2875 3339 2921 est
3365 2882 3431 2922 ne
3454 2869 3571 2936 quis

1991 2954 2251 3024 intelligat
2280 2954 2542 3010 laudando
2567 2971 2662 3011 eos
2686 2956 2906 3020 dixisse,
2931 2956 3076 3011 Bona
3101 2958 3336 3028 gloriatio
3366 2971 3524 3012 ucstra
3552 2975 3569 3012 :

1989 3060 2107 3099 cum
2138 3053 2192 3100 et
2218 3046 2462 3115 superius
2487 3046 2699 3111 dixerit,
2730 3046 2910 3117 lnﬁati
2926 3050 3073 3112 ‘estis,
3100 3058 3145 3103 et
3176 3066 3276 3103 non
3306 3052 3469 3120 potius
3498 3050 3569 3104 lu-

1986 3142 2120 3189 ctum
2145 3135 2420 3202 habuistis;
2467 3145 2518 3192 et
2557 3136 2644 3191 hic
2680 3138 2934 3193 continuo
2978 3140 3262 3210 subjungat
3288 3180 3305 3207 ,
3352 3139 3570 3195 Nescitis

1986 3227 2106 3297 quia
2152 3227 2403 3281 modicum
2450 3232 2747 3299 fermentum
2810 3238 2967 3284 totam
3013 3247 3233 3285 massam
3291 3235 3567 3301 corrumpit

1989 3318 2040 3387 (Ι
2068 3320 2185 3373 Cor.
2234 3335 2287 3382 ν,
2333 3319 2409 3389 6)
2451 3320 2638 3389 :quod
2684 3320 2751 3375 ad
2801 3320 2969 3390 ipsam
3019 3312 3190 3376 inanis
3239 3323 3569 3392 gloriationis

1989 3409 2385 3480 corruptionem
2412 3410 2790 3479 congruentius
2817 3409 3003 3466 referri
3032 3421 3206 3483 potest
3225 3412 3266 3465 ’.
3308 3412 3567 3483 Superbia

1986 3503 2183 3573 quippe
2228 3517 2294 3558 ex
2350 3509 2613 3558 vetustate
2637 3502 2661 3536 ³
2694 3503 2849 3573 primi
2890 3503 3139 3569 hominis,
3190 3504 3278 3574 qui
3318 3504 3565 3574 superbia

1987 3595 2164 3665 lapsus
2184 3603 2288 3663 est,
2318 3595 2466 3664 quasi
2514 3596 2828 3651 fermentata
2857 3604 2924 3652 et.
2949 3608 3197 3667 corrupta
3231 3608 3408 3652 mente
3442 3597 3567 3651 facit

1985 3688 2154 3743 elatos
2180 3688 2231 3741 in
2259 3702 2417 3741 unam
2443 3686 2880 3756 conspersionem
2902 3730 2917 3751 ,
2948 3689 3035 3757 qui
3081 3688 3293 3744 sibimet
3323 3690 3373 3743 in
3404 3704 3519 3744 eam
3545 3688 3569 3719 ⁸

1985 3778 2146 3832 simili
2171 3778 2441 3846 jactantia:
2465 3777 2696 3831 vanitate
2714 3780 3072 3834 consentiunt.
3113 3779 3179 3833 Et
3206 3780 3422 3849 gloriari
3448 3780 3567 3850 qni-

1985 3869 2130 3932 dem,
2164 3882 2269 3921 non
2289 3868 2357 3921 de
2372 3867 2604 3935 peccatis
2629 3867 2760 3933 suis,
2790 3868 2882 3922 sed
2910 3883 3070 3937 super
3083 3868 3305 3923 alterius
3330 3881 3561 3938 peccata,

1988 3968 2236 4029 tanquam
2266 3972 2334 4012 ex
2363 3956 2758 4025 comparatione
2784 3956 3102 4012 innocentim
3130 3971 3260 4023 sum,
3295 3959 3560 4013 modicum

1986 4050 2196 4104 videtur
2233 4047 2586 4110 fermentum;
2615 4046 2737 4117 quia
2768 4047 2834 4102 de
2859 4046 2970 4102 suis
2998 4047 3158 4103 etiam
3180 4048 3568 4117 iniquitatibus

1984 4141 2225 4213 gloriari,
2256 4141 2481 4196 multum
2527 4139 2846 4197 fermentum
2871 4152 2953 4196 est
2988 4158 3002 4195 :
3034 4140 3129 4195 sed
3158 4150 3212 4196 et
3242 4140 3370 4195 illud
3400 4140 3569 4195 modi-

1986 4250 2107 4289 cum
2136 4243 2297 4301 tot_am
2327 4247 2558 4288 massam
2587 4233 2900 4303 corrumpit.
2930 4232 3085 4287 Cadit
3131 4232 3272 4286 enim
3308 4233 3569 4302 superbus

1986 4326 2179 4381 merito
2206 4324 2466 4394 superbitn
2515 4338 2653 4389 sine,
2703 4333 2758 4378 et
2800 4324 2984 4392 incipit
3026 4324 3184 4379 etiam
3216 4332 3428 4392 peccata
3474 4339 3565 4377 sua

1986 4416 2325 4473 defendenda
2350 4415 2487 4469 velle
2507 4414 2741 4483 gloriari.
2771 4414 2921 4482 Quod
2955 4412 3247 4483 praevidens
3270 4414 3405 4468 idem
3435 4430 3565 4483 apo-

1987 4508 2154 4562 stolus
2180 4507 2255 4560 ait
2282 4505 2683 4576 :Quapropter,
2714 4506 2801 4576 qui
2844 4521 2899 4559 se
2937 4516 3077 4576 putat
3119 4517 3274 4571 stare,
3320 4508 3482 4560 videat
3510 4522 3571 4559 ne

1987 4598 2135 4653 cadat
2183 4598 2303 4665 (Id.
2357 4614 2407 4661 x,
2443 4595 2572 4662 12).
2617 4595 2687 4650 Et
2733 4597 2920 4650 iterum
2980 4613 2994 4649 :
3052 4595 3113 4652 Si
3184 4609 3568 4668 pra'occupatus

1989 4691 2139 4761 fuerit
2166 4692 2314 4743 homo
2342 4690 2394 4742 in
2431 4689 2599 4757 aliquo
2624 4687 2806 4741 delicto
2825 4728 2840 4754 ,
2867 4703 2953 4742 ros
2992 4689 3078 4757 qui
3100 4689 3388 4758 spirituales
3427 4692 3567 4751 estis,

1987 4781 2219 4836 instruite
2240 4768 2537 4847 hujusmodi
2564 4779 2616 4832 in
2638 4779 2820 4847 spiritu
2848 4779 3265 4839 mansuetudinis,
3298 4780 3565 4832 intendens

1989 4874 2231 4941 teipsum,
2266 4881 2329 4923 ne
2352 4880 2399 4924 et
2429 4881 2482 4923 tu
2519 4868 2742 4923 tenteris.
2771 4868 2911 4921 Alter
2937 4867 3146 4922 alterius
3172 4885 3324 4922 onera
3351 4879 3565 4938 portate.

1989 4976 2034 5019 et
2063 4966 2136 5020 sic
2163 4963 2502 5033 adimplebitis
2530 4963 2689 5032 legem
2718 4959 2906 5016 Christi
2935 4959 3129 5031 (Galat.
3158 4960 3311 5027 v1.1,
3331 4960 3408 5032 2).
3430 4961 3566 5027 Quid

1989 5067 2071 5110 est
2111 5057 2192 5110 lex
2234 5053 2468 5118 Christi,
2502 5050 2955 5107 nisi:Mandatum
2999 5066 3180 5104 novum
3208 5051 3274 5105 do
3302 5050 3437 5105 vobis
3462 5092 3475 5112 .
3516 5061 3571 5103 ut

1988 5145 2211 5215 diligatis
2236 5144 2445 5197 invicem
2467 5141 2486 5211 (
2508 5140 2662 5195 Joan.
2694 5156 2807 5207 χιιι,
2840 5139 2978 5209 54)?
3006 5140 3146 5208 Quid
3177 5152 3258 5195 est
3297 5139 3381 5195 lex
3406 5139 3561 5193 Chri-

1988 5236 2078 5299 sti,
2108 5234 2207 5288 nisi
2234 5246 2251 5284 :
2281 5232 2468 5287 Pacem
2494 5247 2655 5284 meam
2683 5230 2749 5284 do
2774 5229 2931 5295 vobis,
2960 5246 3134 5301 pacem
3183 5231 3409 5299 relinquo
3435 5229 3570 5283 vobis

2052 5370 2067 5401 ί
2097 5366 2301 5418 vaticani
2335 5371 2464 5425 Mss,
2488 5361 2538 5413 in
2560 5362 2689 5414 orbis
2707 5368 2949 5413 terrarum
2966 5368 3133 5412 sancta
3155 5362 3330 5412 unitate
3353 5361 3569 5413 disrum-

2049 5438 2168 5480 rent.

2186 5488 2391 5539 Vaticani
2406 5485 2614 5536 codices.
2636 5494 2692 5536 At
2713 5484 2828 5536 editi
2845 5519 2861 5544 ,
2885 5482 3004 5547 quid
3027 5482 3094 5534 ad
3115 5482 3370 5547 ἕρπων...
3394 5485 3572 5548 referri

1990 5553 2179 5618 potest}?
2198 5553 2353 5618 minus
2369 5556 2523 5618 recte.
2566 5613 2576 5618 _
2642 5613 2700 5618 __
2770 5613 2799 5618 _
2974 5607 3001 5618 ῃ
3061 5562 3064 5567 ’

2054 5616 2073 5645 ³
2097 5614 2232 5671 Fditi,
2257 5610 2378 5660 velut
2402 5621 2466 5658 ea:
2505 5613 2745 5658 vetustate.
2770 5607 3084 5669 Expuugitur,
3117 5604 3258 5666 velut,
3287 5610 3570 5658 auctoritate

1990 5672 2399 5724 ealictsrasalini.
2494 5729 2506 5737 _
2968 5725 3019 5737 ,ί
3218 5726 3231 5737 .
3466 5728 3529 5737 ,.

2053 5738 2074 5767 δ
2099 5737 2262 5785 Plures
2307 5742 2444 5789 uss,
2488 5729 2537 5782 in
2578 5742 2674 5780 una
2738 5727 3066 5791 conspersione
3091 5761 3104 5788 ,
3147 5727 3231 5791 qui
3306 5727 3475 5781 sibiaet
3517 5728 3570 5780 in

1990 5812 2063 5850 sa.
