4050 6206
435 365 504 420 87
1223 361 1490 420 CONTRA
1532 353 1914 416 EPISTOLAM
1954 349 2398 420 PARMENIANI,
2441 355 2498 410 S.
2541 356 2909 413 AUGUSTINI
3661 358 3724 413 88

435 484 620 557 (Joan.
668 501 780 551 ιιν,
822 482 937 554 27).
968 479 1120 548 Quod
1161 494 1287 549 ergo
1315 479 1399 532 hic
1429 473 1836 532 dixitzlnvicem
1868 485 2022 524 onera

433 591 602 634 vestra
631 587 857 648 portate,
889 584 934 627 et
977 574 1049 626 sic
1090 571 1427 639 adimplebitis
1467 569 1622 637 legem
1659 565 1880 626 Christi;
1928 561 2030 615 hoc

428 673 534 728 alio
561 672 679 726 loco
706 669 797 732 ait,
824 664 1134 732 Sit/ferentes
1160 665 1368 717 invicem
1395 663 1445 714 in
1468 659 1753 718 dilectione.
1782 655 2032 710 studentes

427 777 627 817 servare
650 761 892 814 unitatem
919 757 1126 828 spiritus
1153 756 1202 808 in
1242 752 1440 808 vinculo
1462 752 1598 822 pacis
1626 748 1840 822 (Ephes.
1867 761 1941 812 tv,
1973 745 2028 812 Ξ,

429 854 514 922 5).
549 851 678 906 Nam
709 849 838 904 etin
871 848 960 902 illo
989 846 1254 901 Pharismo
1282 844 1544 898 modicum
1575 841 1888 896 fermentum
1912 851 2032 890 esse

437 942 736 1007 videbatur,
769 938 891 1010 quia
920 947 1257 1008 peccatorcm
1284 952 1389 990 non
1435 935 1607 987 solum
1649 946 1751 984 non
1783 928 2024 992 dolebat,

429 1033 522 1088 sed
549 1047 709 1102 super
725 1030 841 1100 ejus
861 1037 1073 1099 peccata
1090 1027 1155 1082 de
1167 1027 1276 1081 suis
1297 1041 1355 1080 se
1372 1024 1573 1078 meritis
1593 1021 1898 1077 extollebat.
1923 1018 2028 1072 Sed

429 1125 706 1180 descendit
722 1124 810 1179 ille
836 1121 1097 1178 confitens
1125 1129 1334 1191 peccata
1355 1134 1448 1172 sua
1471 1159 1488 1185 ,
1521 1117 1837 1186 justiticatus
1866 1113 2030 1180 magis

436 1233 595 1287 quam
627 1217 715 1273 ille
739 1216 1041 1270 Pharisazus
1062 1214 1268 1284 jactaus
1296 1213 1483 1268 merita
1511 1226 1603 1276 sua
1639 1227 1652 1264 :
1682 1209 1919 1281 quoniam
1945 1207 2030 1276 qui

430 1324 484 1361 se
508 1308 725 1371 exultat,
758 1306 1106 1360 humiliabitur
1133 1347 1148 1373 ,
1177 1316 1220 1359 et
1251 1307 1412 1376 quise
1441 1304 1691 1366 humiliat,
1725 1300 2028 1355 exaltabitur

437 1399 581 1466 (Luc.
610 1414 757 1463 xvut,
781 1396 990 1469 10-”).
1019 1396 1266 1466 Sequitur
1286 1411 1413 1466 ergo
1435 1394 1718 1465 Apostolus
1740 1433 1757 1459 ,
1785 1402 1840 1449 et
1862 1392 1988 1446 dicit
2012 1410 2024 1445 :

435 1491 729 1563 Eapurgate
752 1501 890 1546 vetus
934 1494 1233 1561 fermentum
1260 1529 1276 1552 ,
1327 1499 1379 1542 ut
1408 1487 1517 1542 sitis
1563 1502 1690 1540 nova
1719 1483 2024 1555 conspersio,

432 1584 558 1638 sicut
586 1585 701 1638 estis
725 1583 910 1653 azymi.
953 1581 1086 1648 Quid
1130 1589 1233 1644 est,
1256 1590 1308 1633 ut
1348 1580 1456 1632 sitis
1494 1577 1725 1648 ;etquid
1749 1585 1831 1632 cst
1857 1616 1873 1642 ,
1899 1577 2028 1629 sicut

433 1676 551 1728 estis
578 1690 596 1728 :
619 1675 719 1729 nisi
749 1675 869 1744 quia
893 1681 1045 1728 erant
1067 1672 1135 1726 ibi
1155 1672 1475 1735 tales,erant
1515 1669 1584 1723 ibi
1599 1686 1703 1723 non
1723 1669 1873 1732 tales,
1893 1683 2027 1736 quos

437 1776 496 1819 ut
520 1767 656 1820 tales
680 1773 882 1829 essent,
906 1762 1151 1831 exemplo
1183 1761 1367 1816 talium
1392 1759 1768 1815 commonebat
1785 1759 2023 1813 ?'famcn

435 1872 624 1912 omnes
649 1857 700 1910 in
743 1872 848 1910 uno
879 1864 1128 1922 tanquam
1160 1853 1376 1908 eosdem
1415 1852 1665 1907 admouet
1687 1892 1702 1918 ,
1733 1867 1800 1905 nc
1831 1851 1906 1904 illi
1934 1852 2025 1919 qui

440 1949 574 2003 tales
605 1957 758 2003 erant
785 1948 824 2011 ⁸,
870 1946 1218 2016 desperarent
1257 1944 1326 2000 de
1363 1943 1447 1998 his
1477 1944 1565 2013 qui
1615 1943 1848 1998 nondum
1894 1943 2027 1998 tales

438 2050 611 2102 erant.
635 2049 690 2095 et
703 2055 796 2094 eos
821 2039 887 2092 ad
908 2052 1218 2108 compagem
1248 2037 1328 2091 sui
1354 2036 1594 2105 corporis
1621 2051 1724 2090 non
1753 2035 2025 2105 pertinere

440 2132 860 2195 arbitrarentur;
888 2137 1139 2198 tanquam
1177 2126 1395 2184 eosdem
1421 2125 1675 2180 admouet
1712 2141 1834 2180 cum
1869 2125 2020 2190 dicit,

439 2231 494 2275 ut
519 2222 626 2276 sitis
652 2221 782 2276 sicut
807 2221 946 2276 estis.
995 2218 1262 2275 Noverant
1305 2219 1447 2274 enim
1496 2227 1550 2271 et
1594 2217 1668 2272 illi
1695 2217 1782 2287 qui
1807 2216 1916 2286 jam
1945 2216 2024 2270 sic

443 2320 618 2378 erant,
649 2322 708 2374 et,
729 2310 1052 2367 admonente
1078 2310 1338 2380 Apostolo
1361 2309 1528 2380 magis
1557 2309 1831 2378 magisque
1863 2323 2021 2362 nosse

442 2404 725 2468 debebant,
755 2402 977 2458 sufferre
999 2403 1118 2459 illos
1141 2403 1232 2474 qui
1261 2402 1492 2457 nondum
1507 2393 1598 2456 ‘sic
1620 2410 1771 2455 erant
1793 2442 1808 2465 ,
1838 2410 1896 2454 ut
1919 2399 2024 2454 suf-

443 2495 662 2550 ferendo
709 2495 936 2551 invicem
983 2496 1035 2550 in
1076 2495 1383 2561 dilectione,
1440 2503 1717 2552 servarent
1767 2495 2022 2549 unitatem

441 2587 661 2656 spiritus
686 2587 738 2641 iu
780 2586 992 2642 vinculo
1019 2589 1183 2658 pacis,
1217 2596 1272 2642 et
1312 2588 1541 2641 invicem
1583 2602 1743 2640 onera
1772 2601 1866 2640 sua
1894 2599 2021 2654 por-

444 2687 638 2744 tantes,
666 2677 948 2746 implerent
973 2679 1152 2748 utique
1180 2678 1348 2747 legem
1377 2675 1598 2743 Christi,
1630 2692 1731 2747 qua
1765 2677 2025 2732 Dominus

445 2777 626 2823 noster
663 2767 820 2822 Jesus
845 2767 1093 2823 Christus
1121 2769 1188 2823 ad
1217 2769 1509 2823 docendam
1541 2768 1856 2823 humilitatis
1883 2769 2022 2824 viam

442 2872 610 2928 usque
629 2857 694 2911 ad
723 2867 950 2913 mortem
980 2858 1156 2914 crucis
1188 2859 1451 2912 humiliari
1478 2858 1728 2928 dignatus
1748 2868 1830 2912 est
1855 2858 1874 2928 (
1895 2858 2024 2913 Phi-

442 2949 571 3020 lipp.
598 2965 655 3015 tt,
680 2948 766 3017 8),
793 2958 848 3006 et
878 2959 1126 3020 tanquam
1157 2949 1394 3004 medicus
1423 2959 1764 3019 mgrotautes,
1799 2951 1869 3004 ita
1900 2965 2021 3005 cum

441 3038 724 3094 dilectione
747 3040 962 3108 pertulit
985 3048 1266 3108 peccantes
1286 3082 1301 3106 ,
1321 3041 1386 3094 de
1401 3040 1593 3109 quibus
1620 3041 1828 3096 dixerat
1855 3082 1870 3107 ,
1895 3040 2014 3096 Non

440 3141 511 3181 est
526 3145 653 3197 opus
669 3131 806 3183 sanis
825 3129 1063 3195 medicus,
1088 3132 1178 3183 sed
1195 3131 1552 3199 (egrotantibus
1574 3130 1786 3201 (Matth.
1816 3149 1889 3198 ιι,
1909 3133 2021 3204 12).

442 3219 735 3288 Statimque
787 3219 1076 3290 principale
1132 3222 1406 3290 proposuit
1452 3223 1756 3291 exemplum
1802 3224 2019 3290 dicens,

446 3310 645 3366 Etenim
697 3312 886 3380 pascha
935 3321 1164 3366 nostrum
1200 3313 1488 3368 immolatus
1534 3325 1607 3370 est
1653 3315 1879 3371 Christus
1902 3333 1920 3370 :
1967 3327 2026 3373 ut

445 3411 604 3455 tanta:
637 3400 952 3457 humilitatis
978 3402 1224 3472 exemplo
1251 3403 1523 3459 discerent
1542 3420 1842 3476 expurgare
1868 3416 2024 3462 vetus

448 3493 787 3556 fermentum,
818 3491 870 3546 id
900 3501 1017 3557 est,
1065 3493 1317 3563 quidquid
1351 3495 1401 3548 itt
1432 3496 1510 3550 eis
1540 3497 1804 3565 superbia:
1833 3497 1902 3553 de
1931 3513 2022 3553 ve-

452 3581 550 3635 teri
581 3581 796 3636 homine
819 3582 1180 3638 remansisset.
1212 3582 1393 3652 Itaque
1412 3627 1426 3651 ,
1458 3585 1648 3655 inquit,
1679 3587 1811 3640 diem
1841 3591 2024 3658 festum

444 3673 747 3727 celebremus
769 3689 789 3738 ;
808 3687 913 3728 non
935 3673 1115 3744 utique
1145 3691 1301 3728 unum
1323 3674 1484 3743 diem,
1513 3677 1605 3731 sed
1631 3687 1793 3731 totam
1821 3681 1982 3734 vitam
2008 3697 2021 3733 :

444 3780 546 3818 non
585 3764 637 3818 in
689 3765 933 3833 fermento
977 3765 1145 3832 veteri,
1178 3766 1399 3837 neqaein
1440 3770 1684 3837 fermento
1725 3769 1932 3824 malitia:
1980 3781 2026 3824 et

443 3853 794 3925 malignitatis,
824 3854 914 3910 sed
950 3854 1004 3908 in
1029 3857 1220 3926 azymis
1255 3856 1556 3912 sinceritatis
1581 3868 1628 3912 et
1653 3859 1891 3915 veritatis.
1919 3859 2027 3915 Ma-

449 3947 560 4001 litia
590 3946 784 4018 quippe
819 3955 902 4002 est
946 3956 1003 4001 et
1041 3947 1337 4018 malignitas
1371 3948 1516 4003 velut
1569 3949 1635 4004 de
1673 3949 1847 4005 alieno
1902 3965 2027 4021 pce-

442 4045 563 4091 cato
602 4035 857 4108 gloriari,
889 4037 1038 4106 quasi
1069 4046 1191 4091 tunc
1220 4037 1411 4092 debeat
1434 4037 1502 4091 de
1527 4038 1730 4107 justitia
1755 4054 1848 4094 sua
1877 4041 2025 4110 quis-

445 4141 550 4195 que
573 4126 836 4196 gaudere,
864 4141 985 4180 cum
1027 4126 1189 4180 alium
1213 4125 1415 4195 justum
1441 4141 1561 4182 esse
1587 4143 1691 4182 non
1743 4144 2029 4200 couSpexe-

447 4219 536 4272 rit.
568 4216 862 4272 Siueeritas
891 4226 1068 4271 autem
1095 4224 1150 4271 et
1175 4217 1371 4272 veritas
1397 4225 1513 4284 est,
1550 4219 1709 4274 etiam
1747 4221 1789 4274 si
1821 4223 2028 4291 proiicit

442 4307 638 4376 aliquis
659 4347 672 4370 ,
695 4305 1006 4360 meminisse
1029 4305 1154 4375 quid
1181 4305 1357 4372 fuerit,
1403 4315 1459 4363 et
1487 4307 1658 4363 multo
1689 4311 1852 4380 magis
1878 4313 2030 4366 mise-

445 4397 551 4450 reri
595 4396 864 4466 lapsorum
916 4414 929 4449 :
976 4395 1402 4466 quandoquidem
1451 4399 1566 4469 ipse
1605 4410 1820 4456 erectus
1869 4410 1950 4456 est
1998 4419 2026 4454 a

447 4489 598 4557 lapsu
648 4500 746 4541 suo
772 4501 869 4556 per
895 4484 1092 4540 Christi
1128 4486 1570 4556 misericordiam,
1626 4491 1716 4560 qui
1761 4492 1877 4546 sine
1919 4492 2028 4546 ullo

447 4595 546 4634 suo
576 4588 794 4649 peccato
815 4592 874 4633 se
903 4592 999 4648 pro
1037 4581 1404 4649 peccatoribus
1426 4581 1720 4636 humiliavit
1740 4584 1781 4635 ³.

520 4673 574 4726 6.
607 4671 710 4726 Sed
737 4687 803 4726 ne
834 4671 1128 4741 perniciose
1156 4672 1522 4744 relinquantur
1541 4715 1557 4740 ,
1598 4683 1653 4729 et
1678 4676 1827 4745 quasi
1866 4676 2028 4730 dissi-

449 4761 714 4816 mulanter
751 4760 1082 4831 negligantur
1126 4761 1294 4817 aliena
1339 4773 1586 4833 peccata,
1633 4765 1775 4833 quod
1814 4781 1920 4819 non
1950 4775 2033 4819 est

449 4853 670 4908 minoris
695 4853 1022 4909 crudelitatis
1044 4895 1060 4920 ,
1106 4869 1265 4924 quam
1294 4854 1422 4909 illud
1451 4856 1712 4924 superbiae
1736 4899 1750 4922 ,
1794 4858 2033 4928 sequitur

449 4955 503 5001 et
530 4945 695 5000 dicit:
726 4945 918 5016 Scripsi
945 4945 1080 5001 vobis
1111 4946 1164 4999 in
1190 4947 1422 5016 epistola,
1453 4963 1555 5000 non
1583 4949 1894 5003 commisceri
1921 4952 2028 5020 for-

449 5039 683 5102 nicariis;
711 5054 811 5092 non
854 5037 1140 5108 fornicariis
1177 5037 1330 5109 hujus
1372 5039 1576 5101 mundi,
1619 5049 1706 5092 aut
1730 5042 1916 5107 avaris,
1947 5051 2032 5093 aut

451 5129 738 5200 raptoribus
763 5169 778 5195 ,
825 5137 912 5181 aut
941 5125 1093 5181 idolis
1118 5128 1438 5183 servientibus
1459 5143 1478 5182 :
1499 5128 1721 5199 alioquin
1752 5129 2033 5184 debueratis

448 5225 510 5276 de
531 5222 625 5275 hoc
647 5220 832 5274 mundo
856 5219 1033 5274 exisse.
1052 5218 1198 5288 Opus
1217 5219 1358 5274 enim
1384 5228 1618 5274 vestrum
1641 5221 1692 5275 itt
1716 5221 1817 5276 hoc
1835 5223 2034 5276 mundo

450 5313 577 5368 illud
604 5322 706 5376 est,
738 5321 794 5366 ut
825 5320 1129 5382 peccatores
1151 5311 1366 5366 Christo
1384 5311 1452 5366 ad
1479 5312 1702 5368 salutem
1730 5313 2030 5369 Iucremini.

450 5404 602 5470 Quod
651 5403 762 5458 fieri
805 5419 908 5456 non
954 5402 1186 5472 poterit,
1234 5400 1278 5456 si
1318 5417 1499 5456 eorum
1546 5403 1804 5474 colloquia
1849 5405 2032 5460 convi-

452 5507 701 5567 ctumque
742 5495 970 5568 fugiatis.
1018 5493 1170 5548 Nunc
1197 5504 1393 5560 autem,
1442 5496 1650 5566 inquit,
1695 5498 1876 5567 scripsi
1901 5500 2036 5553 vobis

518 5657 702 5728 {Juxta
724 5663 794 5707 Er.
817 5657 1107 5728 Lygdven.
1139 5662 1267 5728 ωιτη
1301 5656 1414 5728 quia
1450 5657 1568 5710 tales
1600 5665 1736 5709 erant
1767 5671 1782 5708 :
1809 5667 1858 5710 et
1899 5661 2036 5721 paulo

453 5727 576 5780 post,
604 5718 714 5777 quia
731 5718 940 5768 nonduin
956 5718 1072 5769 tales
1093 5724 1248 5768 erant.
1315 5725 1368 5767 Μ.

515 5780 536 5809 ί
560 5777 726 5827 Plures
746 5785 870 5840 uss,
898 5777 1288 5841 sepeccaloribus
1306 5779 1585 5831 lmmiliarit.

2143 483 2243 520 non
2271 469 2580 522 commisceri
2599 485 2615 522 :
2634 469 2676 522 si
2701 468 2810 538 quis
2849 473 3002 539 frater
3029 470 3348 522 uominatur‘
3375 469 3499 523 inter
3528 488 3611 524 vos
3637 485 3725 524 aut

2140 559 2434 628 fornicator,
2459 574 2544 614 aut
2566 563 2712 616 idolis
2731 563 2967 628 serviens,
2992 572 3078 614 aut
3093 577 3295 629 avarus,
3317 573 3403 615 aut
3425 564 3719 628 maledicus,

2139 661 2226 703 aut
2259 652 2502 717 ebriosus,
2531 665 2617 706 aut
2654 670 2837 721 rapax,
2868 671 2979 706 cum
3017 654 3264 724 ejusmodi
3299 634 3574 707 necicibum
3605 659 3720 724 qui-

2139 741 2252 794 dem
2279 744 2429 799 simul
2452 762 2664 798 sumere.
2713 744 2824 810 Quo
2848 746 2976 798 enim
3006 746 3126 798 mihi
3152 745 3214 799 de
3243 745 3319 798 Itis
3345 748 3430 816 qui
3459 747 3584 817 foris
3610 758 3723 800 siml

2127 835 2401 904 judicare?
2427 835 2612 890 Nonne
2641 837 2703 890 de
2728 838 2805 891 his
2828 839 2914 907 qui
2938 838 3071 890 intus
3093 847 3210 891 sunt
3235 854 3320 892 vos
3338 838 3580 907 judicatis
3597 841 3622 892 ?
3651 839 3724 891 De

2138 925 2216 977 his
2245 937 2410 978 autem
2438 928 2521 996 qui
2547 927 2670 997 foris
2697 937 2833 994 sunt,
2866 927 2998 981 Deus
3012 927 3282 998 judicabit.
3301 928 3506 997 Auferte
3531 931 3721 982 malum

2138 1029 2200 1068 ea:
2226 1016 2364 1070 vobis
2391 1017 2515 1087 ipsis
2542 1018 2580 1088 (Ι
2612 1017 2730 1072 Cor.
2762 1033 2816 1081 v,
2849 1018 3022 1086 7-12).

2209 1109 2261 1161 7.
2295 1110 2430 1164 Ecce
2459 1110 2906 1180 quemadmodum
2952 1110 3014 1162 ad
3061 1109 3197 1164 hanc
3225 1112 3543 1165 sententiam
3576 1113 3720 1166 venit

2140 1199 2453 1268 Apostolus,
2483 1200 2633 1269 cujus
2663 1200 2898 1254 ultimam
2927 1201 3238 1269 particulam
3268 1202 3564 1271 ponendam
3592 1219 3716 1258 cre-

2136 1289 2268 1344 didit
2313 1292 2728 1358 Parmenianus,
2772 1294 2954 1348 dicens
2997 1308 3118 1348 esse
3175 1295 3464 1362 scriptum,
3512 1296 3721 1364 Auferte

2136 1381 2326 1434 malum
2367 1397 2428 1436 ea:
2469 1381 2604 1436 vobis
2641 1382 2784 1453 ipsis.
2848 1382 3058 1448 «Quod,
3089 1400 3108 1434 ›
3155 1383 3355 1451 inquit,
3406 1402 3422 1435 ι
3455 1385 3635 1454 utique
3676 1387 3721 1439 si

2137 1471 2288 1526 bonis
2313 1482 2367 1528 et
2389 1473 2606 1544 integris
2627 1489 2733 1528 non
2755 1482 2990 1538 noceret,
3021 1488 3126 1528 non
3147 1474 3424 1543 juberetur
3444 1474 3662 1530 auferri.
3691 1495 3710 1527 ι

2134 1563 2262 1630 Qua:
2290 1575 2466 1620 autem
2495 1567 2736 1635 superius
2769 1566 2908 1620 dicta
2937 1575 3081 1628 sunt,
3115 1565 3256 1620 unde
3282 1567 3346 1618 ad
3377 1566 3476 1622 hoc
3505 1577 3720 1622 ventum

2136 1662 2238 1719 est,
2265 1657 2634 1723 prmtormisit;
2663 1657 2854 1724 quibus
2877 1659 3057 1726 utique
3076 1657 3140 1711 ad
3169 1657 3218 1711 id
3238 1658 3376 1728 quod
3402 1660 3721 1727 persuadere

2133 1745 2412 1813 cupiebat,
2468 1748 2856 1815 separatiouetn
2909 1764 2938 1803 a
2992 1749 3144 1803 malis
3198 1749 3310 1804 fieri
3365 1751 3724 1819 corporaliter

2132 1845 2413 1905 oportere,
2472 1845 2677 1906 poterat
2724 1837 2960 1907 adjuvari
3009 1838 3218 1893 dicente
3265 1840 3543 1908 Apostolo,
3592 1840 3722 1894 Cum

2131 1924 2422 1994 hujusmodi
2463 1943 2553 1980 nec
2600 1927 2763 1980 cibum
2815 1927 2969 1982 simul
3011 1945 3227 1984 sumere.
3289 1929 3396 1983 Cur
3435 1945 3562 2001 ergo
3612 1948 3718 1986 non

2131 2019 2569 2072 commemoravit
2598 2018 2738 2088 quod
2764 2019 2879 2088 ejus
2911 2019 3257 2074 intentionem
3288 2021 3517 2076 maxime
3559 2022 3716 2092 adju-

2129 2123 2255 2163 vare
2289 2123 2444 2177 posse
2484 2109 2799 2165 videbatur?
2838 2110 2970 2165 Ctuu
3013 2111 3154 2165 enim
3183 2111 3526 2168 vehementer
3556 2114 3720 2169 instet

2130 2209 2187 2254 ut
2226 2215 2255 2254 a
2301 2202 2441 2256 male
2483 2202 2785 2258 viventibus
2825 2203 3158 2272 corporalem
3205 2206 3594 2273 Separatiouem
3638 2206 3717 2260 fa-

2129 2290 2373 2345 ciendam
2403 2307 2521 2347 esse
2550 2293 2898 2363 persuadeat,
2944 2309 3040 2348 cur
3087 2310 3192 2348 non
3233 2294 3449 2350 adhibet
3475 2297 3718 2351 testintoo

2133 2381 2278 2436 nium
2313 2381 2552 2452 Apostoli
2597 2383 2851 2445 dicentis,
2883 2383 2943 2438 Si
2969 2383 3080 2454 quis
3109 2384 3269 2453 frater
3293 2386 3578 2438 nominatur
3605 2392 3716 2457 for-

2131 2473 2347 2540 nicator,
2374 2483 2461 2528 aut
2486 2473 2636 2528 idolis
2658 2476 2906 2538 serviens,
2943 2485 3028 2528 aut
3062 2493 3262 2540 avarus,
3291 2487 3379 2530 aut
3406 2478 3680 2532 maledicus
3699 2523 3714 2544 ,

2129 2572 2215 2616 aut
2235 2563 2478 2629 ebriosus,
2521 2574 2605 2616 aut
2631 2581 2813 2635 rapax,
2846 2581 2958 2618 cum
2999 2566 3245 2637 ejusmodi
3269 2583 3357 2619 nec
3380 2567 3544 2620 cibum
3569 2569 3719 2623 simul

2129 2669 2324 2708 seruere
2345 2669 2365 2708 :
2387 2654 2484 2708 nisi
2511 2656 2631 2724 quia
2666 2656 2828 2721 vidit,
2863 2656 2905 2718 si
2936 2656 3035 2710 hoc
3061 2657 3287 2724 diceret,
3313 2673 3468 2727 posse
3501 2659 3601 2714 sibi
3628 2677 3718 2716 rc-

2129 2744 2418 2812 sponderi,
2465 2745 2609 2799 Itane
2653 2762 2746 2800 vos
2775 2748 2934 2801 etiam
2965 2746 3312 2802 fornicatores
3341 2758 3394 2803 et
3419 2749 3570 2803 idolis
3597 2766 3716 2805 ser-

2130 2835 2336 2888 vientes
2365 2843 2457 2888 aut
2487 2850 2590 2889 non
2634 2835 2837 2890 habetis
2858 2835 2884 2902 ,⁷
2916 2845 3007 2890 aut
3045 2852 3138 2892 eos
3169 2838 3459 2907 ignoratis?
3502 2840 3715 2896 Nullum

2129 2940 2370 2993 avarum,
2402 2935 2493 2980 aut
2521 2928 2866 2990 maledicum,
2900 2941 2991 2982 aut
3020 2930 3310 2998 ebriosum,
3341 2941 3432 2986 aut
3470 2948 3715 3001 rapacem

2132 3019 2272 3072 inter
2312 3033 2405 3072 vos
2449 3019 2640 3073 videtis
2683 3029 2736 3074 et
2785 3021 2992 3074 nostis?
3045 3023 3150 3076 Cur
3187 3037 3314 3093 ergo
3357 3039 3476 3078 cum
3526 3023 3717 3078 talibus

2129 3116 2314 3162 contra
2342 3105 2664 3179 praeceptum
2696 3111 2961 3179 Apostoli,
2989 3126 3092 3165 non
3117 3113 3289 3167 solum
3314 3114 3492 3168 cibum
3517 3129 3716 3169 mensa:

2131 3207 2321 3251 vestra:
2354 3199 2562 3253 sumitis
2583 3241 2596 3264 ,
2624 3199 2717 3254 sed
2748 3201 2907 3254 etiam
2933 3217 3140 3256 cmnam
3159 3204 3178 3233 ’
3202 3219 3401 3257 mensa:
3429 3204 3716 3258 Dominicm

2130 3289 2574 3344 communicatis?
2631 3290 2741 3345 lloc
2801 3306 2930 3361 ergo
2989 3292 3401 3360 Parmcuianus,
3461 3304 3716 3364 quantum

2131 3379 2382 3442 arbitror,
2413 3381 2614 3434 evitare
2639 3395 2862 3436 conatus
2885 3393 2995 3443 est.
3039 3400 3103 3438 ne
3133 3385 3233 3439 sibi
3266 3387 3714 3454 responderetur;

2131 3481 2183 3524 ut
2228 3469 2278 3524 id
2311 3486 2414 3523 non
2446 3481 2669 3540 p0ueret
2712 3473 2851 3541 quod
2898 3489 2993 3542 pro
3036 3474 3150 3542 ejus
3190 3491 3347 3527 causa
3394 3477 3719 3532 validissime

2129 3575 2321 3614 sonare
2345 3561 2612 3614 videretur
2636 3578 2648 3612 :
2675 3577 2796 3614 naut
2828 3561 2928 3614 hoc
2955 3562 3204 3630 Epistolm
3232 3566 3537 3631 apostolica:
3566 3568 3718 3636 Capi-

2133 3653 2296 3706 tulum
2325 3652 2370 3706 si
2399 3669 2518 3707 eum
2547 3651 2819 3722 fugisset”,
2849 3663 2903 3707 et
2927 3654 2974 3708 ei
3006 3669 3109 3707 non
3128 3655 3448 3711 occurrisset
3471 3696 3486 3721 ,
3517 3674 3620 3710 non
3650 3676 3718 3713 ex

2130 3744 2245 3813 ejus
2286 3743 2467 3798 ultima
2511 3754 2661 3814 parte
2701 3753 2959 3814 poneret,
3001 3745 3206 3814 Auferte
3243 3747 3432 3799 malum
3475 3764 3537 3801 ea:
3579 3753 3720 3803 vobis

2130 3835 2273 3905 ipsis.

2204 3925 2257 3979 8.
2287 3924 2392 3980 Sed
2422 3939 2562 3979 nunc
2589 3924 2707 3994 quia
2738 3923 2838 3978 hoc
2868 3924 3096 3979 diximus
3117 3968 3130 3992 ,
3162 3924 3385 3982 fortasse
3432 3929 3517 3983 isti
3557 3931 3718 3986 aude-

2133 4019 2264 4071 bunt
2293 4033 2488 4088 negare
2523 4018 2705 4073 haberi
2749 4019 2890 4073 inter
2915 4034 2973 4072 se
3002 4034 3190 4075 avaros
3210 4063 3224 4086 ,
3271 4031 3361 4074 aut
3389 4023 3676 4078 maledicos
3700 4066 3716 4090 ,

2132 4119 2222 4164 aut
2247 4109 2488 4165 ebriosos
2514 4150 2528 4173 ,
2561 4119 2653 4163 aut
2699 4126 2953 4178 rapaces;
3004 4119 3059 4165 et
3102 4111 3272 4180 ipsum
3303 4112 3587 4181 Optatum,
3629 4117 3717 4184 qui

2134 4200 2396 4254 universa:
2426 4198 2623 4253 Africa:
2655 4200 2963 4255 notissimus
3005 4199 3122 4266 fuit,
3171 4217 3329 4270 quem
3364 4204 3562 4257 tamdiu
3596 4221 3717 4274 pcr-

2135 4293 2413 4358 tulerunt,
2468 4291 2721 4362 quamdiu
2769 4293 3095 4357 timuerunt,
3151 4292 3384 4350 fortasse
3432 4295 3721 4353 defendere

2134 4384 2490 4439 conabuntur.
2544 4383 2734 4437 Dicant
2766 4398 2912 4452 ergo,
2939 4384 2980 4436 si
3033 4393 3288 4453 possunt,
3344 4387 3615 4442 meliorem
3661 4404 3720 4442 se

2135 4485 2294 4545 atque
2338 4473 2695 4546 purgatiorem
2743 4473 2939 4528 habere
2985 4491 3128 4529 nunc
3175 4475 3506 4542 Ecclesiam,
3557 4495 3718 4547 quam

2135 4577 2247 4621 erat
2276 4567 2388 4636 ipsa
2427 4567 2600 4619 unitas
2627 4564 2916 4618 beatissimi
2952 4563 3205 4636 Cypriani
3235 4567 3564 4634 temporibus
3584 4609 3596 4630 ,
3630 4569 3721 4637 qui

2135 4657 2365 4726 collegas
2394 4671 2540 4723 suos,
2580 4670 2610 4710 a
2635 4657 2827 4726 quibus
2859 4663 3035 4710 tamen
3067 4656 3211 4710 nulla
3235 4658 3496 4726 corporali
3518 4658 3724 4728 disjun-

2135 4753 2310 4806 ctione
2339 4761 2616 4822 separatus
2653 4759 2757 4817 est,
2803 4751 3006 4806 nullum
3051 4767 3236 4806 eorum
3283 4753 3592 4806 nominatim
3623 4769 3722 4822 ap-

2137 4843 2372 4913 pellans,
2421 4843 2515 4899 sed
2565 4843 2855 4914 prudenter
2879 4859 2940 4896 ac
2966 4843 3142 4898 sobrie
3180 4843 3548 4899 saluberrima:
3575 4862 3725 4900 mor-

2136 4935 2380 4989 dacitatis
2423 4934 2656 4990 inferens
2696 4934 2719 4966 ⁸
2747 4934 3082 5001 medicinam,
3131 4934 3213 4989 his
3257 4937 3432 4990 verbis
3479 4941 3719 5008 graviter

2138 5028 2330 5096 atgttit,
2362 5027 2484 5097 quia
2513 5025 2870 5081 esurientibus
2897 5027 2949 5079 in
2979 5025 3215 5081 Ecclesia
3244 5026 3494 5083 fratribus
3523 5019 3725 5084 habere

2140 5130 2414 5188 argcttlum
2443 5119 2659 5190 largiter
2686 5119 2905 5187 vellent,
2939 5118 3129 5175 fundos
3156 5120 3426 5176 insidiosis
3452 5121 3729 5179 fraudibus

2205 5235 2218 5263 ί
2247 5231 2381 5288 editi,
2405 5229 2676 5298 nominatur
2699 5235 2844 5298 etest.
2873 5229 2996 5298 Male
3010 5231 3238 5293 additum,
3263 5238 3309 5283 et
3324 5240 3412 5296 est,
3429 5234 3556 5298 quod
3573 5237 3737 5286 nostri

2139 5304 2481 5359 omnesprope
2503 5291 2722 5359 Gallicani
2748 5300 2850 5341 Mss.
2876 5291 3407 5359 meritoprtetereunt,
3434 5291 3542 5344 cum
3566 5305 3730 5359 Augu-

2140 5356 2295 5418 stinus
2315 5353 2681 5418 hanc__npostoli
2704 5355 2996 5418 sententiam
3028 5353 3097 5403 sic
3129 5353 3519 5418 interpretetur:
3545 5358 3587 5405 si
3621 5353 3734 5418 quis

2142 5416 2288 5480 frater
2313 5415 2359 5461 in
2395 5413 2570 5480 talibus
2598 5415 2801 5480 sit_vitiis
2823 5415 3094 5480 nominatus
3117 5424 3180 5480 et_
3191 5413 3416 5468 fauiosus.
3436 5419 3552 5468 vide
3587 5413 3732 5480 infra,

2143 5491 2189 5524 ιι.
2221 5476 2303 5532 H;
2331 5484 2383 5523 et
2405 5474 2488 5523 lib.
2512 5474 2576 5523 de
2601 5474 2712 5523 Fide
2739 5483 2790 5524 et
2804 5476 3057 5536 Operibus,
3085 5491 3132 5524 ιι.
3151 5477 3198 5526 5.

2206 5540 2224 5569 ²
2251 5537 2458 5585 Vaticani
2481 5536 2674 5585 codices
2695 5537 2937 5591 omittunt,
2965 5549 3168 5587 cwuam.

2207 5599 2318 5666 fsic
2357 5599 2717 5666 praestantiores
2747 5604 2863 5666 ttssro
2885 5597 2969 5646 Alii
3007 5598 3217 5662 quidam,
3243 5599 3285 5650 si
3322 5614 3432 5650 cum
3471 5613 3526 5652 eo
3547 5602 3734 5663 fuisset.

2144 5660 2257 5707 tiditi
2282 5657 2461 5716 autem,
2486 5658 2526 5708 si
2535 5657 2866 5708 temtsulnisset.

2207 5723 2226 5750 δ
2249 5721 2320 5768 sic
2341 5727 2442 5767 MSS.
2474 5727 2520 5768 et
2545 5720 2737 5782 quidam
2771 5721 2903 5770 edtti.
2941 5719 3033 5771 sed
3071 5721 3184 5771 editi
3226 5721 3375 5773 multo
3407 5724 3590 5787 plures,
3616 5726 3735 5778 inse-

2147 5795 2270 5831 rens.
2345 5789 2394 5829 Μ.
