4050 6206
289 372 355 429 89
1658 380 1857 440 LIBER

1966 386 2214 448 ιιιτιυδ.
2344 404 2347 407 ν
3498 423 3567 480 9,

287 504 571 567 raperent,
604 497 783 555 usuris
814 496 1287 569 multiplicantibus
1326 501 1476 556 fenus
1501 512 1775 573 augerent.
1804 504 1873 560 Et

286 597 346 644 ut
366 588 707 658 apertissime
743 588 1055 645 escenderet
1078 588 1147 645 de
1170 589 1255 645 his
1279 606 1340 646 se
1364 591 1542 646 dicere
1562 635 1577 657 ,
1605 608 1725 648 cum
1754 595 1876 664 qui-

285 680 384 737 bus
423 680 478 734 in
520 680 679 736 unius
709 681 963 737 Ecclesia-
989 683 1363 739 coriununione
1388 684 1633 752 vivebat,
1683 701 1877 741 conse-

284 778 511 840 quenter
526 772 783 825 annexuit
802 788 817 825 :
842 789 860 822 ι
880 770 1018 837 Quid
1037 786 1143 828 non
1167 773 1368 842 perpeti
1388 774 1519 829 tales
1536 790 1631 844 pro
1645 777 1878 847 peccatis

286 859 591 932 bujusmodi
613 876 942 916 mereremur
963 880 984 914 ι
1018 861 1345 933 (Cyprianus,
1361 863 1526 919 Serm.
1547 866 1611 919 de
1628 864 1876 939 Lapsis)?

281 952 399 1010 Non
428 954 576 1010 enim
596 955 692 1019 ait,
722 954 1082 1019 Mererentur;
1113 955 1227 1022 sed,
1261 973 1281 1007 ι
1300 971 1660 1012 mereremur:
1688 978 1707 1011 ι
1734 958 1875 1029 quod

284 1046 429 1103 nullo
458 1046 625 1101 modo
646 1045 904 1113 dixisset,
924 1061 1046 1102 cum
1076 1047 1196 1103 talis
1223 1047 1404 1118 utique
1431 1048 1547 1118 ipse
1572 1063 1677 1104 non
1700 1060 1871 1117 esset,

285 1138 387 1193 nisi
416 1137 762 1194 manifestare
787 1138 950 1194 vellet
972 1153 1159 1192 eorum
1190 1137 1329 1194 facta
1357 1152 1417 1194 se
1443 1154 1678 1209 gemere,
1710 1141 1798 1211 qui
1824 1141 1875 1196 ei

283 1245 389 1285 non
416 1230 592 1284 solum
623 1229 877 1284 Ecclesiae
905 1230 1167 1296 unitate‘,
1198 1229 1292 1284 sed
1318 1230 1477 1285 etiam
1508 1230 1715 1301 collegii
1746 1247 1877 1287 con-

283 1323 454 1378 sortio
495 1321 885 1393 iungerentur,
922 1321 1168 1392 quamvis
1196 1321 1265 1375 ab
1301 1322 1381 1378 eis
1410 1324 1552 1388 vita,
1598 1324 1869 1392 moribus,

275 1412 465 1478 male,
486 1412 759 1482 proposito
773 1411 1131 1482 discreparet.
1143 1412 1332 1467 Dicant
1347 1427 1473 1482 ergo
1491 1412 1575 1467 isti
1596 1413 1868 1468 meliorem

278 1520 423 1560 nunc
460 1519 584 1559 esse
625 1503 919 1560 Ecclesiam
955 1516 1108 1558 suam
1129 1544 1143 1565 ,
1188 1512 1375 1559 etnon
1401 1518 1463 1559 se
1490 1503 1687 1559 habere
1715 1505 1867 1570 tales,

277 1595 475 1666 quales
512 1593 700 1649 habuit
724 1594 779 1648 in
815 1594 929 1664 ipsa
959 1594 1160 1650 unitate
1190 1594 1509 1665 Cyprianus.
1532 1592 1764 1649 Credant
1791 1594 1870 1650 eis

276 1690 370 1759 qui
391 1690 599 1755 volunt,
618 1696 672 1743 et
692 1686 950 1743 adversus
964 1701 1026 1743 ea
1043 1686 1183 1742 mala
1199 1702 1319 1756 quae
1337 1685 1405 1742 de
1425 1687 1663 1743 moribus
1683 1701 1867 1741 eorum

277 1778 586 1834 insimulata
615 1776 873 1841 fuerint',
905 1776 1088 1831 oculos
1111 1776 1359 1831 claudant
1383 1794 1397 1830 :
1420 1790 1521 1846 ego
1545 1790 1640 1830 eos
1665 1775 1731 1830 ad
1778 1776 1868 1830 illa

278 1871 392 1940 ipsa
420 1870 599 1940 priora
622 1867 840 1924 unitatis
863 1862 1102 1936 tempora
1127 1868 1413 1934 revocabo,
1442 1875 1496 1923 et
1519 1867 1588 1922 ab
1611 1868 1691 1922 eis
1718 1883 1867 1938 quie-

276 1979 390 2019 ram
415 2005 433 2031 ,
484 1974 660 2017 utrum
701 1960 915 2033 quando
944 1961 1031 2017 ille
1072 1968 1252 2015 tantus
1288 1961 1567 2030 episcopus
1594 1958 1869 2030 Carthagi-

275 2055 460 2111 nensis
504 2053 766 2110 Ecclesia:
811 2052 1110 2125 Cyprianus
1151 2052 1219 2108 de
1260 2062 1366 2107 tam
1417 2053 1557 2106 malo
1603 2053 1864 2122 collegio,

278 2145 590 2201 testimonio
616 2144 798 2198 liberte
824 2143 967 2198 vocis
997 2157 1164 2213 usque
1189 2143 1254 2198 ad
1285 2159 1345 2198 ea
1375 2144 1591 2214 scripta.
1624 2161 1743 2214 quae
1769 2159 1866 2213 po-

274 2235 435 2289 steris
476 2234 637 2289 etiam
683 2232 1067 2303 proderentur,
1122 2234 1413 2302 ingemuit,
1465 2243 1582 2289 erat
1633 2235 1865 2289 Ecclesia

274 2323 496 2389 Christi,
528 2338 596 2377 an
639 2339 745 2377 nun
788 2332 922 2378 erat.
950 2322 1007 2379 Si
1033 2334 1167 2389 erat,
1213 2336 1395 2393 quaero
1419 2326 1863 2395 quemadmodum

273 2415 573 2487 Cyprianus
596 2424 653 2471 et
678 2414 858 2470 caeteri
882 2414 1087 2470 similes
1106 2415 1222 2485 ejus
1246 2415 1534 2485 implebant
1556 2416 1696 2486 quod
1717 2433 1863 2485 pra:-

271 2508 414 2578 cepit
442 2508 751 2577 Apostolus,
786 2504 849 2561 Si
884 2507 996 2576 quis
1028 2509 1186 2577 frater
1212 2507 1501 2560 nominatur
1525 2516 1614 2560 aut
1639 2507 1858 2578 fornica-

274 2608 351 2651 tor
368 2638 384 2661 ,
415 2607 507 2651 aut
532 2612 746 2660 avarus,
776 2604 866 2648 aut
890 2593 1041 2649 idolis
1062 2597 1277 2649 serviens
1294 2632 1310 2660 ,
1337 2603 1425 2649 aut
1452 2595 1745 2659 maledicus,
1776 2606 1864 2650 aut

272 2694 527 2756 ebriosus,
572 2700 664 2745 aut
705 2706 902 2761 rapax,
948 2706 1066 2744 cum
1103 2689 1353 2762 ejusmodi
1393 2705 1483 2743 nec
1508 2689 1671 2743 cibum
1710 2688 1866 2743 simul

271 2801 468 2839 sumere
485 2782 737 2855 :quando
758 2798 879 2839 cum
909 2783 991 2837 bis
1018 2781 1192 2836 avaris
1216 2790 1269 2837 et
1299 2781 1595 2850 rapacibus,
1624 2781 1712 2850 qui
1735 2796 1861 2835 esu-

274 2876 536 2929 rientibus
575 2874 628 2928 in
662 2872 904 2928 Ecclesia
942 2871 1195 2928 fratribus
1224 2871 1423 2935 habere
1449 2881 1727 2942 argentum
1757 2872 1861 2925 lar-

268 2969 405 3037 giter
432 2966 667 3030 vellent,
716 2964 908 3020 fundos
947 2964 1219 3020 insidiosis
1259 2962 1533 3018 fraudibus
1572 2972 1857 3032 raperent,

272 3059 447 3112 usuris
470 3056 948 3128 multiplicantibus
968 3054 1122 3129 fenus
1141 3063 1415 3125 augerent,
1441 3068 1633 3125 panem
1652 3052 1859 3108 Domini

269 3148 684 3211 mandumbant,
715 3153 770 3201 et
792 3145 1014 3202 calicem
1045 3144 1337 3200 bibebant?

336 3239 390 3295 9.
420 3241 503 3293 An
535 3237 676 3294 forte
717 3251 878 3307 parva
901 3246 1025 3291 sunt
1055 3236 1152 3290 ista
1183 3234 1435 3303 crimina,
1462 3244 1517 3290 et
1540 3235 1686 3305 parvi
1715 3235 1858 3290 aesti-

267 3329 497 3384 manda?
526 3329 716 3385 Solent
752 3329 895 3384 enim
923 3327 1009 3381 isti
1039 3324 1198 3383 etiam
1224 3327 1326 3382 hoc
1350 3327 1547 3391 dicere,
1577 3336 1857 3395 pensantes

268 3436 331 3475 ea
356 3436 462 3474 non
493 3420 550 3474 in
580 3428 779 3475 statera
804 3433 955 3490 mqua
980 3417 1279 3474 divinarum
1303 3416 1699 3488 Scripturarum
1717 3461 1731 3483 ,
1761 3418 1855 3474 sed

267 3512 321 3566 in
350 3522 549 3567 statera
588 3511 774 3567 dolosa
815 3511 1258 3566 consuetudinum
1305 3524 1545 3566 suarum.
1589 3510 1855 3582 Quidquid

265 3606 406 3659 enim
451 3605 673 3660 sceleris
713 3613 771 3660 et
817 3604 1109 3675 iniquitatis
1152 3603 1382 3659 inebriat
1426 3604 1851 3672 multitudinem,

264 3697 453 3750 amittit
491 3694 757 3751 examinis
803 3697 1098 3752 veritatem.
1138 3680 1244 3750 Sed
1292 3693 1413 3749 ideo
1453 3703 1579 3749 sunt
1602 3702 1851 3760 tanquam

264 3788 683 3844 sincerissimum
717 3786 991 3857 speculum
1018 3786 1284 3858 proposita
1306 3784 1610 3841 hominibus
1638 3786 1851 3840 oracula

262 3880 562 3936 caelestium
588 3879 920 3951 paginarum,
951 3888 1007 3934 ut
1034 3877 1106 3933 ibi
1133 3878 1356 3948 quisque
1376 3875 1556 3931 videat
1577 3876 1853 3946 quodlibet

261 3980 541 4041 peccatum
581 3979 840 4041 quantum
880 3969 981 4035 sit,
1014 3969 1155 4040 quod
1184 3968 1322 4023 forte
1359 3981 1610 4038 magnum
1634 3975 1752 4030 est,
1796 3975 1852 4023 et

259 4065 396 4121 male
442 4064 940 4120 viventium'caeco
983 4079 1133 4140 more
1178 4064 1558 4119 contemnitur.
1603 4063 1849 4118 Potuitne

258 4157 469 4226 gravius
524 4154 722 4210 divinis
760 4155 985 4226 eloquiis
1018 4140 1270 4210 accusari
1317 4154 1571 4220 avaritia,
1603 4169 1762 4224 quam
1795 4163 1852 4209 ut

258 4247 576 4303 idololatriae
621 4247 1081 4303 demonstraretur
1109 4246 1362 4316 aqualis.
1400 4256 1455 4302 et
1482 4246 1596 4315 ejus
1635 4246 1849 4302 nomine

257 4340 640 4409 appellaretur,
683 4338 896 4394 dicente
937 4338 1211 4410 Apostolo,
1261 4337 1327 4393 Et
1353 4338 1590 4403 auaritia,
1635 4353 1747 4407 qua:
1779 4345 1849 4391 est

252 4427 510 4483 idolorum
552 4428 766 4483 servitus
810 4426 1027 4498 (Coloss.
1081 4445 1174 4496 ιιι,
1228 4427 1319 4500 5)?
1363 4428 1611 4484 Potuitne
1660 4427 1846 4498 majori

258 4535 413 4587 ptena
439 4520 601 4590 digna
635 4520 855 4590 iudicari
875 4562 889 4581 ,
929 4536 1088 4591 quam
1121 4529 1178 4579 ut
1203 4520 1345 4575 inter
1370 4521 1457 4575 illa
1495 4518 1717 4574 crimina
1749 4534 1845 4589 po-

257 4622 510 4679 uteretur,
559 4613 754 4683 quibus
793 4612 996 4665 obsessi
1045 4626 1265 4680 regnum
1314 4611 1403 4664 Dei
1451 4625 1554 4664 non
1601 4610 1845 4680 posside-

254 4705 419 4761 bunt?
460 4704 785 4774 Aperiantur
826 4702 966 4759 oculi
1005 4702 1219 4767 cordis,
1271 4716 1338 4756 ne
1384 4700 1574 4754 frustm
1633 4708 1846 4768 pateant

255 4797 392 4850 oeuli
419 4797 665 4866 corporis
684 4838 698 4860 ,
740 4805 793 4850 et
822 4796 999 4866 legant
1025 4794 1424 4864 prmdicatorem
1452 4793 1675 4847 liberum
1704 4792 1845 4847 veri-

258 4888 376 4941 tatis
419 4889 474 4941 in
530 4887 719 4941 eadem
763 4886 875 4955 ipsa
923 4885 1093 4954 prima
1146 4883 1210 4954 ad
1253 4882 1559 4937 Corinthios
1607 4882 1843 4951 Epistola

254 4976 579 5032 scribentem
611 4992 626 5027 :
662 4973 835 5029 Nolite
875 4990 1079 5037 errare;
1127 4989 1286 5042 neque
1342 4973 1634 5042 fornicarii,
1688 4987 1846 5042 neque

258 5069 406 5122 idolis
428 5068 726 5132 servientes,
770 5083 925 5137 neque
949 5065 1198 5131 adulteri,
1238 5080 1396 5133 neque
1435 5065 1642 5128 molles,
1689 5081 1847 5134 neque

318 5226 333 5255 ¹
360 5223 496 5283 editi,
522 5234 619 5273 non
637 5219 791 5271 solum
811 5220 863 5273 in
884 5219 1109 5274 Ecclesia
1124 5221 1319 5273 unitate.
1336 5219 1630 5281 Particulam,
1654 5219 1723 5281 in,
1748 5236 1844 5273 non

254 5284 789 5356 haeseamaemirﬁ-
1002 5343 1014 5356 .
1184 5343 1212 5356 ..
1333 5355 1337 5356 ,
1512 5341 1602 5356 ..

315 5347 585 5407 “ﬁliani
605 5343 816 5407 codices.
839 5355 949 5407 quae
980 5343 1042 5407 de
1072 5343 1281 5407 moribus
1310 5343 1679 5407 faciem
1699 5343 1845 5396 άίεδί.

256 5406 538 5457 ιιιυιωιιὶωη
556 5405 798 5471 fugerint,
818 5404 978 5456 oculos
996 5404 1240 5471 claudam.
1272 5404 1359 5471 Alii
1380 5404 1575 5471 quidam
1607 5413 1711 5471 Ms_s.
1734 5419 1845 5471 cum

258 5477 376 5536 am._,
398 5480 511 5536 quae
613 5463 828 5536 Moribus
843 5479 1009 5536 eorum
1030 5465 1078 5516 in
1101 5465 1274 5536 faciem
1291 5463 1616 5536 simulantium
1646 5466 1843 5528 filatim,

254 5528 422 5590 (rulae
436 5528 685 5590 claudam.
711 5530 1035 5590 Benignianus
1050 5528 1222 5589 cedes,
1247 5539 1356 5590 qua;
1369 5528 1429 5578 de
1444 5528 1660 5590 moribus
1681 5540 1847 5590 eorum

254 5587 414 5653 [creuit
451 5589 504 5640 in
522 5591 699 5653 faciem
737 5586 1095 5653 simulantium,
1120 5586 1281 5653 acidas
1311 5586 1722 5653 ειζηιᾴαηιι-ιτοιῐθ
1745 5588 1845 5653 _le-

256 5652 489 5720 gendum,
510 5648 710 5720 galeae
730 5649 942 5720 moribus
960 5663 1126 5701 eorum
1147 5650 1321 5713 feriimt
1345 5649 1518 5713 faciem
1534 5648 1843 5701 dissimulan-

255 5712 392 5773 tium,
409 5712 574 5763 oculus
588 5712 845 5763 claudant.
1150 5712 1153 5713 ⁷

315 5774 337 5806 ⁸
357 5774 524 5838 Plures
545 5782 676 5836 uss,
703 5772 831 5838 quod
874 5772 994 5835 forte
1017 5785 1124 5822 cum
1163 5784 1387 5833 ntagnum
1410 5778 1495 5834 est,
1522 5785 1584 5824 ea:
1618 5770 1742 5824 male
1771 5772 1841 5827 vi:

250 5832 470 5886 tentiam.

1988 512 2325 567 masculorum
2363 518 2703 576 carmbitores
2723 563 2737 587 ,
2783 540 2941 596 neque
2984 533 3123 598 fures
3138 573 3152 596 ,
3195 540 3352 602 neque
3392 538 3531 589 avari
3549 579 3564 604 ,

1983 616 2140 698 neque
2163 603 2343 661 ebriosi
2362 607 2389 669 ,'
2406 624 2563 678 neque
2599 613 2867 681 maledici,
2898 635 3054 690 neque
3082 638 3293 691 rapaces
3312 667 3327 693 ,
3358 643 3567 698 regnum

1982 689 2080 791 Dei
2104 696 2426 765 possidebunt
2448 701 2501 771 (ι
2526 701 2642 758 Cor.
2670 720 2743 769 Vl,
2773 707 2826 773 9,
2861 708 2971 782 l0).
3003 689 3282 781 Quomodo
3307 689 3435 789 erg;
3453 720 3561 791 Cy-

1985 785 2206 852 prianus
2231 796 2285 842 et
2311 790 2412 844 alia
2439 791 2631 849 similia
2653 794 2921 854 frumenta
2954 801 3218 861 dominica
3245 806 3297 861 in
3321 785 3411 862 illa
3437 785 3563 865 tunc

1982 876 2199 932 unitatis
2229 879 2463 937 Ecclesia
2493 898 2615 941 cum
2656 890 2830 945 avaris
2873 900 2929 946 et
2969 896 3277 963 rapacibus,
3319 915 3440 953 cum
3481 902 3563 956 bis

1978 968 2067 1058 qui
2098 984 2322 1038 regnum
2354 973 2446 1028 Dei
2485 991 2589 1030 non
2617 979 2995 1049 possidebunt,
3025 999 3130 1039 non
3159 987 3305 1043 laicis
3333 990 3414 1043 vel
3439 992 3559 1058 qui-

1979 1057 2308 1149 buscumque
2352 1064 2597 1133 clericis,
2648 1070 2741 1125 sed
2786 1080 2843 1125 et
2884 1072 3014 1143 ipsis
3056 1079 3320 1149 episcopis
3371 1057 3561 1149 panem

1980 1148 2187 1205 Domini
2233 1155 2660 1225 manducabant,
2700 1171 2753 1216 et
2778 1163 3003 1220 calicem
3036 1168 3244 1223 Domini
3280 1148 3558 1238 bibi-bant;

1977 1252 2097 1294 cum
2127 1241 2266 1297 idem
2292 1248 2568 1315 apostolus
2595 1253 2864 1322 prtecipiat
2895 1270 2996 1308 non
3037 1257 3115 1312 eis
3134 1262 3449 1314 commisceri
3466 1303 3481 1328 ,
3507 1273 3563 1320 et

1975 1330 2169 1387 clamet
2197 1350 2311 1389 cum
2336 1338 2585 1409 ejusmodi
2612 1359 2704 1396 nec
2731 1345 2895 1398 cibum
2917 1350 3149 1402 sumere?
3174 1351 3255 1404 An
3300 1351 3422 1421 quia
3454 1368 3560 1407 non

1976 1435 2220 1494 poterant
2260 1430 2329 1484 ab
2370 1435 2447 1487 eis
2476 1437 2827 1504 corporaliter
2850 1441 3124 1510 separari,
3168 1457 3235 1497 ne
3260 1444 3416 1498 simul
3444 1460 3565 1500 era-

1974 1514 2215 1573 dicarent
2248 1529 2303 1574 et
2343 1523 2570 1587 triticum
2592 1567 2606 1590 ,
2650 1526 2950 1582 sufficiebat
2987 1530 3066 1583 eis
3103 1546 3132 1583 a
3162 1532 3358 1587 talibus
3397 1534 3562 1589 corde

1973 1607 2203 1679 sejungi,
2231 1613 2337 1666 vita
2366 1616 2708 1687 moribusque
2749 1618 3022 1689 distingui,
3054 1632 3273 1693 prepter
3301 1640 3557 1694 compen-

1973 1698 2232 1754 sationem
2275 1696 2656 1761 custodiendite
2695 1709 2840 1776 pacis
2873 1718 2929 1766 et
2956 1712 3191 1780 unitatis,
3227 1728 3444 1786 propter
3472 1732 3559 1771 sa-

1973 1786 2138 1843 lutem
2170 1790 2500 1849 infirmorum
2542 1806 2597 1851 et
2637 1808 2885 1867 tanquam
2918 1802 3218 1858 lactentium
3260 1806 3555 1861 frumento-

1971 1892 2087 1931 rum
2119 1921 2134 1946 ,
2191 1897 2258 1937 ne
2310 1886 2547 1939 membra
2605 1892 2846 1958 corporis
2900 1891 3094 1947 Christi
3151 1910 3245 1964 per
3298 1896 3565 1968 sacrilega.

1969 1970 2256 2028 schismata
2289 1975 2580 2032 laniarent?

2042 2064 2129 2120 10.
2170 2065 2275 2122 Sed
2301 2083 2426 2124 ecce
2449 2085 2548 2141 ego
2571 2087 2678 2126 non
2708 2090 2870 2143 urgeo
2894 2091 3211 2147 quemquam
3238 2078 3449 2135 illorum
3477 2079 3563 2135 sic

1970 2153 2267 2226 intelligere
2298 2175 2312 2212 :
2341 2158 2440 2229 ipsi
2485 2162 2750 2229 explicent
2793 2166 3240 2235 quemadmodum
3286 2184 3406 2225 esse
3456 2184 3556 2239 po-

1971 2245 2130 2300 tuerit
2178 2246 2267 2301 illa
2311 2257 2436 2304 tunc
2510 2252 2744 2308 Ecclesia
2790 2256 3020 2324 gloriosa
3076 2259 3192 2314 sine
3242 2260 3448 2314 macula
3500 2270 3555 2316 et

1968 2348 2099 2403 ruga
2126 2334 2341 2408 (Ephcs.
2371 2354 2426 2404 v,
2458 2340 2574 2410 27),
2610 2343 2695 2397 ubi
2722 2344 3079 2423 esurientibus
3104 2348 3157 2401 in
3186 2348 3421 2405 Ecclesia
3449 2349 3553 2405 frac

1968 2426 2140 2482 tribus
2170 2428 2368 2487 habere
2393 2432 2606 2502 largiter
2631 2445 2907 2504 argentum
2936 2439 3204 2507 volebant,
3230 2442 3321 2497 ubi
3366 2441 3555 2500 fundos

1969 2515 2239 2576 insidiosis
2263 2519 2532 2579 fraudibus
2552 2526 2849 2594 rapiebant,
2872 2529 2960 2583 ubi
2988 2531 3162 2585 usuris
3191 2532 3520 2603 multiplicati
3539 2566 3551 2578 -

1970 2611 2109 2667 tibus
2137 2612 2288 2668 fenus
2311 2615 2592 2686 augebant,
2623 2618 2710 2673 ubi
2738 2621 2897 2675 tantis
2922 2632 3072 2676 erant
3099 2623 3320 2678 involuti
3361 2626 3554 2695 iniqui-

1968 2700 2184 2768 tatibus,
2239 2712 2297 2758 ut
2334 2719 2431 2773 per
2469 2706 2587 2762 illas
2632 2723 2854 2778 regnum
2902 2711 2997 2765 Dei
3026 2727 3149 2766 ‘non
3198 2714 3551 2783 possiderent.

1966 2789 2118 2858 Quod
2143 2793 2187 2846 si
2215 2793 2442 2864 gloriosa
2474 2796 2708 2851 Ecclesia
2731 2799 3081 2856 sine'macula
3107 2811 3197 2856 aut
3237 2819 3363 2873 ruga
3394 2804 3445 2858 in
3474 2806 3551 2859 eis

1964 2880 2094 2936 solis
2120 2884 2544 2952 computabatur,
2573 2887 2661 2957 qui
2706 2889 3004 2945 manebant
3044 2901 3097 2945 et
3122 2893 3405 2961 gemebant
3434 2895 3551 2951 illas

1962 2970 2289 3041 iniquitatcs,
2319 2989 2436 3044 quae
2464 2975 2661 3048 fiebant
2681 2977 2732 3031 in
2756 2978 2931 3033 medio
2950 2988 3169 3045 earnm;
3196 2981 3335 3038 unde
3350 2984 3510 3038 etiam
3531 2987 3547 3016 ⁸

1965 3063 2256 3119 secundum
2284 3067 2451 3121 sancti
2474 3060 2770 3124 Ezechielis
2799 3071 3154 3140 prophetiam,
3182 3073 3313 3128 tales
3332 3076 3551 3145 proprio

1963 3153 2116 3222 signo
2152 3156 2350 3226 signari
2409 3169 2738 3227 meruerunt,
2773 3170 2829 3215 ut
2877 3177 2909 3217 a
2953 3165 3247 3220 vastatione
3287 3175 3341 3220 et
3370 3167 3548 3237 perdi-

1964 3245 2108 3301 tione
2150 3245 2451 3327 iniquorum
2498 3251 2747 3306 tutissimi
2794 3253 3085 3310 evaderent
3116 3272 3129 3309 :
3160 3255 3406 3313 desinant
3456 3274 3551 3314 ca-

1961 3335 2210 3393 lumniari
2239 3340 2409 3405 bonis,
2441 3357 2546 3396 non
2578 3344 2920 3413 operantibus
2959 3347 3097 3402 mala
3127 3364 3221 3418 per
3250 3351 3546 3407 morbidam

1962 3429 2326 3499 cupiditatem,
2354 3432 2450 3488 sed
2479 3432 2826 3489 tolerantibus
2854 3445 3075 3506 propter
3101 3438 3373 3508 pacificam
3415 3440 3545 3497 cha-

1959 3524 2193 3589 ritatem,
2218 3522 2412 3593 quibus
2434 3522 2631 3578 dictum
2658 3535 2758 3591 est,
2778 3524 2931 3580 Beati
2953 3528 3171 3598 paciﬁci.
3192 3530 3427 3598 quoniam
3453 3531 3548 3599 ﬁlii

1958 3611 2059 3668 Dei
2082 3614 2392 3669 vocabuntur
2417 3613 2628 3688 (Matth.
2658 3632 2709 3683 v,
2738 3618 2818 3688 9).
2848 3618 2980 3672 Nam
3011 3629 3288 3690 prepterea
3318 3621 3547 3691 Spiritus

1958 3714 2175 3761 sanctus
2204 3722 2300 3777 per
2335 3717 2688 3763 memoratum
2719 3709 3052 3767 Ezechielem
3098 3715 3407 3783 prophetam
3456 3717 3543 3770 tali

1956 3797 2121 3854 verbo
2144 3798 2439 3867 designavit
2459 3799 2648 3864 malos,
2677 3816 2812 3870 quos
2839 3803 2891 3856 in
2919 3803 3366 3861 unitate'tnlerant
3395 3807 3541 3872 boni,

1955 3898 2016 3941 ut
2054 3902 2149 3943 eos
2178 3888 2230 3942 in
2274 3884 2452 3942 medio
2479 3889 2741 3943 bonorum
2770 3890 2974 3947 diceret
3017 3896 3333 3951 constitutos
3376 3916 3389 3951 :
3419 3898 3540 3966 quia

1955 3979 2000 4032 si
2030 3978 2198 4033 bonos
2222 3976 2424 4033 diceret
2449 3978 2501 4033 in
2527 3979 2706 4035 medio
2734 3981 3017 4045 malorum,
3052 3985 3124 4039 illi
3156 3988 3304 4056 quasi
3336 3990 3541 4041 extrin-

1955 4083 2112 4124 secus
2154 4078 2209 4124 et
2237 4068 2528 4125 forinsecus
2557 4084 2677 4126 esse
2701 4071 3029 4129 viderentur.
3063 4074 3294 4140 Gemant,
3330 4077 3497 4148 inquit
3520 4121 3535 4138 .

1953 4168 2001 4214 et
2030 4168 2236 4214 maerent
2276 4160 2563 4230 iniquitates
2598 4162 2776 4233 populi
2802 4165 2919 4231 mei,
2950 4181 3062 4234 qua:
3105 4167 3235 4235 ﬁunt
3276 4169 3328 4222 in
3375 4170 3537 4224 medio

1952 4266 2126 4305 eorum
2155 4249 2365 4323 (Ezech.
2397 4267 2471 4318 ix,
2496 4251 2556 4323 4)
2587 4269 2600 4305 :
2627 4261 2685 4307 ut
2714 4254 2833 4310 illos
2859 4256 3067 4326 iniquos
3099 4274 3201 4311 non
3232 4261 3400 4314 solum
3430 4277 3534 4318 non

1953 4341 2219 4407 exclusos,
2248 4340 2341 4396 sed
2366 4342 2524 4397 etiam
2547 4341 2781 4399 inclusos
2806 4346 3179 4416 cogitaremus.

2024 4432 2111 4486 ll.
2153 4430 2211 4485 Si
2247 4446 2376 4485 vero
2410 4432 2520 4500 jam
2550 4441 2678 4489 tunc
2705 4450 2810 4489 non
2852 4448 2967 4490 erat
2994 4436 3252 4503 Ecclesia,
3284 4441 3403 4509 quia
3431 4442 3538 4514 Cy.

1952 4521 2169 4592 prianus
2192 4531 2248 4577 et
2269 4523 2587 4593 quicumque
2614 4538 2735 4577 cum
2760 4539 2828 4580 eo
2851 4540 3039 4582 avaros
3066 4529 3184 4583 illos
3210 4545 3536 4602 rapacesque

1952 4620 2227 4677 noverant,
2256 4611 2443 4680 quales
2481 4611 2579 4682 ipsi
2604 4628 2708 4667 non
2735 4625 2907 4677 erant,
2948 4619 3188 4686 quamvis
3215 4634 3307 4673 eos
3332 4623 3535 4689 gravis-

1950 4701 2099 4757 simis
2122 4701 2407 4771 gemitibus
2431 4710 2486 4757 et
2510 4703 2927 4772 prteclarissimis
2956 4709 3173 4762 vocibus
3198 4724 3530 4777 accusarent,

1950 4806 2108 4847 unam
2138 4801 2314 4847 tamen
2353 4807 2476 4848 cum
2509 4795 2587 4848 eis
2632 4796 2889 4852 intrantes
2931 4799 3231 4863 ecclesiam,
3267 4811 3321 4855 et
3350 4802 3400 4855 in
3428 4819 3531 4858 una

1949 4885 2360 4954 congregatione
2404 4887 2550 4957 paria
2579 4887 2921 4944 Sacramenta
2966 4900 3276 4967 tractantes,
3308 4910 3403 4964 per
3434 4897 3532 4951 hu-

1945 4975 2178 5044 jusmodi
2217 4978 2646 5033 communionem
2685 4982 2706 5012 ’
2753 4982 2893 5048 paris
2939 4985 3098 5038 sortis
3146 4985 3317 5040 etii-eti
3364 4998 3530 5042 sunt:

1948 5068 2069 5135 quia
2112 5082 2216 5121 non
2244 5067 2743 5139 obtemperaverunt
2784 5074 3040 5140 Apostolo
3071 5074 3297 5144 jubenti,
3331 5086 3386 5130 ut
3411 5092 3531 5132 cum

1949 5155 2254 5225 bujusmodi
2303 5174 2403 5213 nec
2425 5159 2600 5214 cibum
2644 5160 2855 5229 quidem
2886 5163 3040 5218 simul
3083 5174 3395 5232 sumerent;
3436 5176 3530 5230 et,

1948 5248 2158 5318 Auferte
2179 5248 2367 5303 malum
2396 5266 2457 5304 ex
2479 5250 2616 5303 vobis
2645 5251 2767 5319 ipsis
2796 5268 2814 5305 :
2844 5253 2969 5321 quid
2999 5253 3173 5309 adhuc
3192 5255 3533 5310 laboramus?

1949 5337 2085 5406 Quid
2115 5353 2173 5394 se
2199 5339 2297 5408 ipsi
2324 5339 2683 5410 jactantqnod
2710 5341 2936 5397 habeant
2956 5343 3185 5414 aliquam
3212 5344 3529 5407 Ecclesiam,

1949 5430 1994 5484 si
2031 5429 2140 5500 jam
2188 5430 2294 5485 illis
2340 5431 2666 5500 temporibus
2718 5414 3118 5489 essedestitit?
3164 5435 3351 5490 Dicunt
3388 5436 3533 5492 unde

1950 5532 2105 5576 natus
2128 5529 2205 5574 est
2234 5520 2523 5589 Majorinus
2550 5531 2642 5576 aut
2670 5522 2923 5590 Donatus,
2953 5534 3009 5578 ut
3031 5539 3127 5594 per
3150 5539 3245 5579 cos
3282 5539 3533 5580 nascere-

2014 5653 2031 5684 ι
2055 5653 2128 5701 sic
2142 5659 2245 5702 Mss.
2264 5651 2381 5701 Editi
2405 5665 2541 5709 vero,
2563 5652 2659 5703 imo
2679 5653 2840 5705 etiam.

2013 5715 2036 5784 ξ
2059 5715 2262 5784 Vaticani
2293 5713 2485 5784 codices
2510 5717 2687 5784 omisso
2712 5718 2888 5784 verbo,
2914 5722 3199 5784 tractantes,
3224 5717 3415 5779 ferunt,
3444 5735 3532 5784 per

1950 5773 2224 5846 bujusmodi
2241 5773 2887 5846 contmmtionemﬁalgentes.
2915 5776 3002 5828 Alii
3028 5786 3153 5841 Mss,
3178 5773 3294 5846 pro,
3318 5773 3528 5835 continu.

1947 5834 2153 5901 itionem,
2180 5836 2378 5898 labent,
2405 5836 2889 5893 cmmnunicatt’onem.
