4054 6210
457 394 518 448 91
1264 389 1532 445 CONTRA
1576 387 1958 444 EPISTULA}!
2001 388 2432 452 PARMENIANI,
2475 391 2530 447 S.
2575 392 2946 449 AUGUSTINI
3668 399 3740 454 93,

459 520 545 562 tur
593 506 974 562 Parmenianus
1039 511 1198 572 atque
1256 503 1557 558 Primiaous
1612 502 1713 574 (a).
1779 501 1915 569 Quid
1959 503 2036 556 eis

460 598 673 667 prodest
709 597 847 668 quod
878 609 1066 649 avaros
1109 605 1164 650 et
1193 610 1433 664 rapaces,
1479 611 1598 649 cum
1646 594 1835 663 quibus
1859 595 2036 649 cibum

457 691 591 744 sumi
641 698 782 745 vetat
823 688 1129 757 Apostolus,
1180 685 1340 742 modo
1383 702 1443 742 se
1486 687 1569 741 vel
1619 703 1724 741 non
1765 685 1960 740 habere
1988 687 2038 740 in

456 779 861 849 congregatione
899 795 1013 841 sua,
1049 779 1132 832 vel
1165 779 1462 848 incognitos
1490 778 1588 833 sibi
1621 792 1742 832 esse
1770 778 2039 832 mentiun-

457 880 576 933 tur;
607 869 1034 938 quandoquidem
1065 869 1279 924 fuerunt
1315 870 1444 924 tales
1485 873 1538 923 in
1572 869 1660 923 illa
1689 868 1904 923 unitatis
1934 869 2036 922 Ec-

455 959 636 1024 clesia,
665 959 804 1014 unde
831 959 915 1014 isti
946 970 1166 1014 exertos
1192 975 1249 1014 se
1275 961 1352 1015 sic
1372 960 1597 1030 jactant,
1636 969 1694 1013 ut
1716 975 1833 1014 eam
1867 963 1918 1012 in
1947 974 2041 1013 sua

455 1049 567 1103 sola
594 1049 870 1114 societate,
900 1050 948 1103 id
980 1061 1080 1111 est.
1111 1051 1162 1104 in
1207 1051 1585 1105 communione
1614 1050 1801 1104 Donati
1833 1064 2042 1104 reman-

455 1140 590 1195 sisse
635 1140 954 1209 persuadere
979 1141 1359 1194 conentur?Si
1413 1142 1556 1195 enim
1610 1141 1794 1195 dicunt
1846 1155 1939 1208 per
1969 1149 2044 1192 ta-

455 1231 582 1284 limn
620 1231 1046 1286 communionem
1092 1232 1263 1299 perire
1315 1232 1635 1292 Ecclesiam,
1671 1246 1766 1285 cur
1792 1246 1910 1286 cam
1939 1245 2041 1283 non

453 1324 636 1378 dicunt
679 1324 787 1393 jam
820 1324 1067 1394 Cypriani
1116 1325 1336 1393 periisse
1383 1321 1746 1392 temporibus?
1775 1337 1838 1376 ac
1882 1321 1960 1376 sic
1990 1329 2044 1374 ct

457 1429 554 1482 per
578 1430 636 1470 se
662 1416 805 1483 ipsos
832 1415 972 1469 unde
1014 1415 1313 1468 exstiterint
1338 1429 1446 1468 non
1478 1414 1826 1477 invenientes,
1859 1411 2039 1465 dicere

455 1507 700 1562 desinant
726 1506 860 1576 apud
889 1521 947 1560 se
978 1506 1266 1560 Ecelesiam
1314 1506 1654 1567 remansisse,
1684 1519 1841 1572 quam
1875 1512 2037 1555 totam

456 1596 718 1663 prioribus
771 1598 988 1665 periisse
1034 1596 1360 1663 temporibus
1406 1595 1608 1649 dicunt.
1660 1595 1716 1651 Si
1762 1601 1939 1647 autem
1988 1591 2040 1644 in

455 1687 608 1741 bonis
641 1688 830 1757 quibus
857 1688 977 1740 talia
1007 1687 1287 1756 diSplicent
1325 1701 1540 1754 semper
1564 1686 1757 1737 mansit
1782 1693 1835 1738 et
1863 1691 2042 1737 manet

457 1785 512 1828 ct
557 1777 792 1831 manebit
831 1776 1068 1830 Ecclesia
1102 1794 1114 1826 τ
1143 1777 1350 1832 discant
1375 1776 1458 1829 isti
1490 1774 1772 1846 aliqu:me
1811 1789 1914 1828 non
1965 1774 2044 1830 sic

457 1866 747 1934 intelligere
777 1867 917 1934 quod
945 1867 1017 1918 ait
1039 1866 1346 1933 Apostolus,
1375 1865 1581 1934 Auferte
1601 1864 1790 1916 malum
1819 1879 1880 1916 ex
1900 1862 2038 1916 vobis

453 1956 614 2024 ipsis;
647 1963 702 2007 ut
751 1971 845 2023 per
889 1955 1173 2008 schismata
1217 1963 1470 2007 conantes
1514 1952 1766 2020 colligere
1797 1952 2039 2013 zizania.

454 2044 725 2098 eradicent
761 2044 916 2098 simul
943 2053 996 2098 et
1045 2045 1296 2098 triticum.
1331 2044 1458 2109 Quae
1499 2043 1674 2095 omnia
1704 2043 1774 2094 ita
1804 2042 2044 2110 disputa-

455 2150 595 2199 mus,
623 2145 682 2190 ιιι
710 2136 1047 2190 meminerint
1072 2137 1157 2205 qui
1188 2135 1300 2189 haec
1330 2135 1508 2203 legunt
1535 2135 1618 2189 vel
1649 2134 1892 2199 audiunt,
1935 2150 2040 2188 non

454 2240 549 2279 eos
579 2226 816 2294 potuisse
849 2241 1074 2295 Unquam
1117 2225 1508 2290 demonstrare,
1539 2222 1652 2279 sive
1683 2224 1773 2277 illo
1803 2235 2043 2294 tempore

454 2332 572 2371 cum
607 2319 968 2372 recentissima
999 2318 1216 2372 haeresis
1241 2327 1375 2382 erat,
1408 2319 1520 2371 sive
1560 2332 1698 2372 nunc
1717 2330 1837 2370 cum
1869 2316 2034 2370 multo

458 2408 693 2463 lirmiore
741 2409 1055 2463 innocentia:
1100 2409 1422 2463 conscientia
1467 2409 1567 2461 sibi
1617 2417 1754 2462 totus
1801 2407 1948 2461 orbis
1990 2408 2041 2460 in

455 2491 709 2544 catholica
744 2492 983 2546 Ecclesia
1011 2491 1296 2546 christiana
1332 2508 1458 2561 pace
1483 2491 1838 2553 connectitur,
1870 2489 2042 2545 Caeci-

456 2581 652 2636 lianum
679 2584 762 2637 vel
801 2599 895 2638 eos
925 2584 1012 2654 qui
1039 2585 1086 2638 ei
1117 2585 1457 2639 concorditer
1501 2583 1847 2647 inluerehant,
1882 2581 2044 2637 fuisse

454 2673 676 2727 zizania.
707 2674 809 2729 Sed
835 2686 888 2729 ut
919 2690 1137 2730 securus
1167 2676 1529 2745 unusquisque
1560 2674 1610 2727 in
1639 2681 1835 2727 sancta:
1863 2672 2046 2726 Eccle-

455 2765 546 2818 sia:
573 2767 769 2820 unitate
798 2777 1120 2834 permaneat,
1144 2775 1197 2820 et
1221 2767 1459 2835 ejusdem
1502 2765 1717 2818 unitatis
1740 2763 2044 2817 desertores

457 2874 522 2910 ne
551 2873 668 2910 cum
698 2859 775 2911 eis
802 2867 984 2926 pereat
1004 2873 1108 2911 non
1131 2869 1400 2926 sequatur,
1431 2857 1530 2910 hoc
1550 2855 1807 2918 dicimus;
1848 2853 1968 2921 quia
1999 2852 2044 2907 si

456 2949 680 3002 fuissent
707 2949 778 3002 illi
809 2949 1032 3009 zizania,
1061 2949 1274 3003 tolerari
1306 2948 1478 3016 potius
1507 2960 1675 3015 usque
1702 2943 1766 2996 ad
1789 2957 2041 3008 messem,

454 3053 611 3106 quam
646 3038 878 3106 pernicie
920 3038 1222 3092 schismatis
1263 3036 1544 3091 cradieatis
1573 3033 1856 3089 frumentis
1883 3047 2042 3102 sepa-

458 3129 562 3181 rari
593 3129 910 3181 debuerunt.

535 3216 615 3267 1‘2.
660 3215 761 3269 Sed
791 3217 932 3268 dicet
974 3215 1162 3283 aliquis
1191 3235 1203 3268 :
1235 3216 1511 3280 Quomodo
1542 3219 1868 3288 praecipienti
1897 3222 2041 3290 Apo-

456 3305 593 3358 stolo
620 3305 907 3371 poti-rimus
951 3305 1187 3367 obedire,
1219 3307 1306 3373 qni
1340 3314 1479 3360 vetat
1507 3323 1626 3361 cum
1655 3309 1914 3379 ejusmodi
1946 3328 2044 3367 nec

457 3395 671 3463 quidem
714 3395 888 3449 cibum
919 3396 1076 3450 simul
1119 3399 1373 3452 sumere?
1402 3397 1458 3453 Si
1502 3400 1642 3455 enim
1671 3403 1838 3457 solam
1867 3404 2043 3459 cordis

457 3487 844 3554 separationem
873 3486 939 3539 ab
967 3488 1045 3542 eis
1074 3487 1364 3544 faciendam
1409 3506 1528 3546 esse
1567 3496 1898 3563 przcciperet,
1933 3512 2039 3551 non

459 3577 675 3642 diceret,
707 3577 902 3646 Scripsi
935 3579 1068 3633 vobis
1104 3579 1156 3632 in
1182 3580 1391 3648 epistola
1417 3598 1518 3636 non
1547 3578 1856 3639 commisceri
1877 3589 2041 3658 forni-

458 3671 627 3735 cariis,
661 3687 761 3722 non
805 3672 975 3740 utique
1003 3672 1287 3740 fornicarit's
1316 3674 1466 3744 hujus
1506 3676 1722 3741 mundi;
1752 3677 1802 3730 id
1833 3689 1934 3742 est,
1965 3680 2044 3734 eis

455 3761 544 3830 qui
575 3760 848 3816 christiani
879 3778 980 3814 non
1010 3771 1211 3828 essent,
1241 3763 1306 3817 de
1332 3764 1521 3832 quibus
1545 3775 1730 3834 postea
1757 3766 1902 3834 dicit,
1932 3768 2043 3836 Quo

455 3854 584 3906 enim
617 3854 740 3906 mihi
767 3853 829 3907 de
858 3854 935 3907 his
965 3856 1050 3924 qui
1078 3855 1201 3923 foris
1229 3864 1342 3908 sunt
1362 3855 1645 3924 judicare?
1674 3857 1859 3913 Nonne
1883 3860 2043 3914 dehis

455 3949 541 4017 qui
571 3950 707 4002 intus
750 3958 864 4000 sunt
895 3965 980 4001 vos
1013 3949 1305 4017 judicatis?
1347 3948 1422 4002 De
1460 3950 1538 4002 his
1583 3962 1748 4004 autem
1789 3954 1874 4022 qui
1917 3953 2043 4020 {oris

453 4049 588 4102 sunt,
636 4038 766 4092 Ifeus
797 4039 1070 4110 judicabit.
1117 4038 1249 4092 Cum
1297 4054 1423 4109 ergo
1464 4039 1530 4094 de
1571 4041 1660 4094 tali
1709 4043 2042 4110 separatione

457 4131 748 4198 pra-cipiat,
779 4145 896 4197 qua:
933 4145 1036 4182 non
1067 4129 1122 4182 lit
1149 4129 1214 4181 ab
1235 4129 1310 4181 eis
1335 4129 1486 4181 malis
1515 4129 1602 4197 qui
1633 4131 1907 4184 christiani
1938 4147 2041 4185 non

455 4230 598 4280 sunt,
642 4221 731 4272 sed
777 4219 844 4272 ab
890 4220 967 4273 eis
997 4219 1083 4286 qui
1130 4219 1404 4272 christiani
1452 4228 1573 4272 sont
1602 4235 1614 4270 τ
1643 4221 1819 4275 cordis
1864 4232 2039 4275 autem

455 4311 720 4376 separatio
766 4309 832 4360 ab
857 4310 1103 4361 omnibus
1133 4309 1283 4361 malis
1313 4308 1546 4363 facienda
1576 4317 1694 4375 est;
1728 4326 1789 4363 ac
1822 4327 1912 4378 per
1942 4311 2043 4366 hoc

455 4401 601 4454 etab
629 4400 706 4454 eis
736 4401 888 4454 malis
929 4400 1016 4469 qui
1063 4415 1166 4454 non
1208 4411 1332 4454 sunt
1368 4401 1664 4461 christiani,
1707 4412 1917 4471 oportet
1948 4417 2042 4456 nos

455 4491 615 4544 corde
646 4490 876 4559 separari
904 4507 919 4548 ;
948 4490 1071 4559 quid
1097 4501 1277 4554 restat,
1303 4491 1401 4545 nisi
1427 4500 1482 4544 ut
1510 4492 1865 4561 intelligamus
1888 4491 2042 4546 nobis

458 4597 553 4650 per
580 4581 889 4650 Apostolum
914 4580 1109 4650 juberi,
1133 4590 1191 4635 ut
1219 4582 1541 4652 quibuslibet
1571 4584 1588 4614 ¹
1619 4585 1768 4638 malis
1793 4583 2043 4638 christia-

457 4673 558 4730 nis.
593 4674 775 4742 quales
820 4673 931 4742 ipse
975 4673 1236 4744 designat,
1271 4690 1368 4729 nec
1415 4675 1505 4729 tali
1537 4676 1911 4746 ceujnnctione
1938 4676 2041 4729 mi-

457 4778 718 4823 sceamur.
765 4765 902 4833 quali
947 4764 1321 4834 conjunctione
1371 4767 1595 4836 Paganis
1642 4768 1692 4821 in
1725 4767 1890 4838 ipsius
1921 4767 2042 4820 vita:

457 4855 698 4908 humanm
729 4856 980 4909 societate
1005 4857 1334 4910 miscemur?
1360 4857 1428 4910 Et
1455 4857 1572 4911 ideo
1603 4859 1708 4911 alio
1747 4859 1863 4911 loco
1891 4857 2038 4922 dicit,

457 4946 516 5001 Si
555 4946 665 5014 quis
707 4960 792 4998 vos
835 4947 1078 5000 vocaverit
1107 4963 1171 4999 ea:
1211 4946 1519 5014 inﬁdelibus,
1564 4957 1607 5000 et
1637 4948 1890 5001 volueritis
1931 4947 2039 5012 ire,

455 5039 624 5093 omnia
653 5053 765 5108 qua:
792 5049 1116 5108 apponuntur
1140 5038 1275 5091 vobis
1301 5039 1620 5104 manducata,
1665 5039 1793 5092 nihil
1829 5040 2044 5093 interro-

455 5139 628 5201 gantes
655 5128 697 5195 (Ι
727 5125 845 5182 Cor.
880 5143 933 5192 x,
979 5127 1073 5198 27)
1108 5146 1121 5180 :
1156 5127 1243 5182 hic
1286 5137 1461 5182 autern
1508 5146 1621 5182 cum
1671 5129 1917 5199 ejusmodi
1954 5144 2043 5181 nec

454 5225 620 5276 cibum
663 5219 863 5288 quidem
900 5235 1094 5279 sumere
1138 5220 1412 5288 permittit.
1456 5219 1585 5273 Cum
1629 5219 1952 5284 infidelibus,
1989 5217 2041 5271 id

458 5324 558 5378 est,
591 5313 680 5384 qui
715 5311 947 5366 nondum
976 5311 1026 5364 in
1054 5310 1318 5366 Christum
1349 5311 1709 5378 crediderunt,
1738 5312 1866 5366 dicit
1894 5326 2043 5364 man-

455 5402 753 5456 dacandum
783 5415 902 5454 esse
928 5415 1044 5469 quae
1069 5403 1433 5469 appesuerint,
1464 5403 1530 5456 de
1555 5403 1744 5471 quibus
1787 5402 2035 5471 quoniam

461 5493 585 5547 loris
609 5501 751 5558 sunt,
784 5491 917 5545 Deus
946 5491 1195 5562 judicabit
1225 5509 1243 5546 :
1269 5509 1390 5548 cum
1422 5493 1503 5548 his
1548 5505 1722 5549 autem
1766 5493 1854 5564 qui
1897 5495 2037 5546 intus

525 5674 543 5735 '_
570 5674 769 5735 t‘alicatti
797 5681 921 5731 Mss,
950 5679 1000 5722 ut
1021 5673 1318 5735 quibusdam.

523 5732 596 5793 (α)
623 5734 885 5797 Maioriane,
915 5732 1138 5794 Donatus,
1159 5740 1521 5794 Parmenimms,
1553 5739 1832 5797 Primianus,
1855 5739 2041 5787 Donati-

456 5792 638 5844 starum
661 5792 856 5843 fuerint
879 5809 942 5844 ex
967 5792 1136 5847 ordine
1159 5792 1559 5862 carthagiuenses
1583 5801 1810 5863 episeopi.

2150 513 2292 569 sunt,
2340 504 2388 558 id
2432 515 2534 572 est,
2581 509 2623 560 si
2659 507 2769 576 quis
2799 512 2954 575 frater
2995 509 3282 563 nominatur
3319 510 3614 579 fornicator,
3645 528 3738 569 aut

2149 593 2295 648 idolis
2317 599 2550 662 stwietts,
2587 606 2673 650 aut
2698 614 2899 665 avarus,
2923 609 3008 652 aut
3050 601 3344 665 maledicus,
3373 613 3457 654 aut
3489 607 3734 669 ebriosus,

2148 696 2234 736 aut
2265 701 2444 754 rapax,
2480 695 2619 740 vetat
2645 688 2804 741 etiam
2848 705 3042 742 sumere
3069 689 3251 742 cibum.
3285 692 3577 747 Persuadct
3605 710 3735 764 ergo

2147 785 2269 828 ante
2293 785 2502 845 tempus
2519 777 2706 830 messis
2727 793 2755 830 a
2781 779 3057 833 frumentis
3077 782 3277 835 zizania
3299 787 3556 852 separari.
3577 787 3731 854 Quod

2149 865 2191 918 si
2239 867 2412 920 facere
2454 867 2794 933 uoluerimus,
2837 871 3084 940 quoniam
3138 873 3388 930 Dominus
3435 879 3727 945 prohibet,

2151 957 2418 1010 toleraturi
2463 974 2524 1012 ea
2554 975 2755 1027 sumus,
2787 972 2835 1016 ct
2867 963 2919 1016 in
2948 963 3057 1017 sola
3085 979 3204 1018 cum
3244 965 3325 1019 eis
3367 968 3651 1022 voluntatis
3682 982 3735 1026 et

2149 1047 2326 1100 cordis
2350 1051 2681 1117 separatione
2713 1054 3098 1120 perseveraturi
3132 1072 3144 1106 :
3177 1071 3240 1110 ac
3289 1072 3384 1125 per
3426 1058 3526 1113 hoc
3569 1062 3731 1116 etiam

2149 1139 2323 1193 cibum
2370 1156 2581 1197 sumere
2626 1159 2746 1198 cum
2779 1145 2989 1212 talibus,
3037 1146 3178 1216 quod
3223 1148 3436 1217 quidem
3487 1151 3734 1220 prohibet

2152 1232 2458 1300 Apostolus.

2222 1324 2308 1378 l3.
2349 1323 2406 1377 ln
2451 1326 2548 1380 hac
2588 1329 2729 1380 velut
2768 1329 3008 1397 angustia
3045 1331 3352 1398 qumstionis
3392 1348 3497 1386 non
3529 1333 3730 1404 aliquid

2151 1426 2344 1466 novum
2361 1423 2450 1467 aut
2469 1415 2736 1470 insolitum
2763 1417 2956 1484 dicam,
2981 1419 3073 1473 sed
3093 1420 3234 1489 quod
3257 1423 3455 1476 sanitas
3480 1424 3733 1481 observat

2151 1501 2418 1568 Ecclesiae,
2447 1514 2503 1558 ut
2527 1520 2645 1559 cum
2676 1507 2898 1577 quisque
2927 1509 3166 1574 Fratrum,
3196 1510 3247 1565 id
3290 1522 3372 1566 est
3399 1513 3732 1570 Christiano-

2150 1607 2265 1645 rum
2294 1594 2437 1648 intus
2463 1596 2512 1649 in
2537 1597 2784 1652 Ecclesia:
2811 1600 3062 1655 societate
3088 1604 3514 1670 constitutorum,
3551 1607 3602 1660 in
3630 1608 3732 1661 ali-

2147 1697 2253 1751 quo
2285 1684 2371 1738 tali
2419 1695 2632 1754 peccato
2678 1686 2832 1742 fuerit
2867 1689 3254 1759 deprehensus,
3302 1703 3358 1746 ut
3395 1696 3734 1752 anathemate

2147 1771 2336 1842 dignus
2380 1775 2654 1841 habeatur,
2704 1780 2792 1832 liat
2838 1778 2940 1834 hoc
2969 1781 3056 1834 ubi
3089 1784 3380 1851 periculum
3427 1785 3734 1843 sehismatis

2148 1864 2350 1918 nullum
2381 1876 2480 1930 est,
2527 1879 2684 1938 atque
2713 1871 2763 1923 id
2791 1886 2910 1925 cum
2952 1887 3012 1926 ea
3043 1873 3346 1939 dilectione,
3373 1875 3440 1932 de
3469 1893 3572 1947 qua
3618 1880 3732 1948 ipse

2147 1955 2269 2008 alibi
2298 1958 2534 2027 praecipit
2561 1960 2763 2022 dicens,
2797 1959 2863 2015 Ut
2889 1962 3143 2016 inimicum
3164 1982 3262 2016 non
3286 1982 3399 2019 eum
3415 1969 3726 2032 existimetis,

2146 2047 2234 2100 sed
2263 2049 2498 2117 corripite
2522 2060 2575 2103 ut
2603 2052 2808 2116 fratrem
2836 2053 2904 2123 (ll
2933 2053 3109 2108 Thess.
3144 2071 3217 2118 ttt,
3249 2056 3336 2126 15)
3368 2074 3380 2110 :
3411 2074 3515 2111 non
3541 2062 3682 2114 enim
3709 2063 3726 2092 ¹

2147 2138 2212 2192 ad
2232 2140 2626 2209 eradicandum,
2654 2145 2745 2199 sed
2767 2144 2832 2199 ad
2863 2147 3252 2216 corrigendum.
3284 2148 3432 2214 Quod
3465 2151 3508 2203 si
3539 2166 3597 2206 se
3625 2168 3728 2207 non

2147 2233 2441 2300 agnoverit,
2486 2250 2657 2304 neque
2711 2237 3018 2304 paenitendo
3064 2242 3375 2307 correxerit,
3425 2243 3538 2312 ipse
3588 2244 3730 2300 foras

2147 2320 2307 2384 exiet,
2335 2330 2389 2376 et
2418 2338 2512 2392 per
2541 2327 2802 2394 propriam
2838 2328 3162 2383 voluntatem
3190 2332 3256 2383 ab
3284 2331 3536 2388 Ecclesia:
3577 2350 3730 2389 com-

2149 2412 2398 2467 munione
2424 2413 2706 2470 dirimctur
2729 2419 2770 2470 ².
2799 2417 2928 2471 Nam
2961 2429 3014 2473 et
3043 2420 3153 2488 ipse
3184 2421 3436 2476 Dominus
3463 2438 3579 2477 cum
3608 2441 3730 2481 ser-

2147 2501 2228 2554 vis
2255 2503 2548 2558 volentihus
2589 2507 2788 2560 zizauia
2832 2510 3085 2579 colligere
3129 2511 3281 2577 dixit,
3328 2511 3495 2567 Sinite
3519 2525 3731 2585 utraque

2147 2608 2368 2646 crescere
2403 2611 2560 2664 usque
2585 2597 2653 2648 ad
2689 2615 2930 2662 messem;
2958 2601 3210 2670 praunisit
3234 2617 3469 2670 causam,
3499 2605 3684 2661 dicens
3714 2625 3728 2661 :

2151 2683 2233 2736 Ne
2252 2689 2382 2755 [orte
2399 2703 2513 2740 cum
2538 2689 2686 2742 vultis
2713 2691 2946 2760 colligere
2969 2693 3185 2758 sizania,
3217 2695 3480 2749 eradicetis
3503 2699 3656 2750 simul
3682 2709 3730 2751 et

2149 2775 2367 2828 triticum
2396 2777 2603 2848 (Matth.
2635 2797 2748 2846 xm,
2777 2783 2864 2845 30,
2896 2782 3009 2853 29).
3042 2783 3138 2839 Ubi
3166 2787 3294 2840 satis
3323 2787 3574 2852 ostendit,
3605 2804 3727 2842 cum

2149 2875 2320 2919 metus
2360 2867 2456 2920 iste
2484 2885 2587 2922 non
2615 2871 2814 2935 subest,
2846 2873 2940 2927 scd
2984 2875 3202 2930 omnino
3231 2877 3297 2931 de
3342 2878 3728 2934 frumentorum

2148 2965 2290 3007 certa
2317 2957 2602 3012 stabilitate
2628 2970 2769 3013 certa
2798 2963 3057 3016 securitas
3082 2973 3292 3032 manet,“
3309 2967 3360 3021 id
3388 2978 3488 3029 est.
3515 2970 3728 3038 quando

2149 3043 2219 3097 ita
2249 3045 2504 3115 cujusque
2542 3049 2742 3103 crimen
2772 3061 2951 3105 notum
2992 3064 3093 3117 est,
3125 3066 3180 3109 et
3206 3058 3454 3112 omnibus
3481 3074 3724 3113 exsecrae

2148 3133 2253 3188 bile
2282 3145 2519 3204 apparet,
2551 3148 2605 3191 ut
2632 3141 2714 3194 vel
2745 3141 2918 3196 nullos
2948 3159 3166 3212 prorsus
3210 3146 3298 3201 vel
3328 3163 3432 3201 non
3478 3150 3608 3203 tales
3639 3149 3732 3203 ha-

2148 3223 2271 3280 beat
2294 3225 2620 3291 defensores.
2653 3245 2747 3300 per
2771 3248 2904 3302 quos
2933 3235 3098 3303 possit
3121 3235 3350 3291 schisma
3382 3241 3687 3308 contingere
3713 3258 3728 3303 ;

2148 3331 2252 3370 non
2297 3317 2526 3373 dormiat
2571 3323 2827 3378 severitas
2867 3325 3181 3395 disciplinae,
3231 3329 3280 3381 in
3326 3345 3427 3398 qua
3477 3339 3620 3383 tanto
3649 3339 3734 3383 est

2147 3407 2415 3464 efficacior
2459 3413 2760 3468 emendatio
2822 3417 3127 3483 pravitatis,
3180 3427 3379 3486 quanto
3428 3419 3730 3488 diligentior

2147 3505 2482 3556 conservatio
2519 3503 2540 3534 ³
2569 3504 2860 3559 charitatis.
2893 3506 3042 3559 Tunc
3086 3517 3263 3560 autem
3311 3509 3409 3561 hoc
3455 3511 3571 3563 sine
3616 3510 3733 3563 labe

2074 3643 2088 3654 ,
2149 3593 2294 3661 pacis
2334 3602 2388 3646 et
2433 3594 2667 3657 unitatis,
2697 3603 2746 3648 et
2777 3595 2894 3648 sine
2941 3596 3155 3648 laesione
3182 3595 3570 3652 frumentorum
3619 3601 3732 3655 ﬁeri

2150 3693 2340 3752 potest,
2371 3699 2491 3736 cum
2517 3685 2942 3754 congregationis
2975 3686 3225 3740 Ecclesim
3266 3687 3543 3740 multitudo
3568 3692 3637 3741 ab
3666 3707 3736 3746 eo

2147 3774 2368 3828 crimine
2413 3773 2552 3842 quod
2599 3773 2986 3838 anathematur,
3035 3775 3202 3829 aliena
3242 3784 3344 3830 est.
3393 3775 3541 3830 Tunc
3585 3781 3732 3834 enim

2147 3865 2363 3932 adjuvat
2395 3861 2737 3934 praepositum
2781 3867 2959 3935 potius
3000 3866 3396 3936 corripientem,
3430 3884 3588 3938 quam
3627 3873 3731 3927 cri-

2150 3957 2412 4010 minosum
2440 3958 2773 4012 resistentem
2805 3975 2818 4010 :
2851 3965 2974 4013 tunc
3012 3973 3070 4012 se
3109 3958 3175 4011 ah
3203 3959 3318 4026 ejus
3357 3961 3734 4029 conjunctione

2149 4048 2433 4102 salubriter
2459 4049 2714 4111 continet,
2763 4059 2820 4102 ut
2865 4065 2964 4105 nec
2999 4050 3173 4104 cibum
3216 4053 3490 4121 quisquam
3518 4069 3640 4107 cum
3665 4069 3731 4109 eo

2148 4149 2342 4203 Sumat,
2387 4155 2492 4194 non
2539 4142 2684 4196 rabie
2715 4141 2948 4208 inimica,
2996 4142 3089 4196 sed
3121 4137 3447 4197 coercitione
3477 4144 3724 4199 fraterna.

2150 4233 2298 4287 ’I‘unc
2323 4233 2481 4287 etiam
2515 4233 2601 4286 ille
2625 4241 2681 4287 et
2707 4232 2896 4287 timore
2927 4234 3234 4303 percutitur,
3263 4243 3318 4288 et
3346 4233 3547 4303 pudore
3573 4249 3730 4289 sana-

2151 4336 2255 4385 tur,
2287 4339 2408 4377 cum
2451 4324 2517 4378 ab
2561 4326 2805 4378 universa
2834 4323 3072 4378 Ecclesia
3114 4339 3172 4378 se
3210 4326 3604 4379 anatheuntmn
3652 4326 3731 4376 vi-

2148 4417 2299 4482 dens,
2327 4414 2524 4468 sociam
2557 4415 2764 4468 turbam
2789 4430 2907 4469 cum
2937 4429 3039 4483 qua
3063 4414 3115 4468 in
3140 4414 3336 4470 delicto
3362 4430 3459 4470 suo
3500 4416 3730 4484 gaudeat

2147 4516 2202 4560 et
2232 4505 2384 4559 bonis
2422 4505 2659 4570 insultet,
2691 4521 2795 4559 non
2819 4515 2994 4576 potest
3024 4507 3284 4561 invenire.

2221 4598 2305 4651 l4.
2347 4595 2427 4650 Ad
2471 4596 2572 4650 hoc
2615 4596 2756 4651 enim
2795 4606 2850 4650 et
2896 4597 3007 4664 ipse
3052 4598 3335 4668 Apostolus
3379 4597 3470 4663 ait,
3516 4596 3576 4654 Si
3618 4600 3730 4666 quis

2149 4688 2305 4756 frater
2333 4686 2636 4740 nominatur.
2681 4686 2736 4740 In
2765 4701 2830 4740 co
2855 4687 3050 4756 quippe
3075 4687 3212 4756 quod
3254 4687 3346 4749 ait,
3375 4687 3434 4742 Si
3465 4691 3577 4758 quis
3601 4706 3617 4752 ;
3651 4689 3734 4740 ni-

2148 4780 2222 4834 hil
2247 4778 2385 4833 aliud
2425 4778 2633 4833 videtur
2670 4777 2970 4848 signiﬁcare
2997 4779 3246 4842 voluisse,
3277 4779 3376 4832 nisi
3418 4793 3538 4832 eum
3575 4793 3733 4846 posse

2149 4870 2236 4924 tali
2267 4869 2424 4922 modo
2449 4867 2732 4922 salubriter
2765 4867 2979 4936 corrigi,
3005 4868 3094 4936 qui
3126 4868 3266 4921 inter
3291 4868 3578 4921 dissimiles
3608 4882 3732 4935 pec-

2147 4971 2252 5026 cat,
2286 4960 2336 5014 id
2364 4968 2464 5022 est,
2497 4959 2633 5014 inter
2657 4974 2750 5014 eos
2770 4973 2903 5027 quos
2928 4969 3264 5028 peccatorum
3291 4959 3541 5012 similium
3573 4959 3734 5027 pesti-

2150 5049 2306 5104 lentia
2340 5064 2444 5103 non
2466 5049 2777 5117 corrumpit.
2808 5047 2859 5100 In
2891 5063 2955 5101 eo
2978 5063 3101 5102 vero
3127 5048 3267 5117 quod
3297 5049 3390 5108 ait.
3418 5049 3732 5113 nominatur,

2150 5143 2249 5196 hoc
2278 5141 2524 5194 nimirum
2556 5139 2774 5210 intelligi
2817 5139 2998 5202 voluit,
3032 5155 3214 5208 parum
3246 5153 3366 5194 esse
3398 5147 3454 5192 ut
3487 5139 3554 5193 sit
3583 5141 3732 5208 quis-

2147 5249 2250 5303 quc
2301 5233 2440 5297 talis,
2494 5230 2594 5285 nisi
2645 5229 2804 5284 etiam
2853 5229 3176 5292 nominetur,
3233 5228 3285 5282 id
3337 5237 3450 5290 est,
3499 5227 3737 5282 famosus

2148 5333 2419 5394 appareat,
2463 5331 2520 5376 ut
2549 5321 2715 5391 possit
2753 5321 2999 5376 omnibus
3036 5320 3342 5390 dignissima
3390 5319 3579 5384 videri,
3615 5337 3736 5389 quae

2151 5419 2200 5471 in
2232 5433 2353 5471 eum
2388 5414 2544 5469 fuerit
2570 5412 2920 5468 anathematis
2946 5411 3148 5483 prolata
3175 5413 3460 5467 sententia.
3495 5412 3569 5466 Ita
3594 5413 3736 5466 enim

2218 5553 2238 5620 ι.
2259 5548 2375 5620 mliti
2400 5561 2412 5596 :
2441 5557 2538 5598 non
2556 5544 2681 5596 enim
2702 5545 2831 5596 estis.
2851 5544 3024 5605 verbo,
3048 5544 3176 5604 estis,
3200 5551 3368 5593 carent
3385 5543 3550 5606 plures
3572 5557 3740 5592 manu-

2351 5683 2520 5719 omnes
2542 5677 2643 5717 Mss.
2671 5675 2725 5717 At
2749 5668 2882 5725 editi,
2905 5665 2968 5715 ab
2982 5663 3207 5716 Ecclesia:
3224 5664 3401 5714 unitate
3425 5663 3699 5714 dirimetur.

2216 5736 2307 5803 {In
2347 5734 2572 5792 excusis,
2597 5727 2910 5794 conﬁrmatio.
2947 5736 3001 5777 At
3051 5730 3101 5777 in
3130 5728 3353 5777 omnibus
3386 5732 3512 5788 uss,
3551 5738 3742 5776 causa.

2154 5802 2292 5846 ratio.
