4050 6206
288 409 356 463 95
1704 417 1904 472 LIBER
1943 418 2253 476 TERTIUS.
3507 438 3570 494 94

287 535 339 579 et
357 525 500 580 salva
533 540 664 594 pace
694 526 997 597 corrigitur,
1027 535 1083 582 et
1121 542 1227 582 non
1255 527 1612 584 interfectorie
1639 531 1879 599 percuti-.

290 627 392 680 tur,
441 617 536 671 sed
591 617 980 672 medicinaliter
1021 620 1208 675 uritur.
1243 620 1531 690 Propterea
1581 638 1633 676 ‹.ί
1676 622 1743 676 de
1788 623 1876 676 illo

289 705 434 770 dixit,
464 721 622 775 quem
669 708 758 762 tali
789 708 1052 764 medicina
1093 711 1268 763 sanari
1300 711 1560 778 voluerat,
1593 711 1733 768 Satis
1762 713 1879 766 ltuir

284 808 355 852 est
404 799 655 868 correptio
695 816 808 868 quae
855 801 912 867 ﬁt
955 817 986 852 a
1035 801 1225 856 multis.
1282 801 1463 872 Neque
1510 805 1652 858 enim
1703 811 1878 874 potest

283 903 402 943 esse
430 888 662 942 salubris
698 905 729 944 a
763 891 941 944 multis
983 893 1272 961 correptio,
1320 893 1418 948 nisi
1466 887 1584 949 cum
1635 897 1724 950 ille
1754 912 1876 950 cor-

283 978 474 1047 ripitur
496 981 586 1049 qui
619 995 724 1034 non
756 980 915 1036 habet
939 983 1138 1037 sociam
1160 983 1568 1039 multitudinem.
1589 986 1720 1041 Cum
1749 1002 1877 1042 vero

284 1071 424 1125 idem
452 1072 676 1149 morbus
703 1073 958 1142 plurimos
987 1079 1323 1148 occupaverit
1348 1119 1364 1144 ,
1397 1079 1527 1131 nihil
1552 1079 1690 1133 aliud
1722 1081 1877 1135 bonis

281 1169 449 1216 restat
499 1177 658 1232 quam
700 1164 854 1218 dolor
900 1174 952 1220 et
981 1168 1207 1236 gemitus
1232 1211 1246 1234 ,
1276 1176 1334 1222 ut
1379 1185 1471 1238 per
1514 1171 1638 1225 illud
1668 1173 1874 1242 signum

279 1253 422 1322 quod
481 1255 745 1310 Ezechieli
796 1267 979 1312 sancto
1027 1260 1314 1327 revelatur,
1359 1261 1507 1316 ἰηωεί
1553 1263 1776 1318 evadere
1809 1265 1876 1318 ab

281 1345 497 1399 illorum
529 1348 826 1402 vastatione
854 1363 1157 1404 mereantur
1181 1350 1389 1422 (Ezech.
1421 1369 1496 1418 ιι,
1527 1353 1606 1425 4).
1641 1355 1720 1408 Ad
1751 1371 1873 1410 eum

279 1438 422 1490 enim
449 1438 540 1507 qni
584 1453 765 1493 errare
789 1456 894 1494 non
924 1449 1101 1510 potest
1127 1443 1358 1498 clamant
1393 1462 1407 1499 :
1443 1443 1526 1498 Ne
1551 1447 1733 1516 perdas
1763 1463 1876 1500 cum

278 1529 449 1598 impiis
469 1570 485 1595 ,
518 1527 682 1593 Deus,
708 1531 928 1584 animum
958 1549 1119 1586 meam
1142 1573 1156 1597 ,
1188 1544 1231 1587 et
1271 1551 1385 1588 cum
1419 1536 1536 1590 viris
1573 1537 1875 1607 sanguinum

278 1624 433 1674 vitam
457 1639 617 1676 meam
635 1621 806 1695 (Psal.
835 1640 964 1692 xxv,
996 1626 1072 1695 9).
1097 1625 1174 1680 Ne
1201 1641 1322 1681 cum
1344 1627 1605 1682 voluerint
1625 1629 1875 1698 colligere

278 1716 480 1767 xizania
502 1756 518 1781 ,
549 1715 823 1770 eradicent
853 1715 1011 1770 simul
1039 1725 1092 1771 et
1120 1717 1373 1784 triticum;
1407 1733 1504 1773 nec
1533 1734 1626 1787 per
1650 1719 1871 1789 diligen-

279 1805 407 1858 tiam
455 1813 692 1874 segetem
735 1804 1056 1858 dominicam
1097 1815 1353 1876 purgent,
1389 1805 1482 1861 sed
1523 1823 1617 1876 per
1661 1808 1875 1861 temeri-

280 1907 440 1950 tatem
494 1897 593 1966 ipsi
664 1898 840 1966 potius
905 1897 1043 1952 inter
1091 1906 1439 1967 purgamenta
1505 1909 1868 1954 numerentur.

277 1988 511 2058 ideoque
541 1987 682 2042 idem
713 1989 986 2057 apostolus
1016 2004 1135 2042 cum
1159 1989 1268 2058 jam
1305 1990 1500 2044 multos
1526 1990 1875 2060 comperisset

278 2079 555 2133 immunda
609 2079 814 2133 luxuria
865 2088 920 2134 et
967 2079 1403 2135 fornicationibus
1450 2082 1871 2152 inquinatos;ad

277 2172 494 2225 eosdem
520 2170 825 2226 Corinthios
854 2172 904 2226 in
931 2173 1162 2227 Secunda
1195 2171 1431 2242 Epistola
1463 2174 1702 2229 scribens
1722 2215 1736 2240 ,
1766 2190 1870 2230 non

279 2262 464 2316 itidem
500 2264 736 2333 przecipit
765 2273 824 2317 ut
861 2281 978 2319 cum
1010 2265 1200 2320 talibus
1235 2280 1334 2321 nec
1373 2265 1549 2332 cibum
1579 2279 1868 2324 sumerent.

279 2354 425 2408 Multi
475 2355 616 2407 ειιί.ιι
671 2364 856 2420 erant,
889 2370 985 2410 nec
1027 2355 1132 2409 dici
1174 2355 1243 2411 de
1293 2356 1375 2410 his
1401 2365 1639 2424 poterat,
1673 2358 1735 2412 Si
1761 2361 1872 2428 quis

279 2450 435 2515 frater
478 2449 768 2499 nominatur
825 2447 1117 2516 fornicator,
1155 2457 1241 2500 aut
1298 2447 1448 2501 idolis
1492 2450 1744 2516 serviens,
1785 2458 1872 2503 aut

278 2553 480 2603 avarus,
508 2547 600 2591 aut
625 2536 825 2606 aliquid
854 2537 958 2592 tale
981 2553 995 2602 ;
1028 2554 1140 2590 cum
1165 2538 1415 2607 ejusmodi
1445 2555 1532 2592 nec
1559 2539 1721 2592 cibum
1749 2541 1863 2607 qui-

279 2629 390 2681 dem
414 2628 570 2681 simul
607 2644 801 2682 sumere
829 2645 846 2682 :
876 2627 968 2682 sed
998 2627 1106 2692 ait,
1133 2625 1216 2679 Ne
1243 2627 1424 2680 iterum
1465 2643 1580 2680 cum
1609 2643 1784 2681 venero
1804 2628 1872 2682 ad

279 2735 382 2780 vos,
411 2718 645 2771 humiliet
673 2735 751 2772 me
777 2717 932 2782 Deus,
965 2727 1010 2772 et
1033 2718 1229 2788 lugeam
1260 2717 1442 2770 multos
1465 2732 1527 2770 ea:
1547 2717 1609 2770 iis
1637 2717 1724 2786 qui
1755 2728 1872 2771 ante

280 2819 612 2880 peccauerunt
635 2850 652 2875 ,
682 2819 728 2862 et
757 2826 859 2863 non
885 2818 1090 2880 egerunt
1115 2807 1454 2880 paenitentiam
1480 2823 1632 2877 super
1655 2807 1873 2861 immun-

274 2903 397 2954 ditia
421 2943 436 2966 ,
464 2912 510 2956 et
561 2902 796 2967 luxuria,
826 2911 871 2954 et
896 2901 1230 2968 fornicatione
1266 2916 1418 2969 quam
1452 2907 1712 2970 gesserunt
1733 2914 1753 2963 ,°
1775 2913 1872 2968 per

274 2992 471 3046 luctum
516 3008 672 3045 suum
719 2993 894 3060 potius
941 3007 1034 3045 eos
1074 2990 1254 3045 divino
1293 2989 1504 3060 ﬂagello
1547 2988 1871 3043 coercendos

273 3083 482 3136 minans
515 3083 564 3147 ⁸,
597 3097 754 3151 (liram
788 3097 881 3151 per
921 3081 1064 3135 illam
1113 3082 1502 3150 correptionem
1534 3121 1548 3146 ,
1583 3091 1637 3134 ut
1685 3079 1867 3133 caueri

272 3175 338 3228 ab
381 3191 570 3230 eorum
604 3174 977 3242 conjunctione
1007 3189 1066 3228 se
1109 3173 1438 3228 contineant.
1467 3171 1870 3242 Consequenter

277 3266 416 3317 enim
471 3265 645 3318 dicit:
703 3263 837 3318 Ecce
879 3264 1024 3317 tertio
1077 3263 1171 3316 hoc
1201 3263 1396 3317 veniam
1441 3263 1507 3314 ad
1551 3278 1636 3316 vos
1663 3279 1682 3315 :
1708 3263 1760 3316 in
1785 3279 1871 3317 ore

273 3359 484 3412 duorum
509 3359 587 3413 vel
614 3360 764 3411 trium
795 3359 992 3412 testium
1019 3355 1166 3410 stabit
1191 3372 1339 3409 omne
1366 3355 1586 3410 verbum.
1619 3353 1866 3422 Praedixi,

271 3459 319 3503 et
355 3451 576 3519 prardico
601 3451 728 3503 sicut
775 3465 994 3518 prtesens
1035 3446 1254 3501 secundo
1274 3487 1288 3510 ,
1317 3454 1364 3499 et
1393 3461 1526 3498 nunc
1566 3444 1742 3500 absens
1760 3484 1775 3510 ,
1806 3446 1868 3500 iis

272 3543 354 3606 qui
391 3551 510 3592 ante
536 3548 883 3609 peccaverunt,
915 3547 961 3591 et
987 3536 1181 3590 caeteris
1205 3535 1456 3600 omnibus,
1483 3534 1600 3605 quia
1619 3535 1660 3588 si
1689 3551 1866 3588 venero

276 3635 488 3696 iterum,
540 3648 641 3684 non
681 3645 887 3699 parcam
910 3643 928 3692 ;
953 3628 1070 3697 quia
1113 3627 1458 3698 probationem
1496 3626 1716 3696 quaeritis
1756 3627 1866 3695 ejus

271 3719 358 3785 qui
390 3720 448 3772 in
482 3736 562 3772 me
599 3718 818 3788 loquitur
851 3699 1078 3774 Christus
1104 3716 1183 3787 (ll
1212 3715 1329 3770 Cor.
1376 3732 1483 3783 xu,
1512 3715 1704 3770 2l-xut
1729 3757 1743 3781 ,
1771 3718 1860 3786 5).

271 3811 401 3877 Quid
433 3809 578 3864 aliud
600 3810 732 3864 dixit
757 3809 842 3864 hic
861 3849 876 3874 ,
913 3806 1033 3862 Non
1061 3823 1292 3877 parcam;
1320 3806 1420 3860 nisi
1449 3806 1588 3876 quod
1617 3807 1862 3876 superius

270 3901 372 3966 ait,
403 3899 472 3954 Et
504 3900 704 3971 lugeant
734 3899 915 3953 multos
937 3916 955 3952 :
988 3907 1044 3952 ut
1075 3899 1246 3952 luctus
1285 3896 1399 3966 ejus
1437 3898 1747 3965 impetraret
1767 3893 1861 3948 lla-

268 3993 462 4061 gellum
487 4007 516 4044 a
547 3991 772 4045 Domino
798 4005 904 4061 quo
929 3990 1003 4044 illi
1038 3989 1452 4059 corriperentur,
1479 3987 1570 4056 qui
1595 3986 1704 4055 jam
1733 3999 1859 4055 pro-

268 4091 385 4150 pter
425 4080 821 4135 multitudinem
867 4096 971 4134 non
1017 4087 1260 4149 poterant
1295 4077 1365 4130 ita
1413 4075 1653 4146 corripi,
1685 4083 1744 4129 ιιι
1791 4075 1860 4129 ab

266 4186 449 4227 eorum
499 4172 876 4241 conjunctione
921 4187 980 4225 se
1027 4169 1208 4224 caeteri
1256 4167 1626 4232 continerent,
1670 4174 1725 4222 et
1765 4181 1859 4221 eos

266 4265 588 4320 erubescere
640 4264 910 4328 facerent,
962 4264 1100 4318 sicut
1150 4260 1450 4315 faciendum
1495 4267 1609 4324 est,
1655 4261 1698 4313 si
1739 4259 1858 4329 quis

267 4355 428 4410 frater
453 4355 507 4409 in
537 4355 712 4425 aliquo
740 4355 947 4409 caeteris
975 4353 1218 4408 dissimili
1246 4353 1470 4407 crimine
1513 4350 1858 4406 nominetur?

265 4449 328 4503 Et
355 4462 544 4502 revera
576 4446 621 4501 si
666 4447 912 4516 c0ntagio
955 4443 1201 4513 peccandi
1233 4441 1624 4496 multitudinem
1650 4441 1858 4495 invase—

263 4541 369 4606 rit,
401 4540 598 4593 divinae
627 4537 918 4607 disciplina:
945 4551 1130 4591 severa
1159 4533 1523 4589 misericordia
1552 4532 1853 4588 necessaria

265 4644 346 4689 est
373 4651 388 4686 :
423 4648 548 4686 nant
574 4630 792 4686 consilia
829 4628 1178 4698 separationis
1204 4635 1258 4682 et
1286 4627 1458 4680 inania
1485 4633 1609 4680 sunt
1637 4633 1692 4678 et
1733 4637 1857 4692 per-

265 4725 463 4778 niciosa
514 4731 675 4792 atque
725 4719 1005 4789 sacrilega;
1049 4718 1168 4788 quia
1217 4725 1272 4770 et
1326 4716 1483 4786 impia
1530 4723 1584 4768 et
1627 4713 1853 4782 superba

264 4815 430 4878 fiunt,
464 4823 520 4867 et
548 4813 666 4881 plus
694 4811 1003 4880 perturbant
1046 4808 1283 4862 infirmos
1323 4807 1517 4868 bonos,
1547 4821 1704 4876 quam
1731 4820 1854 4859 cor-

263 4906 439 4974 rigunt
490 4904 766 4956 animosos
807 4903 995 4954 malos.
1028 4899 1173 4954 Sicut
1196 4900 1218 4930 ¹
1252 4898 1346 4953 ille
1379 4897 1721 4951 fidelissimus
1771 4904 1852 4949 te-

262 4998 356 5049 stis
393 4995 633 5048 avaritire
676 4994 1022 5064 collegarum,
1052 5006 1170 5046 cum
1197 5005 1260 5046 ea
1291 4990 1425 5042 mala
1454 4989 1850 5043 tribulationum

261 5102 376 5155 qua:
421 5085 722 5156 patiebatur
764 5085 854 5138 illo
897 5078 1136 5151 tempore
1181 5081 1453 5146 Ecclesia,
1485 5095 1725 5134 censurae
1766 5078 1852 5131 di-

265 5177 396 5229 vina:
444 5185 501 5231 et
549 5174 845 5243 disciplinae
895 5174 1188 5237 tribueret,
1238 5168 1668 5224 commemoratis
1717 5180 1852 5236 quos

260 5277 482 5322 noverat
509 5266 883 5337 episcoporum
916 5264 1163 5334 pessimis
1205 5262 1472 5324 moribus,
1501 5261 1590 5330 qui
1613 5260 1853 5314 esurien-

261 5359 403 5412 tibus
455 5358 710 5412 fratribus
766 5356 965 5412 habere
1015 5363 1290 5425 argentum
1341 5353 1561 5424 largiter
1611 5352 1846 5415 vellent,

262 5450 450 5506 fundos
476 5449 746 5505 insidiosis
776 5447 1048 5503 fraudibus
1083 5453 1363 5514 raperent,
1395 5445 1572 5499 usuris
1598 5442 1852 5512 multipli-

261 5543 501 5598 cantibus
555 5542 712 5597 fenus
737 5547 1030 5610 augerent:
1065 5537 1200 5603 Quid
1247 5553 1346 5590 non
1373 5576 1385 5602 ,
1415 5535 1620 5604 inquit,
1659 5533 1848 5604 perpeti

320 5719 337 5780 ξ
366 5726 490 5780 5133.,
514 5716 748 5780 minatur.
1041 5776 1046 5780 μ
1272 5769 1280 5778 ,
1465 5777 1471 5780 Α
1540 5771 1546 5778 ,

319 5779 339 5808 ⁸
363 5779 496 5835 satu.
518 5778 647 5830 sicut
665 5777 816 5830 erum.
839 5776 1187 5839 Expunximus,
1208 5776 1348 5829 enim,
1375 5776 1652 5818 auctoritmc
1679 5777 1843 5816 manu-

256 5851 323 5888 snt
333 5838 552 5891 ιηισηιω.

1983 534 2107 586 tales
2154 550 2245 602 pro
2275 537 2488 606 peccatis
2533 539 2822 610 hujusmodi
2875 551 3220 604 mererentur?
3272 552 3336 607 Et
3378 553 3570 612 deinde

1982 621 2199 676 adhibet
2248 625 2605 682 testimonium
2653 629 2719 685 dc
2760 631 2982 688 Psalmis
3030 636 3213 693 dicens
3248 641 3410 695 :Cum
3464 645 3569 708 iam

1984 714 2177 782 pridem
2205 719 2451 771 monuerit
2494 730 2541 773 et
2564 723 2746 776 dixerit
2775 741 2984 780 censura
3024 728 3192 782 divina
3217 729 3524 802 (Cyprianus
3549 778 3563 802 ,

1985 804 2151 858 Serm.
2182 807 2245 859 de
2271 807 2514 879 Lapsis),
2549 829 2565 862 ι
2604 812 2666 867 Si
2714 814 3066 886 dereliquerint
3114 822 3208 887 ﬁlii
3255 823 3364 892 ejus
3409 825 3565 894 legem

1989 913 2007 946 ι
2042 912 2238 964 meam,
2269 909 2315 951 et
2340 900 2392 952 in
2429 901 2632 967 iudiciis
2662 905 2782 957 meis
2832 923 2930 960 non
2969 909 3368 977 ambulaverint;
3396 916 3441 968 si
3473 921 3566 985 ju-

1990 1002 2008 1035 ι
2041 987 2202 1040 stitias
2243 1005 2379 1043 meas
2422 995 2826 1063 profanaverint,
2858 1001 2902 1050 et
2925 1011 3173 1069 praecepta
3203 1020 3310 1056 mea
3353 1021 3451 1058 non
3478 1007 3566 1059 ob-

1990 1091 2008 1124 (
2044 1078 2342 1131 servaverint
2365 1095 2383 1142 ;
2405 1081 2610 1136 visitabo
2640 1084 2692 1136 in
2733 1086 2872 1156 virga
2898 1088 3179 1154 iniquitates
3209 1109 3378 1146 eorum
3397 1137 3410 1158 ,
3441 1105 3486 1148 et
3513 1098 3564 1149 in

1989 1185 2006 1215 ι
2041 1167 2255 1237 ﬂagellis
2298 1169 2482 1223 delicta
2523 1189 2694 1226 eorum
2725 1191 2744 1228 :
2773 1177 3168 1233 misericordiam
3192 1192 3371 1235 autem
3401 1202 3563 1239 meam

1988 1273 2007 1307 ι
2041 1271 2141 1309 non
2169 1256 2454 1330 dispergam
2477 1263 2540 1314 ab
2564 1265 2634 1317 eis
2671 1284 2690 1316 ι
2723 1264 2891 1337 (Psal.
2920 1284 3172 1336 ωηεν-ιιι,
3202 1273 3416 1344 51-55).

2054 1347 2139 1401 15.
2168 1347 2581 1406 Misericorditer
2619 1353 2776 1423 igitur
2821 1359 3073 1425 corripiat
3105 1360 3263 1415 homo
3295 1364 3432 1431 quod
3466 1381 3558 1432 po-

1983 1445 2084 1492 test
2117 1439 2295 1510 :quod
2337 1451 2511 1496 autem
2544 1461 2646 1498 non
2678 1456 2890 1515 potest,
2919 1451 3179 1517 patienter
3212 1453 3375 1517 ferat;
3409 1469 3460 1510 et
3485 1458 3557 1511 di-

1979 1531 2209 1587 lectione
2239 1534 2255 1564 ί
2280 1544 2455 1604 gemat
2482 1544 2640 1605 atque
2668 1538 2840 1607 lugeat
2865 1581 2878 1602 ,
2911 1540 3082 1596 donec
3107 1552 3196 1596 aut
3223 1545 3308 1599 ille
3335 1546 3561 1615 desuper

1979 1623 2228 1677 emendet
2255 1631 2309 1679 et
2345 1625 2572 1695 corrigat
2597 1637 2724 1690 ,aut
2747 1643 2911 1698 usque
2961 1630 3027 1684 ad
3079 1648 3306 1687 messem
3354 1635 3561 1691 differat

1978 1712 2250 1769 eradicare
2275 1716 2497 1782 zizania,
2527 1726 2580 1772 et
2619 1717 2822 1787 paleam
2848 1721 3104 1775 ventilare
3133 1741 3147 1778 :
3180 1733 3238 1777 ut
3264 1731 3441 1780 tamen
3470 1742 3558 1781 se-

1978 1805 2092 1859 curi
2132 1805 2200 1861 de
2227 1807 2399 1861 salute
2425 1823 2516 1861 sua
2562 1808 2715 1863 bona:
2745 1811 2854 1879 spei
2884 1810 3172 1867 Christiani
3202 1814 3338 1869 inter
3367 1816 3560 1886 despe-

1979 1901 2142 1958 ratos,
2173 1910 2305 1964 quos
2343 1897 2611 1966 corripere
2636 1913 2739 1951 non
2772 1900 2980 1966 valent,
3015 1900 3066 1954 in
3109 1902 3308 1957 unitate
3333 1919 3560 1959 versen-

1981 1992 2083 2049 tur,
2106 1984 2348 2039 auferant
2372 1986 2570 2040 malum
2597 2003 2627 2041 a
2656 2003 2715 2043 se
2737 1989 2882 2057 ipsis,
2915 1989 2965 2043 id
2997 1999 3078 2044 est
3097 2031 3111 2054 ,
3143 2001 3199 2045 ut
3223 1992 3275 2046 in
3303 1991 3432 2061 ipsis
3458 2010 3564 2050 non

1979 2074 2282 2130 inveniatur
2334 2076 2478 2147 quod
2527 2077 2579 2132 in
2625 2079 2861 2134 moribus
2903 2080 3129 2135 aliorum
3177 2083 3256 2136 eis
3299 2083 3560 2152 ὀίερΙὶρυι.

1977 2165 2109 2222 Cum
2165 2169 2306 2222 enim
2352 2169 2574 2224 dixisset
2623 2171 2944 2239 Apostolus,
2977 2171 3087 2236 Quo
3109 2174 3238 2226 enim
3268 2175 3391 2228 mihi
3416 2176 3477 2228 de
3500 2176 3562 2230 iis

1976 2259 2062 2327 qui
2090 2258 2215 2327 foris
2268 2270 2384 2313 sunt
2425 2261 2708 2331 judicare?
2735 2259 2922 2314 Nonne
2968 2266 3031 2315 de
3056 2263 3117 2317 iis
3161 2264 3247 2330 qui
3270 2265 3403 2318 intus
3445 2275 3561 2318 sunt

1977 2364 2062 2402 vos
2098 2350 2389 2419 judicatis?
2411 2351 2489 2405 De
2532 2353 2610 2406 Itis
2639 2363 2805 2406 autem
2833 2353 2921 2422 qui
2955 2354 3081 2424 foris
3117 2365 3232 2408 sunt
3263 2355 3399 2412 Deus
3425 2359 3556 2426 judi-

1976 2439 2105 2493 cabit
2131 2440 2174 2510 (Ι
2205 2439 2322 2495 Cor.
2351 2457 2406 2504 ν,
2435 2441 2522 2513 l2)
2558 2459 2570 2496 :
2605 2451 2856 2514 tanquam
2885 2444 2957 2498 illi
2984 2447 3388 2515 responderent,
3426 2450 3560 2515 Quid

1975 2533 2200 2601 agimus,
2228 2548 2347 2587 cum
2380 2533 2450 2587 ita
2480 2534 2840 2603 improborum
2886 2536 3221 2592 multitudine
3248 2539 3559 2608 premimur.

1975 2631 2031 2676 ut
2053 2621 2310 2690 judicium
2355 2633 2598 2677 nostrum
2629 2624 2680 2678 in
2708 2625 2878 2694 aliqua
2916 2627 3238 2682 coercitione
3259 2643 3362 2682 nou
3393 2631 3560 2698 possi-

1977 2727 2094 2766 mus
2119 2716 2409 2769 exercere?
2436 2715 2644 2786 Auferte
2663 2758 2677 2782 ,
2706 2717 2876 2786 inquit
2899 2760 2914 2786 ,
2943 2719 3131 2772 malum
3167 2735 3229 2773 ex
3253 2721 3388 2773 vobis
3415 2721 3560 2790 ipsis,

1976 2803 2026 2858 id
2057 2813 2173 2868 est,
2202 2805 2247 2858 si
2289 2820 2395 2858 non
2442 2806 2665 2874 potestis
2693 2806 2900 2860 auferre
2954 2809 3121 2863 malos
3166 2824 3232 2863 ex
3261 2811 3436 2864 medio
3465 2827 3558 2865 ve-

1975 2903 2166 2961 strum,
2194 2895 2368 2965 ipsum
2397 2895 2594 2949 malum
2633 2895 2837 2952 auferte
2861 2912 2928 2951 ex
2951 2899 3101 2952 vobis
3126 2899 3253 2967 ipsis
3281 2899 3378 2971 (a).
3408 2901 3556 2966 Quod

1975 2985 2018 3039 si
2046 2986 2324 3055 quisquam
2356 2985 2483 3042 velit
2511 2987 2588 3041 sic
2613 2986 2910 3058 intelligere
2936 2989 3078 3058 quod
3105 2989 3304 3043 dictum
3328 3000 3429 3057 est,
3454 2991 3556 3042 Au-

1975 3078 2100 3145 ferte
2121 3074 2311 3129 malum
2342 3091 2406 3129 ea:
2429 3075 2565 3130 vobis
2591 3076 2714 3147 ipsis
2737 3092 2756 3140 ;
2779 3085 2837 3130 ut
2881 3092 2977 3146 per
3029 3079 3416 3146 correptionem
3469 3095 3558 3134 sc-

1974 3167 2264 3238 parationis
2310 3167 2376 3221 de
2414 3167 2826 3237 congregatione
2855 3167 3078 3220 fratrum
3125 3169 3292 3221 malus
3335 3169 3557 3236 quisque

1973 3257 2296 3313 auferendus
2323 3258 2392 3312 sit
2423 3275 2435 3310 :
2465 3258 2639 3312 studio
2671 3267 2846 3312 tamen
2878 3258 3095 3312 sanandi
3122 3297 3136 3322 ,
3179 3273 3281 3312 non
3314 3259 3435 3312 odio
3466 3274 3558 3326 pe-

1971 3347 2198 3402 rimendi
2249 3363 2368 3402 esse
2395 3347 2722 3410 faciendum,
2766 3362 2923 3401 nemo
2965 3346 3305 3401 dubitaverit.
3335 3348 3400 3400 Et
3436 3348 3556 3416 quis

1971 3438 2305 3495 adhibendus
2349 3439 2418 3492 sit
2441 3436 2630 3492 modus
2673 3447 3020 3507 temporaque
3049 3436 3324 3499 servanda,
3357 3452 3424 3490 ne
3452 3452 3554 3507 pax

1971 3531 2228 3586 Ecclesia:
2251 3529 2493 3594 violetur,
2529 3529 2581 3582 in
2624 3544 2725 3598 qua
2759 3528 2987 3582 maxime
3027 3529 3202 3582 tritico
3231 3529 3552 3598 parcendum

1971 3631 2079 3685 est,
2111 3637 2179 3676 ne
2208 3620 2366 3674 simul
2388 3634 2510 3674 cum
2536 3619 2756 3673 zizaniis
2785 3619 3113 3684 eradicetur,
3142 3618 3281 3687 quod
3313 3619 3364 3672 in
3413 3633 3552 3687 pra:-

1968 3713 2139 3768 sentia
2169 3713 2338 3766 visum
2368 3719 2452 3766 est
2495 3711 2877 3775 necessarium,
2909 3710 3274 3764 disseruimus.
3312 3709 3438 3764 Haec
3464 3708 3553 3779 qui

1967 3803 2247 3871 diligenter
2289 3801 2520 3869 cogitat,
2561 3814 2661 3852 nec
2689 3799 2740 3852 in
2785 3799 3190 3853 conservatione
3216 3799 3433 3853 unitatis
3459 3815 3571 3853 ne-.

1965 3891 2112 3961 gligit
2138 3889 2428 3958 disciplinae
2459 3887 2795 3942 severitatem
2822 3928 2836 3950 ,
2865 3902 2964 3940 nec
2991 3887 3430 3942 immoderationc
3453 3901 3549 3942 co-

1964 3979 2237 4037 ercitionis
2264 3976 2546 4046 disrumpit
2569 3975 2836 4030 vinculum
2864 3975 3154 4029 societatis.

2035 4071 2125 4126 16.
2155 4071 2287 4126 Nam
2331 4071 2432 4124 hoc
2461 4069 2632 4137 ipsum
2653 4067 2795 4138 quod
2822 4068 2895 4121 ait
2916 4066 3225 4136 Apostolus,
3256 4064 3381 4120 Cum
3411 4068 3548 4138 ejus-

1963 4163 2101 4218 modi
2135 4178 2224 4216 nec
2249 4162 2412 4216 cibum
2439 4159 2592 4214 simul
2613 4175 2808 4214 sumere
2834 4175 2852 4212 :
2877 4173 3036 4229 quam
3064 4156 3212 4212 multi
3245 4157 3365 4212 boni
3407 4158 3548 4212 chri-

1962 4255 2119 4312 stiani
2138 4257 2182 4320 ',
2210 4253 2277 4309 de
2306 4254 2370 4308 iis
2397 4252 2464 4306 de
2487 4251 2680 4322 quibus
2709 4250 3015 4304 familiarius
3035 4263 3219 4304 curam
3250 4257 3459 4319 gerunt,
3491 4257 3550 4302 ut

1959 4364 1988 4403 a
2010 4361 2235 4418 quorum
2262 4345 2530 4400 consortio
2567 4357 2626 4398 se
2673 4344 2940 4413 potuerint
2969 4357 3217 4413 separare
3239 4383 3253 4408 ,
3279 4357 3413 4412 quos
3458 4342 3546 4396 tali

1960 4440 2294 4509 correptione
2320 4451 2478 4507 posse
2519 4436 2710 4504 corrigi
2740 4436 2974 4489 sentiunt
2995 4476 3010 4500 ,
3043 4435 3124 4488 vel
3151 4449 3284 4504 quos
3331 4435 3547 4488 omnino

1960 4534 2154 4603 corrigi
2207 4546 2365 4601 posse
2391 4529 2704 4598 desperant,
2749 4544 2812 4581 ne
2851 4529 2983 4582 alios
3011 4526 3396 4595 colloquiorum
3431 4541 3546 4579 mau

1962 4627 2132 4682 lorum
2154 4624 2468 4693 contagione
2505 4631 2848 4689 corrumpant
2875 4663 2888 4684 ,
2921 4636 3022 4674 non
3050 4620 3295 4675 dubitant
3323 4618 3546 4674 facere?

1959 4716 2104 4772 Facit
2131 4724 2306 4770 autem
2340 4713 2440 4767 hoc
2465 4713 2618 4774 bene,
2653 4712 2702 4765 id
2729 4719 2829 4777 est,
2859 4711 3040 4765 humili
3071 4710 3332 4765 charitate
3359 4725 3421 4764 ac
3448 4710 3544 4765 be-

1960 4809 2114 4878 nigna
2161 4807 2443 4862 severitate
2465 4845 2481 4871 ,
2512 4805 2598 4874 qui
2639 4805 2716 4858 sic
2747 4813 2938 4874 prarest
2966 4803 3234 4867 fratribus,
3265 4813 3321 4856 ut
3358 4817 3543 4857 eorum

1959 4916 2167 4957 servum
2198 4915 2256 4955 se
2303 4913 2422 4955 esse
2461 4897 2792 4959 meminerit,
2827 4897 2962 4949 sicut
3002 4908 3120 4948 sese
3151 4895 3346 4947 habent
3380 4895 3544 4964 ipsius

1960 4992 2167 5047 Domini
2196 5001 2250 5047 et
2294 4997 2614 5060 przeceptum
2641 4997 2694 5041 et
2729 4987 3029 5056 exemplum
3059 4985 3272 5055 (Matth.
3307 5000 3377 5038 xx
3396 5026 3410 5050 ,
3440 4983 3540 5036 26-

1955 5083 2068 5154 28).
2101 5083 2250 5136 Tunc
2268 5079 2409 5136 enim
2437 5079 2494 5132 ﬁt
2521 5078 2637 5132 sine
2663 5077 2826 5146 typho
2848 5075 2868 5106 ³
2895 5075 3140 5128 elationis
3171 5073 3222 5126 in
3248 5073 3539 5134 hominem,

1957 5182 2012 5228 et
2063 5187 2184 5226 cum
2216 5171 2356 5224 luctu
2381 5167 2770 5238 deprecationis
2813 5168 2877 5218 ad
2909 5165 3098 5219 Deum.
3147 5162 3250 5218 Sed
3282 5177 3439 5232 quam
3468 5161 3544 5214 fa-

1955 5264 2057 5318 cile
2077 5263 2142 5316 de
2166 5260 2331 5332 gradu
2376 5259 2687 5314 clericorum
2715 5257 2938 5326 quisque
2977 5255 3043 5309 ab
3069 5254 3340 5322 episcopo,
3369 5251 3448 5304 vel
3473 5250 3542 5304 de

1956 5369 2180 5410 numero
2211 5367 2498 5422 pauperum
2544 5365 2676 5418 quos
2722 5349 2892 5418 pascit
2920 5346 3152 5401 Ecclesia
3178 5386 3192 5409 ,
3225 5344 3305 5398 vel
3333 5342 3400 5396 de
3429 5343 3538 5410 ipsa

1955 5443 2365 5516 c0ngrcgatione
2412 5441 2705 5504 laicorum,
2753 5440 2866 5493 sive
2913 5436 2980 5491 ab
3007 5437 3290 5508 episcopo,
3342 5433 3456 5487 sive
3517 5447 3545 5486 a

2019 5580 2034 5610 ί
2067 5586 2162 5625 Am.
2187 5583 2259 5624 Er.
2288 5580 2340 5638 et
2361 5574 2542 5636 aliquot
2567 5580 2692 5638 Mss,
2712 5578 2762 5638 et
2787 5584 2894 5638 eum
2929 5567 3195 5638 dilectione.
3289 5626 3316 5638 ﬂ
3449 5627 3461 5638 ‘
3483 5625 3509 5638 η

2017 5642 2037 5670 ¹
2062 5645 2110 5705 In
2136 5637 2344 5705 excusis.
2374 5626 2497 5705 post,
2543 5626 2689 5684 multi
2706 5631 2811 5682 toni
2835 5629 3109 5687 christiani,
3135 5626 3382 5690 superﬂuo
3407 5626 3539 5677 addi-

1955 5709 2054 5751 tum
2079 5700 2236 5747 fuerat
2247 5733 2262 5758 ,
2294 5697 2488 5758 faciunt.

2019 5763 2038 5792 ³
2063 5761 2208 5808 anno
2229 5770 2346 5816 Αιιι..
2367 5765 2495 5820 typo.

2020 5823 2091 5884 (α)
2116 5821 2150 5869 ιι
2173 5817 2403 5879 Retract,‘
2422 5817 2524 5881 Cap.
2561 5817 2630 5866 l7.
