4050 6206
479 403 544 454 95
1277 393 1548 449 CONTRA
1591 385 1966 446 EPISTOLAM
2012 380 2447 450 PARllENIANl,
2490 385 2544 439 S.
2579 384 2940 443 AUGUSTI)"
3323 374 3331 382 ’
3696 385 3763 439 96

483 518 622 566 clero
655 513 736 567 vel
764 524 1096 584 quocumque
1123 510 1425 579 praeposito,
1455 507 1540 561 cui
1567 513 1648 560 est
1671 511 1925 574 potestas,
1950 499 2066 553 exi-

484 604 664 668 mitur,
695 604 764 658 ita
790 612 845 657 ut
872 618 991 657 cum
1018 599 1279 671 ejusmodi
1309 615 1339 653 a
1369 596 1575 652 ear-teris
1602 593 1791 664 quibus
1807 591 1908 645 hoc
1928 606 2066 660 pne-

480 699 581 765 cipi
631 705 838 768 potest,
865 710 963 750 nec
985 694 1135 748 cibus
1175 701 1433 755 sumatur;
1464 699 1567 744 tam
1609 687 1758 740 facile
1806 685 2065 738 malorum

485 769 764 840 multitth
806 787 857 840 in
909 785 1147 855 quolibet
1191 782 1378 836 ordine
1405 779 1661 838 Ecclesia:
1688 792 1789 830 non
1841 783 2067 845 potesta

485 879 742 932 bonorum
772 877 1154 931 commixtione
1192 872 1389 928 secludi
1421 881 1474 927 et
1518 869 1733 940 expelli.
1765 867 1898 921 Nam
1938 875 1989 919 et
2017 865 2066 918 in

483 969 731 1022 domibus
760 969 870 1022 suis
898 967 1093 1037 quique
1120 965 1242 1020 boni
1274 963 1454 1018 fideles
1483 963 1552 1016 ita
1580 958 1912 1028 disciplinam
1940 971 2037 1011 suo
2083 980 2101 1006 \

484 1075 598 1112 rum
644 1059 988 1122 moderantur
1013 1066 1066 1113 et
1092 1065 1300 1127 regunt,
1333 1065 1393 1109 ut
1433 1055 1501 1108 ibi
1532 1065 1745 1123 quoque
1787 1048 2068 1115 obtempe-

482 1161 600 1205 rent
641 1141 898 1222 Apostolo
940 1149 1265 1220 praecipienti
1291 1189 1304 1210 ,
1337 1163 1451 1200 cum
1481 1142 1731 1217 ejusmodi
1773 1156 1863 1194 nec
1905 1137 2067 1192 cibum

481 1243 636 1295 simul
670 1259 865 1296 sumere
887 1284 902 1308 ,
933 1257 1054 1295 cum
1081 1249 1130 1294 et
1158 1239 1226 1293 de
1248 1237 1366 1292 filiis
1392 1236 1502 1290 suis
1528 1243 1581 1288 et
1605 1233 1672 1288 de
1698 1231 1858 1286 domo
1885 1228 2027 1299 pacis
2051 1229 2066 1259 ⁸

486 1334 588 1387 hoc
615 1330 816 1387 faciunt
845 1333 932 1387 vel
979 1332 1091 1386 fieri
1132 1326 1351 1400 jubent;
1381 1342 1500 1382 cum
1528 1340 1622 1380 eos
1660 1323 1842 1378 vident
1890 1321 1959 1374 ita
1987 1319 2067 1372 vi-

482 1439 629 1489 vere,
661 1433 718 1480 ut
745 1426 843 1479 hoc
886 1425 964 1480 eis
1011 1439 1128 1478 esse
1176 1418 1472 1476 faciendum
1501 1419 1611 1486 ipsa
1641 1430 1796 1486 quam
1845 1411 2071 1467 habetur

483 1515 534 1568 in
577 1529 669 1568 eos
715 1514 946 1567 Charitas
991 1521 1258 1582 suggerat.
1301 1507 1474 1563 Turba
1505 1517 1680 1562 autem
1726 1505 2025 1573 iniquorum
2052 1541 2066 1564 ,

483 1619 602 1657 eum
646 1603 865 1657 facultas
891 1611 971 1656 est
998 1603 1049 1656 in
1082 1602 1288 1670 populis
1316 1597 1589 1668 promendi
1617 1609 1938 1655 sermonem,
1971 1606 2069 1661 ge-

483 1694 648 1749 nerali
680 1692 1046 1764 objurgatione
1076 1691 1307 1747 ferienda
1335 1701 1415 1745 est
1439 1731 1453 1754 ,
1486 1699 1540 1743 et
1567 1690 1796 1742 maxime
1839 1685 1884 1739 si
1913 1700 2069 1738 occa.

484 1785 687 1839 sionem
732 1795 890 1854 atque
929 1784 1372 1854 opportunitatem
1411 1778 1694 1850 praebuerit
1719 1774 1931 1846 aliquod
1963 1775 2072 1828 Do-

487 1877 613 1930 mini
647 1878 908 1946 flagellum
954 1880 1204 1945 desuper,
1236 1891 1341 1945 quo
1389 1890 1481 1928 eos
1529 1880 1785 1942 appareat
1827 1884 1920 1938 pro
1959 1867 2070 1921 suis

439 1977 447 1984 ‘
487 1972 690 2025 meritis
712 1971 981 2040 vapulare.
1014 1969 1164 2025 Tunc
1213 1970 1354 2023 enim
1388 1981 1545 2020 aures
1593 1964 1820 2018 humiles
1870 1960 2071 2030 prrebet

487 2062 850 2116 emendatorio
876 2062 1107 2116 sermoni
1155 2059 1426 2115 calamitas
1470 2056 1768 2111 auditorum
1795 2096 1809 2119 ,
1840 2051 2069 2106 facilius-

486 2171 589 2222 qtte
620 2155 669 2208 in
699 2156 950 2224 gemitum
1001 2151 1473 2220 confitendiauan
1523 2149 1576 2202 in
1625 2159 1896 2200 murmura
1940 2142 2072 2195 resi-

486 2246 658 2299 stendi
704 2244 896 2298 afﬂicta
943 2243 1103 2298 corda
1153 2241 1426 2309 compellit
1466 2257 1478 2290 :
1523 2237 1663 2292 sicut
1707 2245 1832 2288 tunc
1885 2232 2070 2285 beatus

487 2336 781 2407 Cyprianus
821 2335 888 2390 de
931 2334 1150 2402 collegis
1180 2332 1290 2386 suis
1329 2329 1553 2383 fortasse
1584 2326 1667 2380 illa
1698 2341 1801 2378 non
1828 2323 2066 2387 diceret,

489 2430 586 2481 nisi
605 2445 725 2482 eum
739 2427 966 2497 desuper
978 2426 1158 2481 divina
1177 2426 1434 2478 severitas
1460 2421 1751 2489 adjuvaret.
1778 2417 1852 2470 Eo
1877 2415 2071 2483 quippe

491 2531 729 2588 tempore
779 2519 864 2572 illa
894 2516 1106 2570 dicebat
1144 2524 1252 2568 tam
1304 2513 1566 2572 molesto,
1608 2518 1713 2562 tam
1760 2505 2072 2558 calamitose

488 2622 646 2679 atque
696 2609 976 2671 luctuoso,
1007 2615 1063 2661 ut
1102 2605 1175 2658 illi
1222 2618 1326 2656 non
1375 2601 1548 2655 Solum
1597 2609 1915 2651 succensere
1964 2607 2071 2646 non

487 2703 744 2756 auderent
773 2743 786 2764 ,
817 2699 908 2755 sed
937 2700 1096 2754 etiam
1123 2697 1207 2750 vix
1250 2711 1278 2749 a
1309 2691 1742 2749 succensentibus
1776 2687 1984 2743 veniam
2013 2701 2073 2739 se

489 2809 642 2863 posse
673 2795 954 2862 impetrare
1001 2791 1278 2846 sentirent.
1309 2790 1618 2857 Quanquam
1656 2783 1756 2839 etsi
1805 2782 1946 2835 nulla
1978 2795 2070 2834 ca-

488 2885 696 2942 lamitas
742 2885 1095 2950 tribulationis
1148 2891 1387 2953 premat,
1437 2895 1556 2934 eum
1606 2876 1830 2932 facultas
1879 2875 2069 2940 datur,

491 2978 689 3033 utiliter
717 2978 998 3046 corripitur
1027 2977 1078 3030 in
1109 2973 1446 3030 multitudine
1470 2969 1751 3026 multitudo
1774 2986 1786 3021 :
1812 2982 1933 3021 nam
1960 2966 2070 3020 sic-

489 3080 547 3123 ut
600 3079 839 3139 separata
870 3068 1084 3127 smvire.
1117 3067 1192 3119 sic
1235 3064 1286 3118 in
1320 3064 1430 3131 ip~a
1462 3058 1870 3130 congregatione
1895 3055 2074 3124 objur-

488 3169 607 3230 gala
634 3174 848 3229 gemere
885 3157 1180 3247 consuevit.
1225 3154 1583 3224 Quamobrem
1622 3160 1677 3206 et
1701 3149 1827 3204 illud
1872 3164 2073 3219 przece-

491 3261 638 3320 ptum
687 3249 923 3318 Apostoli
977 3243 1130 3301 nullo
1173 3247 1331 3300 modo
1376 3243 1745 3314 negligendu’m
1792 3251 1906 3306 est,
1951 3256 2071 3295 cum

488 3342 606 3396 sine
645 3340 884 3410 periculo
913 3338 1170 3393 violanda:
1202 3336 1345 3406 pacis
1399 3336 1510 3390 fieri
1562 3343 1772 3404 potest;
1804 3333 1925 3401 quia
1976 3346 2075 3387 nec

494 3432 608 3501 ipse
649 3432 802 3485 aliter
833 3431 945 3484 fieri
975 3429 1176 3495 voluit,
1205 3439 1264 3482 ut
1308 3443 1338 3482 a
1377 3426 1786 3496 congregatione
1816 3424 2072 3478 bonorum

491 3534 770 3594 separetur
799 3523 967 3577 malus
999 3540 1011 3576 :
1040 3530 1094 3575 et
1133 3520 1370 3588 ejusdem
1418 3519 1545 3573 illud
1595 3518 1858 3586 przecipue
1904 3526 2076 3568 atten-

491 3614 726 3667 dcndum
779 3623 892 3680 est,
923 3621 981 3667 ut
1005 3611 1322 3666 sufferentes
1363 3611 1586 3664 invicem
1627 3608 1935 3664 Studeamus
1960 3620 2076 3660 ser-

496 3722 622 3760 vare
668 3706 924 3760 unitatem
975 3705 1191 3774 spiritus
1238 3705 1290 3758 in
1320 3703 1533 3758 vinculo
1578 3700 1959 3772 pacis(EpIies.
1986 3713 2073 3763 tv,

493 3796 549 3861 ‘2,
574 3793 651 3864 '5).
683 3793 812 3850 item
846 3796 1072 3850 Domino
1101 3795 1151 3848 in
1183 3793 1469 3864 Evangelio
1513 3793 1706 3847 dicenti
1732 3833 1748 3858 ,
1781 3792 1834 3845 in
1865 3790 1953 3844 illo
1979 3789 2080 3844 ob-

497 3899 795 3956 temperare
840 3888 1096 3942 debemus
1139 3888 1227 3942 ubi
1255 3887 1360 3952 ait,
1395 3886 1456 3941 Si
1497 3901 1654 3956 neque
1683 3884 1959 3938 Ecclesium
1984 3899 2079 3935 au-

494 3981 644 4033 dierit
665 4020 678 4044 ,
712 3980 775 4033 sit
807 3979 894 4033 tibi
915 3989 1153 4049 tanquam
1182 3979 1408 4032 ethnicus
1453 3987 1497 4030 et
1529 3977 1829 4046 publicanus
1862 3974 2074 4044 (Matth.

498 4087 625 4125 xvm
651 4112 666 4136 ,
697 4072 785 4140 17)
820 4089 832 4125 :
865 4071 993 4126 etin
1035 4071 1125 4125 illo
1151 4071 1237 4124 ubi
1264 4068 1538 4137 prohibuit
1562 4067 1734 4135 colligi
1762 4066 1985 4130 zizania,
2014 4080 2082 4119 ne

496 4162 655 4215 simul
701 4160 996 4215 eradicetur
1048 4171 1104 4212 et
1147 4157 1375 4211 triticum
1403 4153 1511 4223 (Id.
1561 4170 1692 4218 xm,
1738 4153 1853 4222 29).
1899 4153 2084 4208 Potest

498 4253 641 4306 enim
674 4261 955 4317 utrumque
997 4245 1252 4302 custodiri
1273 4245 1339 4298 ab
1387 4245 1466 4299 eis
1511 4244 1704 4314 quibus
1732 4243 1931 4298 dictum
1962 4253 2080 4308 est,

498 4343 642 4396 Beati
697 4342 934 4414 paciﬁci,
988 4341 1227 4410 quoniam
1293 4338 1388 4408 filii
1437 4337 1532 4392 Dei
1586 4336 1896 4414 vocabuntur
1954 4335 2082 4408 (1d.

499 4409 707 4502 v,9).v
814 4409 820 4410 ⁷
1001 4409 1010 4410 7
1826 4409 1884 4445 ἢ

572 4523 797 4579 CAPUT
837 4520 922 4577 lll.
949 4521 1122 4577 —i7.
1153 4519 1258 4575 Sed
1305 4521 1414 4590 jam
1470 4526 1686 4586 caetera,
1709 4534 1827 4588 qua:
1871 4519 2086 4573 Parme-

503 4618 692 4671 niauus
729 4615 932 4685 posuit,
982 4613 1284 4668 testimonia
1333 4611 1629 4666 videamus.
1680 4610 1822 4664 Inter
1868 4610 2083 4674 omnia,

501 4710 695 4776 quibus
749 4723 936 4764 eorum
991 4706 1278 4774 sacrilegus
1315 4713 1494 4758 tumor
1519 4705 1540 4734 ²
1567 4709 1805 4772 apparet,
1855 4701 2003 4755 nullo
2029 4715 2088 4756 se

503 4802 622 4853 loco
650 4801 817 4870 magis
844 4799 1089 4870 aperuit,
1118 4813 1274 4868 quam
1298 4797 1350 4850 in
1385 4810 1452 4850 eo
1475 4793 1615 4865 quod
1638 4807 1801 4848 ausus
1826 4801 1907 4847 est
1926 4793 2086 4848 etiam

503 4889 632 4944 illud
661 4890 906 4945 Ieremia:
955 4888 1226 4960 prophetae
1254 4902 1452 4958 ponere
1475 4928 1490 4953 ,
1537 4886 1676 4940 unde
1741 4885 2089 4954 persuaderet

500 4983 710 5040 cmtcris
779 4982 1117 5047 hominibus,
1170 4979 1596 5034 communionem
1659 4976 2086 5038 Donatistarum,

504 5091 608 5130 non
638 5075 807 5131 solum
839 5073 1131 5128 Ecclesiam
1161 5086 1338 5126 veram
1382 5084 1501 5124 esse
1529 5069 1550 5100 ³
1575 5112 1589 5135 ,
1617 5069 1710 5124 sed
1745 5069 1903 5123 etiam
1930 5067 2087 5121 talem
2115 5115 2120 5120 .

501 5166 609 5238 jam
651 5165 752 5221 hoc
778 5173 1017 5233 tempore
1039 5206 1054 5231 ,
1079 5162 1248 5232 qualis
1277 5169 1396 5231 post
1424 5160 1660 5216 ultimam
1691 5159 2088 5214 ventilationem

503 5256 739 5312 Ecclesia
792 5265 973 5310 sancta
1019 5253 1193 5308 futura
1225 5263 1326 5307 est.
1368 5252 1462 5306 Cui
1510 5250 1780 5320 sacrilegae
1830 5264 2092 5320 pra-sum-

503 5349 669 5418 ptioni
709 5358 762 5402 et
788 5346 1030 5401 nefanda:
1076 5343 1293 5399 elatiooi
1338 5343 1462 5412 quid
1489 5341 1608 5394 addi
1642 5340 1847 5410 possit,
1881 5339 2086 5407 ignoro.

481 5432 576 5494 "Et
605 5440 785 5494 multis
814 5437 1024 5508 quidem
1053 5435 1182 5489 locis
1211 5449 1517 5489 sermonum
1543 5446 1758 5487 suorum
1789 5429 1920 5482 nihil
1949 5427 2087 5482 aliud

505 5547 661 5599 quam
695 5546 1018 5602 prmsumere
1048 5528 1432 5597 intelliguntur;
1478 5526 1570 5580 sed
1603 5521 1884 5593 aliquando
1916 5530 2091 5576 tamen

569 5691 581 5718 ι
617 5696 730 5744 \‘ox,
752 5687 899 5749 pacis,
925 5689 1062 5737 abest
1086 5699 1112 5734 a
1129 5683 1341 5749 rasalino
1365 5691 1447 5749 \ls.
1515 5738 1542 5749 μ’

567 5750 586 5780 ³
615 5755 660 5795 tn
685 5741 897 5799 Casalino
911 5751 1094 5807 codice,
1114 5746 1280 5810 quibus
1303 5741 1542 5804 sacrilegii
1563 5749 1734 5793 (tutior.

568 5810 585 5846 ³
614 5817 713 5858 Duo
739 5818 859 5872 uss,
887 5810 1142 5861 Ecclesium
1164 5814 1366 5860 celerem
1388 5818 1503 5856 esse.

2177 497 2633 563 verecundantur,
2685 515 2805 554 cum
2855 517 2949 556 eos
2977 502 3174 558 veritas
3224 517 3413 572 urgere
3463 501 3682 569 cceperit
3713 502 3761 566 ',

2176 588 2385 657 quando
2413 589 2805 660 interrogantur
2844 602 3017 646 utrum
3048 609 3153 647 non
3185 593 3445 655 habeant,
3467 592 3552 647 vel
3587 601 3762 645 utrum

2178 697 2280 734 non
2303 681 2406 735 sint
2429 682 2526 750 ipsi
2557 692 2861 752 peccatores
2887 703 2899 738 :
2932 694 3296 740 verumtamen
3324 685 3374 739 in
3405 685 3506 739 hoc
3542 685 3762 755 prophe-

2177 773 2280 824 tico
2336 773 2638 826 testimonio
2687 774 2899 844 impiam
2940 776 3224 830 vanitatem
3271 783 3325 829 et
3349 791 3499 830 suam
3546 775 3762 829 nimiam

2179 864 2579 930 perversitatem
2627 867 2963 934 apertissime
3016 867 3380 936 prodiderunt.
3433 868 3565 935 Qum
3620 868 3764 922 enim

2175 954 2434 1010 Jeremias
2479 969 2692 1012 saueius
2743 959 2900 1012 vellet
2937 959 3220 1014 ostendere
3259 958 3413 1014 bonis
3464 967 3519 1014 et
3563 959 3722 1014 malis
3749 998 3764 1022 ,

2175 1047 2382 1100 etiamsi
2425 1045 2490 1100 ad
2538 1057 2745 1116 tempus
2793 1049 2860 1102 sit
2888 1050 3312 1119 congregationis
3352 1064 3456 1103 una
3498 1049 3727 1104 societas

2177 1137 2330 1206 longe
2359 1127 2530 1190 tamen
2561 1137 2789 1206 disparia
2821 1153 2939 1193 esse
2968 1151 3231 1194 momenta
3262 1154 3468 1193 morum
3501 1139 3766 1209 finemque

2177 1227 2485 1280 meritormn
2514 1246 2526 1281 :
2557 1227 2690 1293 Quid
2733 1229 2918 1297 paleis,
2966 1230 3161 1300 inquit,
3193 1231 3259 1283 ad
3292 1231 3510 1284 triticum
3552 1229 3763 1302 (Jerem.

2176 1332 2304 1370 xxm
2329 1359 2342 1380 ,
2379 1317 2498 1386 28)?
2517 1317 2896 1373 Parmenianus
2922 1331 3096 1374 autem
3125 1335 3244 1376 cum
3276 1322 3435 1375 vellet
3450 1321 3763 1375 Tichoninm

2177 1407 2421 1462 refellere
2449 1408 2711 1463 dicentem
2736 1452 2750 1476 ,
2793 1411 2958 1465 malos
2979 1427 3007 1463 a
3040 1411 3192 1464 bonis
3221 1413 3270 1463 in
3302 1410 3502 1465 unitate
3546 1412 3762 1467 interim

2177 1512 2274 1565 pro
2331 1513 2456 1566 pace
2509 1499 2813 1553 tolerandos
2840 1543 2854 1566 ,
2883 1512 2936 1554 et
2974 1501 3026 1553 in
3060 1502 3162 1555 fine
3205 1501 3372 1555 ultimi
3398 1501 3582 1571 judieii
3612 1494 3765 1570 sepa-

2176 1587 2388 1652 randos,
2427 1589 2601 1656 posuit
2648 1590 2749 1645 hoc
2791 1590 3037 1646 Ieremia:
3092 1593 3490 1656 testimonium,
3523 1609 3624 1663 quo
3647 1609 3767 1662 per-

2179 1693 2362 1732 versus
2389 1690 2550 1748 atque
2591 1695 2779 1734 errans
2809 1697 3085 1749 perversos
3135 1693 3187 1734 et
3215 1691 3453 1736 errantes
3483 1683 3547 1736 ad
3577 1683 3763 1736 turbn-

2177 1767 2497 1822 lentiSsimas
2527 1780 2579 1823 et
2628 1771 3064 1826 sceleratissimus
3105 1773 3392 1826 seditiones
3428 1772 3765 1837 inflammet;

2179 1867 2233 1912 ut
2261 1859 2497 1929 quisquis
2528 1859 2703 1914 inflata
2735 1872 2909 1915 mente
2949 1863 3126 1916 carnis
3153 1880 3262 1916 sua:
3289 1863 3492 1917 videtur
3537 1865 3637 1918 sibi
3668 1864 3768 1917 ali-

2177 1949 2301 2019 quid
2330 1966 2450 2005 esse
2473 1993 2486 2015 ,
2518 1967 2636 2005 cum
2675 1952 2806 2006 nihil
2848 1953 2915 2006 sit
2943 1952 3135 2023 (Galat.
3170 1971 3217 2007 vI
3243 1998 3254 2016 ,
3284 1953 3360 2025 5),
3381 1970 3437 2010 se
3468 1970 3530 2010 ac
3563 1956 3768 2010 similes

2175 2040 2255 2094 sui
2284 2049 2530 2110 tanquam
2575 2059 2734 2112 grana
2777 2045 3143 2112 purgatissima
3175 2045 3484 2097 existimans
3507 2085 3524 2111 ,
3556 2043 3622 2099 ad
3656 2045 3764 2099 Ec-

2175 2134 2352 2188 clesia:
2391 2136 2854 2205 congregationem
2880 2180 2892 2198 ,
2924 2137 2974 2189 in
3006 2153 3106 2206 (ιιι-ι
3153 2151 3374 2190 necesse
3401 2145 3484 2190 est
3511 2146 3566 2189 ut
3597 2133 3632 2189 ii
3672 2135 3763 2205 qui

2176 2223 2241 2276 ad
2276 2224 2433 2278 vitam
2454 2236 2707 2280 aeternam
2742 2228 3044 2297 pertinent,
3067 2243 3160 2281 eos
3186 2228 3272 2297 qui
3301 2227 3366 2280 ad
3398 2227 3572 2296 ignem
3605 2236 3766 2280 arter-

2177 2329 2302 2366 num
2354 2317 2663 2384 pertinent,
2724 2333 2890 2387 usque
2930 2317 2995 2371 ad
3048 2327 3249 2372 certum
3300 2316 3459 2372 tinem
3516 2327 3767 2386 tanquam

2177 2404 2438 2461 frumenta
2469 2409 2669 2478 paleam
2692 2425 2840 2463 suam
2865 2411 3120 2474 tolerent,
3149 2410 3251 2478 jam
3280 2411 3378 2463 sibi
3408 2408 3768 2464 accedendum

2176 2511 2296 2551 esse
2351 2513 2453 2551 non
2505 2508 2672 2568 putet.
2717 2499 2902 2553 Nullus
2949 2501 3082 2554 alius
3123 2500 3276 2553 flatus
3318 2499 3386 2554 de
3420 2515 3545 2554 area
3571 2499 3766 2554 Christi

2178 2585 2502 2642 levissimam
2547 2590 2749 2660 paleam
2795 2600 2917 2646 ante
2946 2602 3153 2660 tempus
3172 2572 3544 2646 'ventilationis
3573 2606 3769 2646 excus-

2177 2677 2279 2742 sit;
2315 2679 2455 2732 nulla
2477 2681 2578 2733 alia
2619 2683 2996 2751 prmsumptio’
3026 2683 3280 2754 sacrilega
3309 2682 3590 2737 schismata
3619 2697 3771 2753 (μιξε-

2177 2783 2423 2840 cumque,
2451 2771 2770 2843 ubicumque
2797 2785 2940 2841 sunt,
2971 2773 3108 2828 fecit.

2250 2860 2336 2914 18.
2377 2861 2656 2929 Admonet,
2686 2864 2874 2934 inquit,
2901 2863 3148 2918 Jeremias
3177 2865 3516 2918 sanctissimus
3538 2906 3554 2932 ,
3597 2865 3772 2935 infru-

2178 2957 2379 3002 ctuosus
2407 2960 2451 3004 et
2481 2952 2673 3005 steriles
2704 2954 3013 3023 peccantium
3043 2953 3211 3007 turbas
3255 2955 3316 3007 ab
3347 2955 3593 3008 honorata
3621 2956 3773 3026 fruge

2169 3039 2425 3108 justorum
2469 3043 2722 3109 discenti,
2769 3043 2938 3096 dicens
2965 3060 2984 3096 :
3014 3044 3148 3109 Quid
3194 3044 3351 3115 paleis
3394 3044 3462 3097 ad
3503 3046 3722 3098 triticum
3748 3045 3775 3098 .’

2178 3129 2222 3184 Ο
2249 3131 2368 3184 tuba
2397 3131 2620 3186 furoris!
2653 3149 2685 3187 ο
2714 3150 2818 3187 vox
2847 3135 3189 3190 exsecrabilis
3220 3137 3536 3204 pestilentire
3563 3137 3577 3190 !
3600 3136 3772 3190 Num-

2178 3220 2303 3288 quid
2333 3219 2468 3276 forte
2493 3222 2573 3276 sic
2600 3231 2744 3277 errat
2762 3239 2928 3293 genus
2956 3225 3265 3290 lmmanum,
3300 3236 3353 3280 ut
3387 3243 3490 3280 non
3518 3235 3776 3297 agnoscat

2179 3313 2547 3369 ventilatorcm
2593 3316 3046 3371 Parmenianum?
3079 3322 3157 3372 An
3201 3329 3253 3373 et
3300 3321 3412 3389 ipse
3453 3319 3546 3374 dat
3594 3320 3771 3373 locum

2183 3404 2418 3473 Donato,
2450 3416 2504 3460 et
2528 3407 2593 3461 ad
2622 3421 2894 3478 purgatam
2938 3428 3030 3479 per
3059 3428 3178 3465 eum
3215 3426 3445 3465 massam
3475 3429 3534 3466 se
3561 3412 3776 3467 venisse

2180 3496 2486 3566 gloriatur?
2515 3498 2643 3552 Nam
2676 3500 2762 3554 ille
2800 3511 2921 3553 ante
2951 3517 3008 3554 se
3039 3501 3350 3571 Majorinnm
3384 3503 3565 3557 nescio
3595 3515 3776 3559 utrum

2182 3587 2423 3656 dignetur
2446 3604 2754 3658 agnoscere.
2789 3591 2867 3642 An
2911 3591 2992 3642 isti
3028 3599 3134 3644 tres
3164 3600 3410 3659 tanquam
3438 3592 3534 3645 tria
3572 3607 3777 3647 cornua

2182 3677 2452 3746 cujusdam
2488 3679 2762 3732 ventilabri
2811 3666 2862 3732 in
2913 3693 3071 3732 manu
3125 3679 3331 3732 Domini
3381 3679 3632 3745 fuerunt,
3679 3697 3782 3751 per

2183 3784 2317 3838 quos
2347 3768 2535 3823 messis
2567 3769 2727 3823 totius
2755 3767 2898 3823 orbis
2929 3768 3290 3835 mxmdaretur;
3319 3778 3371 3824 et
3399 3768 3572 3824 Africa
3601 3772 3780 3827 electa

2185 3872 2267 3916 est
2290 3903 2303 3926 ,
2335 3862 2423 3916 ubi
2459 3872 2673 3932 purgata
2721 3875 2891 3915 massa
2934 3862 3245 3916 consisteret
3269 3903 3283 3928 ,
3317 3869 3564 3916 cateram
3594 3874 3778 3918 autem

2186 3967 2399 4007 omnem
2441 3961 2634 4007 terram
2679 3953 2826 4022 palea
2871 3961 3112 4020 separata
3169 3953 3424 4006 vestiret?
3454 3950 3607 4008 Unde
3649 3969 3782 4024 ergo

2189 4046 2316 4098 tanti
2346 4060 2533 4114 greges
2557 4045 3050 4099 Circumcellionum
3069 4047 3092 4096 ?
3109 4043 3260 4101 Unde
3277 4060 3401 4115 ergo
3423 4053 3582 4099 tanta:
3611 4045 3782 4100 turbae

2187 4138 2524 4191 convivarum
2583 4138 2915 4192 ebriosorum
2944 4179 2958 4204 ,
3003 4147 3057 4192 et
3112 4137 3486 4204 intmptarum,
3517 4136 3610 4191 sed
3671 4152 3780 4190 non

2190 4229 2657 4299 incorruptarum,
2719 4229 3122 4285 innumerabilia
3179 4243 3361 4300 stupra
3416 4230 3782 4284 fuminarum?

2191 4321 2342 4377 Unde
2371 4333 2512 4376 tanta
2545 4322 2692 4375 turba
2724 4329 3014 4390 raptorum,
3035 4335 3336 4388 avarorum,
3372 4317 3780 4376 feneratorum?

2192 4411 2344 4468 Unde
2374 4423 2477 4466 tam
2509 4413 2658 4466 multi
2690 4427 2786 4481 per
2812 4426 2935 4465 suas
2961 4411 3157 4480 quique
3189 4413 3434 4482 regiones
3472 4412 3779 4480 notissimi,

2191 4503 2517 4558 tantumdem
2563 4501 2953 4568 volentes,sed
2998 4517 3100 4556 non
3150 4502 3477 4557 tantumdem
3504 4502 3780 4568 valentes,

2193 4593 2405 4662 Optati?
2435 4591 2568 4657 Quid
2609 4592 2672 4645 ad
2704 4593 2816 4647 haec
2860 4593 3292 4664 respondebunt?
3316 4593 3430 4648 Non
3475 4603 3597 4648 sunt
3635 4593 3783 4649 ista?

2193 4690 2273 4740 An
2297 4727 2311 4750 ,
2347 4685 2409 4739 Et
2438 4683 2537 4738 hoc
2569 4685 2800 4738 triticum
2832 4688 2955 4739 est?
2995 4685 3083 4739 Vae
3116 4685 3590 4756 impudentissima:
3617 4700 3784 4755 nega-

2196 4778 2322 4831 tioui
2348 4819 2360 4840 ,
2391 4777 2435 4831 si
2477 4777 2617 4846 apud
2660 4792 2719 4832 se
2761 4777 2858 4830 ista
2901 4791 3004 4830 non
3051 4791 3200 4841 esse;
3232 4793 3311 4830 vae
3358 4777 3785 4831 sceleratissimus

2197 4867 2548 4931 perversitati,
2579 4868 2621 4922 si
2653 4866 2914 4922 frumenta
2939 4881 3059 4921 esse
3086 4867 3475 4936 responderint.
3507 4867 3786 4921 Postremo

2196 4973 2426 5011 massam
2451 4956 2652 5025 purgati
2673 4956 2828 5010 tritici
2853 4967 2968 5024 post
2994 4965 3150 5009 tantm
3169 4956 3496 5008 auctoritatis
3513 4956 3785 5022 trientem,

2199 5049 2249 5102 id
2279 5059 2360 5104 est
2387 5091 2401 5112 ,
2434 5047 2748 5117 Majorinum
2771 5088 2785 5112 ,
2813 5047 3074 5101 Donatum
3100 5089 3115 5113 ,
3152 5047 3592 5111 Parmeniannm,
3625 5047 3785 5100 etiam

2200 5141 2497 5195 Primianus
2524 5141 2713 5192 iterum
2741 5153 2902 5193 ausus
2930 5148 3013 5192 est
3037 5139 3294 5193 ventilare
3313 5180 3326 5202 ,
3360 5148 3416 5191 ut
3452 5137 3790 5192 Maximiani-

2199 5245 2308 5285 5tas
2331 5231 2395 5285 de
2420 5247 2514 5284 sua
2539 5230 2914 5285 communione
2933 5241 3222 5300 separaret.
3254 5233 3332 5283 An
3367 5231 3499 5284 forte
3525 5230 3789 5284 frumenta

2201 5321 2460 5392 projecit?
2514 5320 2650 5388 Quid
2701 5330 2782 5374 est
2825 5336 2952 5389 ergo
3004 5320 3116 5388 ipse
3167 5336 3286 5374 cum
3337 5321 3476 5383 suis,
3525 5319 3613 5389 qni
3667 5320 3789 5372 talia

2203 5413 2577 5484 projeccrunt?
2608 5413 2688 5466 An
2729 5412 2799 5467 ita
2845 5414 2944 5466 ista
2986 5411 3249 5466 frumenta
3281 5424 3498 5482 purgata
3540 5422 3705 5477 sunt,
3736 5421 3793 5465 ut

2201 5521 2258 5558 se
2304 5504 2528 5558 invicem
2558 5521 2660 5558 non
2692 5513 3021 5574 agnoscant,
3051 5515 3104 5558 et
3134 5519 3191 5557 se
3220 5504 3444 5557 invicem
3487 5503 3792 5558 damnando

2202 5597 2455 5652 ventilare
2482 5595 2778 5650 conentur?
2799 5596 3044 5649 Potuitne
3075 5595 3226 5656 palea
3259 5593 3528 5662 baptizare
3554 5595 3786 5650 frumeno

2268 5735 2282 5766 ι
2311 5732 2523 5796 Nonnulli
2548 5738 2672 5788 Mss,
2697 5742 2806 5796 cum
2825 5742 2903 5778 eos
2925 5727 3030 5796 quis
3047 5739 3219 5792 urgere
3241 5726 3491 5796 eruperit.”

2270 5798 2290 5829 ²
2311 5795 2445 5856 editi,
2470 5790 2853 5857 prwsumplionc.
2876 5790 3042 5840 Melius
3062 5790 3186 5852 Mss,
3212 5790 3519 5852 prwawnplio
