4054 6210
276 270 336 324 97
1631 263 1829 318 LlIlER
1869 262 2178 319 TERTIUS.

276 379 364 435 ta‘l
389 380 446 435 Si
473 379 642 452 potuit
666 384 805 443 ,'cur
825 394 950 448 ergo
991 380 1206 440 dicunt,
1236 376 1374 442 Quid
1416 377 1573 448 paleis
1613 378 1681 430 ad
1719 377 1849 430 triti-

277 471 422 524 cum?
448 469 501 524 Si
528 479 701 522 autem
731 485 831 522 non
862 468 1027 542 potuit
1053 509 1065 531 ,
1087 483 1183 522 cur
1226 467 1523 523 Felicianus
1558 481 1678 521 cum
1715 466 1852 520 inter

277 563 452 631 paleas
489 560 994 615 Maximianistarum
1025 560 1168 614 foras
1199 558 1455 625 volasset,
1480 567 1735 627 quotquot
1766 558 1854 611 ille

275 652 576 723 baptizavit,
593 666 715 706 cum
730 665 796 706 eo
821 666 1005 706 rursus
1021 649 1087 705 ad
1113 664 1341 705 massam
1369 650 1512 704 illam
1537 647 1854 720 purgatissi-

274 757 415 797 mam
442 740 751 807 redierunt,
780 749 832 794 et
858 754 1045 803 omnes
1073 740 1215 793 intus
1243 752 1337 792 eos
1367 753 1506 793 nunc
1535 737 1770 802 habent,
1800 743 1859 791 et

276 831 374 886 sibi
403 847 509 885 non
534 831 739 896 dicunt,
774 828 910 895 Quid
937 829 1095 899 paleis
1123 828 1191 881 ad
1219 828 1479 882 triticum?

345 921 434 977 19.
472 921 589 975 Jam
634 934 764 989 ergo
806 919 1058 988 evigilent
1095 916 1376 986 aliquando
1399 958 1415 981 ,
1455 925 1509 971 et
1562 915 1859 986 intelligant

274 1008 721 1081 quemadmodum
760 1007 1022 1077 Propheta
1051 1006 1280 1073 dixerit,
1311 1006 1447 1071 Quid
1486 1005 1644 1075 paleis
1671 1005 1739 1058 ad
1766 1005 1860 1058 tri-

277 1101 472 1156 ticum?
500 1100 601 1157 Ubi
656 1100 798 1155 enim
836 1100 1044 1154 dicatur
1093 1098 1467 1161 considerent,
1514 1098 1558 1152 si
1596 1096 1675 1151 eis
1722 1096 1861 1151 inest

275 1191 679 1261 qualiscumque
702 1204 891 1245 sensus
920 1188 1202 1244 humanus.
1231 1187 1493 1257 Numquid
1526 1188 1576 1240 in
1605 1202 1731 1258 agro
1754 1186 1859 1241 dici

278 1291 471 1354 potest,
506 1282 645 1350 Quid
672 1282 832 1353 paleis
855 1281 923 1335 ad
948 1282 1195 1342 triticum,
1224 1279 1436 1351 quando
1464 1279 1652 1335 eadem
1683 1279 1861 1334 radice

276 1374 599 1447 portantur?
625 1372 889 1443 Numquid
917 1372 968 1427 in
995 1387 1139 1437 area,
1170 1372 1257 1426 ubi
1286 1372 1488 1441 pariter
1510 1369 1860 1426 triturantur?

276 1466 380 1522 Sed
412 1466 593 1534 utique
620 1464 672 1518 in
703 1464 916 1529 horreo,
951 1462 1087 1529 Quid
1116 1463 1275 1533 paleis
1298 1461 1366 1514 ad
1388 1461 1645 1515 triticum?
1677 1460 1864 1514 Veniet

275 1557 419 1613 enim
460 1557 548 1612 ille
595 1555 971 1625 paterfamilias
1020 1553 1201 1610 ferens
1239 1552 1570 1607 ventilabrum
1618 1552 1673 1604 in
1709 1564 1864 1603 manu

275 1665 404 1715 sua,
430 1657 479 1702 et
522 1647 783 1701 mundabit
819 1662 988 1701 aream
1023 1662 1206 1708 suam;
1249 1648 1500 1716 frumenta
1543 1644 1777 1697 recondet
1812 1643 1864 1695 in

276 1739 510 1792 horreum
540 1776 558 1804 ,
603 1738 804 1806 paleam
864 1751 981 1791 vero
1030 1735 1287 1790 comburet
1333 1734 1449 1804 igne
1471 1732 1865 1803 inexstinguibili

277 1828 493 1897 (Matth.
523 1844 577 1883 Ill
608 1869 625 1894 ,
654 1827 767 1897 12).
795 1826 927 1882 Nam
960 1841 1058 1897 per
1081 1826 1241 1879 aliam
1280 1824 1676 1879 similitudinem
1707 1839 1866 1877 omne

277 1919 515 1974 triticum
532 1920 708 1974 ovium
729 1920 963 1984 nomine,
982 1925 1032 1973 et
1051 1917 1225 1971 omnis
1242 1916 1390 1985 palea
1408 1914 1678 1969 haedorum
1697 1914 1865 1968 nomi-

274 2025 344 2065 ne
370 2010 719 2080 signilicatur,
745 2026 865 2079 quae
890 2009 997 2064 duo
1024 2022 1274 2078 pecon
1296 2020 1490 2077 genera
1510 2005 1718 2060 interim
1740 2020 1866 2075 per-

273 2101 448 2154 mixta
477 2100 577 2155 sub
604 2115 712 2154 uno
742 2106 952 2168 pastore
980 2105 1287 2167 pascuntur.
1320 2093 1426 2151 Sed
1447 2095 1606 2151 veniet
1628 2136 1643 2160 ,
1674 2094 1864 2165 inquit,

273 2188 449 2244 Filias
473 2189 687 2243 hominis
706 2204 819 2242 cum
845 2187 1050 2259 Angelis
1067 2188 1191 2251 suis,
1223 2196 1269 2241 et
1289 2178 1726 2257 congregabantur
1753 2192 1869 2239 ante

272 2294 394 2332 um
421 2295 593 2333 omnes
635 2288 838 2350 gentes,
864 2286 909 2331 et
953 2276 1205 2346 separabit
1241 2292 1325 2329 eos
1363 2275 1424 2327 ab
1464 2276 1675 2330 invicem
1697 2315 1713 2341 ,
1740 2276 1869 2329 sicut

272 2377 456 2439 pastor
478 2379 679 2437 separat
718 2384 831 2423 oves
872 2367 934 2421 ab
958 2367 1119 2422 haedis
1142 2382 1159 2421 :
1181 2376 1227 2420 et
1261 2382 1374 2420 oves
1405 2366 1607 2436 quidem
1632 2373 1779 2435 ponet
1801 2366 1871 2419 ad

272 2460 560 2522 dexteram,
589 2458 761 2512 haedos
788 2468 957 2511 autem
984 2457 1051 2511 ad
1076 2457 1351 2528 sinistram.
1383 2455 1449 2509 Et
1474 2455 1604 2510 dicet
1642 2456 1706 2509 iis
1729 2457 1815 2525 qui
1837 2472 1870 2508 a

270 2550 473 2605 dextris
510 2550 620 2618 ejus
646 2558 793 2601 erunt
820 2562 839 2601 :
872 2545 1082 2613 Venite,
1113 2546 1357 2600 benedicti
1391 2545 1560 2599 Patris
1592 2546 1689 2599 mei
1708 2586 1722 2612 ,
1751 2562 1869 2615 per-

270 2643 430 2712 cipite
453 2657 666 2711 regnum
687 2630 822 2711 quod
849 2639 982 2693 vobis
1013 2649 1245 2708 paratum
1281 2647 1354 2691 est
1395 2637 1457 2690 ab
1492 2638 1637 2691 initio
1673 2637 1869 2690 mundi.

271 2732 398 2787 Illis
442 2743 613 2784 autem
651 2732 738 2801 qui
782 2729 851 2784 ad
896 2729 1186 2792 sinistram,
1225 2728 1402 2780 dicet:
1429 2725 1540 2792 Ite,
1585 2726 1871 2791 maledicti,

271 2827 323 2879 in
370 2827 544 2895 ignem
579 2834 850 2885 aeternum,
880 2820 967 2889 qui
1012 2828 1218 2889 paratus
1254 2828 1325 2872 est
1370 2816 1570 2870 diabolo
1598 2828 1645 2869 et
1684 2816 1876 2886 angelis

272 2918 393 2985 ejus
422 2912 546 2984 (Id.
576 2900 680 2967 in
704 2951 720 2975 ,
747 2910 909 2965 δι-ιι
932 2908 972 2980 ).
999 2909 1149 2963 Tunc
1190 2922 1316 2976 ergo
1366 2906 1616 2975 impletur
1644 2906 1875 2975 pr0phe-

274 3008 350 3063 tia
371 3048 389 3071 ,
424 3004 562 3071 Quid
586 3003 744 3074 paleis
780 3000 848 3054 ad
883 3000 1100 3055 triticum
1126 3000 1152 3051 ?
1175 2996 1387 3068 quando
1417 2995 1585 3050 haedis
1610 3004 1667 3050 et
1690 2995 1876 3049 ovibus

275 3115 392 3154 non
433 3105 611 3168 potest
641 3108 832 3165 pascua
870 3107 991 3148 esse
1016 3089 1334 3146 communis.
1360 3088 1417 3143 Si
1444 3094 1668 3157 possunt
1701 3087 1875 3155 pisces

277 3189 415 3245 boni
451 3186 685 3258 piscibus
723 3183 1080 3238 malis‘intra
1126 3180 1269 3235 illam
1316 3192 1566 3248 sagenam
1612 3177 1698 3231 cui
1742 3175 1876 3230 dixit

281 3277 546 3334 Dominus
568 3316 584 3342 ,
610 3272 789 3330 Simile
828 3280 903 3326 est
943 3286 1150 3341 regnum
1187 3268 1427 3323 caelorum
1463 3280 1663 3336 sagence
1707 3265 1875 3334 missae

281 3369 336 3423 in
366 3381 509 3421 mare
532 3406 546 3430 ,
573 3364 755 3419 dicere
777 3403 793 3429 ,
824 3360 1075 3416 Beceditc
1100 3374 1132 3413 a
1167 3358 1322 3413 nobis
1341 3398 1355 3421 ,
1379 3364 1472 3410 aut
1504 3354 1820 3410 recedemus
1846 3370 1877 3410 a

284 3458 444 3513 vobis
468 3455 641 3511 donec
666 3466 854 3508 omnes
873 3449 1171 3506 educantur
1197 3446 1264 3501 ad
1293 3446 1473 3511 littus,
1500 3454 1555 3500 et
1580 3459 1674 3514 per
1701 3445 1879 3513 Ange-

288 3551 374 3604 los
406 3546 532 3603 boni
580 3545 855 3599 mittantur
883 3541 935 3597 in
964 3554 1091 3595 vasa
1115 3579 1131 3604 ,
1162 3539 1288 3593 mali
1319 3547 1496 3592 autem
1537 3535 1881 3606 projiciantur

289 3639 438 3694 foras
464 3634 575 3705 (Id.
606 3649 695 3689 xm
716 3672 733 3697 ,
762 3633 832 3687 47
854 3670 869 3695 ,
893 3630 986 3700 48)
1018 3647 1032 3684 :
1065 3636 1240 3698 potest
1262 3628 1364 3682 hoc
1403 3636 1644 3696 tempore
1670 3625 1876 3694 impleri

292 3727 439 3799 quod
484 3726 680 3779 dictum
721 3729 838 3788 est,
865 3719 1001 3787 Quid
1043 3718 1202 3788 paleis
1245 3716 1314 3770 ad
1355 3716 1615 3770 triticum?
1642 3713 1747 3769 Sed
1792 3715 1881 3782 qui

293 3815 761 3889 congregationem
804 3825 953 3867 suam
976 3809 1085 3880 jam
1120 3807 1448 3862 frumentum
1479 3815 1758 3873 purgatum
1790 3821 1886 3871 pu-

297 3922 436 3977 tant,
465 3926 495 3964 a
519 3905 900 3965 commixtione
925 3901 1175 3957 frumenti
1203 3908 1257 3955 et
1282 3898 1447 3968 palea:
1478 3906 1725 3964 tanquam
1755 3908 1883 3963 pura

299 4002 453 4072 palea
497 4000 807 4054 volaverunt
846 4012 861 4048 :
896 4002 953 4049 et
994 3991 1087 4062 qui
1128 4004 1191 4045 se
1235 3987 1337 4043 sub
1377 4001 1483 4041 uno
1524 3994 1734 4055 pastore
1782 3998 1886 4037 non

299 4092 479 4146 adhuc
509 4103 631 4143 cum
660 4085 827 4141 haedis
873 4096 1089 4153 pascere
1112 4079 1380 4143 sentiunt,
1408 4077 1649 4144 luporqu
1680 4073 1888 4130 insidiis

301 4182 371 4238 de
411 4195 571 4251 grege
620 4175 829 4232 Domini
866 4169 1097 4243 separati
1136 4174 1260 4223 sunt
1298 4182 1314 4219 :
1355 4174 1409 4220 et
1434 4165 1526 4235 qui
1570 4178 1690 4218 cum
1735 4163 1888 4217 malis

304 4273 541 4344 piscibus
568 4285 628 4326 sc
656 4274 1005 4339 congregatos
1030 4274 1151 4317 esse
1191 4273 1298 4313 non
1330 4263 1512 4327 putant
1535 4295 1551 4320 ,
1581 4269 1686 4308 non
1715 4254 1888 4308 solum

305 4343 428 4418 mali
459 4362 630 4431 pisces
657 4365 802 4417 sunt,
825 4353 919 4409 sed
945 4353 1104 4407 etiam
1129 4346 1348 4403 unitatis
1373 4345 1507 4401 retia
1529 4343 1890 4412 dis-ruperunt.

306 4453 458 4523 Quod
486 4452 529 4506 si
556 4451 666 4519 jam
693 4448 794 4501 hoc
818 4453 1058 4513 tempore
1077 4438 1433 4508 intelligamus
1456 4434 1567 4490 ﬁeri
1590 4433 1729 4503 quod
1745 4431 1894 4488 Jerc-

308 4547 444 4600 mias
469 4544 562 4607 ait,
598 4539 732 4606 Quid
749 4536 907 4609 paleis
929 4532 997 4587 ad
1026 4529 1285 4586 triticum?
1310 4527 1440 4582 nihil
1470 4525 1612 4580 aliud
1644 4533 1787 4579 recte
1813 4523 1895 4579 in-

312 4635 554 4703 telligere
577 4641 859 4700 possumus
878 4665 892 4691 ,
921 4622 1022 4677 nisi
1043 4619 1182 4691 quod
1209 4618 1266 4671 in
1291 4630 1393 4671 una
1422 4614 1633 4684 quidem
1667 4626 1893 4682 congre-

311 4728 525 4795 gatione
547 4728 668 4775 sunt
691 4759 709 4785 ,
738 4716 909 4771 donec
930 4714 982 4767 in
1010 4710 1112 4765 line
1140 4705 1498 4763 ventilationis
1524 4704 1681 4758 etiam
1707 4717 1897 4771 corpo-

312 4813 497 4868 raliter
539 4817 895 4880 separentur;
926 4800 1018 4857 sed
1071 4810 1251 4855 tamen
1294 4795 1511 4851 tritico"
1540 4808 1752 4848 sursum
1804 4808 1898 4847 cor

314 4911 430 4968 est,
457 4900 623 4971 palezc
663 4911 791 4951 vero
830 4894 1100 4948 deorsum.
1136 4886 1293 4944 Palea
1322 4884 1514 4955 quippe
1544 4898 1638 4937 sua
1663 4883 1852 4952 quierit
1879 4922 1895 4945 ,

317 5011 422 5049 non
452 5008 574 5064 qua:
599 4990 724 5046 ,ιι-ευ
754 4986 947 5042 Christi
979 4984 997 5054 (
1030 4979 1258 5047 Philipp.
1289 4993 1343 5042 η,
1367 4975 1431 5030 21
1459 4980 1476 5044 )
1510 4991 1523 5029 :
1549 4975 1777 5064 triticum
1801 4989 1899 5027 au-

321 5092 424 5137 tem
455 5063 775 5136 thesaurizat
801 5075 1105 5129 thesaurum
1125 5070 1177 5122 in
1200 5068 1372 5128 caelo;
1398 5074 1450 5120 et
1471 5064 1556 5119 ubi
1583 5072 1665 5118 est
1690 5063 1900 5118 thesau-

321 5188 412 5227 rus
440 5172 575 5241 ejus,
600 5169 667 5224 ibi
696 5177 750 5223 et
776 5181 870 5221 cor
890 5163 1003 5233 ejus
1025 5160 1231 5232 (Matth.
1264 5173 1337 5223 vr,
1363 5154 1458 5222 20,
1478 5154 1593 5226 2i).

391 5259 618 5318 CAPUT
649 5257 823 5311 lV.—-
846 5253 935 5308 20.
1005 5250 1094 5306 Sic
1117 5249 1274 5311 etiam
1307 5244 1465 5300 verba
1498 5244 1640 5299 Isaia:
1670 5242 1690 5274 ³
1721 5242 1905 5297 intelli-

390 5499 405 5562 ξ
431 5497 549 5547 Mitt
568 5511 581 5546 :
606 5494 663 5547 si
676 5500 865 5558 possunt
886 5493 1040 5557 pisces
1338 5480 1745 5562 piscibus
1754 5482 1907 5562 parti-

326 5558 452 5617 aula,
474 5570 605 5617 cum,
627 5550 825 5625 sensum
858 5550 1137 5625 corrumpit,
1159 5555 1211 5598 et
1232 5550 1371 5619 abest
1402 5557 1430 5593 a
1462 5550 1813 5605 manuscriptis.

391 5625 407 5652 ¹
431 5620 570 5669 aditi.
593 5616 758 5669 tritici.
784 5624 837 5665 Αι
860 5617 1064 5664 \‘aticam
1090 5621 1214 5661 Mss.
1235 5616 1409 5658 tritico.
1500 5667 1509 5669 _

394 5633 407 5652 '
431 5633 570 5677 mut,
593 5633 758 5669 ιηιιει.
784 5633 837 5665 Al
863 5633 1064 5664 \aucatu
1091 5633 1214 5661 Μδδ..
1235 5633 1409 5658 uultu.

394 5684 414 5714 ι
434 5681 655 5731 (alliam
685 5686 811 5738 Iss.,
834 5676 908 5727 sic
931 5672 1072 5726 etiam
1093 5671 1217 5722 beati
1243 5670 1378 5720 Isaia
1412 5667 1568 5719 verba.

3467 265 3537 321 98

1962 377 2130 448 gentia
2178 386 2331 442 sunt,
2365 394 2483 448 qua:
2525 378 2611 434 ille
2658 380 2893 436 similiter
2950 394 3053 435 non
3104 380 3441 453 intelligens,
3472 385 3541 440 ad

1961 468 2200 522 eamdem
2228 469 2312 524 sui
2344 471 2542 524 erroris
2571 473 2888 527 sententiam
2932 473 3251 545 detorquere
3297 486 3541 533 conatur.

1960 555 2094 623 Quid
2141 557 2282 612 enim
2319 559 2393 612 ait
2437 557 2637 615 Isaias?
2662 559 2926 629 Recedite,
2953 564 3165 618 recedite
3187 583 3207 631 ;
3232 567 3364 621 emite
3390 568 3542 635 inde,

1961 658 2008 702 et
2047 649 2362 703 immundum
2398 651 2554 705 nolite
2586 662 2786 723 tangere
2809 670 2828 708 :
2858 654 2984 708 exite
3026 656 3088 709 de
3115 656 3278 711 medio
3310 659 3420 728 ejus
3444 701 3461 725 ,
3497 669 3546 714 et

1962 740 2414 811 separamini,qui
2462 743 2603 814 fertis
2646 760 2765 798 vasa
2815 744 3022 798 Domini
3073 746 3224 816 (Isai.
3277 764 3383 813 ιη,
3427 751 3542 820 ll).

1961 829 2224 900 Numquid
2261 833 2448 889 eadem
2480 834 2636 889 t0ties
2666 835 2951 904 repetenda
2983 845 3141 904 sunt,
3181 840 3388 908 quoties
3412 855 3546 910 quo-

1962 922 2121 976 modo
2142 922 2232 977 ﬁat
2258 925 2522 993 separatio
2542 925 2559 957 ¹
2581 926 2754 979 cordis
2774 941 2801 979 a
2828 926 2978 981 malis
2993 926 3018 978 ‘l
3043 927 3371 983 lmmundum
3396 932 3543 999 enim

1965 1027 2069 1066 non
2097 1013 2297 1083 tangit,
2328 1014 2415 1084 qui
2443 1014 2509 1069 ad
2541 1025 2809 1084 peccatum
2836 1017 2963 1070 nulli
2986 1020 3268 1073 consentit.
3297 1019 3418 1075 Exit
3443 1037 3541 1075 au-

1912 1152 1922 1160 .
1965 1110 2069 1157 tem
2099 1102 2239 1168 inde,
2269 1111 2327 1158 ut
2350 1103 2492 1159 salva
2518 1105 2719 1174 sitejus
2743 1120 2900 1160 causa
2929 1107 3066 1175 apud
3090 1108 3275 1173 Deum,
3308 1109 3353 1163 si
3380 1111 3540 1165 etiam

1963 1192 2293 1262 disciplinam
2339 1194 2656 1264 corripiendi
2700 1205 2755 1250 et
2795 1197 3046 1265 arguendi
3090 1197 3232 1251 salva
3266 1214 3391 1267 pace
3434 1216 3545 1256 nou

1964 1283 2210 1354 negligat.
2241 1284 2371 1339 Nam
2405 1287 2494 1355 qui
2529 1286 2643 1339 vult
2681 1287 3028 1355 corporaliter
3058 1290 3205 1355 quasi
3236 1291 3547 1345 manifestos

1965 1373 2134 1426 malos
2166 1372 2413 1428 deserere
2436 1416 2451 1440 ,
2476 1375 2819 1443 Spiritualiter
2849 1376 3047 1431 deserit
3075 1379 3297 1433 latentes
3323 1380 3492 1435 bonos
3524 1422 3542 1447 ,

1964 1475 2099 1531 quos
2128 1461 2430 1532 inexpertos
2467 1473 2521 1519 et
2544 1466 2838 1535 incognitas
2871 1469 3076 1537 cogitur
3107 1483 3387 1535 accusare,
3416 1472 3542 1526 dum

1965 1553 2352 1621 separationem
2382 1568 2529 1615 suam
2566 1567 2788 1609 conatur
2814 1556 3118 1611 defendere.

2037 1643 2128 1696 21.
2152 1643 2256 1696 Sed
2283 1644 2366 1697 isti
2391 1644 2766 1714 respondeant,
2789 1646 2842 1700 Si
2866 1647 3090 1701 mundus
3117 1657 3200 1703 cst
3223 1649 3544 1716 Felicianus,

1967 1747 2063 1786 cur
2088 1734 2216 1787 exiit
2254 1734 2321 1788 de
2347 1736 2523 1790 medio
2565 1738 2795 1791 eorum?
2823 1738 2879 1792 Si
2906 1754 3034 1793 vero
3070 1741 3374 1797 immundus
3406 1783 3421 1804 ,
3450 1759 3547 1798 cur

1968 1825 2598 1895 modo‘tangit'mundum
2619 1828 2684 1880 '?
2711 1827 2862 1893 Quod
2893 1830 2936 1882 si
2969 1839 3091 1884 tunc
3118 1831 3420 1888 immundus
3450 1836 3546 1891 fuit

1967 1929 2085 1969 cum
2112 1915 2240 1969 fOris
2265 1924 2425 1981 esset,
2458 1931 2591 1985 quos
2621 1917 2725 1972 illic
2746 1916 3029 1988 baptizavit
3052 1962 3067 1984 ,
3102 1921 3355 1977 immundi
3378 1937 3500 1980 sunt
3528 1967 3543 1989 ,

1967 1999 2088 2068 quia
2129 1998 2465 2073 immundum,
2508 2000 2808 2070 tetigerunt.
2839 2003 2921 2056 An
2967 2019 3154 2059 omnes
3181 2020 3301 2060 cum
3334 2009 3423 2063 illo
3465 2026 3549 2063 re-

1970 2089 2197 2143 meando
2238 2089 2475 2143 mandati
2520 2091 2682 2145 sunt?
2726 2091 2954 2146 Possunt
3000 2109 3128 2164 ergo
3180 2096 3265 2151 isti
3306 2100 3548 2154 mundari

1968 2178 2099 2233 foris
2143 2180 2428 2248 baptizati'
2456 2222 2471 2247 ,
2500 2196 2635 2251 quos
2671 2183 2722 2236 in
2762 2173 3270 2243 sua‘communione
3309 2205 3413 2244 non
3456 2192 3549 2246 ha-

1969 2270 2338 2339 ptizaverunt?
2367 2271 2475 2325 Cur
2515 2286 2642 2342 ergo
2679 2274 2811 2327 alios
2854 2274 3220 2344 rebaptizant?
3249 2280 3328 2332 Au
3365 2294 3394 2333 a
3436 2291 3548 2336 tre~

1969 2361 2140 2415 cenis
2191 2361 2375 2415 decem
2428 2361 2583 2432 Bagai
2631 2363 3032 2430 considentibus
3083 2366 3321 2422 damnari
3374 2370 3547 2441 aliqua

1972 2452 2106 2506 forte
2135 2452 2376 2523 dignatio
2397 2463 2480 2509 est
2498 2454 2539 2519 ";
2563 2463 2616 2509 et
2655 2457 2774 2511 ideo
2814 2456 2882 2513 de
2925 2467 3036 2511 toto
3062 2460 3189 2513 orhe
3218 2462 3454 2532 quisquis
3479 2464 3545 2518 ad

1971 2558 2065 2597 eos
2089 2545 2293 2598 vent-rit
2322 2545 2678 2613 rebaptizatur
2698 2588 2713 2613 ,
2740 2549 2860 2617 quia
2889 2564 2993 2602 non
3022 2550 3214 2604 meruit
3238 2560 3376 2605 totus
3403 2554 3548 2609 orbis

1975 2635 2127 2687 istam
2162 2637 2517 2703 dignationem
2538 2679 2552 2701 ,
2576 2647 2634 2692 ut
2666 2654 2693 2691 a
2727 2639 2998 2709 Bagaiensi
3027 2642 3251 2697 concilio
3272 2642 3548 2699 damnare-

1976 2729 2098 2778 tur?
2120 2728 2254 2790 Quid
2280 2742 2405 2797 ergo
2427 2729 2480 2780 ‘i
2498 2730 2538 2781 A
2559 2729 2875 2783 Maximiano
2894 2743 2947 2785 et
2975 2747 3003 2785 a
3029 2735 3235 2786 cmteris
3265 2736 3420 2789 sociis
3436 2737 3551 2805 ejus

1975 2814 2043 2868 ad
2090 2815 2339 2869 Primiani
2393 2819 2819 2871 communionem
2856 2819 2879 2851 ⁸
2907 2836 3010 2873 non
3063 2823 3403 2878 redeuntibus
3431 2827 3552 2893 qui-

1975 2919 2203 2973 cumque
2233 2906 2477 2974 haptizati
2510 2907 2704 2961 fuerint
2724 2949 2737 2971 ,
2771 2909 3202 2976 rebaptizantur'?
3226 2928 3291 2965 an
3322 2916 3555 2982 parcitur

1976 2997 2095 3069 eis?
2125 2997 2180 3053 Si
2212 2998 2640 3066 rchaptizautur,
2676 2999 2901 3053 violatur
2934 3001 3168 3070 dignatio
3198 3002 3503 3072 Bagaiensis
3536 3022 3551 3056 :

1978 3087 2030 3139 in
2079 3102 2140 3140 ea
2183 3087 2380 3156 quippe
2429 3089 2589 3142 etiam
2652 3090 2869 3143 istorum
2918 3090 3269 3158 haptizatores
3318 3093 3554 3148 damnati

1976 3186 2119 3231 sunt.
2144 3177 2198 3232 Si
2227 3189 2401 3236 autem
2432 3179 2664 3246 parcitur
2680 3180 2776 3236 cis.
2808 3179 3025 3249 rogandi
3049 3189 3172 3234 sunt
3203 3180 3285 3234 ἱειί
3308 3221 3323 3246 ,
3354 3191 3409 3236 ιιι
3433 3198 3555 3236 rur-

1977 3283 2096 3323 sum
2125 3268 2189 3323 ad
2213 3269 2462 3336 oppidum
2484 3269 2772 3338 B~tgaiense
2800 3272 3136 3331 conveniant,
3160 3281 3213 3324 et
3237 3272 3278 3324 si
3307 3270 3444 3325 forte
3466 3273 3557 3327 ille

1979 3372 2235 3413 numerus
2273 3367 2628 3411 trecentorum
2678 3358 2862 3411 decem
2902 3358 3012 3426 jam
3055 3369 3394 3414 consecratus
3439 3371 3555 3427 est,

1982 3447 2202 3501 totidem
2243 3448 2596 3513 conveniant,
2619 3454 2675 3500 et
2697 3447 2802 3502 illic
2833 3449 3146 3501 sententiam
3177 3457 3363 3503 contra
3393 3459 3556 3503 totum

1981 3537 2166 3591 orbem
2199 3538 2501 3605 proferant,
2523 3538 2658 3590 sicut
2701 3538 2956 3592 adversus
2995 3537 3406 3591 Maximianistas
3435 3556 3558 3607 pro-

1986 3627 2251 3694 tulerunt,
2281 3638 2338 3680 ut
2364 3640 2484 3681 cum
2525 3626 3047 3696 voluerintaliquem
3089 3627 3420 3694 rebaptizarc
3448 3667 3463 3692 ,
3495 3643 3558 3681 ex

1983 3720 2155 3787 aliqua
2189 3729 2336 3787 parte
2356 3718 2500 3771 orbis
2526 3720 2845 3782 venientem,
2874 3720 2981 3786 pari
3006 3719 3278 3787 privilegio
3298 3734 3355 3772 se
3383 3718 3562 3772 dcl'cua

1985 3809 2096 3875 όιιι,
2128 3824 2371 3863 asserens
2397 3810 2417 3840 "
2440 3807 2539 3860 sihi
2572 3808 2642 3859 ita
2670 3809 2812 3874 parci
2844 3818 3092 3877 oportere
3113 3850 3127 3870 ,
3156 3809 3294 3861 sicut
3319 3810 3364 3862 ei
3397 3811 3566 3876 parci-

1989 3910 2073 3951 tur
2102 3913 2257 3964 quem
2286 3894 2663 3950 Maximiauista
2694 3895 2924 3963 baptizat
2948 3915 2961 3954 ;
2984 3898 3104 3963 quia
3127 3897 3233 3964 jam
3266 3912 3368 3949 non
3392 3899 3562 3951 solum

1991 3987 2392 4044 Maximianistaa
2412 4026 2426 4045 ,
2458 3984 2551 4038 sed
2581 3984 2739 4039 etiam
2770 3993 2908 4038 totus
2935 3986 3077 4037 orhis
3106 3988 3358 4038 meruerit
3383 3989 3564 4040 conci-

1990 4080 2062 4133 lio
2091 4076 2365 4148 Bagaiensi
2393 4075 2658 4131 damnari.
2694 4074 2893 4129 Deinde
2922 4090 2980 4129 se
3012 4075 3155 4142 ipsos
3180 4089 3208 4127 a
3242 4086 3347 4128 tam
3378 4090 3566 4144 magna

1991 4171 2184 4226 invidia
2215 4169 2510 4224 liberabant
2535 4169 2558 4202 ⁸
2577 4209 2591 4231 ,
2622 4176 2679 4221 ut
2705 4182 2825 4222 cum
2854 4167 3115 4235 cmperint
3137 4166 3246 4236 jam
3275 4183 3378 4221 non
3407 4168 3566 4220 reba-

1990 4265 2193 4334 ptizare
2222 4263 2271 4314 in
2305 4260 2539 4315 Ecclesia
2569 4260 2861 4328 baptizatos
2883 4300 2897 4319 ,
2924 4274 3042 4329 qua:
3071 4275 3164 4329 per
3189 4276 3376 4315 omnes
3400 4269 3569 4317 terras

1993 4362 2075 4409 est
2102 4354 2385 4407 constituta
2412 4393 2425 4412 ,
2448 4350 2498 4423 (si
2537 4349 2656 4417 quis
2685 4350 2763 4403 eis
2794 4349 3018 4402 moverit
3054 4351 3399 4418 qumstioncut
3432 4391 3448 4415 ,
3475 4368 3571 4405 cur

1988 4444 2098 4515 jam
2127 4456 2230 4497 ηοω
2268 4441 2462 4495 faciant
2499 4439 2637 4509 quod
2682 4447 2805 4493 ante
2842 4439 3103 4493 faciebant
3126 4480 3141 4506 ,
3172 4442 3567 4509 respondeant:

2061 4624 2078 4655 ι
2102 4621 2175 4669 sic
2195 4625 2301 4668 Mss.
2326 4627 2421 4664 uno
2442 4620 2650 4674 excepto
2670 4612 2899 4674 CasaIino,
2924 4611 3014 4674 qui
3028 4613 3222 4672 omittit,
3237 4612 3430 4674 quoties.
3457 4610 3574 4663 mm

1995 4697 2116 4735 vero
2156 4684 2227 4731 sic
2259 4679 2470 4736 habent,
2495 4670 2674 4737 (moues
2711 4670 2766 4737 ﬁt
2806 4670 3060 4737 separatio,
3086 4670 3217 4732 etc,
3239 4670 3434 4734 omisso,
3458 4688 3575 4738 quo.

1996 4743 2290 4865 "“i‘lﬁiiqum
2320 4806 2445 4855 Mss,
2469 4766 2557 4846 cur
2590 4794 2731 4845 modo
2765 4798 2963 4859 tangunt
2995 4792 3312 4845 immundum.
3345 4796 3479 4856 quod
3518 4795 3580 4855 si,

2001 4877 2095 5002 et?
2109 4925 2252 4994 aliti,
2295 4918 2513 4971 mandati
2550 4916 2668 4980 foris
2706 4915 2965 4975 baptizare.
3010 4912 3308 4980 castigantur
3348 4929 3376 4965 a
3419 4930 3584 4966 manu-

2223 5053 2292 5095 Er.
2319 5052 2369 5095 et
2387 5042 2578 5109 quidam
2595 5054 2626 5091 e
2647 5048 2773 5101 Mss,
2794 5038 2955 5101 aliqua
2977 5039 3097 5101 forte
3118 5044 3392 5089 meruerunt
3413 5036 3584 5102 dignor

2004 5119 2187 5235 “ore
2211 5167 2357 5230 Lugd.
2380 5170 2630 5235 Venator.
2654 5163 2897 5234 omittunt,
2915 5159 3051 5235 quid.
3092 5166 3171 5235 “at.

2070 5234 2091 5265 ⁶
2113 5226 2424 5287 t’lures'atss.,
2449 5226 2514 5276 ad
2541 5226 2772 5276 Primiani
2794 5226 3277 5287 cormnunicationem.

2069 5296 2090 5326 ἰ
2114 5279 2320 5351 ὲάίιὶξδε
2339 5279 2597 5351 defendant
2621 5290 2900 5351 asserentes.
2931 5282 3101 5351 inclina
3270 5294 3319 5330 se
3355 5279 3585 5342 Jefendat

2009 5343 2260 5413 asserens}
2284 5354 2328 5401 is
2349 5343 2576 5399 videlicet
2590 5360 2737 5413 quem
2759 5344 3001 5413 soluerint
3022 5343 3337 5413 rebaptizare.

2071 5402 2296 5473 ii’P'ostfa
2314 5419 2412 5462 tam
2433 5402 2620 5473 magna
2639 5405 2846 5464 invidia,
2870 5405 2986 5473 editi
2998 5402 3188 5473 addunt
3203 5414 3274 5473 ,Ua
3303 5404 3453 5450 morte
3481 5406 3585 5473 tam

2012 5463 2194 5542 "sane
2207 5463 2251 5542 ςὶ
2281 5481 2379 5542 εαξη
2400 5463 2609 5542 missili
2629 5481 2779 5542 aqua;
2799 5463 2947 5542 verte
2969 5463 3587 5542 sesama-“1523.991933]

2014 5521 2184 5587 ante;
2197 5521 2294 5584 (iud
2304 5521 2379 5583 sic
2398 5532 2559 5581 ferunt
2584 5544 2597 5579 :
2628 5521 2805 5596 blande
2826 5526 2945 5591 ipsis
2959 5526 3024 5575 ad
3036 5530 3134 5596 tam
3153 5535 3328 5596 magna
3347 5521 3587 5596 mirabilia

2014 5580 2291 5654 limati",
2312 5580 2491 5644 itthum
2513 5589 2757 5655 emperiut,
2780 5580 2874 5639 etc.
2895 5596 3036 5641 Porro
3050 5580 3370 5635 Lavaniénscs
3387 5580 3510 5645 loco,
3526 5584 3585 5635 li-

2017 5662 2242 5711 berabant
2253 5693 2268 5717 ,
2283 5651 2570 5720 posuerant,
2588 5651 2808 5703 liberem.
