4050 6206
489 247 550 304 9'9
1236 241 1503 299 CONTRA
1547 234 1922 294 EPISTOLAM
1962 233 2400 298 PARMENIANI,
2443 235 2499 291 S.
2545 237 2908 294 AUGUSTINI

486 360 708 426 Quando
755 361 855 416 ista
883 359 1201 414 faciebamus
1226 397 1240 419 ,
1269 356 1502 410 nondum
1529 353 1806 424 Bagaieusi
1835 351 2066 406 concilio

489 463 655 506 totum
702 452 884 506 orbem
917 461 1172 503 terrarum
1201 445 1643 500 damnaveratnus
1674 462 1686 496 ζ
1712 458 1853 497 nunc
1893 452 2067 495 autem

490 542 656 610 rogati
689 537 1103 594 misericorditer
1126 535 1489 590 concessimus
1509 575 1530 608 _,
1559 543 1616 588 ut
1650 549 1743 587 eos
1774 533 1864 586 tali
1893 531 2073 587 conci-

489 631 559 683 lio
589 632 960 684 danmaremus
983 671 998 694 ,
1028 628 1166 696 quali
1208 625 1622 680 lllaximiauistas
1661 622 2030 678 damnavimus
2056 663 2070 686 ,

489 737 712 788 quorum
743 720 1069 789 Baptismum
1121 733 1222 770 non
1267 716 1574 785 repetimus.
1611 713 1750 781 Quid
1785 728 1912 782 ergo
1957 729 2072 766 ina-

489 826 649 878 guum
675 819 756 862 est
790 851 803 874 ,
832 809 954 877 quid
984 807 1199 861 difficile
1231 848 1243 870 ,
1275 816 1528 874 praistare
1554 805 1801 858 omnibus
1831 805 2077 874 gentibus

493 910 686 952 tantam
740 899 1094 968 dignationem
1141 897 1585 951 damnationis‘?
1633 899 1711 950 An
1755 897 1947 951 iterare
1986 897 2078 949 ha-

491 991 740 1058 ptismum
769 989 910 1044 orbis
944 997 1201 1042 terrarum
1226 989 1367 1050 licet,
1392 996 1445 1041 et
1467 987 1659 1041 iterare
1679 985 2077 1040 damnationem

491 1079 637 1134 orbis
681 1091 936 1133 terrarum
989 1095 1092 1132 non
1125 1078 1292 1132 licet?
1323 1078 1493 1131 Etiam
1543 1076 1668 1131 hinc
1713 1076 1886 1130 securi
1932 1079 2074 1142 sint,

493 1188 599 1226 non
627 1172 958 1225 inveniemus
981 1187 1086 1240 quo
1111 1171 1335 1225 concilio
1359 1179 1433 1224 tot
1461 1179 1650 1240 gentes
1677 1169 2080 1238 provinciasque

496 1264 886 1319 damnaverint.
917 1263 1184 1330 Quosdam
1225 1279 1423 1334 paucos
1477 1265 1526 1317 in
1577 1264 1752 1318 Africa
1789 1264 2078 1318 damnave-

492 1363 654 1416 runt,
689 1369 715 1406 a
746 1354 934 1421 quibus
962 1353 1122 1408 totius
1149 1354 1294 1406 orbis
1333 1353 1529 1422 judicio
1553 1354 1788 1422 superati
1817 1364 1938 1406 sunt
1969 1351 2077 1425 (a);

491 1460 591 1498 nec
621 1444 736 1497 ausi
782 1452 905 1497 sunt
934 1453 1117 1513 postea
1143 1443 1396 1498 damnare
1427 1443 1633 1511 judiccs
1655 1443 1793 1512 apud
1823 1459 1956 1513 quos
1988 1459 2082 1497 su-

493 1535 661 1602 perati
701 1543 824 1586 suut
859 1551 872 1585 :
902 1534 1026 1602 quid
1076 1534 1215 1588 enim
1244 1544 1386 1588 esset
1418 1534 1954 1603 impudentius?quid
1997 1535 2081 1588 in-

493 1621 712 1675 sanius?
742 1621 904 1674 lllnlto
944 1621 1118 1676 minus
1171 1622 1427 1677 damnare
1483 1632 1766 1690 potuerunt
1821 1625 1979 1678 etiam
2029 1623 2081 1679 in

493 1712 705 1764 easteris
766 1721 1025 1765 terrarum
1082 1713 1318 1780 partibus
1365 1714 1720 1780 constitutos,
1775 1715 1862 1783 qui
1915 1715 2081 1783 magis

492 1803 687 1857 talibus
721 1803 989 1869 judicibus
1027 1805 1408 1876 ecclesiasticis
1450 1806 1674 1861 credere
1697 1849 1711 1873 ,
1745 1823 1902 1875 quam
1931 1808 2083 1862 victis

493 1894 841 1962 litigatoribus
883 1896 1182 1949 voluerunt.
1217 1896 1283 1949 Et
1336 1906 1510 1951 tamen
1541 1897 2078 1962 Maximianistarum,

494 2000 628 2052 quos
679 1985 902 2039 trecenti
952 1985 1137 2053 decem
1193 1987 1478 2041 Donatista:
1522 1988 1800 2057 Bagaiensi
1853 1989 2082 2042 concilio

493 2075 526 2128 d
548 2086 877 2129 tmuaverunt
897 2118 910 2140 ,
942 2077 1238 2145 Baptismus
1257 2078 1562 2147 agnoscitur
1582 2117 1597 2140 ,
1625 2083 1934 2146 acceputtur
1953 2119 1968 2142 ,
1992 2077 2079 2132 ad-

495 2169 722 2220 mittitur
749 2186 761 2220 :
791 2169 936 2221 orbis
963 2178 1137 2222 autem
1167 2179 1427 2223 terrarum
1449 2210 1463 2230 ,
1498 2183 1592 2238 per
1616 2184 1772 2238 quem
1802 2169 2082 2222 haereditas

495 2255 690 2311 Christi
719 2258 796 2311 sic
825 2258 1059 2313 exhibita
1088 2267 1171 2313 est
1199 2266 1256 2312 ut
1279 2260 1535 2328 promissa
1564 2269 1665 2324 est,
1697 2260 1749 2313 in
1779 2275 1882 2328 qua
1903 2268 1957 2314 et
1982 2259 2080 2330 ipsi

493 2355 616 2402 ante
645 2363 840 2416 paucos
866 2364 1036 2403 annos
1063 2349 1296 2413 fuerunt,
1323 2365 1481 2419 quem
1512 2351 1658 2404 nullo
1679 2350 1800 2419 jure
1825 2349 2081 2405 damnare

496 2448 799 2507 potuerunt,
824 2449 877 2493 et
906 2441 1047 2493 nulla
1075 2440 1265 2495 saltem
1295 2442 1505 2496 concilii
1536 2443 1888 2510 perversitate
1926 2443 2079 2496 dam-

493 2537 706 2595 narunt,
735 2532 1035 2600 Baptismus
1066 2533 1418 2602 improbatur,
1451 2533 1764 2588 exsufﬂatur
1789 2575 1803 2597 ,
1837 2536 2078 2589 iteratur.

492 2619 537 2672 0
562 2628 742 2673 sancta
773 2620 1043 2674 damnatio
1068 2660 1083 2686 ,
1109 2636 1265 2690 quam
1299 2621 1700 2680 Maximianista:
1730 2633 2038 2678 meruerunt
2062 2641 2076 2689 ;

492 2719 547 2764 et
573 2709 836 2764 laboriosa
868 2711 1171 2766 innocentia
1197 2713 1432 2782 gentium
1458 2753 1472 2778 ,
1501 2729 1618 2782 qua:
1648 2713 1787 2782 apud
1817 2714 1931 2767 illos
1963 2729 2080 2782 pro-

493 2811 675 2870 pterea
697 2801 1044 2856 christianum
1073 2797 1263 2857 nomen
1289 2803 1466 2856 amisit
1499 2844 1512 2865 ,
1536 2803 1656 2873 quia
1682 2804 1838 2858 talem
1861 2804 2080 2858 damna-

493 2892 651 2946 tionis
679 2892 852 2945 locum
883 2893 1122 2948 invenire
1149 2909 1252 2947 non
1285 2893 1484 2962 potuit!

559 2984 648 3038 2'2.
695 2983 748 3038 Si
790 2995 968 3038 autem
1020 2984 1098 3038 illi
1139 2984 1238 3037 soli
1281 2999 1311 3036 a
1359 2983 1763 3036 Maximianistis
1801 2985 2077 3040 venientes

494 3090 599 3127 non
641 3074 1042 3141 rcbaptizautur
1064 3116 1080 3140 ,
1108 3074 1197 3143 qui
1235 3089 1356 3130 cum
1388 3077 1498 3128 suis
1524 3076 1940 3143 haptizatoribus
1958 3078 2078 3132 red-

489 3176 658 3230 eunt,
707 3168 844 3220 sicut
902 3166 955 3220 hi
1016 3166 1104 3236 qui
1154 3181 1275 3220 cum
1331 3167 1650 3220 Prmtextato
1696 3179 1750 3222 et
1807 3168 2077 3223 Feliciano

497 3256 767 3311 redierunt
807 3275 820 3309 :
854 3257 1026 3325 primo
1076 3256 1290 3310 videant
1341 3257 1788 3326 quemadmodum
1835 3260 2074 3328 ejusdem

488 3346 792 3400 schismatis
835 3345 1161 3416 Baptismum
1218 3356 1364 3424 extra
1411 3362 1592 3401 eorum
1644 3351 2073 3405 communionem

401 3489 403 3491 ,
490 3435 620 3490 foris
667 3438 941 3506 aequaliter
982 3436 1163 3490 datum
1207 3438 1258 3490 in
1301 3438 1419 3491 aliis
1464 3441 1819 3506 confirment,
1871 3442 1922 3495 in
1955 3442 2073 3497 aliis

488 3527 772 3581 exsufflent
794 3569 807 3590 ,
841 3528 890 3580 in
940 3538 1089 3597 parte
1131 3528 1394 3584 honorent
1423 3570 1437 3589 .
1467 3530 1518 3583 in
1563 3541 1712 3599 parte
1741 3532 1958 3586 violent.
1992 3532 2067 3587 Ita

487 3615 630 3668 enim
661 3615 744 3669 tibi
777 3617 1006 3681 violant,
1041 3617 1118 3672 rei
1145 3627 1266 3671 sunt
1295 3620 1314 3649 ¹
1341 3637 1352 3672 :
1383 3619 1470 3673 ubi
1495 3629 1670 3672 autem
1713 3621 2031 3676 conﬁrmant
2054 3663 2069 3683 ,

489 3714 666 3758 reatus
713 3707 794 3760 sui
844 3717 1005 3762 testes
1053 3708 1410 3762 inveniuntur.
1460 3708 1516 3765 Si
1567 3713 1708 3765 enim
1760 3721 1938 3780 postea
1995 3714 2074 3768 sic

487 3797 899 3863 c0ufirmarent,
932 3807 990 3852 ut
1034 3798 1146 3867 jam
1191 3799 1394 3854 violare
1441 3799 1785 3868 desinerent;
1814 3819 1916 3858 non
1959 3804 2071 3860 dis-

485 3890 758 3958 crepatio,
789 3889 883 3945 sed
935 3892 1196 3946 correctio
1245 3892 1512 3947 diceretur
1557 3912 1571 3948 :
1623 3909 1743 3949 cum
1787 3905 1964 3951 autem
2018 3897 2068 3950 in

485 3979 799 4048 quibusdam
839 3982 1140 4050 improbant
1187 3982 1331 4050 quod
1380 3983 1433 4036 in
1479 3984 1600 4038 aliis
1649 3987 1982 4053 approbant;
2015 3987 2067 4040 in

485 4068 570 4124 his
599 4081 936 4138 accusantur,
961 4071 1012 4124 in
1040 4071 1143 4124 illis
1172 4079 1358 4125 contra
1387 4085 1446 4124 se
1478 4073 1842 4126 testimonium
1865 4075 2065 4128 dicunt.

486 4159 680 4225 Quaaro
717 4161 860 4214 enim
899 4176 1064 4228 quare
1092 4177 1196 4213 non
1228 4160 1464 4228 baptizes
1491 4175 1585 4215 eos
1611 4177 1744 4230 quos
1772 4163 2069 4220 Felicianus

485 4251 538 4303 in
569 4251 869 4303 Maximiani
907 4250 1192 4304 schismate
1241 4250 1529 4319 baptizavit
1560 4270 1573 4306 :
1605 4253 1726 4322 quia
1750 4253 1946 4308 Christi
1972 4257 2070 4311 Ba-

486 4339 734 4405 ptismum
757 4348 1096 4406 acceperunt,
1116 4353 1184 4393 an
1211 4340 1330 4408 quia
1357 4341 1611 4396 Feliciani
1640 4341 1662 4394 ?
1693 4341 1747 4397 Si
1772 4345 1891 4413 quia
1923 4345 2067 4400 Feli-

484 4431 642 4494 ciaui;
665 4430 804 4500 apud
830 4430 1248 4484 Maximianistas
1276 4447 1396 4486 eum
1423 4432 1570 4488 dedit
1591 4433 1870 4488 damnatus
1890 4475 1905 4501 ,
1941 4435 2068 4491 foris

483 4531 632 4576 extra
678 4522 1105 4577 communionem
1161 4533 1396 4579 vestram
1447 4525 1596 4580 dedit
1650 4543 1807 4595 eum;
1841 4530 1942 4586 hoc
1985 4541 2069 4586 est

485 4614 609 4668 illud
641 4615 904 4682 Baptisma
927 4656 940 4678 ,
971 4615 1110 4683 quod
1144 4625 1198 4670 et
1224 4616 1386 4671 Salvii
1419 4617 1812 4675 Membresitani
1841 4633 1894 4676 et
1930 4623 2065 4677 alio-

484 4719 597 4755 rum
625 4703 803 4756 talium
836 4721 847 4755 :
879 4704 922 4757 si
951 4713 1125 4759 autem
1150 4706 1270 4774 quia
1297 4706 1513 4771 Christi;
1545 4709 1663 4778 plus
1691 4712 1827 4780 apud
1853 4722 1902 4766 te
1928 4713 2065 4768 valet

484 4808 580 4860 pro
609 4793 882 4861 Baptismo
908 4793 1107 4848 Christi
1153 4795 1452 4850 Felicianus
1480 4798 1530 4851 in
1556 4799 1872 4861 Mustitanis.
1904 4819 2062 4872 quam

482 4884 594 4953 ipse
623 4883 863 4939 Christus
907 4886 958 4939 in
1007 4887 1256 4941 omnibus
1288 4889 1478 4951 terris;
1509 4891 1630 4959 plus
1663 4893 1801 4962 apud
1848 4904 1898 4948 te
1926 4896 2064 4950 valet

480 4992 574 5045 pro
599 4976 865 5044 Biptismo
887 4977 1082 5030 Christi
1109 4977 1301 5033 sedens
1333 4978 1398 5033 ad
1428 4980 1566 5034 latus
1591 4991 1734 5035 tuum
1762 4993 1816 5037 et
1844 4984 2064 5039 damna-

479 5077 564 5122 tus
609 5083 637 5120 a
666 5077 940 5138 te,quam
981 5068 1070 5122 ille
1113 5068 1306 5123 sedens
1351 5073 1416 5124 ad
1468 5070 1742 5126 dexteram
1788 5073 1960 5127 Patris
2009 5086 2062 5130 et

478 5160 763 5214 crucifixus
802 5174 895 5227 pro
925 5161 1017 5213 te?
1049 5159 1289 5214 Parcitur
1329 5160 1383 5215 in
1432 5162 1762 5231 paucissimis
1791 5164 2060 5233 Baptismo

478 5251 708 5316 Christi,
740 5266 807 5304 ne
836 5250 1135 5305 Fcliciauus
1171 5250 1475 5306 offendatur
1506 5271 1518 5306 :
1552 5263 1606 5307 et
1635 5270 1740 5309 non
1781 5257 2012 5324 parcitur
2041 5300 2055 5324 ,

501 5449 508 5456 _
542 5391 555 5420 ι
579 5385 749 5458 plures
769 5395 896 5448 Mss,
926 5391 1109 5437 tantum
1136 5384 1459 5450 dignationis;
1483 5388 1658 5438 omissa
1683 5400 1802 5439 voce
1819 5423 1835 5448 ,
1861 5389 2059 5440 dataria-

475 5454 628 5496 ttoms.

495 5463 628 5500 toms.

537 5532 558 5591 ἢ
579 5531 782 5581 Vaticani
805 5537 931 5588 Mss,
946 5527 1018 5579 rei
1040 5525 1176 5591 ﬁunt.

538 5589 610 5651 (ιι)
637 5601 730 5641 Hoc
751 5595 899 5642 totius
930 5589 1060 5655 orbis
1084 5590 1313 5655 judicium
1330 5625 1344 5650 ,
1367 5603 1465 5655 quo
1489 5592 1756 5655 Donatistae
1783 5591 2057 5655 litigatores

477 5655 684 5714 superati
710 5662 814 5704 sunt
842 5655 904 5703 ab
923 5653 1230 5712 adversariis,
1256 5664 1350 5701 non
1373 5652 1502 5702 aliud
1524 5665 1669 5715 quam
1687 5652 1990 5707 srelatense.

3667 249 3769 305 100

2188 362 2253 398 ue
2329 363 2422 417 pse
2479 347 2722 405 Christus
2780 351 2832 404 in
2884 360 2959 405 tot
3007 351 3244 422 gentium
3298 355 3534 413 millibus
3585 360 3769 414 exsut-

2184 436 2338 490 ﬂetur
2364 439 2388 492 ?

2252 528 2342 584 25.
2383 529 2485 584 Sed
2527 531 2849 586 incredibilis
2885 545 2966 588 est
3005 535 3216 589 cmeitas
3252 535 3546 603 hominum,
3575 549 3629 595 et
3654 556 3768 596 om-

2184 621 2310 675 nino
2337 624 2516 678 nescio
2541 625 2982 692 quemadmodum
3006 628 3150 682 credi
3179 639 3358 697 posset
3377 646 3495 686 che
3521 633 3573 686 in
3598 633 3771 690 homi—

2185 711 2341 766 nibus
2381 721 2522 766 tanta
2569 716 2906 782 perversitas,
2943 718 3042 772 nisi
3084 723 3447 788 experimento
3486 726 3769 782 verborum

2185 817 2400 855 suorum
2428 803 2792 875 factorumque
2813 817 3109 875 patesceret
3134 825 3299 880 usque
3325 813 3459 869 adeo
3483 832 3541 870 se
3560 817 3771 873 clausos

2187 890 2384 946 habere
2409 893 2586 948 cordis
2613 896 2816 963 oculos,
2855 906 2910 950 ut
2947 912 3067 952 cum
3109 913 3533 958 commemorent
3573 919 3772 964 sancta:

2186 982 2471 1052 Scriptura:
2517 987 2838 1055 testimonia,
2870 1005 2976 1043 non
3021 990 3324 1048 intueantur
3367 996 3418 1050 iu
3460 997 3611 1055 factis
3637 1002 3770 1055 Pro-

2187 1071 2498 1140 phetarum,
2545 1077 2992 1145 quemadmodum
3046 1081 3384 1154 intelligenda
3439 1099 3561 1143 sunt
3610 1092 3771 1147 verba

2191 1163 2593 1233 Prophetarum.
2621 1169 2762 1224 Dixit
2780 1170 3058 1240 Jeremias,
3089 1175 3224 1241 Quid
3245 1179 3403 1247 paleis
3424 1182 3491 1234 ad
3511 1184 3773 1240 triticum?

2188 1269 2293 1308 nou
2322 1257 2337 1286 ¹
2365 1265 2421 1310 ut
2468 1257 2580 1326 ipse
2621 1261 2899 1316 recederet
2925 1279 2953 1317 a
2984 1265 3149 1333 paleis
3187 1270 3364 1338 populi
3405 1275 3506 1337 sui,
3544 1275 3596 1328 in
3639 1292 3771 1344 quas

2191 1353 2332 1399 tanta
2356 1347 2442 1401 illa
2468 1364 2592 1403 vera
2612 1351 2838 1406 diccbat.
2868 1353 3006 1410 Dixit
3034 1355 3214 1422 Isaias,
3241 1359 3492 1428 Recedite,
3522 1367 3771 1433 reredite;

2187 1438 2316 1492 exite
2362 1439 2497 1505 inde,
2549 1451 2596 1495 et
2641 1443 2959 1500 immundum
3004 1451 3159 1504 nolite
3185 1461 3407 1523 tangere.
3437 1457 3546 1512 Cur
3576 1460 3687 1529 ipse
3719 1463 3768 1516 in

2191 1527 2280 1580 illo
2312 1531 2503 1598 populo
2545 1532 2929 1590 immunditiam
2959 1554 3115 1607 quam
3144 1545 3376 1612 graviter
3398 1527 3680 1617 arguebat,
3717 1553 3770 1607 in

2188 1633 2290 1671 una
2332 1635 2452 1674 cum
2491 1622 2569 1676 eis
2608 1629 3017 1695 congregatione
3049 1633 3327 1702 tangebat?
3352 1635 3551 1708 Legant
3576 1653 3771 1710 quanta

2191 1707 2240 1760 iu
2275 1709 2441 1763 malos
2473 1713 2648 1782 populi
2678 1716 2780 1781 sui,
2807 1727 2860 1772 et
2885 1733 3041 1788 quam
3065 1723 3405 1781 vehementer
3427 1707 3488 1784 ac
3514 1707 3772 1789 veraciter

2187 1799 2414 1866 dixerit,
2451 1819 2482 1857 a
2517 1805 2707 1874 quibus
2750 1822 2808 1864 se
2848 1819 3025 1867 tamen
3074 1816 3216 1870 nulla
3263 1821 3522 1889 corporali
3567 1823 3772 1880 direm-

2191 1891 2369 1958 ptione
2390 1894 2410 1924 ¹
2433 1898 2774 1962 separaverit.
2801 1899 2941 1955 Dixit
2961 1903 3125 1958 David
3151 1924 3165 1960 :
3193 1906 3313 1961 Non
3341 1911 3450 1963 sedi
3475 1928 3589 1966 cum
3611 1918 3772 1970 conci-

2188 1981 2256 2034 lio
2282 1984 2534 2049 vanitatis,
2568 1996 2614 2038 et
2641 2003 2754 2041 cum
2781 1990 3080 2059 facinorosis
3113 2012 3213 2050 non
3251 1998 3465 2054 introibo
3488 2017 3507 2055 :
3533 2004 3650 2057 odio
3673 2006 3770 2058 lia-

2187 2069 2271 2123 bui
2313 2073 2507 2128 curiam
2548 2079 2986 2147 nequissimorum,
3025 2093 3072 2137 et
3105 2103 3218 2140 cum
3257 2089 3426 2160 impiis
3460 2109 3560 2147 non
3593 2096 3772 2152 sedebo

2189 2161 2358 2234 (Psal.
2383 2181 2512 2232 xxv,
2539 2169 2592 2232 4,
2616 2169 2693 2239 5).
2716 2169 2918 2241 chant
2945 2174 3129 2242 quales
3158 2177 3271 2248 ipse
3301 2184 3632 2252 temporibus
3660 2187 3770 2244 suis

2191 2254 2241 2307 in
2268 2255 2356 2309 illo
2384 2258 2576 2326 populo
2605 2260 2884 2328 toleravit;
2912 2265 3002 2334 qui
3033 2268 3297 2324 unctionis
3338 2274 3562 2342 mystico
3587 2289 3770 2332 sacra-

2186 2355 2367 2401 mento
2393 2357 2594 2404 tantum
2629 2351 2887 2408 honorem
2922 2355 3130 2424 detulit,
3160 2369 3217 2414 ut
3244 2361 3297 2416 id
3329 2378 3428 2418 nec
3457 2366 3509 2419 in
3539 2367 3770 2424 scelera-

2187 2437 2390 2493 tissimo
2417 2438 2576 2496 Saiile
2604 2452 3004 2512 contemneret;
3033 2449 3140 2503 imo
3169 2459 3372 2508 tantum
3402 2469 3765 2524 veneraretur,

2187 2537 2244 2580 ut
2263 2530 2489 2598 amplius
2510 2534 2727 2587 omnino
2751 2551 2855 2590 non
2886 2550 3082 2606 posset.
3107 2541 3312 2605 Nonne.
3334 2547 3378 2600 si
3399 2563 3582 2604 eorum
3607 2552 3766 2608 verba

2187 2618 2336 2672 factis
2375 2636 2560 2676 eorum
2604 2625 2992 2695 objiceremus,
3037 2636 3768 2703 respontlerent,nobis:Nos

2187 2709 2342 2779 plane
2373 2727 2493 2768 cum
2531 2716 2723 2773 talibus
2753 2721 2954 2775 nullum
2983 2723 3264 2783 habuimus
3288 2730 3338 2783 in
3365 2733 3523 2787 corde
3542 2749 3763 2791 consor.

2187 2801 2336 2866 tium,
2380 2817 2478 2858 nec
2525 2808 2864 2876 tangebamus
2910 2813 3235 2871 immundum
3281 2819 3367 2875 ubi
3408 2833 3579 2891 potest
3615 2829 3768 2882 coin-

2183 2894 2389 2961 quinari
2421 2908 2728 2966 contactus;
2763 2901 2814 2956 id
2844 2913 2942 2968 est,
2987 2911 3337 2967 consensione
3376 2923 3532 2985 atque
3570 2919 3765 2986 placito

2181 2987 2521 3044 conscientiae
2567 2993 2968 3063 recedebamus,
3012 3009 3068 3055 et
3114 3003 3408 3071 exibamus,
3441 3009 3508 3061 ah
3543 3011 3638 3076 eis,
3673 3014 3763 3081 qui

2182 3091 2288 3129 non
2318 3078 2488 3132 solum
2527 3081 2648 3135 talia
2684 3099 2788 3138 non
2829 3086 3172 3158 faciebamus,
3204 3095 3298 3150 sed
3331 3113 3427 3152 nec
3453 3078 3764 3157 facientibus

2183 3167 2528 3224 tacebamus?
2553 3172 2642 3228 Isti
2683 3186 2860 3232 autem
2892 3179 3126 3238 seditiosi
3155 3195 3209 3239 et
3235 3186 3426 3248 insani,
3459 3192 3546 3260 qui
3574 3193 3760 3247 defen-

2179 3261 2383 3316 sionem
2411 3265 2738 3334 prtecisiouis
2766 3283 2876 3324 sua:
2904 3286 3146 3342 qumruut
3178 3294 3241 3332 ex
3269 3283 3497 3337 oraculis
3521 3284 3760 3353 Prophe-

2181 3357 2374 3415 tarum,
2417 3369 2665 3423 superest
2705 3369 2764 3414 ut
2809 3361 3077 3431 impietate
3109 3382 3302 3422 vesana
3333 3371 3401 3426 de
3430 3374 3602 3429 verbis
3634 3391 3758 3445 pro-

2179 3439 2404 3508 pheticis
2432 3461 2610 3501 mores
2637 3462 2858 3519 arguant
2885 3452 3287 3522 Prophetarum.
3320 3461 3399 3514 Au
3432 3461 3533 3524 hoc
3567 3439 3756 3521 dicturi

2177 3540 2320 3596 sunt,
2361 3535 2502 3602 quod
2549 3537 2655 3592 illis
2701 3543 3023 3608 temporibus
3065 3546 3318 3603 recedere
3353 3550 3512 3618 justis
3550 3569 3578 3606 a
3620 3558 3760 3612 malo

2177 3623 2373 3690 popqu
2401 3640 2506 3678 non
2538 3626 2747 3693 licebat,
2783 3631 2896 3684 istis
2920 3648 3046 3687 vero
3077 3638 3403 3704 temporibus
3433 3642 3594 3698 licet?
3620 3647 3759 3712 Quid

2175 3713 2279 3768 dici
2315 3719 2610 3784 perversius
2640 3731 2844 3790 potest,
2877 3723 2966 3778 illo
2993 3733 3232 3794 tempore
3261 3745 3365 3783 non
3397 3735 3633 3801 potuisse
3666 3739 3758 3794 bo-

2177 3821 2277 3861 nos
2301 3823 2331 3861 a
2358 3810 2510 3864 malis
2546 3813 2892 3882 corporaliter
2931 3819 3185 3886 separari,
3221 3822 3434 3890 quando
3475 3827 3638 3882 multa
3670 3846 3756 3883 sa-

2175 3911 2449 3955 cramenta
2501 3907 2848 3974 corporaliter
2895 3907 3162 3964 observari
3217 3912 3568 3979 videbantur;
3618 3934 3755 3976 nunc

2175 4005 2352 4048 autem
2400 3997 2754 4050 necessariam
2802 4013 2921 4054 esse
2966 4003 3293 4070 corporalem
3339 4009 3753 4076 separationcm,

2173 4085 2386 4154 quando
2419 4086 2528 4155 jam
2561 4087 2645 4142 illa
2674 4089 3018 4158 spiritualiter
3045 4095 3437 4170 observantur?

2243 4178 2330 4231 24.
2377 4177 2467 4231 Vze
2511 4180 2667 4234 cmcis
2710 4181 3020 4238 ducentibus
3071 4195 3123 4239 et
3170 4187 3324 4242 ca:cis
3373 4193 3751 4259 sequentibus!

2175 4269 2320 4324 Itane
2361 4285 2463 4324 non
2506 4271 2696 4325 timent
2738 4273 2835 4326 ista
2873 4272 3128 4340 dicentes,
3164 4292 3229 4331 ne
3270 4277 3404 4333 forte
3436 4297 3528 4350 per
3555 4292 3753 4343 tantam

2175 4361 2505 4416 latitudinem
2534 4362 2679 4417 orbis
2708 4371 2990 4428 terrarum,
3017 4383 3117 4434 qua
3150 4367 3280 4424 fides
3304 4370 3498 4426 Christi
3527 4389 3756 4430 nomen.

2173 4466 2276 4520 que
2302 4450 2548 4505 diffusum
2577 4459 2678 4516 est,
2707 4462 2990 4522 antequam
3008 4471 3077 4519 ,se
3104 4457 3187 4512 isti
3217 4472 3546 4528 separarent,
3573 4464 3623 4517 in
3651 4466 3754 4518 ali-

2172 4557 2272 4609 qua
2302 4549 2451 4610 parte
2490 4550 2748 4596 terrarum
2787 4545 2852 4598 ab
2882 4545 3140 4602 Africanis
3167 4551 3471 4619 regionibus
3505 4559 3754 4612 remotis-

2171 4635 2301 4684 sima
2325 4633 2432 4699 jam
2459 4634 2560 4686 hoc
2583 4631 2710 4702 justi
2742 4632 2980 4700 fecerint,
3011 4647 3060 4691 et
3084 4638 3255 4693 adhuc
3281 4641 3363 4695 isti
3388 4643 3437 4695 in
3465 4643 3748 4698 immundi-

2173 4723 2278 4787 εἰπε,
2323 4737 2481 4791 quam
2532 4724 2603 4777 illi
2654 4725 2916 4794 fugerant,
2957 4730 3270 4798 contagione
3313 4732 3755 4801 vix-ebant?Quis

2169 4813 2310 4866 enim
2334 4813 2412 4868 eis
2431 4826 2583 4870 cavet
2603 4815 2642 4879 ³,
2669 4817 2784 4885 quis
2805 4833 2898 4872 eos
2919 4834 3134 4875 securos
3161 4821 3304 4884 facit,
3331 4824 3374 4877 si
3396 4823 3699 4894 hujusmodi
3723 4845 3752 4885 ι

2169 4903 2320 4956 malis
2347 4904 2610 4972 ευριπ-δύο
2636 4905 2872 4962 facienda
2903 4917 3004 4972 est,
3040 4909 3192 4975 hanc,
3230 4921 3512 4983 antequam
3540 4915 3607 4970 ab
3639 4917 3754 4971 istis

2170 4994 2336 5057 fieret,
2371 5010 2638 5064 nunquam
2671 4997 2859 5052 factam
2901 4999 3061 5055 fuisse
3103 5010 3209 5054 tam
3253 5003 3441 5074 longe,
3481 5017 3538 5060 ut
3571 5008 3754 5064 Africa

2167 5087 2382 5142 omnino
2409 5087 2640 5142 nesciret
2665 5088 2706 5157 ⁸,
2737 5091 2872 5144 sicut
2910 5092 2962 5146 in
3001 5095 3254 5149 extremis
3282 5096 3488 5151 illarmn
3519 5101 3753 5169 partium

2230 5291 2245 5318 ι
2275 5286 2549 5352 Particulam
2566 5293 2827 5352 negantem
2848 5288 2925 5352 hic
2945 5289 3207 5352 adjecimns
3226 5305 3288 5340 ex
3311 5293 3524 5342 Casalino
3544 5295 3718 5346 codice
3744 5315 3755 5348 :

2163 5362 2313 5419 quam.
2329 5351 2369 5398 si
2386 5348 2558 5419 delere
2581 5347 2756 5419 placet,
2779 5349 2989 5419 delenda
3001 5347 3151 5419 simul
3176 5353 3366 5419 videtur
3389 5356 3636 5419 particula,
3666 5347 3755 5419 ut;

2167 5407 2244 5479 ⁵ξε]
2270 5411 2377 5479 ejus
2399 5408 2503 5458 loco
2523 5407 2804 5479 legendum,
2829 5417 2895 5479 at.
2922 5413 3203 5479 Paulopost
3243 5415 3372 5464 idem
3389 5407 3485 5465 'tts.
3507 5407 3753 5470 Casalinus

2165 5473 2328 5539 habet,
2351 5472 2402 5522 in
2420 5484 2537 5533 quas
2559 5475 2690 5539 ιίιηξρ
2707 5472 2934 5539 invectiva
2954 5472 3158 5524 dicebat.

2227 5538 2247 5566 θ
2272 5543 2370 5582 Am.
2399 5531 2591 5597 etMss.,
2615 5531 2880 5597 direptione
2903 5547 2919 5583 :
2939 5542 2992 5584 ut
3008 5547 3167 5597 supra,
3192 5535 3276 5584 lib.
3299 5537 3344 5596 i,
3363 5551 3412 5586 [ι.
3433 5539 3481 5588 8.

2230 5598 2250 5628 ³
2273 5598 2345 5644 Sic
2369 5595 2575 5644 vaticani
2597 5601 2700 5642 mss.
2720 5602 2774 5643 At
2791 5596 2926 5655 editi,
2947 5608 3027 5645 eos
3039 5595 3186 5646 cavet.

2227 5659 2248 5689 δ
2273 5657 2406 5717 aliti,
2426 5663 2478 5707 ut
2500 5655 2710 5718 Africam
2739 5656 2928 5708 nomine
2947 5657 3197 5709 nescirent.
3226 5660 3520 5723 tegendum,
3538 5660 3619 5711 vel
3642 5675 3754 5714 cum
