4050 6206
335 272 421 323 an
1703 256 1900 313 LIBER
1940 255 2248 327 renittis.

329 382 483 434 terris
507 396 630 449 pars
652 379 836 433 Donati
871 395 992 447 prur
1024 394 1081 430 ns
1110 378 1285 449 ignota
1312 375 1425 431 est?
1454 376 1699 432 Fortasse
1724 376 1901 429 dicent

327 447 520 527 obesse
543 471 644 527 sibi
671 487 778 527 non
806 470 1039 541 potuisse
1059 447 1197 540 quod
1223 447 1552 541 ignorabant.
1580 468 1667 524 Sic
1695 483 1821 538 ergo
1850 477 1903 522 et

327 561 427 615 illis
475 562 631 616 terris
674 560 868 615 obesse
907 575 1010 613 non
1049 567 1225 630 potest
1250 559 1390 630 quod
1417 569 1620 630 gestum
1651 558 1701 613 in
1728 558 1903 611 Africa

330 650 590 719 ignorant,
621 649 830 705 etiamsi
862 664 985 704 vera
1014 649 1098 703 isti
1126 648 1383 715 dicerent,
1403 646 1529 720 qua:
1559 648 1626 703 de
1651 648 1903 703 Afrorum

324 741 635 797 criminibus
659 741 1009 796 mentiuntur.
1033 739 1089 796 Si
1115 748 1290 794 autem
1314 740 1497 794 dicunt
1523 740 1688 795 latere
1712 754 1770 794 se
1794 754 1900 794 non

324 835 582 902 potuisse,
626 834 669 887 si
717 830 869 887 fieret
901 852 915 886 :
946 831 1105 887 modo
1143 831 1351 896 dicant,
1403 846 1497 899 per
1533 845 1721 885 omnes
1758 830 1903 885 orbis

324 932 478 975 terrm
524 932 703 997 partes
747 922 887 991 quod
935 922 1163 976 schisma
1213 921 1404 976 factum
1447 921 1533 974 sit.
1563 920 1789 974 Nimium
1821 931 1904 976 est

320 1012 461 1080 qnml
491 1013 759 1081 interrogo
785 1030 798 1064 :
828 1013 878 1066 in
909 1013 1020 1080 ipsa
1051 1011 1228 1066 Africa
1259 1011 1437 1066 dicant
1462 1011 1747 1065 Donatistae
1770 1009 1901 1065 Car-

321 1102 685 1171 thaginienses,
718 1102 801 1155 vel
832 1102 1150 1171 quicumque
1177 1110 1300 1155 sunt
1348 1100 1399 1155 in
1445 1100 1656 1155 civitate
1682 1098 1902 1154 Cartha-

318 1194 490 1264 ginis,
526 1202 656 1262 quot
687 1201 862 1262 partes
891 1209 987 1262 per
1011 1191 1309 1247 Numidiam
1339 1200 1393 1246 et
1418 1191 1783 1245 Mauritaniam
1827 1190 1902 1244 fa-

318 1292 418 1339 cta!
437 1284 545 1338 sint
571 1284 639 1338 de
667 1286 776 1352 ipsa
808 1295 958 1354 parte
974 1284 1186 1349 Donati,
1211 1297 1432 1353 quarum
1456 1283 1691 1336 omnium
1713 1296 1902 1336 causas

318 1376 502 1444 utique
526 1391 688 1430 nosse
714 1374 1008 1440 deberent;
1039 1390 1107 1429 ne
1134 1373 1273 1429 forte
1297 1373 1425 1443 justi
1454 1373 1616 1442 aliqui
1646 1373 1697 1427 in
1723 1373 1900 1442 regio-

317 1467 477 1521 nibus
507 1466 613 1521 illis
644 1466 903 1520 malorum
932 1480 1148 1520 suorum
1188 1464 1495 1519 societatem
1531 1462 1899 1533 congregatio-

316 1572 548 1626 nemque
587 1557 889 1620 vitaverint,
925 1564 978 1611 et
1014 1554 1241 1611 exierint
1277 1553 1420 1619 inde,
1462 1569 1529 1609 ne
1570 1553 1899 1608 immundum

320 1658 616 1720 tangerent,
663 1664 731 1704 ne
775 1663 895 1703 cum
944 1646 1257 1703 facinorosis
1301 1645 1614 1709 introirent;
1655 1659 1723 1700 ne
1765 1643 1901 1699 forte

316 1741 404 1796 isti
426 1740 538 1808 jam
570 1749 694 1795 ante
722 1741 924 1812 aliquot
947 1754 1114 1795 annos
1143 1740 1195 1794 in
1220 1738 1400 1809 aliquo
1424 1738 1615 1808 angulo
1638 1735 1899 1791 Numidiae

317 1831 401 1885 vel
443 1830 773 1885 Mauritania:
817 1829 1183 1899 separantibus
1218 1841 1278 1884 se
1318 1826 1597 1883 frumentis
1624 1826 1773 1897 palea
1811 1838 1901 1880 re-

316 1923 612 1978 manserint
655 1932 709 1977 et
756 1924 1001 1978 nesciunt
1026 1920 1190 1978 '.Sed
1229 1920 1367 1975 unde
1411 1920 1582 1975 securi
1623 1926 1766 1984 sunt,
1795 1918 1898 1974 nisi

314 2015 437 2082 quia
458 2024 665 2069 certum
687 2013 882 2068 habent
908 2013 1077 2068 bonos
1099 2027 1219 2068 esse
1239 2027 1343 2067 non
1364 2012 1622 2081 potuisse,
1639 2010 1726 2081 qui
1753 2024 1811 2064 se
1830 2009 1898 2064 ab

316 2105 520 2159 unitate
547 2104 936 2159 communionis
960 2103 1175 2168 Donati,
1203 2116 1321 2173 qua:
1349 2116 1444 2170 per
1470 2108 1632 2155 totam
1663 2098 1896 2154 Africam

280 2192 651 2258 'dilfunditur,
696 2193 1084 2264 segregarem?
1120 2191 1253 2260 Quia
1301 2191 1360 2271 si
1388 2192 1556 2246 malos
1592 2190 1799 2260 aliquos
1841 2190 1895 2244 in

315 2299 411 2339 sua
450 2284 722 2338 vicinitate
766 2283 1101 2354 patiebantur
1122 2283 1162 2348 ⁸,
1189 2295 1322 2351 quos
1363 2280 1645 2336 ostendere
1687 2279 1896 2335 caeteris

315 2390 420 2430 non
455 2376 724 2441 valebant,
762 2389 856 2430 eos
900 2374 1127 2429 tolerare
1166 2374 1339 2443 potius
1380 2372 1703 2439 debuerunt,
1735 2386 1893 2442 quam

314 2465 554 2521 dividere
598 2480 658 2520 se
699 2482 728 2519 a
765 2473 846 2520 tot
892 2462 1259 2520 innocentibus
1283 2462 1326 2530 ⁸,
1355 2462 1545 2533 quibus
1588 2461 1896 2532 persuaderi

315 2571 419 2610 non
451 2565 692 2625 poterant
735 2555 908 2610 aliena
944 2562 1181 2625 peccata,
1203 2552 1411 2608 etiamsi
1451 2566 1514 2608 ea
1557 2552 1655 2623 ipsi
1697 2551 1897 2621 optime

316 2658 557 2700 nossent.
581 2645 690 2700 Cur
723 2659 851 2714 ergo
891 2643 1005 2701 bare
1040 2642 1342 2699 innocentia
1373 2656 1477 2696 non
1507 2640 1754 2696 tribuitur
1778 2641 1895 2696 orbi

319 2745 577 2789 terrarum
619 2735 672 2788 in
715 2744 856 2788 tanta
897 2732 1234 2787 multitudine
1276 2731 1533 2801 gentium,
1564 2744 1895 2799 quacumque

315 2824 510 2878 Christi
543 2824 825 2879 lia-reditas
849 2831 1012 2892 patet,
1038 2832 1089 2876 ut
1122 2832 1265 2878 certa
1294 2832 1452 2891 atque
1477 2835 1662 2876 secura
1689 2819 1775 2884 sit,
1801 2835 1894 2876 eos

314 2917 401 2984 qui
431 2931 493 2970 se
522 2916 692 2969 bonos
715 2914 917 2979 dicunt,
938 2922 993 2969 et
1022 2928 1082 2968 se
1109 2912 1176 2967 ab
1201 2912 1374 2967 omnis
1399 2920 1554 2966 terras
1577 2911 1778 2965 unitate
1802 2924 1892 2964 se-

311 3006 559 3075 jungunt,
598 3019 665 3059 eo
700 3004 818 3075 ipso
851 3004 1215 3058 demonstrare
1240 3001 1426 3072 quales
1452 3002 1594 3056 sint?
1612 3000 1723 3057 Sibi
1751 3000 1893 3055 enini

310 3097 437 3166 justi
469 3097 735 3158 vitientur,
764 3104 814 3149 et
842 3103 1099 3165 spernunt
1125 3101 1380 3158 caeteros;
1406 3102 1461 3145 et
1486 3092 1607 3147 ideo
1632 3106 1737 3145 non
1766 3105 1893 3145 can-

316 3198 426 3243 tant
448 3189 716 3243 canticum
741 3200 962 3251 novum,
985 3184 1106 3255 quia
1132 3184 1201 3238 de
1227 3183 1470 3253 superbia
1496 3182 1692 3237 veteris
1721 3181 1894 3235 homio

316 3279 396 3334 nis
425 3278 774 3334 extolluntur.
802 3277 883 3331 Ab
902 3291 965 3331 ea
984 3275 1006 3308 ⁸
1026 3274 1220 3345 quippe
1243 3274 1614 3329 communione
1641 3285 1894 3341 separan-

318 3379 398 3423 tur
421 3368 507 3423 cui
544 3368 744 3423 dictum
772 3376 883 3431 est,
916 3365 1127 3419 Cantate
1152 3363 1372 3417 Domino
1398 3363 1645 3416 canticum
1672 3376 1891 3425 novum;

315 3469 510 3512 cantate
530 3458 767 3521 Domino,
789 3457 950 3511 omnis
971 3465 1103 3509 terra
1130 3452 1299 3527 (Paul.
1323 3467 1453 3518 xcv,
1474 3450 1551 3521 l).
1572 3450 1674 3518 Qui
1697 3449 1743 3505 si
1766 3465 1891 3505 vere

310 3550 434 3619 justi
467 3557 671 3613 essent,
697 3557 751 3602 et
780 3546 1008 3600 humiles
1030 3552 1210 3599 essent
1231 3561 1245 3595 :
1267 3543 1310 3595 si
1346 3552 1522 3596 autem
1560 3540 1786 3595 humiles
1808 3555 1893 3595 es-

314 3651 450 3703 sent,
482 3638 689 3693 etiamsi
716 3651 845 3693 vere
872 3634 1040 3689 malos
1069 3634 1121 3687 in
1149 3647 1258 3687 suae
1282 3631 1564 3685 vicinitatis
1597 3644 1889 3699 congrega-

317 3732 456 3783 tione
493 3734 821 3798 paterentur,
862 3738 995 3793 quos
1033 3722 1102 3778 ab
1141 3721 1343 3776 unitate
1377 3720 1576 3776 Christi
1623 3719 1891 3788 expellere

314 3836 416 3874 non
435 3820 690 3881 valerent,
705 3816 964 3871 cbaritate
977 3813 1171 3869 Christi
1191 3812 1415 3867 tolerare
1430 3806 1727 3881 diligerent.
1746 3810 1889 3876 Quo.

314 3911 469 3964 modo
497 3918 674 3963 autem
701 3912 919 3975 possunt
939 3903 1005 3959 de
1030 3905 1092 3959 iis
1120 3903 1246 3973 ipsis
1266 3916 1399 3973 quos
1424 3901 1476 3969 in
1501 3915 1596 3955 sua
1621 3900 1884 3955 vicinitate

314 4004 483 4057 malos
504 4010 751 4071 arguunt,
773 4000 972 4069 justum
1002 3997 1196 4052 habere
1218 3994 1495 4065 judicium,
1518 4007 1638 4047 cum
1665 4002 1890 4047 temera-

312 4098 387 4147 ria
415 4095 660 4147 caecitate
690 4100 795 4145 tam
826 4090 980 4160 longe
1006 4103 1034 4140 a
1063 4101 1122 4142 se
1152 4085 1352 4157 positos
1392 4083 1750 4153 ignotissimos
1781 4082 1888 4137 eri-

312 4181 616 4236 minantur?
641 4179 831 4237 Utrum
874 4180 1014 4234 enim
1063 4176 1146 4231 vel
1199 4176 1342 4230 cives
1387 4188 1515 4227 suos
1557 4173 1639 4228 vel
1687 4172 1889 4227 vicinos

309 4286 441 4340 quos
468 4279 718 4341 arguunt,
741 4268 909 4324 malos
936 4283 1056 4323 esse
1086 4265 1349 4329 noverint,
1376 4264 1635 4318 incertum
1664 4270 1747 4315 est
1770 4261 1885 4316 orbi

310 4373 570 4418 terrarum
598 4379 612 4415 :
634 4360 757 4431 quia
777 4373 904 4413 vero
932 4357 1001 4413 ab
1023 4357 1100 4412 eis
1126 4369 1350 4426 quorum
1374 4354 1533 4407 vitam
1564 4351 1719 4421 longe
1749 4350 1890 4420 posi-

310 4462 483 4507 torum
506 4466 669 4506 nosse
688 4464 792 4503 non
812 4456 1053 4521 possunt,
1077 4444 1356 4501 temeraria
1382 4442 1617 4497 caecitate
1639 4455 1886 4511 separen-

306 4554 411 4600 tur.
449 4550 659 4596 certum
697 4548 778 4595 est
821 4538 936 4593 orbi
984 4545 1277 4599 terrarum;
1309 4542 1363 4588 et
1404 4533 1527 4602 quia
1569 4546 1687 4585 eum
1735 4529 1889 4587 laude

305 4631 577 4701 patientiae
602 4630 727 4685 mali
756 4629 1081 4692 tolerantur;
1100 4641 1168 4680 ne
1194 4624 1355 4694 ignoti
1384 4622 1506 4676 boni
1544 4622 1884 4687 damnentur,

302 4731 510 4777 eertum
540 4728 626 4776 est
644 4718 761 4774 orbi
789 4726 1067 4773 terrarum.
1093 4714 1425 4782 Quapropter
1448 4724 1668 4766 securus
1686 4710 1887 4778 judicat

300 4811 447 4866 orbis
490 4819 789 4875 terrarum,
816 4808 986 4862 bonos
1022 4820 1128 4860 non
1167 4818 1289 4860 esse
1326 4802 1416 4872 qui
1454 4818 1515 4858 se
1550 4800 1789 4856 dividunt
1818 4799 1887 4855 ab

303 4904 431 4957 nube
462 4914 725 4956 terrarum
754 4899 805 4954 in
835 4911 1169 4968 quacumque
1196 4901 1347 4964 parte
1368 4902 1647 4947 terrarum.

370 4994 464 5049 25.
506 4985 1220 5057 Postremo..si'Propheta2
1260 4993 1503 5054 posteros
1545 4989 1882 5045 monuerunt,

304 5095 363 5139 ut
387 5101 445 5139 sc
468 5094 598 5138 ante
627 5092 836 5151 tempus
860 5079 1061 5134 ultima:
1079 5073 1435 5131 ventilationis
1455 5087 1481 5125 a
1505 5071 1671 5142 paleis
1695 5085 1885 5140 corpo-

304 5213 537 5261 νιιιωηῖε
553 5217 686 5268 nm,
706 5207 853 5272 τιι-ξρα
1083 5199 1436 5272 nesciretivel,

302 5272 553 5339 nescires.
578 5272 648 5321 uti
672 5265 859 5339 ἰδ’ξιιίίε.
891 5267 1137 5339 derisum?
1167 5265 1411 5339 οοίιίρίηιξξ
1432 5265 1886 5339 βρβνέςὲεωιιῗὲενέ·

304 5322 437 5398 ptum
458 5322 608 5383 Nisae
633 5346 648 5382 :
672 5322 1099 5398 sed_quia'.voca‘li_s
1118 5325 1350 5377 icarebat
1370 5322 1533 5387 apice,
1552 5322 1674 5383 loco,
1697 5322 1881 5387 Africa-

252 5426 267 5437 .
300 5386 1206 5458 iii,perpciamlcgibtﬁpitit4ﬁ;imm-
1278 5446 1308 5458 -.
1390 5386 1411 5458 ,ί
1610 5453 1639 5458 -
1741 5443 1774 5458 .-

364 5446 380 5490 ί
404 5446 648 5519 basilicus
672 5446 827 5519 code;
844 5487 859 5511 ,
875 5446 923 5519 et
942 5446 1153 5500 nes'cizmt
1176 5446 1568 5519 cartltaqinenses
1605 5446 1879 5519 ροηαιρειιε,

303 5526 344 5568 et
366 5505 856 5580 conumaticmu
879 5518 926 5580 et
948 5524 1039 5561 non
1055 5517 1189 5580 nocet
1204 5510 1299 5580 hoc
1434 5507 1526 5580 sed
1546 5505 1691 5561 unde.
1722 5514 1816 5556 etc.

363 5583 383 5611 ι
401 5578 622 5642 Gallicani
646 5569 858 5642 codices,
880 5573 931 5623 in
951 5586 1038 5642 sua
1056 5571 1239 5624 civitate
1256 5569 1570 5642 patiebantur.

365 5643 384 5673 ³
409 5649 524 5696 κος,
548 5637 896 5704 innocentibus,
919 5638 1057 5704 abest
1074 5646 1102 5682 a
1126 5637 1471 5699 manuscriptis.

362 5706 382 5733 ⁵
405 5701 709 5751 Dtvionensis
730 5697 907 5759 codex,
927 5695 990 5745 Ab
1007 5695 1126 5755 eius.

3495 277 3594 329 ΜΞ).

2014 377 2193 428 raliter
2213 390 2535 445 separarent.
2557 391 2608 436 et
2631 383 2714 436 tali
2737 386 3066 451 separatione
3110 398 3357 442 cavet-ent
3380 398 3593 457 tangere

2014 469 2359 533 immundum,
2400 480 2455 526 et
2495 488 2614 527 cum
2662 475 2973 529 facinorosis
3016 495 3117 531 non
3163 479 3463 544 introirent,
3496 495 3592 535 cur

2013 560 2112 615 hoc
2148 576 2250 616 non
2291 563 2415 618 fecit
2454 568 2724 634 apostolus
2754 568 2984 625 Paulus?
3009 574 3089 625 An
3122 572 3269 640 palea
3300 589 3405 629 non
3438 584 3590 630 erant

2009 650 2097 719 qui
2128 666 2232 705 non
2260 668 2323 707 ex
2353 656 2593 721 veritate,
2626 658 2717 713 sed
2746 675 2809 714 ex
2852 660 3044 716 invidia
3076 662 3343 719 Christum
3379 680 3590 721 annun-

2011 742 2248 797 tiabant?
2273 747 2352 799 An
2385 746 2640 802 immundi
2672 765 2775 804 non
2807 762 2956 806 erant
2984 757 3072 823 qui
3104 771 3206 809 non
3242 767 3389 812 caste
3416 759 3588 812 Evan-

2008 832 2200 900 gelium
2232 834 2606 902 praedicabant,
2638 856 2771 908 quos
2813 842 2862 895 in
2895 843 3035 896 illius
3066 846 3316 915 temporis
3345 846 3583 902 Ecclesia

2009 919 2171 976 fuisse
2197 931 2419 979 testatur
2448 926 2698 999 (Philipp.
2726 946 2762 995 ι,
2790 931 2877 999 15,
2911 933 3017 1003 17),
3047 942 3100 987 et
3126 935 3276 1003 cujus
3312 938 3548 992 excellen
3567 969 3580 977 -

2011 1014 2265 1069 tissimam
2305 1016 2613 1074 cbaritateut
2655 1022 2829 1075 omnia
2870 1023 3178 1079 tolerantem
3215 1027 3372 1081 etiam
3403 1037 3581 1096 poste-

2008 1103 2178 1158 riores
2208 1107 2392 1161 imitati
2421 1110 2582 1163 sunt?
2608 1113 2687 1164 Att
2717 1112 3049 1167 immunditia
3073 1131 3175 1168 non
3201 1126 3281 1170 est
3302 1118 3518 1171 avaritia
3541 1119 3580 1179 “.

2007 1206 2166 1261 quam
2210 1193 2504 1265 Cyprianus
2549 1199 2710 1255 corde
2753 1216 2856 1254 non
2908 1203 3095 1271 tetigit,
3134 1214 3185 1258 ct
3227 1214 3398 1260 tamen
3445 1207 3584 1260 inter

1949 1328 1964 1351 ,
1983 1295 2200 1351 ..θνατοε
2224 1285 2451 1356 collegas
2474 1289 2808 1358 pacatissime
2830 1291 2996 1346 vixit?
3015 1291 3375 1349 Obsurduerat
3398 1298 3581 1348 videli-

2005 1378 2091 1425 cet
2114 1373 2134 1403 ²
2158 1372 2415 1430 adversus
2449 1378 2608 1433 verba
2652 1378 3003 1448 Psalmorum,
3038 1392 3092 1437 ut
3128 1384 3340 1439 sederet
3377 1386 3426 1439 in
3457 1401 3582 1441 con-

2004 1463 2272 1518 venticulo
2302 1467 2567 1534 vanitatis,
2590 1476 2786 1524 etcum
2818 1470 3127 1527 facinorosis
3155 1475 3429 1533 introiret:
3459 1477 3584 1531 odio

2006 1565 2112 1605 non
2143 1553 2356 1609 haberet
2379 1555 2579 1610 curiam
2606 1557 2976 1626 malignorum,
3000 1570 3052 1613 et
3078 1576 3196 1613 cum
3227 1564 3399 1631 impiis
3425 1565 3579 1618 sede-

2004 1643 2162 1697 ret’?
2185 1646 2372 1701 Annon
2404 1657 2516 1702 erat
2543 1651 2964 1705 conventiculum
2998 1654 3240 1707 vanitatis
3279 1655 3330 1708 in
3364 1657 3461 1720 eis,
3487 1658 3576 1725 qui

2004 1732 2356 1789 esurientibus
2387 1736 2437 1791 in
2467 1738 2698 1792 Ecclesia
2741 1739 2990 1795 fratribus
3030 1742 3327 1812 largissimo
3357 1756 3579 1815 argento

2005 1823 2174 1879 nitere
2197 1826 2514 1893 cupiebant?
2541 1829 2729 1884 Annon
2756 1843 2906 1884 erant
2934 1831 3238 1898 facinorosi,
3270 1837 3356 1904 qui
3387 1837 3578 1892 fundos

2004 1913 2271 1986 insidiosis
2317 1916 2589 1973 fraudibus
2637 1921 2945 1989 rapiebant?
2984 1925 3062 1977 An
3113 1927 3422 1995 nequissimi
3471 1944 3578 1983 non

2003 2015 2173 2069 erant,
2215 2008 2303 2075 qui
2352 2010 2527 2063 usuris
2569 2011 3038 2080 multiplicantibus
3084 2015 3233 2069 fenus
3276 2019 3581 2087 angebant?

2003 2091 2096 2147 llle
2128 2108 2255 2150 vero
2296 2095 2505 2152 lavabat
2541 2113 2728 2153 manus
2771 2116 2894 2155 suas
2934 2117 3055 2156 eum
3100 2103 3486 2170 innocentibus,
3527 2118 3580 2162 et

2006 2182 2369 2240 circumdabat
2395 2188 2562 2242 altare
2585 2190 2813 2243 Domini.
2841 2190 2962 2248 ideo
2982 2194 3176 2263 quippe
3205 2196 3461 2251 tolerabat
3486 2216 3578 2251 no-

2014 2283 2215 2341 centes,
2248 2293 2314 2332 ne
2350 2277 2620 2335 desereret
2659 2281 2984 2349 innocentes,
3015 2299 3134 2339 eum
3160 2286 3349 2354 quibus
3389 2303 3578 2346 manus

2007 2361 2244 2428 lavabat,
2271 2367 2390 2435 quia
2419 2368 2669 2437 diligebat
2704 2373 2938 2439 speciem
2968 2373 3158 2428 domus
3191 2376 3393 2429 Domini
3416 2418 3430 2436 .
3461 2394 3577 2448 quae

2002 2455 2207 2523 species
2223 2456 2276 2510 in
2294 2457 2432 2513 vasis
2455 2460 2852 2516 houorabilibus
2869 2471 2983 2517 erat
2999 2463 3096 2534 (α).
3122 2463 3188 2518 1η
3210 2483 3390 2536 magna
3410 2479 3577 2523 autem

2001 2545 2148 2599 domo
2176 2560 2275 2600 non
2300 2548 2461 2602 solum
2495 2564 2614 2603 vasa
2650 2561 2767 2605 sunt
2791 2569 2947 2605 aurea
2980 2565 3025 2607 et
3057 2565 3308 2625 argentea,
3332 2559 3421 2611 sed
3442 2569 3489 2615 et
3516 2560 3577 2613 li-

2000 2651 2129 2704 gnea
2168 2644 2213 2689 et
2246 2637 2441 2705 ﬁctilia.
2482 2639 2546 2692 Et
2586 2640 2677 2695 illa
2704 2642 2904 2712 quidem
2945 2652 3061 2697 sunt
3095 2646 3147 2698 in
3190 2646 3458 2713 honorem,
3488 2649 3578 2702 illa

2000 2740 2115 2780 vero
2138 2727 2190 2780 in
2215 2732 2589 2785 contumeliam.
2615 2735 2678 2787 Et
2706 2736 2995 2790 ntuntlabat
3023 2740 3362 2808 semetipsum
3384 2743 3450 2795 ab
3480 2742 3577 2796 ltu-

1996 2818 2249 2886 jttsmodi,
2280 2829 2335 2874 ut
2372 2833 2511 2878 esset
2536 2826 2696 2878 etiam
2728 2841 2814 2880 vas
2843 2829 2893 2880 in
2926 2829 3163 2882 honorem
3184 2833 3572 2900 sancti/iculum,

1998 2908 2124 2962 utile
2159 2907 2395 2974 Domino,
2432 2913 2502 2965 ad
2525 2930 2671 2967 omne
2705 2931 2834 2985 opus
2868 2918 3050 2970 bonum
3079 2928 3309 2986 paratum
3335 2922 3352 2989 (
3375 2921 3414 2974 ll
3444 2920 3572 2975 Tim.

2001 3015 2055 3064 ιι,
2084 2997 2177 3063 20,
2198 3000 2259 3054 2|
2290 3000 2309 3071 )
2342 3019 2356 3055 :
2384 3017 2485 3056 nec
2512 3014 2726 3072 propter
2753 3020 2871 3059 \asa
2902 3022 3019 3076 quae
3044 3016 3196 3061 erant
3221 3008 3270 3061 in
3295 3020 3574 3065 contunte~

1999 3086 2122 3140 liam
2149 3104 2208 3143 se
2233 3104 2261 3142 a
2295 3106 2480 3161 magna
2508 3092 2668 3147 domo
2694 3095 3007 3164 separabat;
3043 3096 3137 3150 sed
3171 3112 3263 3151 eos
3298 3099 3349 3152 in
3378 3101 3576 3155 unitate

1999 3177 2139 3233 illius
2161 3180 2352 3236 donius
2377 3199 2604 3254 arguens
2635 3186 2912 3253 tolerabat,
2939 3201 2969 3241 a
2995 3188 3185 3257 quibus
3217 3203 3276 3245 se
3314 3206 3418 3244 non
3461 3192 3578 3246 imi-

1999 3269 2160 3324 tando
2187 3273 2533 3327 mandabat".

2070 3360 2294 3417 CAPUT
2320 3363 2545 3419 V.—26.
2565 3365 2668 3421 Sed
2693 3368 2834 3422 novit
2858 3382 3054 3438 ponere
3071 3371 3449 3427 l‘armenianus
3466 3389 3576 3430 ver-

1998 3450 2064 3506 ba
2083 3450 2380 3522 Proplteta‘,
2402 3455 2660 3511 dicentis:
2683 3456 2804 3511 Non
2824 3458 2930 3512 sedi
2949 3475 3064 3511 cum
3087 3461 3299 3514 concilio
3320 3463 3571 3526 vanitatis,

1999 3554 2045 3599 et
2070 3561 2183 3598 cum
2214 3547 2509 3614 facinorosis
2534 3565 2633 3602 non
2662 3549 2877 3603 introibo
2905 3566 2924 3606 :
2948 3551 3064 3605 odio
3093 3552 3246 3606 habui
3270 3558 3460 3607 curiam
3484 3571 3574 3608 ne-

1997 3635 2371 3703 quissimorum.
2397 3636 2594 3691 Lavabo
2620 3656 2731 3692 cum
2765 3640 3110 3695 innocentibus
3142 3660 3321 3698 manus
3347 3661 3502 3712 meas,
3532 3656 3575 3698 et
3641 3677 3653 3685 -

1997 3725 2319 3779 circumdabo
2348 3726 2510 3781 altare
2536 3727 2740 3781 Domini
2765 3745 2783 3782 :
2809 3738 2864 3783 ut
2890 3730 3097 3784 audiam
3130 3748 3270 3787 voces
3304 3734 3499 3799 laudis,
3529 3746 3575 3788 et

1998 3829 2223 3867 enarrem
2258 3819 2426 3868 omnia
2456 3817 2705 3869 mirabilia
2739 3828 2845 3871 tua.
2893 3818 3133 3884 Domine,
3169 3822 3324 3875 dilexi
3361 3826 3575 3891 speciem

1998 3905 2177 3958 domus
2204 3914 2323 3970 tum,
2351 3915 2397 3959 et
2425 3907 2588 3959 locant
2623 3906 2931 3960 tabernaculi
2954 3909 3200 3963 claritatis
3229 3919 3346 3964 tute.
3379 3910 3463 3966 Nc
3499 3915 3573 3966 si-

1997 3993 2106 4047 mul
2130 3995 2408 4064 perdideris
2434 4012 2545 4048 cum
2573 3995 2913 4065 peccatoribus
2939 3997 3160 4051 animam
3184 4015 3365 4066 meam,
3393 4011 3439 4054 et
3463 4019 3575 4055 cum

1997 4085 2117 4139 uiris
2145 4086 2445 4155 sanguinum
2480 4088 2631 4139 vitam
2672 4102 2830 4138 meam
2858 4101 2877 4140 :
2903 4088 2955 4139 in
2981 4104 3195 4154 quorum
3220 4090 3448 4142 manibus
3481 4091 3574 4145 de-

1997 4176 2114 4230 licta
2142 4186 2297 4240 sunt;
2323 4177 2527 4231 dextera
2555 4193 2727 4230 eorum
2755 4177 2960 4248 impleta
2985 4186 3058 4230 est
3087 4178 3371 4234 muneribus
3402 4180 3572 4251 (Psal.

2000 4284 2125 4331 xxv,
2149 4265 2321 4340 4-10).
2361 4266 2520 4322 Novit
2559 4266 2660 4322 hoc
2698 4283 2896 4337 ponere
2935 4269 3343 4331 Parmenianus.
3375 4284 3428 4327 et
3471 4289 3573 4325 non

1998 4370 2144 4413 curat
2175 4359 2453 4414 advertere
2489 4358 2933 4428 quemadmodum
2976 4359 3059 4415 bis
3097 4362 3271 4416 verbis
3316 4363 3430 4418 sine
3472 4365 3577 4418 ullo

1997 4452 2272 4508 divisionis
2301 4453 2515 4506 nefariae
2556 4441 2833 4522 sacrilegio
2872 4453 3152 4508 serviatur.
3176 4451 3394 4523 Species
3432 4457 3574 4511 enim

1997 4547 2187 4602 dooms
2213 4557 2266 4600 et
2295 4545 2442 4600 locus
2472 4543 2795 4599 tabernaculi
2826 4543 3084 4599 claritatis
3113 4545 3203 4599 Dei
3236 4547 3285 4599 in
3314 4548 3452 4602 vasis
3473 4556 3574 4611 est,

1999 4647 2055 4691 ιιι
2078 4636 2206 4701 dixi,
2235 4650 2341 4689 non
2373 4635 2423 4688 in
2450 4635 2715 4695 omnibus,
2738 4650 2856 4704 qua:
2879 4631 3057 4689 tamen
3084 4636 3134 4688 in
3162 4651 3266 4689 tina
3293 4634 3452 4689 domo
3474 4652 3575 4690 ma-

1996 4743 2097 4799 gna
2119 4737 2272 4791 sunt;
2296 4726 2389 4782 sed
2420 4727 2471 4780 in
2500 4727 2563 4780 iis
2582 4741 2698 4795 quae
2724 4734 2849 4779 sunt
2874 4727 2925 4779 in
2951 4728 3205 4781 honorem
3231 4728 3571 4792 sanctiﬁcata,

2001 4819 2224 4872 Domino
2244 4818 2409 4881 utilia,
2442 4816 2507 4870 ad
2535 4830 2695 4869 omne
2726 4829 2862 4884 opus
2895 4815 3092 4869 bonum
3132 4830 3344 4887 semper
3373 4829 3572 4885 parata.

1998 4910 2053 4966 lu
2078 4911 2162 4965 his
2185 4909 2421 4979 quisquis
2446 4907 2692 4963 dilexerit
2711 4908 2940 4976 speciem
2964 4907 3154 4963 domus
3179 4909 3289 4972 Dei,
3318 4919 3370 4963 ct
3399 4910 3572 4964 locum

2000 5000 2324 5056 tabernaculi
2355 4999 2610 5053 claritatis
2634 4998 2768 5069 ejus,
2795 4998 2985 5052 tolerat
3010 5013 3071 5052 ea
3093 5014 3210 5069 qua:
3236 5009 3360 5054 sunt
3384 5001 3435 5054 in
3457 5015 3577 5056 con-

1999 5093 2289 5155 tumeliam,
2317 5105 2414 5146 nec
2440 5100 2654 5159 prOpter
2683 5090 2797 5144 ιιωο
2827 5089 3078 5159 relinquit
3108 5090 3323 5145 domum
3345 5132 3360 5156 ,
3392 5106 3458 5145 ne
3487 5094 3573 5147 fiat

1998 5185 2111 5255 ipse
2157 5199 2260 5237 non
2298 5195 2390 5236 vas
2440 5180 2491 5235 iu
2532 5179 2931 5246 contumeliam,
2955 5181 3094 5252 quod
3130 5190 3302 5237 tamen
3333 5182 3383 5235 in
3415 5181 3575 5237 domo

2058 5377 2076 5409 ι
2101 5374 2249 5425 Editi:
2278 5384 2345 5423 nn
2374 5368 2675 5422 bnmzmditia
2693 5366 2718 5419 .’
2737 5381 2798 5419 an
2827 5368 2971 5419 etiam
3001 5366 3204 5419 avaritia
3222 5366 3248 5417 .'
3280 5367 3569 5428 castigantur

1996 5445 2189 5548 “nisi.
2206 5504 2309 5546 uss.
2336 5502 2391 5546 At
2411 5493 2557 5552 editi,
2585 5501 2684 5543 Non
2705 5491 2832 5543 enim
2852 5490 3166 5542 Obsurduerat
3197 5487 3442 5552 miseram.

2059 5564 2081 5595 ³
2104 5560 2240 5615 mliti,
2262 5570 2356 5607 non
2371 5549 2578 5607 sederet.
2604 5555 2768 5613 Abest,
2793 5566 2901 5610 non,
2926 5565 2953 5601 a
2978 5559 3082 5615 Mss.
3109 5549 3361 5615 vaticanls.

2057 5623 2078 5655 ⁸
2106 5631 2205 5669 Am.
2225 5611 2301 5668 iit.
2329 5628 2381 5669 et
2401 5617 2595 5680 quidam
2619 5623 2719 5673 Μελ,
2743 5611 2836 5680 non
2864 5611 3347 5680 imitandosch

2064 5683 2139 5746 (ai
2161 5682 2275 5732 vide
2292 5675 2592 5745 Cyprianum,
2609 5683 2759 5726 Serm.
2778 5676 2841 5726 de
2860 5675 3031 5739 lapsis.
