4050 6206
445 272 552 331 ιοε

447 387 724 446 toleratur,
771 397 846 436 set
909 390 1112 434 stercus
1150 375 1289 445 quod
1333 373 1400 426 de
1438 371 1598 425 domo
1640 366 1948 440 projicitur;
1982 371 2034 416 ct

449 486 665 548 propter
693 477 857 544 ipsam
891 466 1275 537 temporalem‘
1301 478 1421 517 cum
1462 461 1616 514 malis
1655 459 1706 511 in
1745 471 1848 510 una
1876 454 2036 506 domo

450 547 911 637 congregationem
942 569 1056 609 orat
1090 557 1293 614 dicens,
1325 552 1404 606 Ne
1433 550 1585 606 simul
1614 547 1892 615 perdideris
1923 559 2036 596 cum

454 657 788 727 peccatoribus
815 651 1036 704 animum
1067 664 1247 712 meam,
1278 655 1322 698 et
1353 661 1469 698 cum
1499 642 1617 696 viris
1642 639 1946 710 sanguinum
1970 637 2035 688 ri-

453 763 555 805 tam
586 764 743 802 meam
777 761 792 798 :
819 745 869 797 in
899 758 1106 812 quorum
1149 737 1376 791 omnibus
1415 735 1596 788 delicta
1636 741 1750 786 sunt
1777 745 1795 793 ;
1833 729 2036 782 dextera

452 857 624 897 eorum
649 836 838 906 repleta
859 844 928 888 est
953 831 1257 885 muneribus.
1286 829 1394 880 lloc
1423 826 1603 894 utique
1628 831 1766 885 orat,
1791 836 1857 874 ne
1879 816 2036 872 simul

454 940 637 1000 pereat
656 943 774 983 cum
813 928 876 980 iis
903 940 1021 978 cum
1045 923 1237 992 quibus
1260 935 1381 972 cum
1410 917 1563 970 simul
1597 916 1775 968 vivere
1805 910 2038 966 charitas

453 1025 629 1078 omnia
674 1022 907 1074 tolerans
951 1017 1207 1074 hortatur,
1243 1013 1393 1080 cujus
1434 1007 1749 1062 sacriticium
1785 1001 2039 1072 pra-misit

452 1117 658 1177 dicens,
688 1111 924 1171 Domine,
962 1106 1112 1159 dilexi
1156 1103 1366 1170 speciem
1405 1101 1585 1153 domus
1628 1107 1746 1160 tute,
1784 1104 1828 1148 et
1873 1094 2038 1146 locum

453 1203 763 1259 tabernaculi
804 1201 1047 1255 claritatis
1093 1208 1206 1250 tute.
1245 1195 1375 1262 Quia
1420 1193 1560 1245 enim
1601 1189 1758 1243 dilexi
1804 1187 2036 1254 speciem

455 1298 644 1350 domus
677 1305 798 1356 tum,
831 1300 884 1344 ct
913 1300 1127 1358 propter
1152 1288 1317 1356 ipsam
1350 1281 1684 1336 dilectionem
1716 1277 1883 1331 tolero
1915 1289 2035 1328 vasa

455 1405 573 1458 qua)
616 1394 740 1440 sunt
781 1386 830 1437 in
865 1379 1266 1441 contumeliam,
1295 1375 1413 1442 quia
1442 1372 1671 1427 charitas
1705 1370 1881 1421 omnia
1909 1365 2041 1419 tole-

457 1487 558 1544 rat,
599 1493 665 1530 ne
707 1473 862 1528 simul
910 1487 1030 1525 cum
1077 1470 1153 1522 eis
1196 1464 1489 1534 perdideris
1525 1461 1754 1516 animam
1797 1472 1968 1511 meam
1995 1457 2036 1507 ¹.

455 1570 640 1624 Nonne
667 1575 888 1636 apparet
913 1564 963 1616 in
987 1562 1070 1615 his
1098 1559 1272 1613 verbis
1297 1573 1394 1610 vox
1428 1556 1658 1616 illorum,
1682 1552 1769 1621 qui
1800 1566 1892 1619 per
1921 1548 2043 1601 Eze-

455 1663 680 1719 chielem
717 1655 1012 1729 prophetali
1056 1660 1179 1708 sunt
1222 1665 1437 1721 gemere
1477 1658 1531 1701 et
1571 1659 1797 1699 mtercre
1833 1642 1902 1695 ob
1941 1639 2041 1692 iui-

455 1755 682 1824 quitates
709 1749 884 1820 populi
920 1763 1038 1817 quze
1077 1745 1273 1800 fiebant
1302 1741 1353 1795 in
1385 1738 1564 1794 medio
1592 1751 1810 1798 eorum;
1839 1741 1892 1786 et
1917 1731 2040 1800 quia

456 1851 610 1898 erant
650 1856 773 1895 vasa
819 1840 869 1892 in
908 1839 1196 1897 honorem,
1234 1830 1504 1900 proprium
1548 1828 1757 1897 signum
1799 1824 2042 1889 accipere

457 1941 785 1992 meruerunt,
809 1938 866 1982 ut
889 1943 1008 1982 cum
1033 1926 1105 1978 illi
1129 1937 1319 1978 omnes
1341 1920 1635 1987 inciperent
1661 1913 1853 1968 vastari
1882 1921 2043 1980 atque

455 2023 644 2085 deleri,
675 2022 814 2074 Deus
844 2034 946 2071 non
987 2015 1235 2086 perderet
1273 2027 1392 2066 cum
1431 2006 1798 2080 peccatoribus
1836 2003 2042 2057 animas

456 2127 640 2167 eorum
676 2112 692 2180 (
722 2108 906 2161 Ezech.
935 2123 1010 2166 ts,
1041 2106 1075 2159 4
1105 2105 1156 2168 )?
1185 2103 1272 2157 lsti
1303 2113 1480 2156 autem
1507 2108 1632 2154 sunt
1661 2095 1921 2159 infelices,
1952 2094 2042 2162 qui

457 2217 515 2258 se
550 2203 615 2257 ab
651 2202 792 2255 etnui
834 2199 1093 2252 malorum
1119 2195 1140 2226 ³
1169 2191 1580 2263 congregatione
1619 2197 1868 2255 tanquam
1909 2184 2044 2239 triti-

457 2311 578 2351 cum
622 2310 650 2347 a
695 2292 860 2361 paleis
904 2298 1152 2359 purgatos
1197 2300 1314 2339 esse
1359 2289 1704 2354 prmsnmnnt.
1743 2277 1847 2333 Per
1886 2276 2041 2330 istam

459 2388 600 2443 enim
628 2387 912 2439 valiitatcm
938 2379 1346 2450 praejudicaruut
1376 2375 1494 2437 sibi,
1529 2383 1584 2427 ut
1614 2374 1664 2426 in
1695 2369 1904 2439 populis
1927 2367 2044 2436 qui-

461 2481 556 2533 bus
600 2483 851 2546 pra-sunt,
899 2471 1254 2541 iniquissimas
1295 2478 1345 2521 et
1386 2463 1822 2534 ﬂagitiosissimas
1862 2459 2043 2514 turbas

461 2585 566 2624 non
593 2568 821 2621 audeant
851 2565 1122 2632 corripere
1149 2569 1203 2614 ut
1229 2559 1580 2626 corrigantur,
1611 2570 1677 2609 ne
1704 2569 1796 2622 per
1821 2552 1923 2606 hoc
1950 2565 2044 2606 co-

459 2674 648 2730 gantur
673 2657 912 2712 confiteri
939 2656 1060 2725 quia
1090 2653 1208 2706 mali
1250 2660 1394 2713 sunt,
1427 2659 1480 2702 et
1515 2648 1721 2702 dicatur
1747 2646 1826 2700 eis
1848 2661 1861 2697 :
1887 2645 2042 2698 Certe

462 2753 634 2807 tritico
663 2758 887 2820 purgato
933 2743 1227 2815 loquimini.
1259 2757 1354 2795 cur
1389 2755 1483 2808 per
1519 2737 1615 2790 has
1650 2751 1806 2790 voces
1844 2743 2042 2787 tantam

461 2845 866 2900 eouunixturam
899 2855 1017 2893 esse
1049 2836 1286 2891 fatemini
1309 2833 1363 2887 ‘?
1389 2833 1452 2886 Et
1481 2831 1600 2886 ideo
1627 2831 1746 2900 quia
1775 2827 1902 2898 justi
1936 2840 2042 2882 non

462 2945 604 2997 sunt,
638 2949 740 2986 nou
770 2929 1056 2985 emendant
1092 2936 1146 2981 et
1183 2933 1411 2994 arguunt
1439 2923 1490 2976 iu
1522 2919 1882 2975 misericordia
1906 2959 1920 2983 ,
1950 2921 2043 2972 sed

463 3028 584 3080 oleo
610 3021 927 3077 adulationis
956 3018 1283 3087 impinguant
1308 3015 1478 3081 capita
1506 3028 1691 3064 eorum
1723 3008 1894 3078 (Psal.
1920 3022 2042 3073 cu,

465 3115 561 3183 5),
591 3112 783 3181 quibus
814 3110 913 3178 ipsi
943 3109 1115 3176 capita
1145 3120 1266 3160 esse
1295 3104 1511 3165 volunt;
1541 3100 1788 3170 quoniam
1817 3098 1915 3151 sub
1943 3111 2047 3150 uno

465 3205 637 3274 Capite
665 3188 804 3271 quod
835 3201 884 3253 in
912 3198 1048 3253 caelo
1073 3205 1173 3260 est,
1207 3196 1256 3248 in
1288 3194 1490 3247 unitate
1519 3190 1758 3259 corporis
1784 3187 1923 3258 quod
1956 3203 2050 3256 per

467 3307 629 3351 totam
674 3304 868 3348 terram
909 3299 1012 3354 est,
1056 3303 1175 3343 esse
1218 3288 1442 3340 nolunt:
1471 3293 1528 3337 ut
1568 3283 1756 3336 merito
1805 3280 2050 3350 plebibus

467 3403 652 3443 eorum
687 3385 915 3448 dicatur,
946 3381 1045 3450 Qui
1082 3396 1166 3434 vos
1203 3378 1372 3450 felices
1407 3377 1605 3440 dicunt,
1641 3375 1694 3428 iu
1721 3388 1940 3427 errorem
1965 3387 2050 3424 vos

471 3483 708 3543 mittunt,
737 3486 784 3532 et
813 3476 1110 3529 conturbant
1135 3471 1335 3524 semitas
1364 3467 1545 3538 pedum
1575 3474 1850 3520 vestrorum
1880 3461 2047 3533 (Isai.

475 3587 552 3633 nt,
578 3569 685 3638 l2).

539 3661 629 3713 Ἦ.
661 3659 758 3726 Qui
775 3671 902 3725 ergo
927 3669 1030 3708 non
1054 3653 1166 3706 vult
1189 3651 1380 3706 sed.~re
1405 3648 1458 3702 in
1479 3645 1706 3703 concilio
1723 3644 1972 3699 vanitatis
2002 3643 2051 3707 ⁸,

472 3768 574 3804 non
599 3755 879 3804 evanescat
909 3744 1070 3816 typho
1097 3741 1380 3813 superbiae,
1408 3753 1654 3809 qntereus
1682 3733 2050 3789 conventicula

471 3841 726 3910 iustorum
749 3853 778 3891 a
807 3837 965 3891 totius
980 3835 1125 3889 orbis
1150 3834 1350 3886 unitate
1373 3836 1635 3897 separata,
1661 3842 1780 3896 quas
1822 3840 1926 3880 non
1958 3839 2054 3892 po-

474 3945 576 3988 test
602 3931 859 3986 iuvcuire.
892 3928 1025 3982 Justi
1065 3935 1239 3979 autem
1294 3932 1418 3977 sunt
1468 3937 1563 3991 per
1592 3921 1893 3974 universam
1924 3917 2052 3973 civi-

475 4035 657 4087 tatem,
689 4037 808 4092 qua:
842 4018 1094 4074 abscondi
1125 4031 1226 4068 neu
1259 4022 1453 4082 potest,
1481 4012 1601 4079 quia
1629 4025 1790 4078 supra
1820 4019 2052 4062 montem

473 4116 755 4170 constituta
790 4123 872 4168 est
898 4111 1122 4181 (Matth.
1148 4123 1203 4173 v,
1236 4109 1298 4159 Η
1323 4107 1362 4174 ).
1392 4104 1622 4157 Montem
1653 4103 1799 4155 illum
1817 4101 1936 4154 dico
1958 4102 2058 4154 Da-

476 4209 648 4274 uiclis,
679 4207 854 4273 inquo
876 4203 1006 4271 lapis
1027 4202 1115 4253 illc
1138 4198 1378 4266 prwcisus
1402 4195 1421 4225 °
1461 4197 1568 4246 sine
1588 4193 1839 4253 trionibus,
1866 4190 2054 4254 crevit,

476 4311 522 4354 et
563 4297 788 4366 implevit
830 4295 1114 4346 universam
1149 4299 1332 4341 terram
1359 4290 1378 4357 (
1409 4285 1543 4337 Dan.
1584 4299 1640 4347 ιι,
1666 4285 1758 4346 54,
1791 4283 1860 4337 55
1880 4283 1918 4352 ).
1951 4281 2055 4335 Per

466 4401 641 4456 totam
671 4387 826 4457 igitur
865 4385 1018 4438 istam
1040 4381 1307 4436 civitatem
1340 4387 1450 4432 toto
1474 4376 1604 4431 orbe
1647 4374 1892 4430 diffusam
1927 4371 2055 4441 justi

477 4486 760 4553 gemuutet
785 4483 1011 4530 manent
1040 4473 1108 4526 ob
1135 4471 1433 4539 iniquitates
1474 4483 1592 4538 qua:
1642 4468 1774 4520 liunt
1803 4466 1854 4521 iu
1884 4463 2059 4520 medio

478 4587 684 4628 eorum.
716 4569 828 4623 Νοιι
860 4580 987 4636 ergo
1019 4563 1223 4634 quierat
1243 4561 1359 4631 quis
1401 4567 1674 4629 separatos
1715 4557 1928 4627 justos;
1965 4556 2058 4612 sed

479 4678 599 4718 cum
623 4661 749 4732 ipsis
780 4659 954 4730 potius
980 4657 1031 4710 iu
1064 4655 1321 4710 malorum
1365 4651 1645 4720 temporali
1677 4649 2059 4704 commixtione

481 4754 816 4820 concorditer
839 4759 1034 4822 gemat.
1065 4747 1179 4803 Non
1209 4747 1350 4801 enim
1378 4745 1583 4799 sedebit
1613 4745 1664 4798 in
1686 4742 2057 4799 conventiculo

484 4845 728 4899 vanitatis
754 4862 766 4898 :
791 4843 912 4913 quia
945 4840 1016 4896 ibi
1065 4838 1292 4903 sedebit,
1333 4835 1422 4891 ubi
1467 4844 1853 4898 conversatur;
1885 4833 2064 4888 audiet

548 5026 563 5056 ί
595 5023 758 5072 Plures
780 5027 905 5079 ‘.\tss.,
933 5018 1094 5068 talem.

548 5089 568 5118 ³
591 5071 809 5133 σιέιιιὶοιιηί
966 5082 1038 5130 sic
1060 5080 1244 5128 habent
1268 5090 1280 5124 :
1314 5085 1408 5125 Hoc
1433 5073 1596 5136 itaque
1629 5085 1774 5136 orans
1791 5108 1807 5134 ,
1830 5085 1888 5136 ne
1925 5071 2068 5122 simul

485 5132 651 5215 pereat
671 5132 780 5215 cum
798 5143 875 5215 iis,
912 5155 1023 5192 cum
1044 5138 1228 5215 Ignibus
1244 5150 1353 5189 eum
1371 5132 1524 5186 simul
1539 5134 1706 5215 trivere
1729 5132 1940 5215 charlitas
1961 5148 2070 5198 qua:

485 5195 646 5260 Bantia
668 5195 836 5258 tolerat
863 5195 1141 5266 compellit;
1177 5214 1330 5254 nouae
1349 5204 1551 5270 apparet
1574 5197 1622 5248 in
1647 5195 1729 5270 his.
1750 5195 1924 5270 verbis,
1951 5195 2066 5270 etc;

489 5259 540 5322 ct
573 5284 723 5333 prepe
746 5281 917 5333 omnes
940 5259 1242 5333 praetereunt
1262 5275 1352 5333 se}:
1378 5259 1486 5308 illos
1507 5272 1680 5327 versus
1719 5259 2039 5327 intermedios
2056 5295 2069 5318 ,

489 5319 628 5396 cujus
663 5319 962 5394 sacri/icium
994 5325 1226 5392 prtvmisit
1277 5322 1443 5373 dicens
1463 5357 1477 5383 ,
1523 5319 1820 5370 nomine...”
1861 5320 2072 5370 animum

488 5409 765 5506 “figimus
787 5461 912 5510 Mss,
937 5447 1147 5500 omnium
1170 5447 1424 5510 malorum.

555 5520 576 5549 δ
596 5503 808 5587 ﬁ'aticani
829 5503 1048 5572 codices,
1074 5516 1254 5560 uanam
1275 5508 1465 5572 paleam
1500 5503 1809 5556 commixtam
1849 5516 1952 5556 esse
1997 5506 2072 5570 fa-

748 5637 798 5688 in
817 5611 1137 5687 consentietth
1159 5631 1393 5682 vanitatis.

562 5701 580 5728 ⁸
607 5709 720 5758 tos,
741 5700 984 5760 prterisus,
1010 5699 1155 5748 deest
1181 5697 1226 5744 in
1249 5696 1412 5744 multis
1443 5701 1547 5743 Mss.

1185 258 1455 315 CONTRA
1501 251 1881 311 EPISTULA.“
1923 245 2365 313 PARMENIANI,
2404 248 2461 304 S.
2506 247 2872 305 AUGUSTINI

3633 246 3735 300 108

2147 369 2321 414 autem
2353 361 2613 417 dicentem
2661 363 2993 430 Apostolum,
3031 359 3221 414 Nostra
3261 373 3427 415 autent
3465 379 3731 416 conversa-

2144 451 2211 502 tio
2239 451 2290 504 in
2311 452 2447 505 caelis
2466 462 2537 504 est
2565 455 2583 521 (
2611 451 2841 522 Philipp.
2891 469 2966 515 ιιι,
2989 452 3059 506 20
3084 453 3122 521 ).
3165 450 3240 504 lbi
3267 467 3387 505 cmn
3418 451 3732 508 facinorosis

2147 555 2249 593 non
2279 542 2402 606 erit,
2433 541 2503 596 ibi
2529 541 2732 596 curiam
2765 543 3210 613 nequissimorum
3237 557 3342 595 non
3379 543 3630 610 patietur,
3653 542 3730 598 ibi

2144 648 2264 687 cum
2298 633 2472 702 impiis
2516 650 2620 689 non
2672 635 2897 690 sedebit.
2947 635 3001 689 In
3033 636 3120 690 tali
3151 651 3247 705 spe
3291 634 3493 690 habitet
3523 636 3563 699 ί,
3587 637 3732 692 utad

2146 742 2259 780 rem
2291 728 2442 796 cujus
2463 728 2620 783 habet
2635 743 2783 798 spem
2818 729 3092 797 pervenire
3117 727 3403 798 aliquando
3435 738 3730 784 uterentur.

2146 816 2257 870 Non
2277 817 2417 870 enim
2457 818 2564 886 jam
2609 820 3000 872 resurreximus
3029 817 3167 872 sicut
3209 815 3475 884 Christus,
3504 831 3596 873 aut
3617 819 3730 888 jam

2146 923 2264 961 cum
2284 909 2372 961 illo
2393 909 2642 964 sedemus
2669 909 2719 962 in
2748 911 3090 974 coelestibus;
3117 919 3170 963 et
3192 919 3370 964 tamen
3401 911 3522 980 quia
3569 913 3730 968 talem

2145 1016 2292 1070 spem
2342 1001 2494 1055 nobis
2522 1001 2687 1066 dedit,
2735 1011 2787 1056 et
2817 1017 2910 1071 per
2949 1002 3116 1070 ipsam
3146 1016 3295 1072 spem
3341 1003 3450 1073 jam
3501 1004 3734 1073 quodam

2147 1093 2304 1146 modo
2333 1094 2400 1148 ibi
2437 1106 2834 1158 conversamur,
2888 1093 3016 1148 dicit
3041 1094 3358 1163 Apostolus:
3382 1095 3443 1150 Si
3469 1107 3638 1150 autem
3656 1115 3735 1152 re-

2145 1187 2432 1239 surrexistis
2452 1203 2566 1239 cum
2609 1186 2821 1250 Christo,
2849 1201 2960 1250 qua:
2991 1202 3192 1238 sursum
3226 1197 3344 1239 sunt
3385 1190 3612 1258 quarrite,
3650 1190 3736 1242 ubi

2147 1276 2374 1330 Christus
2416 1277 2564 1329 estin
2595 1277 2801 1330 dextera
2830 1275 2922 1329 Dei
2963 1277 3184 1340 sedens;
3210 1293 3322 1346 qua:
3375 1295 3575 1332 sursum
3617 1290 3735 1333 sunt

2145 1370 2322 1434 sapite.
2358 1383 2586 1428 nonquw
2606 1385 2759 1440 super
2779 1376 2983 1421 terram.
3017 1367 3209 1420 Mortui
3247 1369 3382 1421 enim
3422 1370 3559 1434 estis,
3583 1381 3630 1424 et
3658 1371 3735 1424 vi-

2145 1468 2195 1511 ta
2222 1471 2380 1513 vestra
2407 1458 2694 1512 abscondita
2724 1469 2793 1513 est
2836 1476 2950 1512 cum
3006 1457 3205 1514 Christo
3249 1460 3304 1512 in
3361 1459 3470 1514 Deo
3497 1459 3733 1533 (Κοίου.

2147 1568 2222 1616 ιιι,
2259 1551 2404 1620 1-5).
2438 1552 2490 1604 lu
2521 1551 2607 1604 illa
2633 1552 2735 1604 vita
2779 1561 2956 1606 nostra
3005 1566 3125 1617 quae
3170 1551 3479 1606 abscondita
3506 1563 3732 1608 estcum

2147 1644 2356 1697 Christo
2386 1645 2436 1696 iu
2473 1644 2599 1706 Deo,
2633 1660 2734 1696 non
2758 1643 3002 1698 Sedemus
3033 1645 3085 1697 in
3114 1645 3487 1699 conventiculo
3519 1648 3724 1700 vanita-

2148 1735 2236 1798 tis,
2259 1735 2401 1803 quia,
2427 1733 2563 1788 sicut
2589 1734 2715 1787 dicit
2737 1735 3019 1802 Apostolus
3048 1754 3061 1790 :
3089 1735 3258 1789 Simul
3288 1753 3380 1789 nos
3404 1739 3656 1794 excitavit.
3685 1749 3733 1790 et

2147 1827 2298 1878 simul
2321 1841 2410 1878 nos
2435 1824 2608 1878 sedere
2628 1825 2741 1892 fecit
2762 1825 2812 1878 in
2847 1824 3126 1878 caelestibus
3155 1826 3172 1898 (
3197 1824 3386 1894 Ephes.
3421 1843 3476 1884 ιι.
3496 1827 3528 1881 6
3559 1827 3608 1898 );
3635 1829 3726 1882 sed
3757 1808 3764 1812 ⁷

2149 1915 2199 1968 in
2217 1931 2329 1985 spe,
2360 1916 2596 1968 nondum
2631 1915 2682 1969 in
2711 1931 2787 1969 re.
2817 1915 2946 1985 Spes
2975 1926 3141 1970 autem
3181 1932 3293 1985 qua:
3318 1917 3514 1971 videtur
3537 1935 3637 1972 non
3659 1931 3733 1972 est

2147 2025 2260 2076 spes
2277 2023 2296 2062 :
2321 2009 2454 2078 quod
2473 2010 2605 2061 enim
2633 2009 2742 2076 quis
2760 2007 2910 2072 videt,
2933 2009 3054 2078 quid
3079 2011 3290 2078 sperat?
3317 2010 3379 2064 Si
3407 2020 3576 2064 autem
3598 2013 3736 2080 quod

2148 2115 2248 2153 non
2274 2100 2516 2163 videmus,
2555 2115 2818 2169 speramus
2841 2139 2858 2165 ,
2910 2116 2997 2169 per
3049 2101 3345 2169 patientiam
3380 2113 3736 2171 expectamus

2150 2194 2170 2260 (
2192 2190 2339 2243 Rom.
2362 2205 2473 2256 vm,
2504 2190 2593 2255 24,
2615 2190 2686 2244 25
2713 2189 2756 2262 ).
2777 2191 2943 2258 Quam
2981 2193 3290 2261 patientiam
3307 2194 3391 2248 isti
3420 2195 3600 2251 miseri
3623 2212 3738 2264 per-

2148 2281 2418 2348 diderunt,
2446 2291 2501 2337 et
2541 2283 2848 2339 festinantes
2887 2298 2945 2338 se
2974 2291 3098 2339 ante
3124 2292 3332 2354 tempus
3359 2287 3506 2342 velut
3528 2302 3560 2342 a
3586 2289 3736 2358 palea

2148 2387 2429 2443 separare,
2476 2388 2536 2428 se
2586 2374 2730 2442 ipsos
2779 2388 2899 2428 esse
2944 2374 3267 2429 levissimam
3319 2376 3525 2446 paleam
3569 2388 3733 2433 vento

2151 2465 2381 2520 ablatam
2407 2466 2475 2521 de
2512 2481 2634 2521 arca
2655 2464 3113 2521 demonstrarunt.
3167 2467 3318 2534 Quod
3349 2483 3480 2538 ergo
3527 2470 3603 2524 ait
3635 2469 3736 2526 Sa-

2149 2558 2346 2627 pientia
2379 2566 2689 2611 teneamus:
2721 2556 2820 2622 Qui
2866 2566 3033 2610 autem
3077 2574 3155 2612 me
3192 2558 3354 2622 audit,
3408 2559 3648 2614 habitabit
3686 2564 3739 2615 in

2149 2665 2258 2718 spe,
2283 2658 2327 2702 et
2348 2649 2512 2702 silebit
2539 2648 2646 2703 sine
2700 2649 2877 2702 timore
2918 2648 2980 2702 ab
3009 2649 3146 2703 omni
3181 2650 3540 2720 malignitatel
3573 2652 3728 2707 Prov.

2150 2755 2186 2802 ι,
2221 2741 2291 2794 55
2316 2738 2359 2808 ).
2410 2740 2542 2793 Dum
2574 2755 2701 2810 ergo
2727 2739 3028 2794 habitamus
3054 2740 3105 2794 in
3131 2755 3246 2810 spe,
3272 2743 3561 2812 cogitantes
3587 2745 3607 2775 ¹
3631 2760 3736 2800 non

2151 2831 2280 2900 quid
2326 2847 2534 2896 sumus,
2559 2831 2651 2886 sed
2695 2831 2819 2901 quid
2851 2832 3086 2886 erimus:
3111 2833 3231 2901 quia
3255 2834 3350 2902 ﬁlii
3387 2834 3599 2903 quidem
3643 2835 3739 2891 Dei

2151 2944 2346 2991 sumus,
2379 2928 2470 2983 sed
2515 2930 2739 2982 nondum
2767 2932 3002 3000 apparuit
3046 2932 3182 3002 quod
3209 2933 3437 2998 erimus;
3469 2935 3588 3006 quia
3624 2953 3738 2990 cum

2153 3022 2466 3091 apparuerit,
2484 3021 2671 3075 similes
2709 3023 2752 3074 ei
2774 3023 2978 3089 erimus,
3034 3025 3276 3091 quoniam
3323 3027 3600 3082 videbimus
3625 3045 3740 3082 eum

2152 3113 2300 3164 sicuti
2326 3120 2396 3164 est
2418 3112 2436 3182 (
2457 3111 2476 3164 1
2504 3111 2659 3165 Joan.
2685 3127 2758 3175 ιιι,
2782 3114 2818 3166 2
2839 3115 2856 3182 )
2881 3131 2896 3167 :
2928 3115 2978 3166 in
3002 3114 3094 3168 tali
3137 3131 3234 3184 Spe
3268 3116 3588 3184 habitantes,
3609 3121 3730 3188 quia

2154 3201 2272 3254 haec
2313 3199 2569 3254 habitatio
2596 3201 2618 3232 ³
2669 3217 2776 3256 non
2812 3202 2970 3258 habet
3003 3205 3190 3270 malos,
3235 3222 3334 3261 nec
3374 3209 3738 3263 conventicula

2157 3291 2548 3351 vanitatis,nec
2573 3289 2921 3360 facinorosos,
2968 3310 3068 3349 nec
3117 3297 3348 3366 iniquos,
3411 3313 3509 3352 nec
3546 3299 3736 3367 impios

2158 3380 2428 3450 patimur;
2471 3393 2526 3436 et
2548 3397 2641 3438 eos
2669 3392 2842 3436 tamen
2873 3399 2975 3438 non
3006 3385 3058 3438 in
3081 3400 3174 3454 spe
3203 3401 3322 3456 qua:
3349 3403 3452 3441 non
3485 3388 3688 3442 videtur
3719 3391 3739 3420 ‘

2159 3475 2388 3543 patimur
2414 3475 2465 3527 in
2495 3476 2902 3544 congregatione
2930 3476 3188 3531 catholica
3216 3486 3328 3532 toto
3371 3479 3502 3533 orbe
3528 3479 3739 3545 dill‘usa,

2156 3567 2328 3622 donec
2372 3575 2606 3620 transeat
2641 3567 2904 3634 iniquitas,
2934 3567 3104 3620 donec
3150 3576 3392 3636 tempore
3443 3571 3634 3622 messis
3664 3587 3740 3623 zi-

2159 3659 2306 3710 zania
2349 3655 2911 3726 colliganturUllatth.
2970 3671 3081 3721 xm,
3135 3657 3204 3710 30
3238 3657 3277 3724 ),
3328 3657 3498 3711 donec
3554 3659 3747 3712 ultimo

2159 3748 2456 3802 ventilabro
2483 3763 2511 3799 a
2540 3748 2805 3800 frumento
2845 3746 2990 3815 palea
3030 3749 3349 3816 separetur(
3384 3745 3467 3798 Id.
3497 3763 3573 3811 ιιι,
3609 3749 3678 3802 12
3702 3749 3744 3813 l,

2160 3841 2329 3896 donec
2350 3841 2522 3909 pisces
2562 3840 2683 3893 boni
2723 3855 2753 3892 a
2797 3838 3028 3908 piscibus
3054 3837 3227 3902 malis,
3255 3854 3374 3892 eum
3397 3840 3589 3909 quibus
3612 3841 3747 3897 intra

2161 3935 2346 3989 eadem
2369 3932 2499 3986 retia
2544 3931 2844 4000 congregati
2876 3938 3019 3995 sunt,
3049 3931 3099 3984 in
3131 3930 3308 3985 littore
3337 3932 3603 4001 eligantur
3631 3933 3743 4003 (Id.

2160 4040 2275 4086 xm,
2302 4021 2426 4093 48),
2455 4021 2626 4075 donec
2654 4022 2787 4074 lnedi
2819 4021 2886 4074 ab
2933 4022 3120 4075 ovibus
3151 4035 3271 4076 cum
3297 4023 3492 4091 quibus
3520 4024 3621 4076 sub
3639 4040 3748 4077 uno

2164 4123 2378 4181 pastore
2405 4111 2455 4163 in
2504 4110 2704 4164 eisdem
2756 4111 2964 4179 pascuis
2995 4110 3194 4164 tamdiu
3227 4122 3504 4180 paverunt,
3537 4113 3588 4167 in
3620 4114 3740 4168 ulti-

2165 4218 2254 4257 mo
2278 4203 2344 4256 ad
2369 4201 2637 4255 sinistram
2665 4211 3007 4270 segregantur
3035 4201 3054 4271 (
3087 4200 3171 4254 Id.
3199 4218 3322 4267 xxv,
3355 4203 3423 4257 55
3449 4201 3490 4274 ).

2235 4293 2326 4348 28.
2355 4291 2506 4346 Nulla
2536 4301 2620 4346 est
2673 4293 2830 4361 igitur
2857 4292 3113 4344 securitas
3143 4292 3380 4355 unitatis,
3413 4292 3514 4347 nisi
3545 4307 3609 4346 ex
3628 4308 3754 4362 pro-

2167 4387 2346 4441 missis
2375 4383 2470 4438 Dei
2500 4383 2734 4438 Ecclesia
2758 4383 2778 4414 ¹⁵
2804 4382 3068 4436 declarata
3089 4424 3103 4448 ,
3132 4387 3250 4452 quae
3294 4399 3456 4453 super
3492 4394 3753 4450 montem,

2167 4487 2227 4532 ut
2267 4477 2466 4531 dictum
2513 4482 2614 4538 est,
2667 4473 2949 4526 roostiluta
2997 4474 3252 4528 abscondi
3293 4490 3399 4529 non
3453 4485 3670 4545 potest:
3703 4485 3754 4530 et

2170 4568 2290 4623 ideo
2316 4579 2536 4620 necesse
2565 4573 2646 4618 est
2673 4574 2728 4616 ut
2773 4564 3020 4618 ontnibtts
3053 4575 3311 4620 terrarum
3363 4567 3601 4635 partibus
3632 4578 3752 4621 nota

2170 4660 2266 4714 sit.
2289 4657 2664 4711 lnconcussum
2698 4654 2856 4724 igitur
2887 4655 2908 4686 ⁸
2939 4655 3254 4726 firmumque
3295 4665 3600 4724 teneamus,
3636 4660 3749 4712 uul-

2170 4749 2251 4802 los
2279 4747 2448 4801 bonos
2475 4746 2541 4800 ab
2567 4761 2626 4798 ea
2655 4761 2713 4800 se
2744 4759 2899 4813 posse
2946 4745 3201 4811 dividere,
3234 4745 3286 4800 id
3330 4755 3432 4810 est,
3463 4747 3637 4802 nullos
3666 4747 3758 4801 bo.

2175 4853 2292 4903 nos,
2322 4837 2529 4892 etiamsi
2555 4837 2794 4906 cognitos
2823 4836 2925 4889 sibi
2973 4837 3142 4891 malos
3176 4839 3467 4906 patiantur,
3520 4839 3754 4894 ubicum-

2173 4944 2276 5000 que
2301 4935 2598 4992 versentur,
2629 4934 2842 4995 pmpter
2871 4941 2964 4979 eos
2988 4941 3047 4980 se
3076 4941 3104 4978 a
3137 4926 3292 4996 longe
3316 4929 3505 4997 positis
3533 4938 3588 4983 et
3617 4930 3761 4984 inco-

2175 5019 2334 5089 gnitis
2358 5019 2512 5072 bouis
2531 5017 2819 5104 temerario
2833 5007 3135 5069 schismatis
3163 5018 3446 5088 sacrilegio
3473 5035 3762 5090 separare;

2177 5121 2235 5165 ut
2261 5112 2313 5164 in
2337 5124 2669 5179 quacumque
2702 5116 2848 5176 parte
2905 5120 3164 5162 terrarum
3187 5110 3270 5164 vel
3302 5111 3435 5164 facta
3483 5121 3607 5165 sunt
3637 5112 3762 5178 ista,

2181 5203 2260 5258 vel
2293 5202 2443 5266 ﬁunt,
2473 5200 2554 5255 vel
2583 5199 2753 5254 futura
2812 5208 2951 5264 sunt,
2983 5201 3193 5256 castoris
3234 5209 3493 5256 terrarum
3526 5204 3768 5272 partibus

2247 5381 2260 5410 ι
2288 5378 2360 5425 Sic
2385 5384 2486 5423 Mss.
2513 5373 2632 5421 mliti
2657 5385 2794 5430 vero,
2820 5370 3066 5421 habitabit.

2246 5442 2266 5471 ³
2290 5440 2360 5498 sic
2384 5436 2590 5485 Vaticani
2617 5442 2669 5484 et
2689 5433 2912 5498 Gallicani
2935 5441 3050 5498 Mss._
3065 5433 3181 5498 Editi
3204 5446 3342 5498 vero,
3369 5434 3648 5498 cogitemus.

2249 5503 2269 5534 ³
2291 5497 2512 5548 Gallicani
2548 5504 2673 5556 Mss,
2697 5493 2923 5558 habitatio
2946 5493 3254 5558 cogitationis.

2249 5563 2270 5594 ⁸
2296 5560 2504 5609 Vaticani
2529 5566 2651 5614 Mss,
2676 5570 2784 5620 qua:
2799 5556 3028 5620 ridetur,“
3051 5558 3246 5615 omisso,
3270 5569 3381 5606 non,

2248 5627 2269 5688 β
2296 5622 2464 5688 Plures
2486 5627 2610 5676 Mss.,
2632 5617 2870 5688 Ec'clesicg.

2252 5687 2274 5718 ⁸
2299 5694 2420 5744 διςε..
2446 5679 2777 5734 inconcussum
2808 5677 3094 5742 ﬁnitumque
3107 5691 3125 5741 ,'
3148 5680 3358 5743 omisso,
3382 5677 3547 5744 igitur.
