4054 6210
322 302 428 365 ιὀδ

324 417 471 486 longe
510 414 715 484 positis,
746 422 800 469 et
834 423 1009 469 utrum
1058 412 1192 468 facta
1221 413 1328 469 sint
1356 412 1438 468 vel
1479 428 1575 468 cur
1602 413 1736 467 facta
1776 413 1884 467 sint

324 506 694 580 ignorantibus,
727 516 780 559 et
822 514 997 561 tamen
1028 521 1146 559 emn
1174 505 1303 559 orbe
1345 514 1605 559 terrarum
1636 505 1687 558 in
1716 504 1890 558 unita-

324 604 385 656 tis
404 599 612 654 vinculo
642 601 1089 669 pcrmanentibus,
1110 614 1174 655 ea
1204 599 1317 669 ipsa
1339 599 1407 653 sit
1437 598 1585 653 Iirma
1606 597 1885 661 securitas,

322 706 420 745 non
451 691 551 744 hoc
589 691 823 759 potuisse
867 690 1062 754 facere,
1094 689 1194 743 nisi
1238 698 1329 742 aut
1370 690 1634 759 superbia:
1684 698 1889 742 tumore

321 784 554 845 furiosos,
583 790 673 835 aut
703 781 1004 836 invidentia:
1040 781 1208 836 livore
1235 796 1482 845 vesanos,
1531 789 1621 834 aut
1644 780 1883 834 saeculari

318 872 688 927 tommoditate
734 882 1030 941 corruptos,
1062 880 1155 925 aut
1195 871 1393 925 carnali
1443 871 1633 925 timore
1662 886 1882 940 perver-

316 979 421 1017 sos.
465 964 667 1029 Quibus
690 965 934 1019 omnibus
961 964 1135 1020 causis
1162 962 1389 1018 efﬁcitur
1421 972 1479 1017 ut
1523 963 1606 1018 vel
1636 963 1760 1017 boni
1791 961 1889 1017 fal-

317 1055 386 1109 sis
409 1056 718 1109 criminibus
742 1054 1079 1119 iufamentur,
1114 1054 1199 1108 vel
1253 1063 1455 1108 temere
1479 1053 1547 1108 de
1573 1054 1727 1108 bonis
1755 1054 1883 1108 falsa

316 1142 615 1207 credantur,
647 1145 732 1199 vel
767 1146 925 1199 etiam
978 1145 1099 1199 mali
1125 1144 1213 1217 qui
1265 1160 1359 1214 pro
1410 1143 1623 1198 unitatis
1675 1144 1887 1198 vinculo

317 1235 520 1288 tolerati
548 1234 679 1289 nihil
710 1234 904 1290 obsunt
959 1236 1132 1301 bonis,
1168 1236 1404 1305 disrupta
1447 1237 1707 1292 bonorum
1750 1252 1881 1305 pace

315 1324 712 1392 perversissime
735 1323 1020 1394 fugiantur,
1046 1340 1168 1379 cum
1190 1326 1455 1380 vexationi
1499 1326 1883 1381 frumentorum

314 1429 413 1467 non
453 1413 701 1482 parcitur,
747 1415 1118 1484 usurpantibus
1143 1415 1241 1469 sibi
1263 1414 1568 1470 hominibus
1592 1424 1715 1470 ante
1740 1430 1882 1470 mes-

311 1517 422 1557 sem
451 1502 590 1572 quod
610 1503 793 1574 Angeli
825 1503 876 1558 in
893 1519 1066 1560 messe
1093 1503 1280 1560 facturi
1308 1516 1449 1560 sunt.
1609 1554 1619 1563 .

371 1592 603 1649 CAPUT
646 1594 729 1647 Vl.
757 1595 935 1650 -29.
957 1594 1086 1662 Qua:
1105 1611 1226 1651 cum
1253 1596 1322 1650 ita
1343 1597 1470 1661 sint,
1500 1596 1698 1652 audent
1724 1596 1883 1652 etiam

309 1684 566 1755 sacrilega
597 1684 880 1740 schismata
907 1687 990 1742 vel
1034 1686 1266 1741 Inereses
1292 1685 1491 1755 impim,
1521 1687 1568 1742 si
1586 1686 1804 1757 quando
1830 1688 1882 1741 in

248 1826 249 1829 η
311 1773 519 1845 Ilageflo
544 1784 598 1830 ut
618 1791 678 1832 se
712 1776 979 1847 corrigunt
1037 1776 1424 1845 admonentur,
1452 1792 1639 1846 pennas
1689 1776 1883 1832 furoris

308 1866 388 1921 sui
414 1869 576 1922 etiam
630 1868 768 1924 inter
794 1868 1045 1940 martyrio
1073 1869 1349 1939 deputare.
1397 1869 1545 1935 Quod
1571 1871 1883 1925 existimans

303 1958 465 2012 etiam
495 1958 873 2015 Parmenianus
897 2000 910 2022 ,
938 1960 989 2012 in
1022 1958 1125 2014 Iine
1152 1959 1391 2029 epistola:
1435 1976 1546 2015 sure
1571 1960 1883 2015 exhortatur

303 2048 618 2104 'I‘ichonium
646 2058 702 2105 ut
730 2049 782 2104 in
812 2058 956 2121 parte
984 2051 1171 2105 Donati
1201 2061 1510 2122 permaneat
1552 2060 1606 2106 ct
1633 2066 1880 2121 persecu~

303 2140 476 2196 tiones
499 2140 751 2212 perferat,
767 2142 970 2208 dicens,
999 2159 1100 2197 non
1117 2158 1170 2197 se
1190 2142 1366 2196 debere
1389 2143 1641 2196 uoluntate
1664 2144 1878 2211 conjun-

298 2234 349 2302 gi
369 2234 467 2298 eis,
490 2234 666 2303 quibus
687 2235 1026 2301 persecutione
1042 2246 1250 2305 cogente
1287 2250 1386 2288 non
1408 2235 1578 2305 juncti
1602 2245 1718 2289 sunt
1742 2251 1760 2298 ;
1785 2235 1881 2288 ad-

298 2322 488 2379 hibens
514 2324 672 2379 etiam
704 2325 1058 2379 testimonium
1103 2326 1390 2395 Scriptura:
1413 2325 1656 2390 dicentis,
1694 2324 1782 2380 νω
1799 2325 1879 2381 his

294 2415 378 2481 qui
400 2415 739 2485 perdiderunt
767 2416 1130 2480 sustinentium,
1159 2416 1518 2484 etdiverterunt
1545 2415 1597 2469 in
1622 2415 1728 2469 vias
1751 2433 1876 2487 pra-

293 2523 393 2561 vas.
425 2508 500 2562 Et
514 2509 635 2578 quid
655 2508 861 2577 facient,
885 2525 999 2562 cum
1019 2509 1264 2578 inspicere
1286 2509 1493 2578 ceperit
1516 2525 1601 2563 eos
1630 2507 1875 2563 Dominus

291 2598 311 2668 (
337 2597 506 2651 Καί-[ἱ.
535 2613 593 2660 n,
625 2599 710 2662 16,
742 2598 805 2651 ΓΙ
829 2595 894 2667 )‘t
931 2614 1078 2652 more
1120 2612 1218 2651 suo
1243 2608 1428 2652 cuncta
1467 2597 1533 2653 de
1558 2599 1751 2654 divinis
1782 2600 1871 2652 Li-

292 2691 395 2746 bris
424 2690 693 2744 adversus
743 2703 802 2744 se
846 2690 991 2758 ipsos
1041 2690 1399 2759 proponens‘.
1426 2689 1525 2756 Qui
1559 2689 1698 2744 enim
1725 2690 1879 2745 susti~

294 2780 532 2836 nentiam
561 2778 923 2847 perdiderunt,
955 2778 1054 2832 nisi
1076 2777 1163 2846 qui
1203 2791 1297 2832 eos
1316 2777 1384 2832 de
1423 2776 1732 2832 criminibus
1757 2793 1877 2848 qua:

291 2870 617 2940 objiciebant
659 2868 987 2924 convincere
1030 2867 1398 2936 nequiverunt,
1438 2881 1573 2938 quos
1626 2883 1725 2938 pro
1749 2884 1879 2939 pace

290 2962 487 3017 Christi
508 2962 738 3016 tolerare
771 2960 1059 3016 noluerunt
1081 2975 1096 3024 ;
1120 2968 1173 3014 et
1199 2974 1321 3014 sero
1351 2969 1530 3029 postea
1558 2961 1874 3031 cogitantes,

292 3054 462 3121 ipsam
490 3061 691 3123 partem
728 3067 877 3107 suam
929 3066 1030 3104 non
1072 3065 1190 3104 esse
1222 3066 1313 3119 per
1349 3050 1542 3106 multas
1596 3053 1874 3122 particulas

292 3145 669 3209 dividendam,
715 3145 875 3200 etiam
923 3143 1022 3198 sibi
1086 3142 1545 3197 manifestissimos
1588 3144 1874 3214 sacrilegos

261 3232 267 3237 “
291 3250 421 3304 quos
456 3235 556 3305 ipsi
583 3235 923 3297 damnarunt,
950 3247 1135 3287 rursus
1154 3241 1396 3301 receptos
1420 3248 1516 3301 pro
1542 3231 1672 3289 falsa
1706 3235 1875 3287 Itona-

293 3329 484 3396 tipaee
538 3321 864 3380 t‘olerarunt?
894 3325 960 3380 Et
1010 3324 1120 3394 jam
1171 3339 1312 3379 nunc
1338 3324 1548 3380 tandem
1591 3325 1874 3395 aliquando

293 3426 618 3487 cognoscant
641 3426 696 3471 et
710 3417 994 3486 corrigunt,
1021 3416 1161 3487 quod
1207 3430 1265 3471 se
1290 3416 1450 3485 impie
1480 3415 1687 3478 fecisse.
1719 3433 1780 3470 ex
1809 3430 1874 3470 eo

292 3507 483 3561 saltem
511 3505 647 3576 quod
677 3521 711 3560 a
738 3506 1061 3561 Maximiano
1089 3505 1226 3575 passi
1248 3513 1391 3570 sunt,
1418 3505 1737 3561 didicerunt.
1766 3505 1869 3561 Sed

293 3600 498 3654 scilicet
539 3598 875 3661 erubescunt,
899 3599 920 3630 ’
951 3597 1392 3653 manifestissimis
1419 3597 1710 3651 rationibus
1749 3612 1872 3651 cor-

296 3688 407 3758 rigi,
464 3688 581 3758 quia
622 3688 993 3757 imperatorum
1037 3686 1363 3756 jussinnibus
1411 3686 1749 3752 restiterunt,
1805 3703 1872 3741 ne

296 3778 380 3833 illa
404 3795 531 3847 que
560 3794 621 3833 se
646 3787 1041 3848 conquerantur
1079 3776 1242 3832 fuisse
1290 3792 1592 3847 perpessos,
1645 3779 1871 3832 correcti

299 3869 591 3937 perdidisse
617 3869 890 3923 videantur
919 3886 932 3923 :
962 3868 1107 3937 quasi
1132 3880 1235 3920 non
1284 3866 1472 3920 melius
1502 3866 1731 3937 perdunt
1761 3866 1865 3929 illa,

298 3975 454 4027 quam
487 3967 726 4027 percunt.
783 3957 839 4013 Si
890 3958 1029 4012 enim
1073 3956 1267 4010 habent
1292 3955 1312 3986 ³
1339 3956 1567 4025 aliquam
1607 3956 1868 4019 umbram,

303 4050 544 4117 quamvis
592 4048 773 4102 falsam
818 4058 975 4118 atque
1018 4038 1281 4108 fallacem,
1326 4046 1505 4111 tamen
1565 4045 1868 4101 nonnullam

297 4138 579 4209 imaginem
607 4138 944 4204 fortitudinis,
971 4138 1174 4208 iubenti
1195 4154 1301 4192 nan
1328 4137 1867 4208 cedereimperatori:

297 4229 448 4297 mjus
471 4228 550 4282 vel
570 4227 813 4282 humanm
863 4227 1032 4283 laudis
1080 4227 1327 4283 illecebra
1373 4235 1475 4294 est,
1518 4227 1867 4297 apertissima:

295 4318 655 4373 contradicere
689 4318 929 4374 veritati?
955 4317 1061 4371 Cur
1102 4316 1298 4371 clausis
1343 4317 1513 4371 oculis
1561 4326 1665 4370 tam
1707 4318 1868 4371 multa

298 4410 359 4463 dc
383 4410 669 4478 Scripturis
697 4386 994 4465 testimonia
1024 4407 1325 4478 proferunt,
1352 4426 1468 4479 qum
1500 4409 1761 4465 inteIIeCta
1791 4418 1867 4463 at-

297 4518 393 4568 que
419 4509 605 4555 contra
645 4516 702 4555 se
741 4500 942 4570 prolata
982 4499 1292 4568 repudiant;
1334 4515 1451 4569 qua:
1491 4500 1533 4553 si
1578 4498 1867 4554 secundum

297 4606 477 4645 eorum
525 4591 847 4645 intellectum
892 4589 1249 4660 recipiuntur,
1300 4588 1640 4643 nihilominus
1673 4605 1766 4644 eos
1803 4589 1870 4644 de

296 4697 385 4735 sua
437 4683 784 4753 perversitate
828 4682 1187 4736 convincunt?
1234 4680 1418 4735 Nonne
1465 4682 1717 4751 scriptum
1765 4690 1866 4745 est,

300 4771 415 4827 Non
455 4773 770 4826 contradicas
810 4773 913 4826 ullo
955 4772 1103 4825 modo
1139 4772 1334 4824 veritati
1376 4770 1482 4841 (Id.
1513 4788 1584 4835 tv,
1612 4771 1739 4842 50)?
1774 4771 1868 4827 Cui

297 4874 466 4919 autem
499 4864 601 4918 nisi
633 4864 836 4917 veritati
864 4864 1269 4929 contradicitur,
1297 4879 1413 4918 cum
1455 4864 1610 4918 etiam
1656 4866 1761 4935 regi
1802 4882 1866 4920 ex

297 4954 513 5006 veritate
540 4953 736 5022 aliquid
764 4953 964 5021 jubenti
994 4952 1293 5007 resistitur?
1316 4952 1417 5009 Sed
1457 4969 1546 5007 rex
1586 4954 1745 5009 homo
1780 4956 1868 5026 qui

298 5047 525 5101 minatur
555 5048 635 5101 vel
677 5048 764 5115 qtti
811 5046 1070 5110 vindicat,
1116 5046 1181 5100 ad
1223 5054 1429 5116 tempus
1466 5047 1721 5101 molestus
1748 5057 1864 5102 est:

298 5154 399 5190 non
431 5139 507 5192 sic
547 5138 635 5192 ille
662 5138 775 5192 Rex
806 5140 891 5207 qui
930 5138 1087 5191 etiam
1116 5137 1320 5193 Veritas
1355 5138 1578 5204 dicitur,
1605 5139 1695 5210 qui
1729 5157 1868 5194 nunc

294 5244 504 5298 quoque
544 5224 650 5287 illis
693 5243 790 5299 per
831 5227 1138 5299 prophetam
1168 5228 1393 5292 clamat,
1426 5229 1549 5283 Sine
1572 5246 1723 5284 causa
1750 5247 1865 5299 per-

357 5384 372 5413 ¹
399 5382 536 5442 Fditi,
559 5388 888 5446 proponentes.
933 5383 1232 5435 Divionensis
1253 5385 1425 5444 codex,
1451 5397 1751 5448 proponens;
1773 5387 1866 5435 sci-

298 5441 409 5491 licet
442 5441 794 5496 Parmenlanus.

318 5506 543 5613 is;£diti,
566 5507 656 5555 sed
676 5504 720 5556 si
741 5504 850 5555 licet
883 5503 1175 5556 erubescant.
1222 5505 1540 5559 attendantur
1576 5520 1603 5555 a
1639 5507 1870 5556 Vaticanis

357 5626 377 5659 ³
398 5626 594 5691 Quidam
618 5629 972 5691 ttss._omittu_nt
988 5662 1003 5685 ,
1027 5626 1199 5677 habent
1220 5641 1340 5691 :pro
1354 5642 1449 5691 quo
1477 5628 1669 5679 videtur
1693 5627 1865 5689 legen-

294 5684 424 5750 dum,
447 5687 600 5737 habet.
629 5688 770 5738 Paulo
787 5697 894 5750 post
916 5684 1050 5744 loco,
1076 5684 1384 5748 nonnulimn;
1414 5693 1687 5750 reperimus
1705 5725 1717 5748 ,
1748 5684 1858 5738 ital-

294 5741 391 5794 lent
412 5741 466 5795 in
487 5755 589 5797 uss.
619 5752 731 5799 etin
758 5741 969 5817 editione
995 5741 1305 5799 Amet-bactra.

572 5841 841 5895 I’ATRUL.
886 5834 1100 5894 XLIII.

1644 298 1846 354 LlBER
1885 296 2198 354 TERTIUS.

3474 311 3571 365 106

1996 414 2130 466 cassi
2158 414 2290 478 ﬁlios
2326 424 2509 467 vestros
2532 431 2551 478 ;
2575 416 2893 484 disciplinam
2920 434 3019 472 non
3044 433 3333 489 receperunt
3359 426 3570 493 (larem.

1996 517 2066 564 ιι,
2094 502 2204 571 50).
2247 502 2344 569 Qui
2386 515 2664 573 prepterea
2705 522 2799 577 per
2824 507 3080 562 humanas
3110 520 3398 579 potestates
3435 531 3573 570 nune

1996 593 2406 648 misericorditer
2425 596 2692 659 admonet.
2719 614 2787 654 ne
2811 600 2861 653 in
2889 598 2991 656 fine
3015 600 3094 655 sic
3114 602 3364 670 vindicet,
3392 615 3446 659 ut
3468 622 3569 661 non

1994 700 2054 740 se
2094 687 2296 753 possint
2336 689 2548 757 superbi
2591 688 2657 743 de
2693 705 2786 745 sua
2824 691 3161 748 damnatione
3198 694 3417 764 jactare.
3461 698 3571 753 Sub

1995 777 2220 832 vindicta
2245 781 2383 832 enim
2415 796 2597 851 regum
2626 792 2802 851 potest
2829 784 3098 840 hominum
3128 784 3412 855 pertinacia
3440 790 3569 843 falsi)

1988 867 2208 930 nomine
2244 868 2449 924 virtutis
2492 871 2627 926 velle
2654 872 2890 947 laudari;
2920 877 3133 930 (uternis
3157 888 3331 943 autem
3363 858 3566 951 ignibus

1992 958 2353 1025 concremari,
2399 976 2497 1014 nec
2537 961 2666 1025 erit,
2702 977 2799 1018 nec
2840 964 3112 1020 vocabitur
3152 967 3422 1024 fortitudo.
3448 969 3564 1023 Non

1991 1048 2131 1102 enim
2161 1059 2317 1103 erunt
2344 1051 2393 1103 in
2416 1050 2507 1105 die
2532 1051 2619 1106 illa
2641 1052 2728 1122 qui
2753 1064 2912 1123 caput
2936 1066 3132 1124 uugant
3160 1058 3279 1112 oleo
3304 1058 3542 1113 aduiatiot

1992 1139 2095 1206 nis,
2125 1151 2216 1195 aut
2242 1143 2385 1195 varia
2430 1144 2446 1175 ¹
2475 1142 2681 1213 decepti
2724 1145 2925 1199 fallacia
2963 1134 3243 1202 coronatos
3289 1153 3553 1206 somnient

1991 1231 2286 1299 inornatos,
2321 1232 2577 1301 dicentes,
2613 1235 2774 1304 Euge,
2811 1251 2973 1306 euge;
2996 1247 3048 1290 et
3081 1237 3323 1307 jnrantes
3349 1257 3441 1310 per
3462 1258 3552 1296 ca-

1992 1339 2089 1377 nos
2114 1340 2318 1388 eorum,
2347 1325 2439 1394 qui
2468 1335 2626 1396 caput
2671 1342 2857 1381 sanum
2886 1343 2991 1381 non
3025 1328 3352 1396 habuerunt,
3386 1340 3441 1384 et
3470 1348 3564 1400 per

1992 1429 2276 1485 compages
2301 1417 2322 1447 ¹
2353 1431 2536 1471 eorum
2563 1417 2649 1487 qui
2677 1418 2815 1471 viam
2866 1418 3009 1487 pacis
3058 1433 3160 1474 non
3214 1434 3559 1490 agnoverunt.

1991 1504 2183 1571 Quales
2209 1507 2389 1562 turbas
2414 1507 2497 1561 isti
2527 1516 2829 1563 avertentes
2855 1524 2887 1563 a
2918 1509 3111 1563 Clu-isti
3149 1510 3370 1576 unitate,
3415 1520 3469 1566 et
3497 1525 3561 1564 an

1988 1612 2141 1651 suum
2170 1614 2360 1654 nomen
2384 1608 2695 1654 convertere
2715 1600 3008 1668 cupientes,
3039 1600 3248 1655 interim
3295 1611 3562 1672 tempora-

1990 1686 2059 1741 lia
2088 1689 2338 1757 snpplicia
2373 1688 2676 1743 scltismatis
2705 1690 2784 1743 sui
2812 1690 3058 1746 conferre
3087 1691 3285 1745 audent
3315 1693 3544 1761 passioui

1989 1777 2085 1831 bus
2112 1788 2429 1848 martyrum,
2461 1789 2514 1833 ttt
2540 1779 2619 1834 eis
2645 1794 2921 1850 pmnarum
2968 1794 3179 1835 suarum
3210 1785 3440 1839 natalitia
3469 1801 3560 1842 ce-

1989 1868 2262 1924 lebrentur
2312 1886 2503 1940 magno
2543 1881 2825 1926 conventu
2866 1871 3142 1926 hominum
3192 1872 3512 1929 furiosorum
3546 1897 3558 1928 :

1986 1973 2212 2028 quorum
2263 1975 2295 2014 e
2327 1975 2548 2014 numero
2578 1959 2649 2015 illi
2681 1969 2807 2016 sunt
2828 2002 2843 2028 ,
2875 1963 2963 2032 qui
3011 1963 3172 2017 etiam
3204 1965 3352 2018 nullo
3379 1981 3557 2035 perse-

1988 2056 2201 2117 quente,
2225 2062 2284 2102 se
2314 2048 2459 2117 ipsos
2479 2048 2618 2104 ultro
2646 2064 2743 2120 per
2773 2051 3032 2105 montium
3064 2051 3287 2122 abrupta
3320 2055 3561 2124 praeeipi-

1990 2147 2120 2203 tant,
2181 2147 2239 2193 nt
2275 2140 2466 2195 malam
2498 2139 2661 2195 vitam
2712 2141 2894 2211 pejore
2943 2154 3125 2207 morte
3166 2159 3555 2200 consunnncut.

1985 2228 2100 2284 Non
2128 2241 2284 2285 ernut
2315 2230 2366 2284 in
2392 2231 2481 2286 dic
2518 2231 2606 2286 illa
2659 2232 2837 2287 stulta:
2884 2233 3069 2303 plebes
3111 2234 3304 2304 quibus
3356 2237 3556 2299 dicant.

1985 2318 2094 2375 Nos
2121 2335 2306 2374 sumus
2331 2321 2458 2390 justi
2488 2322 2577 2392 qui
2615 2327 2841 2392 patimur
2866 2324 3287 2394 persecutionem
3321 2343 3335 2380 :
3365 2337 3421 2382 ct
3441 2331 3557 2398 qui-

1982 2409 2082 2465 bus
2107 2411 2263 2466 caecis
2288 2412 2546 2468 vendatnr
2576 2413 2835 2483 reprobus
2876 2414 3007 2483 lapis
3056 2431 3152 2484 pro
3198 2431 3403 2486 gemma
3434 2434 3554 2487 prc-

1986 2503 2142 2568 tiosa,
2172 2501 2222 2556 id
2248 2510 2350 2568 est,
2382 2503 2611 2558 Carnalis
2633 2503 2823 2557 duritia
2867 2519 2964 2573 pro
2991 2505 3251 2573 spirituali
3281 2506 3550 2575 patientia.

1983 2591 2099 2646 Non
2130 2605 2287 2648 erunt
2307 2594 2397 2663 qui
2428 2595 2642 2648 nomina
2668 2594 2964 2664 principum
3006 2596 3199 2651 furoris
3226 2597 3308 2651 sui
3333 2599 3555 2653 recitent

1983 2683 2049 2737 ad
2074 2684 2281 2749 altaria,
2300 2685 2384 2739 vel
2414 2700 2532 2755 qua:
2558 2684 2626 2739 ab
2650 2685 2851 2741 unitate
2885 2684 3081 2740 Christi
3111 2686 3435 2755 diviserunt,
3472 2690 3554 2744 vel

1985 2789 2103 2844 quae
2155 2775 2254 2829 sub
2310 2777 2522 2830 nomine
2572 2774 2768 2830 Christi
2810 2784 2994 2829 contra
3038 2788 3324 2832 erexerunt
3361 2779 3403 2833 ³.
3429 2779 3555 2835 "mc

1987 2864 2133 2918 enim
2161 2874 2285 2918 sunt
2321 2865 2511 2934 pretia,
2541 2880 2658 2934 qua:
2688 2864 2772 2918 isti
2816 2874 2873 2919 ut
2893 2867 3153 2934 accipiant
3173 2907 3188 2928 .
3220 2867 3345 2921 dum
3373 2870 3555 2923 volunt

1983 2956 2181 3011 habere
2204 2956 2344 3026 quod
2377 2956 2626 3019 vendant,
2650 2957 2879 3012 excitant
2916 2957 3197 3012 adversum
3223 2972 3282 3013 se
3325 2967 3556 3029 potesta-

1983 3056 2091 3103 tum
2116 3049 2461 3103 severitatem
2491 3063 2585 3117 per
2626 3049 2918 3103 animosam
2944 3050 3364 3119 perversitatem,
3381 3066 3456 3116 ne
3479 3050 3553 3105 illi

1979 3139 2070 3211 qui
2091 3139 2163 3193 ab
2191 3140 2271 3193 eis
2299 3138 2622 3193 scducuntur
2644 3180 2660 3206 ,
2690 3148 2744 3192 et
2796 3154 2889 3194 eos
2930 3150 3208 3210 propterea
3236 3141 3411 3211 justus
3456 3158 3554 3214 pu-

1976 3240 2128 3294 tant,
2157 3230 2279 3300 quia
2330 3244 2513 3301 pmnas
2561 3229 2854 3300 iniquitatis
2881 3231 3183 3295 exsolvunt,
3226 3231 3449 3289 redeant
3487 3234 3552 3288 ad

1978 3335 2091 3387 eor,
2119 3331 2173 3375 et
2193 3320 2533 3376 considerent
2553 3336 2717 3391 quare
2746 3321 3015 3392 patiantur
3043 3340 3159 3393 qua:
3184 3339 3242 3378 se
3289 3326 3392 3393 pati
3433 3326 3547 3395 glo-

1980 3411 2183 3464 riantur
2213 3408 2260 3462 ⁸.
2293 3410 2556 3478 Quantum
2586 3410 2728 3465 enim
2771 3422 2886 3466 erat
2923 3421 2979 3466 ut
3008 3413 3275 3482 paululum
3305 3415 3549 3469 adverte-

1979 3511 2098 3556 rent
2137 3501 2256 3557 talia
2304 3503 2482 3558 dicere
2534 3502 2938 3561 Partneuianum
2971 3505 3230 3561 Tichnnio
3258 3507 3326 3562 de
3381 3509 3545 3578 perfe-

1978 3594 2157 3649 rendis
2217 3596 2672 3664 persecutionibus
2730 3608 2780 3650 ct
2821 3598 2983 3668 gloria
3031 3600 3344 3667 toletantim,
3376 3599 3549 3672 q'ualia

1976 3683 2158 3738 dicunt
2181 3698 2368 3740 onmes
2390 3683 2650 3752 hmretici,
2677 3687 2743 3740 de
2771 3689 2961 3757 quibus
2999 3690 3307 3745 COI‘I'CCINIIS
3345 3693 3426 3747 vel
3459 3710 3550 3762 pn-

1976 3773 2184 3826 nieudis
2208 3774 2400 3829 similia
2422 3790 2601 3843 regum
2626 3776 2775 3843 jussa
2801 3778 3169 3843 proferuntur;
3199 3783 3371 3850 qualia
3402 3795 3548 3837 certe

1975 3861 2398 3917 Ilcmbresitanis
2448 3865 2560 3916 suis
2601 3864 2731 3919 dicit
2774 3865 2929 3918 etiam
2972 3867 3216 3933 Salvius,
3268 3872 3350 3923 cui
3379 3882 3551 3924 tantas

1978 3952 2318 4007 Abitinenses
2338 3954 2517 4023 plagas
2536 3963 2589 4008 et
2603 3955 2948 4010 contumelias
2967 3956 3284 4025 intulerunt,
3307 3975 3400 4028 per
3419 3976 3551 4030 quos

1977 4045 2062 4100 isti
2093 4055 2396 4102 meruerant
2440 4054 2501 4100 ut
2524 4045 2592 4102 de
2638 4045 2875 4102 Ecclesia
2910 4049 3196 4119 pelleretur
3236 4051 3278 4117 ⁵,
3326 4063 3384 4105 ιιι
3434 4053 3550 4121 ejus

1976 4136 2173 4192 cervici
2198 4137 2355 4192 etiam
2386 4142 2715 4192 mortuorum
2737 4154 2926 4192 canum
2944 4139 3198 4195 cadavera
3218 4143 3544 4213 Cttllignt‘cnl.

1976 4236 2033 4281 ut
2070 4235 2341 4297 postremo
2360 4243 2481 4282 eum
2512 4227 2601 4281 illo
2626 4227 2692 4283 ad
2727 4238 2909 4299 turpes
2929 4245 3087 4285 voces
3110 4232 3545 4302 cantationestpte

1975 4322 2247 4374 saltarent.
2288 4319 2456 4387 Quem
2506 4335 2809 4375 sermonem
2835 4362 2849 4384 ,
2883 4333 3227 4393 posteaquam
3257 4332 3398 4378 tanta
3432 4341 3546 4395 per-

1977 4413 2162 4482 pessus
2208 4422 2325 4477 est,
2355 4427 2477 4466 eum
2528 4420 2775 4480 putamus
2803 4413 3050 4467 habuisse
3078 4431 3199 4468 eum
3235 4416 3380 4481 suis,
3417 4432 3549 4486 quos

1976 4505 2202 4558 miseros
2247 4502 2459 4572 decepit
2488 4512 2545 4555 ut
2583 4502 2803 4557 alteram
2860 4503 2959 4558 sibi
3012 4504 3285 4559 basilicam
3324 4505 3547 4561 fabrica-

1976 4596 2132 4650 rent?
2156 4595 2361 4662 Quanta
2414 4593 2547 4647 dixit
2575 4593 2643 4649 de
2675 4594 2875 4665 justitia
2897 4636 2912 4662 ,
2938 4612 3034 4666 pro
3061 4612 3162 4666 qua
3194 4599 3317 4652 talia
3345 4602 3544 4668 perpeti

2038 4833 2054 4864 ί
2082 4830 2287 4892 Vaticani
2311 4831 2520 4892 codices,
2546 4845 2682 4882 etum.

2037 4895 2056 4924 ²
2089 4891 2232 4941 Morel
2251 4890 2526 4961 ,tzlement.
2555 4896 2732 4954 (:ritic.,
2752 4894 3246 4961 pag._18-%),probat
3268 4896 3544 4961 legenduim

1974 4966 2240 5018 contpagos.
2266 4952 2314 5002 id
2336 4959 2414 5004 est
2437 4952 2768 5018 episeOporuni
2782 4952 2988 5018 caligas.
3030 4952 3087 5005 ill

2038 5017 2058 5047 ³
2078 5016 2179 5079 am.
2208 5020 2261 5064 et
2281 5021 2387 5065 Mss.
2427 5016 2634 5065 Vaticani
2671 5029 2727 5066 ac
2748 5016 2972 5079 pleritjue
2993 5017 3213 5067 Gallicam
3228 5055 3243 5077 ,
3269 5024 3436 5079 cutura
3458 5028 3547 5069 Er-

1973 5076 2169 5141 riesimn
2189 5082 2466 5126 erexerunt.
2491 5083 2684 5137 Vocem,
2708 5076 2966 5127 Ecclesiiun
2984 5114 2999 5138 ,
3029 5080 3141 5141 quia
3164 5092 3191 5127 a
3214 5078 3419 5141 Belgicis
3443 5088 3544 5129 Mss.

1973 5139 2167 5201 aberat,
2195 5145 2544 5201 expunxeruttt
2575 5143 2926 5197 tovanieases,
2959 5139 3061 5191 sut‘
3086 5140 3152 5190 sit
3180 5139 3384 5201 sensus,
3408 5156 3432 5185 ι
3471 5142 3544 5189 iu-

1974 5200 2170 5262 quiunt,
2204 5215 2227 5245 α
2245 5212 2356 5262 quae
2368 5212 2439 5262 ex
2461 5198 2666 5262 adverso
2689 5207 2974 5250 erexerunt.
2998 5217 3021 5246 ιι

2035 5261 2153 5368 rip
2174 5259 2381 5368 vatipani
2406 5269 2511 5310 Mss.
2552 5259 2636 5311 Alii
2661 5275 2780 5311 vero
2801 5274 2911 5311 cum
2935 5263 3094 5324 editis,
3129 5274 3279 5326 quare
3300 5267 3346 5312 et
3366 5273 3477 5323 qua:
3496 5276 3547 5312 se

2054 5334 2070 5368 ι
2093 5333 2123 5368 a
2142 5333 2261 5368 om:
2300 5334 2374 5368 ur.

2032 5326 2072 5370 1i
2093 5326 2374 5371 alariarum“.

1973 5333 2070 5384 pati
2093 5333 2374 5384 gtonantur.

1978 5444 2001 5446 Η
2037 5384 2058 5416 ⁸
2083 5392 2185 5430 Am.
2209 5389 2261 5431 et
2282 5388 2355 5446 Er.
2373 5418 2390 5444 ,
2415 5380 2722 5446 pellerentur.
2776 5384 3128 5446 tmanienses,
3172 5383 3547 5446 reclamantibus

1975 5444 2089 5508 licet
2099 5451 2203 5492 Mss.
2219 5445 2300 5508 qui
2316 5444 2492 5494 revera
2507 5447 2714 5508 antiquis
2730 5444 3018 5508 editiouibus
3030 5445 3362 5508 astipulantur,
3380 5457 3542 5494 emen-

1971 5505 2166 5577 darunt,
2186 5504 2474 5579 pelleretur;
2494 5507 2604 5579 quia
2621 5504 2684 5579 de
2701 5504 2840 5579 salvii
2863 5514 3043 5556 tantum
3062 5504 3349 5579 eapulsione
3370 5508 3544 5579 agitur,

1972 5579 2115 5627 quam
2154 5566 2242 5674 ipsi
2291 5566 2643 5617 ateniltrcsitztni
2688 5571 2924 5616 meruisse
2948 5581 3036 5638 per
3059 5566 3365 5617 Abitinenses
3379 5566 3544 5637 dicun-

1976 5636 2068 5674 tur.
2094 5629 2164 5674 >ie
2204 5632 2268 5674 Ii).
2287 5627 2497 5674 tectura
2519 5631 2839 5674 Cresconium.
2862 5644 2906 5674 ιι.
2927 5629 3006 5674 ξιξ).
3037 5647 3058 5673 ι
3101 5641 3188 5674 ter
3221 5640 3381 5674 uuam.
3407 5646 3428 5672 ι
3459 5640 3542 5674 an.

1976 5636 2068 5677 tur.
2094 5629 2164 5676 sic
2182 5627 2268 5677 lib.
2287 5627 2497 5677 trontra
2519 5631 2839 5687 Cresconiuat,
2862 5644 2906 5676 ιι.
2927 5627 3006 5686 59,
3037 5647 3058 5673 ι
3101 5641 3188 5686 ter
3221 5640 3381 5688 quam,
3407 5646 3428 5672 ι
3459 5632 3543 5684 ait.

1982 5709 2001 5731 ιι
2025 5691 2269 5738 civitatem
2294 5691 2489 5737 vicinam
2515 5690 2646 5750 (puta
2676 5691 3021 5750 Abitiucuseut)
3058 5689 3316 5750 ju-Iicatttm
3340 5691 3544 5750 inqdcre

1979 5752 2124 5798 vestri
2147 5765 2328 5798 merus:
2345 5761 2444 5811 unt;
2469 5772 2485 5793 η
2516 5748 2759 5799 tas-nm
2780 5766 2804 5800 a
2822 5764 2904 5798 sua
2928 5748 3046 5799 sedc
3062 5748 3329 5811 7|.ellerctur
3347 5748 3543 5801 Salvius.

2915 5835 3242 5910 {Quane}

3746 3743 3889 3819 i‘tuf

3746 3894 3835 3971 ΙΝ
3856 3910 3909 3983 ῖς

3774 4008 3907 4095 “Lua
