4054 6210
388 290 484 347 ιθ9

386 404 620 466 υιεηὶαηὶ,
647 403 734 458 lib.
765 403 820 469 2,
838 419 949 472 cap.
986 404 1096 474 ii),
1121 405 1264 474 quod
1284 403 1490 459 etiamsi
1514 418 1616 460 non
1642 404 1715 460 ibi
1737 404 1959 474 promit—

388 509 633 562 teremus,
658 496 893 552 debitum
927 504 1099 551 tamen
1123 513 1151 551 a
1204 497 1356 552 nobis
1405 496 1757 568 ﬂagitantibus
1783 496 1958 551 fratri-

388 590 481 644 bus
510 587 846 642 meminimus
896 596 951 642 et
996 589 1350 657 aguocimus.
1403 587 1740 658 Quapropter
1774 588 1825 641 iu
1857 586 1959 641 hoc

386 696 543 750 opere
577 678 858 749 adjuvante
896 680 1122 735 Domino
1165 679 1519 749 suscepimus,
1550 695 1655 735 non
1695 680 1870 736 solum
1897 694 1959 735 ca

387 772 630 829 refellere
674 787 792 844 quso
843 771 911 828 de
934 772 1035 827 hac
1064 786 1125 827 re
1177 772 1332 828 nobis
1376 773 1665 829 Donatista:
1690 773 1962 843 objectare

386 874 739 929 consuerunt;
803 862 897 918 sed
956 864 1116 918 etiam
1221 863 1288 918 de
1364 862 1657 919 beatissimi
1712 864 1963 936 martyris

385 954 629 1025 Cypriani
669 954 1004 1017 auctoritate,
1038 954 1177 1009 unde
1213 969 1364 1009 suam
1410 954 1836 1025 perversitatem,
1895 971 1964 1012 ne

387 1045 625 1099 veritatis
650 1045 849 1115 impetu
898 1044 1072 1110 cadat,
1106 1044 1291 1101 l'ulcire
1317 1056 1600 1114 conantur,
1641 1062 1762 1117 qua:
1785 1048 1967 1103 Domi-

388 1151 485 1191 nus
511 1135 792 1191 donaverit
836 1135 1051 1192 dicere:
1082 1145 1139 1191 ut
1181 1136 1478 1210 intelligant
1502 1154 1690 1195 omnes
1740 1140 1830 1211 qui
1859 1156 1963 1195 non

384 1226 560 1282 studio
589 1230 817 1298 partium
844 1227 1029 1282 ca'cati
1062 1227 1323 1296 iudicant,
1362 1244 1469 1283 non
1504 1229 1679 1285 solum
1728 1246 1822 1286 eos
1852 1248 1957 1285 nou

386 1319 621 1388 adjuvari
649 1319 961 1374 auctoritate
985 1318 1253 1390 Cypriani,
1285 1320 1381 1375 sed
1420 1336 1514 1390 per
1540 1320 1711 1390 ipsam
1738 1321 1967 1377 maxime

385 1409 628 1465 convinci
655 1418 813 1479 atque
839 1408 1095 1463 subverti.

455 1520 509 1574 Ξ.
540 1520 660 1575 Jam
686 1519 900 1589 quidem
925 1520 979 1575 in
1005 1535 1163 1589 supra
1208 1522 1517 1577 memoratis
1563 1523 1712 1578 libris
1762 1523 1962 1579 dictum

381 1624 490 1679 est,
520 1614 590 1668 ita
622 1628 777 1683 posse
826 1621 974 1668 extra
1010 1613 1329 1669 catholicam
1378 1616 1809 1671 communionem
1851 1615 1968 1671 dari

384 1706 736 1777 Baptismum,
794 1705 1240 1776 quemadmodum
1275 1715 1331 1761 et
1368 1716 1517 1762 extra
1552 1723 1669 1763 eam
1697 1717 1874 1779 potest
1915 1718 1971 1765 et

384 1798 593 1855 haberi.
629 1798 816 1854 Nullus
861 1809 1039 1854 autem
1073 1800 1284 1854 illorum
1333 1810 1492 1871 negat
1539 1801 1738 1858 habere
1787 1803 1971 1872 Bapti-

384 1907 561 1946 smum
590 1892 750 1946 etiam
777 1899 1067 1961 apoSIatas,
1100 1891 1295 1961 quibus
1321 1892 1504 1961 utique
1542 1892 1886 1949 redeuntibus
1916 1902 1972 1948 et

383 1999 483 2053 per
509 1983 877 2055 paenitentiam
905 1983 1198 2048 conversis,
1224 1983 1349 2037 dum
1377 1999 1483 2039 non
1507 1985 1767 2048 redditur,
1798 1987 1970 2042 amitti

382 2091 493 2129 non
516 2076 757 2146 potuisse
778 2075 1068 2145 iudicatur.
1097 2073 1189 2131 Sic
1216 2084 1272 2130 et
1298 2076 1373 2131 illi
1393 2076 1482 2147 qui
1508 2090 1607 2149 per
1630 2078 1968 2149 sacrilegium

378 2166 688 2222 sehismatis
735 2167 802 2222 ab
831 2167 1087 2223 Ecclesiae
1126 2168 1501 2223 communione
1544 2167 1844 2236 discedunt,
1876 2170 1972 2225 ha-

378 2258 514 2313 bent
533 2259 716 2328 utique
735 2258 1084 2329 Baptismmn,
1112 2274 1272 2329 quem
1295 2259 1603 2329 priusquam
1628 2259 1970 2318 discederent

374 2358 707 2419 acceperunt
735 2366 749 2403 :
780 2364 902 2403 nam
929 2358 984 2404 et
1009 2347 1158 2419 ipsis,
1188 2350 1232 2404 si
1263 2350 1506 2417 redeant,
1538 2366 1642 2406 non
1667 2354 1745 2407 eis
1776 2353 1966 2409 iterum

374 2440 562 2507 datur;
608 2441 751 2497 unde
796 2442 1168 2507 ostenduntur,
1217 2442 1346 2497 illud
1371 2443 1512 2513 quod
1554 2457 1873 2515 acceperant
1916 2449 1968 2503 in

378 2532 590 2587 unitate
616 2531 792 2599 positi,
824 2546 928 2585 non
956 2532 1193 2600 potuisse
1214 2533 1461 2589 amittere
1483 2537 1717 2605 separati
1752 2538 1792 2592 ⁸.
1814 2537 1969 2606 Quod

372 2623 424 2677 si
462 2621 642 2675 haberi
676 2620 803 2675 foris
820 2628 1016 2691 potest,
1048 2623 1208 2677 etiam
1247 2622 1362 2677 dari
1390 2638 1487 2679 cur
1527 2640 1633 2680 non
1673 2629 1882 2696 potest?
1913 2629 1971 2686 Si

370 2712 540 2775 dicis,
570 2712 687 2766 Non
715 2722 859 2767 recte
884 2711 1013 2766 foris
1040 2712 1194 2767 datur
1224 2730 1239 2768 :
1266 2715 1671 2785 respondemus,
1697 2718 1847 2775 Sicut
1862 2736 1967 2777 non

372 2814 528 2860 recte
555 2802 686 2858 foris
710 2803 954 2868 habetur,
980 2813 1033 2859 et
1064 2790 1238 2860 tamen
1282 2805 1528 2876 habetur;
1555 2809 1634 2864 sic
1671 2825 1777 2867 non
1822 2822 1971 2870 recte

374 2892 514 2948 foris
536 2892 713 2958 datur,
744 2892 838 2949 sed
870 2902 1044 2948 tamen
1076 2893 1251 2949 datur.
1284 2895 1434 2950 Sicut
1462 2905 1640 2953 autem
1670 2915 1769 2969 per
1797 2903 1969 2958 unita-

373 2983 452 3037 tis
507 2982 993 3038 reconciliationem
1056 2983 1240 3053 incipit
1292 2983 1495 3041 utiliter
1547 2988 1751 3056 haberi,
1825 2994 1966 3063 quod

370 3084 532 3127 extra
554 3072 807 3127 unitatem
831 3072 1087 3128 inutiliter
1126 3072 1454 3131 habebatur:
1485 3076 1564 3133 sic
1603 3094 1698 3149 per
1723 3084 1966 3139 eamdem

373 3162 872 3220 reconciliationem
904 3165 1086 3233 incipit
1126 3166 1254 3221 utile
1281 3180 1420 3233 esse,
1452 3170 1593 3238 quod
1640 3183 1791 3227 extra
1844 3189 1963 3231 eam

372 3255 641 3310 inutiliter
665 3255 844 3310 datum
876 3266 978 3310 est.
1006 3256 1119 3311 Non
1161 3268 1335 3313 tamen
1357 3260 1459 3315 dici
1487 3262 1565 3317 l'as
1582 3272 1686 3329 est,
1736 3280 1839 3320 non
1867 3266 1964 3321 da-

374 3357 492 3400 tum
540 3360 662 3403 esse
708 3346 849 3417 quod
878 3347 1059 3402 datum
1099 3357 1201 3414 est,
1230 3359 1321 3405 aut
1363 3359 1421 3405 ut
1460 3368 1566 3407 non
1613 3354 1714 3409 hoc
1753 3355 1965 3414 dedisse

375 3439 658 3509 quisquam
699 3438 1071 3503 calumnietur,
1116 3454 1237 3494 eum
1281 3441 1382 3495 hoe
1416 3456 1537 3498 eum
1582 3444 1794 3503 dedisse
1821 3450 1961 3520 quod

375 3538 658 3599 acceperat
682 3529 984 3584 conlitetur.
1008 3530 1410 3587 Saeramentum
1434 3534 1575 3588 enim
1597 3534 1851 3607 Baptismi
1877 3551 1959 3596 est

376 3621 520 3690 quod
562 3620 717 3677 habet
758 3622 847 3691 qui
888 3621 1300 3691 baptizatur:et
1342 3622 1745 3683 Saeramentum
1798 3630 1961 3687 dandi

377 3712 633 3782 Baptismi
662 3721 744 3766 est
766 3711 905 3781 quod
947 3711 1108 3767 habet
1151 3712 1240 3783 qni
1267 3713 1563 3770 ordinatur.
1597 3715 1746 3774 Sicut
1781 3729 1959 3776 autem

377 3802 697 3872 baptizatus,
751 3803 796 3858 si
835 3803 902 3857 ab
944 3803 1146 3858 unitate
1207 3807 1506 3869 recesserit,
1558 3819 1953 3864 sacramentum

377 3896 633 3966 Baptismi
662 3911 766 3951 non
806 3897 1019 3962 amittit;
1069 3895 1147 3949 sic
1167 3895 1326 3949 etiam
1350 3895 1645 3962 ordinatus,
1672 3899 1717 3952 si
1745 3898 1813 3953 ab
1839 3901 1964 3955 uni-

377 3994 485 4042 tale
529 3987 831 4048 recesserit,
875 3987 1274 4042 Saeramentum
1329 3986 1488 4043 dandi
1546 3987 1802 4058 Baptismi
1852 4007 1961 4047 non

376 4078 589 4131 amittit.
615 4076 754 4131 Nulli
780 4077 922 4132 enim
967 4076 1312 4131 Sacramento
1343 4076 1532 4146 injuria
1560 4076 1798 4135 facienda
1824 4089 1907 4136 est
1942 4098 1956 4137 :

376 4168 420 4222 si
441 4166 669 4223 discedit
691 4183 720 4221 a
749 4167 919 4230 malis,
946 4176 1230 4236 utrumque
1253 4166 1512 4234 discedit;
1542 4169 1586 4223 si
1607 4181 1879 4239 permanet
1906 4172 1958 4227 in

282 4264 285 4267 '
378 4259 553 4322 malis,
608 4266 890 4328 utrumque
935 4266 1230 4327 permanet.
1285 4256 1434 4313 Sicut
1488 4274 1615 4330 ergo
1652 4272 1961 4332 acceptatur

378 4351 702 4421 Baptistnus,
734 4365 894 4420 quem
923 4364 1026 4403 non
1046 4348 1217 4418 potuit
1239 4350 1485 4406 amittere
1526 4352 1617 4422 qui
1650 4352 1719 4407 ab
1755 4354 1959 4410 unitate

297 4456 310 4462 ·
376 4440 726 4504 discesserat;
782 4440 860 4494 sic
902 4439 1257 4509 aceeptandus
1304 4450 1387 4496 est
1430 4441 1755 4511 Baptismus,
1798 4461 1958 4516 quem
1999 4495 2002 4498 .

377 4530 525 4586 dedit
546 4531 635 4584 ille
664 4530 752 4599 qui
777 4528 1179 4585 Saeramentum
1206 4529 1364 4585 dandi
1381 4545 1502 4586 eum
1523 4531 1827 4589 discederet
1852 4551 1958 4590 non

380 4622 646 4677 amiserat.
670 4622 800 4676 Nam
832 4623 969 4677 sicut
991 4620 1297 4688 redeuntes,
1341 4624 1430 4692 qui
1475 4624 1783 4694 priusquam
1809 4642 1961 4682 rece-

376 4715 565 4770 derent
593 4714 839 4782 haptizati
867 4720 1010 4777 sunt,
1035 4726 1139 4768 non
1167 4713 1564 4783 rebaptizantur
1590 4733 1605 4770 :
1634 4715 1705 4771 ita
1730 4717 1961 4772 redeun-

380 4815 476 4869 tes,
529 4807 617 4875 qni
670 4806 977 4875 priusquam
1025 4803 1338 4860 recederent
1385 4804 1614 4860 ordinati
1660 4816 1805 4871 sunt,
1852 4824 1955 4863 non

378 4900 558 4969 utique
580 4912 764 4953 rursus
790 4897 1139 4961 ordinantur;
1170 4896 1264 4951 sed
1294 4904 1385 4950 aut
1420 4897 1791 4954 administrant
1816 4900 1955 4972 quod

377 4990 836 5051 administrabant,
863 4989 908 5043 si
939 4988 1041 5043 hoc
1069 4987 1319 5043 Ecclesia:
1350 4989 1548 5044 utilitas
1587 4992 1836 5059 postulat;
1866 5003 1959 5049 aut

376 5083 421 5137 si
458 5097 564 5137 non
594 5081 983 5144 administrant,
1024 5079 1428 5135 Saeramentum
1471 5082 1820 5141 ordinationis
1845 5101 1957 5142 sua:

377 5183 551 5228 tamen
582 5180 810 5242 gerunt;
839 5181 893 5226 et
920 5170 1038 5226 ideo
1063 5171 1141 5225 eis
1165 5186 1354 5225 manus
1381 5172 1520 5227 inter
1540 5173 1701 5230 laieos
1722 5191 1828 5230 non
1851 5177 1954 5232 im-

376 5265 607 5334 ponitur.
637 5263 769 5318 Nam
798 5277 970 5333 neque
1024 5272 1416 5321 sacramentum
1459 5264 1732 5337 Baptismi,
1783 5284 1957 5339 neque

376 5365 763 5412 sacramentum
819 5354 979 5411 dandi
1023 5355 1298 5426 Baptismi,
1347 5357 1558 5428 quando
1600 5359 1668 5413 ah
1713 5363 1793 5417 eis
1833 5376 1953 5420 cum

375 5450 690 5508 Maximiano
725 5452 988 5516 discessit,
1031 5452 1330 5509 Felicianus
1368 5454 1564 5509 amisit.
1615 5453 1767 5509 Nunc
1809 5455 1953 5511 enim

375 5556 498 5613 eum
522 5557 701 5598 secum
724 5542 921 5598 habent
944 5557 1065 5598 cum
1094 5542 1173 5598 eis
1199 5544 1347 5613 ipsis,
1377 5559 1509 5613 quos
1534 5557 1653 5598 eum
1691 5543 1818 5600 foris
1863 5560 1952 5600 cs-

440 5717 458 5748 ι
483 5718 563 5766 uie
586 5716 701 5766 editi
720 5715 916 5777 addunt,
934 5714 996 5764 ab
1011 5714 1220 5777 mutate;
1243 5715 1371 5780 quod
1390 5716 1530 5766 abest
1547 5728 1574 5765 a
1599 5723 1703 5766 uss.

1760 285 1963 344 LIBER
2001 284 2273 353 PRIMUS.

3555 277 3655 332 iiii

2071 413 2174 470 set,
2200 403 2251 458 in
2267 402 2566 460 Maximiani
2582 405 2869 462 schismate
2896 400 3197 479 baptizavit.
3215 411 3550 485 Quapmpter
3570 434 3650 485 p0-

2074 495 2366 550 tueruutab
2382 496 2463 551 eis
2476 498 2717 568 accipere
2730 499 2930 566 caueri,
2942 516 3064 557 eum
3084 502 3149 557 ad
3171 513 3410 560 nostrum
3433 520 3660 564 cenam-

2074 585 2203 639 tium
2227 602 2331 640 non
2362 588 2733 656 accessissent,
2758 591 2905 662 quod
2926 592 3001 647 illi
3028 608 3133 648 non
3150 595 3460 665 amiserant,
3485 613 3608 654 cum
3626 617 3652 654 ει

2073 684 2255 731 nostro
2269 679 2539 734 consortio
2553 681 2920 737 recessissent.
2932 684 3133 752 Quibus
3147 684 3314 741 rebus
3324 687 3651 751 ostenditur.

2072 775 2129 821 et
2155 767 2297 837 ipsos
2318 768 2479 839 impie
2521 769 2698 828 facere
2722 773 2811 843 qui
2852 773 3181 843 rebaptizare
3199 786 3463 834 conantur
3509 780 3653 837 orbis

2073 858 2350 924 unitatem,
2375 869 2428 915 et
2458 876 2555 915 nos
2583 872 2731 919 recte
2768 863 2941 919 facere
2964 865 3054 934 qui
3077 865 3169 921 Dei
3189 866 3533 926 Sacramenta
3556 870 3654 926 im-

2071 946 2301 1018 probare
2329 963 2430 1005 nec
2451 950 2503 1005 in
2528 951 2641 1021 ipso
2667 953 2958 1009 schismate
2983 955 3265 1013 audemus.
3295 958 3354 1014 in
3378 974 3486 1031 quo
3509 962 3654 1018 enim

2074 1038 2347 1095 uobiscum
2382 1041 2640 1111 sentiunt,
2670 1043 2725 1098 iu
2756 1059 2826 1100 eo
2874 1046 3035 1102 etiam
3078 1048 3361 1107 nobiseum
3400 1062 3533 1108 aut
3557 1069 3573 1109 :
3601 1054 3656 1110 in

2072 1146 2139 1187 eo
2160 1141 2339 1188 autem
2365 1147 2396 1189 a
2422 1133 2576 1191 nobis
2605 1147 2962 1203 recesserunt,
2993 1139 3048 1193 in
3073 1154 3228 1209 quoa
3258 1141 3415 1201 nobis
3444 1144 3654 1201 dissen-

2075 1222 2231 1275 tiunt.
2258 1221 2372 1278 Non
2398 1222 2542 1279 enim
2570 1238 2817 1281 accessus
2839 1226 2942 1282 iste
2962 1237 3121 1297 atque
3166 1228 3436 1287 distaessu
3474 1247 3658 1305 σοι-ὀι

2075 1313 2275 1371 ratibus
2313 1314 2565 1381 motibus,
2610 1324 2794 1371 etnon
2824 1317 3186 1387 spiritalibus
3203 1328 3291 1375 est
3335 1322 3656 1379 metiendos.

2072 1404 2220 1460 Sicut
2238 1404 2381 1460 enim
2404 1405 2713 1476 coniunctio
2750 1422 3035 1477 corporum
3059 1408 3122 1464 tit
3163 1422 3260 1479 per
3300 1411 3657 1469 continuan-

2075 1511 2197 1550 ucm
2240 1495 2498 1562 locorum,
2548 1497 2630 1553 sic
2663 1497 3216 1569 animorum‘quidam
3251 1509 3531 1559 conuictus
3576 1516 3660 1560 est

2074 1588 2356 1645 consensio
2370 1589 2723 1645 voluntatum.
2755 1588 2812 1646 Si
2840 1605 2969 1661 ergo
2990 1591 3080 1661 qui
3096 1593 3325 1649 recessit
3350 1593 3419 1649 ab
3435 1596 3655 1660 unitate,

2075 1677 2275 1747 aliquid
2328 1677 2471 1734 aliud
2533 1693 2692 1749 agerc
2758 1679 3006 1746 voluerit,
3047 1695 3208 1751 quam
3259 1682 3401 1753 quod
3448 1684 3502 1739 in
3542 1687 3661 1742 unl-

2073 1777 2183 1824 tate
2210 1770 2469 1840 percepit,
2497 1771 2549 1826 in
2575 1787 2642 1827 eo
2686 1771 2892 1827 recedit
2931 1773 3439 1847 atque'disjungitur
3467 1795 3482 1832 :
3514 1780 3655 1848 quod

2074 1870 2252 1915 autem
2302 1861 2373 1915 ita
2410 1860 2524 1914 vult
2564 1875 2724 1931 agere
2761 1862 2899 1917 sicut
2946 1863 3000 1918 in
3056 1863 3260 1920 unitate
3305 1867 3512 1936 agitur,
3565 1869 3659 1925 ubi

2076 1950 2179 2008 hoc
2207 1953 2415 2022 accepit
2466 1962 2522 2009 et
2565 1952 2769 2018 didicit,
2818 1954 2872 2008 in
2898 1968 2967 2009 eo
3010 1964 3190 2011 manet
3235 1965 3396 2028 atque
3427 1961 3661 2030 conjun-

2074 2044 2236 2112 gitur.

2146 2135 2374 2194 CAPUT
2398 2136 2628 2194 n._..3.
2678 2137 2862 2209 tum
2901 2138 2991 2195 isti
3037 2139 3092 2194 in
3135 2141 3450 2211 gummis
3501 2144 3660 2200 rebus

2076 2228 2353 2283 nobiscum
2388 2239 2534 2294 sunt,
2572 2229 2625 2285 in
2653 2229 2968 2300 quibusdam
2992 2245 3170 2287 veroa
3200 2234 3357 2289 nobis
3390 2234 3653 2300 exierunt.

2076 2320 2308 2377 Prohide
2335 2321 2423 2377 illa
2452 2321 2503 2377 in
2531 2322 2727 2393 quibus
2751 2322 3032 2379 nobiseum
3061 2333 3211 2391 sunt,
3241 2340 3337 2381 eos
3359 2341 3518 2398 agere
3553 2342 3656 2386 nou

2075 2414 2433 2469 vetamus:in
2467 2414 2660 2483 quibus
2697 2422 2876 2470 autem
2932 2414 3213 2471 nobiscum
3258 2432 3364 2473 non
3407 2427 3550 2484 sunt,
3602 2431 3660 2475 ut

2076 2507 2339 2563 veniendo
2366 2508 2646 2578 accipiant,
2680 2508 2763 2563 vel
2794 2508 3068 2565 redeundo
3092 2509 3369 2580 recipiant,
3402 2511 3656 2567 adhorta-

2075 2615 2228 2664 mur;
2260 2608 2315 2654 et
2337 2599 2533 2670 quibus
2561 2598 2735 2654 modis
2754 2610 3058 2670 possumus,
3079 2608 3141 2655 ut
3164 2598 3216 2655 id
3235 2600 3436 2670 eligant
3470 2616 3655 2657 einen-

2075 2690 2182 2745 dati
2202 2698 2361 2760 atque
2384 2691 2633 2757 correcti,
2660 2705 2783 2746 com
2803 2691 3064 2746 charitate
3085 2690 3395 2761 satagimus.
3435 2692 3551 2748 Non
3578 2694 3657 2749 eis

2077 2780 2251 2850 itaque
2279 2780 2526 2848 dicimus,
2556 2780 2731 2835 Nolite
2751 2781 2881 2836 dare
2907 2797 2921 2833 :
2955 2781 3075 2847 sed,
3102 2780 3269 2836 nolite
3289 2782 3343 2836 in
3370 2783 3658 2839 schismate

2074 2869 2222 2925 dare.
2240 2869 2353 2926 Nec
2377 2871 2456 2926 eis
2491 2885 2628 2941 quos
2666 2871 2915 2926 videntur
2935 2868 3248 2941 baptizatnri
3276 2872 3525 2937 dicimus,
3558 2873 3657 2927 No-

2075 2961 2167 3016 lite
2191 2962 2433 3032 accipere
2460 2979 2476 3017 :
2506 2961 2619 3028 sed,
2642 2961 2818 3017 Nolite
2843 2961 2895 3016 in
2917 2961 3203 3017 schismate
3229 2964 3493 3033 accipere.
3520 2963 3652 3020 Nam

2071 3053 2117 3106 si
2143 3066 2301 3123 quem
2325 3052 2460 3108 forte
2478 3053 2715 3123 coegerit
2735 3059 2972 3107 extrema
3002 3053 3315 3121 necessitas,
3336 3053 3425 3108 ubi
3471 3053 3657 3110 catho-

2072 3141 2231 3201 licum
2258 3158 2360 3216 per
2385 3158 2544 3214 quem
2583 3144 2808 3214 accipiat
2840 3158 2947 3199 non
2984 3144 3269 3212 invenerit,
3296 3153 3354 3201 et
3395 3144 3450 3201 in
3477 3144 3655 3202 animo

2071 3250 2203 3307 pace
2219 3235 2481 3292 catholica
2499 3234 2763 3291 custodita
2791 3248 2890 3304 per
2930 3235 3162 3306 aliquem
3208 3244 3359 3291 extra
3397 3236 3652 3293 unitatem

2070 3325 2383 3381 catholicam
2434 3325 2662 3395 positum
2712 3326 2997 3394 acceperit,
3027 3323 3169 3395 quod
3198 3335 3314 3381 erat
3339 3325 3391 3380 in
3422 3326 3535 3393 ipsa
3560 3341 3622 3383 ca

2072 3415 2266 3471 tholiea
2311 3415 2514 3470 unitate
2540 3423 2886 3485 accepturus;
2932 3415 2977 3469 si
3025 3415 3205 3470 statim
3243 3415 3404 3469 etiam
3444 3415 3515 3471 de
3557 3418 3654 3470 hae

2067 3510 2173 3564 vita
2221 3508 2547 3579 migraverit,
2588 3521 2693 3562 non
2741 3522 2862 3561 cum
2916 3507 3019 3563 nisi
3060 3506 3383 3563 catholicum
3428 3507 3652 3579 deputa-

2067 3615 2206 3657 mus.
2252 3599 2307 3656 Si
2353 3611 2529 3655 autem
2578 3596 2739 3653 fuerit
2776 3614 2807 3652 a
2846 3599 3111 3669 corporali
3162 3607 3334 3655 morte
3372 3599 3651 3666 liberatus,

2067 3707 2187 3748 cum
2218 3706 2277 3747 se
2303 3691 2581 3745 catholicae
2607 3689 3005 3760 congregationi
3033 3689 3195 3745 etiam
3225 3690 3487 3762 corporali
3515 3704 3654 3762 pm-

2066 3782 2235 3836 seutia
2262 3780 2573 3844 reddiderit,
2605 3780 2748 3833 unde
2799 3795 3071 3849 nunquam
3119 3778 3280 3834 corde
3306 3779 3649 3845 discesserat,

2069 3884 2175 3922 non
2195 3870 2367 3922 solum
2395 3882 2500 3921 non
2527 3868 2888 3935 improbemus
2914 3870 3056 3938 quod
3087 3868 3231 3932 fecit,
3260 3871 3356 3925 sed
3377 3872 3537 3925 etiam
3560 3886 3654 3928 ae-

2066 3958 2345 4013 curissime
2390 3954 2770 4025 verissimeque
2804 3956 3077 4011 laudamus
3106 3973 3121 4023 ;
3152 3956 3275 4027 quia
3334 3971 3651 4029 praesentem

2069 4047 2234 4103 Deum
2261 4044 2486 4102 credidit
2530 4044 2680 4101 cordi
2718 4060 2834 4111 suo,
2862 4046 2952 4102 ubi
2977 4047 3234 4102 unitatem
3268 4048 3547 4117 servabat;
3598 4063 3652 4107 et
3728 4120 3732 4124 Α

2065 4139 2182 4193 sine
2226 4138 2396 4193 sancti
2443 4136 2697 4208 Baptismi
2739 4146 3096 4206 sacramento,
3136 4138 3279 4209 quod
3327 4139 3650 4212 ubicumque
3738 4130 3749 4141 ’

2065 4231 2287 4294 invenit,
2318 4245 2425 4284 non
2460 4229 2761 4293 hominum,
2792 4229 2886 4285 sed
2920 4229 3013 4285 Dei
3040 4243 3160 4286 esse
3190 4231 3460 4301 cognovit,
3482 4231 3650 4287 noluit

2065 4338 2132 4376 ex
2153 4321 2253 4377 hac
2278 4322 2384 4375 vita
2413 4321 2661 4390 migrare.
2683 4319 2739 4376 Si
2765 4320 2886 4392 quis
2905 4330 3083 4377 autem
3107 4336 3230 4376 eum
3262 4322 3432 4393 possit
3457 4323 3510 4378 in
3536 4324 3646 4395 ipsa

2064 4412 2333 4468 Catholica
2354 4412 2617 4481 accipere,
2646 4427 2742 4482 per
2766 4412 2996 4481 aliquam
3026 4413 3221 4469 mentis
3243 4417 3646 4484 perversitatem

2064 4505 2213 4574 eligit
2240 4504 2293 4559 in
2337 4502 2630 4557 schismate
2659 4502 2951 4571 baptizari:
2982 4504 3191 4559 etiamsi
3243 4513 3425 4574 postea
3464 4506 3648 4562 venire

2063 4593 2131 4649 ad
2169 4592 2496 4649 Catholicam
2523 4592 2740 4662 cogitat,
2781 4592 2901 4661 quia
2930 4602 3107 4649 certes
3154 4603 3238 4649 est
3276 4595 3347 4649 ibi
3391 4596 3647 4665 prodesse

2064 4683 2507 4746 Saeramentum,
2579 4680 2719 4751 quod
2771 4682 2896 4737 alibi
2945 4683 3114 4752 accipi
3168 4683 3383 4755 quidem
3432 4694 3644 4756 potest,

2064 4773 2319 4846 prodesse
2366 4783 2543 4828 autem
2583 4788 2689 4828 non
2734 4781 2940 4843 potest;
2985 4773 3173 4844 procul
3223 4773 3388 4830 dubio
3426 4791 3646 4847 pet-ver-

2062 4879 2158 4920 sus
2197 4872 2253 4920 et
2308 4862 2521 4933 iniquus
2569 4872 2672 4930 est,
2736 4872 2793 4918 et
2841 4872 2988 4919 tanto
3050 4863 3401 4934 perniciosius
3446 4877 3646 4938 quanto

2062 4955 2335 5011 scientius.
2367 4953 2442 5008 Ita
2461 4955 2603 5010 enim
2623 4948 2730 5010 non
2757 4954 2962 5011 dubitat
2986 4965 3132 5013 recte
3159 4957 3268 5013 illic
3289 4960 3480 5030 accipi,
3506 4961 3647 5015 sicut

2064 5062 2169 5102 non
2206 5047 2412 5103 dubitat
2469 5047 2577 5102 illic
2634 5046 2890 5117 prodesse
2938 5047 3101 5104 etiam
3144 5049 3291 5120 quod
3314 5049 3443 5105 alibi
3493 5064 3645 5109 acce-

2063 5138 2216 5207 perit.

2131 5248 2357 5306 CAPUT
2395 5246 2481 5304 lli.
2511 5279 2583 5290 —
2605 5248 2661 5304 4.
2691 5246 2805 5305 Duo
2825 5259 2947 5305 sunt
2970 5252 3130 5307 etiam
3157 5268 3277 5323 quae
3304 5252 3552 5318 dicimus,
3591 5263 3646 5308 et

2060 5356 2180 5397 esse
2207 5344 2257 5394 in
2298 5341 2568 5396 Catholica
2612 5340 2962 5411 Baptismum,
3020 5351 3076 5397 et
3101 5342 3212 5397 illic
3250 5351 3644 5398 tantum.reete

2061 5433 2226 5502 accipi
2255 5450 2269 5486 :
2298 5442 2581 5501 utrumque
2604 5430 2793 5486 horum
2823 5434 3113 5489 Donatistae
3144 5440 3356 5504 negant.
3386 5431 3516 5489 Item
3541 5436 3643 5489 alia

2059 5525 2165 5589 duo
2184 5523 2426 5585 dicimus,
2456 5537 2576 5579 esse
2617 5522 2756 5594 apud
2808 5525 3108 5579 Donatistas
3151 5525 3503 5594 Baptismum,
3539 5541 3641 5583 n0u

2059 5626 2232 5671 autem
2262 5614 2371 5669 illic
2408 5624 2555 5669 recte
2600 5613 2769 5684 accipi
2806 5633 2820 5670 :
2854 5615 3042 5670 horum
3082 5616 3309 5670 duorum
3366 5616 3438 5672 illi
3478 5633 3639 5673 unum

2063 5719 2379 5775 magnopere
2408 5703 2693 5772 afﬁrmant,
2719 5705 2769 5759 id
2791 5715 2892 5772 est,
2917 5720 3035 5759 esse
3061 5704 3128 5759 ibi
3157 5706 3481 5775 Baptismum
3502 5726 3516 5774 ;
3537 5722 3641 5764 non
