4054 6210
369 293 374 297 ’
400 288 499 348 ΠΙ

395 418 568 461 autem
593 407 695 461 illic
723 411 860 460 recte
887 407 1068 474 accipi,
1103 408 1283 459 nolunt
1308 407 1477 459 fateri.
1514 407 1708 462 llarnm
1741 418 1964 476 quatuor

393 498 768 552 sententiarum
815 506 921 550 tres
967 506 1160 550 nostra:
1196 505 1409 557 tantum
1455 506 1599 564 sunt,
1643 514 1797 551 unam
1844 513 1967 552 vero

393 589 600 657 utrique
626 587 870 641 dicimus.
902 584 1034 640 Nam
1065 600 1183 640 esse
1209 586 1261 640 in
1307 586 1573 641 Catholica
1615 588 1961 657 Baptismum,

391 689 444 732 et
466 690 612 734 recte
641 679 746 733 illic
765 677 951 746 accipi,
992 685 1046 731 et
1073 677 1208 746 apud
1242 678 1542 732 Donatistas
1571 695 1674 733 non
1705 687 1849 734 recte
1869 694 1961 734 ac-

389 767 514 834 cipi,
557 781 652 820 nos
686 774 888 820 tantum
937 766 1162 820 dicimus
1195 786 1208 822 :
1237 781 1356 822 esse
1393 784 1516 821 vero
1544 769 1963 838 'Baptismum‘et

389 857 526 924 apud
560 856 879 921 Donatistas,
911 867 964 910 et
991 857 1064 910 illi
1089 867 1351 923 asserunt,
1401 865 1454 912 et
1475 873 1571 912 nos
1599 859 1959 914 concedimus.

387 947 635 1016 Quisquis
673 959 802 1015 ergo
831 946 940 1000 vult
975 946 1249 1014 baptizari,
1292 955 1347 1002 et
1384 958 1565 1002 certus
1603 956 1683 1001 est
1726 947 1835 1017 jam
1861 949 1960 1001 sibi

391 1047 623 1091 nostram
652 1037 941 1091 Ecclesiam
973 1037 1037 1090 ad
1067 1037 1406 1090 christianam
1429 1038 1652 1092 salutem
1688 1053 1807 1092 esse
1828 1039 1961 1093 deli-

387 1125 612 1194 gendam
641 1128 680 1191 ³,
703 1135 757 1179 et
793 1126 842 1179 in
871 1141 932 1180 ea
966 1127 1075 1179 sola
1125 1126 1378 1195 prodesse
1423 1126 1960 1197 baptismum'Christi

389 1220 591 1274 etiamsi
617 1219 740 1272 alibi
770 1227 1042 1288 acceptum
1081 1219 1263 1279 fuerit;
1296 1218 1387 1273 sed
1417 1219 1536 1273 ideo
1567 1218 1620 1272 in
1673 1227 1821 1288 parte
1853 1219 1959 1273 Do-

391 1311 494 1362 nati
519 1310 625 1362 vult
669 1309 943 1378 baptizari,
975 1308 1096 1377 quia
1135 1322 1254 1362 esse
1299 1308 1370 1362 ibi
1399 1309 1721 1378 Baptismum
1752 1324 1856 1362 non
1883 1309 1958 1363 illi

388 1401 486 1453 soli
539 1414 709 1468 neque
753 1413 850 1453 nos
887 1399 1004 1465 soli,
1051 1399 1143 1452 sed
1177 1400 1384 1468 utrique
1428 1399 1653 1454 dicimus
1684 1400 1960 1454 :attcndat

389 1494 490 1545 alia
522 1493 637 1545 tria.
661 1493 714 1546 Si
741 1492 881 1544 enim
920 1507 1017 1544 nos
1039 1491 1195 1560 elegit
1238 1492 1387 1560 sequi
1421 1492 1471 1544 iu
1517 1493 1578 1545 iis
1609 1508 1725 1561 qua:
1755 1493 1826 1546 illi
1854 1508 1956 1545 non

388 1585 589 1649 dicunt,
631 1598 692 1636 ea
721 1597 850 1636 vero
891 1597 1010 1652 quae
1053 1583 1262 1652 utrique
1300 1582 1549 1648 dicimus,
1590 1584 1848 1652 prazpouit
1876 1582 1959 1635 his

385 1690 502 1741 quae
541 1689 637 1726 nos
691 1673 789 1726 soli
831 1672 1084 1735 dicimus;
1121 1673 1249 1726 satis
1269 1680 1350 1727 est
1379 1674 1529 1727 nobis
1558 1674 1698 1743 quod
1744 1689 1805 1726 ca
1840 1689 1958 1743 qua:

387 1767 458 1817 illi
486 1780 586 1816 non
612 1765 815 1829 dicunt,
839 1772 893 1816 et
926 1778 1022 1817 nos
1051 1763 1148 1816 soli
1180 1763 1425 1828 dicimus,
1461 1765 1718 1833 praeponit
1737 1764 1813 1818 eis
1840 1779 1959 1833 qua:

387 1855 460 1908 iiii
489 1856 584 1908 soli
615 1855 814 1908 dicunt.
855 1855 983 1907 Esse
1021 1863 1194 1907 autem
1235 1855 1286 1907 in
1317 1854 1583 1908 Catholica
1607 1855 1954 1923 Baptismum,

388 1961 482 1999 no;
509 1947 750 2007 dicimus,
781 1945 853 1998 illi
887 1960 1000 1999 non
1026 1945 1228 2000 dicunt.
1265 1945 1429 1998 Recte
1457 1947 1621 2016 accipi
1669 1948 1719 1999 in
1759 1947 1955 2001 Catho-

389 2038 482 2088 lica
525 2037 872 2105 Baptismum,
922 2050 1017 2088 nos
1073 2035 1317 2101 dicimus,
1348 2035 1421 2088 illi
1453 2051 1557 2088 non
1603 2035 1804 2090 dicunt.
1842 2037 1955 2091 Non

362 2135 527 2180 recte
543 2127 710 2194 accipi
743 2128 793 2180 in
816 2135 964 2196 parte
1003 2127 1188 2181 Donati
1214 2128 1557 2198 Baptismum,
1579 2143 1680 2182 nos
1709 2129 1954 2194 dicimus,

383 2217 458 2268 illi
488 2231 589 2267 non
617 2215 819 2268 dicunt.
867 2201 1010 2270 Sicut
1035 2231 1161 2285 ergo
1215 2216 1264 2269 id
1297 2217 1468 2285 potius
1497 2217 1667 2270 credit
1693 2217 1830 2287 quod
1861 2233 1958 2271 nos

384 2305 480 2358 soli
507 2304 730 2360 dicimus
779 2320 898 2359 esse
942 2304 1297 2369 credendum;
1345 2307 1411 2358 ita
1442 2305 1541 2360 hoc
1582 2308 1756 2375 potius
1805 2306 1959 2360 faciat

361 2393 522 2459 upiod
554 2408 650 2447 nos
685 2394 783 2448 soli
813 2394 1041 2448 dicimus
1070 2408 1189 2448 esse
1233 2394 1548 2449 faciendum.
1599 2395 1748 2461 Quod
1785 2405 1957 2450 autem

389 2485 594 2553 utrique
619 2499 737 2537 esse
783 2483 1103 2538 credendum
1142 2484 1388 2549 dicimus,
1431 2485 1550 2549 hoc,
1575 2485 1618 2538 si
1666 2485 1734 2538 ita
1791 2497 1955 2554 putat,

389 2574 654 2630 robustius
678 2574 878 2640 credat;
920 2590 1074 2644 quam
1103 2575 1153 2629 id
1180 2575 1320 2646 quod
1357 2591 1387 2628 a
1410 2576 1537 2630 solis
1566 2577 1717 2630 nobis
1743 2575 1955 2632 dicitur.

345 2684 364 2709 η.
391 2664 673 2720 ttobustius
695 2665 838 2726 enim
863 2665 1157 2720 crediturus
1179 2677 1258 2719 est
1281 2681 1398 2720 esse
1421 2665 1742 2735 Baptismum
1763 2667 1958 2720 Christi

345 2780 347 2782 -
389 2758 438 2808 in
469 2765 616 2824 parte
657 2755 870 2822 Donati,
913 2756 1051 2825 quod
1090 2756 1155 2809 ab
1179 2757 1416 2825 utrisque
1461 2765 1697 2809 nostrum
1743 2755 1958 2820 dicitur,»

385 2861 544 2913 quam
562 2861 683 2901 esse
711 2846 1036 2914 Baptismum
1063 2845 1114 2900 in
1140 2845 1432 2910 Catholica,
1457 2846 1596 2915 quod
1619 2861 1646 2898 a
1682 2845 1959 2900 catholicis

369 2937 753 2992 -tantummodo
781 2938 992 2992 dicitur.
1016 2937 1120 2992 Sed
1153 2951 1335 2992 rursus
1361 2937 1528 3006 magis
1555 2937 1852 2992 crediturus
1879 2945 1961 2990 est

343 3009 506 3083 'esse
553 3029 878 3097 Balitismum
927 3028 1120 3082 Christi
1155 3030 1313 3081 etiam
1344 3028 1480 3096 apud
1515 3042 1631 3092 nos,
1677 3027 1818 3097 quod
1863 3044 1960 3083 nos

386 3121 487 3174 soli
513 3119 760 3183 dicimus,
783 3133 939 3186 quam
971 3135 1075 3171 non
1107 3133 1225 3172 esse
1253 3118 1390 3187 apud
1413 3133 1539 3184 suos,
1569 3119 1709 3188 quod
1749 3119 1822 3172 illi
1861 3121 1957 3174 soli

386 3212 585 3264 dicunt.
605 3208 726 3263 Jam
755 3208 895 3262 enim
917 3207 1150 3262 decrevit
1166 3218 1216 3260 et
1237 3217 1415 3262 certus
1439 3216 1540 3269 est,
1568 3209 1618 3262 in
1640 3209 1829 3279 quibus
1853 3209 1960 3264 dis-

388 3300 664 3364 sentimus,
699 3313 798 3351 nns
823 3298 928 3350 illis
949 3312 1070 3352 esse
1097 3298 1501 3368 pra'ponendos.
1546 3297 1618 3352 Ita
1640 3314 1785 3368 ergo,
1817 3300 1955 3370 quod

389 3406 486 3444 nos
512 3391 610 3444 soli
637 3389 879 3450 dicimus,
914 3395 1060 3442 recte
1090 3389 1231 3456 apud
1257 3402 1354 3442 nos
1381 3389 1568 3458 accipi,
1599 3390 1766 3458 magis
1785 3389 1956 3445 credi-

389 3495 538 3538 turus
563 3491 666 3546 est,
688 3496 848 3551 quam
877 3495 980 3534 non
1015 3487 1160 3534 recte
1192 3479 1330 3548 apud
1361 3494 1457 3534 nos
1477 3479 1665 3549 accipi,
1709 3481 1828 3550 quia
1857 3481 1958 3534 hoc

388 3575 460 3628 illi
487 3573 585 3627 suli
606 3572 805 3626 dicunt.
840 3570 1038 3626 Eadem
1066 3569 1268 3638 regula,
1293 3569 1432 3639 quod
1465 3585 1561 3624 nos
1587 3569 1688 3624 soli
1709 3571 1953 3637 dicimus,

387 3679 491 3718 non
537 3672 683 3717 recte
731 3660 871 3729 apud
915 3660 1034 3714 illos
1083 3658 1272 3728 accipi,
1323 3659 1489 3729 magis
1525 3659 1821 3714 crediturus
1854 3671 1954 3725 est,

385 3769 543 3822 quam
570 3752 621 3806 id
648 3750 788 3822 quod
819 3751 892 3804 illi
925 3751 1022 3806 soli
1054 3750 1253 3814 dicunt,
1287 3749 1338 3803 id
1365 3759 1468 3816 est,
1490 3759 1637 3806 recte
1662 3751 1799 3821 apud
1841 3753 1956 3808 illos

367 3845 572 3914 accipi.
606 3843 819 3898 Frustra
862 3844 1036 3912 itaque
1079 3841 1176 3897 sibi
1231 3841 1435 3896 videtur
1485 3855 1705 3896 securus
1732 3843 1797 3896 ibi
1819 3845 1956 3898 acci-

407 3951 534 4002 iere,
559 3935 698 4005 quod
733 3948 852 3990 esse
889 3933 1100 4004 quidem
1147 3934 1215 3988 ibi
1248 3935 1456 4003 utrique
1498 3934 1742 4001 dicimus,
1766 3935 1859 3990 sed
1882 3936 1953 3990 ibi

417 4042 502 4082 sse
523 4025 888 4096 accipiendum
932 4041 1034 4080 non
1064 4025 1271 4094 utrique
1300 4025 1546 4078 dicimus.
1579 4025 1748 4096 Elegit
1777 4038 1953 4082 autem

388 4117 593 4185 .pse.in
623 4131 688 4172 co
729 4116 869 4186 quod
911 4132 1013 4170 non
1050 4116 1256 4183 utrique
1299 4113 1544 4174 dicimus,
1589 4117 1738 4170 nobis
1783 4119 1955 4185 potius

387 4207 668 4262 inhaarerc.
699 4206 793 4259 llic
833 4219 962 4274 ergo
1003 4217 1222 4258 securus
1257 4202 1501 4273 accipiat,
1542 4203 1629 4258 ubi
1681 4212 1878 4261 etesse
1901 4218 1957 4263 et

388 4307 533 4352 recte
583 4295 751 4363 accipi
797 4303 977 4349 certus
1027 4301 1152 4347 est:
1188 4291 1296 4347 illic
1343 4303 1518 4348 autem
1557 4309 1661 4348 non
1707 4297 1950 4366 accipiat,

381 4386 522 4456 quod
547 4398 667 4439 esse
689 4383 757 4438 ibi
779 4383 990 4452 quidem
1009 4381 1211 4449 dicunt,
1241 4383 1334 4437 sed
1357 4384 1426 4437 ibi
1453 4385 1815 4454 accipiendum
1836 4404 1955 4444 esse

387 4491 490 4530 non
539 4475 750 4539 dicunt,
802 4488 1024 4543 quorum
1090 4475 1408 4528 sententiam
1456 4473 1692 4530 decrevit
1731 4478 1950 4547 eligere.

373 4569 694 4634 Quanquam
716 4563 875 4618 etiam
912 4562 957 4617 si
995 4562 1212 4617 dubium
1265 4564 1502 4629 haberet,
1532 4580 1638 4620 non
1670 4567 1777 4623 illic
1811 4579 1954 4626 recte

384 4658 548 4726 accipi
571 4656 710 4726 quod
739 4657 789 4710 in
827 4654 1098 4709 Catholica
1127 4665 1270 4709 recte
1299 4655 1463 4726 accipi
1485 4667 1687 4712 certum
1715 4661 1952 4728 haberet,

381 4748 614 4816 graviter
651 4754 915 4815 peccaret,
939 4746 992 4798 in
1021 4747 1178 4799 rebus
1201 4745 1269 4799 ad
1299 4747 1521 4801 salutem
1563 4749 1756 4803 animae
1791 4754 1953 4822 perti-

386 4836 655 4904 neutibus,
681 4836 764 4890 vel
786 4850 850 4891 eo
871 4836 986 4891 solo
1012 4836 1151 4905 quod
1177 4837 1335 4890 certis
1368 4837 1563 4892 incerta
1591 4853 1948 4911 pra-poneret.

386 4931 549 4986 iiecte
577 4929 769 4998 quippe
798 4927 1063 4996 hominem
1105 4927 1156 4980 in
1184 4927 1420 4983 Ecclesia
1475 4932 1734 4988 catlwlica
1787 4936 1954 5005 bapti-

321 5042 325 5046 ·
387 5022 488 5075 zari
517 5034 583 5074 eo
625 5019 739 5088 ipso
767 5029 944 5072 certus
984 5027 1086 5081 est,
1138 5018 1278 5087 quod
1314 5021 1470 5074 etiam
1508 5022 1630 5076 alibi
1662 5024 1953 5094 baptizatus

386 5112 485 5166 huc
511 5110 736 5164 transire
760 5108 1008 5162 decrevit.
1043 5107 1154 5161 Non
1193 5117 1336 5163 recte
1373 5119 1548 5165 autem
1595 5113 1733 5180 apud
1776 5115 1950 5169 Dona-

389 5206 530 5256 tistas
565 5201 831 5254 hominem
866 5199 1139 5269 baptizari,
1191 5200 1379 5256 saltem
1431 5201 1687 5256 incertum
1739 5204 1948 5272 habeat,

383 5308 497 5345 cum
530 5291 629 5345 hoc
653 5290 723 5344 illi
745 5289 940 5349 dicant,
959 5304 1180 5358 quorum
1203 5293 1516 5345 sententiun
1551 5292 1832 5351 Donatistis
1858 5315 1951 5353 an-

383 5392 395 5432 t
437 5382 729 5450 ponendam
785 5395 902 5434 esse
953 5389 1154 5433 certum
1213 5381 1368 5436 habet
1407 5405 1418 5434 ,ν
1450 5395 1503 5438 et
1544 5387 1756 5442 incertis
1803 5399 1950 5445 certa

383 5473 709 5540 praeferendo
747 5473 830 5527 hic
855 5471 1166 5542 baptizetur,
1211 5475 1297 5529 ubi
1337 5488 1615 5546 pmptcrca
1662 5495 1838 5536 (Ὧι-ηις
1868 5494 1950 5538 cst

443 5628 459 5658 ι
489 5625 634 5694 ttditi,
660 5625 966 5694 diligendum.
1015 5625 1181 5694 melius
1203 5629 1560 5694 Levaniensium
1579 5631 1780 5694 judicio,
1826 5635 1945 5686 (lcti-

377 5688 582 5752 gendani
609 5699 625 5734 :
652 5695 702 5735 et
730 5690 799 5736 sic
822 5695 960 5738 vetus
976 5688 1125 5738 codex
1154 5696 1316 5737 noster
1343 5688 1654 5752 netnigiaaiis.

1133 293 1216 346 ut:
1257 292 1590 348 Barrtsno
1627 285 1897 348 izoNTna
1941 287 2380 362 DUN.-\TIST.—\S,
2423 300 2478 353 s.
2525 291 2882 356 AUC‘US’HNI

3552 307 3652 361 ΗΞ

2081 419 2223 464 recte
2256 411 2388 476 iieri,
2414 414 2532 482 quia
2563 425 2615 468 ct
2645 432 2760 469 cum
2811 409 2932 470 alibi
2980 419 3147 472 faccre
3191 421 3451 489 Cogitabat
3484 425 3518 488 ',
3551 425 3648 478 huc

2077 503 2451 556 transeundum
2479 519 2598 557 esse
2619 505 2940 560 decreverat.

2142 591 2366 648 CAPUT
2406 594 2491 646 IV.
2523 625 2595 635 —-
2637 598 2688 650 5.
2716 597 2830 651 Jam
2862 615 2985 652 vero
3012 601 3052 652 si
3098 601 3214 669 quis
3261 619 3361 654 non
3409 603 3648 674 intelligit

2069 683 2334 749 quomodo
2379 686 2487 738 lieri
2528 688 2727 754 possit,
2761 697 2817 740 ut
2845 689 2983 757 quod
3025 690 3092 743 ibi
3135 705 3253 745 esse
3293 683 3645 759 conlitcmur,

2071 786 2172 824 non
2203 771 2269 825 ibi
2297 783 2440 827 recte
2468 773 2582 829 dari
2626 777 2896 842 dicamus;
2937 779 3061 832 illud
3090 781 3323 834 attendat
3346 823 3361 846 ,
3403 785 3522 851 quia
3553 803 3649 838 nec

2068 873 2211 916 recte
2237 861 2307 916 ibi
2337 879 2454 918 esse
2479 865 2701 920 dicimus
2721 910 2734 932 ,
2763 869 2902 937 quod
2943 881 2991 922 et
3021 871 3088 923 illi
3117 867 3297 925 dicunt
3345 875 3395 926 in
3438 873 3518 928 his
3559 883 3645 944 qui

2067 952 2133 1004 ab
2168 967 2350 1008 eorum
2391 958 2764 1011 communione
2797 959 3092 1013 discedunt.
3142 959 3411 1016 Intueatur
3436 966 3458 996 ’
3487 966 3641 1020 etiam

2067 1041 2458 1096 similitudinem
2504 1056 2642 1099 nunc
2686 1048 2960 1111 militaris,
2993 1050 3113 1118 quia
3152 1061 3297 1105 extra
3332 1053 3568 1108 militiam
3611 1075 3643 1110 ιι

2065 1130 2424 1187 desertoribus
2462 1143 2515 1188 et
2556 1135 2737 1190 haberi
2780 1146 2833 1191 et
2874 1140 3037 1208 accipi
3086 1151 3288 1207 petest;
3330 1144 3421 1197 sed
3466 1152 3644 1199 tamen

2063 1230 2212 1276 extra
2237 1225 2473 1278 militiam
2503 1240 2597 1280 nec
2622 1227 2859 1282 habenda
2892 1245 2989 1284 nec
3012 1232 3312 1300 accipienda
3345 1244 3445 1298 est,
3479 1247 3527 1288 et
3562 1252 3635 1288 re-

2063 1312 2222 1367 ducto
2249 1315 2328 1369 vel
2363 1317 2614 1384 perducto
2642 1319 2707 1372 ad
2749 1321 2987 1374 militiam
3019 1339 3114 1376 nec
3143 1326 3388 1378 mutanda
3418 1343 3513 1380 nec
3544 1327 3634 1380 ite-

2064 1404 2226 1457 randa
2268 1417 2368 1459 est.
2399 1407 2773 1464 Verumtamen
2803 1412 2904 1464 alia
2935 1427 3091 1466 causa
3122 1426 3200 1467 cst
3232 1431 3415 1468 eorum
3456 1418 3542 1485 qui
3591 1420 3640 1470 in

2063 1492 2193 1545 istos
2223 1492 2500 1550 Incrcticos
2544 1498 2906 1566 imprudenter
2955 1501 3265 1566 incurrunt,
3314 1505 3479 1573 ipsam
3522 1521 3641 1560 esse

2062 1580 2254 1636 Christi
2287 1584 2574 1640 Ecclesiam
2601 1589 2963 1644 existimantes
2989 1610 3001 1645 :
3032 1593 3130 1646 alia
3153 1608 3335 1646 eorum
3362 1597 3450 1664 qui
3476 1612 3638 1649 nore-

2061 1680 2434 1728 runtnoncsse
2451 1678 2759 1731 catholicam
2789 1679 3100 1745 Ecclesiam,
3123 1685 3218 1735 nisi
3237 1701 3351 1737 eam
3379 1702 3515 1755 qum,
3539 1688 3639 1742 sic-

2064 1772 2116 1814 ut
2155 1765 2413 1832 promissa
2481 1777 2561 1820 est
2587 1809 2602 1832 ,
2648 1779 2756 1822 toto
2797 1780 3055 1825 terrarum
3095 1775 3224 1828 orbe
3253 1775 3558 1831 diffunditur
3585 1789 3638 1834 et

2059 1854 2360 1908 extenditur
2381 1872 2555 1925 usque
2591 1858 2653 1912 ad
2681 1859 2817 1915 lines
2849 1871 3032 1924 terrm,
3075 1880 3192 1930 quae
3232 1881 3477 1922 crescens
3505 1870 3638 1923 inter

2061 1944 2256 1996 zizania
2288 1953 2340 1998 et
2369 1945 2418 1998 in
2449 1947 2604 2000 tmdio
2627 1950 3002 2005 scandalorum
3026 1955 3259 2023 requiem
3289 1957 3513 2010 futuram
3543 1960 3636 2012 de-

2061 2032 2327 2098 siderans,
2357 2036 2483 2090 dicit
2513 2038 2562 2090 in
2596 2038 2817 2092 PSaImis
2837 2081 2850 2105 ,
2882 2041 2923 2093 Α
2962 2043 3144 2110 ﬁnibus
3181 2055 3325 2098 terra:
3351 2049 3418 2099 ad
3455 2059 3502 2101 te
3527 2049 3639 2102 clu-

2061 2126 2222 2189 nmvi;
2253 2127 2372 2178 dum
2398 2128 2597 2182 traderet
2635 2132 2806 2184 anima
2847 2148 2988 2198 mea,
3024 2134 3076 2187 in
3115 2147 3256 2205 petra
3285 2139 3517 2192 exaltasti
3540 2157 3635 2194 me.

2057 2213 2212 2268 Petra
2241 2227 2414 2272 autem
2442 2229 2555 2273 erat
2583 2220 2822 2275 Christus
2846 2241 2867 2277 v:
2892 2224 2942 2277 in
2971 2241 3074 2294 quo
3102 2243 3196 2281 nos
3216 2228 3324 2294 jam
3353 2231 3639 2285 resuscita-

2063 2311 2142 2358 tus
2165 2315 2217 2358 et
2247 2307 2297 2358 in
2323 2310 2457 2362 cmlu
2479 2311 2833 2378 considcutcs,
2864 2313 2992 2368 dic-it
3017 2317 3298 2384 Apostolus
3317 2318 3532 2389 (Ephes.
3568 2339 3636 2387 ιι,

2061 2396 2138 2465 6),
2173 2398 2406 2453 nondum
2437 2401 2486 2454 in
2516 2418 2594 2466 re,
2622 2403 2712 2456 sed
2747 2405 2795 2458 in
2825 2421 2936 2475 spe.
2974 2407 3199 2477 ideoque
3224 2412 3462 2479 sequitur
3491 2414 3636 2467 Psal-

2062 2505 2207 2554 Inus,
2240 2501 2291 2544 et
2321 2492 2446 2545 dicit
2478 2510 2489 2544 ε
2521 2493 2786 2548 Dcduxisti
2812 2514 2889 2550 me
2908 2539 2920 2556 ,
2951 2499 3068 2568 quia
3093 2500 3256 2568 [actus
3280 2519 3332 2554 es
3359 2520 3470 2572 δρας
3498 2523 3602 2557 tum
3622 2546 3636 2570 ,

2063 2581 2212 2631 turris
2241 2581 2545 2650 fortitudinis
2570 2602 2598 2636 (ι
2630 2587 2757 2655 facie
2790 2587 2980 2642 inimici
3007 2588 3172 2659 (Psal.
3197 2609 3263 2645 ιι
3286 2634 3300 2655 ,
3344 2595 3377 2647 5
3402 2637 3416 2659 ,
3449 2596 3526 2666 4).
3561 2597 3636 2650 Ex

2064 2670 2200 2724 illius
2227 2673 2246 2701 ³
2271 2674 2463 2742 quippe
2504 2678 2939 2745 prnniissionibus
2966 2693 3206 2753 tanquam
3237 2687 3352 2742 telis
3379 2699 3429 2740 et
3449 2689 3637 2756 jacnlis

2065 2760 2114 2812 in
2145 2763 2270 2815 turri
2309 2766 2657 2822 munitissima
2695 2771 3026 2838 constitutis,
3059 2791 3159 2827 nun
3193 2778 3363 2831 solum
3394 2792 3632 2845 cavetur,

2063 2850 2154 2904 sed
2194 2852 2349 2905 ctiam
2381 2867 2712 2924 expugnatur
2751 2859 3029 2927 inimicus,
3064 2864 3285 2918 induens
3329 2868 3475 2937 lupos
3513 2887 3636 2924 suos

2065 2943 2286 3010 pellibus
2311 2945 2484 2998 ovium
2522 2947 2730 3018 (Matth.
2764 2967 2830 3004 vn
2860 2993 2873 3014 ,
2905 2952 2992 3024 15)
3019 2995 3031 3016 ,
3061 2966 3114 3007 ιιι
3144 2957 3358 3024 dicant,
3409 2960 3536 3014 Ecce
3560 2965 3638 3016 In'c

2062 3043 2132 3085 est
2155 3034 2375 3086 Christus
2399 3076 2412 3099 ,
2443 3053 2552 3090 ecce
2575 3037 2679 3091 illic
2709 3038 2816 3108 (Ιιι.
2856 3058 3015 3107 xxiv,
3057 3045 3184 3111 ‘23);
3215 3059 3263 3100 et
3292 3051 3359 3102 ab
3387 3053 3640 3107 univcrsi-

2064 3133 2166 3177 tatc
2193 3125 2418 3179 civitatis
2443 3143 2604 3196 super
2629 3141 2859 3186 montem
2898 3137 3195 3191 constituta:
3216 3181 3229 3204 ,
3257 3140 3321 3193 ad
3360 3145 3638 3209 particulas

2064 3216 2366 3271 insidiarum
2398 3236 2612 3276 suarum
2644 3224 2835 3280 multos
2855 3239 3133 3294 separent,
3164 3239 3216 3284 et
3246 3233 3512 3302 juguiatos
3549 3237 3637 3302 al)-

2061 3319 2288 3362 sumant.
2324 3311 2387 3363 Et
2411 3325 2531 3365 cum
2560 3312 2660 3368 hoc
2690 3316 2926 3370 noverint
2955 3359 2967 3382 ,
2999 3319 3198 3388 eligunt
3226 3333 3376 3376 extra
3404 3301 3638 3379 commu-

2062 3399 2272 3452 nionem
2312 3401 2526 3455 unitatis
2551 3406 2789 3472 corporis
2823 3405 3016 3462 Christi
3044 3411 3282 3480 accipere
3315 3414 3637 3484 Bapt'smnm

2060 3486 2273 3552 Christi,
2307 3491 2372 3544 ad
2399 3491 2640 3546 eamdem
2667 3498 3092 3550 communionem
3113 3515 3232 3552 eum
3259 3516 3324 3554 eo
3353 3505 3490 3569 quod
3513 3507 3636 3558 alibi

2059 3581 2360 3648 acceperint
2404 3592 2582 3651 postea
2629 3585 2920 3653 migraturi.
2955 3587 3194 3642 Scientes
3222 3591 3362 3644 enim
3409 3593 3634 3649 habituri

2059 3681 2184 3727 sunt
2207 3673 2462 3728 adversus
2498 3675 2782 3729 Ecclesiam
2813 3675 3009 3732 Chl'iali
3047 3680 3368 3749 Baptismqu
3395 3684 3630 3752 Christi,

2060 3767 2139 3820 rel
2170 3781 2233 3820 eo
2264 3766 2378 3835 ipso
2401 3766 2484 3822 die
2508 3783 2611 3837 quo
2635 3771 2917 3838 accipiunt.
2940 3770 3089 3838 Quod
3120 3775 3162 3826 si
3190 3775 3506 3830 sceleratum
3528 3789 3633 3842 est,

2058 3857 2176 3926 quis
2205 3869 2286 3912 est
2323 3858 2409 3926 qui
2449 3857 2623 3922 dicat,
2665 3859 3008 3914 Pcrmittatur
3052 3863 3177 3915 mihi
3217 3880 3320 3916 uno
3349 3865 3636 3931 diescelus

2057 3950 2375 4005 admittere?
2419 3951 2473 4006 Si
2507 3952 2644 4005 enim
2692 3953 3006 4007 transiturus
3045 3966 3124 4008 est
3166 3956 3230 4009 ad
3271 3956 3591 4012 Catholicam
3617 3983 3655 4022 ,-

2057 4056 2240 4108 quzero
2265 4056 2499 4094 causam.
2538 4042 2672 4108 Quid
2701 4042 2841 4095 aliud
2871 4058 3220 4111 reSpmisurus
3249 4056 3357 4110 est,
3391 4048 3490 4102 nisi
3515 4050 3632 4118 quia

2060 4132 2254 4185 malum
2281 4140 2361 4186 cst
2389 4147 2508 4187 esse
2537 4135 2586 4186 in
2615 4144 2762 4201 parte
2792 4135 2996 4199 Donati,
3021 4145 3072 4190 et
3097 4154 3198 4190 nun
3222 4153 3339 4193 esse
3371 4140 3419 4192 in
3451 4142 3634 4195 catho-

2059 4220 2154 4275 lica
2185 4221 2422 4275 unitate?
2461 4221 2572 4277 lluc
2611 4223 2766 4292 igitur
2795 4226 2986 4278 malum
3024 4236 3152 4294 quot
3179 4227 3365 4282 diebus
3407 4229 3593 4284 feceris
3617 4273 3630 4290 .

2061 4323 2136 4366 tot
2161 4314 2364 4368 dierum
2394 4315 2589 4367 malum
2631 4315 2863 4369 facturus
2886 4331 2945 4369 es
2980 4326 3072 4371 :et
3097 4319 3196 4372 (ii-Ci
3231 4329 3434 4386 potest,
3469 4323 3633 4390 majus

2059 4403 2253 4457 malum
2283 4405 2392 4456 licri
2424 4404 2648 4472 plurium
2680 4403 2906 4464 dierum,
2935 4407 3106 4460 minus
3124 4419 3297 4461 autem
3327 4426 3630 4478 paucorum;

2061 4495 2262 4549 nullum
2315 4505 2489 4548 autem
2549 4495 2742 4549 malum
2799 4498 2908 4551 iieii
2935 4539 2950 4564 ,
2981 4500 3084 4553 dici
3126 4516 3229 4553 non
3278 4514 3468 4572 potest.
3499 4505 3632 4572 Quid

2061 4595 2238 4638 autem
2294 4600 2426 4654 Opus
2475 4594 2556 4639 est
2610 4585 2709 4640 hoc
2758 4595 2861 4640 tam
2931 4589 3254 4644 exsecrabile
3305 4593 3500 4646 malum
3552 4597 3631 4649 vel

2067 4689 2172 4728 uno
2216 4674 2324 4740 die,
2351 4674 2435 4728 vel
2464 4691 2563 4728 una
2594 4675 2720 4730 hora
2767 4678 3136 4733 committere?
3182 4678 3290 4733 lloe
3341 4684 3481 4736 enim
3542 4685 3631 4752 qui

2060 4766 2158 4820 sibi
2191 4765 2410 4822 concedi
2438 4769 2568 4829 vult.
2590 4776 2762 4837 potest
2808 4768 2874 4819 ah
2898 4769 3129 4822 Ecclesia
3158 4771 3239 4824 vel
3283 4772 3350 4825 ab
3379 4773 3490 4840 ipso
3528 4774 3632 4827 Deo

2060 4869 2257 4928 petere,
2289 4869 2344 4913 ut
2367 4859 2469 4914 sibi
2498 4861 2576 4913 vel
2614 4875 2720 4914 uno
2744 4860 2828 4914 die
2871 4872 3168 4928 apustatare
3195 4865 3467 4918 concedat.
3503 4866 3630 4920 Nam

2058 4966 2153 5004 cur
2207 4951 2360 5004 unius
2389 4951 2496 5005 dici
2545 4967 2664 5006 esse
2708 4963 2942 5019 apoStata
2999 4954 3214 5019 timeat,
3245 4965 3297 5009 et
3331 4957 3486 5010 unius
3530 4959 3630 5010 diei

2057 5057 2174 5097 esse
2242 5042 2610 5097 schismaticus
2662 5043 3008 5098 inet-elicusve
3061 5061 3164 5099 non
3233 5047 3434 5112 timeat,
3490 5050 3630 5103 nulla

2057 5150 2214 5190 causa
2249 5146 2349 5189 051.

2125 5226 2350 5280 CAPUT
2385 5225 2442 5277 V.
2471 5255 2540 5264 —
2566 5226 2616 5280 6.
2645 5225 2754 5281 Illic
2778 5269 2790 5287 ,
2821 5227 3020 5297 inquit,
3049 5229 3287 5296 accipere
3325 5230 3482 5281 malui
3505 5271 3518 5291 ,
3545 5230 3629 5282 ubi

2058 5320 2376 5387 Baptisnnnn
2404 5317 2596 5372 Christi
2624 5335 2741 5372 esse
2768 5321 2972 5388 utrique
3004 5323 3358 5373 censeatiunt.
3387 5320 3489 5374 Sed
3528 5322 3632 5372 illic

2107 5516 2132 5588 ,ι
2160 5514 2307 5572 Edili,
2356 5510 2473 5561 alibi
2516 5511 2653 5560 aliter
2691 5513 2866 5572 ficere.
2912 5512 3074 5573 Abest,
3108 5511 3279 5572 aliter,
3318 5524 3343 5560 a
3369 5507 3624 5562 nmuLseri-

2054 5584 2206 5682 Ριιδ”ιιι
2229 5642 2356 5693 uss,
2391 5639 2677 5681 lntttcmttur.

2119 5699 2137 5728 ³
2161 5699 2230 5746 sic
2252 5705 2353 5745 διεδ.
2381 5704 2433 5745 At
2460 5696 2594 5753 editi,
2620 5702 2689 5743 Ex
2712 5694 2823 5744 illis.
