4050 6206
347 421 444 474 ΗΞ

344 550 442 586 non
470 541 611 586 recte
639 531 802 597 accipi
831 572 843 591 ,
883 529 954 582 illi
993 527 1056 581 ad
1087 543 1220 595 quos
1258 526 1575 596 migraturus
1599 541 1656 579 es
1683 525 1864 577 dicunt
1905 540 1916 573 :

343 634 482 676 recte
506 635 631 674 vero
658 620 764 672 illic
793 617 958 687 accipi
980 659 994 680 ,
1024 617 1095 669 illi
1121 631 1150 669 a
1178 616 1369 685 quibus
1401 615 1716 684 migraturus
1759 628 1817 667 es
1844 613 1922 665 di-

348 723 483 767 cunt.
511 709 639 764 Illud
665 710 841 776 itaque
861 706 999 775 quod
1029 708 1077 759 hi
1109 705 1310 771 dicunt,
1341 720 1474 774 quos
1499 705 1609 773 ipse
1641 703 1917 771 postponis

350 803 706 859 emuradieent
729 801 827 854 bus
857 800 960 852 illis
985 813 1116 868 quos
1147 798 1258 867 ipse
1281 798 1588 866 anteponis,
1617 804 1708 849 aut
1735 795 1922 848 falsum

345 904 420 947 cst
442 936 456 957 ,
485 904 572 944 aut
598 934 611 953 ,
641 901 698 944 ut
719 891 898 943 mitius
925 889 1129 942 dicatur
1151 929 1165 952 ,
1201 889 1477 941 incertum.
1511 888 1642 941 Vera
1673 903 1798 956 ergo
1824 886 1922 941 fal-

342 987 412 1036 sis
434 1026 447 1044 ,
487 993 577 1035 aut
611 982 830 1036 incertis
859 989 1001 1033 ocrla
1031 995 1297 1048 praepone.
1329 977 1438 1031 Illic
1467 979 1606 1031 enim
1631 1019 1644 1041 ,
1678 993 1781 1047 quo
1820 976 1920 1029 mi—

344 1083 588 1139 graturus
613 1085 674 1124 es
711 1084 831 1124 eum
860 1067 985 1121 alibi
1027 1069 1326 1134 acceperis,
1373 1078 1514 1122 recte
1561 1081 1714 1135 posse
1756 1067 1920 1134 accipi

342 1160 479 1229 quod
523 1159 796 1213 desideras
819 1199 834 1224 ,
868 1173 972 1210 non
1015 1156 1086 1212 illi
1117 1165 1317 1210 tantum
1346 1157 1410 1210 ad
1436 1172 1571 1226 quos
1594 1157 1914 1210 transiturus

341 1271 433 1317 es,
461 1251 555 1306 sed
579 1262 637 1305 tu
661 1251 775 1319 ipse
799 1249 886 1319 qui
913 1250 1228 1302 transiturus
1255 1263 1315 1302 es
1357 1248 1646 1303 conﬁteris.
1687 1247 1741 1303 Si
1779 1249 1919 1302 enim

343 1351 516 1394 utrum
550 1349 691 1394 recte
719 1339 824 1392 illic
863 1346 1040 1407 posset
1065 1338 1232 1406 accipi
1256 1337 1524 1391 dubitares
1545 1378 1560 1403 ,
1591 1338 1750 1392 etiam
1799 1338 1949 1392 illuc.

344 1431 725 1486 tmnseundum
746 1443 866 1483 esse
886 1427 1175 1482 dubitares.
1205 1428 1462 1497 Accipere
1489 1429 1663 1498 itaque
1695 1430 1742 1482 in
1773 1441 1921 1498 mrte

344 1522 564 1587 Donati,
593 1522 638 1576 si
668 1521 927 1574 incertum
955 1528 1037 1574 est
1065 1534 1184 1574 esse
1215 1529 1524 1588 peccatum;
1560 1521 1677 1590 quis
1719 1521 1921 1575 dubitet

340 1625 546 1668 certum
573 1624 993 1682 essepcecatum
1015 1652 1030 1678 ,
1059 1629 1162 1665 non
1207 1612 1280 1664 ibi
1317 1613 1488 1680 potius
1526 1613 1763 1681 accipere
1782 1653 1799 1678 ,
1833 1613 1918 1665 ubi

341 1716 546 1759 (crtum
571 1716 650 1759 est
679 1723 782 1758 non
809 1720 926 1758 esse
953 1704 1266 1774 peccatum?
1289 1704 1364 1757 llli
1391 1719 1516 1758 vero
1539 1705 1626 1773 qui
1655 1721 1747 1774 per
1774 1706 1920 1775 igno-

343 1797 567 1849 rantiam
611 1796 681 1849 ibi
722 1795 1084 1864 baptizantur,
1125 1795 1439 1849 arbitrantes
1477 1796 1642 1864 ipsom
1670 1810 1788 1850 esse
1815 1796 1918 1849 Ec.

341 1889 560 1942 clesiam
588 1889 808 1952 Christi,
836 1888 886 1940 in
916 1888 1133 1941 istorum
1157 1885 1788 1956 quidem'comparatiune
1818 1889 1918 1940 mi-

347 1999 446 2036 nus
477 1993 696 2052 peccant
726 2001 738 2036 :
772 1983 1048 2052 sacrilegio
1092 1992 1265 2036 tamen
1312 1981 1611 2036 schismatis
1639 1982 1919 2035 vulneran-

344 2084 430 2126 tur
457 2093 472 2126 :
500 2091 602 2127 non
637 2074 756 2128 ideo
783 2090 884 2127 non
914 2074 1144 2142 graviter
1164 2113 1180 2139 ,
1225 2073 1364 2142 quod
1410 2075 1495 2126 alii
1522 2074 1750 2143 gravius.
1786 2073 1914 2125 Cum

340 2164 484 2216 enim
513 2163 712 2216 dictum
740 2173 821 2217 est
847 2163 1158 2231 quibusdam
1178 2205 1190 2226 ,
1215 2162 1546 2217 Tolerabilius
1567 2165 1655 2216 crit
1683 2163 1941 2215 Sodomis.

341 2255 392 2306 in
419 2253 500 2306 die
517 2255 703 2324 iudicii
717 2271 878 2323 quam.
892 2253 1024 2306 vobis
1058 2253 1266 2323 (Matth.
1306 2270 1378 2319 xi,
1409 2253 1500 2323 2t)
1521 2273 1535 2314 ;
1560 2269 1659 2306 non
1688 2254 1806 2306 ideo
1833 2254 1913 2306 di.

341 2355 486 2400 ctum
507 2355 619 2409 est,
651 2347 771 2414 quia
795 2346 1080 2401 Sodomita:
1101 2363 1204 2400 non
1239 2348 1652 2417 torquebantur,
1684 2347 1775 2402 sed
1797 2347 1943 2418 quia.

343 2436 425 2490 illi.
440 2437 658 2505 gravius
669 2437 1067 2505 torquebuntur.

413 2526 464 2577 7.
509 2526 818 2594 Quanquam
867 2528 966 2581 hoc
1019 2527 1190 2584 fuerat
1239 2528 1456 2582 fortasse
1500 2529 1761 2582 occultum
1819 2528 1945 2582 ali»

340 2616 552 2684 quando
577 2625 633 2670 et
668 2617 943 2671 incertum.
977 2617 1124 2672 Unde
1147 2629 1322 2674 autem
1353 2629 1608 2674 sanantur
1634 2621 1683 2674 hi
1710 2621 1797 2690 qui
1825 2622 1942 2674 ad-t

344 2715 552 2758 vertunt
592 2715 648 2759 et
691 2707 1060 2776 corriguntur,
1108 2707 1231 2762 inde
1268 2718 1556 2779 gravantur
1586 2709 1636 2762 hi
1678 2709 1940 2777 quicum.

341 2795 444 2863 jam
475 2795 717 2863 ignorare
763 2811 866 2848 ιιοιι
903 2797 1269 2864 permittantur
1293 2839 1308 2862 ,
1340 2799 1391 2850 in
1442 2797 1724 2866 perniciem
1767 2813 1940 2852 suam:

345 2886 682 2952 pertinaciter
709 2885 950 2940 sreviuut.
985 2887 1479 2956 Damnatioquippe
1510 2888 1917 2941 Maximianista-

343 2992 477 3038 rum,
500 2986 552 3029 et
576 2977 810 3044 receptio
837 2977 1224 3044 damuatormn,
1249 2994 1368 3032 cum
1399 2977 1482 3032 his
1500 2994 1632 3048 quos
1657 2989 1804 3033 extra
1825 2995 1912 3033 ρος

344 3084 458 3120 rum
485 3068 914 3122 communionem
954 3068 1006 3122 in
1036 3069 1349 3138 sacrilegio,
1372 3070 1506 3124 sicut
1533 3070 1812 3124 concilium
1839 3069 1914 3141 (τι)

342 3175 522 3212 eorum
547 3158 761 3223 clamat,
793 3159 844 3211 in
872 3159 1156 3215 schismate
1186 3159 1537 3229 baptizarunl,
1571 3168 1731 3213 lotam
1764 3160 1914 3213 istam

341 3249 496 3304 solvit
525 3248 868 3316 qmestiouetn
890 3289 905 3314 ,
946 3258 1106 3303 totam
1138 3250 1531 3304 contentionem
1560 3249 1792 3304 abstulit.
1824 3250 1915 3302 Ni-

343 3339 416 3393 bil
441 3340 658 3393 omnino
700 3341 836 3393 inter
861 3355 958 3394 nos
985 3348 1038 3394 et
1079 3355 1171 3395 eos
1206 3341 1504 3394 Donatistas
1534 3341 1620 3409 qui
1650 3341 1916 3396 l’ritniaro

339 3429 734 3489 eouununicant
759 3429 1074 3499 dereliquit,
1115 3429 1254 3490 unde
1281 3430 1582 3496 dubitetur,
1614 3447 1715 3484 non
1743 3432 1912 3486 solum

343 3519 562 3584 haberi,
588 3520 682 3584 sed
713 3521 871 3575 etiam
910 3520 1024 3578 dari
1064 3534 1220 3588 pnasc
1251 3520 1572 3590 Baptismum
1616 3522 1804 3576 Christi
1849 3525 1916 3578 ab

340 3611 420 3663 eis
449 3611 536 3678 qui
566 3611 634 3662 ab
666 3610 900 3666 Ecclesia
927 3621 1274 3678 separantur.
1321 3611 1470 3666 Sicut
1495 3613 1636 3667 enim
1683 3615 1776 3683 ipsi
1823 3631 1916 3670 eos

341 3715 472 3767 quos
493 3699 791 3761 Felicianus
817 3701 870 3754 in
898 3699 1182 3758 schismate
1200 3702 1506 3771 baptizavit,
1533 3719 1716 3757 verum
1741 3704 1916 3773 Bapti~

342 3806 512 3844 sutum
543 3792 812 3863 accepisse
834 3790 988 3846 fateri
1009 3800 1291 3861 coguntur,
1309 3793 1428 3862 quia
1458 3807 1551 3846 eos
1577 3807 1753 3846 secum
1778 3809 1928 3847 nunc.

344 3882 538 3941 habent
565 3883 616 3935 in
647 3883 762 3951 ipso
783 3883 1051 3952 Baptismo
1084 3899 1240 3953 quem
1269 3884 1318 3938 in
1347 3884 1632 3938 schismate
1663 3900 1912 3954 percepe-

345 3981 463 4026 runt
492 3989 506 4026 :
537 3973 616 4026 sic
653 3987 750 4026 nos
785 3973 1010 4046 dicimus
1038 3974 1362 4042 Baptismum
1389 3975 1584 4029 Christi
1610 3990 1728 4030 esse
1755 3976 1912 4029 etiam

343 4075 487 4119 extra
512 4065 937 4120 communionem
958 4065 1292 4130 catholicam,
1311 4082 1468 4136 quem
1485 4066 1614 4121 dant
1634 4066 1705 4121 illi
1732 4067 1819 4137 qui
1847 4069 1916 4126 ab

344 4153 526 4209 eadem
575 4157 948 4210 communione
985 4157 1188 4227 prmcisi
1218 4165 1380 4221 sunt,
1426 4158 1547 4227 quia
1593 4174 1746 4224 eum,
1795 4173 1913 4212 cum

347 4243 784 4310 praeciderentur,
820 4261 923 4300 non
955 4247 1265 4302 amiserunt.
1298 4249 1363 4302 Et
1394 4248 1536 4318 quod
1581 4248 1684 4317 ipsi
1717 4262 1775 4302 se
1823 4265 1917 4316 pu-

345 4342 450 4386 tant
463 4335 764 4411 contulisse
785 4336 888 4390 illis
904 4351 1036 4406 quos
1053 4336 1346 4397 Felieiamts
1371 4338 1420 4394 iu
1436 4339 1720 4392 schismate
1744 4341 1882 4407 bapti
1894 4371 1914 4382 ο

343 4423 476 4484 tavit
495 4464 510 4487 ,
538 4438 658 4477 cmn
684 4439 779 4479 eos
800 4426 897 4480 sibi
928 4427 1436 4493 reconciliavcrunt;
1471 4429 1521 4482 id
1561 4437 1642 4482 est
1662 4470 1678 4495 ,
1707 4445 1811 4483 non
1861 4442 1926 4484 ut.

342 4515 642 4583 acciperent
673 4517 813 4585 quod
855 4533 961 4571 non
980 4508 1281 4584 hab-ebant,
1312 4519 1406 4574 sed
1434 4527 1490 4573 ut
1526 4519 1802 4587 prodesset
1837 4523 1915 4576 eis

342 4604 477 4670 quod
508 4605 765 4660 inutiliter
798 4607 848 4660 in
876 4607 1160 4662 schismate
1183 4619 1495 4676 acceperant
1521 4620 1571 4663 et
1605 4609 1866 4665 habebant
1897 4630 1909 4663 :

343 4701 440 4748 hoc
462 4710 588 4750 vere
613 4695 818 4750 confert
845 4704 898 4751 et
929 4707 1142 4765 pnestat
1184 4698 1321 4752 Deus
1363 4715 1454 4768 per
1489 4701 1910 4760 conununionem

338 4784 653 4840 catholicam
674 4787 780 4840 illis
801 4788 887 4855 qui
920 4788 1133 4841 veniunt
1154 4788 1220 4842 ab
1241 4790 1412 4858 aliqua
1445 4789 1632 4843 lueresi
1658 4792 1738 4844 vel
1767 4791 1909 4845 schi-

336 4886 526 4936 smate,
552 4876 638 4929 ubi
669 4876 992 4944 Baptismum
1017 4877 1214 4932 Christi
1245 4889 1578 4946 acceperunt;
1604 4881 1652 4933 id
1680 4891 1781 4946 est,
1807 4896 1910 4933 non

335 4972 397 5016 ut
425 4964 675 5034 Baptismi
704 4979 1090 5021 sacramentum
1127 4968 1377 5037 incipiant
1404 4967 1599 5023 habere
1628 4970 1767 5039 quod
1808 4985 1910 5026 noa

333 5054 637 5122 habebant,
684 5058 779 5112 sed
823 5067 879 5112 ut
923 5060 1137 5129 incipiat
1175 5061 1254 5115 eis
1291 5060 1541 5131 prodesse
1569 5063 1709 5132 quod
1747 5063 1911 5120 habe-

332 5146 464 5200 bant
491 5150 526 5200 ί.

409 5239 630 5296 CAPUT
662 5241 747 5295 Vl.
789 5231 860 5281 -ὲ-
905 5243 956 5297 8.
1002 5243 1333 5313 QuaprOpter
1371 5245 1507 5300 inter
1542 5259 1654 5304 nos,
1678 5244 1911 5313 etsipsos

326 5329 562 5397 quodam
591 5331 750 5385 modo
771 5333 1063 5386 cardinales
1091 5333 1419 5398 Donatistas,
1455 5349 1677 5402 quorum
1708 5334 1910 5402 episco-

326 5436 434 5488 pus
461 5423 597 5489 apud
627 5422 996 5496 Carthaginem
1028 5423 1321 5477 Pritniauus
1350 5434 1430 5476 est
1453 5467 1466 5488 ,
1495 5425 1602 5493 jam
1630 5425 1696 5479 de
1724 5424 1820 5478 hac
1854 5441 1910 5479 re

324 5509 474 5562 milia
517 5512 1020 5567 esteoutroversia.
1064 5511 1241 5566 Voluit
1277 5513 1414 5565 enim
1447 5513 1587 5568 Dens
1619 5530 1710 5583 per
1736 5514 1907 5568 Maxi-

319 5600 606 5656 miauistas
635 5618 749 5656 eam
777 5605 931 5667 finiri,
963 5616 1015 5658 ut
1043 5605 1180 5674 quod
1207 5604 1458 5659 charitate
1488 5605 1737 5661 suadente
1765 5606 1908 5661 nole-

401 5737 414 5762 ¹
445 5740 516 5779 Er.
545 5744 594 5782 et
620 5741 749 5789 t.ov..
774 5736 897 5792 quod
916 5734 1402 5784 inujilim'lmlu‘buut.

389 5793 466 5853 lu)
493 5797 792 5855 iugulatum:

1725 410 1924 465 [LIBER
1967 408 2235 466 l’RiMUS‘.

3496 421 3635 476 ll‘t‘

2029 523 2182 589 bant,
2209 526 2448 595 exetnplo
2469 542 2565 581 suo
2587 535 2804 598 cogente
2831 530 3106 585 fateantur.
3138 531 3240 587 Sed
3269 533 3440 587 adhuc
3481 551 3600 602 pro-

2028 623 2204 682 pterea
2253 615 2372 668 inde
2395 616 2749 686 disputamus,
2780 637 2845 675 ne
2882 622 2950 674 illi
2984 622 3080 676 sibi
3107 623 3381 677 videantur
3401 625 3596 694 aliquid

2028 703 2205 757 dicere
2231 747 2242 766 ,
2289 706 2374 774 qui
2403 722 2498 760 nee
2525 709 2648 761 istis
2673 712 3098 774 communicant,
3139 714 3224 781 qui
3255 713 3390 782 apud
3419 728 3477 768 se
3509 732 3600 783 po-

2029 793 2164 857 tius,
2208 807 2404 864 quanto
2435 799 2732 865 pauciores.
2768 812 2910 855 tanto
2949 804 3261 857 sinecriores
3305 805 3600 860 Donatistas

2029 887 2344 940 remansisse
2373 890 2716 945 contendunt.
2747 891 2845 958 Qui
2872 894 2915 948 si
2948 892 3342 948 Maximianiste
3371 896 3468 949 soli
3507 913 3594 949 cs-

2028 986 2179 1043 sent,
2213 993 2310 1032 nec
2356 980 2584 1050 ipsorum
2631 985 2853 1039 salutem
2881 995 3219 1040 contemnere
3261 987 3595 1042 deberemus.

2028 1068 2232 1132 Quanto
2259 1085 2384 1139 ergo
2416 1073 2578 1142 magis
2606 1075 2724 1143 quia
2755 1076 2938 1129 eadem
2969 1090 3086 1144 pars
3129 1077 3311 1130 Donati
3356 1078 3407 1131 in
3437 1081 3595 1131 multa

2029 1159 2395 1215 minutissimav
2431 1163 2591 1218 frusta
2632 1167 2840 1221 concisa
2872 1178 2950 1221 est
2972 1211 2986 1230 ,
3027 1184 3144 1237 quae
3171 1183 3356 1224 omnes
3387 1171 3595 1223 minuta:

2028 1250 2293 1317 particula:
2321 1251 2455 1306 hanc
2486 1270 2638 1308 unam
2681 1257 2844 1310 multo
2878 1257 3209 1326 grandiorem
3233 1302 3246 1321 ,
3277 1260 3326 1311 in
3354 1275 3453 1328 qua
3483 1260 3593 1312 Pri-

2027 1339 2233 1393 mianus
2253 1351 2353 1402 est,
2384 1342 2448 1396 de
2471 1354 2681 1413 recepto
2701 1346 3198 1401 Maximiauistarum
3232 1349 3499 1417 Baptismo
3524 1367 3611 1402 re»

2026 1432 2356 1500 prehendunt
2377 1477 2392 1497 ,
2431 1445 2484 1489 ct
2523 1436 2742 1505 singulm
2771 1447 3030 1492 conantur
3066 1453 3306 1493 asserere
3327 1481 3340 1505 ,
3372 1441 3508 1509 apud
3539 1459 3597 1494 se

2028 1526 2390 1579 tantummodo
2421 1541 2600 1579 verum
2632 1528 2951 1596 Baptismqu
2980 1530 3328 1595 remansisse,
3359 1545 3456 1584 nec
3485 1546 3596 1583 om-

2029 1613 2152 1664 nino
2177 1629 2294 1668 esse
2315 1615 2435 1668 alibi
2459 1657 2474 1679 ,
2503 1632 2597 1670 nec
2627 1617 2676 1670 in
2705 1627 2812 1670 toto
2840 1618 2967 1672 orbe
2997 1627 3255 1673 terrarum
3283 1635 3384 1688 qua
3414 1621 3597 1674 Eccle-

2026 1703 2098 1753 sia
2126 1703 2379 1760 catholica
2408 1705 2722 1773 cxpauditur
2745 1749 2759 1770 ,
2792 1723 2889 1762 nec
2913 1708 2962 1760 in
2993 1710 3101 1777 ipSa
3129 1709 3410 1778 grandiore
3451 1719 3594 1776 parte

2028 1793 2212 1846 Dimati
2232 1835 2246 1854 ,
2276 1811 2370 1848 nec
2398 1796 2446 1848 in
2475 1798 2680 1850 (ueteris
2709 1807 2899 1866 printer
2927 1813 2990 1851 se.
3003 1815 3166 1852 unam
3195 1815 3263 1853 ex
3302 1800 3592 1854 minutissi-

2026 1884 2125 1935 mis
2151 1885 2420 1953 partibus?
2449 1887 2575 1952 Quae
2605 1903 2786 1941 omnes
2827 1889 3094 1956 particula}
3122 1889 3165 1942 si
3193 1888 3469 1944 advertere
3498 1905 3592 1944 vo-

2026 1974 2215 2027 luerint
2243 1990 2423 2028 vocem
2455 1992 2556 2030 non
2582 1977 2827 2043 hominis,
2853 1978 2942 2032 sed
2969 1979 3133 2045 ipsius
3153 1978 3592 2034 manifestissima'

2025 2065 2296 2129 veritatis,
2339 2075 2398 2120 et
2439 2067 2734 2120 animasqu
2789 2068 3028 2136 Spiritum
3080 2083 3190 2121 sua:
3237 2069 3596 2137 perversitatis

2023 2155 2268 2210 edomare
2293 2197 2305 2218 ,
2332 2173 2434 2209 non
2466 2158 2641 2225 utique
2664 2158 2729 2209 ad
2772 2167 2968 2226 partem
3001 2158 3183 2210 Donati
3217 2157 3467 2226 majorem
3488 2199 3503 2220 ,
3527 2159 3594 2213 de

2023 2263 2120 2316 qua
2155 2250 2368 2315 pratcisa
2395 2250 2629 2318 przccisa:
2655 2259 2813 2312 Sunt,
2845 2249 2936 2302 sed
2963 2249 3027 2302 ad
3069 2250 3232 2317 ipsam
3277 2250 3593 2306 viriditatem

2023 2338 2214 2392 radicis
2254 2339 2538 2394 Catholica:
2585 2339 2652 2392 de
2699 2339 2939 2394 ariditate
2986 2341 3194 2409 propria
3240 2350 3589 2396 revertentur.

2022 2428 2217 2483 {intues
2237 2430 2430 2500 quippe
2454 2432 2539 2487 isti
2578 2431 2663 2484 ubi
2690 2442 2875 2486 contra
2899 2447 3015 2486 .nos
3035 2450 3155 2487 non
3183 2440 3335 2498 sunt,
3360 2448 3456 2502 pro
3494 2449 3592 2487 n0-

2022 2520 2105 2574 his
2133 2529 2250 2575 sum
2294 2538 2306 2573 :
2354 2521 2438 2576 ubi
2468 2529 2651 2580 autem
2674 2522 2953 2579 nobiscum.
2974 2541 3090 2577 mm.
3113 2523 3395 2593 colligunt,
3439 2538 3592 2592 spar-
3635 2565 3640 2570 .

2019 2621 2166 2680 gum.

2090 2699 2311 2755 CAPUT
2341 2703 2446 2757 Vll.
2472 2732 2541 2742 —-
2569 2705 2622 2758 9.
2661 2704 2775 2759 iam
2819 2705 2968 2759 enim~
3010 2721 3076 2760 ne
3119 2705 3318 2760 videar.
3347 2706 3590 2760 humanis
3615 2745 3636 2758 ..

2019 2793 2342 2861 argumentis
2370 2792 2419 2846 id
2441 2808 2617 2862 agere,
2641 2795 2886 2862 quoniam
2905 2794 3209 2862 qurestionis
3229 2795 3381 2863 hujus
3400 2795 3616 2848 obscu--

2022 2884 2146 2935 ritas
2173 2882 2434 2952 prioribus
2458 2884 2708 2938 Ecclesia:
2738 2884 3066 2953 temporibus
3085 2894 3207 2938 ante
3232 2883 3462 2939 schisma
3489 2885 3590 2938 Do-

2021 2977 2126 3030 nati
2151 2992 2367 3045 magnos
2392 2978 2550 3038 viros,
2578 2987 2631 3031 et
2653 2993 2836 3046 magna
2867 2976 3121 3030 ebaritate
3147 2976 3393 3045 przeditns
3412 2985 3587 3044 patres

2018 3069 2295 3138 episcopos
2335 3070 2402 3123 ita
2443 3069 2578 3123 inter
2605 3085 2662 3122 se
2687 3069 2939 3137 compulit
2967 3069 3108 3122 salva
3136 3083 3264 3139 pace
3291 3069 3588 3137 disceptare

2018 3170 2175 3231 atque
2202 3160 2475 3223 ﬂuctuare,
2508 3168 2566 3212 ut
2591 3160 2678 3212 diu
2707 3159 3051 3214 conciliorum
3080 3160 3129 3212 in
3156 3159 3265 3214 suis
3293 3159 3586 3228 quibusque

2021 3252 2322 3321 regionibus
2345 3251 2556 3306 diversa
2583 3259 2775 3304 statuta
2807 3250 3124 3315 nutaveriul,
3152 3248 3323 3304 donec
3353 3249 3589 3317 plenario

2022 3343 2181 3396 totius
2217 3342 2362 3396 orbis
2389 3342 2634 3404 coacilio,
2667 3341 2804 3410 quod
2845 3341 3189 3395 saluberrime
3225 3340 3584 3399 sentiebatur,

2019 3434 2178 3486 etiam
2226 3434 2444 3488 remotis
2492 3431 2942 3496 dubitationibus,
2988 3429 3286 3485 firmaretur
3343 3428 3478 3500 (u).:
3521 3447 3640 3486 ex...

2019 3525 2304 3594 Evangelio
2334 3524 2542 3594 profero
2567 3533 2710 3580 certa
2735 3524 3086 3586 documenta,
3131 3521 3324 3592 quibus
3367 3522 3609 3580 Domino

2018 3617 2299 3684 adjuvante
2325 3616 2651 3681 demonstro,
2678 3631 2834 3684 quam
2861 3624 3005 3670 recte
3026 3614 3280 3682 placuerit
3295 3622 3349 3668 et
3364 3629 3485 3669 vere
3505 3630 3591 3667 se-

2018 3705 2250 3763 cundum
2291 3705 2484 3767 Deum,
2528 3713 2583 3756 ut
2619 3703 2718 3756 huc
2747 3703 2798 3756 in
2838 3718 3100 3772 quoquam
3139 3703 3478 3757 schismatieo
3507 3704 3585 3756 vel

2019 3793 2270 3848 haeretica
2295 3794 2649 3847 ecclesiastica
2699 3792 2958 3846 medicina
2986 3802 3215 3854 curaret,
3246 3793 3295 3857 in
3339 3807 3446 3862 qun
3474 3794 3585 3844 vul-

2019 3898 2147 3943 nere
2171 3881 2512 3952 separabatur
2530 3883 2577 3947 ¹;
2610 3882 2734 3934 illud
2765 3889 2938 3934 autem
2960 3864 3097 3950 quod
3113 3897 3299 3935 sanum
3327 3894 3584 3943 maneret,
3609 3937 3626 3944 Α,

2017 3973 2249 4043 agnitum
2280 3973 2450 4042 potius
2476 3972 2876 4042 approbaretur,
2908 3986 3064 4041 quam
3093 3971 3441 4040 improbatum
3470 3975 3584 4028 vul-

2020 4073 2312 4120 neraretur.
2337 4065 2494 4120 Certe
2525 4065 2777 4119 Dominus
2801 4064 2852 4118 in
2872 4062 3152 4133 Evangelio
3180 4061 3341 4116 dicit:
3368 4062 3468 4126 Qui
3486 4079 3585 4115 non

2019 4167 2088 4210 est
2115 4173 2325 4218 mecum,
2347 4156 2611 4210 adversum
2638 4173 2715 4210 me
2738 4165 2844 4219 est;
2872 4163 2918 4206 et
2936 4156 3022 4226 qui
3041 4170 3231 4206 mecum
3253 4169 3353 4206 non
3371 4151 3584 4222 colligit,

2018 4249 2230 4318 spargit.
2259 4247 2457 4302 Tamen
2485 4263 2602 4301 cum
2628 4247 2836 4302 adeum
2862 4244 3108 4313 discipuli
3131 4243 3469 4309 retulissent,
3511 4244 3585 4296 vi-

2017 4339 2160 4394 disse
2185 4354 2243 4393 se
2271 4338 2552 4408 quemdam
2582 4337 2631 4392 in
2664 4336 2779 4404 ejus
2815 4335 3030 4389 nomine
3069 4334 3352 4404 pellentem
3387 4333 3588 4392 damnu-

2020 4433 2124 4496 nia,
2148 4441 2200 4486 et
2226 4429 2580 4500 prohibuisse,
2609 4428 2732 4497 quia
2765 4441 2882 4480 cum
2913 4427 3012 4479 illis
3037 4441 3159 4480 eum
3195 4440 3298 4478 non
3326 4425 3587 4493 sequeba—

2022 4533 2106 4576 tur
2137 4541 2150 4577 :
2186 4521 2376 4587 Nolile,
2411 4520 2598 4589 inquit,
2631 4518 2908 4587 prohibere.
2941 4516 3038 4583 Qui
3063 4525 3236 4569 contra
3261 4531 3345 4568 vos
3375 4531 3473 4566 non
3495 4526 3584 4575 cst,

2016 4630 2109 4682 pro
2136 4613 2269 4666 vobis
2293 4621 2384 4664 est.
2407 4609 2523 4664 Non
2543 4618 2699 4680 potest
2733 4609 2864 4661 enim
2907 4609 3166 4676 quisquam
3193 4607 3244 4660 in
3265 4623 3371 4660 meo
3391 4607 3589 4658 nomine

2019 4709 2184 4774 facere
2209 4701 2420 4773 aliquid,
2445 4710 2489 4753 et
2516 4698 2646 4752 male
2674 4699 2808 4768 loqui
2839 4697 2900 4750 de
2928 4714 3005 4750 me
3031 4696 3048 4768 (
3069 4697 3234 4751 Marc.
3269 4712 3342 4761 Ix,
3366 4696 3466 4759 38,,
3483 4695 3589 4756 59.;

2018 4805 2062 4848 et
2085 4792 2209 4845 Luc.
2242 4808 2314 4854 ιχ,
2339 4789 2448 4861 50).
2476 4789 2530 4844 Si
2562 4789 2690 4842 nihil
2720 4788 2770 4840 in
2803 4788 2890 4841 illo
2916 4786 3290 4856 corrigendum
3324 4794 3438 4838 erat
3463 4801 3476 4848 ;
3505 4800 3562 4842 se

2017 4899 2175 4938 curus
2205 4897 2332 4951 ergo
2353 4882 2419 4934 sit
2445 4880 2682 4950 quisquis
2707 4886 2852 4932 extra
2879 4877 3302 4936 eotntuuuimtcm
3335 4876 3587 4931 Ecclesia:

2017 4974 2329 5034 constitutus
2369 4969 2566 5039 colligit
2605 4969 2655 5022 in
2696 4967 2889 5024 Christi
2937 4965 3182 5032 nomine,
3214 4965 3526 5020 dissociatus
3555 4984 3587 5029 :t‘

2016 5064 2300 5118 christiana
2321 5063 2570 5116 societate
2596 5078 2606 5112 :
2631 5069 2787 5128 atque
2831 5059 2896 5111 ita
2935 5055 3121 5110 falsum
3162 5057 3261 5111 crit
3305 5055 3452 5114 illud,
3489 5056 3585 5119 Qui

2017 5174 2116 5209 non
2143 5165 2211 5209 est
2238 5170 2452 5217 mecum,
2481 5153 2745 5204 mlversum
2786 5167 2862 5202 mc
2899 5158 3010 5209 est;
3053 5158 3095 5202 et
3131 5148 3213 5216 qui
3259 5165 3356 5200 non
3399 5147 3585 5215 colligit

2017 5263 2222 5309 mecum,
2267 5244 2476 5312 spargit.
2507 5240 2563 5296 Si
2604 5251 2778 5294 autem
2810 5239 2946 5308 quod
2983 5238 3224 5306 discipuli
3268 5236 3469 5290 lloutiui
3496 5251 3586 5302 per

2018 5336 2362 5406 ignorantiam
2397 5331 2569 5387 facere
2601 5330 2915 5391 voluerunt,
2947 5328 2995 5382 id
3033 5329 3082 5381 iu
3123 5344 3186 5380 eo
3216 5323 3582 5393 corrigendum

2017 5437 2129 5492 est;
2163 5425 2300 5495 quod
2329 5424 2461 5477 dixit
2495 5422 2746 5476 Dominus
2766 5462 2779 5483 ,
2827 5418 2998 5473 Nolite
3043 5417 3299 5485 pro/libere
3328 5428 3458 5468 :cur
3487 5413 3586 5465 hoc

2017 5519 2125 5588 ipse
2149 5515 2407 5587 prohiberi
2431 5512 2732 5583 prohibuit?
2760 5511 2824 5564 Et
2843 5509 3104 5580 quomodo
3124 5507 3219 5561 erit
3243 5519 3422 5559 verum
3445 5505 3582 5574 quod

2080 5740 2094 5769 ί
2126 5736 2300 5797 ιιιὶιιιιυι
2331 5741 2454 5788 Μδςη
2474 5730 2528 5797 Διιι
2553 5745 2646 5797 quo
2669 5727 3017 5797 t‘ttlngrnbulm'.

2076 5799 2146 5854 (tt)
2174 5790 2282 5846 Vidi:
2310 5799 2446 5847 intra.
2473 5793 2552 5841 lll).
2585 5793 2626 5850 :3,
2655 5803 2754 5850 cap.
2777 5790 2824 5838 9.
