4050 6206
374 434 477 489 H5

371 551 443 604 ibi
484 554 585 611 ait,
617 549 718 616 Qui
744 557 920 603 contra
946 563 1030 601 vos
1058 561 1158 599 non
1183 554 1288 607 est,
1325 559 1416 612 pro
1452 541 1582 597 vobis
1619 539 1732 594 est?
1764 536 1820 600 In
1852 536 1951 588 hoc

373 643 513 696 νιιίιιι
541 641 680 696 facto
706 655 810 694 non
838 645 1024 692 contra
1050 651 1143 691 eos
1163 677 1180 702 ,
1210 636 1305 690 sed
1345 649 1443 705 pro
1471 633 1551 688 eis
1575 639 1710 695 erat,
1742 628 1829 682 ubi
1863 643 1954 695 βρι-

374 747 568 786 nomen
593 729 789 785 Christi
815 729 1070 784 sanitates
1088 727 1428 798 Operabatur.
1473 723 1542 779 Ut
1578 738 1706 790 ergo
1733 731 1954 789 utraque

374 823 639 878 sententia
668 837 792 876 vera
820 822 910 886 sit,
942 821 1096 876 sicuti
1126 835 1247 875 vera
1268 827 1372 883 est,
1404 827 1458 872 et
1487 817 1575 870 illa
1599 815 1686 870 ubi
1725 814 1820 878 ait,
1854 813 1954 878 Qui

373 934 475 970 non
514 925 584 970 est
623 932 815 968 mecum
839 956 853 978 ,
881 914 1143 971 adversum
1169 929 1246 966 me
1270 922 1342 966 est
1364 928 1383 974 ;
1409 921 1458 967 et
1499 910 1584 979 qui
1621 925 1816 962 mecum
1853 923 1955 958 non

376 1008 583 1078 colligit,
616 1007 847 1078 spargit;
872 1016 925 1060 et
953 1005 1039 1060 illa
1073 1005 1157 1060 ubi
1187 1004 1298 1069 ait,
1330 1001 1505 1056 Nolite
1538 1000 1835 1072 prohibere;
1868 997 1957 1068 qui

377 1104 508 1156 ιιηίιιι
535 1113 716 1156 contra
742 1117 828 1155 vos
849 1117 948 1154 non
972 1110 1062 1163 est,
1102 1115 1194 1169 pro
1219 1097 1355 1152 vobis
1379 1105 1450 1150 est
1478 1111 1497 1149 :
1523 1093 1649 1164 quid
1677 1101 1846 1148 restat
1870 1091 1954 1144 in-

380 1195 738 1266 telligendum,
765 1193 863 1248 nisi
885 1193 1006 1262 quia
1030 1192 1116 1246 ille
1137 1192 1187 1245 in
1207 1191 1334 1246 tanti
1358 1188 1587 1244 nominis
1616 1185 1957 1241 veneratione

380 1285 770 1341 rmdlrmandus
797 1285 912 1350 fuit,
942 1283 1028 1337 ubi
1051 1300 1154 1336 non
1177 1292 1296 1337 erat
1309 1290 1494 1337 contra
1517 1277 1831 1342 Ecclesium,
1860 1273 1956 1328 sed

379 1391 474 1442 pro
506 1375 781 1438 Ecclesia;
809 1385 862 1429 et
903 1373 990 1427 illa
1035 1382 1211 1427 tamen
1245 1371 1581 1441 separatione
1620 1365 1914 1436 culpandus
1937 1405 1953 1432 ,

377 1467 462 1521 ubi
489 1467 532 1520 si
559 1467 828 1536 colligeret
855 1473 1160 1535 spargeret;
1189 1473 1244 1518 et
1276 1463 1322 1517 si
1361 1464 1495 1516 forte
1526 1460 1732 1516 veniret
1756 1458 1823 1513 ad
1851 1457 1955 1512 Ec-

374 1559 593 1612 elesiam
613 1598 630 1623 ,
658 1573 774 1611 non.
798 1557 1092 1626 illudquotl
1121 1555 1352 1610 habebat
1373 1553 1444 1608 ibi
1483 1551 1880 1622 aeciperet,sed
1905 1552 1954 1605 in

373 1665 480 1718 quo
506 1649 846 1704 aberraverat
870 1647 1215 1702 ettiendaret?

445 1740 673 1797 CAPUT
706 1739 830 1794 Vlll.
852 1769 924 1780 -—
952 1739 1038 1794 10.
1062 1738 1240 1809 Neque
1260 1734 1960 1806 euimet-Corncliigentilis

376 1834 616 1890 hominis.
633 1833 903 1889 orationes
931 1847 1035 1886 non
1060 1830 1479 1895 suntexauditaa,
1497 1837 1588 1883 aut
1607 1829 1960 1896 eleemosynre

375 1941 483 1979 non
522 1932 654 1979 sunt.
688 1931 961 1992 acceptam
995 1923 1102 1976 imo
1140 1929 1193 1976 et
1234 1919 1478 1990 angelum
1515 1917 1583 1972 ad
1612 1933 1672 1971 se
1709 1915 1876 1979 mitti,
1908 1923 1962 1967 ct

377 2017 596 2069 missum
619 2014 1063 2079 meruit-intueris,
1100 2027 1199 2082 per.
1219 2025 1375 2082 quem
1404 2018 1585 2079 posset
1624 2008 1805 2077 utique
1845 2006 1960 2059 sine

378 2106 612 2161 hominis
647 2105 869 2176 alicujus
909 2118 1130 2160 accessu
1161 2110 1350 2158 cuncta
1393 2100 1691 2156 necessaria
1731 2097 1954 2152 discere.

379 2195 486 2251 Sed
514 2197 766 2266 quoniam
794 2192 1047 2266 quidquid
1077 2196 1200 2249 boni
1245 2195 1296 2248 in
1345 2191 1678 2247 orationibus
1716 2197 1771 2244 et
1812 2189 1960 2243 elee-

380 2287 615 2359 mosynis
641 2285 890 2351 habebat,
933 2285 1186 2356 prodesse
1229 2285 1301 2338 illi
1343 2298 1451 2337 non
1485 2289 1704 2352 poterat,
1735 2279 1834 2334 nisi
1870 2294 1962 2347 per

378 2379 646 2434 vinculum
671 2377 975 2436 christiante
999 2377 1268 2432 societatis
1296 2386 1349 2429 et
1375 2375 1520 2442 pacis
1537 2374 1964 2443 incorporaretur

381 2470 670 2533 I'Icclesize;
699 2470 915 2539 jnlictur
958 2469 1168 2522 mittere
1211 2467 1290 2520 ad
1324 2466 1536 2520 Petrum
1557 2506 1571 2527 ,
1600 2471 1655 2517 et
1697 2478 1790 2530 per
1816 2463 1960 2514 illmn

378 2563 536 2616 discit
575 2561 878 2626 Christum;
923 2575 1020 2630 per
1062 2560 1209 2614 illum
1256 2559 1415 2612 etiam
1463 2555 1790 2624 baptizatus,
1819 2552 1963 2606 chri-

379 2654 552 2707 stiano
579 2653 777 2723 populo
811 2653 1083 2706 consortio
1121 2666 1332 2722 quoque
1360 2650 1748 2704 communionis
1775 2649 1962 2717 adjun—

378 2744 538 2812 gitur,
565 2744 650 2800 eui
697 2745 810 2798 sola
853 2745 1110 2798 bonorum
1149 2759 1369 2811 Operum
1395 2742 1738 2797 similitudine
1777 2743 1964 2811 junge-

381 2836 538 2888 hatnr
563 2833 696 2907 (Act.
726 2834 801 2903 ι).
838 2833 1143 2888 Perniciose
1157 2833 1354 2904 quippe
1373 2843 1740 2888 contemneret
1771 2835 1965 2886 bonum

379 2924 523 2993 quod
550 2925 783 2979 nendum
812 2925 1060 2991 habebat,
1089 2923 1403 2993 superbiens
1429 2938 1491 2977 ex
1522 2923 1612 2976 illo
1637 2922 1778 2991 quod
1804 2923 1963 2975 habe-

383 3019 488 3070 bat.
517 3016 605 3071 Sic
628 3016 788 3070 etiam
810 3016 896 3084 qui
924 3029 982 3069 se
1013 3015 1156 3084 ipsos
1183 3031 1222 3068 a.
1244 3015 1500 3069 societate
1531 3023 1846 3068 czutcrorum
1877 3029 1962 3067 se-

383 3118 651 3177 parantcs,
685 3108 943 3162 charitate
989 3107 1205 3174 violata,
1243 3108 1461 3161 unitatis
1503 3107 1774 3160 vinculum
1817 3123 1960 3159 rum-

386 3207 536 3266 junt,
565 3199 610 3252 si
632 3198 764 3254 nihil
791 3197 991 3253 faciunt
1030 3212 1214 3254 eorum
1251 3214 1370 3268 qua:
1400 3199 1452 3252 in
1481 3198 1567 3251 illa
1595 3199 1852 3252 societate
1873 3209 1960 3250 ac-

383 3297 661 3359 reperunt,
691 3289 742 3342 in
769 3288 1014 3342 omnibus
1029 3292 1257 3357 separati
1287 3298 1442 3341 sunt:
1464 3298 1518 3342 et
1549 3288 1669 3342 ideo
1688 3303 1846 3356 quem
1868 3288 1966 3340 sibi

383 3381 732 3446 sociaverint,
764 3381 808 3434 si
854 3380 1038 3436 venire
1075 3379 1161 3433 ειιι⁸
1189 3379 1475 3434 licelesiam
1523 3379 1781 3443 voluerit,
1811 3379 1967 3432 debet

383 3474 562 3528 ntttnia
589 3489 706 3543 qute
729 3488 834 3527 non
861 3471 1064 3541 accepit
1090 3472 1348 3540 accipere.
1373 3471 1428 3527 Si
1451 3486 1577 3525 vero
1602 3470 1853 3525 nonnulla
1879 3485 1972 3522 ea-

384 3572 506 3620 .tem
539 3565 758 3630 faciunt,
804 3571 908 3618 non
958 3579 1019 3619 se
1057 3564 1108 3618 in
1153 3564 1231 3619 eis
1269 3573 1680 3633 separaverunt;
1717 3571 1770 3616 et
1813 3576 1881 3615 ex
1909 3575 1976 3614 ea

387 3668 537 3729 parte
563 3659 614 3712 in
643 3665 864 3713 textum:
885 3655 1494 3727 compagedctinentur,
1528 3655 1578 3708 in
1603 3665 1795 3708 caetera
1821 3653 1975 3708 scissi

391 3759 534 3805 Milli.
577 3749 808 3805 Proinde
835 3749 879 3804 si
917 3763 1075 3820 quem
1115 3748 1230 3803 sibi
1253 3748 1600 3812 sociaverint,
1637 3763 1702 3800 ex
1735 3760 1796 3801 ea
1825 3755 1972 3814 parte

392 3841 916 3905 uectitnr'Ecelesite,
946 3842 998 3896 in
1023 3857 1124 3912 qua
1139 3856 1245 3896 nec
1260 3839 1332 3895 illi
1351 3840 1576 3909 separati
1599 3847 1720 3892 sunt
1749 3855 1760 3890 :
1789 3836 1976 3891 etideo

391 3937 436 3987 si
465 3934 741 3989 veniread
767 3933 1060 3988 Ecclesiam
1083 3932 1327 3995 voluerit,
1361 3932 1412 3985 in
1441 3945 1506 3985 eo
1524 3939 1752 3985 sanatur
1776 3927 1860 3981 ubi
1889 3929 1972 3982 la-

392 4027 566 4080 niatus
603 4025 860 4081 errabat:
888 4025 976 4080 ubi
1015 4040 1143 4079 vero
1181 4039 1341 4077 sanus
1388 4021 1834 4086 connectebatur,
1867 4033 1972 4074 non

389 4127 638 4179 iuratur,
680 4115 782 4171 sed
812 4115 1149 4185 agnoscitur;
1190 4127 1256 4167 ne
1283 4127 1404 4166 cum
1444 4126 1569 4166 sana
1609 4127 1803 4167 curare
1831 4111 1976 4165 volu-

395 4223 532 4275 mus,
560 4209 736 4277 potius
765 4207 1125 4261 vulnercmus.
1169 4205 1351 4274 itaque
1395 4205 1643 4274 illi'quos
1686 4204 1971 4273 baptizant,

393 4306 640 4352 sananta
661 4299 880 4351 vulnere
910 4296 1221 4364 idololatria).
1253 4297 1336 4352 vel
1368 4295 1724 4360 inﬁdelitatis;
1750 4294 1843 4348 sed
1868 4311 1980 4365 gra-

399 4392 516 4444 xius
541 4388 734 4443 feriunt
775 4389 992 4442 vulnere
1030 4387 1352 4444 sehismatis.
1391 4387 1701 4442 ldololatras
1744 4387 1883 4441 enim
1925 4389 1975 4440 in

399 4480 592 4551 populo
610 4480 710 4535 Dei
729 4480 943 4552 gladius
967 4481 1231 4536 interemit
1263 4481 1454 4553 (Exod.
1483 4480 1656 4553 xxxn)
1678 4524 1691 4547 ,
1723 4481 1980 4536 schisma-

399 4578 532 4632 ficos
574 4580 752 4627 autem
785 4579 939 4626 terra:
979 4572 1155 4626 hiatus
1179 4573 1453 4628 absorbuit
1491 4575 1508 4644 (
1540 4572 1698 4629 Nmn.
1728 4589 1816 4627 xvi
1840 4572 1882 4643 ).
1914 4573 1980 4628 Et

399 4663 683 4733 ..postolus
713 4679 726 4716 :
762 4663 825 4719 Si
864 4663 1073 4718 habeam
1100 4682 1318 4733 omnem,
1360 4666 1549 4736 inquit,
1597 4666 1769 4735 ﬁdem,
1811 4666 1881 4719 ita
1927 4677 1980 4718 ut

401 4767 589 4812 nantes
620 4761 941 4828 transferam,
973 4757 1269 4812 charitatem
1309 4773 1422 4812 vero
1460 4775 1558 4812 non
1586 4758 1827 4824 habeam,
1855 4758 1984 4810 nihil

399 4865 530 4903 sum.

476 4941 562 4996 il.
603 4939 658 4996 Si
685 4940 803 5010 quis
827 4940 1118 4997 adducatur
1142 4942 1206 4996 ad
1236 4942 1497 4998 medicum
1525 4942 1575 4996 in
1597 4943 1770 5012 aliqua
1802 4956 1985 4996 neces-

403 5053 428 5084 s
447 5033 538 5086 tria
573 5042 721 5100 parte
746 5033 985 5102 corporis
1014 5035 1156 5104 gravi
1186 5035 1406 5089 vulnere
1421 5036 1704 5100 sauciatus,
1724 5035 1768 5090 si
1794 5035 1986 5089 dixerit

408 5123 664 5190 medicus,
698 5124 922 5179 Moritur
966 5127 1089 5181 inde
1132 5128 1231 5181 nisi
1259 5135 1510 5181 curetur:
1543 5142 1646 5181 non
1685 5127 1875 5196 opinor
1909 5125 1983 5178 illi

405 5217 636 5285 quicum
679 5216 1045 5282 adduxerunt,
1097 5220 1164 5272 ita
1196 5219 1495 5287 desipiunt,
1539 5231 1595 5272 ut
1641 5218 1988 5272 consideratis

407 5325 564 5384 atque
590 5311 882 5366 numeratis
909 5312 1116 5366 ueteris
1138 5311 1390 5365 membris
1419 5311 1532 5379 ejus
1555 5310 1698 5364 sanis
1718 5352 1731 5375 ,
1766 5325 1986 5378 respon-

412 5408 566 5458 deant
593 5403 799 5459 medico
825 5414 879 5458 et
904 5401 1102 5466 dicant,
1135 5403 1344 5472 Ergone
1368 5401 1464 5456 ista
1496 5417 1622 5458 sana
1656 5414 1729 5456 tot
1756 5401 1988 5456 membra

415 5512 515 5546 non
548 5495 722 5550 valent
755 5494 820 5549 ad
851 5494 966 5563 ejus
995 5495 1152 5548 vitam
1175 5538 1189 5555 .
1221 5504 1275 5548 et
1314 5494 1436 5548 illud
1469 5509 1628 5546 unum
1659 5494 1984 5548 vulneratum

415 5587 552 5639 \ztlcl
579 5587 643 5639 ad
674 5591 937 5642 mortem?
959 5587 1071 5641 Non
1106 5587 1286 5655 utique
1315 5588 1414 5640 hoc
1439 5588 1619 5641 dicunt
1639 5630 1652 5650 ,
1684 5588 1773 5642 sed
1801 5603 1990 5641 curan-

415 5676 538 5726 dum
566 5675 794 5729 oll‘ernnt
824 5695 836 5730 :
867 5693 964 5731 nec
1005 5677 1124 5730 ideo
1157 5689 1328 5730 tamen
1369 5679 1490 5747 quia
1526 5677 1818 5731 curandum
1858 5679 1989 5732 olle—

419 5773 559 5829 rnnt,
603 5765 864 5819 medicum
907 5780 1114 5835 rogant,
1151 5770 1388 5821 utetiam
1422 5771 1506 5822 illa
1548 5785 1664 5836 quae
1701 5786 1826 5823 sana
1870 5782 1990 5824 sunt

416 5865 598 5916 curet;
632 5853 724 5908 sed
754 5855 825 5908 illi
847 5857 937 5910 uni
968 5859 1084 5914 loco
1113 5860 1426 5914 medicinam
1448 5860 1702 5919 instanter
1729 5865 1996 5930 adhibeat,

1133 428 1220 483 DE
1259 423 1595 482 BAPTISMO
1633 418 1906 476 CONTRA
1949 413 2394 488 DONATISTAS,
2437 423 2494 479 S.
2539 423 2676 481 AUC
2693 421 2913 482 US‘IINI

3533 447 3632 501 Ηϐ

2065 536 2204 591 unde
2228 553 2372 594 mors
2389 541 2546 596 etiam
2573 543 2718 598 sanis
2749 546 2766 576 ¹
2791 545 2998 600 czeteris
3041 546 3309 612 imminet,
3343 557 3396 603 et
3427 548 3529 603 nisi
3564 564 3646 600 sa-

2063 638 2217 680 netur
2259 627 2524 686 adveniet.
2569 631 2705 700 Quid
2745 649 2874 704 ergo
2903 635 3118 704 prodest
3158 637 3358 691 homini
3391 638 3472 692 vel
3517 653 3644 695 sana

2065 717 2214 784 fides,
2242 721 2323 775 vel
2360 736 2546 776 sanum
2587 721 2817 778 fortasse
2852 727 3024 780 solttm
3063 727 3190 785 ﬁdei
3227 739 3650 795 sacramentum,

2065 811 2151 862 ubi
2198 811 2342 866 letali
2391 813 2612 870 vulnere
2655 815 2960 870 sehismatis
3001 829 3282 888 perempta
3319 830 3400 874 est
3444 823 3646 877 sanitas

2063 900 2366 968 charitatis,
2396 918 2494 972 per
2527 905 2678 972 cujus
2719 906 2884 961 solius
2921 909 3338 977 peremptionem
3365 911 3527 966 etiam
3559 914 3644 968 illa

2063 990 2266 1061 integra
2298 992 2577 1048 trahuntur
2599 995 2666 1049 ad
2697 999 2958 1052 mortem?
2985 999 3137 1065 Quod
3165 1016 3232 1057 ne
3261 1001 3374 1068 fiat,
3398 1017 3501 1057 non
3524 1018 3644 1059 ces-

2063 1090 2147 1133 sat
2176 1082 2548 1138 misericordia
2579 1086 2672 1140 Dei
2719 1102 2814 1156 per
2854 1089 3109 1144 unitatem
3150 1101 3351 1146 sach
3393 1092 3646 1148 Ecclesia:

2063 1187 2194 1238 suae,
2228 1183 2283 1228 ιιι
2312 1176 2526 1230 veniant
2568 1185 2623 1232 et
2659 1190 2912 1233 curentur
2959 1196 3055 1249 per
3085 1181 3531 1238 medicamentum
3561 1201 3646 1237 re-

2063 1264 2465 1332 conciliationis,
2487 1281 2582 1336 per
2600 1269 2864 1324 vinculum
2899 1272 3061 1340 pacis.
3099 1272 3211 1331 Nec
3235 1274 3357 1329 ideo
3379 1291 3437 1329 se
3466 1285 3649 1344 putent

2063 1371 2222 1412 sanos
2247 1372 2388 1424 esse,
2419 1356 2541 1429 quia
2579 1360 2806 1416 dicimus
2829 1377 2923 1416 eos
2954 1363 3153 1420 habere
3181 1366 3386 1437 aliquid
3414 1383 3603 1424 sanum
3629 1387 3644 1421 :

2065 1465 2165 1505 nec
2203 1468 2386 1508 rursus
2427 1463 2613 1523 putent
2658 1456 2778 1510 ideo
2803 1457 3108 1512 curandum;
3135 1473 3255 1512 esse
3289 1461 3429 1529 quod
3456 1475 3652 1515 santtm

2065 1551 2167 1606 est,
2199 1544 2320 1612 quia
2363 1547 2690 1600 ostendimus
2729 1548 2926 1616 aliquid
2973 1550 3328 1603 vulneratum.
3364 1552 3543 1620 Itaque
3591 1553 3651 1605 in

2066 1634 2394 1692 Sacramenti
2426 1638 2684 1704 sanitate,
2717 1641 2835 1711 quia
2876 1652 3180 1698 contmnos
3211 1659 3330 1697 non-
3355 1653 3511 1707 sunt,
3549 1658 3656 1714 pro.

2067 1715 2368 1783 nobis'snnt
2397 1747 2410 1783 :
2443 1730 2493 1783 in
2520 1730 2822 1786 sehismatis
2863 1742 3041 1787 autem
3083 1735 3332 1798 vulnere,
3378 1737 3496 1806 quia
3522 1751 3652 1790 cum.

2067 1821 2281 1876 Christo
2309 1837 2414 1876 non
2454 1823 2741 1894 colligunt,
2784 1836 3062 1895 spargunt.
3090 1825 3206 1880 Non
3234 1829 3553 1883 extollantur
3578 1846 3647 1885 ex

2068 1915 2152 1971 his
2187 1932 2305 1987 qu'c
2345 1917 2560 1972 habent.
2589 1919 2725 1986 Quid
2762 1930 2963 1974 tantum
3010 1938 3106 1989 per
3135 1938 3196 1976 ea
3226 1939 3344 1992 qua:
3368 1909 3497 1976 sana
3525 1935 3653 1979 sunt

2067 2007 2328 2076 superbos
2352 2009 2535 2064 oculos
2563 2009 2800 2066 ducunt?
2840 2011 2919 2065 Et
2945 2014 3136 2066 vulnus
3171 2029 3324 2066 suum
3367 2013 3652 2082 dignentur.

2069 2100 2342 2156 humiliter
2369 2102 2594 2167 intueri,
2641 2119 2739 2158 nec
2783 2106 2954 2162 solum
2990 2105 3112 2175 quid
3143 2105 3314 2170 adsit,
3362 2107 3454 2160 sed
3486 2109 3645 2160 etiam

2068 2191 2195 2260 quid
2224 2192 2362 2246 desit
2399 2193 2695 2248 attendant.

2139 2282 2366 2339 CAPUT
2399 2283 2486 2339 IX.
2515 2315 2586 2325 —
2613 2285 2698 2339 12.
2730 2285 2954 2341 Videant
2991 2302 3159 2357 quam
3189 2288 3355 2342 multa
3398 2297 3452 2343 et
3491 2303 3657 2359 quam

2073 2389 2258 2445 magna
2295 2375 2426 2430 nihil
2458 2379 2680 2445 prosint,
2719 2379 2763 2433 si
2813 2395 2974 2433 unum
3015 2380 3266 2449 quiddam
3311 2379 3561 2442 defuerit.
3597 2390 3669 2434 οι·

2070 2465 2282 2519 videant
2303 2467 2426 2536 quid
2457 2468 2527 2522 sit
2557 2469 2726 2537 ipsmn
2757 2486 2938 2524 unum.
2966 2470 3072 2524 Nec
3100 2487 3184 2524 me
3210 2472 3260 2524 in
3286 2471 3389 2525 hoc
3413 2471 3649 2533 audiant,

2072 2557 2502 2627 sedApostolum
2535 2576 2548 2612 :
2579 2559 2640 2614 Si
2666 2561 2868 2631 linguis,
2899 2563 3086 2632 inquit,
3119 2564 3582 2633 hominum-loquar
3603 2576 3658 2618 et

2074 2649 2398 2719 Assyriorum,
2427 2651 2724 2706 charitatem
2764 2663 2934 2712 autem
2961 2671 3059 2707 non
3089 2655 3318 2722 habeam,
3353 2658 3514 2727 factus
3543 2674 3654 2708 sum

2073 2752 2397 2795 (crumentum
2422 2745 2442 2774 ¹
2464 2761 2648 2798 sonans
2667 2788 2680 2810 ,
2711 2756 2800 2799 aut
2823 2748 3109 2816 cymbalum
3136 2749 3368 2802 tinniens.
3403 2748 3466 2800 Et
3488 2750 3533 2801 si
3562 2753 3656 2801 ha-

2075 2833 2226 2888 buero
2266 2837 2604 2906 prophetiam,
2635 2848 2681 2890 et
2706 2841 2866 2892 sciero
2903 2841 3073 2892 omnia
3113 2849 3444 2904 sacramenta,
3472 2849 3518 2892 et
3541 2857 3652 2893 om-

2075 2941 2189 2978 nem
2217 2926 2507 2994 scientiam,
2548 2937 2597 2979 et-
2637 2929 2681 2981 si
2724 2929 2942 2982 habuero
2968 2946 3165 2983 omnem
3206 2929 3358 2998 ﬁdem
3388 2940 3440 2982 ut
3466 2940 3661 2986 montes

2077 3018 2396 3084 transferam,
2426 3019 2728 3071 charitatem.
2757 3029 2924 3073 autem
2963 3037 3064 3074 non
3111 3021 3341 3086 habeam,
3383 3021 3512 3074 nihil
3544 3038 3669 3075 sum.

2077 3107 2118 3179 (I
2133 3108 2249 3162 Cor.
2269 3123 2383 3174 xm,
2400 3109 2542 3177 1-5).
2562 3109 2698 3177 Quid
2725 3125 2852 3179 ergo
2873 3113 2952 3165 eis
2972 3111 3194 3180 prodest.
3215 3112 3256 3165 si
3284 3123 3336 3165 et
3358 3112 3586 3182 linguam
3605 3112 3656 3166 in

2077 3199 2250 3252 sacris
2283 3198 2554 3268 mysteriis
2597 3198 2823 3260 habeant
2862 3202 3190 3271 angelicam,
3235 3210 3289 3255 et
3319 3201 3658 3272 prophetiam

2079 3289 2522 3358 quemadmodum
2552 3290 2778 3360 Gaipltas
2809 3291 2984 3360 (Joan.
3020 3310 3088 3357 xl,
3124 3294 3212 3359 5|)
3241 3303 3292 3346 et
3319 3294 3442 3348 Said
3466 3294 3506 3364 (Ι
3533 3293 3656 3364 Reg.

2079 3395 2232 3443 xvnt,
2270 3381 2383 3452 10),
2415 3383 2770 3452 tit-aliquando
2794 3385 3128 3454 prophetent,
3162 3401 3294 3455 quos
3320 3386 3479 3439 fuisse
3506 3386 3660 3439 dam-

2082 3473 2284 3525 nubi-les
2313 3482 2493 3526 ~sancta
2524 3475 2789 3544 Scriptum
2819 3478 3081 3529 testatur?
3104 3476 3157 3530 Si
3184 3487 3513 3530 sacramenta
3555 3493 3603 3530 nt
3626 3492 3660 3530 ιι

2084 3575 2283 3617 tantum
2311 3567 2500 3631 sciant;
2524 3567 2615 3620 sed
2641 3577 2692 3620 et
2715 3568 2960 3630 habeant,
2988 3569 3121 3620 sicut
3150 3569 3330 3621 habuit
3348 3569 3530 3621 Simon
3551 3587 3666 3622 ma-

2081 3669 2176 3724 gns
2211 3655 2342 3726 (Art.
2374 3671 2486 3719 vut,
2520 3655 2607 3726 15)
2641 3672 2654 3707 :
2688 3656 2942 3721 si'fidem,
2967 3657 3105 3712 sicut
3133 3657 3389 3711 daemonia
3414 3660 3661 3713 confessa

2084 3746 2534 3810 sont-(iln-istnm;
2568 3762 2742 3818 neque
2781 3748 2921 3802 enim
2963 3763 3065 3802 non
3107 3750 3394 3803 credebant
3423 3766 3546 3803 cum
3576 3751 3662 3804 di-

2084 3847 2290 3902 cereut,
2324 3838 2460 3905 Quid
2488 3837 2628 3894 nobis
2665 3848 2711 3892 et
2755 3839 2842 3891 tibi
2867 3850 2958 3900 est,
2996 3839 3099 3892 Fili
3126 3839 3253 3894 Dei?
3277 3842 3465 3894 scimus
3491 3841 3574 3910 qui
3595 3843 3674 3895 sis

2085 3927 2277 3998 (Marc.
2313 3943 2357 3985 ι.
2405 3928 2518 3998 ⁵24).
2558 3929 2612 3984 Si
2645 3929 2958 3999 dispertian‘t
2999 3931 3093 4000 ipsi
3123 3931 3280 3986 etiam
3314 3932 3664 3985 substantiam

2085 4035 2234 4075 suam
2269 4022 2607 4091 pauperibus,
2638 4024 2772 4076 sicut
2794 4024 2964 4087 multi,
2999 4040 3100 4077 non
3120 4025 3286 4078 solum
3307 4025 3675 4094 inCatholiea,

2085 4113 2180 4169 sed
2204 4114 2254 4168 in
2283 4113 2512 4168 diversis
2535 4115 2828 4170 lucresibus
2859 4113 3074 4170 faciunt.
3108 4116 3163 4172 Si
3178 4117 3361 4185 aliqua
3390 4117 3669 4187 ingruente

2087 4205 2458 4274 persecutione
2491 4205 2700 4260 tradant
2739 4206 2804 4259 ad
2854 4204 3096 4259 ﬂammas
3149 4207 3420 4262 nobiscum
3473 4224 3670 4276 corpus

2088 4309 2244 4348 suum
2277 4310 2371 4364 pro
2399 4294 2502 4349 lide
2528 4309 2686 4364 quam
2719 4297 2915 4364 pariter
2939 4295 3260 4351 confitentur
3295 4316 3307 4351 :
3341 4309 3514 4352 tamen
3545 4300 3677 4368 quia.

2090 4386 2317 4453 separati
2346 4385 2458 4437 hare
2488 4393 2668 4453 agunt,
2700 4399 2802 4437 non
2843 4384 3162 4442 sufferentes
3193 4389 3416 4442 invicem
3451 4390 3500 4443 in
3528 4391 3667 4444 dile-

2091 4477 2306 4543 CIione,
2355 4490 2526 4544 neque
2571 4473 2847 4531 studentes
2885 4491 3100 4532 scrvare
3147 4480 3400 4535 unitatem
3453 4482 3680 4549 spiritus

2094 4567 2144 4621 in
2177 4567 2385 4620 vinculo
2417 4564 2791 4637 pacis(Ephes.
2818 4582 2894 4632 tv,
2931 4567 2987 4635 2,
3019 4571 3105 4640 5),
3131 4570 3443 4625 charitatem
3487 4573 3670 4642 utique

2096 4672 2202 4710 non
2229 4655 2490 4721 habendo,
2523 4657 2680 4710 etiam
2710 4672 2830 4711 cutn
2877 4659 2983 4712 illis
3012 4661 3256 4715 omnilnts
3285 4677 3399 4730 qtae
3429 4663 3556 4716 nihil
3594 4665 3674 4718 eis

2096 4759 2336 4820 prosunt,
2363 4749 2429 4802 ad
2455 4757 2708 4805 attentam
2738 4750 2962 4806 salutem
2991 4755 3268 4821 pervenire
3295 4770 3399 4808 non
3429 4767 3676 4824 possunt.

2167 4842 2392 4897 CAPUT
2425 4841 2488 4896 Χ.
2517 4844 2693 4899 -13.
2754 4844 2858 4898 Sed
2905 4843 3150 4898 videntur
3196 4845 3294 4900 sihi
3338 4848 3678 4916 argutissime

2096 4951 2366 5004 maerere,
2401 4953 2418 4985 ι
2457 4945 2630 4988 utrum
2662 4944 2880 5004 generet
2907 4935 3040 4990 filios
3071 4936 3369 5006 Baptismns
3395 4938 3590 4992 Christi
3623 4939 3676 4993 in

2105 5047 2124 5079 ς
2163 5037 2308 5098 parte
2339 5029 2558 5095 Donati,
2586 5044 2651 5081 an
2683 5043 2786 5082 non
2827 5040 3046 5099 generet
3079 5048 3091 5080 :
3130 5049 3147 5081 ι
3183 5038 3239 5082 ιιι
3264 5030 3305 5083 si
3342 5031 3678 5084 consenseri-

2103 5136 2222 5174 unzs
2251 5119 2390 5189 quod
2419 5128 2671 5188 generet,
2703 5133 2852 5173 suam
2882 5135 3000 5173 esse
3033 5128 3342 5174 asseverent
3382 5120 3678 5173 Ecclesium

2104 5220 2358 5275 matrem,
2384 5225 2504 5278 qua:
2536 5209 2670 5263 lilios
2703 5209 2870 5277 potuit
2911 5209 2978 5263 de
3005 5207 3198 5263 Christi
3229 5210 3553 5279 Baptismate
3591 5226 3684 5279 ge-

2105 5317 2326 5368 nerare;
2355 5310 2409 5356 et
2435 5301 2555 5370 quia
2581 5316 2739 5354 unam
2777 5309 2986 5370 oportet
3008 5315 3125 5354 esse
3149 5301 3462 5364 Ecclesium,
3491 5319 3556 5355 ex
3585 5305 3687 5358 hoc

2100 5393 2208 5463 jam
2232 5401 2467 5447 nostram
2491 5407 2598 5445 non
2621 5407 2738 5445 esse
2767 5391 3057 5446 Ecclesiam
3092 5392 3458 5446 criminentur.
3488 5393 3543 5446 Si
3587 5409 3686 5445 an-

2105 5495 2211 5540 tem
2261 5486 2556 5540 dixerimus
2581 5526 2595 5549 ,
2630 5502 2732 5539 non
2759 5499 3012 5556 generat:
3050 5505 3066 5537 ι
3102 5485 3207 5540 Cur
3241 5503 3400 5556 ergo,
3441 5505 3459 5537 ι
3503 5487 3685 5557 aiunt,

2112 5594 2129 5625 ι
2160 5577 2295 5646 apud
2325 5592 2417 5631 vos
2439 5592 2540 5629 non
2562 5588 2908 5630 renascuntur
2931 5596 3020 5645 νυι·
3043 5578 3382 5646 Baptisnnnn,
3402 5579 3490 5648 qui
3513 5589 3677 5632 trans-

2175 5757 2187 5785 ¹
2218 5755 2286 5801 Sic
2307 5754 2631 5813 manuscriplt.
2664 5762 2714 5802 At
2739 5753 2872 5809 editi,
2898 5753 3056 5803 salvis.

2176 5821 2190 5845 ²
2219 5817 2359 5868 taliet,
2408 5817 2560 5873 fm'lus
2603 5828 2704 5860 sm
2748 5815 2865 5860 rrt'u!
2891 5824 3202 5879 n'rnntcntnnt
3271 5817 3445 5879 Abest,
3472 5819 3614 5870 velut.
3646 5838 3672 5871 ει

2111 5879 2446 5939 manuscrijrtFS
2471 5884 2518 5925 et
2561 5889 2587 5925 a
2627 5889 2785 5937 grteco
2811 5883 2948 5925 textu
2975 5877 3193 5938 Aposto‘i.
3433 5877 3438 5879 ’
3685 5924 3702 5985 λ
