4050 6206
435 366 534 421 “9

431 483 624 536 Cluisti
675 483 992 550 Baptismate
1031 477 1222 530 tinctus
1265 475 1353 527 sit.
1399 471 1842 541 Respoinlelniut.
1885 468 1998 531 lta;

433 576 551 637 quia
596 581 791 626 saneta:
833 569 1117 636 Scriptura:
1159 564 1472 618 auctoritate
1511 571 1789 631 coguntur.
1814 559 2004 626 Quzero

432 679 558 733 ergo
612 673 786 714 utrum
830 658 1094 712 fateantur
1127 657 1175 710 ei
1215 655 1430 709 dimissa
1465 653 1719 722 peccata?
1763 650 2004 704 Profecto

434 753 754 806 fatebuntur.
799 749 923 802 ltem
970 763 1170 817 qua-ro,
1210 761 1305 800 cur
1335 745 1382 800 ei
1425 744 1616 797 dixerit
1645 742 1829 795 Petrus
1855 782 1867 802 ,
1900 754 2005 791 nan

430 859 551 897 eum
599 843 794 896 habere
841 850 1040 908 partem
1074 839 1124 892 in
1156 848 1298 892 sorte
1327 833 1664 890 sanctorum?
1707 833 1836 898 Quia
1863 873 1878 894 ,
1921 831 2004 883 in-

429 938 636 1004 quiunt,
666 944 844 1005 postea
872 933 1124 1002 peccavit,
1155 929 1372 998 pecunia
1400 927 1581 980 Volens
1601 941 1780 979 emere
1805 922 2001 975 donum

434 1028 544 1087 ltei,
573 1025 722 1093 cujus
751 1025 1054 1076 venditores
1081 1037 1197 1076 esse
1222 1019 1499 1088 .-\postolos
1527 1014 1771 1069 credidit.

500 1118 724 1174 CAPUT
760 1116 872 1172 ΧΗ.
910 1145 980 1154 —-
1006 1115 1091 1168 18.
1124 1113 1293 1178 Quid,
1323 1112 1366 1164 si
1393 1109 1456 1162 ad
1486 1110 1655 1179 ipsmu
1677 1105 2000 1174 Baptismum

434 1196 582 1264 fictus
611 1207 867 1263 accessit?
895 1206 1110 1258 dimissa
1153 1212 1277 1258 sunt
1303 1203 1352 1258 ei
1386 1211 1595 1271 peccata
1623 1242 1637 1265 ,
1664 1215 1728 1251 an
1753 1213 1857 1252 non
1880 1205 2006 1252 sunt

430 1299 690 1355 dimissa?
720 1300 922 1367 Eligant
964 1297 1102 1366 quod
1134 1297 1340 1358 volunt;
1375 1291 1682 1346 utrumlibet
1706 1289 1956 1358 elegerint
1985 1329 1999 1353 ,

432 1389 628 1445 sufficit
678 1390 846 1444 nobis.
901 1387 953 1440 Si
998 1387 1211 1440 dimissa
1264 1384 1528 1443 dixerint;
1577 1380 1841 1450 quomodo
1881 1395 2005 1448 ergo

437 1482 656 1548 Spiritus
685 1487 887 1530 sanctus
914 1476 1193 1542 disciplina:
1221 1473 1419 1544 elfugiet
1459 1474 1630 1538 [ictum
1662 1468 1814 1543 (Sap.
1842 1485 1879 1531 I,
1909 1469 1962 1537 5)
1989 1506 2002 1529 .

435 1574 479 1626 si
507 1573 556 1626 iu
590 1573 686 1624 isto
719 1573 837 1623 ficto
868 1568 1231 1641 remissionem
1260 1573 1508 1634 operatus
1533 1573 1606 1619 est
1637 1561 2006 1631 peccatorum?

429 1663 485 1718 Si
506 1661 735 1716 dixerint
756 1668 860 1714 non
887 1675 1004 1712 csse
1032 1657 1247 1711 dimissa
1270 1673 1284 1720 ;
1305 1669 1507 1724 quaero,
1539 1654 1584 1706 si
1612 1661 1792 1722 postea
1837 1650 2005 1703 fictio-

434 1771 554 1809 nem
584 1769 732 1807 suam
773 1751 935 1806 corde
964 1762 1224 1803 concusso
1252 1756 1304 1802 et
1331 1760 1456 1799 vero
1489 1743 1673 1798 dolore
1715 1742 1966 1795 fateretur
1989 1781 2002 1802 ,

432 1848 608 1900 denuo
651 1840 995 1912 baptizandus
1029 1837 1388 1907 judicaretur?
1420 1834 1569 1901 Quod
1601 1835 1642 1888 si
1671 1831 2006 1887 dementissi-

435 1953 576 1989 nmm
601 1944 683 1989 est
716 1935 924 1995 dicere;
951 1929 1212 1985 fateantur
1237 1943 1364 1982 vero
1394 1926 1659 1996 Baptismo
1686 1922 1882 1980 Christi
1909 1923 2003 1977 ba-

435 2029 615 2095 ptizari
648 2041 803 2097 posse
829 2024 1127 2083 hominem,
1164 2031 1216 2076 et
1263 2027 1436 2074 tamen
1467 2032 1562 2071 cor
1586 2016 1702 2084 ejus
1728 2016 1778 2068 in
1807 2014 2002 2068 malitia

434 2118 516 2172 vel
561 2116 837 2185 sacrilegio
878 2126 1243 2182 perseverans,
1295 2116 1633 2178 peccatorum
1663 2105 2004 2159 abolitionem

434 2224 537 2263 non
584 2209 760 2262 sinere
791 2205 900 2260 fieri
932 2223 944 2257 :
975 2213 1133 2272 atque
1175 2201 1242 2254 ita
1275 2199 1567 2267 intelligant
1597 2195 1648 2250 in
1679 2194 2008 2250 communio-

433 2299 586 2353 nibus
610 2298 675 2352 ab
706 2296 940 2351 Ecclesia
966 2293 1220 2361 separatis
1254 2304 1407 2360 posse
1438 2287 1679 2341 homines
1706 2285 1958 2355 baptizari
1987 2325 2005 2350 ,

434 2389 520 2443 ubi
547 2387 742 2442 Christi
769 2385 1066 2454 Baptismns
1091 2382 1278 2438 eadem
1304 2379 1618 2434 sacramenti
1645 2376 2005 2432 celebratione

431 2480 584 2534 Ilatttr
611 2489 667 2535 et
691 2478 947 2540 sumitur;
993 2476 1079 2545 qui
1131 2484 1305 2528 tamen
1358 2481 1481 2525 tunc
1532 2469 1696 2538 prosit
1721 2467 1786 2520 ad
1817 2466 2005 2521 remis-

431 2575 632 2626 sionem
666 2579 999 2640 peccatorum
1025 2609 1040 2627 ,
1083 2580 1203 2620 cmn
1235 2564 1350 2632 quis
1376 2560 1746 2616 reconciliatus
1773 2557 1958 2612 unitati
1988 2599 2000 2621 ,

431 2662 707 2731 sacrilegio
737 2656 1080 2714 dissensionis
1107 2655 1334 2716 exuitur,
1359 2667 1462 2721 quo
1487 2651 1600 2717 ejus
1621 2657 1832 2718 peccata
1857 2657 2004 2701 tene-

433 2755 648 2816 bantur,
690 2761 742 2806 et
783 2748 974 2804 dimitti
1007 2762 1108 2801 non
1137 2745 1464 2799 sinebantur.
1495 2741 1639 2796 Sicut
1667 2741 1806 2794 enim
1834 2740 1884 2792 in
1916 2738 2005 2792 illo

432 2843 518 2910 qui
551 2844 704 2896 fictus
728 2847 1048 2903 accesserat,
1082 2837 1140 2888 lit
1167 2844 1225 2889 ut
1251 2848 1355 2886 non
1381 2831 1556 2886 denuo
1574 2830 1887 2899 liaptizetur,
1911 2827 2004 2882 sed

433 2935 538 3001 ipsa
570 2933 653 3002 pia
691 2929 1022 2986 correctione
1050 2935 1104 2981 et
1131 2923 1306 2978 veraci
1338 2920 1672 2978 confessione
1710 2928 1961 2988 purgetur
1987 2959 2001 2981 ,

430 3021 568 3090 quod
591 3036 693 3075 non
723 3027 904 3090 posset
930 3018 1045 3072 sine
1087 3014 1384 3083 Baptismo,
1427 3020 1482 3064 ut
1511 3009 1648 3079 quod
1680 3017 1802 3062 ante
1825 3008 2003 3062 datum

429 3123 530 3177 est,
563 3122 688 3167 tunc
715 3111 894 3165 valere
935 3107 1151 3174 incipiat
1197 3104 1261 3158 ad
1305 3103 1552 3164 salutem,
1595 3115 1712 3154 cum
1746 3099 1830 3153 illa
1864 3098 2006 3152 ﬁctio

432 3204 601 3261 veraci
628 3201 958 3257 confessione
985 3196 1305 3252 recesserit:
1336 3194 1414 3246 sic
1450 3191 1609 3244 etiam
1652 3190 1750 3244 iste
1789 3189 1873 3258 qui
1907 3189 2006 3242 Ba-

434 3295 619 3362 ptisma
645 3290 858 3355 Christi,
887 3286 1025 3358 quod
1055 3301 1158 3340 non
1189 3283 1480 3337 amiserunt
1521 3281 1608 3344 qui
1636 3295 1693 3334 se
1723 3293 2006 3348 separave-

434 3396 573 3450 runt,
607 3383 852 3437 inimicus
880 3376 1155 3434 charitatis
1198 3385 1252 3429 et
1288 3374 1430 3443 pacis
1474 3371 1689 3439 Christi,
1733 3371 1785 3424 in
1833 3370 2004 3439 aliqua

434 3474 621 3530 haeresi
667 3481 758 3527 aut
803 3470 1088 3525 schismate
1117 3465 1338 3534 accepit,
1368 3478 1472 3534 quo
1499 3461 1756 3529 sacrilego
1803 3461 2008 3524 scelere

435 3575 644 3632 peccata
692 3564 806 3630 ejus
845 3575 949 3614 non
991 3556 1410 3616 dimittebantur,
1437 3567 1556 3606 cum
1588 3565 1646 3604 se
1674 3551 2005 3616 correxerit,

431 3665 486 3710 et
509 3655 575 3709 ad
602 3653 853 3708 Ecclesiae
879 3650 1183 3706 societatem
1226 3646 1585 3712 unitatemque
1630 3641 1856 3705 venerit,
1901 3656 2006 3695 non

433 3752 623 3803 iterum
669 3743 1018 3815 baptizandus
1062 3749 1179 3805 est;
1209 3739 1329 3808 quia
1359 3737 1469 3806 ipsa
1498 3735 1544 3787 ei
1577 3733 2008 3788 reconciliatione

432 3856 496 3895 ac
539 3854 668 3908 pace
713 3844 1023 3907 prrestatur,
1070 3841 1128 3887 ut
1163 3831 1228 3885 ad
1273 3827 1640 3884 remissionem
1671 3831 2006 3895 peccatorum

433 3931 551 4000 ejus
580 3931 630 3983 in
662 3929 862 3984 unitate
887 3926 996 3996 jam
1028 3922 1281 3994 prodesse
1307 3917 1523 3987 incipiat
1559 3917 1958 3971 Sacramentum
1992 3955 2006 3977 ,

433 4020 572 4091 quod
601 4027 877 4088 acceptum
920 4017 971 4070 in
1001 4013 1285 4066 schismate
1313 4007 1562 4077 prodesse
1585 4020 1686 4057 non
1711 4012 1936 4072 poterat.

505 4113 594 4169 ‘19.
637 4111 692 4167 Si
737 4121 910 4164 autem
943 4105 1193 4167 dixerint,
1227 4101 1276 4152 in
1325 4097 1416 4150 illo
1455 4095 1541 4164 qui
1573 4095 1721 4147 [ictus
1744 4093 1967 4146 accessit
1991 4105 2015 4155 ,'

437 4221 531 4276 per
559 4213 793 4260 sanctam
821 4199 926 4253 vim
954 4196 1084 4250 tanti
1110 4186 1426 4246 sacramenti
1454 4184 1666 4238 dimissa
1696 4183 1906 4253 quidem
1936 4183 2010 4236 illi

436 4272 560 4350 esse
587 4301 797 4362 peccata
830 4291 882 4343 in
914 4288 1028 4355 ipso
1055 4279 1307 4350 temporis
1338 4285 1529 4348 puncto
1549 4315 1564 4338 ,
1597 4274 1688 4327 sed
1719 4289 1809 4342 per
1847 4272 2012 4326 fictio-

441 4401 560 4441 nem
600 4385 719 4452 ejus
768 4381 992 4436 rediisse
1039 4377 1290 4430 continuo
1338 4389 1350 4423 :
1385 4379 1440 4423 ut
1467 4367 1697 4438 Spiritus
1727 4373 1939 4418 sanctus
1960 4373 2014 4418 et

440 4476 666 4532 adfuerit
693 4474 953 4542 baptizata
979 4478 1037 4524 ut
1064 4475 1276 4537 peccata
1307 4462 1648 4523 recederent,
1679 4466 1730 4511 et
1759 4470 2014 4526 persevc-

442 4570 664 4624 rantiam
717 4565 942 4621 tictionis
993 4561 1182 4632 fugerit
1212 4566 1270 4613 ut
1298 4556 1568 4615 redirent;
1603 4562 1657 4605 ut
1681 4560 1734 4605 et
1765 4549 1889 4602 illud
1921 4563 2013 4603 vc-

443 4676 558 4714 rum
593 4661 698 4724 sit,
743 4659 990 4727 Quotquot
1019 4654 1070 4706 iu
1100 4651 1297 4706 Christo
1325 4645 1562 4718 baptizati
1590 4642 1725 4706 estis,
1758 4639 2015 4694 Christum

443 4752 709 4815 induistis;
735 4758 789 4804 et
815 4746 960 4811 illud,
1009 4743 1229 4813 Spiritus
1259 4740 1389 4794 enim
1417 4745 1616 4790 sanctus
1643 4732 1924 4800 disciplina
1943 4729 2018 4797 ef-

445 4841 599 4910 fugiet
623 4841 794 4908 ﬁctum
815 4855 834 4892 :
857 4837 906 4891 id
929 4845 1030 4901 est,
1053 4843 1112 4888 ut
1131 4840 1183 4886 et
1205 4831 1383 4884 induat
1401 4843 1521 4882 eum
1545 4824 1752 4880 Christo
1768 4821 2019 4874 Sanctitas

448 4925 732 5001 Baptismi,
763 4937 817 4984 et
843 4934 1004 4982 exuat
1044 4939 1164 4979 eum
1213 4920 1426 4976 Christo
1453 4915 1712 4986 pernicies
1753 4911 2014 4966 fictionis:

447 5024 580 5079 .~icut
608 5022 666 5076 fit
688 5035 809 5076 cum
839 5018 1109 5088 quisquea
1141 5011 1373 5068 tenebris
1407 5024 1500 5078 per
1525 5007 1696 5060 lucem
1730 5003 1917 5056 transit
1953 5000 2017 5053 ad

449 5115 720 5178 tenebras;
749 5109 884 5165 oculi
909 5107 1122 5178 quidem
1145 5104 1261 5172 ejus
1286 5103 1335 5155 in
1365 5097 1609 5154 tenebras
1647 5101 1904 5164 perpetuo
1942 5089 2022 5144 di-

450 5209 707 5276 riguntur,
726 5200 820 5256 sed
843 5215 945 5254 non
971 5194 1242 5267 potestlux
1261 5194 1276 5224 ¹
1302 5191 1400 5245 nisi
1417 5185 1732 5258 perfundere
1750 5192 2023 5236 transeun-

449 5271 552 5355 (ειη
587 5315 600 5349 :
628 5296 672 5349 si
704 5295 804 5347 hoc
854 5306 980 5360 ergo
1032 5286 1280 5348 dixerint,
1326 5281 1427 5336 hoc
1451 5279 1609 5333 etiam
1639 5277 1689 5330 in
1722 5274 1800 5328 eis
1827 5271 2023 5326 intelli-

449 5400 572 5456 gant
620 5385 756 5452 fieri,
800 5383 889 5453 qui
940 5389 1086 5435 extra
1137 5375 1389 5430 Ecclesiae
1426 5366 1882 5428 conmuuuionem,
1932 5361 2024 5416 sed

451 5451 624 5535 tunen
679 5451 999 5544 Baptismatc
1035 5467 1287 5523 Ecclesiae
1335 5462 1689 5530 baptizautur,
1735 5452 1874 5524 quod
1909 5451 2025 5504 ubi-

449 5594 464 5623 ε,
483 5588 673 5640 umque
703 5569 880 5632 fuerit,
909 5571 1146 5619 sanctum
1174 5569 1256 5612 est
1278 5572 1368 5626 per
1394 5569 1450 5607 se
1472 5553 1642 5621 ipsum
1675 5566 1687 5601 :
1715 5545 1900 5600 etideo
1924 5559 2026 5594 non

517 5725 530 5753 ι
558 5729 687 5774 |.ov.,
710 5723 789 5767 sed
815 5734 904 5769 non
931 5722 1076 5782 potest
1100 5724 1208 5763 eum
1240 5710 1325 5758 lux
1387 5707 1658 5765 Elegantius
1702 5699 1815 5748 editi
1858 5695 1934 5744 alii
1982 5703 2026 5741 et

454 5787 601 5832 nostri
625 5794 790 5828 [nanus
813 5780 935 5845 ripti
952 5780 1146 5830 omisso,
1169 5785 1290 5821 cum.

1168 362 1255 416 DE
1299 357 1630 414 llAPTlSRIO
1670 357 1940 410 CONTRA
1987 353 2424 420 DON.\TISTAS,
2467 354 2521 408 S.
2567 353 2929 410 AUCUSTINI

3583 358 3682 411 1’20

2115 478 2195 520 est
2219 482 2402 522 eorum
2433 466 2520 535 qui
2543 481 2600 519 se
2627 477 2890 534 separant,
2914 465 3005 521 sed
3028 467 3141 536 cjus
3163 467 3303 520 unde
3322 481 3378 520 se
3396 482 3634 536 separant
3662 486 3675 530 ;

2112 558 2248 609 valet
2279 565 2451 609 tamen
2482 565 2532 608 et
2569 556 2707 623 apud
2751 571 2843 609 eos
2887 555 3160 620 hactenus,
3205 566 3261 609 ut
3306 571 3400 626 per
3443 556 3556 625 ejus
3604 557 3684 610 li:-

2111 662 2225 700 cem
2257 655 2523 700 transeant
2549 645 2614 700 ad
2641 645 2986 700 dissensionis
3013 663 3123 701 sua:
3151 647 3412 705 tenebras.
3436 652 3683 700 centiam:

2111 741 2451 795 redeuntibus
2503 741 2753 810 peccatis,
2803 757 2918 809 quzc
2967 741 3300 808 Baptismatis
3342 743 3592 793 sanctitas
3634 759 3683 794 ιιι

2113 833 2202 886 illo
2251 834 2504 902 temporis
2557 843 2750 902 puncto
2791 832 3084 896 dimiserat,
3143 842 3387 901 tanquam
3430 831 3686 886 redeunte

2111 921 2431 977 obscuritate
2454 938 2610 992 quam
2630 923 2715 976 lux
2749 923 2798 975 in
2833 923 3053 975 transitu
3073 932 3395 974 excusserat.

2179 1013 2268 1068 90.
2298 1014 2426 1068 Nam
2457 1015 2628 1069 redire
2652 1015 2867 1068 dimissa
2900 1023 3135 1083 peccata,
3169 1012 3254 1064 ubi
3288 1011 3512 1065 fraterna
3552 1010 3685 1066 cha-

2111 1106 2240 1159 ritas
2293 1121 2397 1161 non
2451 1116 2561 1172 est,
2605 1105 2938 1174 apertissime
2983 1104 3234 1158 Dominus
3281 1103 3436 1156 docet
3477 1102 3542 1156 de
3594 1102 3686 1155 illa

2110 1211 2284 1261 servo,
2303 1213 2460 1268 quem
2481 1212 2598 1252 cum
2628 1197 2915 1252 invenisset
2938 1195 3231 1249 debitorem
3253 1193 3435 1247 decem
3460 1193 3684 1245 millium

2111 1288 2445 1350 talentorum,
2473 1287 2776 1358 deprecanti
2799 1286 2972 1338 omnia
2992 1283 3207 1337 dimisit.
3235 1283 3329 1337 llle
3351 1293 3526 1335 autem
3545 1295 3677 1334 con-

2110 1394 2318 1433 servum
2350 1397 2501 1433 suum
2528 1381 2616 1448 qui
2645 1379 2692 1433 ei
2721 1378 2945 1432 debebat
2971 1385 3182 1431 centum
3223 1373 3470 1428 denarios
3495 1415 3510 1435 ,
3557 1387 3688 1425 cum

2112 1469 2392 1523 miseratus
2436 1485 2536 1522 non
2583 1468 2797 1532 fuisset,
2835 1466 2991 1536 jussit
3020 1482 3138 1520 eum
3170 1463 3415 1518 dominus
3460 1462 3682 1516 reddere

2111 1575 2228 1630 qua:
2258 1560 2305 1613 ei
2351 1559 2641 1614 dimiserat.
2684 1559 2912 1626 Tempus
2939 1571 3065 1626 ergo
3095 1572 3199 1625 quo
3227 1555 3484 1622 accipitur
3509 1552 3682 1605 indul-

2110 1651 2284 1719 gentia
2312 1666 2406 1720 per
2432 1637 3054 1720 Baptismum,vtanquam
3077 1657 3282 1716 tempus
3299 1655 3378 1699 est
3401 1645 3692 1700 reddenda

2113 1743 2349 1803 rationis.
2379 1754 2433 1797 ut
2458 1743 2632 1797 omnia
2664 1743 2836 1796 debita
2864 1757 2981 1810 qua:
3025 1741 3233 1794 inventa
3274 1738 3466 1791 fuerint
3505 1737 3685 1791 dimit-

2113 1840 2305 1886 tantur.
2338 1833 2451 1886 Nou
2483 1843 2654 1886 tamen
2687 1833 2771 1886 ille
2797 1846 2982 1885 servus
3011 1839 3189 1898 postea
3238 1829 3383 1883 dedit
3425 1842 3688 1882 conservo

2109 1937 2207 1976 suo
2237 1933 2467 1977 mutuam
2498 1923 2791 1991 pecuniam,
2815 1936 3108 1990 quamcum
3131 1918 3217 1973 ille
3239 1934 3342 1972 non
3367 1926 3541 1986 posset
3566 1917 3687 1970 red-

2109 2014 2270 2077 dere,
2313 2031 2416 2068 non
2465 2014 2580 2082 ejus
2619 2015 2864 2067 misertus
2902 2024 3026 2066 est:
3069 2011 3161 2065 sed
3207 2011 3313 2079 jam
3357 2010 3402 2063 ei
3457 2008 3689 2063 debebat

2110 2120 2400 2160 conservus
2428 2107 2560 2175 ejus,
2595 2121 2715 2160 cum
2755 2106 2864 2174 ipse
2893 2107 3148 2158 rationem
3179 2103 3394 2157 domino
3433 2117 3530 2155 suo
3557 2101 3682 2155 red-

2111 2195 2270 2256 deus,
2301 2197 2431 2250 tanti
2473 2197 2678 2263 numeri
2707 2196 2886 2251 debito
2925 2195 3252 2257 solveretur;
3286 2209 3383 2247 nec
3407 2192 3685 2246 dimiserat

2110 2301 2370 2341 Conserva
2393 2302 2488 2340 suo
2513 2287 2650 2356 quod
2673 2287 2721 2342 ei
2747 2286 2993 2349 debebat,
3030 2297 3084 2340 et
3109 2286 3185 2338 sic
3224 2292 3524 2338 accesserat
3549 2291 3605 2336 ut
3632 2284 3680 2336 ei

2109 2377 2402 2432 dimitteret
2428 2377 2694 2431 dominus.
2727 2376 2837 2431 Hoc
2867 2375 3096 2429 indicant
3135 2375 3294 2429 verba
3323 2373 3564 2428 conservi
3596 2373 3678 2424 di-

2109 2466 2275 2520 centis
2306 2484 2318 2519 :
2353 2464 2655 2519 Patientiam
2682 2465 2807 2519 habe
2833 2466 2883 2518 in
2914 2481 3010 2530 me,
3033 2475 3078 2518 et
3110 2463 3320 2518 reddam
3343 2463 3431 2516 tibi
3465 2463 3504 2515 ¹.
3531 2462 3681 2516 Alin-

2109 2557 2232 2626 qnin
2278 2556 2496 2623 diceret,
2541 2556 2654 2612 Jam
2699 2557 2826 2611 mihi
2879 2556 2979 2611 hoc
3008 2555 3322 2617 dimiseras,
3369 2569 3465 2608 cur
3492 2555 3684 2609 iterum

2109 2646 2345 2715 repetis?
2373 2647 2480 2700 lloe
2505 2656 2558 2699 et
2584 2647 2747 2714 ipsius
2777 2645 2980 2699 Domini
3008 2644 3162 2700 verba
3192 2644 3517 2698 manifestius
3557 2660 3685 2712 ape-

2110 2739 2270 2793 riunt.
2303 2739 2389 2792 Ait
2416 2739 2556 2793 enim
2589 2757 2601 2791 :
2638 2739 2879 2808 Egressus
2913 2748 3081 2791 autem
3120 2753 3289 2790 servus
3335 2737 3448 2797 ille,
3498 2735 3690 2787 invenit

2109 2848 2266 2884 unum
2306 2832 2367 2884 de
2406 2831 2655 2883 conservis
2693 2831 2796 2882 suis
2829 2830 2912 2897 qui
2938 2828 3141 2882 debebat
3167 2829 3211 2880 ei
3231 2838 3421 2880 centum
3448 2826 3684 2878 denarios

2111 2918 2321 2990 (Matth.
2369 2934 2514 2982 xvm,
2561 2917 2774 2986 ‘25—55).
2821 2918 2934 2972 Non
2974 2918 3131 2979 dixit,
3161 2916 3257 2971 Cui
3299 2917 3405 2986 jam
3445 2916 3686 2969 debitum

2108 3020 2321 3065 centum
2365 3009 2702 3062 denariorum
2733 3009 3025 3062 dimiserat.
3077 3008 3134 3062 Si
3179 3010 3318 3061 enim
3364 3006 3681 3069 dimiserat,

2109 3113 2212 3152 non
2234 3099 2282 3153 ei
2309 3099 2552 3153 debebat.
2574 3099 2702 3164 Quia
2723 3113 2848 3168 ergo
2865 3097 3012 3161 dixit,
3028 3099 3230 3152 debebat
3247 3099 3319 3160 ei;
3350 3097 3692 3149 iraui‘esttmr

2109 3199 2190 3244 est
2220 3188 2358 3258 quod
2400 3205 2504 3242 non
2546 3189 2834 3243 dimiserat.
2890 3189 2954 3242 Et
2993 3189 3180 3242 melius
3220 3188 3430 3256 quidem
3477 3189 3676 3247 fuerat,

2109 3290 2267 3350 atque
2291 3280 2391 3334 hoc
2416 3281 2588 3349 potius
2614 3281 2936 3350 congruebat
2979 3290 3122 3333 tanto
3147 3280 3373 3332 debitori
3411 3279 3683 3333 reddituro

2111 3373 2389 3437 rationem,
2421 3383 2474 3427 ct
2500 3374 2822 3442 exspectanti
2853 3373 3268 3427 misericordiam
3309 3371 3507 3424 domini
3552 3371 3630 3423 sui
3666 3411 3682 3433 ,

2112 3475 2162 3517 ut
2199 3467 2342 3533 prior
2371 3466 2481 3533 ipse
2507 3481 2764 3519 conservo
2790 3464 3080 3517 dimitteret
3103 3463 3238 3530 quod
3271 3462 3317 3515 ei
3347 3461 3642 3515 debebatur
3667 3503 3680 3522 ,

2112 3565 2164 3609 et
2190 3557 2266 3608 sic
2292 3556 2355 3607 ad
2385 3557 2641 3608 rationem
2671 3553 3025 3615 reddendam,
3065 3553 3147 3604 ubi
3182 3551 3539 3604 misericordia
3585 3550 3685 3604 do-

2113 3649 2237 3702 mini
2271 3645 2590 3716 iinploranda
2622 3652 2766 3708 erat,
2817 3643 3114 3697 accederet.
3171 3641 3276 3694 Nec
3327 3649 3502 3693 tamen
3556 3641 3688 3693 illud

2111 3738 2248 3807 quod
2290 3736 2518 3789 nomium
2562 3749 2820 3788 conservo
2857 3733 3145 3795 dimiserat,
3197 3730 3466 3798 impedivit
3508 3728 3685 3783 domi-

2114 3844 2236 3882 num
2265 3829 2398 3895 ejus,
2435 3827 2714 3896 quominus
2753 3825 2802 3877 in
2847 3823 2935 3875 illo
2966 3831 3200 3889 tempore
3230 3819 3552 3888 accipienda:
3597 3835 3687 3871 ra—

2115 3921 2272 3983 tionis
2320 3919 2610 3972 dimitteret
2645 3916 2690 3970 ei
2732 3915 2906 3969 omnia
2954 3929 3070 3983 qua:
3113 3912 3356 3966 debebat.
3401 3911 3506 3964 Sed
3559 3912 3694 3980 quid"

2114 4011 2339 4082 profuit,
2383 4008 2810 4078 quandoquidem
2856 4007 2906 4059 in
2952 4015 3110 4074 caput
3147 4004 3261 4074 ejus
3299 4012 3512 4072 propter
3541 4003 3689 4054 odio-

2113 4119 2228 4157 rum
2266 4100 2710 4171 perseverantiam
2744 4112 2925 4150 rursus
2952 4097 3125 4148 omnia
3157 4095 3408 4150 Continuo
3436 4091 3691 4160 replicata-

2114 4193 2278 4246 sunt?
2309 4192 2396 4246 Sic
2435 4207 2537 4245 non
2575 4190 2858 4259 impeditur
2901 4187 3149 4256 Baptismi
3179 4187 3378 4256 gratia,
3407 4185 3687 4254 quominus

2115 4286 2290 4339 munia
2323 4295 2535 4355 peccata
2565 4282 2814 4344 dimittat,
2845 4281 3047 4332 etiamsi
3087 4279 3263 4331 odium
3309 4277 3595 4329 fraternum
3638 4277 3688 4327 in

2117 4376 2232 4444 ejus
2262 4375 2342 4429 cui
2369 4374 2705 4426 dimittuntur
2725 4370 2902 4422 animo
2933 4376 3258 4437 pera-verat.
3293 4365 3527 4420 Solvitur
3547 4365 3688 4418 enim

2120 4467 2396 4520 hesternas
2421 4463 2554 4526 dies,
2580 4467 2633 4514 et
2659 4458 2910 4528 quidquid
2937 4473 3092 4525 supra
3124 4469 3203 4510 est
3225 4459 3243 4486 ¹
3267 4456 3503 4517 solvitur,
3529 4455 3689 4508 etiam

2120 4557 2229 4624 ipsa
2274 4553 2402 4607 hora
2455 4557 2887 4617 momentumque
2924 4557 3045 4600 ante
3077 4542 3397 4616 B'aptismum
3429 4543 3560 4598 etin
3593 4543 3691 4596 Ba-

2121 4649 2314 4717 ptismo
2346 4645 2386 4697 ³.
2439 4644 2698 4712 Deinceps
2743 4650 2919 4694 autem
2953 4657 3073 4693 rcus
3111 4654 3230 4693 esse
3265 4637 3516 4690 continuo
3559 4635 3694 4688 inci-

2123 4739 2216 4808 pit,
2250 4751 2352 4790 non
2383 4735 2552 4789 solum
2579 4730 3013 4800 consequentium
3036 4771 3049 4793 ,
3083 4727 3178 4781 sed
3215 4727 3372 4781 etiam
3401 4725 3697 4794 pmterito-

2124 4845 2240 4883 rum
2285 4826 2489 4880 dierum
2518 4866 2533 4890 ,
2588 4824 2872 4883 horarum,
2907 4827 3318 4880 momentorum,
3353 4815 3700 4869 redeuntibus

2124 4919 2369 4973 omnibus
2398 4933 2516 4986 qua:
2542 4914 2756 4970 dimissa
2779 4920 2900 4966 sunt
2922 4909 2944 4939 ⁸
2967 4925 2980 4962 :
3014 4919 3066 4964 et
3093 4909 3204 4962 haec
3227 4924 3366 4977 szepe
3387 4907 3700 4975 contingunt

2127 5013 2177 5066 iu
2211 5010 2466 5064 Ecclesia.

2198 5098 2420 5154 CAPUT
2449 5094 2581 5151 Xlll.
2611 5124 2683 5134 —
2704 5094 2794 5148 21.
2821 5091 2950 5147 Nam
2996 5090 3310 5160 plerumque
3357 5088 3415 5141 fit
3440 5097 3498 5141 ut
3542 5087 3704 5139 homo

2193 5258 2208 5288 ι
2237 5252 2372 5311 Editi,
2392 5256 2437 5300 et
2459 5244 2616 5299 omnia
2637 5245 2843 5296 reddam
2882 5241 2982 5294 tibi.
3030 5243 3206 5300 Abest,
3251 5237 3442 5298 ormtia,
3475 5251 3505 5287 a
3537 5249 3706 5285 mauu-

2130 5317 2336 5368 scriptis.

2193 5332 2336 5424 ἰηλιιξί
2360 5382 2412 5424 et
2449 5379 2542 5430 Er.,
2566 5373 2795 5430 superest.
2830 5365 2997 5430 melius
3029 5372 3137 5413 Lov.
3181 5371 3234 5412 et
3257 5371 3382 5421 Mss,
3417 5372 3565 5422 supra
3601 5365 3711 5418 cst;

2135 5441 2180 5489 id
2206 5445 2306 5496 est,
2345 5445 2458 5484 ante
2497 5429 2793 5496 hesternum.
2823 5429 2970 5496 diem.

2196 5480 2454 5547 {Gaetuli
2467 5480 2656 5543 codices
2681 5505 2692 5538 :
2720 5488 2917 5538 Solvitur
2934 5488 3075 5537 etiam
3099 5485 3202 5548 ipsa
3220 5485 3338 5533 hora
3361 5480 3581 5531 momenti
3602 5493 3713 5544 qua:

2135 5570 2242 5613 ante
2272 5557 2668 5622 Baptismumest,
2694 5551 2746 5600 in
2772 5549 3020 5620 baptismo:

2199 5604 2358 5670 Vinii
2369 5604 2441 5667 lic.
2469 5625 2519 5666 et
2544 5604 2707 5677 plures
2729 5604 2851 5677 ttssf,
2873 5610 3085 5677 ρηιηὶᾈαδ
3109 5619 3216 5668 qua:
3234 5604 3432 5674 diruisse
3457 5611 3574 5672 sunt
3604 5615 3715 5663 per-

2137 5664 2628 5736 r::tis:"l-‘osieaiid'etn
2652 5681 2754 5722 Mss.
2780 5664 3052 5734 subjiciunt,
3094 5664 3137 5718 et
3162 5681 3287 5729 δευρί)
3311 5665 3533 5730 ωτῑιὶθιςίι
3558 5664 3608 5714 in
3632 5673 3709 5714 lic-

2142 5751 2303 5799 Λινδία.
