4050 6206
293 355 393 413 121

294 468 487 537 habeat
526 464 801 523 inimicum
850 478 1005 532 quem
1058 461 1387 533 iniquissime
1433 458 1605 515 oderit
1642 478 1653 513 :
1697 474 1869 529 quan-

288 573 450 628 quam
505 558 668 611 etiam
732 554 937 625 iniquos
1005 554 1245 607 inimicos
1288 550 1517 628 diligere
1563 550 1868 620 juhramnr.

289 660 345 704 et
408 663 567 703 orare
613 664 709 718 pro
770 647 866 701 eis.
923 645 1110 701 Subito
1155 626 1330 699 autem
1379 642 1619 714 periculo
1686 642 1872 694 mortis

290 742 478 811 incipit
502 741 819 810 perturbari.
851 749 905 794 et
932 739 1099 809 poscit
1142 737 1467 806 Baptismnm
1494 777 1507 799 ,
1541 749 1696 806 quem
1728 744 1869 788 tanta

290 833 634 888 festinatione
661 832 881 900 accipit,
927 839 983 884 ut
1023 829 1374 883 necessariam
1404 825 1872 894 interrogationem

289 942 584 995 paucorum
632 925 913 979 verborum
948 924 1035 977 vix
1083 921 1298 991 periculi
1348 931 1554 988 tempus
1597 918 1868 978 admittat,

292 1016 518 1087 (quanto
537 1015 708 1070 minus
726 1029 1028 1069 sermonem
1051 1009 1460 1081 longissimum?)
1481 1020 1534 1063 ut
1553 1008 1676 1062 illud
1691 1008 1871 1061 odium

288 1104 457 1160 corde
490 1105 739 1174 pellatur,
771 1104 930 1157 etiam
959 1102 1054 1170 ipsi
1082 1101 1126 1154 si
1160 1101 1440 1170 liaptizanti
1480 1101 1550 1153 sit
1577 1098 1871 1168 cognitum.

290 1196 451 1249 Certe
481 1196 580 1247 ista
618 1208 723 1247 non
753 1193 923 1246 solum
949 1191 1086 1260 apud
1112 1206 1228 1257 nos,
1270 1191 1363 1245 sed
1390 1190 1548 1245 etiam
1584 1188 1724 1258 apud
1755 1188 1874 1242 illos

290 1284 508 1339 evenire
527 1299 630 1337 non
660 1292 890 1337 cessant.
913 1281 1046 1347 Quid
1076 1296 1202 1349 ergo
1227 1279 1497 1334 dicimus?
1524 1279 1872 1332 Dimittuntur

294 1384 508 1443 peccata
539 1374 662 1428 huic
704 1372 929 1435 homini,
977 1387 1044 1423 an
1089 1386 1194 1424 non
1243 1368 1619 1423 dimittuntur?
1648 1368 1872 1422 Prorsus

292 1464 434 1532 qum}
464 1464 646 1516 volunt
676 1462 891 1530 eligant.
937 1460 993 1514 Si
1038 1461 1177 1514 enim
1220 1459 1577 1522 dimittuntur,
1619 1458 1872 1513 continuo

294 1555 522 1609 redeunt
554 1571 568 1606 :
599 1553 940 1622 Evangelium
971 1550 1222 1619 loquitur,
1255 1550 1449 1604 veritas
1492 1549 1704 1602 clamat.
1750 1548 1872 1601 Sive

293 1661 425 1716 ergo
451 1644 807 1704 dimittantur,
859 1641 972 1696 sive
1015 1655 1122 1694 non
1167 1639 1517 1703 dimittantur,
1575 1638 1871 1692 necessaria

295 1747 381 1792 est
419 1744 599 1805 postea
624 1720 887 1789 medicina
925 1750 937 1786 :
967 1747 1066 1787 nec
1095 1742 1271 1786 tamen
1301 1731 1344 1786 si
1375 1731 1584 1788 vixerit.
1633 1740 1791 1798 atque
1821 1728 1870 1782 id

294 1826 667 1896 corrigendum
715 1839 835 1879 esse
861 1823 1101 1877 didicerit
1129 1831 1288 1889 atque,
1321 1820 1648 1883 correxerit,
1698 1819 1873 1873 denuo

296 1918 615 1987 baptizatur,
646 1916 758 1970 sive
785 1914 925 1983 apud
954 1913 1092 1978 illos,
1125 1912 1237 1966 sive
1258 1911 1399 1981 apud
1432 1926 1548 1964 nos.
1588 1910 1677 1965 Sic
1700 1919 1754 1965 et
1788 1910 1872 1963 illa

294 2024 416 2072 qua:
441 2007 762 2061 schismatici
786 2005 868 2059 vel
906 2002 1140 2058 hmretici
1181 2017 1288 2057 non
1326 2002 1479 2055 aliter
1518 2001 1743 2066 habent,
1776 2015 1874 2054 nec

295 2100 454 2152 aliter
480 2104 643 2165 agunt
662 2106 819 2165 quam
842 2109 965 2149 vera
998 2093 1254 2157 Ecclesia,
1283 2106 1401 2147 cum
1428 2091 1492 2145 ad
1516 2106 1612 2146 nos
1635 2091 1873 2155 veniunt,

300 2204 403 2239 neri
432 2185 812 2249 emcudamus,
845 2182 939 2237 sed
976 2182 1151 2251 potius
1179 2181 1554 2252 approbemus.
1594 2180 1648 2234 In
1683 2180 1873 2250 quibus

297 2280 438 2332 enim
466 2295 571 2332 non
616 2276 932 2331 dissentiunt
952 2290 981 2328 a
1010 2275 1163 2329 nobis
1185 2316 1199 2336 ,
1238 2275 1288 2328 in
1316 2276 1395 2329 eis
1423 2290 1529 2328 non
1558 2274 1867 2343 disiungun-

301 2379 383 2423 tur
409 2385 439 2422 a
471 2368 643 2423 nobis.
676 2366 781 2421 Sed
811 2379 985 2420 tamen
1018 2366 1136 2433 quia
1165 2364 1292 2417 nihil
1320 2365 1397 2418 eis
1429 2372 1651 2433 prosunt
1682 2358 1899 2434 quam?

297 2462 385 2515 diu
406 2459 725 2514 schismatici
749 2458 832 2512 vel
862 2456 1093 2511 luerctici
1124 2464 1279 2519 sunt,
1309 2462 1525 2524 propter
1552 2452 1651 2508 alia
1678 2453 1728 2507 in
1749 2454 1870 2523 qni-

298 2553 396 2606 bns
419 2566 450 2605 a
475 2551 696 2605 veritate
738 2548 1075 2611 dissentiunt,
1117 2555 1170 2601 et
1201 2556 1413 2614 propter
1443 2545 1613 2613 ipsum
1653 2557 1869 2612 separa-

301 2644 458 2698 tionis
480 2642 922 2697 immanissimum
950 2639 1143 2703 scelus,
1175 2638 1287 2693 sive
1311 2636 1701 2709 permanserint
1725 2636 1776 2689 in
1792 2636 1869 2689 eis

303 2742 536 2796 peccata,
568 2731 680 2786 sive
710 2730 962 2786 continuo
986 2729 1203 2783 dimissa
1231 2728 1506 2792 redierint,
1535 2735 1592 2779 ut
1617 2725 1682 2780 ad
1722 2725 1866 2778 sani—

304 2831 460 2879 tatem
492 2824 637 2894 pacis
677 2824 694 2855 ¹
723 2832 882 2892 atque
927 2820 1199 2876 charitatis
1245 2819 1457 2874 veniant
1505 2816 1867 2880 adhortantur;

304 2929 407 2969 non
426 2914 598 2969 solum
624 2922 684 2967 ut
705 2912 899 2982 aliquid
923 2910 1151 2965 habeant
1173 2909 1313 2981 quod
1343 2924 1447 2963 non
1468 2907 1753 2970 habebant,
1777 2907 1871 2962 Sed

305 3015 363 3061 ut
380 3007 458 3062 eis
480 3006 638 3061 etiam
664 3004 790 3058 ilhnl
819 3002 1072 3073 prodesse
1100 3002 1315 3073 incipiat
1341 2999 1488 3079 quod
1512 2998 1799 3054 habebant.

371 3095 597 3152 CAPUT
623 3094 764 3151 XIV.
795 3124 865 3135 -—
886 3093 975 3147 22.
1024 3091 1239 3146 Frustra
1290 3105 1418 3162 ergo
1468 3088 1620 3144 nobis
1645 3087 1827 3149 dicunt
1856 3105 1869 3140 :

308 3208 327 3237 ς
363 3185 419 3242 Si
449 3185 778 3256 Baptismum
811 3191 1045 3236 nostrum
1074 3182 1360 3252 acceptatis
1379 3222 1394 3247 ,
1425 3179 1551 3249 quid
1577 3180 1750 3233 minus
1783 3178 1875 3232 ha-

305 3280 510 3340 bemus,
536 3283 597 3328 ut
625 3273 777 3328 nobis
798 3271 864 3326 de
887 3279 1062 3326 vestra
1089 3272 1459 3327 communione
1489 3269 1872 3327 consulendum

306 3365 541 3436 putetis?
574 3386 595 3418 ι
630 3364 1036 3434 Respondemus
1060 3363 1201 3418 enim
1235 3383 1248 3416 :
1278 3362 1393 3417 Non
1424 3363 1751 3432 Baptismnm
1782 3379 1874 3416 ve.

304 3468 475 3509 suum
504 3464 868 3524 acceptamns;
901 3454 1022 3524 quia
1045 3469 1149 3507 non
1170 3461 1254 3507 est
1280 3453 1576 3520 Baptismus
1606 3452 1695 3507 ille
1731 3453 1875 3507 sebi-

308 3543 646 3600 smaticorum
694 3545 777 3600 vel
827 3545 1200 3599 haereticorum
1224 3586 1239 3608 ,
1264 3543 1357 3599 sed
1387 3543 1478 3599 Dei
1506 3552 1559 3599 et
1597 3543 1873 3611 Ecclesiae,

308 3638 618 3706 ubicumque
648 3635 803 3690 fuerit
832 3636 1076 3690 inventus
1105 3643 1157 3689 et
1194 3649 1527 3706 quocumque
1571 3636 1873 3690 translatus.

312 3727 549 3781 Vestrum
580 3736 755 3782 autem
789 3742 892 3780 non
919 3735 1023 3790 eSt,
1056 3724 1158 3779 nisi
1182 3724 1322 3795 quod
1348 3739 1508 3794 prave
1546 3724 1776 3791 sentitis,
1825 3735 1879 3778 et

308 3819 561 3889 sacrilege
590 3818 764 3888 agitis,
799 3828 852 3873 et
881 3817 1040 3886 impie
1068 3816 1406 3886 separamini.
1444 3814 1574 3868 Nam
1605 3816 1648 3869 si
1684 3823 1876 3869 czetcra

308 3911 479 3966 omnia
509 3926 633 3965 vera
659 3909 742 3964 vel
789 3909 1028 3962 sentiatis
1067 3907 1151 3963 vel
1179 3906 1417 3961 habeatis
1443 3907 1487 3971 ³,
1516 3915 1568 3959 et
1598 3905 1650 3959 in
1690 3905 1877 3960 eadem

311 4013 481 4058 tamen
506 4001 846 4071 separatione
870 3999 1073 4054 duretis
1100 3997 1354 4053 adversus
1381 3997 1648 4051 vinculum
1689 3995 1878 4051 frater-

311 4110 388 4150 nae
413 4094 560 4165 pacis
583 4134 598 4158 ,
628 4092 881 4147 adversus
906 4090 1161 4145 unitatem
1204 4088 1443 4164 omnium
1484 4087 1702 4142 fratrum
1722 4127 1737 4153 ,
1789 4087 1878 4155 qui

311 4193 420 4239 toto
441 4184 573 4240 orbe
601 4192 882 4247 terrarum,
908 4181 1046 4235 sicut
1075 4179 1319 4249 promissi
1349 4186 1491 4238 sunt.
1525 4177 1594 4230 ita
1625 4175 1877 4241 exltibiti;

311 4290 533 4345 quorum
564 4273 798 4326 omnium
825 4284 1012 4325 causas
1037 4278 1090 4324 et
1109 4269 1268 4323 corda
1295 4268 1438 4321 nullo
1466 4265 1624 4320 modo
1650 4278 1879 4334 unquam

314 4379 468 4419 nosse
494 4371 590 4417 aut
615 4362 879 4417 discutere
905 4359 1171 4431 potuistis,
1205 4368 1262 4412 ut
1302 4356 1491 4410 merito
1515 4355 1840 4410 damnaretis
1863 4370 1879 4420 ;

311 4455 395 4523 qui
425 4469 532 4507 non
563 4460 784 4521 possunt
812 4460 1089 4519 propterea
1137 4448 1212 4502 rei
1243 4462 1362 4501 esse
1385 4485 1399 4509 ,
1446 4445 1569 4515 quia
1616 4443 1882 4513 judicibus

311 4543 682 4599 ecclesiasticis
724 4542 899 4612 potius
937 4556 1093 4609 quam
1121 4536 1468 4608 litigatoribus
1495 4532 1838 4590 crediderunt
1866 4551 1879 4586 :

314 4638 410 4691 hoc
455 4636 629 4690 solum
661 4634 835 4688 minus
887 4631 1132 4694 habetis,
1186 4628 1326 4698 quod
1377 4626 1553 4681 minus
1594 4625 1755 4681 habet
1794 4624 1882 4694 qni

313 4729 622 4782 charitatem
668 4742 770 4781 non
814 4724 991 4779 habet.
1018 4723 1135 4779 Jatn
1171 4719 1296 4790 quid
1324 4735 1457 4789 Opus
1481 4729 1563 4774 est
1592 4728 1649 4773 ut
1677 4733 1773 4773 nos
1802 4734 1886 4773 rc-

318 4817 596 4873 tcxamus?
627 4817 733 4871 Vos
760 4817 856 4886 ipsi
882 4816 932 4868 in
964 4812 1220 4883 Apostolo
1246 4809 1507 4880 ἰηειιὶρίιρ,
1536 4818 1791 4879 quantum
1817 4807 1887 4863 sit

314 4910 451 4979 quod
484 4911 660 4964 minus
704 4908 926 4963 habetis.
964 4905 1100 4975 Quid
1126 4912 1305 4959 autem
1349 4902 1569 4955 interest
1591 4901 1679 4969 qui
1708 4899 1888 4953 chari-

319 5012 476 5056 tatem
509 5016 614 5053 non
666 4999 863 5063 habet,
913 5008 1086 5051 utrum
1120 4996 1265 5049 foras
1316 4993 1489 5047 avolet
1527 4991 1703 5060 aliquo
1732 5000 1888 5044 vento

321 5090 626 5144 tentationis
672 5088 899 5150 ablatus,
927 5104 993 5139 an
1022 5086 1163 5138 intns
1186 5083 1253 5137 de
1278 5097 1453 5136 messe
1490 5079 1754 5135 dominica
1784 5094 1889 5133 non

322 5181 527 5235 recedat
555 5181 607 5234 in
640 5179 821 5233 uitima
851 5177 1193 5231 ventilatione
1235 5171 1600 5241 separandos?
1625 5170 1689 5224 Et
1714 5178 1889 5225 tamen

321 5273 475 5325 etiam
504 5270 658 5337 tales,
692 5271 737 5326 si
762 5270 872 5339 jam
912 5267 1079 5323 semel
1126 5283 1218 5335 per
1246 5265 1569 5334 liaptismum
1599 5262 1707 5315 nati
1733 5271 1887 5328 sunt,

323 5363 507 5415 itermn
534 5376 629 5417 eos
656 5361 801 5415 nasci
828 5374 938 5413 non
970 5367 1200 5428 oportet.

389 5451 615 5508 CAPUT
648 5450 765 5507 XV.
807 5478 879 5491 -ε
915 5451 1006 5505 9.5.
1055 5446 1296 5503 Ecclesia
1342 5446 1536 5516 quippe
1564 5459 1751 5500 omnes
1798 5460 1893 5513 per

327 5545 648 5614 liaptismum
679 5544 852 5613 parit,
878 5546 989 5597 sive
1015 5541 1152 5611 apud
1177 5555 1255 5606 se,
1280 5539 1328 5593 id
1355 5548 1456 5604 est,
1488 5554 1551 5591 ex
1580 5546 1731 5592 utero
1759 5551 1890 5599 suo;

387 5657 401 5685 '
431 5655 735 5723 Antiqttiores
756 5655 995 5705 editiones
1021 5662 1118 5700 Am.
1145 5657 1217 5700 Er.
1242 5656 1291 5699 et
1314 5661 1485 5699 onmes
1507 5654 1632 5706 Mss,
1675 5646 1740 5696 ad
1762 5643 1893 5696 salu-

323 5724 417 5809 m?
432 5730 618 5840 gignit
639 5782 768 5837 Mss,
793 5782 968 5826 artem
992 5773 1147 5823 onmia
1173 5771 1240 5822 rel
1260 5768 1467 5820 habeatis
1493 5768 1560 5819 rel
1584 5767 1809 5819 εςηίἱεῖιὶδ.

1694 341 1895 400 LIBER
1934 340 2205 398 PRIMUS.

3458 350 3556 408 19!

1979 457 2090 514 sive
2111 467 2258 512 extra
2281 472 2339 513 sc
2364 458 2430 513 de
2456 460 2660 514 semine
2688 459 2783 515 viri
2811 461 2891 515 sui
2934 480 2948 513 ε
2979 464 3093 518 sive
3128 462 3194 518 dc
3222 478 3302 529 se,
3343 463 3455 519 sive.
3487 467 3552 517 de

1977 550 2163 605 ancilla
2196 552 2233 603 ⁸.
2262 549 2365 606 Sed
2394 562 2447 606 et
2474 553 2608 606 Esau
2630 554 2695 607 de
2725 569 2888 609 uxore
2925 564 3097 615 natus,
3124 562 3332 625 propter
3369 555 3545 610 frater-

1979 657 2098 696 nam
2144 642 2458 698 discordiam
2487 655 2760 713 separatus
2789 655 2868 700 est
2893 661 2921 699 a
2954 646 3151 715 pepulo
3178 647 3287 701 Dei.
3318 647 3384 703 Et
3424 650 3557 701 Ascr

1980 749 2073 800 per
2096 734 2279 789 uxoris
2308 736 2519 805 quidem
2548 746 2888 805 potestatem,
2919 739 3013 794 sed
3039 755 3103 793 ex
3151 740 3339 793 ancilla
3370 749 3549 805 natus,

1978 835 2191 895 propter
2236 825 2519 882 fraternam
2557 828 2894 883 concordiam
2945 839 3136 884 terram
3189 832 3552 900 promissionis

1977 917 2197 984 accepit.
2227 914 2378 971 Unde
2397 928 2450 971 et
2478 917 2702 984 lsmaeli,
2722 929 2779 972 ut
2808 929 3142 986 separarctnr
3163 936 3194 975 a
3221 920 3411 990 populo
3434 920 3549 984 Dei,

1978 1021 2082 1060 non
2125 1005 2293 1060 obfuit
2316 1018 2484 1062 mater
2507 1008 2693 1063 ancilla
2715 1050 2728 1074 ,
2774 1008 2867 1063 sed
2895 1010 3061 1064 obfuit
3089 1010 3315 1065 fraterna
3341 1011 3552 1065 discor~

1977 1095 2061 1150 dia
2096 1106 2191 1150 :‘et
2217 1113 2320 1151 non
2351 1098 2547 1167 profuit
2574 1107 2808 1169 potestas
2831 1100 3028 1165 uxoris,
3052 1100 3201 1168 cujus
3228 1100 3391 1171 magis
3413 1100 3551 1155 {ilius

1977 1194 2109 1249 crat,
2134 1187 2256 1255 quia
2283 1202 2377 1256 per
2403 1187 2565 1256 ipsius
2605 1188 2725 1258 jura
2754 1188 3048 1260 coniugalia
3084 1198 3135 1242 et
3167 1189 3216 1242 in
3245 1188 3433 1243 ancilla
3468 1204 3549 1243 δρα

1978 1276 2204 1331 minatus
2226 1286 2360 1342 erat,
2392 1288 2446 1333 et
2465 1294 2526 1331 ex
2549 1278 2739 1333 ancilla
2765 1287 3061 1348 susceptus.
3086 1278 3232 1334 Sicut
3255 1278 3392 1348 apud
3420 1280 3551 1333 istos

1977 1367 2228 1422 Ecclesia:
2252 1367 2373 1438 jure
2397 1368 2539 1439 quod
2565 1379 2646 1425 est
2688 1370 2739 1425 in
2769 1370 3074 1440 Baptismo,
3107 1382 3398 1427 nascuntur
3431 1372 3551 1441 qui-

1976 1474 2200 1529 cumque
2226 1470 2512 1515 nascuntur
2543 1480 2556 1515 :
2584 1462 2675 1517 sed
2703 1462 2745 1516 si
2775 1464 3099 1519 concordent
3126 1479 3246 1518 eum
3275 1462 3547 1530 fratribus,

1978 1564 2070 1617 per
2096 1551 2349 1629 unitatem
2392 1552 2534 1619 pacis
2576 1551 2641 1605 ad
2680 1561 2871 1605 terram
2903 1552 3118 1605 veniunt
3150 1553 3551 1620 promissionis,

1977 1655 2080 1693 non
2107 1640 2174 1695 de
2197 1652 2435 1696 materno
2458 1653 2606 1695 ntero
2637 1657 2818 1695 rursus
2842 1642 3083 1710 ejiciendi
3101 1684 3116 1707 ,
3140 1643 3232 1697 sed
3257 1643 3306 1696 in
3327 1654 3549 1713 paterno

1976 1733 2176 1786 semine
2205 1732 2522 1801 agnoscendi
2553 1751 2566 1788 :
2598 1734 2641 1787 si
2671 1744 2843 1787 autem
2896 1734 2947 1788 in
2992 1733 3256 1790 discordia
3299 1750 3546 1804 perseve-

1976 1831 2113 1888 rent,
2144 1823 2208 1876 ad
2232 1822 2467 1879 lsmaelis
2498 1824 2785 1877 fnnicnhnn
2816 1824 3169 1895 pertinebunt.
3200 1826 3350 1880 Prior
3369 1833 3547 1881 autem

1978 1911 2073 1966 fuit
2099 1911 2303 1973 lsmael.
2331 1923 2513 1983 postea
2535 1914 2705 1979 Isaac;
2729 1922 2783 1967 et
2808 1914 2949 1983 prior
2982 1913 3142 1977 Esau,
3173 1916 3433 1984 posterior
3452 1931 3548 1969 au-

1978 2012 2083 2057 tem
2121 2002 2283 2057 Jacob
2309 2022 2320 2056 :
2346 2005 2592 2071 nonquia
2624 2004 2766 2072 prior
2792 2005 2994 2074 peperit
3019 2003 3237 2060 ltmresis
3259 2022 3415 2076 quam
3445 2005 3546 2061 Ee-

1975 2092 2157 2154 clcsia,
2185 2101 2274 2146 aut
2301 2093 2536 2147 Ecclesia
2563 2094 2673 2162 ipsa
2708 2093 2852 2161 pritts
2876 2093 3114 2148 carnales
3151 2094 3233 2148 vel
3257 2094 3512 2149 animales
3532 2136 3546 2158 ,

1975 2189 2028 2236 et
2052 2191 2232 2251 postea
2263 2183 2597 2253 spirituales;
2626 2183 2718 2238 sed
2763 2184 2883 2254 quia
2912 2184 2963 2238 in
3002 2185 3113 2255 ipsa
3145 2194 3288 2240 sorte
3314 2184 3549 2239 mortali-

1977 2272 2101 2326 tatis
2128 2282 2338 2337 nostrae,
2361 2289 2423 2328 ex
2452 2289 2557 2345 quo
2586 2273 2653 2329 de
2679 2274 2849 2328 Adam
2878 2275 3162 2340 nascimur,
3190 2291 3289 2329 non
3316 2285 3388 2328 est
3408 2275 3548 2345 prius

1973 2365 2110 2434 quod
2169 2366 2471 2433 spirituale,
2523 2365 2611 2419 sed
2665 2365 2797 2434 quod
2855 2364 3090 2428 animale,
3146 2376 3317 2435 postea
3394 2365 3548 2436 spiri-

1976 2455 2110 2509 tuale
2140 2452 2340 2526 (lCor.
2393 2471 2463 2510 xv
2488 2497 2504 2521 ,
2534 2455 2602 2510 46
2626 2458 2664 2525 ).
2695 2455 2775 2509 Ex
2823 2456 2937 2525 ipso
2987 2462 3161 2509 autem
3187 2455 3399 2509 animali
3426 2469 3548 2510 sen-

1974 2561 2072 2611 su,
2104 2547 2222 2616 quia
2251 2547 2399 2600 homo
2427 2546 2661 2600 animalis
2714 2562 2812 2599 non
2856 2545 3064 2616 percipit
3101 2561 3214 2614 qua
3260 2555 3377 2599 sunt
3422 2544 3547 2615 Spi-

1972 2636 2098 2688 ritus
2121 2634 2214 2688 Dei
2243 2635 2352 2704 (Id.
2380 2652 2437 2703 tt,
2463 2637 2575 2708 14),
2602 2651 2789 2691 omnes
2808 2635 3168 2691 dissensiones
3183 2645 3236 2690 et
3261 2635 3544 2690 schismata
3592 2667 3607 2685 κ

1971 2736 2311 2796 generantur.
2334 2726 2389 2780 In
2419 2743 2523 2798 quo
2548 2741 2705 2783 sensu
2732 2736 3131 2797 perseverantes
3156 2726 3443 2796 Apostolus
3467 2726 3547 2780 di—

1973 2822 2046 2874 cit
2085 2819 2151 2873 ad
2195 2817 2355 2873 Vetus
2398 2819 2791 2874 Testamentum
2835 2819 3099 2889 pertinere
3140 2817 3329 2887 (Gn/ul.
3363 2816 3463 2887 tv),
3495 2819 3545 2872 id

1974 2918 2077 2975 est,
2108 2910 2173 2965 ad
2201 2920 2528 2965 lcrrcnorunt
2554 2911 2933 2979 promissorum
2964 2909 3325 2978 cupiditatem,
3352 2911 3403 2963 in
3426 2909 3544 2978 qui-

1977 3001 2074 3055 lius
2100 3001 2313 3070 quidem
2343 3002 2632 3073 spiritualia
2678 3002 2989 3071 ﬁgurantur,
3021 3000 3112 3055 sed
3141 3001 3373 3055 animalis
3400 3000 3545 3054 Itonia

1976 3110 2073 3147 non
2100 3094 2308 3164 percipit
2332 3110 2445 3165 qua:
2467 3102 2581 3149 sunt
2616 3091 2837 3164 Spiritus
2869 3092 2981 3147 Dei.

2047 3185 2137 3240 24.
2166 3185 2508 3256 Quocumque
2550 3191 2678 3254 ergo
2723 3196 2960 3255 tempore
2990 3186 3120 3239 tales
3153 3184 3396 3240 homines
3432 3201 3550 3240 esse

1977 3279 2235 3346 cmperint
2284 3278 2336 3330 in
2388 3276 2487 3330 hac
2513 3276 2641 3340 vita,
2672 3286 2727 3328 ttt
2751 3275 2859 3344 jam
2894 3275 3088 3331 divinis
3118 3293 3211 3345 pro
3237 3280 3547 3333 s:rculormn

1940 3386 1941 3391 η
1977 3367 2345 3421 distributione
2370 3365 2726 3420 Sacramentis
2773 3365 2977 3430 imbuti,
3010 3366 3183 3421 adhuc
3227 3375 3398 3420 tamen
3430 3383 3549 3420 car~

1980 3457 2170 3511 naliter
2190 3456 2460 3524 sapiant”,
2493 3462 2546 3508 et
2570 3453 2797 3508 carnalia
2829 3453 2895 3508 de
2930 3455 3057 3520 Deo,
3084 3454 3192 3508 sive
3216 3456 3265 3508 in
3298 3454 3393 3508 hac
3425 3456 3550 3519 vita,

1979 3548 2091 3602 sive
2116 3556 2235 3618 post
2264 3547 2400 3601 hanc
2428 3546 2606 3611 vitam,
2638 3557 2851 3615 sperent
2896 3559 3051 3616 atque
3084 3545 3409 3614 desiderent,
3441 3549 3554 3600 ani-

1980 3641 2144 3694 males
2191 3648 2333 3694 sunt.
2366 3638 2605 3694 Ecclesia
2647 3654 2772 3693 vero
2797 3681 2811 3703 ,
2866 3638 3007 3709 quod
3051 3646 3135 3694 est
3173 3640 3399 3710 pupulus
3425 3639 3552 3701 Dei,

1979 3731 2137 3784 etiam
2168 3731 2220 3783 in
2244 3729 2396 3784 istius
2421 3728 2544 3783 vita:
2571 3728 2990 3797 peregrinatione
3017 3730 3233 3798 antiqua
3263 3745 3346 3783 res
3375 3739 3475 3795 est,
3500 3730 3553 3782 in

1979 3820 2097 3875 aliis
2137 3820 2439 3873 hominibus
2474 3820 2674 3873 habens
2702 3821 2984 3873 animalem
3010 3825 3329 3888 portionem,
3359 3823 3407 3873 in
3437 3823 3552 3875 aliis

1980 3920 2153 3965 autem
2179 3910 2523 3979 spiritualcm.
2545 3909 2621 3962 Ad
2642 3910 2898 3963 animales
2922 3911 3149 3980 pertinet
3177 3910 3340 3964 Vetus
3370 3911 3556 3966 Testa-

1982 4013 2240 4067 tneutnm,
2268 4002 2332 4055 ad
2360 4000 2663 4070 Spiritnales
2681 3999 2905 4054 Novum.
2942 4000 3043 4054 Sed
3078 4001 3260 4069 primis
3301 4002 3555 4070 tempori-

1982 4095 2081 4149 bus
2102 4102 2381 4161 utrumque
2407 4096 2671 4146 occultum
2700 4090 2795 4143 fuit
2832 4091 2900 4144 ab
2930 4090 3092 4142 Adam
3124 4105 3289 4159 usque
3314 4090 3379 4144 ad
3406 4089 3555 4161 Moy-

1982 4202 2096 4240 sen.
2127 4187 2168 4238 Λ
2194 4184 2370 4254 Moyse
2406 4191 2581 4238 autem
2628 4179 3021 4236 manifestatum
3052 4181 3072 4212 ³
3099 4192 3179 4235 est
3209 4180 3389 4244 Vetus,
3423 4191 3470 4234 et
3502 4183 3552 4235 in

1984 4291 2049 4328 eo
2077 4275 2190 4344 ipso
2231 4272 2591 4328 occultabatur
2616 4272 2817 4326 Novum
2839 4315 2853 4333 ,
2901 4270 3021 4341 quia
3061 4271 3269 4325 occulte
3296 4271 3558 4340 signiliea-

1984 4365 2156 4421 batur.
2188 4364 2379 4435 Postea,
2395 4377 2521 4417 vero
2547 4377 2704 4432 quam
2736 4363 2787 4414 in
2813 4377 2975 4416 carne
3002 4361 3254 4417 Dominus
3275 4361 3438 4427 venit,
3469 4377 3555 4417 rc-

1986 4457 2213 4511 velatum
2240 4463 2323 4510 est
2345 4453 2550 4509 Novum
2584 4471 2597 4507 :
2626 4453 2835 4509 Veteris
2857 4462 3034 4508 autem
3073 4453 3416 4508 Sacramenta
3440 4468 3559 4508 ces-

1986 4558 2204 4613 sarunt;
2231 4545 2324 4601 sed
2345 4543 2788 4613 concupiscentia:
2819 4543 2948 4597 tales
2979 4559 3082 4596 non
3111 4548 3473 4596 cessaverunt.
3503 4540 3560 4595 In

1990 4641 2092 4694 illis
2119 4639 2260 4693 enim
2282 4645 2421 4700 sunt,
2451 4648 2585 4704 quos
2605 4632 2892 4702 Apostolus
2911 4633 3019 4702 jam
3040 4648 3134 4702 per
3156 4632 3558 4687 Sacramentutn

1987 4733 2121 4789 Novi
2146 4729 2470 4786 Testamenti
2498 4736 2650 4782 natos
2674 4769 2689 4794 ,
2724 4727 2895 4781 adhuc
2940 4735 3113 4780 tamen
3138 4724 3268 4779 dicit
3307 4723 3563 4779 animales

1990 4841 2095 4880 non
2148 4837 2305 4893 posse
2356 4821 2629 4889 percipere
2673 4833 2794 4887 qua:
2834 4826 2959 4871 sunt
3003 4817 3233 4886 Spiritus
3261 4815 3375 4869 Dei.
3414 4813 3563 4869 Sicut

1990 4916 2130 4971 enim
2154 4915 2206 4967 in
2227 4909 2583 4967 Sacramentis
2609 4908 2814 4963 Veteris
2837 4906 3160 4962 Testamenti
3180 4904 3428 4960 vivebant
3448 4905 3563 4974 qui-

1991 5008 2112 5062 dam
2163 5003 2484 5074 spiritUales,
2532 4999 2597 5054 ad
2627 4999 2827 5054 Novum
2882 4996 3086 5051 scilicet
3127 4995 3559 5055 Testamentum,

1993 5096 2132 5170 quod
2180 5105 2305 5150 tunc
2341 5092 2721 5153 occultabatur,
2757 5088 2961 5143 occulte
3007 5087 3332 5157 pertinentes
3366 5102 3379 5138 :
3408 5084 3485 5138 sic
3512 5093 3564 5138 et

1996 5206 2134 5245 nunc
2158 5188 2208 5242 in
2239 5181 2744 5243 SacramentoNovi
2761 5179 3085 5235 Testamenti
3112 5177 3252 5248 quod
3273 5177 3381 5247 iam
3405 5190 3559 5229 reve—

1995 5280 2158 5336 latum
2189 5290 2290 5344 est,
2322 5277 2556 5348 plerique
2582 5273 2763 5327 vivunt
2787 5269 3064 5324 animales.
3091 5268 3189 5336 Qui
3234 5266 3489 5337 prolicere
3518 5262 3562 5317 si

2061 5460 2078 5491 ι
2104 5456 2257 5505 verba
2278 5451 2385 5512 illa,
2420 5451 2517 5501 sive
2554 5449 2615 5500 de
2635 5461 2717 5512 se,
2765 5447 2944 5512 sivegtle
2982 5444 3191 5512 ancilla.
3216 5456 3323 5512 cum
3347 5454 3564 5512 amanu-

1996 5519 2185 5582 scriptis
2198 5508 2380 5572 absint,
2398 5513 2619 5582 videntur
2634 5511 2699 5559 de
2709 5510 2937 5582 margine
2958 5511 3187 5582 migrasse
3216 5508 3266 5582 in
3290 5511 3500 5582 Egildtl'll.

2059 5564 2300 5639 {Sinite
2325 5564 2376 5626 et
2396 5574 2561 5639 plures
2578 5578 2683 5622 Mss.
2709 5572 2803 5639 hoc
2818 5564 3234 5639 locti_u{ra'ttsreunt
3258 5564 3564 5639 particular,

1999 5650 2048 5692 ut
2069 5655 2085 5691 :
2103 5627 2189 5690 sed
2216 5637 2333 5688 infra
2359 5627 2465 5700 pist
2484 5672 2499 5696 ,
2518 5631 2828 5700 sacramentis
2848 5627 3009 5681 imiimi
3029 5643 3045 5690 ;
3066 5629 3223 5678 addita
3249 5627 3476 5690 [articulo
3500 5629 3570 5676 sic

2001 5721 2013 5767 ι
2029 5720 2063 5751 ιη
2074 5697 2370 5767 iseqnnntur,
2383 5698 2424 5749 si
2436 5697 2604 5767 adhuc
2627 5704 2802 5767 tamen,
2831 5704 2922 5741 etc.

2067 5768 2085 5797 ³
2112 5755 2410 5825 antiquiores
2432 5765 2556 5813 Mss,
2582 5755 2893 5815 nnmifcstmn.
