4054 6210
455 375 561 432 125

458 483 721 540 noluutad
747 476 1084 552 percipienda
1113 489 1230 543 qnze
1257 481 1380 526 sunt
1407 470 1635 540 Spiritus
1667 467 1784 533 Dei,
1818 481 1921 536 quo
1939 479 2032 520 eos

461 577 703 630 hortatur
727 583 902 625 sermo
941 564 1293 637 apostolicus,
1329 563 1392 615 ad
1436 559 1598 616 Vetus
1627 558 2028 614 Testamentum

459 664 818 735 pertinebunt.
859 657 913 715 Si
948 667 1124 711 autem
1171 654 1488 725 proﬁciunt,
1529 659 1582 706 et
1621 659 1904 720 antequam
1949 664 2038 703 ca-

459 760 627 828 piant,
653 757 768 826 ipso
805 751 1044 823 profectu
1071 760 1125 806 et
1149 749 1399 804 accessu‘
1425 747 1490 800 ad
1512 745 1713 800 Novem
1741 744 2035 813 pertinent:

461 858 515 903 et
544 847 590 902 si
620 847 925 916 priusquam
953 843 1256 912 Spiritti'ales
1282 839 1411 894 ﬁant
1434 882 1447 902 ,
1477 855 1543 894 ex
1572 837 1670 891 hac
1690 839 1795 891 vita
1823 835 2038 904 rapian-

423 952 563 1004 tur,
615 937 862 994 custoditi
911 943 1007 1006 per
1047 933 1374 991 Sacram‘enti
1433 932 1768 986 sanctitatem
1801 930 1852 983 in
1899 937 2038 982 terra

457 1031 746 1084 viventium
778 1031 1173 1096 computantur,
1206 1024 1292 1078 ubi
1319 1027 1406 1078 cst’
1432 1030 1552 1091 Spes
1580 1033 1758 1075 nostra
1792 1030 1843 1074 et
1867 1017 2041 1088 portio

460 1121 732 1177 Dominus.
775 1121 883 1176 Nec
913 1119 1123 1174 invenio
1167 1117 1290 1187 quid
1332 1116 1508 1170 verius
1543 1113 1860 1183 intelligatur
1889 1112 1939 1164 in
1976 1125 2042 1163 eo

457 1211 598 1283 quod
625 1213 878 1282 scriptum
907 1219 988 1266 est
1007 1252 1022 1272 ,
1054 1208 1413 1280 Imperfectum
1454 1223 1618 1259 meum
1647 1206 1871 1257 tiderunt
1909 1201 2042 1255 oculi

458 1306 530 1357 tui
562 1322 580 1358 :
621 1304 1044 1373 quandoquidem
1088 1302 1346 1371 sequitur,
1389 1297 1456 1352 Et
1497 1299 1549 1351 in
1585 1295 1710 1350 libro
1748 1305 1831 1350 tuo
1872 1297 2042 1348 omnes

457 1395 732 1447 scribentur
753 1397 768 1455 (
779 1393 918 1447 Psol.
948 1408 1197 1455 cxxxvut,
1232 1389 1340 1460 I6).

529 1485 754 1542 CAPUT
782 1485 918 1539 XVI.
951 1517 1021 1524 —
1047 1485 1136 1539 2'5.
1168 1484 1296 1552 Quae
1343 1492 1520 1536 autem
1564 1479 1772 1550 peperit
1817 1478 1948 1532 Abel
1988 1485 2044 1531 ct

461 1579 641 1632 Enoch
671 1589 724 1633 et
750 1578 862 1633 Noe
888 1587 942 1633 et
971 1577 1270 1641 Abraham,
1318 1575 1430 1644 ipsa
1475 1573 1680 1644 peperit
1723 1570 1935 1642 Moysen
1990 1577 2043 1622 et

462 1670 752 1738 l‘r0phetas
794 1679 1030 1739 tempore
1077 1668 1399 1739 posteriores
1441 1676 1564 1720 ante
1611 1665 1896 1719 adventum
1941 1661 2043 1715 Do-

459 1760 623 1824 mini;
672 1770 726 1815 et
754 1776 871 1830 qua:
921 1761 1089 1824 istos,
1139 1763 1250 1827 ipsa
1277 1767 1330 1812 et
1359 1758 1641 1827 Apostolus
1684 1765 1738 1809 et
1781 1765 2042 1824 martyres

461 1860 672 1906 nostros
700 1860 752 1904 et
779 1865 965 1904 omnes
995 1850 1161 1903 bonos
1191 1847 1535 1902 Christianos.
1565 1847 1762 1901 Omnes
1787 1847 1928 1900 enim
1958 1845 2040 1897 di-

459 1942 627 1996 versis
670 1929 882 2010 quidem
924 1940 1250 2010 temporibus
1277 1940 1383 1993 nati
1411 1946 1786 2008 apparuerunt,
1816 1937 1909 1992 sed
1952 1952 2044 1990 so-

458 2032 651 2087 cietate
679 2033 836 2086 unius
873 2032 1048 2101 pepuli
1076 2032 1433 2096 continentur;
1467 2041 1519 2084 et
1544 2030 1778 2098 ejusdem
1817 2031 2044 2086 civitatis

459 2123 604 2177 cives
634 2123 842 2178 labores
873 2123 1028 2192 hujus
1075 2122 1511 2193 peregrinationis
1555 2123 1757 2190 experti
1789 2128 1944 2187 sunt,
1991 2130 2047 2176 et

459 2216 674 2284 quidam
719 2232 903 2271 eorum
934 2231 1073 2270 nunc
1101 2216 1464 2285 experiuntur,
1510 2223 1564 2268 et
1595 2230 1758 2283 usque
1799 2215 1850 2268 in
1884 2213 2041 2267 ﬁnem

457 2307 638 2361 creteri
675 2308 1034 2376 experientur.
1069 2308 1195 2362 Item
1225 2322 1343 2376 qua:
1382 2305 1586 2375 peperit
1625 2305 1751 2358 Cain
1788 2313 1841 2358 et
1876 2302 2042 2358 Cham

457 2407 515 2451 et
544 2397 818 2452 Ismaclem
846 2407 901 2452 et
942 2398 1105 2464 Esau,
1138 2397 1324 2450 eadem
1375 2397 1484 2465 ipsa
1517 2395 1720 2464 peperit
1759 2404 1814 2449 et
1839 2395 2042 2448 Dathan

459 2497 514 2538 vt
556 2487 689 2541 alios
738 2486 787 2539 in
816 2486 1004 2542 eodem
1051 2488 1244 2556 p0pulo
1272 2486 1511 2549 similes;
1542 2496 1594 2540 et
1619 2501 1736 2556 quae
1780 2486 1928 2548 istos,
1955 2501 2044 2540 ea-

461 2579 584 2633 dem
631 2579 742 2648 ipsa
787 2568 842 2633 et
868 2577 1056 2633 Iudam
1103 2578 1645 2650 pscudoapostolum,
1679 2588 1733 2633 et
1771 2578 2043 2632 Simonem

459 2687 702 2741 magum,
733 2680 788 2726 et
816 2681 1039 2726 cmteros
1069 2687 1236 2741 usque
1283 2670 1349 2724 ad
1400 2670 1514 2725 h;ec
1545 2678 1780 2738 tempora
1814 2669 2040 2738 pseudo-

459 2762 781 2816 ehristianos
809 2763 858 2815 in
882 2751 1164 2816 aﬁ'ectione
1192 2762 1405 2815 animali
1441 2761 1783 2830 pertinaciter
1806 2760 2039 2814 obdura-

461 2863 565 2916 tos,
599 2852 712 2906 sive
743 2853 793 2906 in
821 2853 1025 2907 unitate
1054 2853 1298 2921 permixti
1332 2853 1468 2918 sint,
1500 2853 1611 2907 sive
1636 2862 1819 2921 aperta
1853 2853 2039 2920 praeci-

458 2946 609 2999 sione
633 2944 968 3000 dissentiant.
999 2943 1103 2999 Sed
1132 2960 1251 2998 cum
1282 2943 1411 2997 tales
1436 2959 1464 2996 a
1495 2944 1856 3013 spiritualibus
1890 2959 2044 2997 evan-

458 3036 774 3102 gelizantur,
812 3045 866 3089 et
904 3035 1263 3090 Sacramentis
1311 3035 1640 3095 imbuuntur,
1673 3044 1922 3102 tanquam
1951 3049 2044 3102 per

460 3142 518 3176 se
544 3123 734 3192 .ipsam
765 3124 1001 3178 Itcbecca
1027 3140 1118 3178 eos
1147 3126 1302 3192 parit,
1337 3125 1473 3176 sicut
1506 3125 1639 3176 Esau
1671 3140 1683 3176 :
1713 3138 1833 3176 cum
1864 3132 2040 3177 autem

463 3231 556 3280 rer
584 3215 700 3269 illos
725 3215 812 3283 qui
843 3230 945 3268 nou
985 3227 1130 3269 caste
1159 3216 1475 3270 aununtiant
1503 3215 1842 3284 Evangelium
1885 3213 2040 3286 (Plii-

463 3305 590 3372 lipp.
616 3320 652 3367 t,
679 3305 790 3375 I7),
821 3307 951 3360 tales
981 3306 1030 3358 iii
1063 3307 1149 3359 Dei
1182 3307 1375 3377 popttlo
1400 3317 1738 3376 generantur;
1767 3306 1896 3361 Sara
1925 3305 2042 3374 qui-

463 3399 583 3447 dem
607 3435 620 3458 ,
651 3395 745 3449 sed
797 3412 890 3465 per
935 3399 1092 3465 Agar.
1140 3397 1268 3451 Item
1298 3397 1419 3451 boni
1458 3398 1794 3467 Spirituales,
1830 3397 2042 3466 quando

463 3485 945 3553 evangelizantibus
983 3488 1064 3540 vel
1113 3487 1500 3556 baptizautibus
1544 3489 1845 3542 carnalibus
1874 3503 2038 3558 gene-

464 3586 667 3639 rantur,
703 3575 794 3628 I.ia
842 3577 1052 3645 quidem
1101 3580 1180 3631 vel
1215 3577 1409 3632 llachel
1450 3578 1571 3647 jure
1613 3579 1878 3648 conjugali
1923 3593 2039 3641 eos,

464 3666 558 3720 sed
581 3682 675 3734 per
701 3668 1008 3721 ancillarum
1030 3671 1048 3698 ²
1079 3677 1283 3722 uterum
1317 3659 1468 3737 parit.
1503 3670 1630 3724 Cum
1656 3685 1780 3724 vero
1812 3685 1906 3739 per
1934 3670 2042 3739 Spi-

465 3757 683 3812 rituales
709 3757 761 3811 in
789 3758 1077 3828 Evangelii»
1103 3771 1426 3829 generantur
1456 3761 1577 3816 boni
1605 3761 1810 3828 ﬁdeles,
1846 3763 1934 3832 qui
1958 3763 2041 3816 vel

464 3851 695 3907 evadunt
715 3853 766 3907 in
794 3854 1086 3922 spiritualis
1115 3855 1288 3909 inlati;
1317 3855 1585 3921 affectum,
1619 3856 1701 3909 vel
1731 3871 1795 3910 eo
1824 3855 2042 3911 tendere

465 3963 567 4000 non
590 3947 870 4014 desistunt,
903 3949 984 4003 vel
1009 3949 1128 4003 ideo
1155 3965 1262 4003 non
1294 3948 1495 4003 faciunt
1517 3950 1638 4018 quia
1664 3967 1765 4003 non
1794 3957 2039 4019 possunt,

463 4040 598 4092 sicut
622 4053 687 4093 ex
715 4049 866 4095 utero
893 4041 1039 4094 Sat-te
1071 4041 1234 4105 Isaae,
1267 4041 1345 4094 vel
1380 4039 1630 4094 Rebecca
1657 4041 1839 4105 Jacob,
1870 4042 1919 4094 in
1945 4057 2042 4095 no-

465 4146 580 4182 vam
609 4132 767 4182 vitam
795 4139 848 4184 et
873 4130 1074 4184 Novum
1097 4131 1491 4184 Testamentum
1521 4141 1826 4185 nascuntur.

533 4218 756 4273 CAPUT
785 4218 945 4273 XVII.
977 4250 1045 4258 —
1074 4219 1164 4272 26.
1201 4220 1378 4287 Itaque
1408 4220 1517 4273 sive
1561 4221 1698 4276 intus
1735 4223 1933 4276 versari
1964 4224 2040 4276 vi-

466 4309 709 4372 dcantur,
737 4308 849 4362 sive
875 4317 1056 4377 aperte
1099 4309 1226 4362 foris
1251 4310 1390 4376 sint,
1442 4311 1580 4380 quod
1612 4327 1736 4366 caro
1778 4322 1876 4378 est,
1918 4329 2044 4368 caro

466 4407 546 4451 est
575 4396 732 4451 z'sive
768 4397 818 4450 in
850 4413 973 4452 area
1013 4399 1062 4452 in
1099 4414 1191 4452 sua
1222 4400 1498 4457 sterilitate
1527 4412 1900 4470 perseverent,
1932 4404 2044 4460 sive

467 4485 746 4540 occasione
789 4488 1090 4542 tentatiouis
1122 4497 1366 4557 tauquam
1413 4500 1570 4546 vento
1597 4502 1742 4546 extra
1773 4494 2041 4557 tollantur,

467 4576 608 4645 quod
637 4577 785 4646 palea
816 4587 917 4644 est,
945 4579 1095 4648 palea
1125 4591 1224 4635 est.
1263 4583 1325 4635 Et
1356 4597 1569 4651 semper
1593 4585 1660 4639 ab
1688 4584 1827 4640 illius
1853 4585 2041 4640 Eccle-

469 4668 561 4721 ϐίω
590 4683 706 4736 qua:
733 4667 848 4722 sine
875 4669 1082 4724 macula
1104 4679 1157 4724 et
1190 4686 1315 4740 ruga
1361 4679 1444 4726 est
1482 4671 1580 4742 (τι),
1614 4673 1815 4729 unitate
1844 4674 2044 4730 divisus

469 4769 586 4824 est,
617 4759 775 4812 etiam
811 4760 898 4830 qui
937 4765 1326 4832 congregationi
1374 4765 1395 4796 ³
1430 4778 1733 4822 sanctorum
1768 4768 1820 4822 in
1847 4769 2043 4822 carnali

467 4850 812 4904 obdurationc
852 4851 1122 4908 miscetur.
1155 4853 1226 4908 Dc
1265 4856 1408 4911 nullo
1435 4866 1610 4911 tamen
1657 4858 2044 4928 despcramlum

467 4947 567 5003 est,
597 4941 711 4993 sive
735 4941 822 5010 qui
851 4941 989 4995 intus
1029 4944 1146 4996 talis
1170 4955 1418 5012 apparet,
1449 4947 1559 5000 sive
1597 4948 1682 5017 qni
1725 4947 1851 5001 foris
1881 4949 2045 5001 mani-

471 5031 654 5085 festius
694 5032 1019 5090 adversatur.
1053 5035 1368 5105 Spirituales
1397 5051 1573 5092 autem
1600 5046 1716 5094 sive
1739 5041 1804 5095 ad
1838 5040 1939 5110 hoc
1969 5042 2048 5110 ip-

467 5141 583 5178 sum
613 5125 698 5195 pio
725 5127 904 5182 studio
935 5129 1300 5196 proﬁcientes,
1325 5147 1428 5184 non
1465 5141 1591 5186 eunt
1617 5134 1756 5186 foras
1790 5151 1801 5186 :
1844 5135 1965 5202 quia
1994 5144 2048 5189 et

467 5231 586 5268 cum
613 5215 786 5285 aliqua
821 5218 900 5271 vel
925 5219 1268 5286 perversitate
1300 5221 1382 5274 vel
1421 5222 1733 5276 necessitate
1773 5223 2046 5278 hominum

469 5305 712 5360 videntur
743 5308 970 5376 expelli,
1003 5309 1073 5362 ibi
1114 5312 1279 5381 magis
1318 5312 1625 5380 probantur,
1649 5330 1806 5383 quam
1838 5316 1880 5367 si
1909 5316 2047 5369 intus

469 5411 843 5468 permaneant,
876 5417 999 5456 cum
1029 5401 1282 5458 adversus
1305 5403 1595 5460 Ecelesiam
1623 5407 1921 5462 nullatenus
1942 5409 2042 5462 eri-

533 5576 930 5642 {AliquotMss.,
976 5578 1080 5641 ipso
1124 5580 1332 5642 profecto
1376 5593 1585 5633 accessu.

533 5639 552 5700 ξ
578 5644 649 5686 Er.
671 5647 722 5688 et
744 5641 910 5700 plures
929 5639 1059 5699 Mss,
1085 5639 1380 5690 aitrillnrmu.

534 5696 703 5768 flfditi,
729 5696 1114 5768 emigregotione:
1133 5705 1427 5763 t‘astigantur
1452 5717 1478 5752 a
1513 5707 1860 5768 manuscriptis.

532 5760 602 5817 (η)
630 5767 658 5806 tl
685 5759 1032 5825 ttetrabt.,"cap.
1065 5763 1120 5812 I8
1258 5759 1280 5763 ”
1627 5771 1634 5775 ’

1199 361 1287 415 DE
1329 356 1666 414 BAPTISMO
1705 355 1973 411 CONTRA
2019 351 2464 415 DONA'l'lSTAS,
2506 352 2562 407 S.
2604 348 2980 411 AUG'USTINI

3629 352 3730 407 εει

2147 471 2360 530 guntur,
2388 459 2480 516 sed
2511 461 2560 514 in
2596 460 2760 515 solida
2786 460 2998 514 unitatis
3022 460 3039 492 ί
3073 469 3220 531 petra
3247 458 3536 515 fortissimo
3553 461 3724 515 chari-

2148 551 2269 604 tatis
2297 550 2489 605 robore
2533 550 2854 605 radicantur.
2887 551 2968 605 Ad
2999 550 3101 606 hoc
3143 550 3284 605 enim
3315 551 3544 620 pertinet
3585 553 3727 620 quod

2147 641 2199 694 iu
2232 640 2321 694 illo
2351 640 2578 694 Abrahae
2606 641 2866 696 sacriﬁcio
2894 641 3105 708 dicitur,
3133 642 3260 696 Aves
3283 651 3456 695 autem
3479 645 3579 696 non
3601 645 3725 696 clivi--

2146 732 2208 786 sit
2230 729 2383 799 (Gen.
2406 741 2493 797 xv,
2522 731 2633 800 10).

2217 819 2441 877 CAPUT
2470 821 2653 876 XVIII.
2677 852 2748 862 —
2767 823 2856 874 9.7.
2895 823 2964 876 De
2993 822 3246 892 Baptis'mi
3275 835 3402 892 ergo
3427 823 3740 892 qutrstione

2143 909 2286 979 jam,
2320 921 2571 981 quantum
2613 913 2879 978 arbitror,
2925 914 3054 967 satis
3081 913 3307 966 disserui
3341 930 3354 965 :
3387 922 3441 967 et
3473 915 3595 983 quia
3630 914 3732 967 hor.

2149 1003 2636 1058 manifestissimum
2664 1003 2896 1059 schisma
2924 1014 3006 1058 est
3046 1005 3184 1073 quod
3211 1005 3603 1059 Donatistarum
3635 1024 3730 1060 no-

2149 1095 2291 1149 mine
2321 1105 2688 1164 nuncupatur,
2719 1104 2882 1149 restat
2909 1104 2964 1148 ut
2993 1094 3093 1149 hoc
3121 1094 3188 1149 de
3213 1095 3482 1164 Baptismo
3508 1097 3593 1167 pie
3620 1113 3727 1152 cre-

2148 1185 2336 1240 damus
2356 1229 2370 1254 ,
2403 1187 2542 1256 quod
2571 1188 2816 1242 universa
2846 1187 3082 1242 Ecclesia
3111 1203 3141 1240 a
3171 1187 3449 1256 sacrilegio
3478 1189 3731 1243 schismav
3770 1256 3784 1270 υ

2151 1278 2218 1331 tis
2240 1287 2442 1332 remota
2471 1279 2720 1334 custodit.
2743 1279 2795 1332 lu
2818 1295 2919 1354 qua
2949 1290 3122 1333 tamen
3150 1280 3193 1333 si
3221 1280 3358 1333 aliud
3383 1281 3564 1343 alii,et
3589 1284 3728 1336 aliud

2148 1367 2238 1420 alii
2264 1368 2437 1422 adhuc
2463 1370 2530 1423 de
2557 1369 2655 1423 ista
2685 1371 2979 1438 quastione
3008 1370 3150 1423 salva
3185 1385 3312 1440 pace
3341 1371 3619 1438 sentirent,
3643 1373 3731 1426 do-

2150 1475 2249 1514 nec
2278 1460 2562 1515 universali
2602 1463 2826 1515 concilio
2853 1477 3015 1515 unum
3059 1461 3256 1531 aliquid
3284 1463 3574 1532 cliquatum
3621 1466 3734 1520 sin?

2149 1567 2435 1620 cerumqne
2479 1552 2798 1620 placuisset,
2843 1552 3085 1606 humanm
3129 1552 3449 1608 inﬁrmitatis
3493 1570 3730 1610 errorem

2149 1644 2449 1712 cooperiret
2475 1644 2705 1699 charitas
2731 1644 2944 1698 unitatis
2963 1687 2977 1709 ,
3008 1646 3145 1699 sicut
3167 1646 3420 1715 scriptum
3450 1658 3530 1701 est
3551 1691 3566 1713 ,
3599 1648 3752 1715 Qttirr

2150 1733 2369 1786 clem-itas
2416 1736 2635 1804 coeperit
2686 1733 3054 1788 multitudinem
3107 1746 3419 1805 peccatorum
3472 1737 3534 1809 (I
3583 1737 3728 1791 Petr.

2151 1838 2243 1887 iv,
2289 1824 2384 1893 8).
2433 1825 2546 1891 Qua
2583 1825 2742 1879 enim-
2769 1825 2988 1880 absente
3028 1835 3222 1880 caetera
3265 1827 3491 1881 inaniter
3533 1828 3732 1883 haben-

2152 1925 2270 1978 tur,
2325 1916 2513 1970 eadem
2558 1928 2821 1987 prais‘ente
2867 1918 3108 1988 quaedam
3157 1919 3440 1975 venialitcr
3486 1937 3588 1976 non
3635 1923 3731 1974 ha-

2151 2007 2362 2061 bentur.

2223 2097 2310 2152 28.
2347 2099 2569 2154 Exstant
2594 2101 2731 2155 beati
2764 2103 3010 2173 martyris
3037 2101 3282 2174 Cypriani
3327 2105 3377 2158 in
3403 2105 3516 2174 ejus
3545 2107 3744 2163 littenis.

2151 2205 2340 2259 magna
2361 2190 2673 2246 documenta
2693 2234 2708 2256 ,
2738 2201 2795 2246 ut
2819 2194 2884 2246 ad
2917 2195 3060 2247 illum
3083 2195 3192 2263 jam
3220 2196 3425 2248 veniam
3449 2238 3464 2263 ,
3493 2198 3559 2252 de
3583 2200 3734 2266 cujus

2150 2279 2249 2333 sibi
2280 2281 2592 2336 auctoritate
2619 2282 2703 2337 isti
2744 2285 3026 2338 carnaliter
3052 2285 3394 2339 blandiuntur
3415 2329 3428 2348 ,
3456 2302 3573 2357 cum
3617 2290 3732 2357 ejus

2149 2369 2407 2424 charitate
2437 2372 2781 2440 spiritualiter
2810 2374 3153 2442 perimantur.
3184 2375 3315 2429 Nam
3348 2376 3450 2431 illis
3483 2356 3731 2446 tempori-

2149 2458 2248 2513 bus
2271 2501 2285 2525 ,
2315 2469 2596 2530 antequam
2630 2463 2848 2531 plenarii
2876 2465 3083 2519 concilii
3115 2468 3373 2520 sententia
3402 2467 3526 2536 quid
3558 2471 3606 2522 in
3637 2469 3734 2524 hac

2149 2565 2208 2606 re
2232 2552 2558 2621 sequendum
2585 2561 2748 2620 esset,
2769 2555 2926 2608 totius
2952 2555 3200 2611 Ecclesia:
3229 2559 3512 2612 ceiiseusio
3541 2563 3732 2614 contir—

2151 2651 2350 2697 masSet
2377 2643 2486 2714 (τι),
2515 2646 2688 2699 visum
2719 2655 2800 2700 est
2825 2647 2874 2700 ei
2902 2661 3023 2700 cum
3066 2649 3230 2704 ferme
3257 2649 3521 2720 octoginta
3555 2655 3732 2719 coepi-

2149 2735 2324 2802 scppis
2351 2736 2460 2788 suis
2493 2736 2854 2791 Africanarum
2883 2737 3237 2793 Ecclesiarum
3260 2783 3273 2802 ,
3307 2749 3512 2795 omnem
3556 2743 3731 2797 homi-

2150 2839 2270 2876 nem
2297 2825 2385 2893 qni
2412 2837 2559 2879 extra
2588 2827 2838 2881 Ecclesite
2865 2830 3139 2883 catholica:
3165 2832 3586 2885 Cottitnuttinumu
3635 2835 3697 2884 ba
3717 2864 3728 2872 -

2150 2915 2376 2983 ptizatus
2403 2915 2600 2978 fuisset,
2624 2927 2872 2984 oportere
2899 2918 2970 2972 ad
2995 2919 3284 2974 Ecclesium
3311 2923 3608 2977 venientem
3638 2925 3731 2977 (IC-

2150 3022 2254 3060 nno
2273 3007 2541 3076 baptizari.
2560 3007 2709 3075 Quod
2739 3023 2842 3062 non
2870 3020 3013 3065 recte
3044 3011 3154 3065 ﬁeri
3183 3021 3328 3066 tanto
3348 3013 3458 3065 viro
3482 3014 3730 3065 nimirum

2150 3106 2430 3166 propterea
2467 3097 2727 3151 Deminus'
2749 3111 2852 3152 non
2880 3099 3107 3168 aperuit,
3135 3111 3193 3156 ut
3221 3103 3334 3172 ejus
3366 3104 3448 3172 pia‘
3473 3111 3525 3156 c‘t
3556 3105 3727 3156 humi-

2150 3189 2267 3242 litas
2291 3199 2343 3243 et
2362 3191 2593 3243 cliaritas
2620 3190 2668 3243 iu
2697 3190 3039 3245 custodienda
3063 3193 3344 3247 salubriter
3367 3195 3618 3248 Ecclesia:
3639 3211 3727 3265 pa-

2147 3293 2210 3332 ce
2229 3287 2541 3347 patesce‘ret‘,
2563 3285 2737 3333 etnon
2760 3281 2931 3334 solum
2960 3281 3100 3336 illius
3126 3283 3376 3350 temporis
3391 3283 3737 3348 Christianis,

2147 3368 2240 3422 sed
2269 3369 2426 3423 etiam
2455 3371 2681 3437 posteris
2707 3371 2770 3423 ad
2800 3371 3162 3426 medicinalem
3185 3414 3198 3435 ,
3229 3381 3287 3425 ut
3314 3373 3382 3425 ita
3406 3373 3612 3435 dicam,
3638 3390 3733 3424 nu-

2149 3461 2315 3514 titiam
2342 3461 2658 3530 signaretur.
2691 3455 2820 3515 Cum
2860 3464 3010 3516 euiiii'
3042 3465 3168 3516 tanti
3199 3463 3401 3528 meriti,
3439 3473 3595 3517 tanta:
3627 3465 3728 3518 Ec-

2147 3552 2323 3607 clesia:
2343 3593 2359 3618 ,
2393 3553 2520 3605 tanti
2552 3549 2780 3621 pectoris
2800 3594 2812 3616 ,
2845 3549 2971 3606 tan‘ti
3013 3555 3122 3607 oris
3142 3594 3154 3616 ,
3189 3562 3348 3607 tanta:
3380 3555 3591 3608 virtutis
3619 3555 3731 3624 epi-

2147 3659 2359 3712 sc0pus,
2379 3642 2518 3696 aliud
2546 3643 2611 3696 de
2643 3643 2911 3712 Baptis’m‘o
2937 3643 3302 3708 arbitraretur,
3326 3659 3478 3712 quam
3511 3655 3626 3698 erat
3645 3646 3732 3698 di-

2149 3733 2654 3805 ligentiusinquisita
2676 3733 2869 3787 veritas
2895 3733 3194 3798 ﬁrmatura;
3217 3733 3469 3803 multique
3486 3734 3602 3802 ejus
3618 3735 3732 3790 col-

2148 3826 2299 3897 lcgze,
2319 3825 2560 3896 quamvis
2577 3825 2808 3879 nondum
2836 3824 3034 3893 liquido
3051 3823 3464 3892 manifestatum,
3483 3825 3532 3878 id
3553 3834 3731 3881 tamen

2151 3925 2388 3971 tenerent
2406 3916 2546 3986 quod
2573 3925 2625 3969 et
2651 3916 2916 3985 praeterita
2932 3914 3183 3969 Ec’clesim
3207 3915 3558 3980 COIISUCIlltIO,
3577 3927 3630 3971 et
3649 3933 3732 3985 po-

2147 4016 2260 4062 stea
2291 4017 2429 4062 totus
2458 4007 2751 4061 catholicus
2775 4005 2919 4060 orbis
2961 4005 3240 4074 amplexus
3267 4004 3348 4060 cSt
3377 4021 3392 4059 :
3429 4019 3532 4061 non
3558 4016 3615 4061 se
3643 4009 3732 4062 ille

2150 4109 2326 4153 tamen
2347 4103 2382 4150 a'
2397 4098 2606 4152 caeteris
2625 4097 2836 4153 diversa
2862 4097 3212 4152 sentientibus
3233 4107 3473 4167 separata
3495 4113 3730 4153 commn-

2149 4190 2308 4244 nione
2334 4188 2617 4257 disjunxit,
2647 4197 2701 4244 et
2726 4188 2832 4242 hoc
2851 4189 3012 4242 etiam
3038 4189 3247 4242 caeteris
3277 4188 3594 4258 persuadere
3623 4203 3760 4244 non.

2149 4282 2371 4346 destitit,
2393 4289 2453 4335 ut
2476 4281 2759 4337 suilerrent
2789 4281 3013 4334 invicem
3041 4279 3092 4333 iu
3121 4280 3426 4345 dilectione,
3457 4280 3760 4355 studentes.-.

2149 4391 2363 4431 servare
2388 4375 2642 4429 unitatem
2671 4373 2886 4444 spiritus
2914 4374 2965 4427 in
2993 4373 3201 4427 vinculo
3229 4372 3371 4442 pacis
3395 4371 3605 4442 (Ephes.
3639 4389 3688 4426 iv
3711 4416 3724 4437 ,

2148 4464 2183 4518 2
2202 4507 2216 4529 ,
2245 4463 2320 4534 5).
2349 4463 2422 4517 Ita
2448 4463 2588 4518 enim
2615 4463 2854 4532 corporis
2881 4470 3125 4516 manente
3145 4477 3399 4532 compage
3417 4503 3432 4526 ,
3459 4463 3503 4515 si
3529 4462 3656 4531 quid
3677 4463 3728 4516 in

2149 4553 2461 4623 quibusdam
2489 4553 2742 4607 membris
2768 4553 3165 4620 inﬁrmabatur,
3193 4569 3258 4606 ex
3286 4567 3469 4606 eorum
3506 4554 3730 4616 sanitate

2150 4643 2545 4698 convalesceret
2572 4643 2746 4712 potius
2766 4685 2780 4707 ,
2820 4659 2976 4713 quam
3008 4641 3320 4711 prtecisione
3360 4643 3729 4698 mortiﬁcatum

2151 4729 2474 4802 diligentiam
2515 4735 2708 4787 nullius
2733 4734 3022 4788 curationis
3046 4733 3366 4788 admitteret.
3399 4733 3460 4788 Et
3487 4734 3529 4787 si
3557 4749 3616 4789 se
3645 4737 3732 4790 ille

2151 4833 2485 4894 separasset,
2517 4828 2673 4895 quam
2723 4823 2870 4878 multi
2915 4825 3302 4893 sequerentur?
3331 4837 3584 4895 quantum
3633 4830 3758 4882 sibi.

2153 4935 2346 4974 nomen
2386 4920 2522 4974 inter
2550 4917 2790 4974 homines
2829 4919 3062 4975 faceret?
3087 4937 3244 4992 quam
3275 4921 3429 4977 latius
3457 4923 3744 4995 Cypriani-.

2153 5021 2248 5064 sue
2276 5026 2431 5080 quam
2464 5010 2752 5064 Donatista:
2782 5011 3132 5065 vocarentur?
3158 5011 3262 5066 Sed
3306 5029 3409 5066 non
3439 5021 3555 5068 erat
3595 5014 3752 5068 ﬁlius.

2155 5101 2465 5172 perditionis
2484 5141 2497 5165 ,
2526 5099 2593 5155 de
2614 5101 2856 5170 qualibus
2875 5102 3073 5157 dictum
3100 5113 3180 5158 est
3200 5146 3213 5167 ,
3246 5102 3483 5175 Dejecisti
3508 5122 3592 5159 eos
3613 5107 3735 5157 dum

2153 5190 2508 5246 extollerentur
2537 5190 2704 5262 (Psal.
2738 5208 2875 5246 Litin
2900 5234 2912 5256 ,
2961 5191 3050 5265 18)
3086 5213 3099 5248 :
3132 5193 3223 5248 sed
3266 5207 3380 5248 erat
3421 5193 3560 5248 ﬁlius
3592 5197 3735 5262 pacis

2156 5283 2427 5345 Ecclesiae,
2448 5282 2535 5350 qui
2555 5291 2699 5336 tanta
2723 5283 2898 5337 cordis
2915 5283 3298 5340 illuminatione
3325 5285 3594 5355 praeditus,
3617 5301 3740 5354 pro-
3756 5331 3770 5337 -

2157 5385 2334 5444 ptcrea
2363 5389 2466 5426 non
2497 5372 2627 5426 vidit
2656 5372 2848 5442 aliquid
2870 5415 2884 5438 ,
2916 5385 2973 5428 ut
3003 5390 3098 5444 per
3119 5390 3240 5429 eum
3267 5375 3732 5444 aliudsupereini-

2155 5464 2370 5518 nentius
2398 5463 2683 5516 videretur.
2721 5462 2781 5515 Et
2811 5464 2997 5531 adhuc,
3029 5466 3196 5534 inquit
3223 5466 3526 5535 Apostolus,
3555 5483 3734 5536 super-

2156 5554 2524 5607 eminentiorem
2565 5553 2694 5606 viam
2737 5555 2873 5608 vobis
2913 5556 3198 5610 demonstro
3229 5573 3245 5607 .·
3279 5557 3323 5612 si
3361 5558 3546 5627 linguis
3573 5558 3736 5613 homi-

2221 5707 2235 5736 ί
2264 5705 2468 5754 vatieam
2488 5704 2677 5753 codices
2697 5741 2709 5760 .
2737 5706 2929 5754 unitate.

2221 5769 2292 5828 (ιι)
2321 5767 2430 5814 Vide
2457 5768 2573 5814 inl‘ra
2593 5764 2673 5815 lih.
2705 5768 2747 5824 :2,
2773 5780 2873 5830 (καί).
2901 5769 2945 5814 9.
