4054 6210
215 436 313 490 iﬁlli

208 552 328 591 mtt-
349 533 531 604 loquar
549 570 563 594 ,
596 533 643 582 et
672 521 1014 595 Angelorum,
1045 509 1342 568 cltaritatem
1374 513 1541 559 autem
1569 516 1669 555 non
1700 499 1793 550 lm—

206 631 365 689 brum,
389 590 559 693 factus
580 633 692 674 sum
718 590 1046 669 linamentum
1072 617 1259 659 sonans
1281 607 1371 653 aut
1398 593 1682 668 cymbalum
1704 590 1794 643 tin-

210 683 425 787 nicns'('l
454 713 571 768 Cor.
599 725 670 763 xu
692 748 707 770 ,
738 705 800 761 3|
825 744 843 770 ,
881 709 932 755 et
957 715 1047 754 xm
1069 738 1083 761 ,
1113 696 1188 764 l).
1216 691 1390 748 Minus
1416 700 1543 757 ergo
1582 683 1672 738 ille
1695 696 1792 752 pe-

211 772 472 866 netravit,
514 808 572 855 ut
594 804 842 859 cerneret
868 797 1136 848 secretum
1171 783 1405 839 abditum
1436 772 1752 833 sacramenti
1779 790 1791 823 :

211 902 304 957 sed
329 899 376 956 si
403 897 581 953 sciens
603 889 787 947 omnia
822 889 1154 942 sacramenta
1174 921 1191 944 ,
1219 875 1531 932 charitatem
1558 884 1666 924 non
1703 866 1796 919 ha-

212 993 381 1052 beret.
400 985 723 1044 nihil'esset.
741 979 873 1036 Cum
900 984 1076 1031 autem
1092 971 1267 1026 minus
1294 964 1420 1021 illud
1447 960 1796 1034 perspiciens,

219 1082 352 1137 hanc
376 1089 555 1136 tamen
597 1072 905 1133 humiliter,
933 1065 1192 1127 ﬁdeliter,
1239 1057 1448 1114 fortiter
1475 1048 1757 1109 custodivit
1782 1090 1796 1109 ,

217 1175 282 1230 ad
306 1169 547 1243 martyrii
571 1178 825 1223 coronam
852 1158 1049 1215 meruit
1087 1151 1369 1226 pervenire
1401 1165 1414 1202 :
1448 1153 1506 1200 ut
1529 1144 1575 1199 si
1614 1156 1717 1212 qua
1746 1139 1798 1193 in

219 1270 333 1338 eius
354 1263 582 1321 lucidam
600 1265 832 1315 mentem
858 1269 922 1309 es
946 1252 1173 1306 humana
1190 1241 1496 1300 conditione
1521 1234 1710 1290 nebula
1733 1232 1803 1285 ir-

222 1323 480 1427 repserat,
508 1349 739 1424 gloriosa
766 1343 1053 1400 serenitate
1084 1334 1330 1407 fulgentis
1355 1326 1632 1400 sanguinis
1659 1323 1806 1392 fuga-

221 1457 388 1505 setur.
411 1445 537 1501 Non
553 1441 697 1498 enim
722 1438 919 1493 frustm
944 1434 1057 1504 ipse
1083 1428 1339 1485 Dominus
1361 1423 1515 1479 Jesus
1540 1416 1804 1479 Christus,

222 1556 345 1597 cum
367 1553 429 1594 se
454 1537 633 1607 ipsum
653 1531 859 1586 diceret
882 1525 1043 1580 vitem
1064 1538 1080 1586 ,
1108 1533 1245 1575 suos
1262 1524 1440 1571 autem
1477 1520 1727 1578 tanquam
1755 1505 1806 1557 in

224 1632 333 1685 vite
358 1593 625 1684 sarmenta
646 1663 663 1688 ,
695 1616 913 1690 praecidi
943 1629 1037 1669 eos
1080 1610 1245 1670 dixit,
1291 1613 1348 1660 et
1373 1603 1441 1658 de
1483 1600 1589 1654 vite
1614 1593 1813 1649 auferri

227 1730 480 1788 tanquam
503 1686 714 1768 inutilia
737 1714 1039 1764 sarmenta,
1066 1714 1186 1771 qute
1210 1697 1440 1753 fructum
1469 1704 1573 1745 non
1600 1686 1808 1741 darent.

226 1777 360 1879 Quis
383 1814 466 1862 est
489 1813 669 1858 autem
695 1798 902 1853 fructus
922 1837 937 1860 ,
974 1792 1074 1847 nisi
1101 1802 1269 1844 novus
1299 1784 1388 1838 ille
1415 1780 1551 1835 fetus
1570 1819 1586 1843 ,
1616 1777 1682 1830 de
1710 1788 1815 1843 quo

228 1903 359 1957 item
386 1896 515 1953 dicit
544 1911 557 1947 :
592 1890 901 1946 Mandatum
923 1897 1105 1938 nouum
1132 1880 1198 1932 do
1226 1874 1390 1938 vobis,
1423 1879 1478 1923 ut
1500 1884 1586 1922 uos
1604 1865 1815 1919 invicem

230 1954 456 2062 diligatis
483 1984 660 2058 (Joan.
707 1994 799 2035 xm
822 2020 836 2041 ,
865 1972 999 2044 διν
1030 1971 1143 2040 Ipsa
1169 1976 1247 2023 est
1293 1964 1380 2018 illa
1405 1958 1637 2017 Charitas
1655 1997 1671 2018 ,
1701 1954 1818 2007 sine

231 2047 350 2153 qu;
362 2047 555 2136 caetera
580 2074 713 2130 nihil
738 2076 981 2142 prosunt.
1009 2064 1146 2119 Dicit
1167 2068 1221 2116 et
1247 2053 1571 2127 Apostolus:
1599 2047 1822 2101 Fructus

232 2185 403 2233 autem
435 2171 641 2242 spiritus
666 2174 757 2231 est,
793 2161 1034 2223 citat-itas,
1066 2152 1329 2227 gaudium,
1361 2161 1484 2216 pax,
1511 2136 1819 2210 longanimi-

237 2280 335 2331 tas,
368 2264 662 2336 benignitas,
695 2256 911 2321 bonitas,
955 2250 1102 2322 fides,
1134 2238 1485 2302 mansuetudo,
1518 2227 1823 2289 continentia

240 2358 436 2425 (Colat.
461 2323 526 2421 si,
678 2349 793 2417 2'5).
822 2345 951 2413 Qua:
974 2338 1155 2396 omnia
1180 2332 1441 2402 incipiunt
1468 2342 1497 2380 a
1527 2323 1784 2380 cbaritate
1804 2359 1827 2387 ,

235 2460 291 2506 et
306 2464 406 2520 per
420 2454 667 2502 atteram
685 2413 1149 2512 juncturam'quasi
1168 2430 1375 2483 botrum
1395 2421 1412 2454 ί
1433 2416 1728 2476 mirabilem
1750 2413 1826 2466 ta-

239 2504 404 2598 citint.
429 2537 542 2594 Nec
568 2504 744 2589 tamen
772 2530 964 2583 frustra
989 2524 1129 2579 idem
1154 2516 1411 2573 Dominus
1435 2508 1670 2572 addidit,
1702 2504 1830 2571 Quis

242 2645 407 2686 ιηιιειη
429 2636 688 2684 sarmenta
712 2623 766 2675 in
796 2635 875 2673 me
899 2617 1019 2670 dant
1047 2618 1267 2685 fmctum
1288 2650 1304 2673 ,
1335 2611 1519 2675 purgat
1555 2600 1647 2653 illa
1676 2595 1832 2649 Pater

432 2681 503 2771 “ut
530 2714 775 2785 majorem
803 2709 1022 2779 fructum
1047 2681 1269 2767 afferant
1297 2694 1472 2766 (toan.
1517 2704 1584 2742 xv
1602 2729 1617 2752 ,
1662 2681 1781 2753 1-5)
1815 2699 1830 2734 :

245 2812 346 2866 nisi
371 2777 497 2880 q'pia
523 2812 579 2860 et
606 2777 706 2872 ipsi
731 2777 820 2869 qui
854 2796 1026 2851 fructu
1055 2787 1345 2862 praevalent
1370 2777 1680 2837 charitatis,
1712 2788 1836 2843 pos-

246 2865 371 2957 sunt
392 2865 574 2954 iamen
593 2865 789 2963 aliquid
811 2887 1011 2943 habere
1035 2879 1389 2954 purgandum,
1409 2870 1552 2942 quod
1579 2865 1836 2923 incultum

247 2990 476 3058 agricola
504 3000 608 3042 non
646 2957 918 3052 relinquit.
949 2973 1102 3045 Quod
1127 2985 1257 3040 ergo
1302 2967 1392 3023 ille
1419 2965 1500 3017 vir
1526 2968 1741 3015 sanctus
1770 2957 1839 3011 de

254 3080 528 3153 Baptismo
566 3076 723 3129 aliter
761 3069 999 3126 sentiens
1025 3076 1183 3134 quam
1212 3074 1271 3114 se
1296 3071 1384 3111 res
1428 3051 1687 3110 habebat,
1720 3060 1839 3115 qnze

312 3139 503 3287 inlusa,
522 3173 567 3220 et
582 3178 670 3232 per
691 3170 919 3216 atteram
944 3158 1232 3221 juncturam
1272 3149 1476 3205 botrum,
1504 3150 1621 3202 etc,
1645 3139 1840 3195 omisso,

250 3251 313 3299 qn
393 3271 408 3283 .

272 3282 403 3298 """
937 3317 943 3321 .

1533 385 1732 445 LIBER
1769 375 2141 438 SECUNDUS.

3384 347 3483 404 ηε

1898 498 2084 561 postea
2106 489 2423 557 pertractata
2445 486 2498 532 et
2516 470 2919 547 diligentissima
2939 465 3369 525 consideratione
3393 462 3482 517 tir-

1904 593 2043 638 mata
2068 588 2182 643 est,
2211 578 2264 632 in
2302 572 2561 630 catholica
2589 569 2790 624 unitate
2815 560 3109 636 permansit
3133 567 3188 615 et
3212 555 3484 611 charitatis

1903 677 2144 731 ubertate
2181 676 2578 740 compensatum
2618 671 2737 727 est,
2782 668 2837 714 et
2875 654 3138 728 passionis
3178 650 3315 705 falce
3358 663 3484 717 pur-

1903 782 2105 844 gatum.

1976 858 2200 919 CAPUT
2227 854 2371 911 XIX.
2396 850 2577 906 —29.
2608 847 2712 904 Sed
2741 852 2808 900 ne
2832 842 3014 898 videar
3038 835 3335 894 devitanda!
3364 847 3485 904 pro-

1906 953 2132 1009 bationis
2156 963 2314 1005 causa
2358 945 2459 1000 ista
2487 944 2540 998 in
2580 939 2788 995 laudem
2817 931 3106 989 beatissimi
3133 925 3377 998 Martyris
3403 924 3482 977 di.

1908 1061 2053 1109 cere,
2081 1057 2200 1113 qua:
2226 1037 2439 1110 quidem
2471 1048 2575 1089 non
2604 1032 2740 1098 ejus,
2771 1026 2867 1081 sed
2897 1024 3037 1079 illius
3064 1028 3165 1084 est,
3194 1017 3349 1084 cuius
3365 1028 3486 1084 gra-

1909 1139 1979 1193 tia
2006 1101 2125 1190 talis
2149 1101 2379 1193 exstitit;
2402 1127 2507 1197 iam
2532 1123 2599 1179 de
2618 1119 2810 1176 litteris
2833 1116 2951 1185 ejus
2975 1112 3291 1168 documenta
3319 1101 3491 1175 profe-

1911 1240 2113 1291 ramus,
2140 1224 2333 1294 quibus
2354 1218 2588 1275 maxime
2610 1210 3004 1267 Donatistarum
3030 1217 3123 1257 ora
3152 1197 3493 1255 claudantur.

1915 1318 2079 1387 llujus
2106 1292 2248 1370 enim
2298 1307 2667 1365 auctoritatem
2717 1296 2977 1369 imperitis
3005 1292 3300 1362 objiciunt,
3331 1295 3392 1341 ut
3437 1299 3499 1338 se

1912 1409 2063 1481 quasi
2091 1416 2236 1461 recte
2264 1403 2437 1458 lbcerc
2465 1395 2770 1458 ostendant,
2802 1388 2945 1461 quod
2966 1385 3031 1441 ad
3053 1399 3113 1440 se
3132 1383 3410 1437 venientes
3431 1375 3494 1429 ti-

1914 1502 2062 1558 deles
2088 1499 2262 1554 denuo
2286 1491 2574 1564 baptizent.
2600 1485 2833 1542 Nimium
2858 1478 3063 1541 miseri,
3091 1484 3146 1529 et
3170 1471 3273 1526 nisi
3296 1483 3357 1524 se
3377 1481 3500 1523 cor—

1917 1595 2087 1663 rigant
2117 1606 2145 1643 a
2177 1584 2477 1654 semetipsis
2502 1579 2720 1634 omnino
2744 1569 3001 1628 damnati,
3029 1566 3117 1636 qui
3148 1563 3249 1617 hoc
3277 1562 3330 1614 in
3360 1566 3505 1611 tanto

1919 1650 2035 1742 viro
2058 1682 2263 1753 eligunt
2301 1650 2532 1737 imitari,
2559 1668 2702 1741 quod
2743 1664 2818 1719 illi
2846 1670 3127 1732 propterea
3159 1670 3264 1709 non
3294 1650 3461 1706 obluit
3485 1689 3500 1712 ,

1920 1780 2041 1850 quia
2070 1778 2123 1831 in
2148 1788 2209 1829 ea
2233 1786 2363 1844 pace
2382 1766 2523 1823 unde
2549 1763 2634 1819 isti
2662 1761 3060 1815 aberraverunt,
3080 1749 3167 1819 qui
3194 1748 3332 1801 viam
3360 1742 3507 1814 pacis

1925 1887 2030 1925 nou
2055 1869 2418 1937 cognoverunt
2441 1855 2610 1931 (Psal.
2638 1868 2751 1917 xm,
2770 1847 2849 1919 5),
2870 1836 3411 1915 perseverantissimis
3428 1848 3509 1888 us-

1924 1922 2028 2031 que
2054 1922 2106 2012 in
2121 1922 2310 2010 “linem
2349 1922 2621 2021 gressibus
2645 1937 2956 1996 ambulavit.
3002 1934 3098 1989 Est
3123 1929 3336 2000 quidem
3367 1922 3509 1994 quod

1922 2051 2119 2109 Christi
2148 2016 2415 2117 Baptisma
2435 2040 2629 2109 ubique
2654 2041 2894 2089 sanctum
2922 2036 3025 2093 est,
3043 2032 3099 2079 et
3113 2020 3354 2093 quamvis
3370 2016 3511 2086 apud

1928 2142 2210 2197 haereticos
2231 2130 2316 2190 vel
2341 2128 2712 2189 schismaticos
2731 2166 2744 2189 ,
2774 2122 2942 2192 ipsius
2970 2129 3144 2173 tamen
3176 2110 3398 2167 haeresis
3425 2107 3512 2164 vel

1928 2231 2230 2291 schismatis
2246 2243 2351 2283 non
2375 2234 2478 2288 est,
2497 2230 2549 2277 et
2567 2220 2687 2275 ideo
2704 2230 2800 2270 nec
2824 2213 2890 2268 ad
2915 2212 3084 2282 ipsam
3096 2203 3426 2261 Catholicam
3444 2202 3516 2254 in-

1928 2326 1996 2381 de
2020 2322 2295 2378 venientes
2319 2320 2530 2386 oportet
2552 2310 2727 2365 denuo
2752 2300 3006 2374 baptitari
3041 2317 3055 2352 :
3087 2295 3182 2352 sed
3212 2305 3385 2347 tamen
3414 2292 3516 2345 hoc

1930 2415 2071 2473 aliud
2097 2421 2199 2479 est,
2228 2379 2371 2464 aliud
2401 2421 2432 2459 a
2461 2400 2721 2459 catholica
2751 2409 2880 2465 pace
2904 2389 3181 2447 deviantes
3211 2383 3341 2440 et'iu
3371 2379 3518 2434 nefa-

1932 2510 2065 2564 riam
2094 2499 2419 2576 praecisionis
2447 2495 2652 2550 foveam
2683 2485 3043 2560 prmcipitatos
3064 2521 3079 2547 ,
3113 2471 3521 2545 rebaptizaudos

1934 2601 2149 2667 insuper
2167 2592 2424 2664 judicare.
2440 2585 2573 2642 Nam
2598 2582 2744 2636 illum
2771 2589 2979 2632 ntevum
3005 2572 3056 2625 in
3076 2566 3309 2624 candore
3324 2572 3524 2618 sancue

1937 2691 2131 2747 anima:
2154 2682 2427 2741 charitatis
2443 2678 2605 2733 ubera
2627 2664 3013 2739 contegebant:
3035 2662 3173 2716 hanc
3200 2664 3378 2710 autem
3407 2650 3526 2705 fuli-

1937 2786 2114 2856 ginem
2131 2780 2184 2833 in
2202 2780 2423 2831 istorum
2442 2777 2668 2824 tartarea
2689 2761 2925 2817 nuditate
2944 2754 3122 2809 vultus
3139 2752 3432 2818 impacatus
3447 2755 3527 2795 os-

1945 2832 2263 2931 Hasce
2291 2880 2351 2920 ea
2380 2877 2499 2931 qua:
2534 2858 2817 2921 deinceps,
2844 2846 2984 2919 quod
3014 2844 3081 2899 ad
3110 2840 3249 2896 beati
3277 2832 3528 2907 Cypriani

1942 2962 2311 3019 auctoritatem
2335 2953 2544 3015 attinet,
2576 2941 2848 3001 tractaturi
2886 2947 3093 3002 sumus,
3121 2932 3189 2986 ab
3216 2930 3321 2984 alio
3346 2939 3530 2982 smne-

1944 3069 2065 3112 mus
2093 3049 2335 3107 exordio.

2522 3253 3529 3289 Μ

1193 3377 1665 3495 LIBER
1748 3362 1927 3478 SE
1946 3358 2363 3470 CUND
2383 3351 2590 3458 US.

366 3602 415 3642 tu
434 3604 533 3655 quo
555 3589 727 3653 probat
743 3580 1052 3645 augustioris,
1061 3572 1394 3623 auctoritatem
1407 3560 1620 3627 (ῒιιινίίιιιὶ
1640 3571 1685 3619 οι
1703 3554 1850 3614 ῑδθοιῑ
1876 3558 1926 3600 οι
1947 3545 2169 3606 ιιωτιὲτῖδ
2192 3540 2365 3590 ῖτυείτθ
2389 3533 2616 3595 meum
2637 3543 2664 3579 ³
2688 3528 3079 3586 ⁰⁰“³¹¹⁸¹¹⁵’(¹¹⁸³⁰
3096 3518 3192 3570 mis
3205 3517 3427 3566 nimirum
3445 3526 3543 3561 ma.

665 3648 678 3655 -
732 3646 760 3655 ..
793 3647 802 3655 .
898 3642 911 3655 .
962 3651 1027 3655 ,__
1047 3645 1142 3655 _.-__
1320 3627 1447 3655 ηηςη.
1476 3618 1848 3655 ...φτιιιρρςςηι-ῐς
1869 3612 1944 3655 ςιιί
1970 3604 2214 3655 Agrippini
2255 3597 2551 3650 sententiam
2579 3593 2644 3642 de
2681 3588 2924 3655 haereticis
2959 3588 3009 3635 in
3043 3580 3284 3655 catholica
3314 3574 3543 3655 qultﬁifz

322 3639 571 3717 gis—quain.
584 3640 834 3717 catholicis
850 3642 1170 3717 adversetur...
1180 3639 1293 3680 Eum
1320 3642 1349 3677 e

1837 3574 1850 3602 Ι
1876 3574 1926 3600 (τι
1950 3574 2114 3606 ιιλᾱηιρι
2131 3574 2169 3592 In
2194 3574 2222 3590 |l
2237 3574 2365 3589 υσυυι
2390 3574 2616 3595 υ--διι-ην-σ-
2639 3574 2664 3579 -
2692 3574 2847 3577 --νέην
2887 3574 2895 3576 ν
2948 3574 2958 3581 1
2992 3574 3004 3586 ι

1352 3627 1449 3676 nim
1476 3618 1848 3684 lneclecessoris
1869 3612 1944 3662 sui
1970 3604 2214 3671 Agrippini
2255 3597 2551 3650 sententiam
2579 3593 2644 3642 de
2681 3588 2924 3639 haereticis
2959 3588 3009 3635 in
3043 3580 3275 3633 catholim
3314 3574 3541 3631 Ecclesia,

1755 3681 1764 3684 -
1851 3677 1862 3684 ·
2017 3672 2027 3680 ⁰
2062 3671 2072 3681 ⁸
2116 3680 2157 3684 κω
2186 3671 2321 3684 LA“.-
2382 3666 2430 3684 ..ο
2477 3664 2523 3684 ns
2552 3664 2772 3684 incanum
2794 3648 2936 3684 αΙίιηι·
2960 3642 3304 3684 αρηιίριιιίὶιυὸ-
3347 3646 3541 3684 scnllle'

322 3659 399 3717 gis
417 3642 834 3717 qitatn't‘atbolicis
856 3642 1159 3691 adversetur.
1180 3642 1293 3680 Eum
1320 3642 1449 3677 enim
1476 3642 1848 3684 [nume-essum.
1869 3642 1944 3662 aut
1970 3642 2052 3671 "ﬁ.
2068 3642 2214 3668 .,.,.....
2256 3642 2485 3650 ne---”

322 3730 433 3767 cum
454 3714 513 3764 ad
538 3724 644 3761 eam
668 3709 887 3767 veniunt,
907 3677 1958 3767 baptimndislpon‘pepnsuisse
1970 3671 2163 3767 "t‘nﬁilreo
2185 3671 2342 3727 pacto,
2382 3666 2437 3708 ut
2476 3664 2527 3706 et
2552 3664 2773 3717 raucum
2794 3648 2936 3700 aliter
2960 3642 3304 3698 sentientibus,
3347 3646 3546 3697 semper

323 3739 1272 3833 xiéuouctiﬁ'ei'iﬁéi'ééia‘dﬁiagﬁaiio
1292 3749 1551 3801 schismate
1567 3752 1780 3803 unquam
1794 3739 2126 3797 ruinperetur.

338 4028 567 4089 CAPUT
598 4019 884 4081 PRIMUM.
916 4045 985 4056 ——
1016 4013 1067 4067 l.
1099 4009 1366 4076 Quantum
1397 4011 1495 4069 pro
1534 3990 1722 4048 nobis,
1753 3984 1857 4037 hoc

269 4137 373 4190 est,
394 4136 493 4192 pro
522 4132 650 4189 pace
676 4110 936 4169 catholica
965 4104 1236 4159 taciantea
1262 4109 1379 4165 qua:
1406 4098 1654 4158 tauquam
1681 4095 1747 4135 ex
1765 4091 1859 4130 au-

271 4167 373 4190 -.-.,
433 4167 489 4177 .-
558 4167 647 4172 ν--
690 4167 719 4169 η

270 4167 700 4285 ctoritaterbeati
734 4197 985 4274 Cypriani
1014 4194 1272 4249 adversus
1297 4198 1399 4239 nos
1427 4196 1458 4235 a
1486 4186 1637 4250 parte
1666 4167 1859 4227 Donati

1255 4278 1269 4285 ⁸
1618 4282 1633 4285 Α
1678 4262 1859 4285 ---ειηυι

272 4282 617 4380 proteruntur
635 4341 649 4365 ,
695 4306 750 4353 et
776 4262 1032 4366 quantum
1061 4285 1169 4341 sint
1206 4278 1464 4336 adversus
1491 4285 1584 4327 eos
1613 4282 1644 4322 a
1671 4262 1864 4335 quibus

274 4352 639 4471 proteruntur,
656 4352 938 4460 adjuiante
959 4377 1186 4435 Domino
1201 4372 1570 4429 demonstrare
1589 4352 1862 4431 proposui.

277 4444 326 4471 "'
342 4444 446 4455 V-V-
462 4444 605 4451 “--'Vv'
623 4444 639 4454 ⁷
720 4444 740 4460 σ

276 4493 334 4547 Si
363 4504 469 4561 qna
494 4500 623 4554 ergo
648 4497 734 4537 me.
759 4468 1117 4546 respondendi
1145 4461 1435 4521 necessitas
1457 4470 1521 4512 ea
1542 4466 1660 4524 qua:
1680 4448 1792 4519 jam
1814 4444 1866 4497 in

1630 4544 1664 4561 0A
1689 4541 1847 4561 θ’----

277 4541 333 4547 ν-
368 4541 413 4561 τ
444 4541 452 4542 κ
509 4541 513 4542 ν
556 4541 585 4554 υ
853 4541 864 4546 -

275 4584 401 4638 aliis
420 4579 571 4635 libris
585 4574 763 4647 posui,
784 4582 971 4625 rursus
991 4567 1417 4619 commemorare
1432 4544 1670 4617 coegerit
1686 4541 1870 4613 (quan-
1947 4594 1955 4601 ,

469 4669 521 4725 id
548 4635 757 4722 modice
786 4655 994 4727 faciam)
1012 4696 1027 4718 ,
1063 4653 1146 4707 his
1170 4648 1259 4720 qui
1283 4647 1391 4717 jam
1417 4642 1506 4697 illa
1534 4639 1778 4705 legerunt
1814 4635 1870 4684 et

280 4721 442 4746 ‘l"""‘
470 4721 520 4725 --
553 4721 561 4722 ί
615 4721 624 4722 ί
976 4721 986 4727 ,

280 4770 488 4827 tenent.
519 4770 807 4816 onerosum
834 4763 954 4805 esse
981 4760 1086 4801 non
1113 4741 1309 4797 debet:
1332 4733 1453 4805 quia
1478 4739 1532 4785 et
1556 4742 1620 4783 ea
1644 4738 1765 4795 qua:
1791 4721 1874 4775 in-

278 4853 564 4916 atructioni
606 4856 732 4906 sunt
761 4839 1059 4900 necessaria
1082 4879 1098 4902 ,
1130 4830 1327 4902 smpius
1367 4831 1577 4895 Oportet
1604 4815 1876 4874 insinuare

282 4945 628 5008 tardioribus,
654 4948 857 4997 etcum
885 4930 1071 4989 eadem
1100 4917 1460 4991 multipliciter
1483 4911 1735 4978 varieque
1758 4919 1879 4959 ver-

290 5085 589 5201 tc‘ligentia'
608 5122 861 5195 prseditos
888 5085 1141 5183 adjuvant
1171 5113 1227 5161 et
1248 5102 1314 5158 ad
1344 5097 1648 5154 facilitatem
1678 5085 1881 5144 sciendi

1110 5199 1125 5201 _
1197 5196 1210 5201 ,
1298 5194 1311 5201 ,
1638 5182 1657 5201 ,
1684 5178 1878 5201 “Lm

284 5232 344 5279 et
385 5178 453 5274 aii
480 5178 698 5288 copiam.
716 5178 1037 5267 disserendi.
1080 5196 1215 5257 Novi
1243 5194 1402 5251 etiam
1433 5178 1880 5259 quemadmodum

286 5312 463 5367 soleat
502 5276 828 5363 contristare
869 5299 1119 5355 lectorem
1140 5330 1157 5356 ,
1202 5301 1322 5343 cum
1351 5282 1420 5338 ab
1447 5294 1513 5335 eo
1558 5276 1697 5332 libro
1723 5285 1882 5343 quem

290 5403 430 5471 gerit
475 5393 861 5456 inmanibus,
893 5382 1107 5459 quando
1146 5381 1198 5434 in
1224 5377 1454 5446 aliquem
1496 5366 1691 5424 nodum
1735 5375 1885 5432 quar-

291 5493 487 5551 stionis
531 5486 779 5545 inciderit
801 5527 817 5549 ,
847 5453 1090 5536 in-alium
1121 5470 1346 5526 mittitur
1369 5463 1459 5520 ubi
1503 5460 1620 5530 ejus
1660 5453 1886 5512 solutio-

298 5603 422 5644 nem
468 5582 744 5653 requirat,
797 5587 954 5646 quem
1001 5568 1136 5623 forte
1183 5577 1288 5617 non
1332 5556 1512 5611 habet.
1556 5551 1888 5618 Quapropter

297 5687 653 5750 quzecumque
696 5671 749 5725 in
779 5667 899 5722 aliis
927 5660 1076 5718 libris
1101 5657 1210 5728 jam
1256 5650 1493 5707 diximus
1518 5686 1531 5711 ,
1564 5642 1607 5697 si
1652 5635 1886 5694 necessi-

301 5781 384 5824 tas
424 5762 765 5838 prmsentinm
795 5753 1144 5828 qutestiomnn
1172 5742 1412 5801 breviter
1438 5739 1632 5791 iterare
1669 5742 1888 5794 compu-

304 5860 423 5917 lt;rit
450 5899 465 5919 ,
496 5856 770 5925 ignoscant
797 5848 1025 5904 scientes
1048 5882 1064 5909 ,
1097 5855 1164 5896 ne
1191 5831 1524 5893 otlcndantur
1556 5822 1885 5880 nescientes:

1967 3976 2134 4030 satius
2158 3981 2238 4026 est
2256 3968 2398 4027 enim
2429 3963 2625 4020 ollerre
2650 3958 2887 4026 habenti,
2910 3970 3070 4027 quam
3094 3952 3308 4009 dill'erre
3334 3964 3440 4005 non
3461 3950 3555 4004 ha-

1967 4067 2205 4122 bentcm.

2039 4156 2094 4211 2.
2125 4152 2260 4222 Quid
2289 4164 2417 4221 ergo
2444 4146 2528 4202 isti
2554 4144 2758 4208 dicunt,
2787 4154 2908 4196 cum
2930 4135 3170 4193 veritatis
3196 4130 3398 4186 viribus
3422 4143 3560 4198 prae.

1972 4251 2234 4312 locantur,
2265 4244 2350 4301 cui
2376 4239 2685 4298 consentire
2706 4232 2929 4291 nolunt?
2949 4229 3254 4302 Cyprianus.
3290 4223 3563 4294 inquiunt,

1971 4345 2119 4415 cujus
2157 4348 2355 4395 tantum
2392 4334 2625 4390 meritum
2652 4329 2881 4383 novimus
2920 4333 3208 4392 tantamque
3235 4317 3516 4372 doctrinam
3542 4356 3559 4379 ,

1974 4452 2088 4490 cum
2133 4430 2303 4487 multis
2345 4422 2655 4495 coepiscopis
2679 4420 2784 4474 suis
2811 4415 3083 4474 sententias
3126 4410 3357 4480 prOprias
3386 4409 3563 4477 confe-

1973 4526 2198 4583 rentibus
2217 4565 2233 4586 ,
2262 4524 2316 4576 in
2339 4516 2554 4575 concilio
2580 4513 2754 4569 statuit
2793 4508 3053 4565 hereticos
3080 4505 3156 4559 vel
3179 4500 3523 4557 schismaticos
3545 4539 3562 4565 ,

1976 4621 2031 4674 id
2050 4629 2120 4674 est
2135 4631 2307 4671 omnes
2322 4614 2406 4687 qui
2427 4618 2569 4665 extra
2588 4608 2738 4661 unius
2755 4601 2995 4657 Ecclesia
3010 4597 3410 4653 communionem
3426 4601 3566 4655 sunt,

1978 4710 2295 4781 Baptismum
2322 4683 2422 4757 non
2446 4698 2662 4762 habere;
2693 4703 2738 4750 et
2761 4693 2875 4748 ideo
2900 4688 3125 4769 quisquis
3151 4687 3212 4739 ab
3240 4687 3311 4741 eis
3337 4683 3567 4753 baptiza-

1983 4813 2062 4857 tus
2086 4801 2152 4853 ad
2179 4795 2459 4853 Ecclesium
2481 4788 2689 4855 venerit,
2718 4785 2900 4841 essein
2924 4763 3156 4836 Ecclesia
3184 4774 3567 4848 baptizandum.

1984 4894 2098 4950 Non
2125 4905 2211 4945 me
2238 4896 2401 4943 terret
2426 4881 2715 4938 auctoritas
2740 4873 3026 4948 Cypriani,
3054 4871 3177 4942 quia
3204 4869 3376 4925 reiicit
3400 4866 3573 4922 humi-

1984 4985 2107 5038 litas
2126 4975 2399 5052 Cypriani.
2420 4974 2665 5045 Magnum
2695 4967 2909 5040 quidem
2936 4964 3184 5020 meritum
3206 4962 3450 5019 novimus
3467 4959 3573 5027 Cy-

1986 5044 2416 5145 priani-episcopi
2447 5044 2801 5132 ctimartyris;
2824 5056 2917 5113 sed
2940 5052 3192 5124 numquid
3222 5051 3394 5119 majus
3413 5044 3599 5117 qnam’

1990 5137 2135 5222 l’etri
2160 5137 2386 5233 apostoli
2407 5165 2462 5212 et
2485 5149 2771 5224 martyris?
2805 5150 2878 5203 De
2903 5161 3009 5217 quo
3036 5144 3173 5200 idem
3198 5140 3495 5214 Cyprianus
3522 5137 3572 5189 in

1991 5229 2214 5328 epistola
2244 5252 2308 5306 ad
2343 5249 2596 5318 Quintum
2630 5245 2697 5299 ita
2740 5240 2974 5311 loquitur
3006 5255 3019 5291 :
3056 5235 3193 5290 Nam
3235 5248 3325 5287 nec
3355 5229 3534 5283 Petrus
3556 5269 3571 5289 ,
3610 5245 3619 5255 ι

1993 5349 2195 5418 inquit,
2226 5360 2372 5417 quem
2418 5340 2637 5412 primum
2670 5333 2915 5389 Dominus
2942 5330 3087 5401 elegit
3109 5371 3122 5388 .
3153 5337 3198 5381 et
3239 5339 3390 5391 super
3432 5335 3577 5387 quem

1993 5416 2261 5509 a'diﬁcarit
2294 5432 2570 5490 Ecclesium
2616 5442 2760 5481 suam
2794 5422 3005 5494 (Matth.
3034 5435 3121 5474 xw
3142 5458 3157 5480 ,
3190 5416 3311 5482 l8),
3338 5426 3453 5465 cum
3497 5426 3572 5462 se-

1995 5551 2107 5588 cum
2141 5529 2335 5585 Paulus
2378 5526 2442 5580 de
2469 5517 2848 5578 circumcisione
2877 5511 3193 5587 postmodum
3236 5505 3573 5573 disceptaret,

1997 5622 2262 5681 vindicavit
2291 5618 2383 5673 sibi
2410 5613 2604 5684 aliquid
2632 5608 2921 5670 insolenter,
2953 5612 3037 5657 aut
3067 5606 3358 5669 arroganter
3385 5611 3577 5648 assum-

2000 5720 2118 5789 psit,
2147 5724 2195 5767 ut
2222 5714 2403 5766 «liceret
2431 5725 2483 5762 se
2515 5705 2782 5776 primatum
2813 5708 2996 5761 tenere,
3020 5702 3066 5746 ct
3092 5687 3419 5757 obtemperari
3439 5706 3468 5738 u
3493 5703 3578 5737 nt)-

2002 5808 2138 5864 rcllis
2169 5815 2214 5860 et
2242 5800 2450 5875 posteris
2477 5797 2570 5853 sibi
2598 5794 2762 5867 potius
2792 5797 3049 5859 oportcrc;
3076 5799 3161 5837 nec
3190 5778 3413 5851 despexit
3446 5775 3556 5829 Pan
