4050 6206
430 307 525 362 l‘l'l

433 426 463 472 tr
482 434 552 480 ut:
580 420 710 488 quod
743 419 974 471 lfct'lesitc
1000 417 1136 482 prius
1163 424 1444 483 perscrutor
1468 413 1640 479 [uisset
1672 429 1690 464 :
1720 412 1806 465 scd
1829 412 1990 462 coasi-

433 514 551 562 εὐτυ-ι
589 526 625 562 υ.
644 511 801 561 ritutis
827 507 1060 570 admisit,
1087 515 1131 557 ct
1157 506 1338 557 rationi
1365 504 1597 573 lcgitiutsc
1623 519 1773 571 quam
1806 500 1996 552 Paulus

430 602 706 654 vindicabat
735 599 881 666 facile
901 598 1182 658 consensit;
1212 597 1559 648 documentum
1581 595 1766 647 scilicet
1791 593 1926 643 trabis
1952 602 1999 643 et

430 688 707 743 concordia:
735 698 778 740 et
806 688 1053 754 patientia:
1081 687 1296 742 tribuens
1317 728 1329 749 ,
1358 697 1408 738 ttt
1440 702 1538 738 non
1570 684 1884 753 pertinaciter
1913 699 2002 733 uo-

432 791 535 831 stra
562 794 782 830 amemus
803 820 816 839 ,
856 777 944 831 sed
967 792 1078 844 qua:
1102 776 1373 843 aliquando
1403 792 1433 828 a
1462 775 1700 844 fratribus
1728 784 1774 825 et
1801 773 2002 842 collegis

437 869 613 922 nostris
641 870 825 922 utiliter
847 878 893 922 et
917 869 1181 921 salubriter
1217 877 1549 936 suggeruntur
1569 906 1583 930 ,
1613 865 1654 918 si
1682 865 1780 917 sint
1805 880 1917 916 vera
1959 872 2005 914 et

437 962 676 1030 legitima,
696 961 804 1029 ipsa
826 962 988 1028 potius
1009 969 1176 1012 nostra
1195 959 1433 1011 ducamus
1451 956 1638 1026 (Epist.
1659 957 1746 1016 7|,
1767 955 1832 1007 ad
1851 953 2008 1020 Quiu-

439 1051 586 1120 (uni).
620 1052 753 1104 Ecce
783 1051 868 1104 ubi
906 1058 1286 1104 commemorat
1313 1049 1604 1117 Cyprianus
1623 1087 1639 1112 ,
1669 1045 1808 1113 quod
1849 1044 2005 1098 etiam

441 1156 538 1194 nos
561 1142 610 1194 in
637 1140 922 1209 Scripturis
952 1140 1148 1193 sanctis
1165 1138 1464 1203 didicinms,
1482 1136 1775 1205 apostolum
1795 1135 2007 1188 Petrum

442 1230 493 1282 in
509 1245 612 1298 quo
630 1231 884 1298 primatus
896 1229 1263 1297 Apostolorum
1286 1236 1390 1280 tam
1406 1225 1683 1281 excellenti
1700 1224 1866 1295 gratia
1887 1239 2014 1291 pra:-

441 1319 635 1374 cminet
658 1361 670 1381 ,
711 1319 865 1372 aliter
894 1335 1048 1388 quam
1077 1320 1269 1370 veritas
1311 1316 1605 1385 postulabat
1629 1314 1696 1368 de
1731 1315 2009 1368 circumci-

442 1413 589 1466 sione
612 1427 768 1481 agere
793 1412 1003 1464 solitum
1021 1452 1034 1472 ,
1066 1426 1095 1462 a
1126 1409 1416 1478 posteriore
1440 1407 1679 1474 apostolo
1707 1405 1866 1459 Paulo
1895 1418 2014 1457 esse

444 1514 761 1559 correctum.
793 1504 846 1556 Si
875 1518 999 1571 ergo
1039 1500 1205 1569 potuit
1231 1501 1416 1554 Petrus
1443 1513 1545 1552 non
1574 1507 1716 1552 recte
1744 1497 1794 1548 in
1838 1495 2014 1562 aliquo

446 1594 646 1662 ingredi
675 1593 738 1646 ad
767 1593 1041 1647 veritatem
1069 1589 1371 1658 Evangelii,
1401 1589 1469 1641 ita
1501 1595 1556 1640 ut
1581 1587 1777 1642 Gentes
1804 1592 2017 1654 cogeret

445 1685 742 1754 judaizare,
770 1683 908 1752 quod
940 1683 1129 1735 Paulus
1164 1681 1216 1734 in
1245 1696 1305 1734 ca
1331 1679 1513 1734 scribit
1538 1677 1768 1746 Epistula
1791 1716 1804 1738 ,
1837 1675 1886 1727 in
1915 1690 2015 1743 qua

451 1777 611 1829 Deum
640 1782 858 1827 testatus
884 1781 966 1825 est
992 1787 1096 1824 non
1124 1786 1181 1824 se
1207 1768 1416 1822 mentiri
1450 1787 1462 1820 :
1496 1769 1569 1821 ait
1593 1767 1754 1830 enim,
1779 1764 1904 1828 Qua:
1923 1781 2016 1814 au-

447 1877 542 1915 tem
569 1863 730 1914 scribo
759 1861 912 1923 vobis,
933 1876 1041 1912 ecce
1056 1875 1223 1911 coram
1253 1856 1380 1921 Deo,
1401 1858 1516 1924 quia
1540 1872 1639 1908 non
1666 1855 1875 1907 mentior
1893 1850 2018 1920 (Gu-

448 1955 539 2005 lat.
574 1969 626 2018 t,
653 1951 744 2022 (ΞΟ)
783 1969 794 2003 :
830 1961 882 2004 et
911 1961 1025 2018 post.
1057 1949 1190 2022 hanc
1228 1957 1330 2000 tam
1361 1955 1594 1999 sanctam
1625 1956 1780 2012 atque
1808 1941 2015 1995 terribi-

450 2047 551 2098 lem
577 2043 964 2096 attestationem
996 2039 1110 2102 Dei,
1133 2037 1368 2090 narravit
1395 2037 1504 2088 hare
1533 2034 1729 2096 omnia,
1753 2032 1801 2084 in
1829 2031 2020 2100 quibus

448 2135 599 2197 dixit,
627 2131 749 2186 Cum
777 2132 1005 2185 vidissent
1027 2130 1142 2198 quia
1164 2146 1261 2180 non
1284 2138 1410 2179 recte
1431 2125 1780 2195 ingrediuntur
1799 2123 1864 2174 ad
1894 2123 2020 2174 veri-

452 2235 601 2276 tatem
631 2222 917 2294 Evangelii,
947 2222 1051 2274 dixi
1076 2219 1224 2273 Petro
1251 2234 1418 2272 coram
1445 2215 1669 2270 omnibus
1689 2255 1703 2278 ,
1734 2214 1794 2268 Si
1820 2223 1871 2265 tu
1909 2230 2020 2266 cum

449 2317 516 2367 sis
536 2315 747 2368 Judteus
770 2315 1018 2384 gentiliter
1037 2322 1082 2366 et
1106 2328 1200 2363 non
1213 2310 1420 2379 judaice
1440 2309 1558 2361 rivis
1572 2323 1589 2369 ;
1605 2305 2020 2374 quemadmodum

452 2405 630 2457 Gentes
660 2406 793 2472 cogis
810 2403 1076 2473 judaizare
1102 2400 1209 2473 (Id.
1240 2416 1274 2453 ll
1298 2441 1310 2462 ,
1349 2397 1568 2466 l-l-H)?
1611 2399 1665 2451 Si
1696 2396 1892 2465 potuit,
1939 2397 2020 2448 itt-

451 2512 604 2562 quant
629 2538 642 2556 ,
677 2495 860 2547 Petrus
885 2504 1064 2546 contra
1091 2490 1325 2548 veritatis
1356 2489 1586 2558 regulam
1612 2529 1624 2552 ,
1655 2505 1808 2555 quant
1840 2497 2018 2555 postea

455 2585 684 2638 licclesia
713 2586 898 2648 tenuit,
918 2598 1104 2652 cogere
1130 2581 1327 2636 Gentes
1353 2579 1651 2649 judaizare;
1676 2595 1770 2631 cur
1799 2593 1900 2631 non
1930 2593 2022 2645 po-

454 2676 552 2728 tuit
575 2674 868 2746 Cyprianus
895 2685 1079 2728 contra
1107 2673 1338 2742 regulam
1372 2671 1628 2734 veritatis,
1653 2685 1809 2738 quam
1841 2676 2020 2736 postea

454 2773 559 2818 tota
595 2766 826 2818 Ecclesia
859 2765 1024 2818 tenuit
1043 2805 1059 2830 ,
1088 2777 1278 2832 cogere
1306 2761 1582 2814 lucreticos
1606 2760 1691 2813 vel
1722 2758 2021 2814 scltismati-

451 2873 543 2911 eos
569 2856 741 2911 denuo
771 2857 1057 2926 baptizari?
1093 2856 1224 2908 Puto
1267 2854 1405 2923 quod
1433 2854 1547 2906 sine
1576 2853 1678 2904 ulla
1707 2852 1786 2905 sui
1832 2860 2020 2905 contn-

455 2949 607 3002 mclia
651 2949 946 3018 Cyprianus
973 2948 1249 3015 cpiscopus
1293 2946 1449 2998 Petro
1477 2943 1714 3012 apostolo
1740 2957 2020 3010 compara-

455 3051 570 3102 tur,
599 3047 850 3104 quantum
893 3037 1081 3090 attinet
1105 3037 1169 3088 ad
1199 3035 1434 3104 martyrii
1461 3048 1734 3088 coronam.
1763 3033 2019 3085 Ca~terutn

456 3127 620 3195 magis
646 3127 816 3179 vereri
842 3126 1032 3188 debeo,
1059 3142 1123 3178 ne
1152 3126 1200 3176 in
1232 3125 1441 3177 Petrum
1469 3123 1880 3177 contumeliosus
1907 3123 2016 3174 exi-

455 3216 757 3282 staru.Quis
785 3216 922 3270 enim
950 3216 1117 3268 nescit
1147 3215 1291 3268 illum
1311 3214 1648 3284 Apostolatus
1676 3213 2019 3282 principatum

455 3305 669 3359 cuilibet
689 3305 702 3335 '
723 3304 1042 3374 episcopatui
1071 3303 1490 3372 proferendum?
1508 3302 1609 3358 Sed
1631 3303 1741 3357 etsi
1765 3303 1994 3356 tlislatCa
2011 3334 2023 3341 -

459 3395 759 3449 thedrarum
789 3396 951 3463 gratia
976 3396 994 3425 ²
1015 3435 1029 3460 ,
1062 3410 1165 3447 tina
1193 3403 1270 3448 est
1302 3405 1473 3448 tamen
1499 3403 1786 3464 martyrum
1818 3394 1981 3462 gloria
2007 3413 2017 3447 :

457 3496 509 3540 et
535 3487 579 3538 si
612 3488 742 3539 forte
767 3501 823 3539 se
851 3486 1072 3539 invicem
1101 3487 1150 3538 in
1181 3487 1356 3555 aliquo
1384 3485 1689 3555 prcecetlunt
1713 3485 1869 3539 corda
1893 3500 2022 3539 con-

459 3575 711 3628 titentium
733 3617 748 3641 ,
793 3590 854 3629 ac
880 3591 976 3645 pro
1004 3592 1129 3629 vera
1171 3575 1272 3630 fide
1302 3577 1353 3630 in
1384 3575 1581 3630 unitate
1606 3576 1877 3630 cbaritatis
1908 3592 2020 3631 mo-

459 3665 702 3718 rientium
725 3708 737 3727 ,
769 3666 1018 3719 Dominus
1045 3667 1280 3729 noverit,
1309 3666 1457 3734 cujus
1481 3666 1684 3719 occulta
1715 3674 1768 3719 et
1796 3666 2021 3720 mirabili

456 3755 847 3822 dispensatione
868 3754 1150 3824 gratiarum
1182 3755 1312 3807 latro
1341 3755 1389 3808 in
1418 3771 1571 3808 cruce
1595 3755 1828 3823 pendens
1857 3756 2022 3810 semel

457 3863 574 3898 eum
593 3847 889 3912 confitetur,
909 3855 962 3899 et
987 3846 1072 3899 die
1100 3847 1212 3917 ipso
1237 3847 1286 3898 iu
1307 3847 1604 3915 paradisum
1633 3847 2018 3918 tnittitur(Luc.

458 3953 584 3990 xum
605 3980 619 4001 ,
653 3937 842 4010 ιιι-45)
863 3980 878 4004 ,
911 3939 1094 3994 Petrus
1122 3940 1396 3993 Dominum
1425 3953 1649 4006 sequens
1679 3949 1757 3993 ter
1780 3955 1900 3994 eum
1927 3954 2023 3993 ne-

456 4039 542 4097 gat
573 4027 779 4100 (Matth.
805 4046 923 4082 xxv:
945 4069 959 4092 ,
992 4027 1170 4096 69-75)
1194 4069 1206 4091 ,
1234 4037 1287 4080 et
1315 4043 1343 4079 a
1373 4042 1567 4080 corona
1589 4027 1825 4082 dilfertur
1845 4028 1866 4059 ³
1891 4047 1904 4081 :
1931 4045 2026 4082 no-

460 4120 538 4172 bis
555 4119 676 4173 hinc
697 4119 935 4187 judicare
952 4118 1288 4172 temerarium
1307 4125 1405 4170 est.
1429 4115 1799 4170 Verumtamen
1818 4119 1859 4171 si
1880 4119 2022 4186 quis-

457 4225 614 4277 quam
638 4225 774 4262 nunc
795 4217 947 4277 cogat
966 4205 1267 4260 circumcidi
1293 4206 1519 4274 aliquem
1544 4221 1691 4261 more
1715 4207 1945 4277 judaico,
1971 4219 2025 4264 et

458 4301 534 4352 sic
558 4297 837 4366 baptizari;
863 4297 1028 4351 multo
1048 4297 1272 4363 amplius
1298 4296 1589 4351 detestatur
1617 4296 1716 4350 hoc
1735 4313 1902 4368 genus
1926 4300 2023 4352 hu-

460 4405 690 4451 manum,
711 4404 865 4458 quam
891 4389 935 4442 si
963 4389 1151 4456 aliquis
1177 4401 1392 4456 cogatur
1419 4389 1751 4457 rebaptizari.
1779 4390 2023 4460 Quapro-

460 4489 574 4546 pter
599 4495 716 4532 cum
746 4479 930 4532 Petrus
960 4479 1084 4532 illud
1116 4478 1310 4534 faciens
1339 4495 1368 4533 a
1402 4480 1561 4534 Paulo
1589 4483 1879 4550 posteriore
1903 4497 2023 4537 eor-

460 4572 661 4641 rigitur,
685 4579 739 4625 et
767 4572 908 4639 pacis
938 4580 1093 4640 atque
1119 4572 1332 4626 unitatis
1359 4573 1570 4627 vinculo
1599 4575 1890 4628 custoditus
1908 4573 1931 4606 ⁸
1961 4576 2024 4628 ad

459 4661 765 4729 martyrimn
789 4662 1121 4728 provehitur;
1168 4664 1364 4730 quanto
1401 4662 1601 4716 facilius
1617 4673 1667 4717 et
1687 4664 1873 4718 fortius
1890 4667 2026 4734 Quod

459 4765 554 4818 per
577 4752 834 4805 universa:
857 4752 1108 4806 Ecclesia:
1130 4762 1320 4807 statuta
1348 4754 1606 4807 lirmatum
1635 4766 1737 4819 est,
1759 4755 1843 4809 vel
1876 4756 2028 4809 unius

460 4839 691 4908 episcopi
736 4843 1081 4908 auctoritati,
1134 4843 1215 4898 vel
1266 4843 1419 4897 unius
1468 4846 1754 4912 provincia:
1801 4846 2027 4898 concilio

462 4930 839 5000 praeferendum
870 4935 991 4987 est?
1040 4935 1168 4986 Cum
1201 4933 1338 4988 idem
1373 4936 1482 5003 ipse
1512 4936 1804 5006 Cyprianus
1845 4937 1914 4990 ita
1943 4936 2025 4990 di-

466 5021 603 5074 xerit
647 5021 770 5091 quid
819 5023 866 5076 ei
919 5023 1222 5086 videretur,
1272 5034 1328 5076 ut
1377 5025 1426 5076 in
1478 5025 1620 5090 pacis
1667 5025 1865 5078 unitate
1911 5040 2028 5080 esse

464 5109 723 5178 voluerit,
773 5113 931 5168 etiam
960 5128 1079 5167 cum
1109 5113 1187 5168 eis
1215 5116 1302 5183 qui
1332 5114 1399 5169 de
1446 5115 1543 5169 bac
1574 5131 1630 5168 re
1659 5115 1868 5169 diversa
1900 5131 2025 5170 scn-

525 5372 540 5434 ξ
569 5369 744 5432 Mgici
766 5375 869 5434 mss.
895 5369 1018 5432 apud
1039 5377 1168 5431 tam,
1192 5370 1462 5434 principatu
1483 5371 1746 5432 cujuslibet.

521 5431 543 5494 ξ
571 5429 685 5487 vei,
711 5429 882 5494 gratia,
911 5429 1046 5483 ibest
1065 5444 1092 5479 a
1115 5429 1405 5481 Iaudtutensi
1439 5441 1520 5482 Ms.

525 5491 545 5522 ⁸
572 5501 666 5541 om.
693 5491 764 5540 ἐν.
807 5491 1061 5555 ριἰιιιινοε
1093 5500 1218 5552 Μεδ.,
1264 5501 1308 5543 et
1353 5507 1526 5544 corona
1569 5493 1827 5554 diﬂ'ertur;
1885 5497 2027 5543 (nnis-

465 5565 537 5599 SC’.
563 5565 607 5598 Ἰ.

524 5586 548 5677 ξ
576 5615 769 5677 tuticani
805 5623 926 5673 Mss,
953 5613 1196 5664 custodito.
1220 5623 1269 5664 lit
1295 5623 1456 5677 postea
1491 5615 1704 5664 ωειΗίσινιί
1744 5617 1932 5677 quidam
1981 5625 2026 5666 et

463 5669 656 5725 Belgici,
678 5672 795 5730 ιοα),
823 5669 1106 5733 prore/titur,
1144 5669 1350 5737 habent,
1389 5685 1699 5738 promeretur.

1155 303 1241 356 ora
1284 301 1613 354 B'J’TISLIO
1653 300 1917 354 contui
1967 275 2404 358 oosxrisms,
2540 295 2892 351 .tcct'snxt

3580 300 3684 353 12h

2111 409 2264 460 tit-cut
2302 428 2313 461 :
2345 409 2482 477 quod
2533 407 2726 462 indicat
2771 412 2931 478 ipsius
2975 410 3171 478 primus
3224 425 3411 463 sermo
3432 410 3483 465 itt
3531 412 3684 478 ejut-

2108 498 2225 549 dent
2258 499 2484 561 cmicilii,
2521 499 2659 568 quod
2717 501 2780 553 ab
2811 503 2921 552 istis
2952 481 3234 570 proicitur,
3267 501 3512 554 exordio.
3548 502 3686 562 Nam

2109 592 2174 642 ita
2209 606 2264 643 se
2296 591 2452 645 habet
2478 610 2490 643 :

2176 682 2401 736 CAPUT
2433 683 2493 739 ll.
2515 712 2581 721 —
2604 686 2654 738 5.
2691 701 2711 732 ι
2747 683 2884 734 Cum
2920 684 2970 736 in
3013 699 3173 736 unum
3202 683 3522 754 Carthagine
3548 702 3680 739 con-

2109 773 2377 826 venissent
2418 773 2654 827 Calendis
2703 772 3016 842 scptembris
3058 773 3293 840 episcopi
3340 775 3582 840 plurimi,
3616 791 3683 830 ex

2112 863 2376 928 provincia
2408 862 2604 926 Africa,
2635 862 2897 926 Numidia,
2931 862 3274 922 Mauritania,
3305 879 3425 915 cum
3465 864 3681 934 presby-

2112 954 2238 1007 teris
2263 963 2314 1006 ct
2342 954 2685 1019 diaconibns,
2732 955 2888 1006 etiam
2937 965 3193 1020 prasente
3244 954 3410 1022 plebis
3456 958 3698 1009 maxima-

2113 1053 2278 1111 parle,
2309 1053 2360 1097 et
2391 1045 2537 1098 [cette
2561 1057 2740 1098 essent
2769 1044 2956 1096 litterze
2983 1042 3222 1096 Jahaiaui
3263 1043 3328 1096 ad
3363 1045 3686 1113 Cyprianum

2115 1133 2283 1198 litetur,
2312 1135 2433 1188 item
2460 1135 2707 1204 Cypriani
2737 1134 2802 1188 ad
2829 1134 3141 1188 Jnhaianum
3173 1135 3441 1203 rescripta:
3472 1134 3539 1188 de
3573 1141 3690 1188 Ine-

2115 1225 2291 1278 reticis
2318 1224 2662 1292 baptizandis,
2685 1223 2913 1294 quidque
2938 1223 3268 1291 postmodum
3299 1223 3563 1294 Cypriano
3589 1224 3684 1277 Ju-

2117 1317 2333 1368 haianns
2359 1316 2494 1370 idem
2528 1316 2876 1384 rescripserit,
2901 1315 3194 1386 Cyprianus
3218 1315 3351 1368 dixit
3376 1333 3388 1367 :
3417 1317 3686 1375 Audistis,

2115 1408 2328 1476 collegze
2357 1408 2705 1471 dilectissimi,
2731 1407 2851 1476 quid
2880 1408 3004 1460 mihi
3033 1407 3318 1460 .lnbaianus
3343 1409 3689 1478 COt'piSCDizus

2119 1506 2297 1550 noster
2327 1498 2630 1565 scripserit,
2665 1498 2949 1551 Consulens
2989 1497 3406 1552 mediocritatem
3452 1510 3710 1551 nostram.

2117 1587 2184 1640 de
2207 1586 2388 1640 illicito
2413 1597 2465 1640 et
2495 1586 2712 1656 profano
2744 1588 3106 1640 luereticorum
3138 1587 3432 1654 Baptismo;
3459 1589 3692 1658 quidque

2119 1689 2222 1743 ego
2243 1675 2290 1727 ei
2323 1676 2682 1743 rescripserim
2706 1717 2718 1738 ,
2749 1691 2971 1729 censeas
3001 1676 3204 1729 scilicet
3237 1677 3376 1745 quod
3415 1681 3579 1732 semel
3611 1695 3694 1731 at,

2121 1781 2221 1830 que
2251 1765 2436 1818 iterum
2470 1776 2522 1818 et
2561 1782 2702 1834 szepe
2732 1768 3031 1821 censuimus
3055 1807 3069 1832 ,
3103 1768 3378 1822 ha~reticos
3407 1769 3471 1821 ad
3509 1770 3694 1825 Eccle-

2121 1857 2250 1906 siam
2283 1857 2552 1909 venientes
2582 1857 2827 1910 Ecclesia:
2861 1858 3124 1924 Baptismo
3149 1858 3396 1927 baptizari
3427 1869 3480 1913 et
3500 1863 3696 1914 sancti-

2125 1945 2264 1997 licari
2295 1955 2559 2014 oportere.
2589 1945 2712 1999 item
2745 1948 2892 2001 lecta:
2921 1957 3044 2001 sunt
3071 1947 3216 2000 vobis
3237 1956 3291 2001 et
3310 1950 3426 2002 alia:
3451 1950 3692 2004 Jub:ti:.ni

2123 2034 2332 2094 litterae.
2362 2036 2550 2104 quibus
2579 2052 2672 2105 pro
2691 2052 2783 2090 sua
2805 2038 3006 2092 sincera
3035 2046 3086 2092 et
3110 2038 3354 2106 religiosa
3385 2039 3692 2100 devotione,

2121 2126 2187 2179 ad
2217 2115 2489 2196 epistolam
2515 2142 2746 2180 nostram
2777 2129 3090 2191 reseribens,
3115 2143 3219 2181 non
3243 2138 3445 2182 tantum
3471 2145 3695 2183 00118ιή-

2122 2219 2223 2284 sit,
2256 2221 2347 2274 sed
2375 2230 2430 2274 et
2457 2222 2765 2274 instructum
2809 2236 2867 2274 se
2907 2235 3023 2274 esse
3064 2222 3262 2289 gratias
3286 2221 3412 2290 egit.
3445 2222 3696 2290 Superest

2124 2319 2181 2362 ut
2207 2311 2271 2364 de
2299 2309 2396 2362 hac.
2418 2311 2525 2378 ipsa
2556 2328 2612 2365 re
2638 2311 2763 2381 quid
2793 2311 2980 2380 singuli
3009 2311 3302 2365 sentiamus
3330 2311 3694 2380 proferamus;

2124 2400 2387 2454 nerninem
2405 2401 2831 2470 jntlicantes,_ant
2850 2417 2877 2454 a
2902 2401 3019 2470 jure
3035 2403 3423 2457 communionis
3443 2403 3694 2473 aliquem,

2127 2491 2170 2544 si
2201 2491 2466 2546 diversum
2497 2493 2752 2557 senserit,
2783 2501 3107 2547 amoveutes.
3139 2492 3319 2562 Neque
3361 2495 3502 2548 enim
3547 2497 3696 2564 quis-

2123 2597 2278 2650 quam
2319 2592 2557 2637 nostrnm
2587 2586 2891 2654 episc0putn
2923 2600 2980 2639 se
3009 2601 3129 2640 esse
3157 2587 3524 2654 episcoporum
3563 2603 3695 2640 cou-

2125 2675 2316 2739 stituit,
2343 2685 2434 2728 aut
2463 2677 2734 2746 tyrannico
2767 2686 2968 2732 terrore
2997 2677 3063 2732 ad
3098 2679 3431 2746 obsequendi.
3461 2681 3664 2732 necessi
3685 2709 3697 2716 -

2127 2774 2286 2818 tatem
2335 2768 2566 2836 collegas
2612 2783 2736 2821 suos
2785 2768 2983 2837 adigit,
3034 2767 3243 2838 quando
3286 2767 3476 2822 habeat
3521 2770 3700 2822 omuis

2125 2856 2528 2924 cpiscopuspro
2558 2857 2764 2911 licentia
2795 2858 3053 2913 libertatis
3081 2869 3134 2913 et
3169 2860 3441 2927 potestatis
3469 2875 3577 2912 sua:
3607 2878 3696 2913 ar-

2127 2945 2339 2997 bitrium
2364 2946 2654 3014 proprium,
2679 2954 2892 3015 mitttpre
2915 2947 3138 3015 judicari
3165 2947 3232 3000 ab
3256 2949 3360 3002 alio
3380 2963 3481 3001 nou
3507 2949 3694 3018 possit,
3728 3009 3730 3011 _

2124 3049 2278 3102 quam
2297 3050 2393 3088 nec
2422 3035 2533 3103 ipse
2560 3045 2728 3104 potest
2751 3038 2973 3091 alterum
2997 3038 3235 3106 judicare
3260 3057 3273 3101 ;
3302 3038 3395 3092 sed
3423 3050 3698 3106 ριεμοριυο

2127 3140 2241 3177 mus
2269 3125 2498 3179 universi
2519 3125 2771 3193 judicium
2800 3127 3005 3180 Domini
3034 3131 3196 3181 nostri
3219 3129 3342 3183 Jesu
3369 3129 3732 3197 Cltt'isti,‘qttis

2129 3228 2262 3267 unus
2291 3223 2343 3268 ct
2371 3217 2516 3268 solus
2546 3215 2706 3270 habet
2745 3225 3058 3286 potestatem
3085 3221 3099 3250 ²
3139 3229 3191 3272 ct
3233 3221 3569 3287 praeponcnili
3603 3237 3708 3273 nos.

2128 3303 2180 3357 in
2214 3303 2464 3358 Ecclesia:
2508 3319 2619 3360 sua:
2648 3307 3025 3376 gubernatione
3045 3350 3058 3374 ,
3091 3319 3142 3362 et
3169 3309 3235 3363 de
3262 3320 3380 3362 actu
3413 3319 3590 3363 nostro
3615 3309 3698 3376 ju—

2126 3393 2358 3448 dicandi.
2399 3414 2418 3444 ι

2197 3483 2418 3536 CAPUT
2455 3483 2539 3538 ΙΙΙ.
2565 3488 2703 3538 —-—tl.
2735 3485 2882 3539 Nunc
2911 3501 3000 3551 se,
3035 3488 3078 3541 si
3109 3488 3333 3554 audent,
3365 3491 3607 3557 superba:
3649 3502 3735 3545 ct-

2129 3571 2339 3624 tumidze
2356 3572 2594 3627 cervices
2610 3574 2974 3629 hmrcticorum
2997 3577 3254 3631 adversus
3274 3590 3508 3632 sanctam
3534 3582 3705 3635 Immi-

2126 3662 2320 3715 litatem
2352 3661 2506 3730 huius
2527 3665 2787 3717 sermonis
2837 3666 3114 3720 extollant.
3155 3667 3325 3721 Insani
3370 3669 3698 3734 Donatista»,

2125 3766 2259 3820 quos
2299 3752 2364 3804 ad
2396 3767 2576 3820 pacem
2608 3764 2764 3823 atque
2793 3755 3046 3809 tmitatcm
3091 3765 3286 3811 sancta:
3328 3759 3577 3812 Ecclesia:
3619 3778 3704 3812 re-

2127 3857 2324 3908 meare,
2353 3851 2507 3911 atque
2538 3843 2588 3896 in
2615 3859 2678 3899 ea
2705 3847 2877 3899 sanari
2907 3847 3147 3916 cupimus
3185 3860 3239 3901 et
3268 3858 3508 3918 optamus
3528 3893 3545 3916 ,
3575 3852 3710 3924 quid

2127 3932 2192 3986 ad
2220 3933 2332 3988 lucc
2358 3935 2529 3988 dicitis
2545 3935 2700 3990 'l'Vos
2730 3947 2874 3992 certe
2918 3939 3071 3993 nobis
3112 3940 3340 4008 objiccre
3377 3943 3557 3995 soletis
3596 3946 3730 4013 (Zy-,

2128 4023 2292 4090 priani
2323 4024 2524 4077 litteras
2547 4065 2559 4087 ,
2591 4026 2836 4097 Cypriani
2867 4031 3216 4092 sententiam,
3245 4031 3491 4102 Cypriani
3521 4035 3699 4087 conci-

2128 4113 2254 4166 lium
2287 4132 2299 4167 :
2328 4129 2424 4168 cur
2444 4119 2808 4172 auctoritatem
2833 4120 3081 4190 Cypriani
3109 4139 3201 4188 pro
3225 4132 3398 4176 vestro
3420 4124 3702 4179 schismate

2126 4204 2430 4271 assumitis,
2473 4215 2528 4259 et
2568 4206 2682 4274 ejus
2711 4209 3010 4277 exemplum
3046 4228 3140 4279 pro
3173 4213 3421 4266 Ecclesia:
3464 4223 3586 4281 pace
3615 4231 3704 4268 re—

2127 4294 2312 4361 spuitis
2333 4295 2356 4348 ?
2380 4294 2510 4361 Quis
2539 4305 2714 4350 autem
2747 4301 2947 4351 nesciat
2987 4311 3221 4354 sanctam
3259 4301 3582 4370 Scriptorum
3614 4319 3700 4358 ca-

2131 4385 2374 4437 nonicam
2394 4426 2408 4448 ,
2443 4393 2547 4438 tam
2577 4385 2780 4440 Veteris
2809 4403 2964 4456 quam
2994 4390 3120 4443 Novi
3157 4391 3482 4445 Testamenti
3503 4433 3518 4457 ,
3545 4394 3725 4448 certis.

2129 4475 2238 4528 suis
2256 4475 2493 4528 terminis
2517 4477 2798 4542 contineri,
2821 4494 3041 4548 eantque
3062 4481 3304 4535 mnnilms
3328 4484 3704 4552 posterioribus

2128 4567 2493 4636 episcoporum
2538 4569 2729 4622 litteris
2760 4571 2825 4622 ita
2870 4573 3140 4640 przeponi,
3171 4583 3226 4626 ut
3254 4573 3321 4627 de
3363 4575 3447 4626 illa
3488 4575 3728 4628 omnino-

2130 4659 2355 4713 dubitari
2398 4667 2454 4714 et
2491 4661 2771 4729 disceptari
2808 4678 2910 4714 non
2957 4665 3120 4731 possit
3145 4707 3156 4723 ,
3210 4674 3381 4718 utrum
3414 4683 3592 4720 verum
3623 4668 3730 4720 vel‘

2132 4757 2303 4802 utrum
2334 4759 2534 4803 rectum
2561 4752 2658 4813 sit,
2690 4752 2939 4821 quidquid
2974 4754 3022 4805 in
3053 4769 3112 4807 ea
3145 4756 3399 4822 scripturn
3429 4771 3547 4809 esse
3575 4771 3706 4809 cnn-

2131 4842 2322 4894 stitcrit
2348 4859 2362 4895 :
2387 4842 2758 4910 episc0p0rum
2789 4851 2961 4896 autem
2993 4844 3191 4897 litteras
3215 4861 3333 4906 qua:
3359 4854 3476 4912 post
3506 4847 3704 4899 conlir-

2135 4941 2328 4984 malum
2365 4947 2620 4986 canonem
2665 4933 2745 4986 vel
2785 4938 2992 5000 scripta:
3034 4944 3157 4986 sunt
3185 4935 3265 4988 vel
3297 4935 3620 5000 scribuntur,
3657 4947 3720 4989 Μ’
3753 4979 3756 4982 .

2133 5039 2227 5092 per
2249 5039 2545 5078 sermonem
2579 5024 2712 5078 forte
2743 5024 3112 5094 sapientiorem
3144 5027 3422 5094 cujuslibet
3466 5028 3516 5080 in
3557 5042 3618 5080 ea
3650 5043 3716 5082 re

2135 5114 2430 5180 peritioris,
2477 5123 2530 5168 et
2588 5129 2680 5181 per
2720 5115 2941 5168 aliorum
2991 5117 3358 5184 episc0pornm
3408 5117 3706 5186 graviorem

2132 5203 2497 5258 auctoritatem
2524 5203 2914 5273 doctioremque
2936 5207 2956 5236 ³
2991 5205 3340 5272 prudentiam,
3372 5215 3420 5260 et
3455 5221 3549 5274 per
3573 5221 3707 5259 eon-

2134 5295 2250 5348 cilia
2280 5295 2435 5348 licere
2465 5293 2813 5362 reprehendi,
2843 5295 2887 5347 si
2915 5295 3036 5364 quid
3071 5297 3120 5348 in
3151 5297 3230 5350 eis
3269 5297 3401 5349 forte
3428 5311 3455 5348 a
3488 5298 3710 5352 veritate

2134 5386 2394 5439 deviattnn
2425 5396 2506 5440 est
2530 5403 2542 5439 :
2567 5394 2619 5439 ct
2649 5387 2757 5454 ipsa
2801 5387 3023 5441 concilia
3065 5403 3183 5457 quae
3215 5405 3308 5458 per
3347 5390 3580 5459 singulas
3625 5405 3720 5444 rc-

2201 5563 2212 5588 ι
2246 5565 2340 5605 Atil.
2370 5564 2439 5604 t-‘r.
2462 5564 2514 5604 et
2539 5567 2661 5620 Mssa
2689 5571 2807 5606 unus
2827 5565 2892 5606 est
2915 5558 3043 5620 solus
3071 5557 3244 5607 habens
3264 5568 3373 5620 pote.
3391 5567 3548 5609 tatem.

2199 5621 2214 5648 ε
2242 5624 2310 5666 tr.
2332 5633 2438 5666 cum
2458 5619 2697 5667 nonnullis
2724 5627 2846 5676 Mss,
2865 5617 3236 5682 dm'tiornmque.
3264 5617 3402 5678 itur,
3441 5628 3714 5669 (tortorum

2136 5691 2241 5736 qdl“.
