4050 6206
202 293 295 347 liii

199 412 374 478 giuues
405 404 489 460 vel
524 399 823 474 provincias
855 402 1013 483 liutt‘t,
1048 401 1403 472 plenarint‘um
1431 405 1777 460 conciliorum

202 498 493 553 auctoritati
522 511 644 566 quae
671 494 801 548 fiunt
826 509 889 548 ex
915 494 1161 548 universo
1186 495 1314 548 urbe
1335 494 1643 561 christiano,
1669 495 1783 547 sine

202 590 318 644 ullis
344 587 656 656 ambagibus
683 583 875 639 cedere
899 601 912 638 :
943 584 1164 653 ipsaque
1192 583 1423 652 plcnaria
1448 599 1588 653 srepc
1608 585 1781 654 priora
1840 582 1855 593 '

204 677 582 748 jmsterioribus
609 674 912 740 emendari;
948 688 1068 728 cum
1096 674 1270 744 aliquo
1296 677 1668 744 experimento
1696 691 1786 731 rc-

204 787 314 823 rum
341 768 581 838 aperitur
603 766 746 837 quod
772 765 1008 819 clausum
1033 773 1145 819 erat
1168 807 1181 831 ,
1210 772 1264 818 et
1290 756 1623 835 cognoscitu’r
1646 766 1785 835 quod

206 863 430 926 latebat;
459 861 577 914 sine
608 860 717 913 ullo
743 858 909 929 typho
934 857 1204 928 sacrilegze
1232 858 1516 925 superbi:e,
1539 859 1653 913 sine
1680 858 1784 914 ulla

205 950 375 1005 inﬂata
396 950 608 1005 cervice
628 948 962 1017 arrogantirc,
982 949 1098 1005 sine
1118 948 1224 1002 ulla
1249 950 1588 1003 contentione
1608 949 1786 1003 livida:

209 1043 439 1109 invidize,
464 1057 591 1097 cum
616 1051 797 1097 saneta
827 1040 1127 1095 humilitate
1147 1081 1162 1105 ,
1194 1054 1315 1094 cum
1342 1052 1469 1110 pace
1490 1040 1746 1096 catholica
1767 1082 1782 1107 ,

209 1150 322 1187 cum
348 1133 612 1188 charitate
636 1130 968 1187 christiana?

272 1222 500 1278 CAPUT
532 1221 620 1276 iV.
641 1251 713 1261 --
737 1222 790 1276 5.
820 1220 1153 1291 Quapropter
1194 1228 1409 1276 sanctus
1450 1220 1745 1292 Cyprianus
1768 1264 1784 1288 ,

212 1324 352 1367 tanto
396 1312 681 1377 excelsior,
727 1320 924 1381 quanto
971 1310 1239 1378 humilior,
1283 1310 1371 1382 qui
1413 1310 1787 1366 documentum

212 1406 347 1461 Petri
375 1407 456 1461 sic
482 1406 702 1469 amavit,
747 1413 806 1458 ut
845 1402 1065 1469 diceret,
1095 1421 1113 1455 ι
1142 1403 1523 1458 Documentum
1547 1445 1562 1469 ,
1591 1403 1792 1458 scilicet

210 1497 360 1549 nobis
388 1506 443 1549 ct
464 1493 770 1550 concordim
798 1503 851 1549 et
874 1494 1140 1563 patientia:
1167 1494 1424 1561 tribuens,
1454 1504 1509 1548 ιιι
1534 1506 1638 1548 non
1668 1509 1787 1564 per-

214 1587 459 1641 tinaciter
487 1594 667 1640 nostra
692 1598 953 1650 amemus,
979 1584 1071 1639 sed
1092 1599 1220 1654 quae
1246 1584 1530 1655 aliquando
1554 1600 1582 1637 a
1608 1584 1791 1638 fratri-

212 1676 306 1729 bus
330 1685 389 1729 et
420 1675 635 1745 collegis
654 1675 854 1730 nostris
878 1672 1079 1729 utiliter
1104 1683 1159 1728 et
1186 1674 1473 1730 salubriter
1496 1689 1789 1745 suggerun-

214 1778 327 1830 tur,
384 1766 432 1818 si
478 1766 586 1818 sint
628 1779 752 1820 vera
806 1772 861 1820 et
910 1765 1184 1835 legitima,
1228 1764 1341 1834 ipsa
1388 1765 1563 1834 potius
1615 1774 1791 1819 nostra

214 1857 509 1921 ducamus;
540 1874 563 1907 ι
590 1856 724 1909 satis
768 1854 1000 1910 ostendit
1042 1853 1291 1910 facillime
1332 1869 1391 1909 se
1434 1863 1792 1909 correcturum

217 1948 376 2003 fuisse
401 1947 728 2002 sententiam
754 1961 903 2001 suam
924 1989 938 2013 ,
964 1947 1009 2000 si
1036 1947 1157 2017 quis
1195 1945 1244 2001 ei
1283 1946 1671 2001 demonstraret
1697 1945 1795 1999 Ba-

217 2043 464 2112 ptismum
495 2039 692 2095 Christi
719 2040 797 2094 sic
832 2038 945 2093 dari
976 2053 1132 2109 posse
1158 2037 1224 2092 ab
1250 2038 1328 2093 eis
1354 2037 1444 2107 qui
1472 2036 1613 2091 foras
1647 2036 1796 2091 exie-

216 2142 368 2199 runt,
417 2131 865 2201 quemadmodum
911 2131 1080 2186 amitti
1126 2146 1232 2185 non
1285 2131 1453 2201 potuit
1492 2145 1612 2185 cum
1657 2129 1798 2184 foras

220 2228 421 2280 exirem
444 2242 459 2279 :
485 2223 634 2279 unde
665 2224 834 2279 multa
868 2223 978 2293 jam
1014 2222 1262 2277 diximus.
1290 2221 1399 2278 Nec
1427 2238 1525 2277 nos
1565 2222 1663 2291 ipsi
1694 2221 1798 2277 tale

221 2316 413 2389 aliquid
455 2317 778 2372 auderemus
818 2330 1078 2381 asserere,
1108 2314 1209 2370 nisi
1246 2316 1507 2370 universa:
1541 2313 1799 2369 Ecclesite

222 2408 633 2464 concordissima
678 2392 989 2463 auctoritate
1032 2405 1258 2470 firmati;
1299 2406 1384 2461 cui
1431 2415 1485 2461 et
1534 2405 1647 2474 ipse
1684 2403 1800 2458 sine

226 2500 378 2554 dubio
414 2497 665 2565 cederet,
694 2497 741 2551 si
767 2497 875 2566 jam
907 2496 996 2551 illo
1032 2504 1273 2566 tempore
1307 2494 1616 2566 qumstionis
1646 2493 1800 2562 hujus

226 2592 410 2645 veritas
435 2590 669 2659 eliquata
699 2597 754 2643 et
781 2588 1044 2642 declarata
1075 2601 1169 2656 per
1189 2587 1486 2656 plenarium
1516 2584 1799 2639 concilium

224 2680 554 2735 solidantur.
578 2678 636 2734 Si
654 2678 797 2734 enim
819 2677 1033 2732 Petrum
1061 2676 1240 2730 laudat
1262 2684 1315 2730 et
1341 2674 1594 2746 praedicat
1611 2673 1678 2728 ab
1695 2687 1800 2728 uno

230 2772 520 2841 posteriore
536 2769 737 2839 collega
753 2768 1016 2839 patienter
1029 2765 1466 2837 concorditerque
1480 2773 1800 2827 correctum,

229 2871 418 2931 quanto
445 2861 606 2915 citius
632 2860 745 2931 ipse
782 2875 901 2914 cum
945 2858 1171 2913 concilio
1196 2856 1485 2929 provincia:
1525 2869 1638 2910 suae
1679 2854 1801 2908 uni-

230 2952 361 3007 versi
406 2952 555 3007 orbis
602 2951 904 3005 auctoritati
953 2948 1212 3018 patefacta
1257 2947 1479 3001 veritate
1521 2943 1806 3001 cessisset?

226 3046 339 3114 quia
382 3044 625 3115 profecto
663 3052 720 3098 et
744 3043 834 3097 uni
863 3056 1046 3096 verum
1084 3040 1278 3095 dicenti
1323 3049 1376 3095 ct
1420 3038 1803 3094 demonstranti

229 3146 404 3206 posset
421 3136 673 3192 facillim
694 3135 996 3190 consentire
1014 3142 1120 3186 tam
1146 3142 1324 3187 sancta
1351 3132 1548 3196 anima,
1582 3141 1685 3185 tam
1713 3146 1803 3200 pa-

227 3238 338 3281 cata
363 3244 380 3281 :
402 3235 457 3281 et
482 3225 710 3280 fortasse
740 3224 932 3279 factum
964 3234 1047 3279 est
1072 3224 1171 3295 (a),
1195 3222 1289 3277 sed
1318 3223 1600 3276 neseimus.
1622 3220 1806 3290 Neque

226 3317 364 3371 enim
394 3316 574 3371 omnia
604 3331 723 3386 qua:
762 3315 852 3369 illo
894 3322 1135 3383 tempore
1172 3314 1310 3367 imcr
1353 3312 1632 3382 episcopos
1658 3318 1806 3380 gesta

227 3419 386 3474 sunt,
433 3406 707 3462 memorize
752 3406 1045 3476 litterisque
1088 3403 1326 3457 mandari
1371 3408 1686 3472 potuerunt,
1717 3405 1808 3453 aut

227 3500 409 3554 omnia
439 3513 558 3569 quae
582 3498 825 3553 mandata
870 3505 994 3553 sunt
1034 3497 1297 3551 novimus.
1339 3492 1618 3562 Quomodo
1664 3492 1806 3547 enim

229 3593 401 3661 potuit
424 3592 525 3646 ista
553 3605 639 3646 res
665 3591 827 3647 tantis
852 3589 1255 3645 altercatiomun
1294 3585 1501 3642 nebulis
1539 3584 1769 3639 involuta
1788 3622 1803 3648 ,

229 3682 293 3736 ad
311 3682 531 3752 plenarii
547 3680 758 3736 concilii
775 3680 1095 3735 luculentam
1114 3676 1516 3732 illustrationcm
1534 3673 1810 3729 continua-

233 3775 535 3843 tionemque
557 3769 798 3841 perduci,
828 3769 929 3824 nisi
955 3769 1127 3838 primo
1144 3767 1345 3822 diutius
1363 3781 1456 3836 per
1473 3763 1618 3818 orbis
1645 3772 1810 3817 terra-

233 3877 347 3915 rum
376 3861 645 3931 regiones,
659 3858 839 3914 multis
853 3858 976 3913 hinc
990 3866 1148 3928 atque
1162 3855 1288 3910 hinc
1301 3851 1743 3925 diSputatiouibus
1756 3857 1811 3903 et

232 3952 600 4006 collationibus
621 3951 991 4019 episcoporum
1020 3954 1337 4017 pertractata
1364 3941 1663 4000 constaret?
1699 3941 1811 3995 Iloc

232 4054 406 4098 autem
434 4042 557 4096 facit
586 4042 785 4096 sanitas
805 4040 969 4110 pacis,
996 4049 1054 4093 ut
1074 4053 1194 4094 cum
1217 4036 1411 4092 diutius
1430 4033 1812 4105 aliqua'ubscu-

234 4134 374 4188 riora
401 4142 733 4204 quaeruntur,
764 4143 818 4186 et
846 4141 1061 4201 propter
1087 4128 1386 4184 inveniendi
1411 4125 1769 4181 difﬁcultatem
1791 4165 1807 4191 ,

233 4224 471 4279 diversas
499 4224 714 4292 pariunt
742 4222 794 4275 iu
825 4223 1055 4276 fraterna
1081 4218 1461 4289 disceptatione
1484 4216 1772 4271 sententias
1794 4255 1808 4279 ,

232 4316 404 4369 donec
421 4314 491 4368 ad
511 4329 695 4368 verum
720 4312 972 4381 liquidmu
993 4312 1011 4344 ί
1034 4310 1389 4381 perveniatur,
1413 4306 1677 4361 vinculum
1695 4320 1813 4374 per-

234 4415 448 4459 maneat
492 4404 707 4458 unitatis
728 4443 742 4469 ,
771 4417 838 4457 ne
864 4403 914 4457 in
943 4410 1090 4472 parte
1117 4399 1337 4471 praecisa
1366 4404 1638 4452 remaneat
1675 4395 1813 4449 iusa-

232 4498 412 4550 uabilc
436 4495 629 4549 vulnus
655 4494 871 4549 erroris.

301 4584 538 4643 CAPUT
584 4584 813 4639 V.—6.
865 4584 930 4637 Et
977 4580 1096 4636 ideo
1137 4580 1445 4650 plerumque
1490 4574 1814 4632 doctioribus

229 4677 413 4731 minus
441 4674 640 4744 aliquid
669 4673 950 4735 revelatnr,
979 4680 1038 4727 ut
1062 4685 1247 4726 eorum
1276 4668 1481 4738 patiens
1506 4676 1561 4721 et
1602 4665 1816 4720 humilis

228 4768 494 4833 claritas,
519 4767 572 4821 in
602 4778 705 4835 qua
732 4762 934 4818 fructus
964 4761 1133 4831 major
1161 4768 1275 4825 est,
1303 4756 1699 4827 comprobctur,
1730 4755 1813 4810 vel

227 4857 509 4927 quomodo
538 4863 756 4912 teneant
777 4855 1049 4916 unitatem,
1081 4867 1201 4906 cum
1233 4851 1285 4904 in
1310 4848 1468 4904 rebus
1496 4847 1816 4901 obscuriori-

229 4952 332 5004 bus
357 4948 574 5003 diversa
602 4946 868 5011 sentiunt;
903 4946 983 5000 vel
1019 4942 1285 5014 quomodo
1326 4939 1586 5010 accipiant
1619 4939 1817 4993 verita-

229 5050 368 5105 tem,
395 5053 522 5093 cum
544 5045 731 5092 contra
761 5035 811 5091 id
839 5034 980 5106 quod
1010 5033 1328 5095 sentiebant,
1354 5030 1671 5087 declaratum
1697 5043 1816 5084 esse

222 5138 587 5197 cognoscunt.
620 5126 857 5196 Quorum
894 5125 1117 5181 duorum
1159 5121 1547 5178 manifestatum
1580 5131 1819 5175 tenemus

225 5235 403 5272 unum
453 5218 508 5271 in
552 5218 709 5272 beato
745 5216 1012 5288 Cypriane
1033 5258 1048 5283 ,
1078 5215 1128 5270 id
1155 5224 1266 5281 est,
1298 5211 1564 5283 quomodo
1592 5211 1818 5266 tenuerit

221 5315 503 5368 unitatem
543 5326 663 5366 cum
702 5311 782 5365 eis
824 5324 854 5364 a
895 5309 1085 5379 quibus
1124 5307 1388 5363 diversum
1420 5304 1698 5360 sentiebat.
1731 5302 1822 5357 Ait

221 5408 380 5461 enim
408 5421 424 5459 :
458 5423 479 5454 ι
509 5403 784 5459 Neminem
812 5400 1141 5471 judicantes,
1171 5408 1259 5452 aut
1284 5412 1313 5451 a
1339 5397 1458 5467 jure
1486 5395 1816 5450 communiu-

280 5579 302 5610 ³
335 5583 483 5646 μοι,
848 5582 1010 5635 Abest,
1048 5587 1119 5635 vc,
1145 5574 1206 5624 ab
1234 5580 1328 5621 Am.
1356 5577 1427 5619 Er.
1474 5577 1524 5620 et
1568 5569 1818 5632 rlerisquc

210 5646 595 5697 σαυιιδτιι-ω.

279 5703 369 5765 ψ)
401 5700 449 5746 Id
476 5693 632 5760 reipsa
656 5697 831 5748 factum
846 5699 1017 5748 asserit
1041 5697 1164 5746 Beda
1182 5697 1226 5744 in
1251 5695 1372 5744 libro
1390 5694 1436 5754 8,
1456 5701 1628 5758 quiest.
1656 5693 1705 5742 5.

1522 286 1729 342 LIBER
1768 285 2145 342 SECUNDUS.

2471 365 2482 376 ,
3353 295 3453 350 ιςο

1892 405 1972 457 Itis
2000 406 2246 473 alipiem,
2276 406 2317 460 si
2350 406 2615 462 diversum
2645 410 2902 473 senserit,
2937 423 3266 467 amoventcs.
3306 434 3322 463 ι
3358 418 3450 465 At-

1892 503 2057 548 terum
2087 506 2282 560 autem,
2307 497 2357 549 id
2380 508 2487 561 est,
2517 500 2783 569 quomodo
2808 501 3046 571 accipere
3075 504 3299 572 potuerit
3326 505 3466 558 veri-

1890 592 2048 638 tatem
2074 595 2253 667 contra
2289 585 2337 638 id
2362 587 2501 655 quod
2537 589 2793 643 sentiebat
2819 591 3081 645 iuventam
3104 633 3118 655 ,
3142 594 3241 647 etsi
3274 593 3466 647 littera:

1890 685 2097 741 tacent,
2147 677 2330 730 merita
2373 678 2631 741 clamant;
2674 680 2716 733 si
2762 681 2981 750 cpistola
3027 698 3129 736 non
3179 682 3464 741 invenitur.

1889 781 2083 819 corona
2117 773 2376 830 testatur;
2419 768 2466 820 si
2510 754 3465 841 concilium'nnn'indieatepisrepo-

1891 872 2006 909 rum
2032 897 2047 921 ,
2080 856 2403 912 consortium
2440 857 2633 912 iudicat
2661 860 3000 929 Angelurum.
3029 860 3141 915 Non
3172 861 3312 915 enim
3344 878 3467 931 par-

1889 959 2011 998 vum
2045 946 2417 1000 documentum
2448 957 2529 1002 cst
2554 949 2904 1017 pacatissima:
2932 948 3141 1014 aninne,
3172 951 3224 1003 in
3255 966 3314 1005 ea
3346 952 3464 1005 uni-

1893 1043 1998 1089 tate
2024 1036 2335 1107 martyrium
2363 1038 2639 1103 meruisse,
2669 1038 2808 1093 unde
2834 1053 2891 1092 se
2923 1038 3190 1093 diversum
3229 1041 3463 1095 sentiens

1892 1126 2059 1180 noluit
2097 1140 2364 1196 separare.
2395 1127 2645 1182 llomiucs
2675 1129 2815 1182 enim
2847 1144 3047 1182 smnus.
3080 1128 3231 1185 Unde
3268 1132 3462 1200 aliquid

1894 1220 2044 1273 aliter
2072 1235 2258 1289 sapere
2279 1236 2433 1290 quam
2460 1236 2544 1274 res
2565 1235 2624 1275 se
2651 1221 2825 1285 habet,
2853 1222 3081 1274 humana
3111 1222 3330 1275 teutatio
3359 1232 3458 1276 est.

1894 1308 2061 1364 Nimis
2083 1322 2255 1363 autem
2284 1310 2510 1364 amando
2532 1316 2846 1365 sententiam
2876 1327 3044 1373 suam,
3073 1314 3153 1366 vel
3186 1312 3471 1376 invidendo

1895 1402 2236 1465 melici-ibus,
2286 1417 2450 1472 usque
2492 1403 2555 1456 ad
2602 1402 2950 1471 prmcidendm
2990 1403 3381 1457 communionis
3418 1414 3472 1459 et

1892 1497 2153 1552 eundendi
2182 1499 2478 1552 schismatis
2506 1498 2588 1553 vel
2620 1498 2836 1551 haeresis
2864 1498 3195 1566 sacrilegium
3224 1498 3472 1566 pervenis

1896 1603 1953 1641 rc
1976 1629 1990 1650 ,
2022 1587 2277 1643 diabolica
2321 1587 2661 1657 prmsumptio
2698 1598 2799 1642 est.
2829 1587 2884 1640 In
2914 1587 3055 1640 nullo
3096 1598 3272 1641 autem
3315 1588 3471 1642 aliter

1894 1691 2082 1747 sapere
2106 1693 2260 1748 quam
2279 1693 2364 1732 res
2385 1694 2443 1733 se
2463 1679 2642 1746 habet,
2668 1679 2903 1748 angelica
2935 1678 3186 1747 perfectio
3209 1689 3308 1733 est.
3332 1677 3467 1746 Quia

1897 1766 2073 1838 itaque
2101 1768 2341 1823 homines
2364 1784 2567 1834 sumus,
2597 1768 2688 1823 sed
2715 1783 2809 1837 Spe
2836 1768 3004 1837 angeli
3035 1784 3239 1833 sumus,
3277 1768 3469 1837 quibus

1896 1862 2129 1931 a'quales
2156 1862 2206 1914 in
2240 1864 2624 1917 resurrectiooc
2656 1862 2813 1916 futuri
2853 1877 3035 1916 smnus
3068 1861 3086 1933 (
3112 1862 3295 1915 Matth.
3338 1876 3470 1923 χχιι,

1896 1950 2011 2022 50),
2037 1953 2282 2022 quamdiu
2308 1951 2681 2022 perfectionem
2710 1952 2881 2022 angeli
2911 1969 3015 2007 mm
3039 1952 3315 2016 habemus,
3343 1967 3474 2022 pra»

1899 2041 2253 2111 sumptionem
2277 2041 2468 2097 diaboli
2491 2057 2594 2096 non
2618 2041 2925 2098 habeamus.
2954 2043 3076 2097 Ideo
3096 2043 3225 2096 dicit
3249 2044 3474 2112 Aposto-

1900 2133 1980 2186 lus
2005 2151 2018 2187 :
2052 2132 2277 2187 Τεηιηιὶο
2300 2150 2385 2188 vos
2414 2150 2513 2187 non
2534 2134 2876 2205 apprehendat
2907 2134 3003 2188 nisi
3031 2134 3249 2188 humana
3275 2133 3471 2203 (lCor.

1901 2242 1953 2290 χ,
1981 2225 2087 2295 l3).
2114 2225 2409 2279 Humanum
2435 2234 2518 2281 est
2542 2242 2670 2296 ergo
2694 2226 2889 2296 aliquid
2920 2226 3076 2289 aliter
3106 2241 3313 2296 sapere.
3342 2227 3475 2281 Pro-

1903 2324 2081 2385 pterea
2110 2315 2235 2370 dicit
2258 2316 2363 2371 alio
2391 2316 2509 2371 loco
2534 2335 2547 2370 :
2575 2315 2827 2393 Quotquot
2866 2333 2982 2387 ergo
3022 2317 3231 2386 perfecti
3264 2317 3358 2369 hoc
3392 2332 3477 2369 sa-

1901 2409 2139 2477 piamus;
2169 2416 2215 2461 et
2239 2409 2286 2461 si
2311 2408 2433 2475 quid
2454 2409 2598 2462 aliter
2618 2408 2811 2478 sapitis,
2838 2407 2932 2460 hoc
2959 2423 3154 2479 quoque
3178 2407 3313 2460 vobis
3343 2406 3479 2460 Deus

1900 2500 2152 2553 ret'clabil.
2183 2500 2385 2567 Quibus
2411 2508 2588 2554 autem
2621 2500 2821 2554 revelat
2847 2513 2967 2553 cum
3003 2499 3260 2562 voluerit,
3283 2498 3394 2553 sive
3425 2500 3476 2550 in

1904 2588 2001 2642 bac
2028 2590 2129 2643 vita
2155 2591 2265 2645 sive
2293 2599 2408 2660 post
2437 2591 2573 2644 hanc
2610 2592 2770 2644 vitam
2793 2631 2809 2656 ,
2851 2590 2953 2644 nisi
2999 2589 3386 2644 ambulantibus
3426 2589 3480 2644 itt

1901 2679 1984 2732 via
2013 2678 2176 2747 pacis,
2201 2689 2254 2733 et
2281 2679 2331 2732 iit
2354 2679 2551 2733 nullam
2580 2679 2945 2748 prmeisionem
2973 2677 3475 2732 deviantibus?Nun

1901 2770 2085 2841 quales
2131 2770 2216 2824 isti
2260 2778 2416 2837 sunt,
2465 2772 2554 2840 qui
2600 2771 2737 2826 viam
2782 2772 2928 2841 pacis
2975 2788 3078 2825 non
3123 2778 3482 2841 ceguovcruut

1901 2859 2091 2935 (Paul.
2120 2877 2229 2926 xm,
2250 2859 2349 2932 κδ),
2393 2877 2491 2915 nec
2535 2872 2751 2931 promer
2795 2861 2936 2915 aliud
2964 2861 3189 2931 unitatis
3216 2860 3479 2913 vinculum

1903 2952 2263 3022 disruperunt.
2298 2950 2525 3022 Ideoque
2554 2952 2837 3022 Apostolus
2881 2966 3000 3005 cum
3046 2950 3300 3011 dixisset,
3349 2948 3409 3001 Et
3437 2950 3483 3002 si

1890 3043 2023 3113 quid
2046 3045 2191 3097 aliter
2213 3044 2421 3112 sapitis,
2454 3043 2545 3096 hoc
2569 3058 2759 3114 quoque
2790 3042 2925 3094 vobis
2956 3040 3092 3094 Deus
3117 3038 3385 3103 reuelabit;
3412 3055 3486 3112 ne

1908 3144 2148 3203 putarent
2179 3142 2370 3202 praeter
2398 3134 2534 3186 viam
2568 3133 2708 3201 pacis
2735 3132 2873 3201 quod
2901 3132 3055 3186 aliter
3080 3131 3353 3200 sapiebaut
3380 3132 3481 3191 sibi

1909 3240 2062 3295 posse
2091 3224 2336 3288 revelari,
2361 3225 2609 3279 continuo
2634 3223 2856 3288 addidit,
2897 3222 3243 3276 Verumtamen
3275 3223 3324 3275 in
3348 3223 3484 3293 quod

1907 3316 2237 3388 pervenimus,
2261 3317 2312 3370 in
2344 3333 2400 3370 eo
2426 3314 2733 3369 ambulemus
2754 3316 2771 3383 (
2793 3313 3020 3385 Philipp.
3048 3330 3125 3378 tu,
3155 3315 3244 3379 i5,
3276 3315 3396 3384 16).
3427 3314 3480 3368 In

1907 3423 2015 3478 quo
2037 3408 2315 3463 ambulans
2342 3407 2667 3478 Cyprianus,
2699 3408 3223 3474 perseverantissima
3253 3407 3482 3462 toleran-

1908 3500 2003 3565 tia,
2036 3514 2139 3553 nou
2166 3499 2280 3553 fuso
2311 3499 2565 3568 sanguine
2589 3498 2627 3564 ',
2659 3497 2752 3551 sed
2783 3498 2834 3551 in
2864 3498 3063 3551 unitate
3103 3496 3218 3551 fuso
3248 3496 3406 3567 (quia
3436 3498 3480 3550 si

1907 3589 2138 3647 traderet
2163 3603 2356 3656 Corpus
2385 3605 2538 3642 suum
2571 3597 2627 3641 ut
2655 3587 2890 3653 arderet,
2915 3596 2967 3642 et
2988 3604 3092 3642 non
3120 3587 3340 3641 habt-ret
3358 3588 3484 3641 cha-

1908 3676 2143 3744 riulttem,
2171 3679 2298 3733 nihil
2328 3679 2376 3735 ei
2406 3679 2680 3748 prodesset
2726 3676 2777 3751 [Ι
2804 3679 2919 3733 Cor.
2949 3694 3058 3742 xm,
3086 3677 3185 3750 3]),
3219 3694 3314 3747 per
3343 3695 3487 3761 mar-

1912 3769 2031 3840 tyrii
2051 3768 2443 3825 astfessiouem
2476 3768 2716 3837 pervenit
2758 3768 2823 3821 ad
2869 3767 3158 3835 angelicam
3189 3769 3395 3829 lucem;
3426 3777 3483 3820 ut

1866 3890 1869 3893 -
1910 3860 1952 3912 si
1981 3874 2083 3912 non
2108 3866 2297 3921 antea,
2339 3857 2406 3910 ibi
2436 3865 2580 3910 certe
2620 3855 2908 3910 revelatqu
2948 3864 3296 3924 agnosceret,
3341 3856 3481 3923 quod

1910 3965 2029 4003 cum
2055 3949 2211 4003 aliter
2233 3955 2463 4017 saperet,
2494 3945 2808 4000 sententiam
2838 3943 3061 3999 diversae
3086 3944 3350 4013 opinionis
3370 3944 3486 3997 vin.

1912 4039 2032 4093 culo
2060 4054 2162 4093 non
2193 4037 2482 4107 pra-posuit
2509 4036 2740 4090 unitatis.

1981 4129 2206 4186 CAPUT
2236 4127 2321 4184 Vl.
2354 4157 2425 4168 —-
2451 4128 2503 4181 7.
2534 4125 2643 4181 Vos
2671 4127 2844 4196 itaque
2863 4166 2877 4190 ,
2907 4123 3196 4179 Donatista:
3216 4165 3230 4189 ,
3263 4122 3386 4192 quid
3415 4123 3481 4177 ad

1914 4221 2028 4277 lucc
2069 4220 2274 4275 dicitis?
2325 4219 2380 4273 Si
2429 4226 2607 4272 nostra
2650 4217 2909 4271 sententia
2938 4215 3006 4270 de
3047 4214 3317 4283 Baptismo
3362 4228 3485 4268 vera

1912 4323 2012 4377 ρει,
2042 4326 2228 4368 omnes
2256 4310 2342 4379 qui
2372 4309 2524 4363 aliter
2552 4306 2827 4376 sapiebaut
2852 4305 3101 4377 Cypriani
3132 4303 3478 4372 temporibus,

1915 4423 2018 4459 non
2049 4414 2169 4459 sunt
2200 4402 2267 4457 ab
2309 4401 2557 4456 Ecclesia:
2585 4401 2787 4453 unitate
2817 4398 3043 4467 separati
3068 4439 3084 4463 ,
3139 4396 3309 4450 donec
3355 4394 3484 4449 illud

1914 4494 2054 4567 quod
2100 4495 2253 4548 aliter
2281 4482 2527 4561 saperent
2573 4490 2709 4543 Deus
2755 4489 2858 4542 illis
2893 4487 3158 4542 revelarct
3189 4504 3204 4541 :
3236 4500 3329 4539 vos
3358 4500 3488 4555 ergo

1914 4602 2079 4659 quare
2114 4586 2446 4669 separatione
2493 4582 2746 4652 sacrilega
2789 4580 2935 4650 pacis
2963 4579 3225 4633 vinculum
3253 4576 3484 4646 disrupi-

1916 4679 2046 4735 stis?
2068 4677 2121 4734 Si
2153 4687 2329 4732 autem
2360 4685 2529 4730 vestra
2552 4672 2811 4728 sententia
2840 4671 2905 4724 de
2934 4671 3200 4739 Bapt'smo
3227 4684 3351 4722 vera
3382 4676 3487 4729 est.

1916 4769 2206 4840 Cyprianus
2232 4777 2280 4820 et
2311 4766 2487 4820 eteteri
2529 4779 2649 4819 cum
2687 4763 2873 4831 quibus
2904 4777 3022 4815 eum
3059 4760 3160 4813 tale
3197 4758 3482 4813 concilium

1916 4860 2209 4915 celebrasse
2254 4855 2540 4927 perhibetis
2564 4896 2578 4921 ,
2616 4869 2736 4907 cum
2763 4852 2841 4907 eis
2878 4852 2965 4923 qui
2998 4851 3150 4905 aliter
3188 4850 3486 4919 sapiebaut,

1919 4954 1970 5007 in
2015 4952 2214 5005 unitate
2265 4955 2573 5003 manserunt
2616 4963 2629 4999 :
2671 4959 2834 5014 quare
2879 4959 2975 4997 vos
3021 4942 3168 5012 pacis
3221 4940 3487 4994 vinculum
3524 4934 3534 4944 ’

1918 5026 2260 5114 disrupistis?
2296 5039 2577 5109 Quodlibet
2611 5037 2799 5090 borum
2840 5034 3141 5103 elegeritis,
3164 5041 3342 5087 contra
3398 5044 3491 5084 ve-

1919 5148 2083 5193 stram
2138 5134 2501 5205 praicisionem
2544 5128 2859 5184 sententiam
2903 5125 3040 5178 ferre
3070 5121 3340 5193 cogimini.
3385 5120 3492 5174 lle-

1920 5227 2197 5298 Spondete.
2225 5237 2389 5294 quare
2415 5235 2507 5275 vos
2528 5217 2857 5290 separastis?
2902 5215 3076 5284 Quare
3103 5223 3286 5267 contra
3309 5211 3492 5264 mitem

1922 5328 2178 5373 terrarum
2217 5315 2384 5369 altare
2418 5308 2702 5367 erexistis?
2742 5309 2915 5376 Quare
2955 5322 3055 5359 non
3086 5300 3488 5359 communicatis

1924 5401 2176 5457 Ecclesiis
2198 5440 2210 5464 ,
2243 5398 2432 5468 quibus
2464 5395 2725 5465 Epistolas
2748 5389 3062 5461 apostolicas
3092 5387 3281 5441 missas
3304 5381 3492 5437 tenetis

1921 5504 1975 5550 et
1998 5493 2203 5563 legitis,
2238 5501 2291 5546 ct
2318 5488 2608 5545 secundum
2637 5485 2775 5553 ipsas
2800 5497 2894 5536 vos
2927 5481 3104 5535 vivere
3126 5474 3338 5530 dicitis?
3385 5472 3493 5527 [le-

1984 5631 1999 5659 ¹
2027 5634 2125 5675 ttuc
2144 5638 2423 5675 revocamus
2446 5620 2721 5686 jarticulam
2746 5626 3009 5682 negantem
3052 5626 3195 5679 quant
3235 5624 3493 5674 expunxe-

1923 5697 2027 5738 l'lllll
2053 5694 2124 5736 l-Zr.
2146 5696 2195 5737 Cl
2219 5695 2325 5735 ων.
