4054 6210
535 305 627 360 ιδι
1272 293 1360 347 DE
1401 287 1737 346 B.\l’TlS.\lO
1777 281 2047 340 CONTRA
2097 280 2534 353 DUNATISTAS,
2576 287 2631 341 S.
2673 284 3035 343 AUGUSTINI
3725 269 3820 322 i39-

531 415 812 488 spoudcte.
841 424 1004 481 quare
1025 423 1113 462 vos
1147 408 1433 476 scparastis
1456 405 1479 458 ?
1517 404 1804 472 Propterea
1826 408 1972 452 certe
1993 439 2006 461 ,
2041 409 2108 448 ne

532 511 791 564 malorum
828 501 1200 559 communimc
1244 497 1508 567 periretis.
1550 491 1829 560 Quomodo
1858 504 1984 557 ergo
2005 503 2109 539 non

531 601 803 670 perierunt
833 593 1130 664 Cyprianus
1174 599 1228 643 et
1273 597 1348 642 tot
1385 586 1604 656 collega:
1631 581 1834 653 ipsius?
1865 580 2109 648 Quicum
2142 615 2163 630 .

535 689 816 744 crederent
853 681 1133 736 ha'retieos
1163 690 1216 734 et
1257 676 1624 732 scltismaticos
1650 673 1977 742 Baptismum
2007 673 2110 722 non

533 779 728 833 habere
749 817 764 840 ,
806 776 920 828 sine
948 772 1219 841 Baptismo
1248 779 1426 824 tamen
1452 766 1678 836 receptis
1696 806 1711 830 ,
1743 778 1863 818 cum
1895 771 2108 831 peccata

529 884 711 926 eorum
737 877 842 921 tam
881 865 1129 920 immania
1156 873 1371 932 tamque
1400 859 1655 930 sacrilega
1685 872 1846 925 super
1873 868 1965 910 eos
1990 869 2109 908 esse

529 962 806 1019 crederent
834 961 849 992 ι
876 1001 890 1023 ,
921 959 1000 1012 eis
1029 967 1203 1011 tamen
1240 953 1662 1015 communicare,
1693 963 1848 1020 quam
1876 945 2109 1015 separari

527 1054 596 1106 ab
626 1055 825 1106 unitate
870 1051 1199 1110 maluerunt,
1246 1045 1457 1100 dicente
1491 1042 1795 1113 Cypriane,
1842 1036 2110 1092 Neminem

459 1217 466 1226 ‘
523 1147 830 1217 iudicantes,
854 1153 941 1196 aut
969 1160 999 1195 (ι
1015 1143 1136 1211 jure
1151 1137 1510 1194 communionis
1531 1135 1766 1205 aliquem,
1797 1132 1842 1186 si
1863 1131 2106 1184 diversum

526 1239 754 1299 senserit,
786 1245 1090 1289 amoventes.

599 1331 651 1385 8.
686 1329 741 1383 Si
769 1343 898 1396 ergo
925 1326 1014 1384 tali
1033 1323 1406 1379 communione
1435 1321 1689 1374 malorum
1721 1315 2106 1386 percuntjusti,

524 1424 633 1492 jam
685 1420 921 1475 Ecclesia
976 1414 1303 1486 temporibus
1356 1411 1605 1483 Cypriani
1657 1409 1907 1478 perierat.
1959 1404 2110 1463 Unde

529 1518 685 1584 igitur
706 1513 906 1567 exstitit
932 1511 1080 1578 origo
1111 1507 1334 1569 Donati,
1365 1505 1450 1558 ubi
1483 1503 1843 1558 catechizatus
1871 1509 1951 1554 est
1974 1541 1987 1564 ,
2021 1499 2108 1554 ubi

528 1606 844 1674 baptizatus,
873 1601 963 1656 ubi
994 1599 1291 1660 ordinatus.
1325 1595 1536 1665 quando
1555 1595 1663 1665 jam
1689 1591 2113 1646 Iicclcsiameon-

529 1698 670 1767 tagiu
712 1692 1102 1750 communionis
1142 1686 1510 1744 chtiuxcrat?
1561 1685 1614 1740 Si
1659 1693 1834 1738 autem
1865 1689 1979 1736 erat
2005 1680 2110 1734 Ec-

526 1789 684 1842 clesia
707 1829 722 1852 ,
774 1785 901 1840 nihil
932 1784 1121 1836 obesse
1152 1779 1275 1833 mali
1317 1779 1470 1834 bonis
1502 1777 1552 1828 in
1597 1789 1698 1827 una
1739 1771 2112 1826 communione

530 1886 834 1948 potuerunt.
885 1875 1061 1940 Quare
1105 1885 1198 1923 vos
1246 1867 1571 1938 scparastis?
1626 1866 1764 1929 Ecce
1817 1865 1866 1916 iu
1910 1862 2113 1916 unitate

527 1970 680 2022 video
709 1965 1029 2037 Cyprianum
1056 1969 1109 2014 et
1133 1959 1265 2013 alios
1291 1959 1523 2026 collegas
1547 1955 1682 2023 ejus.
1703 1953 1792 2022 qui
1827 1952 1962 2006 facto
1985 1966 2111 2005 eou-

529 2062 654 2114 cilio
691 2063 1012 2113 censuerunt
1052 2065 1238 2108 omnes
1275 2049 1362 2120 qui
1401 2058 1549 2102 extra
1589 2044 1840 2099 Ecclesia:
1869 2057 2110 2098 commit.

531 2153 743 2206 nionem
775 2149 971 2203 fuerint
995 2143 1239 2216 baptizati
1263 2185 1277 2207 ,
1315 2139 1638 2208 Baptismum
1673 2151 1776 2189 non
1811 2135 2036 2198 habere,
2060 2143 2114 2188 et

530 2244 650 2299 ideo
675 2242 751 2294 eis
778 2238 1009 2294 dandum
1047 2249 1168 2290 esse
1195 2248 1313 2288 cum
1347 2231 1581 2286 veniunt.
1629 2226 1732 2282 Sed
1763 2241 1888 2280 ecce
1929 2240 2110 2278 rursus

531 2337 583 2388 in
605 2333 790 2388 eadem
821 2331 1020 2386 unitate
1047 2325 1205 2381 video
1231 2321 1486 2395 quosdam
1515 2320 1580 2373 de
1608 2319 1706 2372 hac
1733 2332 1789 2370 re
1811 2316 1964 2370 aliter
1988 2329 2110 2369 sen-

530 2426 649 2489 tire,
682 2434 735 2476 et
765 2437 858 2476 eos
888 2419 974 2489 qui
1004 2417 1070 2480 ab
1091 2414 1357 2471 haereticis
1375 2411 1455 2466 vel
1475 2407 1824 2466 schismatieis
1849 2404 2110 2469 venerint,

527 2516 707 2582 agnito
758 2513 808 2566 in
855 2511 934 2565 eis
979 2508 1248 2578 Baptismo
1286 2501 1482 2558 Christi
1530 2515 1635 2554 non
1681 2498 1879 2552 audere
1922 2496 2111 2550 iterum

531 2605 818 2673 baptizare.
867 2599 975 2654 llos
1018 2609 1204 2651 omnes
1231 2591 1488 2648 catholica
1527 2588 1701 2643 unitas
1725 2594 1968 2640 materno
1995 2583 2115 2639 sint:

532 2694 900 2764 complectitur
923 2731 939 2756 ,
990 2689 1216 2743 invicem
1257 2697 1418 2739 onera
1447 2695 1538 2734 sua
1571 2685 1846 2748 portantes
1867 2717 1881 2738 ,
1921 2684 1974 2730 et
1999 2685 2112 2730 stu-

532 2785 720 2840 dentes
762 2794 977 2844 scrvare
1024 2777 1284 2841 unitatem
1332 2771 1550 2843 spiritus
1607 2771 1657 2823 in
1711 2766 1920 2822 vinculo
1971 2766 2116 2835 pacis

531 2875 745 2947 (Ephes.
775 2887 847 2935 tv,
879 2869 934 2934 2,
965 2868 1019 2940 5)
1045 2910 1060 2936 ,
1092 2867 1265 2922 donec
1290 2862 1471 2918 alteris
1496 2874 1681 2915 eorum
1701 2900 1715 2925 ,
1744 2857 1788 2911 si
1815 2856 1939 2927 quid
1964 2855 2116 2909 aliter

530 2967 826 3038 sapicbant,
859 2962 1114 3017 Dominus
1143 2958 1425 3014 revelaret.
1457 2953 1512 3009 Si
1538 2967 1658 3007 vera
1682 2950 1766 3008 isti
1792 2948 2112 3012 sentiebant,

539 3059 608 3112 ab
637 3057 740 3110 illis
769 3070 872 3107 non
913 3048 1411 3106 eontaminabantur
1430 3085 1445 3110 ,
1491 3059 1556 3096 an
1587 3039 2115 3095 eonmtninabantur?

529 3151 584 3206 Si
613 3163 738 3203 vera
762 3146 836 3201 illi
865 3142 1193 3204 sentiebant,
1221 3139 1287 3194 ab
1324 3137 1438 3190 istis
1465 3151 1568 3189 non
1596 3131 2113 3196 contaminalnmtur,

531 3257 599 3295 an
625 3233 1155 3296 contaminabantur?
1181 3229 1330 3300 Quod
1368 3227 1636 3283 volueritis
1661 3225 1856 3296 eligite.
1906 3224 1960 3281 Si
1990 3241 2118 3278 eon-

533 3332 954 3392 taminabantur,
1002 3327 1110 3396 jam
1141 3334 1265 3378 tunc
1291 3337 1393 3376 non
1424 3329 1540 3375 erat
1581 3318 1816 3373 Ecclesia
1851 3335 1865 3373 :
1893 3332 2114 3385 respon-

533 3425 673 3490 dete,
707 3421 846 3478 unde
877 3420 982 3475 huc
1007 3415 1232 3472 existis?
1273 3413 1328 3469 Si
1355 3423 1528 3466 autem
1561 3409 1905 3480 permanebat
1933 3408 2118 3462 Eccle-

534 3516 611 3570 sia
637 3555 652 3579 ,
699 3512 846 3568 nullo
884 3507 1042 3564 modo
1072 3505 1194 3561 boni
1220 3519 1250 3557 a
1281 3503 1435 3558 malis
1469 3501 1558 3556 tali
1589 3499 1959 3555 communione
1986 3513 2116 3552 eon-

534 3608 856 3662 taminantur
885 3621 898 3656 :
929 3598 1267 3670 reSpondete,
1297 3611 1462 3666 quare
1485 3593 1750 3648 vinculum
1779 3589 2116 3670 dis‘rupistis?

602 3701 655 3756 9.
706 3703 786 3752 An
817 3695 950 3750 forte
987 3688 1309 3749 schismatici
1349 3688 1464 3744 sine
1492 3685 1757 3754 Baptismo
1785 3667 1979 3752 recepti
2011 3697 2116 3736 non

531 3790 931 3854 contaminant,
963 3793 1019 3840 et
1053 3781 1335 3837 traditores
1355 3785 1655 3834 sanctorum
1682 3775 1954 3830 Librorum
1984 3789 2115 3828 con-

532 3881 823 3939 tatninaut?
869 3879 1088 3934 \‘estros
1117 3872 1328 3944 quidem
1359 3870 1518 3925 fuisse
1565 3867 1847 3923 traditores
1891 3864 2115 3921 manife-

533 3975 765 4030 stissima
813 3984 990 4026 rerum
1037 3975 1184 4037 geSLa
1235 3971 1514 4017 testantur.
1568 3959 1633 4013 Et
1679 3958 1723 4013 si
1767 3970 1890 4013 tunc
1917 3957 1966 4011 in
1999 3957 2118 4009 illos

531 4082 665 4138 quos
690 4061 990 4134 arguebatis
1015 4074 1140 4112 vera
1169 4053 1418 4107 diceretis
1443 4093 1457 4116 ,
1499 4065 1712 4104 causam
1743 4057 1971 4103 vestram
1993 4047 2124 4114 uni-1

535 4158 626 4210 tati
658 4155 803 4209 orbis
842 4161 1104 4206 terrarum
1145 4139 1578 4214 persuasissetis,
1622 4147 1679 4192 ut
1718 4138 1866 4192 vobis
1899 4137 2118 4191 retentis

534 4249 607 4301 illi
637 4243 1066 4300 excluderentur.
1117 4231 1266 4304 Quod
1297 4231 1341 4286 si
1362 4229 1535 4286 conati
1564 4229 1693 4284 estis
1722 4229 1895 4284 facere
1932 4237 1983 4283 et
2013 4245 2115 4282 non

532 4334 858 4396 obtinuistis,
901 4332 1156 4385 innocens
1181 4333 1262 4378 est
1290 4323 1435 4378 orbis
1469 4331 1758 4387 terrarum,
1796 4321 1884 4390 qui
1921 4319 2115 4388 judici-

535 4429 634 4481 bns
660 4419 1036 4478 ecclesiasticis
1065 4416 1236 4487 potius
1258 4429 1415 4485 quam
1445 4412 1595 4467 victis
1621 4410 1971 4481 litigatoribus
1995 4424 2116 4464 cre-

533 4517 670 4571 didit
699 4533 712 4568 :
747 4515 789 4567 si
820 4521 993 4566 autem
1023 4506 1266 4562 uoluistis
1295 4520 1452 4578 agere
1489 4517 1701 4558 causam
1729 4513 1957 4557 vestram
1982 4542 1996 4564 ,
2039 4501 2118 4554 in-

536 4621 734 4663 nocens
757 4614 840 4660 est
863 4602 1006 4658 orbis
1045 4609 1302 4654 terrarum
1329 4638 1344 4661 ,
1390 4596 1478 4666 qui
1519 4595 1786 4648 damnare
1816 4609 1920 4647 non
1952 4593 2118 4661 potuit

535 4701 817 4756 inauditos.
847 4697 1021 4766 Quare
1046 4709 1174 4764 ergo
1193 4707 1289 4746 vos
1315 4691 1382 4745 ab
1404 4688 1772 4745 innocentibus
1798 4683 2118 4757 separastis?

537 4790 882 4860 Saerilegiutn
909 4784 1212 4844 schismatis
1250 4782 1412 4837 vestri
1452 4779 1741 4834 defendere
1775 4793 1880 4832 non
1908 4777 2114 4830 valetis.

534 4885 639 4942 Sed
671 4884 783 4937 haec
820 4881 1010 4937 omitto
1043 4897 1056 4934 :
1090 4878 1193 4932 hoc
1226 4875 1378 4940 dico;
1421 4874 1465 4928 si
1497 4887 1589 4926 vos
1617 4880 1833 4941 possent
1857 4867 2117 4924 contami-

536 4991 665 5032 nare
705 4972 988 5028 traditores
1012 5011 1028 5034 ,
1067 4961 1156 5038 qui
1197 4981 1300 5020 nou
1331 4973 1456 5020 sunt
1483 4979 1512 5016 a
1539 4961 1688 5016 vobis
1723 4960 1984 5020 convicti,
2012 4969 2062 5012 et
2088 4973 2116 5010 a

538 5070 730 5141 quibus
752 5079 848 5120 vos
876 5064 1004 5119 estis
1025 5060 1180 5124 victi,
1221 5057 1386 5111 multo
1414 5054 1579 5124 magis
1605 5061 1820 5123 possent
1844 5050 2120 5119 sacrilegia

541 5137 997 5210 schismatieorum
1019 5153 1072 5200 et
1099 5142 1468 5198 hzeretieorum
1491 5139 1605 5192 sine
1634 5137 1904 5207 Baptismo
1931 5150 2122 5189 secun-

538 5246 665 5302 dum
695 5252 924 5316 vestram
950 5236 1266 5292 sententiam
1288 5239 1500 5300 recepta
1525 5228 1884 5284 contaminare
1903 5224 2124 5296 Cypria-

543 5353 689 5393 num.
716 5333 831 5389 Non
861 5345 919 5384 se
946 5339 1121 5383 tamen
1147 5324 1240 5380 i'tie
1267 5320 1550 5393 separavit.
1605 5318 1668 5373 Et
1691 5317 1810 5388 quia
1844 5330 2120 5386 permane-

542 5428 630 5483 bat
657 5421 895 5480 Ecclesia
916 5422 966 5485 ‘,
1002 5414 1340 5473 manifestum
1369 5421 1451 5467 est
1479 5409 1618 5482 quod
1644 5406 1990 5464 contaminari
2016 5420 2121 5460 non

604 5561 620 5589 ί
649 5568 749 5608 Am.
773 5563 847 5605 Er.
893 5560 945 5603 et
981 5550 1150 5614 plures
1188 5555 1317 5605 Mss.
1357 5555 1606 5614 superesse
1622 5539 1915 5614 _credere_nt.
1955 5539 2124 5614 melius

543 5620 621 5667 alii
641 5600 749 5670 alii;
774 5600 1069 5674 illigata;
1095 5623 1185 5674 eos
1215 5621 1232 5658 :
1257 5600 1313 5657 ut
1333 5619 1525 5656 rursum
1569 5603 1716 5663 infra,
1756 5615 1806 5649 u.
1836 5603 1920 5660 ll;
1962 5600 2046 5648 lib.
2071 5602 2118 5658 5,

545 5694 594 5730 η.
625 5682 645 5728 l
673 5695 687 5737 ;
715 5689 764 5728 et
792 5681 871 5727 lib.
898 5677 944 5730 6.
976 5673 1120 5738 u._?.5.
1205 5731 1216 5738 _
1277 5729 1287 5738 υ

608 5725 967 5796 ίεὶίῦἶιζοίιξ,
1013 5736 1062 5785 in
1109 5729 1347 5791 Ecclesia;
1389 5741 1642 5792 perperam
1678 5725 1863 5788 adjecta
1893 5725 2118 5786 prati-osi-

2225 398 2410 464 potuit.
2459 398 2633 466 Qua-re
2669 416 2796 470 ergo
2837 417 2962 465 vos,
3013 419 3117 456 non
3149 401 3269 456 dico
3294 402 3362 456 ab
3404 398 3806 467 innocentibus,

2219 489 2358 557 quod
2388 492 2669 559 probatur;
2701 495 2791 546 sed
2819 494 2884 547 ab
2913 495 3059 562 ipsis,
3089 494 3228 564 quod
3256 509 3361 548 non
3392 495 3668 564 probatur,
3703 504 3813 551 tra-

2218 581 2479 636 ditoribus
2517 585 2842 653 separastis?
2881 587 2996 651 An,
3038 597 3095 639 ut
3121 587 3299 640 dicere
3336 601 3607 656 coeperam
3632 627 3647 651 ,
3676 603 3805 657 gra-

2221 676 2365 727 viora
2394 683 2517 728 sunt
2537 676 2758 730 erimina
2788 677 3097 731 traditurum
3118 693 3275 747 quam
3297 677 3805 734 schismaticorum?

2217 764 2332 818 Non
2361 764 2644 820 alferamus
2659 775 2881 820 stateras
2901 767 3132 830 dolosas,
3165 767 3251 821 ubi
3271 766 3636 837 appeudamus
3660 772 3804 838 quod

2219 856 2466 912 volumus
2488 897 2503 921 ,
2535 867 2588 911 et
2613 857 2878 928 quomodo
2913 859 3187 924 volumus,
3235 873 3333 928 pro
3359 858 3582 912 arbitrio
3613 870 3802 928 nostro

2216 944 2473 1014 dicentes,
2505 947 2614 1002 lloc
2639 964 2820 1018 grave,
2855 948 2954 1003 hoc
2984 949 3098 1004 leve
3118 960 3200 1004 est
3232 967 3245 1003 :
3273 949 3370 1006 sed
3396 919 3796 1007 aﬂ'cramus'di-

2217 1038 2393 1092 vinam
2441 1048 2695 1095 stateram
2743 1040 2810 1096 de
2857 1041 3142 1110 Scripturis
3184 1041 3382 1096 sanctis
3435 1050 3685 1112 tanquam
3731 1044 3803 1098 de

2217 1127 2480 1182 thesauris
2504 1129 2804 1196 dominicis,
2836 1138 2890 1184 et
2919 1131 2968 1184 in
3002 1131 3088 1184 illa
3114 1129 3240 1200 quid
3265 1131 3336 1185 sit
3354 1132 3574 1201 gravius
3597 1149 3800 1204 appen-

2215 1215 2404 1272 damus
2427 1236 2440 1284 ;
2468 1219 2573 1274 imo
2595 1235 2699 1272 non
2727 1219 3110 1290 appendamus,
3137 1221 3229 1278 sed
3257 1237 3285 1274 a
3315 1222 3539 1276 Domino
3562 1239 3799 1294 appensa

2216 1322 2678 1377 recognoscamus.
2734 1308 3000 1378 Tempore
3039 1309 3130 1363 illo
3169 1326 3275 1380 quo
3322 1312 3577 1369 Dominus
3621 1315 3798 1383 priora

2215 1396 2407 1451 delicta
2448 1400 2750 1454 recentibus
2776 1416 3054 1470 poenarum
3094 1402 3354 1469 exemplis
3379 1403 3618 1459 cavenda
3638 1421 3796 1467 mon-

2217 1489 2435 1553 stravit,
2466 1498 2521 1544 et
2548 1489 2744 1544 idolum
2775 1489 3086 1545 fabricatum
3107 1500 3266 1562 atque
3291 1492 3567 1549 adoratum
3595 1507 3714 1563 est,
3745 1509 3797 1552 et

2217 1579 2556 1648 propheticus
2583 1580 2716 1634 liber
2751 1582 2827 1636 ira
2854 1583 2992 1651 regis
3017 1584 3398 1652 contemptoris
3426 1585 3707 1651 incensus,
3745 1599 3799 1644 et

2217 1669 2446 1724 schisma
2477 1680 2768 1737 tentatum;
2797 1671 3091 1726 idololatria
3105 1672 3284 1746 gladio
3305 1675 3483 1742 punita
3497 1685 3582 1730 est
3598 1676 3796 1746 (Exod.

2219 1759 2414 1837 xxxii),
2461 1763 2669 1818 exustio
2699 1762 2814 1816 libri
2845 1763 3034 1819 bellica
3062 1763 3208 1818 caede
3233 1774 3287 1820 et
3324 1766 3603 1835 peregrina
3631 1770 3802 1837 capti-

2219 1851 2380 1906 vitate
2412 1850 2624 1920 (Jerem.
2657 1851 2837 1927 xxxvi)
2861 1895 2878 1926 _,
2929 1854 3158 1908 schisma
3186 1854 3332 1910 hiatu
3359 1865 3547 1924 terrae,
3576 1860 3802 1928 sepultis

2217 1945 2523 1999 auctoribus
2547 1946 2678 2000 vivis
2697 1987 2713 2011 ,
2757 1954 2810 2001 et
2834 1947 3043 2002 caeteris
3069 1948 3277 2004 emlesti
3321 1949 3442 2019 igne
3467 1953 3803 2021 consumptis

2219 2035 2404 2104 (Num.
2435 2040 2564 2106 xvi).
2592 2038 2720 2106 Quis
2737 2039 2846 2108 jam
2868 2039 3186 2096 dubitaverit
3217 2041 3316 2097 hoc
3341 2057 3464 2098 esse
3489 2043 3802 2099 sceleratius

2217 2129 2581 2196 commissum,
2613 2131 2751 2202 quod
2778 2142 2859 2188 est
2881 2133 3095 2203 gravius
3128 2133 3495 2190 vindicatum?
3532 2137 3577 2190 A
3606 2138 3802 2192 talibus

2223 2219 2491 2288 sacrilegis
2517 2221 2533 2251 ι
2582 2221 2852 2276 venientes
2881 2263 2897 2288 ,
2944 2223 3060 2278 sine
3087 2223 3358 2293 Baptismo
3376 2266 3393 2290 ,
3438 2235 3497 2281 ut
3519 2226 3728 2299 dicitis,
3755 2229 3800 2279 si

2221 2309 2540 2378 Cyprianum
2569 2325 2675 2366 non
2700 2312 3126 2372 eontaminabant
3151 2354 3168 2385 ,
3193 2315 3464 2388 quomodo
3491 2336 3585 2376 vos
3610 2332 3802 2377 conta—

2219 2400 2423 2455 minare
2450 2410 2686 2470 poteraut
2718 2417 2824 2459 non
2851 2407 3077 2460 convicti
3107 2409 3128 2438 ²
3149 2447 3165 2474 ,
3209 2408 3303 2464 scd
3334 2411 3547 2465 conficti
3577 2413 3800 2468 tradito-

2219 2493 2342 2548 res?
2368 2492 2471 2562 Qui
2495 2493 2541 2550 si
2569 2513 2673 2550 non
2702 2498 2890 2552 Libros
2917 2498 3277 2554 incendendos
3309 2502 3671 2568 tradidissent,
3700 2507 3797 2558 sed

2218 2600 2312 2640 eos
2341 2586 2441 2656 ipsi
2479 2589 2725 2642 manibus
2763 2589 2872 2642 suis
2899 2589 3276 2656 incendissent,
3309 2593 3533 2648 minoris
3575 2593 3801 2650 fuissent

2222 2679 2404 2749 utique
2426 2680 2667 2744 sceleris,
2694 2697 2853 2751 quam
2879 2682 2924 2736 si
2949 2681 3180 2737 schisma
3201 2685 3634 2750 committerent;
3663 2687 3791 2757 quia

2221 2772 2348 2828 illud
2386 2774 2600 2839 mitius,
2650 2776 2778 2830 illttd
2808 2777 3020 2846 gravius
3046 2777 3367 2833 vindicatum
3393 2787 3510 2846 est,
3555 2796 3660 2836 nou
3693 2780 3796 2836 hu-

2220 2879 2378 2918 mano
2400 2865 2636 2928 arbitrio,
2666 2866 2759 2920 scd
2786 2867 2966 2920 divino
2983 2867 3206 2936 judicio.

2289 2956 2515 3014 CAPUT
2541 2957 2653 3012 Vll.
2679 2989 2750 2998 -—-
2779 2961 2862 3014 lt).
2888 2958 3064 3026 Quare
3091 2975 3184 3015 vos
3210 2975 3339 3031 ergo
3368 2964 3696 3032 separastis?
3743 2965 3800 3020 Si

2221 3050 2360 3105 ullus
2389 3064 2579 3104 sensus
2607 3050 2658 3104 in
2698 3051 2848 3105 vobis
2876 3061 2988 3118 est,
3034 3051 3225 3108 videtis
3255 3068 3350 3108 vos
3377 3063 3523 3109 certe
3549 3055 3674 3124 quid
3710 3072 3800 3111 rc-

2219 3140 2467 3210 sponderi
2496 3142 2662 3212 possit
2690 3157 2793 3195 nou
2847 3143 3104 3198 invenire.
3157 3143 3278 3198 Non
3321 3152 3477 3215 usque
3512 3148 3673 3212 adeo,
3722 3148 3804 3201 in-

2220 3232 2428 3300 quiunt,
2456 3233 2625 3287 omnia
2650 3234 2968 3304 defecerunt,
3003 3245 3058 3288 ut
3087 3252 3185 3288 non
3216 3238 3464 3305 possimus
3484 3239 3802 3306 respondere,

2221 3331 2310 3385 Sic
2337 3326 2561 3380 volumus
2589 3325 2629 3379 ³.
2665 3344 2682 3376 i
2711 3325 2787 3378 Tu
2806 3327 2916 3395 quis
2935 3343 3004 3391 es,
3025 3326 3111 3396 qui
3116 3327 3316 3396 judices
3337 3327 3804 3383 alicnumservum.’

2222 3423 2331 3476 Suo
2356 3421 2558 3475 domino
2583 3429 2716 3484 stat,
2755 3432 2840 3474 aut
2862 3420 2994 3473 cadit
3023 3438 3040 3472 ι
3085 3418 3259 3491 (Rom.
3287 3436 3396 3484 xw,
3429 3422 3507 3493 4).
3551 3423 3699 3490 Quod
3727 3423 3806 3476 eis

2226 3515 2424 3570 dictum
2466 3527 2570 3566 non
2616 3512 2948 3579 intelligunt,
2991 3512 3080 3580 qui
3119 3512 3367 3566 volebant
3405 3530 3510 3567 non
3547 3514 3615 3569 de
3653 3514 3808 3569 factis

2221 3603 2536 3666 manifestis,
2564 3601 2655 3656 sed
2674 3600 2740 3654 de
2766 3599 3014 3653 cordibus
3037 3598 3225 3652 alienis
3237 3599 3497 3668 judicare.
3522 3603 3655 3656 Nam
3674 3618 3807 3672 quo-

2221 3695 2380 3750 modo
2420 3694 2534 3762 ipsc
2576 3700 2682 3746 tam
2711 3691 2876 3746 multa
2919 3690 2985 3744 de
3033 3689 3327 3744 sceleribus
3370 3691 3723 3748 schismatum
3753 3704 3807 3749 et

2223 3789 2485 3843 haercsum
2509 3787 2780 3857 loquitur?
2821 3787 2924 3840 Aut
2944 3783 3210 3854 quomodo
3235 3784 3441 3838 canitur
3467 3785 3522 3838 in
3554 3786 3804 3851 Psalmis,

2224 3882 2285 3936 Si
2311 3898 2424 3936 vere
2443 3880 2694 3950 justitiam
2721 3878 2929 3948 diligitis
2950 3918 2968 3943 ,
2997 3887 3127 3929 recte
3144 3876 3392 3945 jutlicate,
3424 3877 3520 3943 ﬁlii
3545 3877 3807 3933 hominum

2223 3971 2394 4041 (Psal.
2422 3977 2544 4031 Lvti,
2567 3969 2665 4039 2)?
2694 3970 2801 4024 Cur
2828 3976 3002 4022 autem
3029 3968 3141 4036 ipse
3163 3967 3415 4020 Dominus
3435 3968 3592 4034 dicit,
3630 3968 3809 4025 Nolite

2223 4063 2553 4133 personaliter
2595 4061 2834 4130 judicare
2856 4101 2871 4127 ,
2921 4060 3008 4114 sed
3055 4068 3242 4112 rectum
3284 4059 3538 4129 judicium
3574 4062 3808 4130 judicatc

2223 4153 2400 4227 (Joan.
2430 4169 2522 4218 vn,
2545 4151 2638 4224 25)
2663 4167 2677 4215 ;
2709 4152 2752 4206 si
2776 4167 2880 4205 non
2911 4151 3034 4205 licet
3058 4149 3127 4205 de
3152 4149 3622 4220 aliquojudieare?
3648 4151 3809 4207 Post-

2221 4262 2370 4302 remo
2398 4246 2494 4315 ipsi
2524 4244 2592 4300 de
2637 4244 2740 4298 illis
2783 4241 3126 4296 traditoribus
3161 4240 3229 4295 de
3266 4240 3460 4311 quibus
3502 4241 3628 4295 falsa
3655 4241 3805 4310 judi-

2221 4345 2512 4403 caverunt,
2541 4351 2638 4390 cur
2661 4335 2878 4388 omnino
2910 4332 3279 4401 iudicaverunt
3304 4333 3372 4387 de
3392 4334 3560 4387 servis
3583 4332 3810 4388 alienis?

2221 4430 2330 4484 Suo
2357 4427 2574 4482 domino
2603 4425 2854 4490 stabant,
2895 4434 2984 4478 aut
3010 4423 3290 4478 cadebant.
3337 4424 3446 4476 Cttr
3481 4423 3710 4492 denique
3736 4423 3809 4476 de

2224 4517 2524 4575 recentibus
2541 4515 2939 4570 Maximianistis
2959 4515 3174 4584 plcnarii
3199 4514 3418 4579 concilii,
3447 4513 3807 4580 sicutdieunt,

2223 4599 2309 4668 ore
2343 4612 2558 4665 veridico
2589 4625 2693 4664 non
2731 4609 3107 4663 dubitaverunt
3139 4608 3240 4663 tale
3267 4607 3502 4678 proferre
3523 4607 3808 4678 judicium,

2223 4719 2279 4760 ut
2307 4719 2399 4760 eos
2423 4704 2606 4774 primis
2636 4703 2741 4757 illis
2765 4700 3119 4757 schismaticis
3139 4742 3154 4766 ,
3187 4716 3321 4770 quos
3350 4700 3498 4753 vivos
3528 4711 3668 4754 terra
3690 4715 3814 4755 sor-

2225 4799 2370 4863 buit,
2415 4792 2821 4866 compararent?
2864 4793 3100 4860 Quorum
3130 4791 3386 4861 quosdam
3426 4799 3600 4845 tamen
3621 4831 3636 4856 ,
3663 4792 3808 4861 quod

2225 4905 2420 4960 negare
2453 4903 2556 4942 non
2607 4894 2866 4956 possunt,
2915 4891 3008 4938 aut
3049 4883 3359 4938 innocentes
3397 4882 3808 4947 damnaverunt,

2225 4993 2316 5036 ant
2342 4989 2595 5035 nocentes
2625 4979 2812 5032 iterum
2835 4983 3169 5045 receperunt.
3227 4972 3334 5030 Sed
3365 4988 3485 5028 cum
3519 4988 3702 5028 verum
3727 4971 3812 5025 di-

2226 5076 2363 5128 citur
2388 5073 2471 5127 cui
2502 5068 2823 5140 respondere
2848 5082 2952 5122 non
2996 5061 3249 5136 possunt,
3298 5065 3495 5119 rodunt
3535 5078 3811 5118 murmura

2226 5164 2496 5224 salebrosa
2527 5162 2585 5216 δε
2620 5163 2710 5217 Sic
2753 5161 3000 5215 volumus.
3057 5175 3076 5209 ο
3103 5155 3147 5212 Τ
3151 5174 3184 5210 u
3223 5157 3336 5228 quis
3365 5173 3416 5211 es
3436 5197 3452 5224 ,
3493 5157 3580 5227 qui
3606 5155 3814 5227 judice:

2229 5346 2378 5402 tione,
2400 5341 2471 5401 in,
2493 5353 2604 5404 qua:
2625 5339 2688 5390 ab
2711 5347 2808 5387 Am.
2831 5346 2882 5388 et
2897 5335 3234 5404 manuscriptis
3253 5334 3438 5384 aberat.

2292 5410 2308 5440 ³
2334 5398 2432 5454 Ain.
2453 5398 2691 5466 et'plures
2709 5408 2837 5458 Mss,
2854 5398 3137 5461 sacrilegiis.

2289 5473 2309 5502 ¹
2333 5455 2554 5518 Gallicani
2570 5463 2763 5525 quidam
2787 5455 2913 5525 ais-5.,
2938 5455 3312 5525 non'ronjunrti.

2292 5534 2312 5564 ³
2336 5541 2434 5578 Am.
2462 5535 2533 5575 Er.
2562 5519 2614 5575 et
2637 5521 2849 5574 nonnulli
2882 5519 2972 5572 uss
2995 5557 3010 5581 ,
3035 5519 3084 5570 εἰ
3107 5519 3319 5570 volumus
3343 5531 3359 5567 :
3385 5519 3545 5581 minus
3565 5521 3731 5581 recte.
3755 5521 3814 5581 γε

2231 5575 2464 5657 liquet-ex
2493 5601 2712 5650 pruxune
2748 5575 3194 5648 subsequentibus,
3221 5591 3272 5630 et
3297 5593 3359 5629 ex
3385 5593 3433 5628 n.
3461 5579 3529 5637 l5,
3557 5578 3640 5626 ubi
3665 5575 3818 5625 verba

2229 5660 2332 5705 iure
2361 5657 2463 5712 ipsa
2485 5657 2794 5712 repetuntur.

2292 5703 2325 5747 ἶ
2340 5703 2522 5776 Aliquot
2543 5703 2669 5769 iuss,
2696 5710 2869 5759 rodunt
2892 5719 3108 5758 murmur
3133 5717 3220 5754 ora
3243 5703 3448 5765 leprosa.
