4050 6206
271 274 366 332 153

269 394 480 446 alienum
522 380 762 441 servum?
811 383 917 439 Suo
947 383 1147 437 domino
1165 381 1261 437 atat
1287 425 1299 446 ,
1340 388 1426 435 aut
1460 381 1611 434 cadit.
1652 397 1671 432 ι
1703 379 1834 431 Cum

268 493 442 538 autem
470 480 682 535 infirma
707 478 824 533 ovis
849 477 902 531 in
932 474 1216 531 solitudine
1244 472 1519 543 aspicitur,
1546 472 1634 526 ubi
1664 478 1844 540 pastor

265 575 348 644 qui
374 574 634 629 metumet
661 569 855 625 absens
878 567 1108 633 videtur,
1136 564 1325 621 dentes
1348 572 1685 626 exseruntur,
1717 559 1852 614 fran-

266 665 403 733 gitur
433 671 616 732 guttur
630 657 925 714 invalidum
956 675 969 710 :
995 655 1171 710 Bonus
1191 655 1340 709 Itonia
1356 671 1507 720 esses,
1532 654 1577 707 si
1605 669 1704 707 non
1724 667 1853 705 esses

272 751 502 807 traditor.
549 748 769 805 Consule
796 748 979 801 animos
1011 754 1145 811 tute;
1171 755 1275 800 esto
1305 744 1625 798 christianus.
1680 742 1724 797 Ο
1750 742 1851 795 im-

270 843 487 913 probam
503 841 706 896 rabiem
730 838 746 894 !
773 837 908 893 Cum
927 837 1217 892 christiano
1242 836 1456 899 dicitur,
1479 831 1605 887 Esto
1623 832 1854 886 christia-

265 951 400 998 nus;
430 932 557 1004 quid
584 930 726 987 aliud
746 929 987 994 docetur,
1009 928 1110 982 nisi
1137 942 1332 997 negare
1352 940 1410 980 se
1431 924 1775 981 cltriStianum
1795 925 1809 955 ¹
1830 924 1853 977 2

270 1022 536 1093 Numquid
565 1020 710 1076 aliud
739 1030 854 1076 erat
879 1018 1021 1087 quod
1052 1019 1247 1073 docere
1273 1016 1556 1086 cupiebant
1596 1014 1671 1069 illi
1702 1015 1854 1067 Chri-

270 1115 568 1169 stianorum
592 1116 990 1182 persecutores,
1018 1108 1211 1178 quibus
1230 1107 1329 1178 qui
1358 1106 1665 1161 restiterunt
1685 1145 1701 1169 ,
1729 1102 1852 1158 facti

271 1219 394 1259 sunt
437 1200 745 1272 martyres?
795 1201 876 1255 An
921 1197 1346 1275 levius‘puta’tur
1368 1196 1509 1267 quod
1551 1192 1727 1266 gladio
1755 1196 1850 1249 mi-

271 1306 431 1363 nante
449 1336 464 1359 ,
495 1309 658 1364 quam
684 1292 824 1363 quod
850 1292 1026 1361 lingua
1054 1291 1338 1345 insidiante
1369 1288 1760 1345 committitur?

336 1386 429 1440 Η.
462 1384 543 1438 Ad
566 1383 664 1438 ista
689 1382 1028 1452 respondete,
1070 1382 1174 1450 lupi
1203 1396 1437 1449 rapaces,
1479 1379 1571 1449 qui
1624 1378 1853 1449 pellibus

270 1479 440 1532 ovinis
469 1476 613 1531 indui
642 1476 918 1546 cupientes
939 1473 1147 1547 (Matth.
1177 1481 1270 1536 vn,
1294 1473 1408 1543 15),
1435 1471 1572 1525 beati
1599 1469 1849 1542 Cypriani

273 1570 476 1623 litteras
543 1582 640 1636 pro
685 1566 835 1632 vobis
873 1580 994 1620 esse
1050 1563 1398 1617 arbitramini.
1450 1560 1854 1616 Coutaminabat

270 1658 588 1729 Cyprianum
617 1656 947 1725 sacrilegium
988 1652 1471 1717 sebisniaticorum,
1500 1667 1565 1706 an
1590 1664 1693 1703 non
1721 1663 1851 1703 con-

272 1749 599 1803 tantinabat?
629 1747 681 1803 Si
726 1745 1137 1808 contamiuabat,
1166 1744 1275 1813 jam
1318 1753 1443 1823 tung
1484 1743 1636 1812 periit
1662 1741 1853 1797 Eccle-

271 1841 370 1905 sia,
397 1854 506 1892 non
538 1847 652 1896 erat
679 1835 820 1891 unde
849 1834 1291 1905 propagaremini.
1314 1834 1367 1888 Si
1388 1842 1561 1886 autem
1590 1847 1696 1886 non
1726 1845 1852 1885 con-

270 1929 594 1991 taminabat,
635 1942 742 1996 quo
787 1926 991 1985 scelere
1042 1924 1256 1978 alieno'
1293 1930 1513 1992 possunt
1560 1922 1611 1975 in
1651 1921 1853 1975 unitate

271 2019 619 2075 contaminari
666 2021 999 2081 innocentes,
1030 2016 1076 2070 si
1105 2013 1406 2069 scltismatis
1431 2013 1710 2083 sacrilegio
1736 2026 1843 2066 non

273 2112 524 2181 possmt?
537 2112 710 2176 Quare
724 2124 851 2179 ergo
868 2123 966 2162 vos
979 2107 1267 2177 separastis
1280 2107 1305 2160 ’ἒ
1319 2106 1495 2172 Quare
1512 2120 1631 2160 cum
1656 2105 1852 2159 leviora

274 2220 388 2272 quae
404 2200 822 2272 fingitis,fngitis,
846 2201 1016 2271 ipsum
1038 2196 1372 2268 sacrilegium
1385 2194 1851 2265 schismatis,quod

274 2306 349 2350 est
370 2295 619 2349 omnibus
633 2294 868 2364 gravius,
889 2290 1231 2347 commisistis
1248 2290 1362 2345 'tAn
1391 2288 1526 2344 forte
1544 2288 1654 2357 jam
1675 2288 1844 2357 placet

277 2387 417 2440 lateri
448 2401 554 2439 non
584 2384 748 2441 fuisse
769 2383 877 2453 jam
903 2382 1025 2437 illos
1051 2381 1135 2436 vel
1157 2379 1526 2436 scbismaticos
1558 2379 1646 2433 vel
1678 2378 1854 2433 luere-

277 2477 419 2541 ticos,
440 2475 532 2544 qui
556 2483 704 2529 extra
739 2471 1168 2529 communionem
1207 2468 1477 2536 Ecclesia),
1505 2468 1587 2523 vel
1628 2468 1680 2522 in
1709 2467 1855 2522 schi-

278 2575 437 2621 smate
482 2565 660 2634 aliquo
698 2564 779 2617 vel
823 2563 876 2617 iu
900 2561 1090 2617 ltreresi
1121 2559 1331 2615 fuerant
1368 2557 1651 2628 baptizati’
1675 2599 1691 2626 ,
1732 2558 1853 2627 quia

280 2654 593 2710 transeundo
635 2653 705 2710 ad
748 2653 1039 2709 Ecclesiam
1064 2692 1078 2715 ,
1100 2659 1155 2706 et
1179 2664 1394 2705 errores
1437 2662 1566 2703 suos
1607 2648 1856 2717 pristinos

282 2745 680 2813 anatlictnando,
698 2744 1013 2802 destiterant
1039 2756 1158 2797 esse
1184 2739 1325 2810 quod
1347 2739 1543 2795 erant?
1570 2737 1855 2805 Quomodo

281 2853 396 2907 ergo
433 2838 551 2892 sine
576 2837 848 2907 Baptismo
891 2850 995 2897 nun
1021 2846 1181 2902 super
1209 2845 1304 2886 eos
1334 2838 1703 2885 remanserant
1741 2843 1855 2885 see-

282 2926 381 2981 lera
413 2926 635 2982 eorum?
664 2928 744 2979 An
772 2924 864 2978 ille
897 2922 1195 2991 Baptismus
1233 2918 1427 2975 Christi
1464 2927 1611 2986 erat,
1641 2918 1736 2974 sed
1777 2919 1855 2974 eis

280 3028 417 3072 extra
442 3015 697 3079 Ecclesia:
728 3013 1158 3071 communionem
1193 3010 1449 3082 prodesse
1482 3024 1587 3064 non
1613 3018 1852 3080 poterat;

280 3124 390 3162 cum
419 3118 597 3164 autem
623 3114 902 3171 venerunt,
930 3104 1001 3160 et’
1011 3103 1350 3158 anathemate
1376 3101 1643 3171 praeterito
1669 3114 1854 3155 errore

282 3199 328 3252 in
359 3198 611 3254 Ecclesia:
650 3211 835 3266 pacem
872 3209 968 3265 per
995 3209 1182 3249 manus
1219 3193 1614 3263 impositiouem
1657 3191 1857 3261 recepti

281 3298 414 3353 sunt,
440 3296 564 3343 tunc
589 3287 642 3342 in
678 3285 937 3343 charitate
968 3284 1216 3340 radicatis
1244 3293 1298 3339 et
1326 3283 1578 3345 fundatis,
1603 3284 1719 3337 sine
1753 3297 1856 3352 qua

282 3377 596 3431 infructuosa
621 3385 745 3431 sunt
780 3384 993 3441 caetera,
1024 3372 1277 3445 prodesse
1293 3373 1454 3442 capit
1480 3381 1534 3428 et
1560 3371 1627 3426 ad
1664 3372 1855 3427 remis-

280 3468 481 3522 simem
510 3475 834 3536 peccatorum
872 3475 919 3520 et
951 3464 1019 3519 ad
1038 3462 1511 3519 sanctificationetn
1548 3463 1689 3526 vitai,
1713 3460 1856 3532 quod

282 3562 391 3615 sine
429 3559 597 3615 fructu
627 3569 773 3615 extra
804 3556 1120 3628 portabant?

347 3654 430 3708 19..
461 3652 633 3708 Nolite
656 3666 783 3722 ergo
812 3650 964 3706 nobis
991 3648 1358 3705 auctoritatem
1383 3647 1615 3718 obiicere
1634 3647 1853 3718 Cypria-

289 3746 333 3798 ni
375 3746 439 3798 ad
471 3743 727 3813 Baptismi
766 3741 1133 3812 repetitionem
1179 3758 1194 3795 :
1225 3739 1320 3795 sed
1369 3747 1544 3794 tenete
1582 3739 1858 3793 nobiscum

284 3836 570 3904 exemplum
601 3832 845 3904 Cypriani
870 3831 936 3887 ad
960 3829 1175 3885 unitatis
1199 3829 1680 3884 conservationem.
1716 3826 1860 3881 Non-

284 3926 397 3980 dum
441 3925 585 3980 enim
613 3934 727 3979 erat
758 3923 1035 3992 diligenter
1063 3920 1151 3975 illa
1185 3919 1439 3989 Baptismi
1480 3918 1701 3989 qumstio
1735 3931 1857 3986 per-

287 4026 515 4082 tractata,
574 4013 668 4071 sed
726 4021 900 4067 tanien
953 4011 1354 4067 saluberrimam
1413 4009 1854 4065 consuetudinem

287 4108 483 4179 tenebat
517 4104 752 4160 Ecclesia
772 4145 787 4170 ,
816 4104 869 4157 in
900 4102 1026 4173 ipsis
1046 4116 1257 4173 quoque
1281 4102 1635 4157 scbismatieis
1662 4110 1715 4155 et
1740 4100 1855 4159 luc-

286 4205 454 4258 retieis
472 4203 743 4272 corrigere
780 4199 920 4270 quod
958 4214 1176 4269 pravum
1198 4206 1312 4263 est,
1354 4212 1457 4253 non
1481 4196 1670 4251 iterare
1718 4194 1861 4264 quod

286 4293 453 4346 datunt
484 4301 601 4354 est;
629 4304 818 4344 sanare
856 4289 994 4359 quod
1030 4288 1358 4342 vulneratum
1401 4295 1504 4351 est,
1537 4301 1643 4340 non
1664 4300 1852 4340 curare

286 4383 414 4452 quod
440 4397 629 4436 sanum
657 4388 757 4435 est.
783 4379 948 4448 Quam
975 4377 1410 4434 consuetudinem
1463 4375 1624 4430 credo
1648 4391 1715 4429 ex
1732 4389 1861 4445 apo-

285 4475 460 4528 stolica
494 4472 774 4527 traditione
817 4472 1119 4527 venientem
1146 4468 1166 4538 (
1196 4474 1328 4524 sicut
1364 4468 1526 4523 multa
1572 4467 1730 4537 qure‘
1758 4484 1862 4523 non

286 4566 621 4620 inveniuntur
656 4565 708 4618 in
734 4546 926 4618 litteris
962 4577 1170 4628 eorum,
1203 4576 1373 4631 neque
1395 4561 1445 4614 in
1472 4560 1713 4615 conciliis
1740 4574 1863 4629 pos-

287 4634 556 4718 teriorum,
590 4663 642 4709 et
673 4664 847 4708 tamen
887 4655 1007 4722 quia
1038 4668 1132 4722 per
1160 4652 1464 4707 universam
1491 4650 1861 4705 custodiuntur

287 4747 571 4801 Ecclesiam
594 4786 608 4811 ,
637 4744 848 4798 nonnisi
894 4744 960 4798 ab
1004 4744 1132 4813 ipsis
1173 4741 1361 4797 tradita
1400 4749 1455 4795 et
1490 4739 1862 4796 commendata

284 4837 570 4891 creduntur
604 4835 621 4904 )
651 4852 664 4888 :
700 4836 835 4891 lianc
859 4849 986 4904 ergo
1014 4834 1413 4888 saluberrimam
1430 4831 1864 4887 consuetudinem

288 4942 375 4995 per
406 4928 756 4998 Agrippinum
792 4926 1238 4997 przedecessorem
1268 4939 1423 4978 suum
1484 4923 1612 4978 dicit
1652 4933 1866 4979 sanctus

289 5018 579 5090 Cyprianus
604 5018 754 5088 quasi
780 5017 1007 5086 erupisse
1034 5014 1246 5085 corrigi.
1265 5012 1369 5069 Sed
1400 5017 1534 5068 sicut
1562 5013 1867 5083 diligentius

292 5108 534 5178 inquisita
577 5109 776 5163 veritas
799 5106 998 5172 docuit,
1026 5121 1145 5176 qua:
1173 5116 1294 5175 post
1323 5120 1543 5176 magnos
1581 5104 1869 5159 dubitatio-

290 5201 367 5254 nis
388 5198 576 5254 nouus
612 5198 679 5251 ad
715 5195 1629 5268 plenariieoneiliieonflrmationem
1654 5194 1872 5265 perduc-

290 5300 336 5346 ta
353 5299 460 5359 est,
470 5290 646 5345 verius
660 5287 896 5344 creditur
917 5302 1011 5357 per
1026 5286 1369 5357 Agrippinum
1393 5286 1658 5356 corrumpi
1679 5285 1871 5355 coepis-

348 5423 464 5491 ’,εκ
487 5431 584 5472 Am.
608 5427 692 5491 Br.
722 5416 967 5491 etplures
979 5423 1090 5491 315$.
1118 5425 1172 5469 Al.
1192 5423 1324 5478 town,
1370 5415 1489 5481 quid
1510 5414 1648 5468 aliud
1691 5416 1871 5469 dicitur

290 5483 399 5544 nisi,
427 5493 554 5548 ,vega
576 5491 620 5535 te
642 5478 1001 5548 cltmtiartum?

344 5549 365 5579 ³
387 5540 468 5595 sic
487 5540 583 5594 tim.
611 5551 664 5595 et
687 5544 836 5593 nostri
873 5550 1047 5592 omnes
1066 5545 1173 5590 ttss.
1202 5546 1253 5589 At
1290 5545 1363 5589 Er.
1391 5546 1442 5591 et
1474 5546 1613 5601 Lov.,
1638 5540 1871 5603 quomodo

287 5607 679 5674 uetereatieno._
721 5662 772 5674 Α,
855 5663 883 5674 __
950 5662 980 5674 η

347 5670 366 5699 ³
390 5674 523 5729 t.ov.,
546 5665 729 5732 fuerint
754 5662 998 5732 baptizati.

344 5736 362 5756 '
408 5721 559 5795 west,
578 5741 717 5795 quia,
744 5721 929 5776 ab'tnn.
952 5730 1025 5775 Er.
1052 5731 1103 5775 et
1125 5721 1341 5788 plurimis
1360 5724 1711 5788 manuscriptis.

1599 256 1806 322 ιιυιειι
1843 261 2216 319 stccuxous.

3430 288 3527 343 151

1946 389 2022 439 se,
2043 391 2148 443 non
2185 378 2398 449 corrigi.
2427 379 2662 439 lrruente
2684 384 2857 463 itaque
2875 397 2977 441 tam
3001 403 3188 461 magna
3213 376 3528 463 quastione,

1956 482 2076 521 cum
2116 468 2182 523 de
2212 472 2533 527 remissione
2576 484 2912 543 peccatorum
2940 489 2993 534 et
3035 480 3101 535 de
3136 483 3399 553 spirituali
3440 487 3541 542 lio-

1955 560 2116 615 minis
2153 565 2573 632 regeneratioue,
2613 576 2786 623 utrum
2836 580 3016 639 posset
3057 573 3195 643 apud
3254 576 3533 633 haereticos

1959 650 2044 705 vel
2073 652 2211 720 apud
2236 652 2603 711 seltismaticos
2630 657 2762 725 fieri,
2790 659 3004 717 difficile
3038 663 3173 718 ratio
3199 664 3533 733 redderetur,

1957 750 2013 796 et
2055 743 2376 811 praecederet
2416 750 2703 804 auctoritas
2742 752 3033 821 Agrippini,
3062 763 3117 809 et
3156 758 3534 813 nonnullorum

1957 831 2044 900 qui
2073 831 2120 886 ei
2150 845 2530 891 consenserant
2560 838 2828 893 hominum
2860 841 2911 894 in
2948 841 3046 896 hac
3089 847 3381 913 quaestione
3399 848 3535 902 deli-

1953 921 2229 987 cientium,
2257 925 2347 993 qui
2376 925 2671 982 maluerant
2707 929 2902 999 aliquid
2933 946 3127 987 novum
3158 934 3351 999 moliri,
3376 930 3557 1005 quam}

1960 1022 2141 1070 tenere
2163 1017 2599 1073 consuetudinem
2627 1021 2778 1089 cujus
2802 1021 3163 1079 defensionem
3191 1042 3295 1081 non
3333 1028 3533 1083 intelli-

1956 1101 2185 1171 gebant;
2217 1104 2484 1161 irruerunt
2521 1108 2575 1161 in
2594 1109 2775 1165 oculos
2808 1113 2998 1167 animae
3037 1117 3347 1172 verisimiles
3375 1119 3536 1173 ratio-

1959 1208 2073 1255 nes,
2096 1203 2149 1246 et
2179 1194 2589 1252 intercluserunt
2616 1200 2715 1254 iter
2740 1202 3156 1272 pervestiganda:
3181 1202 3436 1259 veritatis.

2026 1286 2250 1342 CAPUT
2284 1288 2413 1343 Vlll.
2451 1320 2513 1329 —
2542 1292 2626 1345 15.
2663 1292 2772 1347 Nec
2812 1295 3043 1349 arbitror
3063 1296 3278 1353 beatum
3308 1300 3533 1371 Cypria-

1957 1391 2080 1428 num
2101 1387 2313 1447 propter
2336 1380 2472 1434 aliud
2499 1392 2679 1437 contra
2699 1386 3131 1442 consuetudinem
3164 1390 3290 1459 quid
3315 1392 3538 1446 sentiret

1957 1465 2173 1521 liberius
2211 1473 2600 1540 exprompsisse
2623 1516 2638 1540 ,
2687 1476 3020 1546 priori-mque
3060 1480 3291 1547 dixisse,
3341 1482 3440 1536 nisi
3478 1495 3536 1537 ut

1956 1556 2135 1621 alium,
2168 1558 2213 1610 si
2245 1560 2377 1613 forte
2413 1562 2684 1631 existeret,
2714 1564 2797 1617 cui
2840 1576 2982 1620 esset
3002 1568 3189 1622 melius
3218 1571 3531 1637 revelatum,

1955 1648 2252 1714 gratissime
2281 1650 2572 1719 acciperet;
2612 1663 2663 1707 ct
2695 1655 2998 1709 ostenderet
3033 1656 3338 1713 imitandam
3369 1702 3383 1727 ,
3426 1677 3531 1715 non

1958 1738 2128 1791 Solum
2155 1739 2376 1796 docendi
2410 1741 2754 1812 diligentiam,
2773 1745 2867 1799 sed
2890 1747 3049 1800 etiam
3067 1749 3306 1805 discendi
3324 1753 3535 1807 modes-

1956 1828 2082 1881 tiam
2108 1846 2121 1883 :
2148 1831 2192 1885 si
2215 1840 2388 1885 autem
2413 1833 2586 1887 nullus
2611 1836 2882 1902 existeret,
2905 1838 2993 1907 qui
3030 1840 3133 1894 tale
3152 1841 3349 1910 aliquid
3375 1843 3533 1897 affer-

1956 1930 2058 1983 ret,
2073 1920 2217 1977 unde
2242 1922 2344 1976 illa:
2364 1940 2547 1980 omnes
2568 1926 2882 1983 verisimiles
2904 1930 3135 1986 rationes
3152 1934 3535 2002 quibusmove-

1956 2008 2112 2063 batur
2150 2010 2540 2079 refellerentur,
2577 2015 2630 2069 in
2679 2016 2863 2073 eadem
2889 2020 3147 2074 sententia
3179 2033 3533 2091 permaneret,

1956 2097 2093 2154 bene
2106 2100 2205 2154 sibi
2231 2105 2478 2158 conscius
2504 2113 2559 2159 et
2571 2120 2676 2160 non
2698 2109 2974 2164 occultate
2998 2126 3115 2181 qua:
3132 2113 3414 2182 putabatur
3440 2132 3534 2170 ve-

1956 2190 2144 2256 ritatis,
2163 2200 2218 2246 et
2237 2203 2458 2249 retenta:
2481 2212 2597 2265 qua:
2614 2199 2888 2254 amabatur
2905 2202 3136 2257 unitatis.
3160 2203 3290 2258 Nam
3322 2213 3375 2260 et
3409 2207 3533 2261 illud

1957 2280 2035 2335 sic
2052 2282 2307 2338 intellexit
2325 2286 2464 2354 quod
2486 2286 2556 2340 ait
2575 2289 2859 2357 Apostolus
2884 2309 2927 2345 ε(
2950 2290 3222 2363 Propheta
3244 2305 3409 2349 autem
3432 2297 3532 2351 duo

1957 2381 2044 2424 aut
2061 2381 2158 2426 tres
2178 2372 2467 2442 loquantur,
2482 2386 2527 2429 et
2551 2381 2716 2433 caeteri
2735 2382 3053 2449 examinant;
3075 2385 3119 2437 si
3133 2386 3223 2438 alii
3259 2388 3529 2441 revelatum

1958 2464 2107 2533 fuerit
2121 2463 2330 2531 sedenti,
2360 2465 2447 2519 ille
2479 2468 2618 2535 prior
2649 2477 2808 2523 taceat
2834 2471 3160 2541 i(lCor.x1v,
3186 2476 3301 2547 29).
3332 2479 3443 2543 Qua
3479 2481 3530 2533 in

1958 2555 2320 2626 parte,inquit,
2354 2558 2523 2612 docuit
2539 2570 2584 2614 et
2606 2563 3020 2630 ostendit,multa
3044 2568 3320 2638 singulisin
3360 2572 3535 2626 melius

1956 2646 2185 2711 revelari,
2200 2655 2245 2697 et
2260 2647 2436 2701 debere
2458 2653 2877 2722 unumquemque,
2893 2671 2991 2707 non
3017 2673 3110 2726 pro
3139 2673 3196 2710 eo
3226 2658 3362 2727 quod
3384 2662 3534 2714 sentel

1957 2733 2214 2788 imbiberat
2240 2746 2286 2787 et
2320 2738 2532 2803 tenebat,
2556 2740 2877 2807 pertinaciter
2914 2745 3182 2814 congredi;
3213 2747 3302 2800 sed
3338 2748 3382 2801 si
3413 2750 3533 2818 quid

1956 2824 2134 2876 melius
2145 2834 2188 2877 et
2206 2825 2376 2878 utilius
2388 2828 2645 2895 exstiterit,
2670 2828 2876 2884 libenter
2898 2835 3128 2902 amplecti
3147 2835 3336 2905 (Epist.
3353 2838 3413 2891 7t
3427 2878 3440 2901 ,
3466 2840 3532 2890 ad

1961 2914 2255 2986 Quintum).
2281 2916 2372 2970 llis
2389 2917 2567 2988 utique
2599 2920 2773 2976 verbis
2794 2938 2899 2977 non
2926 2920 3097 2979 selum
3128 2941 3221 2981 eos
3258 2928 3534 2985 admonuit

1959 3005 2058 3060 sibi
2074 3008 2392 3074 consentire,
2419 3010 2511 3079 qui
2541 3011 2734 3066 melius
2761 3012 2958 3083 aliquid
2996 3030 3102 3070 non
3133 3018 3410 3085 videbant;
3433 3021 3528 3077 sed

1959 3097 2117 3151 etiam
2155 3096 2394 3153 hortatus
2411 3109 2512 3185 est,
2551 3101 2700 3172 siqui
2732 3114 2951 3172 possent
2979 3106 3169 3162 afferre
3195 3109 3391 3180 aliquid
3425 3127 3532 3183 quo

1961 3189 2105 3255 prior
2119 3189 2445 3244 consuetudo
2469 3192 2728 3247 servanda
2747 3194 2921 3263 potius
2940 3195 3237 3252 tiriuaretur
3257 3217 3271 3254 :
3291 3210 3346 3254 ut
3365 3201 3408 3254 si
3431 3202 3534 3257 tale

1962 3291 2105 3337 esset
2149 3282 2289 3351 quod
2321 3282 2491 3338 refelli
2520 3299 2623 3339 non
2652 3295 2852 3355 posset,
2883 3289 3042 3342 etiam
3073 3290 3187 3360 ipse
3227 3292 3532 3356 ostenderet

1962 3386 2119 3441 quam
2136 3373 2393 3428 veraciter
2408 3373 2619 3440 dixerit,
2631 3394 2648 3427 ‹
2661 3376 2855 3432 debere
2872 3394 3300 3451 unumquemque
3317 3399 3422 3437 non
3435 3399 3532 3455 pro

1960 3480 2026 3519 co
2050 3464 2191 3535 quod
2210 3468 2375 3522 semel
2405 3467 2686 3524 imbiberat
2721 3479 2775 3524 et
2796 3473 3023 3538 tenebat,
3051 3474 3388 3543 pertinaciter
3402 3493 3534 3532 cuu—

1960 3558 2137 3629 gredi;
2185 3559 2277 3616 sed
2307 3560 2350 3614 si
2372 3560 2498 3630 quid
2523 3561 2711 3617 melius
2730 3571 2784 3617 et
2807 3562 2986 3619 utilius
3011 3566 3291 3632 exstiterit,
3309 3566 3535 3624 libenter

1961 3650 2227 3719 amplecti.
2251 3671 2270 3703 ι
2290 3651 2393 3708 Sed
2419 3653 2539 3723 quia
2562 3662 2684 3709 tunc
2714 3668 2818 3709 non
2852 3656 3181 3723 exstiterant,
3212 3658 3311 3712 nisi
3354 3660 3443 3729 qui
3485 3661 3535 3715 ei

1963 3742 2398 3796 consuetudinem
2416 3753 2782 3813 opponerent;
2811 3745 3148 3802 defensiones
3168 3759 3344 3803 autem
3374 3750 3536 3819 ipsius

1962 3830 2472 3884 CttllSUClﬂdlliiSllOﬂ
2488 3833 2617 3886 tales
2631 3834 2901 3900 afferrent,
2915 3836 3104 3903 quibus
3122 3837 3211 3890 illa
3229 3841 3346 3892 talis
3362 3841 3535 3894 anima

1966 3928 2272 3975 moveretur
2300 3920 2503 3975 :uuluit
2526 3922 2606 3976 vir
2626 3924 2967 3994 gravissimus
2993 3927 3222 3982 rationes
3259 3944 3401 3995 suas,
3437 3932 3537 3986 etsi

1966 4027 2071 4066 non
2089 4026 2239 4065 veras
2256 4012 2419 4083 (quod
2435 4028 2554 4067 eum
2573 4014 2808 4085 latebat),
2827 4015 2918 4070 sed
2943 4026 3232 4072 tamennon
3255 4020 3441 4088 victas,
3458 4038 3539 4078 ve.
3580 4029 3591 4038 ’

1967 4105 2073 4157 raci
2102 4102 2334 4173 quidem,
2354 4103 2448 4158 sed
2466 4113 2641 4160 tamen
2662 4106 2890 4160 nonduin
2921 4117 3139 4162 asserta:
3171 4112 3538 4167 consuetudini

1967 4194 2177 4249 cedere.
2208 4193 2375 4261 Quam
2406 4202 2580 4250 tamen
2610 4196 3047 4252 consuetudinem
3100 4199 3200 4253 nisi
3229 4200 3377 4270 prior
3414 4211 3538 4257 ante

1968 4286 2309 4355 Agrippinus,
2349 4295 2403 4341 ct
2430 4288 2664 4340 nonnulli
2709 4302 2802 4356 per
2824 4288 3054 4343 Africam
3082 4292 3380 4361 eoepiscopi
3420 4292 3536 4363 ejus

1968 4380 2127 4434 etiam
2156 4393 2251 4449 per
2285 4379 2494 4437 concilii
2540 4382 2827 4436 sententias
2874 4380 3122 4437 deserere
3171 4385 3540 4454 tentavissent,

1971 4485 2073 4523 non
2104 4469 2326 4523 auderet
2368 4469 2470 4524 iste
2514 4470 2698 4523 saltem
2729 4471 3030 4526 ratiocinari
3075 4472 3329 4529 adversus
3377 4489 3538 4530 eam:

1969 4559 2062 4614 sed
2090 4559 2142 4613 in
2176 4568 2280 4613 tam
2304 4559 2528 4613 obscura
2553 4560 2844 4628 qumstione
2876 4561 3132 4629 turbatus,
3164 4572 3218 4619 et
3241 4564 3437 4634 ubique
3464 4565 3544 4620 in-

1974 4661 2126 4703 tuens
2154 4648 2509 4704 universalem
2539 4649 2918 4719 robustamque
2960 4652 3420 4721 consuetudinem,
3447 4670 3541 4710 co-

1970 4749 2201 4796 arctaret
2238 4754 2297 4795 se
2342 4740 2518 4810 potius
2542 4747 2598 4794 et
2630 4754 2786 4810 prece
2815 4751 2869 4795 et
2903 4740 3194 4798 intentione
3238 4745 3433 4800 mentis
3478 4746 3543 4801 ad

1973 4832 2163 4899 Deum,
2188 4839 2247 4886 ut
2274 4831 2426 4901 quod.
2447 4839 2626 4901 postea
2654 4829 2892 4900 plcnario
2914 4834 3139 4888 concilio
3158 4834 3330 4890 visum
3356 4844 3458 4900 est,
3490 4836 3546 4892 id

1971 4937 2156 4978 verum
2200 4936 2320 4977 esse
2359 4920 2684 4993 perspiceret
2718 4931 2771 4977 et
2809 4921 3045 4979 doceret.
3075 4923 3181 4979 Sed
3209 4940 3328 4981 cum
3358 4926 3542 4995 fatiga-

1971 5023 2081 5069 tum
2105 5013 2450 5083 praecedentis
2468 5013 2676 5069 concilii
2704 5014 2843 5085 quod
2869 5030 2963 5085 per
2984 5016 3328 5087 Agrippinum
3354 5018 3541 5071 factum

1973 5115 2057 5162 est
2105 5107 2401 5176 excepisset
2448 5106 2774 5172 auctoritas,
2845 5107 3029 5161 maluit
3093 5106 3548 5179 praedecessorum

1972 5214 2190 5254 suorum
2235 5208 2484 5270 tauquam
2536 5200 2807 5255 inventum
2831 5197 3138 5268 defendere,
3169 5216 3327 5272 quam
3372 5200 3534 5269 inqui—

1974 5291 2140 5347 rendo
2185 5293 2413 5363 amplius
2463 5293 2767 5348 laborare‘.
2796 5292 2925 5347 Nam
2968 5293 3020 5347 in
3056 5292 3160 5349 fine
3204 5291 3442 5362 epistola:
3479 5289 3545 5345 ad

1973 5382 2224 5451 Quintum
2250 5382 2321 5437 ita
2348 5382 2599 5450 ostendit,
2634 5383 2685 5438 in
2714 5398 2818 5454 quo
2861 5391 3110 5454 tanquam
3140 5380 3337 5437 lectulo
3358 5387 3547 5434 aucto-

1975 5476 2146 5531 ritatis
2174 5475 2322 5546 quasi
2350 5475 2524 5531 fessus
2547 5475 2890 5547 acquieverit.

2045 5566 2269 5623 CAPUT
2297 5566 2389 5621 IX.
2417 5597 2490 5607 —
2522 5567 2603 5623 14.
2629 5566 2775 5633 Quod
2797 5566 3018 5638 quidem,
3038 5564 3225 5635 inquit,
3248 5571 3293 5618 et
3311 5561 3549 5635 Agrippi-

2044 5729 2059 5758 ι
2087 5733 2214 5789 Mss,
2237 5739 2379 5791 quant
2402 5724 2451 5776 in
2474 5727 2732 5787 qtucrcndo
2756 5724 2961 5790 amplius
2983 5723 3217 5775 laborare.
