4050 6206
445 283 541 337 155

442 412 532 447 nus
556 396 694 446 bona:
715 391 963 442 manet-ia:
991 386 1078 447 vir,
1103 401 1213 436 cum
1252 383 1440 436 trieteris
1468 381 1773 451 coepiscopis
1802 379 1904 444 suis
1923 378 2006 448 qui

442 486 527 539 illo
558 495 773 551 tempore
798 482 847 532 in
889 477 1140 545 provincia
1182 475 1351 545 Africa
1373 483 1419 526 et
1451 473 1696 526 Numidia
1734 471 2010 524 Ecclesium

445 573 644 626 Domini
678 568 1036 641 gubernabant,
1060 566 1249 629 statuit,
1275 575 1322 618 et
1354 564 1532 617 librata
1559 563 1757 616 concilii
1782 577 2009 614 commu-

442 665 517 716 nis
543 660 909 715 examinatione
937 658 1152 724 ﬁrmavit
1185 671 1440 725 :quorum
1477 654 1769 707 sententiam
1807 651 2010 720 religio-

441 769 547 805 sam
567 762 610 804 et
637 751 924 820 legitimam,
953 748 1242 810 salutarem,
1268 745 1385 813 ﬁdei
1400 754 1443 797 et
1464 743 1700 797 Ecclesia:
1720 743 1734 774 ί
1755 741 2015 795 catholica:

441 852 809 913 congruentem,
855 858 943 892 nos
969 841 1114 892 etiam
1163 837 1316 891 srcnti
1342 853 1530 890 sumus.
1549 835 1657 889 Hac
1681 834 2014 887 attestationc

441 933 568 986 satis
611 930 857 994 ostendit,
888 930 1049 984 nmlto
1077 929 1241 997 magis
1281 941 1338 982 se
1369 927 1526 980 fuisse
1569 933 2014 979 commemoratu-

443 1038 577 1083 rum,
608 1022 650 1074 si
682 1021 820 1091 quod
849 1020 915 1075 de
946 1019 1042 1073 hac
1069 1035 1126 1072 re
1167 1018 1572 1072 transmarinum
1606 1016 1685 1069 vel
1715 1014 2014 1068 universale

442 1115 719 1168 concilium
754 1113 943 1166 factum
976 1121 1136 1167 esset.
1167 1110 1409 1164 Nondum
1435 1117 1610 1162 autem
1650 1106 1843 1160 factum
1873 1114 2010 1168 erat,

445 1207 561 1272 quia
602 1203 997 1259 Consuetudinis
1039 1201 1230 1255 robore
1258 1199 1533 1254 tenebatur
1560 1197 1704 1251 orbis
1733 1206 2009 1256 terrarum,

445 1306 494 1348 et
525 1295 638 1348 haec
679 1294 789 1348 Sola
834 1293 1199 1362 opponebatur
1242 1292 1490 1345 inducere
1521 1289 1820 1344 volentibus
1859 1286 2010 1340 novi-

445 1398 639 1448 tatem,
690 1386 809 1454 quia
855 1402 956 1438 non
1000 1393 1239 1453 poterant
1277 1380 1677 1451 apprehendere
1714 1378 2008 1458 veritatem.

447 1477 629 1530 Postea
680 1487 853 1528 tamen
905 1474 1029 1527 dum
1078 1474 1213 1526 inter
1258 1472 1448 1525 inultos
1487 1486 1551 1524 ex
1599 1479 1822 1538 utraque
1863 1475 2012 1536 parte

444 1575 696 1617 tractatur
719 1573 771 1616 et
791 1563 1062 1631 quarritur,
1083 1560 1368 1614 nonsolum
1388 1561 1594 1613 inventa
1616 1566 1716 1620 est,
1739 1556 1832 1611 sed
1850 1557 2008 1610 etiam

442 1655 505 1708 ad
536 1655 749 1723 plenarii
789 1653 995 1706 concilii
1026 1651 1393 1706 auctoritatem
1440 1651 1706 1718 roburque
1731 1647 2005 1718 perducta,

443 1754 560 1812 post
587 1743 830 1814 Cypriani
857 1741 1066 1810 quidem
1111 1739 1431 1809 passionem,
1469 1738 1562 1792 sed
1593 1746 1870 1806 antequam
1913 1750 2009 1789 nos

445 1837 549 1888 nati
599 1834 951 1904 (:sscutus(a).
985 1833 1129 1886 lianc
1167 1841 1341 1884 autem
1377 1831 1535 1884 fuisse
1577 1828 2006 1884 consuetudinem

447 1925 730 1984 Ecclesiae,
782 1941 898 1992 qua:
940 1932 1118 1991 postea
1171 1921 1350 1975 multis
1395 1919 1646 1973 discussis
1701 1918 2008 1987 ambagibus

445 2024 716 2082 perspecta
731 2013 950 2067 veritate
969 2010 1202 2080 pleuario
1217 2009 1440 2065 concilio
1454 2007 1763 2062 conﬁrmata
1775 2007 2008 2071 cst,satis

440 2103 799 2156 ostendituret
823 2102 984 2170 ipsius
1007 2101 1142 2154 beati
1167 2097 1414 2169 Cypriani
1443 2098 1620 2152 verbis
1647 2097 1698 2150 in
1728 2097 1912 2151 eadem
1941 2095 2005 2148 ad

441 2193 750 2246 Jubaianum
769 2190 1013 2260 epistola,
1032 2205 1148 2259 qua:
1178 2189 1228 2242 in
1257 2189 1480 2242 concilio
1509 2188 1638 2240 lecta
1664 2193 2003 2239 memoratur.

441 2283 529 2335 Ait
551 2283 689 2336 enim
714 2297 726 2333 :
753 2299 770 2330 ι
798 2280 900 2334 Sed
931 2278 1058 2333 dicit
1081 2278 1289 2348 aliquis,
1309 2276 1444 2346 Quid
1473 2292 1600 2346 ergo
1617 2276 1706 2331 [iet
1731 2275 1797 2330 de
1828 2275 1892 2329 iis
1915 2277 2002 2344 qui

443 2375 491 2425 in
552 2371 874 2440 praui-ritum
917 2369 983 2422 de
1031 2368 1220 2422 Incresi
1251 2367 1316 2420 ad
1369 2366 1662 2421 Ecclesiam
1709 2365 2002 2430 venientes,

438 2464 550 2515 sine
579 2463 845 2527 Baptismo
869 2460 1082 2514 admissi
1105 2458 1260 2512 sunt?
1289 2476 1306 2509 ›
1334 2457 1433 2512 Ubi
1462 2465 1606 2511 certe
1626 2455 1750 2526 quid
1777 2455 1888 2509 ﬁeri
1919 2469 2007 2509 so-

440 2557 589 2617 leret,
630 2553 727 2607 etsi
761 2567 863 2606 non
905 2552 1012 2605 lieri
1035 2551 1209 2616 vellet,
1242 2549 1369 2603 satis
1415 2548 1668 2613 ostendit;
1699 2557 1754 2602 et
1793 2563 1861 2603 eo
1890 2548 2006 2617 ipso

437 2645 573 2712 quod
605 2644 882 2698 concilium
922 2641 1190 2711 Agrippini
1221 2649 1619 2702 commemorat,
1653 2648 1833 2708 aperte
1862 2637 2005 2693 indi-

436 2744 520 2787 cat
548 2733 707 2787 fuisse
729 2733 882 2785 aliam
900 2729 1332 2785 Consuetudinem
1361 2729 1631 2782 Ecclesiae.
1658 2729 1837 2798 Neque
1861 2727 2001 2782 enim

435 2841 568 2894 opus
597 2833 708 2878 erat
739 2824 837 2877 hoc
865 2823 1086 2878 concilio
1128 2821 1263 2875 velle
1289 2829 1539 2885 statuere,
1569 2820 1610 2872 si
1632 2820 1741 2888 jam
1773 2833 2002 2874 consuc-

437 2915 617 2970 tudine
645 2916 917 2968 tenebatur
947 2932 960 2967 :
993 2923 1046 2967 et
1085 2913 1135 2967 in
1161 2912 1274 2980 ipso
1301 2911 1529 2966 concilio
1572 2910 1840 2966 nonnulla:
1879 2926 2002 2964 sen-

435 3007 614 3060 tentiae
643 3006 859 3058 omnino
903 3004 1195 3066 declarant,
1218 3017 1313 3057 eos
1337 3013 1522 3057 contra
1569 3001 1822 3058 Ecclesia:
1864 3017 2000 3056 con-

435 3095 766 3148 suetudinem
795 3090 1255 3160 decrevissc,quod
1291 3090 1817 3145 deccrncudumesse
1859 3091 2002 3146 arbi-

439 3185 556 3238 trati
603 3182 1103 3250 sunt.Quapropter
1158 3179 1285 3234 illud
1327 3196 1487 3234 unmn
1533 3181 1616 3234 isti
1664 3181 2002 3237 considerent

435 3273 571 3342 quod
595 3272 838 3326 onmibus
867 3281 1008 3341 patet
1040 3288 1052 3322 :
1081 3271 1122 3324 si
1146 3271 1430 3324 auctoritas
1461 3271 1710 3342 Cypriani
1733 3271 2002 3340 sequenda

435 3377 533 3429 est,
565 3366 730 3435 magis
758 3381 873 3419 eam
905 3363 1223 3433 sequendam
1250 3378 1368 3417 esse
1396 3363 1445 3416 in
1477 3362 1677 3418 unitate
1717 3366 1998 3429 servanda,

436 3473 591 3522 quam
617 3457 666 3509 in
688 3456 932 3508 Ecclesia:
949 3455 1326 3509 consuetudine
1343 3454 1709 3508 commutanda
1729 3471 1742 3520 ;
1761 3456 1804 3508 si
1826 3465 1999 3510 autem

433 3547 713 3598 t'mciliutn
741 3546 856 3615 ejus
886 3545 1191 3610 attenditur,
1237 3545 1356 3599 huic
1383 3559 1502 3599 esse
1531 3545 1789 3599 universa:
1816 3546 1999 3600 Eccle-

433 3641 524 3694 εἰν
553 3639 811 3709 posterius
825 3637 1105 3693 concilimn
1128 3636 1723 3706 praeponendum,cujns
1747 3652 1805 3690 se
1831 3652 2000 3691 mem-

437 3745 584 3782 nrum
613 3743 730 3782 esse
758 3728 1050 3797 gaudebat;
1083 3735 1133 3778 et
1160 3736 1209 3778 ut
1234 3741 1291 3780 se
1323 3726 1373 3779 in
1401 3726 1560 3780 totius
1588 3727 1824 3795 corporis
1850 3743 2000 3781 com-

437 3841 448 3891 ι
471 3838 563 3892 age
588 3819 1046 3875 retincmlac.utcri
1078 3819 1422 3880 imitarentur,
1439 3818 1630 3888 smpius
1658 3818 1996 3873 admonebat.

434 3916 560 3967 Nam
593 3924 642 3966 et
671 3913 892 3967 concilia
925 3911 1214 3981 posteriora
1262 3911 1524 3978 prioribus
1567 3909 1702 3978 apud
1757 3920 1998 3980 posteros

436 4007 865 4075 pra'pnnlmltlt",
898 4015 950 4059 et
994 4005 1291 4058 uuiversmn
1345 4001 1576 4069 partibus
1630 4016 1841 4070 semper
1880 4002 1999 4070 jure

433 4099 631 4163 op'imo
662 4095 1002 4165 praeponitur.

495 4250 507 4278 ι
541 4246 724 4308 Aliquot
765 4251 894 4298 διεδ..
927 4241 1041 4305 [itlei
1065 4239 1174 4303 quit
1222 4239 1456 4290 ticrlesitt’.
1496 4242 1704 4301 Quidam,
1747 4241 1863 4306 ﬁdei
1909 4252 1994 4293 Ec-

433 4308 591 4357 ίῘιΗίίυ

496 4372 513 4399 ί
543 4377 560 4412 ι
575 4367 744 4415 atzcani
767 4373 888 4421 \tss.,
913 4365 1254 4425 promouenda.

495 4430 567 4488 (ιι)
601 4427 863 4474 t‘leaarium
889 4424 1012 4473 iStud
1042 4424 1308 4488 eoneihum,
1345 4425 1480 4487 cujus
1517 4425 1797 4488 auctoritate
1830 4427 1998 4476 nititur

432 4485 602 4552 passim
627 4489 797 4552 hocin
807 4499 976 4552 opere,
1002 4485 1382 4552 aut_A_relatense
1404 4485 1498 4540 est,
1525 4494 1606 4534 aut
1627 4486 1862 4552 t\l_C‘.Bllum
1878 4501 1892 4547 ;
1911 4489 2000 4538 hoc

431 4547 457 4599 ὲ
488 4552 615 4598 ilicet
638 4549 745 4607 3:25,
771 4548 882 4596 illud
907 4556 1068 4596 autem
1091 4547 1182 4596 5H
1207 4547 1373 4596 Christi
1398 4561 1539 4610 anno,
1577 4555 1628 4595 et
1650 4547 1720 4594 sic
1741 4555 1998 4610 antequam

433 4612 720 4669 Angltstiaus
760 4617 1066 4668 nasceretur,
1112 4615 1372 4669 utrumque
1416 4607 1732 4669 celebratum.
1781 4607 1998 4669 Ejuédem

432 4668 616 4720 concilii
635 4671 861 4732 judicium
886 4669 1186 4732 commendat
1227 4671 1271 4732 in
1302 4668 1423 4717 libro
1457 4668 1863 4732 SCCUHdOUCODUTa
1897 4677 1998 4721 Par-

433 4730 724 4788 mouianum,
747 4745 849 4791 cap.
878 4732 952 4785 15,
979 4744 1025 4778 ιι.
1049 4731 1134 4784 5ος
1161 4731 1206 4778 ia
1243 4730 1363 4778 libro
1397 4731 1459 4779 de
1498 4730 1787 4781 Itmresihus.
1824 4730 1996 4781 haeresi

429 4795 518 4852 tit);
547 4801 595 4842 et
617 4795 663 4841 in
689 4792 888 4853 epistola
912 4793 988 4847 45,
1013 4793 1071 4841 ad
1093 4792 1298 4840 Clarium
1323 4800 1373 4841 et
1391 4792 1647 4847 Eleusium,
1667 4792 1830 4851 mp.7.
1851 4805 1898 4839 ιι.
1921 4794 1994 4841 19.

432 4864 518 4903 t'ro
554 4855 631 4902 illa
653 4855 875 4914 ogiuione.
897 4867 1007 4916 qme
1032 4853 1307 4916 arelatensc
1329 4853 1578 4916 concilium
1600 4864 1793 4916 semper
1818 4853 1996 4902 intelli-

431 4917 642 4978 gendum
668 4923 815 4976 Iutat,
839 4914 993 4976 placet
1019 4916 1144 4963 locos
1165 4914 1382 4978 indicare
1394 4915 1638 4978 quosdam,
1663 4914 1711 4960 in
1736 4915 1832 4978 ipsa
1855 4926 1995 4978 quam

431 4973 636 5028 Joannes
663 4973 896 5024 tannoius
916 4989 1061 5036 super
1087 4987 1145 5023 ea
1180 4988 1234 5022 re
1260 4973 1682 5036 luettle'ntissimam
1708 4973 1994 5024 edidit.’dis-

430 5042 694 5089 Sertatione
731 5035 1094 5097 lrmtormiSsos,
1139 5037 1313 5097 quibus
1351 5043 1510 5084 tamen
1557 5035 1671 5084 locis
1711 5036 1997 5097 Augustinus

433 5104 607 5162 cpisezq
627 5098 687 5146 ali
713 5096 896 5162 cuidam
916 5099 1108 5162 judicio,
1131 5096 1226 5160 quo
1249 5098 1794 5162 lionatistazrtraetatret
1827 5096 1996 5158 dijuli-

429 5159 532 5209 ruta
559 5159 723 5209 ein-um
749 5159 831 5207 lite
855 5159 1063 5220 superati
1088 5159 1217 5215 sunt,
1242 5159 1389 5206 totius
1410 5159 1539 5206 orbis
1563 5159 1892 5220 auctoritatem
1924 5167 1995 5220 at-

432 5225 612 5272 triuuit.
641 5227 686 5268 In
713 5220 832 5268 libro
853 5218 1014 5270 contra
1048 5221 1402 5268 Partucuianum
1427 5220 1587 5275 tertio,
1625 5231 1729 5279 cap.
1755 5218 1802 5277 4,
1844 5232 1891 5266 n.
1917 5219 1993 5278 ﬁt,

444 5301 454 5327 ι
481 5285 728 5339 tutost-tam,
755 5298 775 5323 ιι
802 5283 883 5339 ait,
916 5300 937 5326 ι
956 5297 967 5342 ι
985 5294 1046 5328 an
1074 5295 1128 5329 es
1152 5283 1196 5328 in
1216 5282 1360 5327 africa
1383 5279 1747 5342 damnaverunt,
1772 5293 1798 5327 a
1817 5282 1995 5342 quibus

445 5361 454 5386 ι
484 5349 628 5394 totius
658 5343 788 5391 orbis
814 5340 990 5405 judicio
1012 5343 1219 5405 superati
1245 5350 1355 5405 sunt
1376 5355 1432 5405 τι
1478 5341 1702 5401 additque
1734 5340 1996 5405 ιζιιιιυιξευδ

449 5405 653 5456 italitnts
685 5401 924 5465 judicious
949 5401 1282 5465 eeehisiastieis
1305 5401 1529 5456 credere,
1555 5415 1695 5462 quam
1722 5403 1860 5465 victis
1901 5401 1993 5465 liti-

445 5481 455 5510 ι
484 5463 728 5524 peioribus
747 5483 769 5510 ι
800 5467 1042 5513 ualuisse.
1066 5465 1080 5511 l
1106 5480 1117 5510 |
1145 5464 1312 5510 eodem
1336 5465 1472 5517 li;‘t‘0.
1497 5476 1598 5524 cap.
1626 5466 1672 5521 ti,
1700 5478 1745 5510 ιι.
1766 5463 1842 5520 50,
1882 5464 1996 5512 dicit

436 5533 493 5572 to
517 5539 706 5580 uittstas.
735 5529 860 5589 quod
890 5544 910 5570 α
935 5529 994 5572 ab
1017 5527 1198 5572 unitate
1222 5526 1386 5573 Christi
1412 5524 1612 5571 schisua
1641 5525 1713 5589 fec
1737 5526 1857 5582 -ri.tt,
1901 5539 1991 5572 non

435 5610 452 5630 α
480 5588 803 5636 trecentorum
839 5597 890 5638 et,
927 5588 1097 5634 decem
1122 5603 1142 5626 ιι
1191 5595 1215 5630 Λ
1238 5589 1502 5634 rit-auorum
1545 5595 1595 5634 et
1633 5588 1992 5645 episcoporum.

444 5661 460 5684 θ
484 5651 567 5695 Sed
595 5653 736 5698 totius
769 5653 896 5698 υι-ιιι)
925 5651 1201 5695 ζυιίιειγὶιλιιυ
1229 5649 1456 5694 camini.
1487 5667 1504 5690 ιι
1541 5655 1700 5695 ἲι·;ι”ἰ.¹;
1720 5664 1772 5693 ut
1801 5651 1844 5696 l.t
1873 5648 1900 5695 it
1929 5667 1991 5695 .iu

1165 272 1248 325 DE
1289 267 1620 324 BM‘TISMU
1657 264 1928 321 CONTRA
1973 262 2412 326 DUNA'l'lSTAS,
2455 263 2509 316 S.
2554 263 2916 320 ACCUSTINI

3582 269 3686 324 136

2186 375 2409 431 CAPUT
2437 377 2665 430 X.——l;‘i.
2685 377 2819 444 Quid
2835 390 3012 433 autem
3030 390 3189 449 agunt
3207 381 3314 447 isti,
3329 395 3446 434 cum
3471 380 3692 438 docetur

2117 480 2330 521 sanctus
2351 470 2642 539 Cyprianus
2662 513 2674 532 ,
2709 472 2911 525 etiamsi
2939 488 3042 527 non
3073 473 3285 526 admisit
3314 476 3363 528 in
3389 475 3576 530 lueresi
3607 493 3687 531 vel

2118 556 2399 611 schismate
2425 560 2734 626 baptizatos,
2763 573 2935 614 tamen
2965 565 3386 619 communicasse
3413 566 3685 620 admitten-

2121 646 2276 711 tibus,
2309 648 2447 716 quod
2468 651 2800 716 apertissime
2829 641 3134 717 declaravit,
3165 653 3345 708 dicens
3380 673 3393 708 :
3424 656 3684 712 Neminem

2111 736 2396 804 judicantes
2416 781 2429 799 ,
2464 748 2549 790 aut
2573 756 2604 791 a
2619 741 2741 808 jure
2781 742 3140 796 communionis
3181 744 3428 812 aliquem,
3459 748 3502 801 si
3528 750 3687 802 diver-

2117 843 2224 880 sum
2249 829 2481 892 senserit,
2507 839 2786 882 amovcntes
2807 828 2900 902 (In
2930 833 3142 886 concilio
3177 831 3563 905 Carthaginensi
3589 855 3689 891 me-

2117 927 2310 970 morato
2335 935 2508 987 supra,
2536 936 2650 988 cap.
2678 920 2733 990 ‘2)
2755 920 2777 973 ?
2803 922 2855 975 Si
2890 922 3068 976 talium
3108 928 3483 981 communione
3511 945 3687 984 macu-

2119 1008 2252 1062 latus
2276 1019 2376 1074 est,
2404 1025 2498 1062 cur
2519 1010 2568 1063 in
2601 1011 2872 1065 tracrando
2894 1012 3161 1082 Baptismo
3181 1015 3297 1084 ejus
3320 1020 3685 1074 auctoritatem

2118 1100 2428 1152 sectantur?
2453 1100 2509 1154 Si
2536 1113 2712 1155 autem
2757 1103 2936 1156 talium
2979 1107 3352 1163 communione
3395 1113 3684 1168 maculatus

2120 1206 2221 1240 non
2249 1200 2348 1252 est,
2376 1206 2472 1244 cur
2500 1194 2550 1244 in
2588 1194 2786 1248 unitate
2813 1195 3086 1249 retinenda
3113 1199 3414 1268 exemplum
3437 1201 3553 1270 ejus
3582 1219 3680 1258 non

2119 1281 2420 1335 imitantur?
2456 1282 2720 1353 Numquid
2763 1284 2847 1339 hic
2895 1295 3095 1351 restat,
3127 1289 3226 1343 nisi
3270 1300 3328 1345 ut
3370 1292 3570 1360 dicant,
3601 1295 3690 1350 Sit.

2119 1373 2398 1428 volumus?
2418 1373 2554 1440 Quid
2575 1375 2713 1428 aliud
2741 1378 2971 1430 sermoni
3002 1379 3236 1433 veritatis
3255 1379 3578 1454 justitiaequc
3601 1401 3688 1440 re-

2117 1463 2377 1530 spondent
2418 1481 2604 1520 onmes
2670 1467 2914 1537 ﬂagitiosi
2974 1480 3027 1524 et
3089 1471 3367 1528 facinerosi
3424 1475 3684 1544 homines,

2118 1554 2404 1621 luxuriosi,
2431 1556 2648 1623 ebriosi,
2681 1558 2902 1613 adulleri
2925 1603 2938 1626 ,
2963 1571 3014 1614 ct
3043 1562 3212 1616 modis
3245 1566 3486 1620 omnibus
3515 1567 3688 1637 impu-

2115 1645 2215 1698 dici
2235 1686 2250 1711 ,
2282 1646 2422 1700 iures
2443 1687 2458 1711 ,
2487 1661 2726 1715 raptores
2745 1690 2757 1710 ,
2793 1649 3068 1704 homicidm
3087 1693 3102 1718 ,
3130 1652 3385 1720 latrones,
3418 1657 3643 1711 malefici
3669 1701 3684 1723 ,

2116 1734 2424 1803 idololatrae,
2456 1738 2579 1806 quid
2601 1739 2742 1794 aliud
2769 1741 3088 1810 respondent
3112 1755 3229 1797 cum
3254 1761 3343 1799 eos
3371 1747 3561 1801 veritas
3593 1764 3685 1802 ar-

2113 1825 2243 1893 guit,
2269 1826 2389 1891 nisi,
2422 1828 2532 1882 Hoc
2562 1829 2699 1897 volo,
2727 1830 2829 1884 hoc
2850 1848 2934 1886 me
2949 1833 3213 1888 delectat?
3240 1836 3305 1890 Et
3331 1838 3374 1890 si
3395 1839 3686 1894 christiano

2115 1916 2260 1969 tincti
2287 1925 2409 1970 sunt
2437 1919 2650 1974 nomine
2673 1961 2687 1984 ,
2717 1920 2898 1974 dicunt
2925 1923 3080 1976 etiam
3101 1963 3116 1988 ,
3148 1923 3224 1977 Tu
3251 1927 3361 1994 quis
3381 1944 3432 1981 es
3451 1970 3464 1991 ,
3487 1931 3571 1996 qui
3588 1931 3684 2000 ju-

2113 2005 2245 2058 dices
2268 2007 2490 2060 alienum
2515 2025 2709 2063 servum
2741 2009 2912 2083 (Rom.
2946 2029 3032 2066 xw
3051 2054 3067 2079 ,
3095 2011 3150 2086 4)
3170 2015 3193 2067 ?
3217 2015 3589 2074 Verumtamen
3618 2040 3684 2077 eo

2112 2106 2234 2147 sunt
2263 2094 2349 2148 isti
2378 2096 2745 2163 modestiores,
2779 2102 2898 2170 quia
2925 2118 3045 2156 cum
3068 2104 3270 2173 legibus
3294 2106 3487 2163 divinis
3507 2119 3563 2164 et
3588 2112 3684 2166 hn~

2112 2187 2282 2239 manis
2325 2187 2520 2257 aliquid
2573 2205 2843 2258 pmnarum
2892 2209 2984 2262 pro
3030 2195 3140 2258 suis
3184 2197 3403 2264 perditis
3447 2202 3682 2257 [nuribus

2113 2277 2366 2346 factisque
2394 2281 2662 2348 patiuntur
2681 2324 2695 2347 ,
2722 2299 2825 2338 non
2853 2300 2910 2338 se
2941 2297 3195 2358 martyres
3219 2289 3403 2346 dicunt
3433 2310 3445 2344 :
3479 2293 3560 2348 isti
3583 2313 3680 2348 au-

2115 2375 2219 2420 tem
2261 2368 2415 2422 simul
2463 2369 2660 2426 habere
2702 2373 2887 2427 volunt
2927 2385 2980 2429 ct
3024 2379 3398 2450 sacrilegorum
3441 2384 3598 2438 vitam
3629 2398 3683 2441 et

2113 2457 2474 2513 innocentium
2519 2459 2736 2527 famam,
2785 2475 2838 2518 et
2890 2467 2940 2519 in
2965 2466 3235 2523 sceleratis
3288 2470 3440 2526 factis
3485 2476 3680 2530 mullum

2112 2564 2321 2618 ptenam
2347 2559 2400 2604 et
2421 2553 2472 2606 in
2502 2555 2672 2622 prunis
2710 2558 2865 2626 jnstis
2903 2568 3192 2630 martyrum
3237 2563 3462 2632 gloriam
3489 2584 3503 2620 :
3532 2571 3680 2635 quasi

2111 2657 2218 2696 non
2245 2652 2390 2698 tanto
2413 2645 2484 2700 sit
2506 2662 2626 2716 erga
2655 2649 2774 2703 illos
2803 2651 2970 2720 major
2998 2654 3360 2710 misericordia
3401 2667 3455 2713 et
3478 2661 3682 2728 patien-

2113 2731 2182 2786 tia
2211 2733 2343 2802 Dei,
2367 2747 2564 2805 quanto
2591 2740 2757 2809 magis
2785 2756 2877 2795 eos
2909 2744 3141 2811 partibus
3163 2747 3454 2816 corripiens
3482 2751 3570 2804 dat
3595 2752 3678 2806 lo-

2110 2837 2231 2878 cum
2259 2826 2588 2896 pmnilentizc
2616 2830 2771 2899 (Sap.
2802 2847 2870 2885 xu
2893 2873 2908 2895 ,
2937 2832 3046 2905 10),
3074 2847 3125 2888 et
3149 2836 3198 2889 in
3223 2835 3320 2892 hac
3343 2839 3448 2892 vita
3476 2839 3678 2909 ﬂagella

2111 2914 2441 2985 ingeminare
2472 2935 2576 2973 non
2603 2932 2803 2984 cessat;
2830 2932 2886 2976 ut
2906 2925 3303 2983 considerantes
3331 2947 3447 2998 qu;e
3479 2933 3680 2999 patimi-

2112 3016 2196 3060 tur
2234 3017 2287 3062 et
2313 3025 2476 3078 quare
2506 3012 2789 3081 patiantur,
2812 3014 3096 3085 aliquando
3133 3020 3446 3089 resipiscam
3470 3041 3483 3077 :
3503 3034 3560 3084 et
3590 3027 3678 3094 qui

2105 3096 2212 3167 jam
2238 3115 2335 3168 pro
2366 3101 2566 3156 unitate
2608 3103 2791 3157 Donati
2827 3105 3329 3164 Maximianidarum
3358 3111 3679 3182 Baptismum

2109 3202 2442 3258 receperunt,
2465 3211 2557 3258 pro
2576 3211 2699 3263 pace
2713 3195 2906 3250 Christi
2922 3199 3066 3254 orbis
3084 3209 3339 3256 terrarqu
3357 3203 3678 3274 Baptismum

2109 3283 2282 3350 potius
2303 3286 2708 3353 amplectantur,
2738 3289 3026 3345 reddantur
3056 3293 3215 3349 radici
3239 3337 3252 3360 ,
3281 3298 3682 3352 reconcilientur

2109 3374 2331 3440 unitati,
2363 3377 2578 3432 videant
2617 3379 2744 3433 nihil
2788 3382 2888 3435 sibi
2933 3387 3251 3440 remansisse
3291 3389 3428 3458 quod
3470 3390 3679 3455 dicant,

2109 3465 2200 3517 sed
2226 3475 2399 3519 tamen
2443 3470 2765 3524 remansisse
2785 3473 2922 3537 quod
2955 3473 3178 3535 faciant,
3213 3486 3267 3529 ut
3299 3494 3392 3543 pro
3413 3478 3566 3533 factis
3591 3497 3682 3534 eo-

2109 3567 2224 3605 rum
2255 3556 2532 3620 prarteritis
2561 3558 2873 3611 sacrificium
2901 3559 3199 3616 dilectionis
3220 3564 3473 3620 offeratur
3501 3571 3682 3636 placa-

2109 3642 2199 3696 bili
2224 3644 2351 3708 Deo,
2381 3644 2530 3712 cujus
2558 3646 2812 3701 unitatem
2846 3648 3048 3704 nefario
3073 3651 3276 3706 scelere
3301 3654 3643 3724 disrupcrnnt
3666 3703 3679 3719 .

2107 3736 2258 3802 cujus
2286 3735 2639 3791 Sacramentis
2668 3749 2770 3793 tam
2797 3740 3070 3795 diuturnas
3097 3743 3312 3812 injurias
3359 3747 3679 3815 irrogarunt.

2108 3825 2406 3881 Misericors
2427 3837 2508 3881 est
2536 3829 2678 3882 enim
2715 3839 2767 3884 et
2810 3832 3086 3886 miscrator
3117 3834 3368 3889 Dominus
3393 3879 3407 3902 ,
3438 3838 3677 3908 longani-

2109 3917 2209 3970 mis
2237 3928 2289 3970 et
2316 3918 2535 3970 multmn
2568 3920 2866 3974 misericors
2891 3931 2939 3975 et
2970 3937 3130 3978 verax
3159 3923 3422 3996 (Psal.cu,
3447 3929 3524 3997 8).
3555 3933 3680 3984 Am-

2108 4009 2403 4077 plectantur
2433 4011 2482 4061 in
2512 4011 2756 4077 prsesenti
2793 4013 2891 4064 vita
2918 4014 3311 4069 misericordem
3354 4028 3406 4071 et
3437 4020 3675 4089 longani-

2107 4115 2282 4165 mem,
2315 4108 2370 4153 et
2397 4100 2616 4155 timeant
2645 4101 2696 4155 in
2741 4103 2909 4156 futura
2954 4121 3215 4160 veracem.
3247 4108 3356 4162 Non
3402 4111 3510 4162 vult
3537 4113 3677 4164 enim

2107 4200 2330 4244 mortem
2362 4191 2525 4260 impii,
2550 4202 2803 4261 quantum
2836 4201 2893 4247 ut.
2913 4204 3207 4250 revertatur
3227 4209 3276 4251 et
3304 4200 3439 4253 vivat
3467 4200 3674 4270 (lfzeclt.

2105 4295 2294 4346 usui,
2319 4279 2406 4352 ll)
2439 4299 2451 4332 :
2480 4281 2598 4350 quia
2623 4284 2939 4336 sententiam
2977 4284 3413 4342 ﬂectitadversus
3451 4289 3672 4357 injurias

2107 4369 2384 4438 irrogatas.
2416 4370 2539 4423 [huc
2563 4379 2642 4423 est
2665 4380 2839 4423 nostra
2865 4372 3182 4427 exhortatio.

2177 4459 2399 4514 CAPUT
2425 4458 2510 4512 XI.
2534 4489 2602 4497 —
2624 4459 2707 4512 l6.
2731 4460 2953 4529 Propter
2984 4463 3082 4516 hoc
3102 4479 3196 4517 eos
3226 4465 3480 4520 habemus
3503 4468 3677 4520 inimi-

2106 4565 2214 4611 cos,
2240 4550 2357 4619 quia
2391 4567 2508 4603 vera
2557 4550 2817 4616 dicimus,
2847 4553 2964 4619 quia
2997 4562 3171 4609 tacere
3212 4558 3489 4611 metuimus
3511 4601 3523 4619 ,
3555 4560 3677 4627 quia

2105 4655 2315 4694 cessare
2358 4641 2423 4692 ab
2463 4640 2706 4694 instantia
2739 4654 2929 4711 quanta
2974 4659 3255 4711 possumus
3295 4638 3636 4703 formidamus
3662 4693 3676 4713 ,

2105 4731 2223 4797 quia
2262 4729 2691 4798 obtemperamus
2731 4732 2981 4800 Apostolo
3024 4732 3256 4800 dit-cuti,
3311 4737 3542 4791 Prwdica
3567 4755 3677 4792 vcr-

2107 4825 2221 4875 bum
2242 4863 2256 4886 ,
2290 4822 2421 4874 insta
2445 4832 2723 4890 opportune
2747 4864 2760 4884 ,
2789 4823 3109 4891 importune;
3131 4843 3286 4896 argue
3310 4871 3324 4893 ,
3358 4830 3576 4894 hortare,
3602 4833 3681 4885 iu-

2105 4930 2252 4980 crcpa
2283 4912 2346 4983 (ll
2383 4913 2508 4966 Tim.
2541 4929 2612 4975 tv,
2639 4913 2717 4983 9.).
2746 4914 2870 4976 Sed,
2894 4914 3029 4969 sicut
3055 4917 3395 4988 Evangelium
3422 4921 3674 4990 loquitur,

2105 5004 2327 5071 diligunt
2354 5004 2573 5071 gloriam
2598 5003 2868 5057 hominum
2891 5007 3054 5075 magis
3081 5023 3236 5075 quam
3264 5010 3353 5073 Dei
3379 5010 3555 5078 (Joan.
3585 5030 3679 5076 sn,

2103 5096 2215 5163 45),
2241 5107 2292 5148 et
2321 5094 2444 5146 dum
2473 5094 2781 5160 reprehendi
2807 5097 2820 5125 ¹
2845 5095 2907 5148 ad
2951 5106 3156 5164 tempus
3189 5099 3372 5154 tinent
3397 5142 3408 5164 ,
3439 5103 3678 5156 damnari

2103 5253 2254 5314 primo
2288 5258 2448 5314 contra
2473 5247 2714 5314 curulem.
2752 5263 2855 5309 cap.
2881 5250 2928 5314 6,
2967 5251 3136 5312 refert,
3174 5254 3318 5313 ipsos,
3358 5254 3479 5302 facto
3517 5254 3681 5304 Arela-

2105 5311 2439 5372 tensijudicio,
2466 5311 2657 5357 venisse
2677 5322 2843 5358 rursus
2865 5312 2922 5358 ad
2955 5311 3328 5369 Constantinum,
3357 5323 3405 5363 et
3444 5317 3506 5362 ibi
3535 5317 3683 5364 luisse

2110 5393 2130 5418 α
2156 5375 2324 5437 ultimo
2366 5373 2582 5437 judiciog
2631 5383 2910 5437 Stlpel‘tll_(:s;
2947 5374 2990 5420 id
3037 5382 3130 5431 est,
3161 5376 3424 5428 Mediolani.
3465 5391 3527 5426 es;
3576 5380 3681 5437 eji-

2103 5435 2220 5483 stola
2258 5435 2341 5488 ~65,
2368 5431 2430 5496 ad
2464 5431 2668 5496 altarium
2696 5439 2745 5479 et
2785 5433 3042 5496 Eleusium,
3086 5448 3190 5496 cap.
3227 5439 3275 5495 7,
3322 5451 3368 5485 n.
3416 5437 3506 5492 20;
3555 5431 3684 5484 anno

2101 5498 2265 5560 tht‘is‘j
2297 5495 2402 5546 516,
2432 5495 2496 5542 uti
2534 5505 2593 5539 ex
2634 5489 2753 5541 libro
2793 5505 2892 5556 lost
2931 5489 3272 5557 (adhibition);
3294 5513 3394 5560 cap.
3422 5489 3503 5558 55,
3543 5498 3683 5546 ί.ιίυὲ-

2105 5558 2280 5606 lititnr.

2171 5650 2181 5676 ί
2213 5654 2257 5692 ι.ι
2287 5654 2404 5702 "Iss2,
2430 5651 2471 5692 et
2500 5644 2812 5707 reprehendi;
2839 5646 3032 5703 emisso,
3053 5646 3184 5692 dum.
