4050 6206
317 286 415 343 ιη
1638 283 1837 339 LIBER
1878 284 2244 342 SECUNDUS.
3485 290 3581 352 138

310 395 771 465 insempiternttm
824 407 926 446 nor.
968 386 1174 446 timent.
1213 392 1403 445 Vident
1450 393 1607 447 clia'm
1637 394 1734 462 ipsi
1764 394 1887 463 quid

310 490 433 545 maii
474 489 667 541 faciant
692 526 707 549 ,
736 485 916 538 videat
945 499 1047 536 non
1090 497 1209 537 esse
1244 484 1367 552 qttid
1413 484 1629 537 omnino
1668 492 1891 552 respon-

305 583 469 635 deant
495 598 507 632 :
534 578 629 632 sed
661 576 882 631 nebulas
913 574 1168 644 imperitis
1191 574 1488 640 oll‘undunt,
1519 586 1637 628 cum
1671 574 1765 643 ipsi
1791 576 1892 628 vivi

306 674 646 734 sorbeantur,
678 668 730 722 id
759 666 861 731 est,
890 667 1121 721 scientes
1152 676 1204 719 et
1230 674 1577 735 agnoscentes
1607 668 1887 721 intereant.

307 765 567 819 Viderunt
586 762 806 815 horrere
828 759 1093 820 hmnines,
1118 767 1170 811 et
1194 758 1427 827 graviter
1446 759 1719 823 detestari,
1751 760 1890 827 quod

304 858 466 911 etiam
491 869 551 907 se
579 853 677 921 ipsi
697 852 749 904 in
766 851 930 904 multa
948 850 1237 902 schismata
1256 848 1569 914 diviserunt,
1585 857 1640 902 et
1658 850 1886 902 maxime

305 948 358 999 in
392 944 586 999 Alt-ieze
616 942 787 1011 capite
808 949 859 993 et
888 940 1165 993 notissima
1195 938 1406 993 civitate
1427 938 1741 1007 (lartlmgine
1774 938 1849 1009 (ιι)
1875 955 1888 991 :

301 1036 480 1090 conati
507 1044 629 1087 sunt
651 1034 908 1087 resarcire
930 1030 1162 1085 dedecus
1196 1045 1489 1099 pannorum
1521 1044 1760 1083 suorum.
1787 1030 1889 1083 1³η-

307 1136 479 1179 tantes
518 1124 657 1193 quod
703 1131 921 1192 possent
960 1121 1377 1174 Maximianistas
1408 1118 1652 1185 auferre,
1696 1131 1887 1189 magno

303 1226 499 1270 conatu
525 1231 618 1283 per
641 1214 886 1282 Optatum
916 1211 1288 1266 Gildouianum
1320 1208 1525 1264 fortiter
1550 1208 1883 1273 institerdnt,

303 1310 468 1362 multa
502 1306 606 1360 illis
651 1303 784 1358 mala
820 1312 875 1358 et
904 1302 1296 1371 persecutiones
1332 1302 1652 1356 smvissimas
1692 1301 1885 1356 intule-

304 1410 444 1453 rttnt.
498 1399 832 1465 Receperunt
878 1393 1001 1448 inde
1024 1394 1266 1463 aliquos,
1298 1393 1545 1462 putantes
1576 1394 1717 1463 quod
1760 1398 1884 1461 pes-

300 1500 425 1545 sent
453 1501 642 1541 omnes
666 1486 853 1539 eodem
894 1494 1097 1538 terrore
1122 1484 1357 1537 converti
1383 1501 1395 1535 :
1430 1484 1512 1537 his
1548 1493 1724 1538 autem
1750 1497 1884 1552 quos

302 1588 650 1647 receperunt,
682 1576 965 1628 noluerunt
1007 1573 1181 1627 facere
1225 1574 1467 1638 iniuriam
1494 1615 1508 1637 ,
1542 1582 1600 1627 ut
1631 1574 1699 1628 ab
1728 1574 1881 1628 eisin

300 1671 589 1724 schismate
622 1668 911 1735 baptizatos
939 1666 1117 1720 denuo
1139 1665 1487 1733 baptizarettt,
1512 1665 1594 1720 v‘el
1620 1666 1791 1734 potius
1816 1666 1883 1719 ab

301 1761 385 1814 his
414 1760 540 1829 ipsis
565 1756 877 1825 rebaptizari
909 1768 1002 1810 eos
1047 1754 1282 1809 facerent
1316 1755 1486 1813 intus.
1515 1771 1545 1808 a
1573 1757 1765 1825 quibus
1793 1756 1883 1810 ba-

302 1852 482 1919 ptizati
512 1858 661 1904 erant
685 1847 832 1910 loris,
862 1856 1019 1915 atque
1054 1845 1153 1900 hoc
1182 1845 1340 1900 modo
1364 1862 1473 1899 suae
1504 1846 1718 1900 nefaria:
1753 1859 1882 1898 con-

300 1943 560 1998 suetudini
586 1940 1038 2009 pnescripserunt.
1058 1938 1303 1993 Sentiunt
1323 1952 1479 2007 quam
1501 1938 1757 1993 scelerate
1772 1937 1879 2005 jam

302 2034 496 2088 faciant
516 2075 529 2095 ,
557 2041 772 2100 recepto
797 2030 1065 2098 Baptismo
1107 2018 1611 2084 Maximianistarum
1632 2071 1648 2093 ,
1682 2030 1880 2084 violare

303 2127 628 2195 Baptismum
670 2125 814 2177 orbis
846 2132 1127 2177 terrarum.
1168 2122 1271 2176 Sed
1304 2122 1490 2175 timent
1529 2122 1881 2191 rebaptizatos

303 2232 457 2282 suos,
487 2232 554 2271 ne
591 2216 727 2269 forte
772 2229 877 2268 non
920 2213 998 2267 eis
1034 2222 1249 2283 pareant
1273 2255 1287 2277 ,
1326 2214 1368 2268 si
1402 2212 1500 2282 ipsi
1549 2216 1882 2283 pepereerint

302 2307 542 2371 exteris;
573 2322 640 2360 ne
680 2305 748 2359 de
797 2306 899 2359 illis
933 2304 1146 2374 exigant
1188 2305 1390 2359 animas
1426 2318 1550 2359 suas
1573 2344 1588 2370 ,
1610 2306 1655 2359 si
1675 2305 1880 2359 animas

301 2400 519 2451 aliorum
545 2396 808 2451 trucidare
837 2395 1182 2473 cessaverint.
1506 2462 1507 2465 η

366 2488 591 2544 CAPUT
618 2487 733 2541 Xll.
764 2516 831 2526 —
862 2488 945 2541 I7.
974 2486 1107 2552 Quid
1130 2487 1195 2541 de
1221 2482 1446 2557 receptis
1475 2487 1878 2543 Maximianistis

302 2578 691 2649 respoadeant,
738 2592 842 2631 non
874 2577 1163 2630 inveniunt.
1196 2577 1250 2631 Si
1305 2577 1572 2643 dixerint,
1622 2578 1879 2633 Innocen-

301 2681 377 2726 tes
414 2669 763 2739 recepimus:
819 2667 1169 2736 respondetur
1216 2668 1331 2731 eis,
1383 2669 1520 2736 Ergo
1571 2669 1878 2724 innocentes

301 2763 707 2817 damnaveratis.
755 2759 810 2813 Si
846 2760 1096 2824 dixerint,
1154 2758 1529 2814 Nesciebamus
1571 2756 1750 2830 :Ergo
1802 2768 1876 2815 te-

301 2871 439 2910 mere
462 2854 743 2921 jndicastis
764 2853 866 2920 (sic
894 2852 1052 2906 etiam
1084 2852 1150 2905 de
1181 2851 1523 2905 traditorihus
1549 2844 1864 2905 sententiam

299 2944 632 2999 temerariam
666 2942 1025 3012 protulistis);
1056 2941 1349 3011 falsumque
1380 2941 1582 2995 dixistis
1604 2983 1616 3004 ,
1652 2940 1877 2994 I’lenarii

297 3037 490 3091 concilii
512 3053 600 3091 ore
619 3036 833 3090 veridico
857 3036 1117 3089 damnatos
1145 3051 1248 3089 esse
1275 3036 1555 3106 cognoscite
1581 3033 1632 3103 (1
1638 3053 1668 3088 n
1690 3034 1877 3107 Bagai-

297 3131 396 3183 toni
420 3130 626 3182 concilii
658 3128 955 3196 sententia).
985 3127 1165 3196 Neque
1202 3128 1342 3181 enim
1378 3125 1471 3181 ere
1516 3127 1749 3181 veridico
1794 3128 1873 3181 in-

298 3230 551 3275 nocentes
605 3220 845 3273 damnari
892 3227 1197 3287 patuerunt.
1240 3218 1294 3274 Si
1326 3219 1573 3279 dixerint.
1623 3219 1736 3273 Non
1780 3234 1874 3274 eos

297 3314 663 3367 damnavimus
694 3330 706 3364 :
741 3312 992 3365 recitatur
1011 3311 1315 3372 concilium,
1341 3310 1627 3363 recitantur
1659 3303 1870 3362 mimina

294 3415 349 3459 et
375 3406 745 3473 episcoporum
784 3412 839 3459 et
883 3404 1172 3458 Civitatum.
1221 3402 1274 3457 Si
1320 3402 1570 3464 dixerint,
1627 3402 1737 3456 Non
1792 3410 1874 3457 est

296 3501 468 3569 ipsum
498 3498 774 3553 concilium
803 3508 1041 3551 nostrum
1078 3514 1090 3550 :
1124 3497 1416 3551 recitantur
1446 3495 1605 3551 Gesta
1642 3511 1867 3564 procon-

295 3591 509 3653 sularia,
555 3589 641 3644 ubi
671 3605 775 3645 non
806 3588 971 3644 semel
1009 3587 1146 3642 idem
1174 3588 1456 3641 concilium
1486 3586 1867 3657 allegavcrunt,

296 3692 349 3733 ut
372 3681 588 3734 eosdem
620 3679 1034 3733 Maximiauistas
1073 3679 1138 3733 de
1172 3679 1400 3734 basilicis
1429 3679 1788 3742 eXcludet‘ent,
1818 3687 1871 3733 et

295 3773 607 3840 iudiciorum
641 3773 863 3840 strepitu
901 3780 1059 3842 atQue
1086 3772 1401 3825 auxiliorum
1429 3771 1625 3841 impetu
1657 3780 1866 3839 protur-

298 3862 493 3916 barent.
526 3862 581 3915 Si
613 3861 877 3927 dixerint,
905 3860 1229 3916 Felicianum
1259 3860 1596 3915 Mustitauum
1628 3869 1682 3914 et
1726 3859 1869 3913 Prte-

296 3964 544 4008 textatum
578 3955 979 4018 Assuritanum,
1011 3957 1147 4023 quos
1176 3964 1356 4024 postea
1380 3962 1713 4023 receperunt,
1745 3968 1865 4006 cum

293 4044 609 4098 Maximiano
642 4061 745 4098 nou
785 4044 948 4099 fuiSse
979 4062 992 4098 :
1028 4044 1316 4098 recitantur
1354 4043 1513 4099 Gesta
1541 4043 1730 4113 quibus
1773 4048 1866 4097 eos

292 4137 355 4189 de
384 4136 616 4189 basilicis
642 4134 1001 4190 excludendos
1030 4150 1094 4189 ex
1139 4126 1364 4189 concilio
1390 4150 1486 4188 suo
1512 4134 1650 4203 quod
1676 4135 1866 4189 adver-

294 4240 380 4281 sus
408 4226 819 4280 Maximianistas
847 4226 1099 4289 iecerunt,
1122 4226 1187 4280 de
1205 4225 1416 4295 judiciis
1436 4228 1660 4295 publicis
1690 4237 1865 4296 p0stu-

293 4316 477 4369 larunt.
507 4314 563 4370 Si
596 4315 859 4382 dixerint,
890 4316 992 4370 Pro
1033 4331 1159 4386 pace
1189 4318 1419 4387 suscepti
1450 4322 1570 4371 sunt
1598 4334 1611 4371 :
1646 4332 1864 4387 respon-

291 4411 445 4463 detur
469 4448 482 4470 ,
516 4409 623 4460 Cur
650 4422 776 4477 ergo
805 4422 983 4461 veram
1009 4417 1061 4461 et
1102 4408 1308 4476 plenam
1342 4423 1444 4461 non
1476 4410 1761 4479 agnoscitis
1784 4425 1865 4479 pa-

282 4499 443 4552 cem?
487 4498 617 4565 Quis
646 4500 739 4551 vos
772 4498 995 4566 impulit,
1024 4499 1141 4567 quis
1174 4499 1347 4567 coegit
1384 4514 1477 4569 pro
1506 4515 1633 4568 pace
1674 4501 1862 4555 Donati

283 4590 679 4643 schismaticum
718 4592 954 4660 recipere
1001 4590 1327 4655 damnatum,
1380 4600 1433 4644 et
1468 4601 1651 4645 contra
1682 4609 1861 4661 pacem

296 4680 481 4734 Christi
510 4681 693 4735 orbem
731 4680 983 4734 damnare
1027 4681 1357 4755 inauditum?
1385 4680 1545 4749 Urget
1587 4696 1680 4737 eos
1711 4683 1861 4737 undi-

288 4788 387 4839 que
411 4775 426 4804 ¹
452 4774 678 4835 veritas;
710 4773 891 4827 vident
916 4788 972 4824 se
1003 4786 1104 4825 non
1130 4773 1321 4827 habere
1339 4773 1463 4843 quid
1484 4774 1856 4840 reSpondeant,

287 4870 333 4914 et
364 4870 549 4932 putant
577 4877 634 4916 sc
661 4877 766 4916 non
798 4862 994 4916 habere
1016 4864 1035 4893 ’
1059 4862 1180 4932 quid
1214 4861 1406 4917 faciant
1449 4880 1461 4917 :
1490 4862 1614 4933 quid
1643 4864 1863 4933 loquan-

285 4963 369 5005 tur
395 4969 498 5007 non
526 4954 819 5009 inveniunt.
852 4954 1051 5009 Tacere
1082 4969 1184 5008 non
1218 4954 1589 5023 permittuntur
1628 4956 1863 5020 ;malnnt

286 5046 552 5116 pmversis
594 5046 810 5099 vocibus
840 5048 1048 5101 veritati
1097 5047 1373 5114 reluctari,
1419 5064 1575 5117 quam
1604 5049 1861 5103 confessis

282 5139 552 5192 erroribus
573 5138 686 5207 paci
715 5138 940 5192 restitui.

352 5227 580 5284 CAPUT
619 5227 760 5283 Xlll.
802 5258 873 5268 —
911 5230 999 5283 18.
1052 5229 1182 5296 Quis
1224 5238 1398 5284 autem
1444 5244 1549 5285 non
1604 5231 1861 5303 intelligat

344 5363 358 5426 ξ
390 5370 487 5426 Arn.
509 5371 561 5413 et
581 5360 909 5426 3:55.,_tttique.

340 5423 363 5453 ³
388 5424 499 5474 t‘dlti
514 5460 529 5482 ,
568 5438 618 5488 se
639 5423 823 5474 habere
846 5438 863 5473 :
886 5425 1081 5475 minimc
1105 5424 1387 5488 castigandi,
1408 5427 1501 5476 nisi
1517 5428 1664 5476 nostri
1689 5440 1859 5478 omnes

278 5487 588 5593 ἳηηὲιυωινιὶ
646 5500 825 5548 magno
868 5500 1110 5536 consensu
1152 5487 1244 5536 hie’
1280 5492 1593 5549 prtet'et'rent,
1656 5502 1704 5539 se
1764 5502 1858 5538 non

376 5559 471 5593 ere.

376 5559 453 5595 ere
460 5582 471 5593 .

336 5608 411 5670 (at
434 5609 885 5657 Maximianistarum
928 5614 1164 5657 memorat
1194 5610 1454 5658 maximum
1496 5608 1608 5658 illud
1633 5611 1855 5670 sebisma,

274 5669 404 5736 quod
431 5670 660 5736 in_l)ooa_ti
686 5678 840 5736 parte,
865 5671 1090 5736 ordinato
1111 5680 1275 5736 comra
1313 5670 1596 5720 I‘rimiauum
1631 5685 1676 5735 ο,
1696 5669 1857 5736 ἱεροιιό

269 5729 630 5792 Carthagiuensi
650 5729 941 5788 Maximiano,
965 5732 1181 5793 contigit.

519 5808 790 5875 Parant,
840 5807 1052 5867 XLIII.

2005 398 2126 465 quid
2156 400 2204 451 in
2238 399 2397 451 (ξω-ἀρ
2427 414 2522 453 suo
2552 403 2753 471 possint
2780 404 2989 461 dicere?
3026 407 3159 475 Quid
3188 425 3314 480 ergo
3339 406 3582 478 iacimus,

2006 490 2264 557 inquiunt,
2294 494 2358 548 de
2400 494 2478 549 hi.
2506 513 2636 566 quos
2659 499 2767 567 jam
2822 503 3304 571 rebaptizavimus?
3351 505 3582 576 [Respon-

2002 578 2197 634 delur:
2234 580 2429 667 lle.lit.e‘
2452 601 2571 640 cum
2616 588 2691 642 eis
2728 592 2790 642 ad
2833 590 3160 659 Ecclesium,
3191 596 3583 652 medicamento

2002 671 2145 738 pacis
2174 673 2358 728 oll'erte
2406 670 2668 733 ettraudos
2704 697 2836 749 quos
2868 684 3187 740 vulnerastis
3211 728 3224 748 ,
3252 687 3373 741 vita!
3402 690 3579 742 chari-

2002 761 2122 814 tatis
2146 760 2330 819 oll'erte
2356 769 2687 824 suscitandos
2709 789 2842 841 quos
2868 774 3153 829 occidistis.
3181 778 3399 833 Multum
3431 782 3572 837 valet.

1998 849 2061 901 ad
2095 854 2482 922 propitiandum
2509 858 2672 913 Demu
2705 860 2935 917 fraterna
2959 867 3264 921 concordia.
3298 870 3357 923 Si
3378 870 3575 923 duabus

1998 956 2061 992 ex
2094 942 2248 1007 vobis,
2282 946 2355 998 ait
2404 946 2676 1017 Dominus,
2731 957 3011 1007 convenerit
3061 957 3112 1009 in
3152 967 3303 1021 terra,
3334 961 3581 1031 quidquid

1998 1033 2236 1100 petieritis
2276 1037 2362 1105 ﬁet
2387 1041 2521 1094 vobis
2549 1042 2568 1113 (
2592 1043 2774 1097 Matth.
2810 1054 2963 1113 Xvut,
2996 1048 3116 1119 19).
3149 1048 3200 1105 Si
3230 1051 3435 1107 duolms
3476 1053 3575 1108 hoc

1997 1123 2244 1190 minibus,
2285 1140 2484 1197 quanto
2534 1136 2700 1203 magis
2750 1135 2955 1191 duohus
2986 1140 3234 1207 populis?
3282 1142 3446 1198 Simul
3476 1160 3575 1199 nos

1996 1213 2218 1271 Detniuo
2251 1218 2681 1290 prosternamtts,
2716 1230 3100 1299 participamini
3136 1235 3409 1290 nobiscum
3453 1237 3573 1291 uni-

1995 1313 2154 1361 tatem
2180 1351 2194 1374 ,
2239 1311 2617 1383 participentur
2646 1318 2921 1375 vobiscum
2951 1322 3189 1377 dolorem
3216 1368 3229 1389 ,
3261 1335 3314 1380 ct
3340 1327 3575 1381 Charitas

1992 1400 2265 1466 cooperiat
2312 1405 2698 1461 multitudinem
2748 1415 3106 1477 peccatorum.
3149 1415 3228 1469 Ab
3266 1417 3378 1486 ipso
3411 1418 3574 1473 beato

1990 1487 2254 1558 Cypriane
2298 1497 2573 1550 consilium
2608 1500 2862 1567 qumrite,
2920 1502 3174 1559 attendite
3218 1518 3471 1576 quantum
3505 1510 3573 1567 de

1990 1581 2205 1635 unitatis
2234 1582 2372 1637 houo
2419 1578 2831 1658 prgcsnmpscrit,
2885 1593 3023 1647 unde
3050 1610 3106 1649 se
3147 1614 3250 1651 non
3283 1600 3507 1673 disrupit
3540 1620 3570 1659 a

1990 1669 2196 1728 diversa
2241 1677 2627 1745 sentientibus;
2670 1693 2722 1735 ct
2770 1699 2888 1737 cum
2945 1683 3291 1745 arbitraretur
3338 1669 3446 1747 eos
3482 1697 3573 1765 qtti

1988 1776 2135 1820 extra
2170 1768 2419 1824 Ecclesirc
2466 1776 2893 1830 communionem
2925 1778 3319 1847 haptizarentur
3342 1826 3355 1845 .
3391 1784 3572 1855 Bapti-

1989 1859 2161 1910 smum
2194 1874 2296 1913 non
2342 1859 2572 1928 habere,
2602 1860 2826 1920 credidit
2853 1882 2945 1921 eos
2978 1877 3150 1924 tamen
3184 1869 3234 1924 in
3278 1870 3572 1932 Ecclesium

1990 1946 2301 2017 simpliciter
2322 1951 2587 2009 admissos
2614 1967 2828 2026 prepter
2859 1958 3023 2027 ipsius
3055 1961 3269 2016 unitatis
3301 1964 3573 2021 vinculum

1990 2054 2144 2107 posse
2172 2042 2237 2095 ad
2282 2046 2486 2099 veniam
2516 2046 2777 2116 pertinere
2809 2046 2845 2104 ¹.
2878 2052 2965 2106 Sic
2980 2053 3119 2107 enim
3150 2038 3572 2125 solvitqnmstio-

1987 2147 2131 2197 nem,
2161 2149 2315 2204 quam
2345 2137 2443 2191 sihi
2476 2139 2587 2206 ipse
2610 2142 2880 2209 proposuit
2905 2141 2968 2195 ad
2994 2140 3308 2199 Jubaianum
3339 2145 3407 2201 ita
3432 2149 3568 2202 scri-

1988 2222 2119 2309 bens
2164 2243 2177 2279 :
2222 2225 2328 2309 Sed
2369 2226 2487 2281 dicit
2524 2230 2726 2299 ntiquis,
2772 2231 2907 2296 Quid
2941 2248 3059 2303 ergo
3086 2234 3170 2301 ﬁet
3207 2237 3268 2289 de
3298 2236 3376 2289 Itis
3402 2239 3488 2309 qui
3517 2240 3571 2293 in

1986 2306 2290 2379 prte‘t'eritum
2319 2308 2381 2364 de
2409 2311 2587 2368 Ita'resi
2605 2314 2673 2366 ad
2702 2314 2978 2369 Ecclesium
3008 2319 3255 2373 venientes
3274 2362 3287 2383 ,
3322 2306 3431 2375 sine
3462 2321 3567 2375 Ba-

1986 2395 2166 2462 ptismo
2193 2397 2402 2451 admissi
2440 2399 2598 2452 situt?
2630 2399 2817 2453 Potens
2843 2411 2915 2456 est
2943 2401 3188 2455 Dominus
3216 2406 3562 2459 misericordia

1984 2494 2076 2531 sua
2100 2480 2615 2550 indulgentiamdare,
2641 2492 2688 2536 et
2713 2500 2794 2537 eos
2813 2485 2899 2553 qui
2922 2484 2991 2538 ad
3018 2484 3295 2540 Ecclesium
3322 2491 3571 2560 simplici-

1984 2578 2060 2624 ιιι·
2084 2570 2330 2635 admissi,
2360 2572 2412 2624 in
2459 2571 2686 2626 Ecclesia
2714 2574 3041 2639 dormierunt,
3084 2576 3146 2630 ab
3188 2577 3429 2633 Ecclesia:
3461 2595 3567 2633 sua

1984 2659 2271 2713 muneribus
2295 2676 2393 2713 non
2422 2677 2657 2731 separare
2679 2664 2695 2734 (
2719 2662 2884 2733 Epist.
2916 2666 3003 2731 75,
3032 2666 3099 2719 ad
3118 2665 3429 2727 Jubaianum
3449 2672 3490 2737 ).

2052 2738 2454 2811 CAPUT,XlV.
2493 2780 2567 2793 -—-
2594 2752 2677 2806 19.
2709 2753 2842 2821 Quid
2888 2756 2954 2809 sit
2981 2765 3159 2811 autem
3191 2758 3561 2826 perniciosius,

1982 2839 2157 2895 utrum
2186 2842 2404 2896 omnino
2426 2842 2528 2895 non
2562 2840 2839 2914 baptizari,
2864 2860 2929 2898 an
2959 2846 3297 2917 rebaptizari,
3325 2848 3557 2919 jndicari

1981 2932 2196 2988 difﬁcile
2223 2944 2324 2988 est.
2359 2932 2525 2989 Video
2546 2934 2755 3005 quidem
2779 2937 2902 3007 quid
2933 2939 3160 3009 amplius
3183 2940 3426 2997 homines
3454 2942 3557 2998 de-

1980 3015 2240 3080 testentur
2265 3024 2423 3097 alque
2455 3026 2703 3081 horreant
2739 3045 2751 3080 :
2795 3041 3159 3085 verumtamen
3189 3048 3467 3089 recurrens
3494 3037 3561 3092 ad

1982 3117 2122 3172 illaut
2150 3128 2399 3174 stateram
2417 3119 2756 3187 dominicam,
2778 3122 2862 3175 ubi
2893 3139 2997 3178 non
3026 3141 3087 3179 ex
3116 3126 3347 3181 humano
3373 3144 3560 3192 sensu.

1979 3196 2073 3264 sed
2103 3225 2167 3263 ex
2196 3208 2509 3265 attetoritztte
2530 3210 2704 3265 divina
2730 3228 2909 3267 rerum
2935 3226 3199 3271 momenta
3233 3219 3558 3289 penduntur,

1980 3300 2191 3354 invenio
2218 3298 2284 3354 de
2328 3311 2545 3370 utraque
2592 3319 2648 3356 re
2694 3304 2903 3359 Domini
2948 3310 3290 3365 sententiam.
3321 3312 3451 3366 Nam
3500 3320 3557 3367 et

1979 3391 2138 3447 Petro
2189 3391 2355 3456 dixit,
2406 3390 2505 3459 Qui
2557 3392 2689 3447 lotus
2741 3403 2832 3462 est,
2883 3414 2984 3451 non
3027 3399 3172 3453 liabet
3216 3406 3557 3460 necessitatem

1978 3482 2157 3535 iterum
2202 3483 2405 3537 lavandi
2435 3482 2611 3551 (Joan.
2648 3501 2762 3551 xm,
2789 3482 2891 3556 l0)
2925 3507 2937 3541 :
2971 3499 3023 3543 et
3075 3490 3386 3561 Nicodemo,
3440 3494 3558 3550 Nisi

1976 3575 2088 3642 quis
2132 3578 2334 3629 renatus
2360 3570 2510 3643 fuerit
2539 3593 2600 3629 ex
2642 3594 2771 3646 aqua
2801 3588 2846 3630 et
2874 3578 3106 3650 Spiritu,
3140 3600 3239 3637 non
3266 3585 3470 3640 intrabit
3506 3588 3560 3643 in

1976 3681 2184 3732 regnum
2209 3665 2445 3719 caelorum
2480 3665 2587 3735 (Id.
2639 3683 2716 3732 nt,
2758 3667 2843 3736 5).
2875 3670 3009 3735 Quid
3066 3672 3255 3728 haheat
3302 3679 3561 3733 secretior

1974 3756 2281 3823 dijudicatio
2311 3755 2427 3819 Dei,
2476 3752 2776 3811 hominibus
2817 3762 2999 3829 quales
3031 3778 3128 3815 nos
3163 3782 3346 3821 sumus
3368 3809 3382 3831 ,
3414 3768 3559 3822 dilli-

1974 3847 2073 3900 cile
2098 3856 2177 3899 εει
2201 3838 2423 3900 fortasse
2466 3834 2789 3915 cognoscere
2826 3866 2837 3900 :
2862 3860 3115 3918 quantum
3140 3861 3313 3908 tamen
3341 3856 3405 3911 ad
3436 3858 3548 3927 ipsa

1973 3940 2134 3995 verba
2156 3940 2343 3994 attinet
2376 3983 2391 4005 ,
2423 3939 2637 3995 cuilibet
2669 3939 2867 3995 homini
2910 3944 3245 3999 manifestum
3277 3958 3359 4002 est
3384 3966 3551 4019 quan-

1973 4043 2083 4090 tum
2113 4034 2274 4089 distet
2298 4030 2453 4100 inter,
2479 4049 2578 4087 non
2622 4031 2769 4088 habet
2811 4036 3149 4089 necessitatem
3192 4038 3396 4093 lavandi
3419 4059 3437 4104 ;
3478 4051 3550 4107 et,

1972 4146 2072 4183 non
2092 4122 2292 4181 intrabit
2315 4126 2366 4180 in
2392 4143 2598 4197 regnum
2623 4127 2881 4181 calorum.
2910 4128 3024 4198 Ipsa
3061 4128 3292 4201 denique
3315 4132 3553 4190 Ecclesia

1971 4226 2047 4278 sic
2078 4223 2322 4278 traditum
2352 4229 2495 4277 tenet
2516 4261 2530 4285 ,
2562 4230 2617 4274 ut
2642 4220 2913 4276 hominem
2941 4221 3057 4277 sine
3080 4222 3349 4293 Baptismo
3375 4225 3441 4280 ad
3469 4226 3549 4281 al-

1973 4324 2084 4373 tare
2115 4329 2333 4386 prorsus
2355 4328 2459 4367 non
2482 4313 2651 4382 possit
2675 4312 2992 4379 admittere;
3036 4315 3423 4385 rebaptizatum
3451 4333 3549 4372 au-

1973 4417 2078 4461 tem
2109 4422 2229 4460 cum
2263 4415 2379 4474 post
2410 4404 2771 4473 penitentiam
2801 4404 2961 4459 liceat
2989 4406 3218 4472 admitti,
3249 4409 3378 4478 quid
3405 4410 3545 4465 aliud

1969 4494 2264 4552 ostenditur
2290 4495 2387 4549 nisi
2410 4511 2529 4549 cum
2553 4494 2823 4562 Baptismo
2854 4511 2959 4549 non
2981 4498 3199 4552 carere?
3224 4498 3278 4552 Si
3297 4515 3423 4570 ergo
3443 4500 3551 4572 Cy-

1973 4590 2191 4659 prianus
2218 4603 2351 4657 quos
2378 4602 2497 4642 esse
2526 4587 2641 4643 sine
2659 4586 2933 4657 Baptismo
2962 4590 3337 4657 arbitrabatur,
3374 4602 3550 4650 tamett

1971 4692 2185 4752 prapter
2208 4682 2422 4735 unitatis
2448 4679 2713 4733 vinculum
2733 4679 2799 4734 ad
2825 4681 3029 4735 veniam
3056 4682 3320 4752 pertinuere
3346 4700 3551 4753 prtesu-

1969 4774 2184 4833 mebat;
2225 4783 2413 4843 potens
2440 4780 2521 4825 est
2566 4771 2818 4828 Dominus
2846 4788 2943 4841 pe‘
2982 4772 3151 4843 ipsum
3185 4775 3404 4831 unitatis
3431 4776 3551 4831 vin-

1968 4867 2146 4921 culum
2174 4874 2227 4920 et
2258 4865 2400 4934 pacis
2440 4864 2600 4919 etiam
2634 4864 2977 4933 rebaptizatis
3028 4866 3219 4934 placari
3246 4909 3260 4930 ,
3312 4877 3368 4923 et
3412 4868 3492 4923 eis
3521 4884 3550 4921 a

1971 4956 2161 5028 quibus
2189 4955 2496 5025 rebaptizati
2524 4964 2644 5009 sunt
2665 4995 2680 5021 ,
2708 4969 2767 5009 ea
2796 4954 2907 5024 ipsa
2941 4957 3086 5025 pacis
3116 4960 3553 5026 compensatione

1968 5045 2248 5102 mitescere
2276 5088 2291 5112 ,
2323 5055 2377 5099 et
2402 5045 2578 5099 omnia
2605 5061 2723 5115 qua:
2763 5045 2812 5098 in
2842 5061 3023 5099 errore
3052 5047 3428 5102 commiserant
3454 5048 3549 5102 de-

1968 5139 2090 5194 licta
2117 5137 2338 5203 donare,
2364 5135 2713 5190 olferentibus
2740 5136 3057 5190 sacrificium
3090 5137 3362 5190 charitatis
3388 5178 3402 5201 ,
3432 5150 3551 5207 quas

1966 5229 2206 5300 cooperit
2252 5227 2642 5282 multitudinem
2674 5237 3050 5297 peccatorum;
3087 5238 3143 5281 ut
3172 5245 3276 5282 non
3309 5228 3548 5283 attendat

1965 5339 2121 5394 quam
2197 5321 2345 5375 multi
2419 5336 2603 5374 eorum
2663 5319 2899 5373 discessu
2957 5320 3217 5375 vulnerati
3274 5320 3399 5385 sint,
3454 5321 3547 5374 sed

1966 5431 2122 5486 quam
2166 5413 2343 5484 plures
2392 5426 2575 5466 eorum
2622 5410 2792 5465 reditu
2852 5410 3080 5465 liberati.
3138 5410 3193 5465 lu
3235 5425 3339 5479 quo
3403 5411 3547 5465 enim

2030 5616 2045 5645 ¹
2074 5613 2189 5661 ξ·Δίιὶ
2213 5618 2395 5661 tantum
2433 5612 2525 5661 hoc
2570 5610 2707 5667 loco,
2748 5610 2812 5660 σά
2847 5604 3028 5659 t'cu'um
3052 5607 3297 5671 pervenire
3328 5610 3457 5660 ξιρά
3498 5612 3548 5661 in

1983 5676 2187 5722 noxime
2222 5676 2447 5737 sequenti
2473 5673 2629 5737 (utile
2667 5672 3017 5720 convenientes
3059 5684 3167 5719 cum
3213 5674 3548 5737 unauscriltls

1983 5689 2187 5722 iroxnne
2222 5689 2447 5733 sequenti
2473 5689 2629 5732 (ante
2667 5689 2755 5720 con

1966 5689 2176 5795 ltubent,
2200 5734 2264 5784 ad
2291 5737 2470 5783 rennuit
2501 5733 2755 5797 pertinere.

3016 5815 3269 5895 (Cian
3520 5865 3580 5895 Δ.
