4050 6206
469 292 513 315 ⁸9

464 320 564 384 139

462 440 672 495 vinculo
694 439 839 511 pacis
861 436 1085 492 credidit
1109 434 1407 505 Cyprianus
1428 426 1586 511 posse
1608 446 1703 502 per
1725 430 2026 485 misericor-

462 532 604 586 diam
632 531 722 585 Dei
753 530 819 583 ab
850 527 1104 589 Ecclesia:
1147 523 1454 578 muneribus
1509 537 1613 576 non
1670 520 1904 590 separari
1953 536 2047 576 eos

463 639 597 695 quos
627 624 677 676 in
716 620 1008 675 Ecclesiam
1036 618 1153 672 sine
1183 616 1456 686 Baptismo
1481 613 1819 677 existimabat
1855 612 2053 677 admis-

464 729 555 771 sos
579 757 595 780 ,
626 714 678 767 in
728 709 918 766 eodem
958 707 1171 763 vinculo
1206 706 1352 778 pacis
1380 705 1646 762 credimus
1689 718 1785 775 per
1810 702 2051 777 eamdem

466 803 885 862 misericordiam
938 802 1031 858 Dei
1062 800 1258 856 mereri
1288 801 1496 856 veniam
1552 813 1712 869 posse
1752 798 2051 869 rebaptiza-

466 906 565 951 tos.
1086 944 1089 945 ν
1322 944 1325 947 λ
1702 951 1709 959 ,
1876 962 1881 965 Δ

534 984 759 1043 CAPUT
807 984 924 1040 XV.
964 1011 1037 1025 -—
1074 982 1165 1038 20.
1190 1038 1193 1043 _
1217 981 1467 1044 Ecclesia,
1483 981 1679 1053 quippe
1710 966 1969 1037 catholica
2000 988 2055 1036 et

464 1076 793 1149 temporibus
819 1076 960 1133 beati
1000 1074 1289 1146 Cypriani,
1322 1084 1377 1129 et
1417 1082 1541 1129 ante
1582 1075 1753 1144 ipsum
1784 1074 2053 1144 praeterito

468 1184 729 1243 tempore,
758 1178 847 1224 aut
872 1168 1248 1237 rebaptizatos,
1268 1176 1360 1221 aut
1388 1166 1710 1236 Baptismum
1727 1180 1830 1220 non
1856 1165 2056 1220 haben-

467 1278 569 1331 tes,
597 1263 817 1319 unitatis
843 1262 1046 1332 gremio
1071 1259 1379 1314 continebat
1406 1276 1420 1313 :
1448 1267 1540 1313 aut
1570 1257 1666 1325 illi,
1691 1266 1782 1311 aut
1810 1257 1883 1310 illi
1906 1256 2054 1310 salu-

469 1368 576 1411 tem
600 1370 703 1407 non
742 1353 840 1407 nisi
863 1350 1082 1406 unitatis
1102 1349 1270 1420 ipsius
1295 1349 1487 1415 merito
1522 1348 1792 1403 consecuti
1821 1356 1965 1402 sunt.
1998 1346 2055 1403 Si

464 1445 611 1500 enim
639 1458 743 1497 non
774 1440 1041 1496 habebant
1083 1439 1409 1509 Baptismum
1451 1430 1541 1509 qui
1578 1437 1646 1491 ab
1673 1436 2054 1514 hzcretlcisyee

469 1535 717 1598 niebant,
744 1536 881 1586 sicut
911 1530 1102 1586 asserit
1122 1527 1449 1600 Cyprianus;
1483 1543 1590 1582 non
1626 1535 1772 1582 recte
1812 1518 2059 1581 admitte-

467 1626 661 1682 bantur
690 1642 703 1678 :
730 1634 783 1679 et
809 1633 985 1693 tamen
1029 1621 1233 1677 eisdem
1279 1620 1394 1692 ipse
1434 1619 1814 1691 indulgentiam
1854 1618 1920 1674 de
1950 1618 2059 1675 Do-

469 1718 598 1772 mini
658 1712 1019 1769 misericordia
1081 1712 1298 1782 propter
1338 1710 1593 1766 unitatem
1650 1709 1904 1787 Ecclesim
1954 1725 2059 1765 non

467 1808 787 1878 desperavit.
842 1805 915 1859 Ita
947 1819 1075 1873 ergo
1121 1804 1168 1858 si
1213 1803 1479 1858 habebant
1532 1784 1903 1883 Baptismuﬁi,
1955 1817 2060 1857 non

472 1907 615 1953 recte
641 1892 1067 1966 rebaptizantur;
1100 1892 1224 1963 quid
1254 1892 1431 1962 itaque
1460 1891 1580 1946 illos
1608 1890 1708 1945 nisi
1737 1890 1923 1945 eadem
1947 1892 2063 1947 uni-

472 1990 593 2043 tatis
619 1988 861 2055 charitas
886 1968 1169 2065 adiuvabat
1193 2024 1209 2049 ,
1240 1993 1299 2036 ut
1335 1979 1475 2052 quod
1504 1982 1555 2035 in
1582 1981 1928 2037 Sacramento
1958 1990 2064 2038 tra-

442 2096 445 2099 ·
472 2081 663 2136 ctando
687 2078 883 2134 latebat
908 2062 1194 2131 humanam
1227 2072 1591 2130 infirmitatem
1610 2115 1625 2142 ,
1649 2072 1829 2128 divina
1850 2072 2067 2130 miseri-

474 2204 2394 2234 ’Μ

1209 320 1296 374 DE
1336 316 1670 375 BAPTISMO
1708 316 1979 373 CONTRA
2024 312 2467 380 D'JN.\TiSTAS,
2510 315 2566 371 S.
2610 315 2976 373 AUGUSTI.“

3626 322 3729 379 HO

2143 429 2325 484 cordia
2368 445 2474 484 non
2521 441 2791 500 reputaret
2836 431 3138 486 amantibus
3190 434 3415 502 pacem?
3457 432 3567 488 Cur
3608 449 3741 505 ergo

2156 538 2275 577 cum
2306 534 2513 578 vestros
2532 525 2888 594 reliaptizatos
2916 524 3116 579 timetis
3134 566 3149 589 ,
3177 533 3230 579 et
3257 524 3361 580 illis
3387 534 3439 580 et
3468 527 3620 581 vobis
3648 543 3738 583 sa-

2159 614 2284 668 Iutis
2316 613 2492 687 aditus
2532 614 2828 670 invidetis?
2868 615 2989 671 Fuit
3029 616 3312 687 aliquando
3371 617 3440 673 de
3477 618 3748 691 Baptismo

2156 703 2417 760 dubitatio
2446 724 2459 759 :
2486 707 2576 776 qui
2599 706 2816 762 diversa
2856 717 3172 774 senserunt,
3209 708 3261 762 in
3289 709 3492 766 unitate
3530 726 3744 766 manse-

2156 805 2300 859 runt.
2337 796 2414 869 Ea
2448 796 2707 873 dubitatio
2739 798 3060 873 prooedettte
3098 808 3337 870 tempore
3358 813 3631 871 perspecta
3662 820 3751 858 vc-

2159 880 2317 940 ritate
2357 887 2567 943 sublata
2607 872 2692 943 est
2718 905 2732 942 :
2761 872 2985 958 qutestio
3025 905 3144 959 qua:
3185 890 3420 945 nondum
3464 892 3608 947 finita
3645 892 3750 965 Cy-

2158 979 2401 1051 priauum
2429 994 2557 1060 ‘non
2606 978 2868 1035 deterruit
2919 990 2976 1034 ut
3016 979 3313 1047 recederet,
3354 997 3451 1038 vos
3499 982 3644 1038 finita
3687 995 3748 1040 ut

2158 1066 2622 1127 redeatisinvilat.
2658 1070 2845 1125 Venite
2871 1071 2937 1125 ad
2959 1070 3289 1141 Catholicam
3310 1074 3745 1141 concordantem,

2159 1179 2319 1234 quam
2362 1163 2660 1235 Cyprianus
2698 1179 2805 1218 non
2852 1150 3480 1245 deserui-t‘ﬂttctuantem
3524 1178 3659 1222 :aut
3707 1169 3753 1223 si

2163 1256 2314 1337 vobis
2338 1257 2643 1329 exemplum
2672 1256 2921 1329 Cypriani
2943 1258 3052 1328 jam
3078 1257 3328 1327 displicet
3346 1301 3361 1327 ,
3390 1259 3479 1331 qui
3506 1274 3749 1314 comnm-

2163 1346 2362 1402 nicavit
2389 1348 2470 1403 eis
2490 1349 2578 1418 qui
2606 1364 2727 1403 eum
2754 1349 3080 1419 Baptismate
3125 1350 3499 1406 haereticorum
3527 1353 3750 1422 recipie-

2156 1437 2373 1513 bantur,
2403 1448 2589 1508 aperte
2614 1439 2818 1505 dicens,
2847 1438 3113 1495 Neminem
3133 1441 3447 1511 judicantes,
3473 1453 3562 1496 aut
3590 1459 3622 1496 a
3641 1444 3752 1507 iure

2160 1519 2530 1584 communionis
2550 1518 2767 1601 talionem
2790 1572 2805 1596 ,
2838 1531 2883 1584 si
2901 1531 3155 1585 diversum
3180 1533 3413 1597 senserit,
3434 1543 3751 1598 animantes;

2163 1634 2270 1691 quo
2312 1620 2440 1688 itis,
2470 1621 2690 1677 miseri?
2718 1621 2847 1692 quid
2883 1622 3079 1692 agit's?
3111 1622 3189 1697 Et
3232 1637 3331 1677 vos
3376 1623 3517 1692 ipsos
3566 1623 3750 1693 fugite,

2165 1715 2288 1784 quia
2318 1714 2443 1770 inde
2476 1714 2834 1784 processistis,
2861 1715 2951 1769 ubi
2991 1715 3084 1771 ille
3113 1703 3422 1785 permansit.
3452 1715 3508 1769 Si
3533 1732 3659 1769 vero
3683 1717 3753 1777 ei,

2162 1814 2386 1876 propter
2412 1806 2794 1879 abpndantiam
2828 1807 3107 1862 cbaritatis
3135 1817 3193 1864 et
3228 1822 3465 1863 amorem
3512 1807 3757 1862 fraterni-

2168 1897 2314 1963 tatis,
2336 1905 2392 1951 et
2417 1897 2682 1951 vinculum
2716 1898 2898 1969 pacis,
2928 1911 3031 1979 nec
3062 1909 3430 1975 suaupeocata.
3458 1911 3555 1953 nec
3581 1897 3755 1953 aliena

2167 1988 2358 2043 obesse
2390 1997 2711 2058 potuerunt;
2738 1989 2847 2045 huc
2884 1989 3055 2045 redite
3076 2031 3091 2055 ,
3124 1982 3295 2048 ubiet
3328 1990 3483 2043 nobis
3527 1998 3583 2044 ct
3600 1990 3753 2044 vobis

2169 2079 2342 2134 multo
2362 2080 2539 2136 minus
2556 2080 2788 2137 oberunt
2808 2095 2926 2152 quae
2958 2081 3121 2136 vestri
3145 2081 3433 2136 finxerunt.

1462 2284 1950 2390 LIBER
2042 2284 2345 2397 TER
2368 2288 2764 2424 TIU‘S.

474 2472 753 2527 ttefellenda
793 2485 854 2525 ea
874 2430 1106 2533 suscipit,
1282 2436 1332 2517 in
1369 2466 1587 2529 Cypriani
1610 2465 1670 2516 ad
1691 2465 1971 2516 anaitmum
1989 2444 2448 2595 ﬂammatur
2492 2473 2700 2535 probare
2934 2476 3232 2547 baptismum
3255 2487 3344 2538 per
3365 2475 3626 2528 luereticos
3660 2476 3763 2526 dari

1897 2640 2373 2742 am

543 2784 768 2845 CAPUT
810 2750 1094 2840 Plilirlllil.
1123 2810 1192 2820 —
1234 2779 1285 2833 l.
1314 2750 1561 2833 Arbitrer
1584 2774 1691 2845 jam
1719 2750 2059 2833 manifestum

474 2897 593 2939 esse
634 2879 882 2935 omnibus
920 2848 1079 2948 posse
1103 2916 1117 2940 ,
1160 2872 1526 2927 auctoritatem
1554 2868 1694 2923 beati
1722 2863 1969 2944 Cypriani
2000 2860 2067 2916 ad

474 2971 810 3029 retinendum
854 2958 1125 3021 vinculum
1171 2962 1317 3033 pacis
1338 3004 1351 3026 ,
1398 2958 1647 3028 nulloque
1674 2955 1834 3011 modo
1860 2953 2067 3014 violan-

473 3065 595 3117 dam
620 3060 834 3115 unitatis
862 3055 1115 3131 Ecclesiae
1143 3046 1543 3107 saluberrimam
1575 3048 1888 3121 charitatem
1911 3085 1926 3113 ,
1953 3057 2069 3101 ma-

474 3156 555 3222 gis
584 3168 679 3223 pro
708 3150 859 3205 nobis
885 3163 1042 3218 quam
1074 3130 1170 3215 pro
1194 3141 1478 3197 Donatistis
1507 3154 1625 3194 esse
1647 3135 2067 3208 proponendam.

471 3245 531 3300 Si
569 3243 712 3298 enim
749 3237 998 3311 Cypriani
1043 3232 1288 3303 exemplo
1327 3231 1401 3285 uti
1440 3229 1703 3284 voluerint
1738 3227 1803 3281 ad
1830 3225 2071 3295 rebapti-

475 3333 674 3390 zaudos
702 3330 991 3385 catholicos
1012 3368 1025 3389 ,
1052 3324 1171 3395 quin
1196 3324 1282 3397 ille
1303 3320 1510 3377 censuit
1534 3320 1585 3373 in
1607 3316 1865 3372 catholica
1892 3314 2069 3391 bapti-

478 3426 677 3482 zandos
722 3421 1004 3477 lucreticos
1036 3436 1048 3471 :
1080 3432 1177 3471 nos
1218 3414 1392 3485 potius
1417 3411 1533 3483 ejus
1559 3410 1803 3479 exemplo
1831 3409 2030 3463 utimur
2053 3448 2069 3473 ,

480 3532 586 3587 quo
618 3512 951 3584 apertissime
995 3504 1178 3563 Statuit
1206 3520 1236 3560 a
1283 3502 1542 3560 catholica
1571 3500 1972 3564 communione,
2020 3496 2073 3572 id

480 3616 582 3673 est,
616 3621 644 3658 a
671 3600 987 3659 Christianis
1015 3609 1125 3653 toto
1154 3597 1299 3671 orbe.
1322 3604 1585 3649 terrarum
1628 3590 1864 3658 diffusis,
1913 3589 2071 3644 etiam

482 3699 635 3753 malis
664 3707 712 3751 et
741 3691 1014 3763 sacrilegis
1041 3688 1309 3753 admissis,
1342 3686 1487 3740 nullo
1518 3682 1677 3763 modo
1719 3697 1814 3753 per
1861 3695 2076 3751 separa-

481 3790 681 3847 tionem
722 3783 1110 3843 communionis
1149 3794 1269 3836 esse
1298 3775 1653 3833 recedendum
1679 3818 1693 3841 ,
1740 3772 2073 3844 quandoqui-

481 3884 600 3939 dem
630 3896 728 3938 nec
752 3895 845 3936 eos
874 3878 961 3950 qui
986 3918 1001 3943 ,
1032 3885 1090 3930 ut
1118 3874 1291 3930 eidem
1334 3871 1609 3926 videbatur
1633 3912 1647 3934 ,
1676 3882 1783 3922 non
1833 3866 2073 3938 baptiza—

483 3985 566 4030 tos
592 3973 882 4042 sacrilegos
922 3970 973 4024 in
1013 3967 1331 4023 catholicam
1376 3960 1807 4029 commoniouem
1854 3959 2077 4029 reeipie-

482 4070 606 4123 bant
626 4109 643 4136 ,
673 4082 703 4120 a
729 4065 847 4136 jure
875 4059 1266 4117 communionis
1307 4054 1473 4110 voluit
1515 4067 1764 4107 amovere
1788 4092 1802 4114 ,
1851 4049 2034 4104 dicens
2057 4090 2071 4112 ,

485 4158 753 4214 Neminem
786 4155 1078 4227 judicantes
1098 4192 1112 4218 ,
1141 4157 1228 4202 aut
1255 4162 1285 4198 a
1302 4145 1423 4215 jure
1450 4142 1813 4195 communionis
1836 4139 2074 4210 aliquem,

482 4251 526 4303 si
546 4250 798 4303 diversum
820 4242 1028 4299 senserit
1052 4282 1066 4307 ,
1095 4243 1397 4291 amoventes.
2010 4290 2017 4315 η.

554 4337 780 4396 CAPUT
809 4335 874 4390 ll.
906 4363 979 4374 ——-
1001 4330 1056 4385 2.
1082 4328 1249 4383 Video
1276 4335 1450 4381 tamen
1470 4320 1594 4395 quid
1613 4321 1785 4376 adhuc
1806 4336 1832 4375 a
1855 4335 1938 4375 me
1956 4334 2079 4390 pos-

484 4431 554 4485 sit
582 4425 776 4496 inquiri
800 4465 815 4489 ,
842 4422 1089 4477 videlicet
1112 4426 1167 4472 ut
1189 4414 1540 4485 respondeam
1566 4410 1946 4467 verisimilibus
1975 4409 2079 4479 illis

486 4518 809 4580 rationibus,
851 4514 1043 4584 quibus
1074 4508 1158 4563 vel
1185 4517 1308 4563 ante
1337 4506 1657 4576 Agrippinus
1682 4546 1697 4571 ,
1728 4502 1812 4558 vel
1842 4503 1954 4572 ipse
1978 4500 2081 4572 Cy-

488 4612 733 4681 prianus,
772 4606 857 4661 vel
897 4605 968 4658 illi
1008 4602 1095 4674 qui
1139 4602 1218 4657 eis
1256 4601 1307 4653 in
1339 4598 1513 4653 Africa
1543 4604 1929 4651 consenserunt
1952 4636 1968 4660 ,
1994 4593 2079 4648 vel

487 4705 530 4758 si
573 4704 708 4756 l‘orte
731 4697 890 4769 aliqui
922 4711 985 4751 ex
1018 4689 1386 4749 transmarinis
1412 4687 1568 4743 terris
1597 4688 1856 4758 longeque
1882 4685 2082 4740 discre-

489 4796 554 4847 tis
578 4835 592 4857 ,
638 4791 783 4845 nullo
818 4786 1031 4859 quidem
1060 4784 1172 4839 sive
1206 4780 1441 4854 plenario
1467 4780 1579 4834 sive
1607 4780 1793 4833 saltem
1820 4775 2080 4846 regionali

488 4880 715 4941 concilio
739 4926 753 4949 ,
798 4881 892 4936 sed
933 4875 1202 4949 epistolari
1245 4872 1509 4943 colloquio
1546 4870 1798 4926 commoti
1834 4876 1994 4934 sunt,
2026 4875 2082 4920 ut

488 4979 590 5034 hoc
638 4990 758 5031 esse
804 4972 1099 5029 faciendum
1151 4976 1431 5039 putarent,
1477 4963 1616 5035 quod
1663 4972 1718 5018 et
1750 4960 2083 5017 consuetudo

489 5069 743 5126 Ecclesia:
786 5067 1004 5138 pristina
1052 5079 1156 5117 non
1201 5060 1462 5123 habebat,
1502 5068 1557 5113 et
1583 5067 1764 5127 postea
1790 5056 2081 5112 catholicus

487 5160 635 5218 orbis
655 5170 915 5215 terrarum
941 5153 1307 5211 robustissima
1336 5149 1584 5204 firmitate
1604 5147 1969 5203 consensionis
1990 5162 2082 5201 ex-

486 5253 646 5311 clusit
674 5266 688 5305 :
720 5257 777 5302 ut
802 5246 943 5319 quod
972 5260 1065 5316 per
1093 5243 1477 5312 diSputationes
1506 5226 1765 5311 ejusmodi
1796 5238 1847 5292 in
1874 5237 2081 5307 aliquo-

488 5360 605 5401 rum
636 5352 840 5398 mentes
867 5339 1101 5408 irrepere
1130 5342 1365 5406 cmperat
1384 5374 1399 5400 ,
1429 5331 1495 5386 de
1523 5331 1699 5405 salute~
1719 5329 1936 5409 veniens
1961 5331 2082 5409 uni-

490 5437 613 5490 tatis
642 5432 907 5505 potentior
936 5405 1132 5483 veritas
1157 5405 1543 5481 ctuniversalis
1567 5422 1825 5478 medicina
1846 5405 2077 5475 sanaret.

492 5524 645 5581 Hunc
682 5526 857 5595 itaque
881 5510 1182 5577 sermOnem
1220 5516 1435 5571 videant
1459 5529 1616 5585 quam
1645 5528 1862 5569 securus
1891 5527 2078 5583 aggreo

493 5617 627 5670 diar.
668 5617 722 5671 Si
756 5612 967 5684 assequi
1002 5620 1056 5666 et
1092 5609 1372 5665 ostendere
1397 5623 1502 5661 non
1532 5618 1782 5676 potuero,
1815 5605 2081 5676 quomodo

494 5706 801 5761 refellantur
843 5720 905 5761 ea
952 5718 1069 5774 qua:
1111 5702 1176 5755 de
1203 5685 1428 5754 concilio
1457 5696 1704 5771 Cypriani
1734 5696 1816 5751 vel
1842 5695 2081 5763 epistolis

496 5798 610 5863 eius
635 5796 932 5862 affirmant,
966 5793 1163 5851 Christi
1190 5786 1514 5857 Baptismhm
1547 5804 1638 5859 per
1667 5790 1945 5843 haereticos
1970 5788 2078 5840 dari

2178 2790 2287 2833 non
2329 2793 2530 2854 posse;
2574 2776 2626 2837 in
2668 2778 2902 2838 Ecclesia
2948 2781 3176 2839 manebo
3216 2795 3432 2838 securus
3456 2823 3472 2849 ,
3520 2784 3572 2837 in
3620 2785 3772 2855 cujus

2173 2871 2550 2939 communione
2574 2888 2694 2928 cum
2716 2873 2795 2929 eis
2815 2874 2905 2944 qui
2930 2874 3032 2929 sibi
3058 2889 3163 2929 non
3186 2884 3589 2941 consenserant,
3612 2894 3766 2932 man-

2178 2959 2253 3013 sit
2279 2959 2392 3029 ipse
2418 2961 2733 3035 Cyprianus.

2260 3050 2313 3105 '5.
2339 3052 2501 3120 Quod
2528 3054 2571 3109 si
2597 3054 2814 3123 dicunt,
2836 3066 3117 3128 propterea
3145 3067 3268 3114 tunc
3293 3060 3435 3114 illam
3460 3060 3776 3116 catholicam

2179 3140 2473 3199 Ecclesiam
2496 3146 2684 3211 fuisse,
2714 3148 2835 3218 quia
2857 3158 3013 3204 erant
3042 3151 3109 3204 ibi
3141 3152 3326 3220 pauci,
3360 3151 3443 3205 vel
3469 3152 3513 3204 si
3547 3153 3645 3206 hoc
3675 3168 3776 3221 pu-

2180 3242 2293 3288 tant
2311 3274 2327 3303 ,
2355 3237 2514 3291 etiam
2540 3239 2691 3319 multi
2718 3240 2809 3310 qui
2832 3240 3157 3311 Baptismum
3188 3242 3367 3296 datum
3394 3242 3533 3311 apud
3559 3242 3778 3298 lucreti-

2178 3342 2274 3383 cos
2314 3328 2713 3400 improbabant,
2758 3342 2813 3388 et
2839 3334 3180 3403 baptizabant
3204 3349 3300 3389 eos
3325 3335 3412 3405 qui
3442 3334 3564 3389 inde
3592 3335 3779 3389 venie-

2179 3420 2306 3476 bant
2332 3440 2345 3477 :
2372 3422 2508 3489 Quid
2533 3425 2703 3495 ergo?
2729 3426 3226 3499 anteyAgrippinum
3249 3465 3265 3492 ,
3298 3441 3327 3478 a
3358 3442 3463 3495 quo
3489 3427 3586 3480 ista
3612 3415 3780 3496 cmpit

2180 3513 2329 3591 quasi
2374 3528 2508 3569 nova
2550 3516 2683 3571 ratio
2728 3516 2984 3570 adversus
3018 3514 3455 3570 consuetudinem
3482 3516 3782 3583 dimicans,

2182 3599 2434 3689 numquid
2464 3622 2568 3661 non
2595 3615 2708 3660 erat
2733 3606 3013 3665 Ecclesia?
3038 3605 3174 3674 Quid
3196 3606 3421 3675 denique
3443 3617 3564 3676 past
3585 3610 3785 3679 Agrip-

2181 3696 2394 3766 pinum,
2435 3697 2650 3767 quando
2686 3697 2786 3751 nisi
2825 3696 2890 3751 ad
2920 3697 3194 3766 pristinam
3221 3697 3659 3753 consuetudinem
3690 3715 3788 3755 re-

2180 3788 2349 3861 ditum
2389 3797 2568 3856 esset,
2609 3789 2835 3843 alterum
2871 3788 3042 3861 moliri
3068 3787 3348 3842 concilium
3378 3803 3483 3841 non
3510 3798 3655 3843 esset
3682 3805 3789 3844 ne~

2181 3875 2333 3953 cosse
2357 3878 2649 3951 Cypriano,
2675 3880 2928 3950 numquid
2956 3880 3059 3935 non
3089 3864 3205 3934 erat
3224 3878 3482 3944 Ecclesia,
3508 3880 3630 3949 quia
3658 3881 3788 3936 talis

2182 3986 2280 4041 per
2303 3973 2480 4026 omnia
2511 3971 2839 4026 consuetudo
2868 3971 3145 4026 tenebatur
3167 4011 3184 4035 ,
3212 3978 3268 4024 ut
3293 3970 3595 4040 Baptismus
3622 3970 3786 4025 Chri-

2183 4064 2249 4135 sti
2277 4064 2488 4118 nonnisi
2509 4062 2702 4143 Cltristi
2731 4063 3031 4139 Daptismus
3062 4061 3380 4143 haberetur,
3408 4060 3618 4116 etiamsi
3637 4061 3784 4130 apud

2185 4146 2469 4227 haereticos
2505 4155 2589 4225 vel
2631 4136 3000 4233 schismaticos
3040 4136 3195 4209 datus
3220 4153 3403 4217 fuisse
3429 4154 3786 4227 probaretur?

2184 4246 2335 4315 Quod
2358 4246 2412 4318 si
2432 4247 2721 4309 eratetiam
2748 4256 2871 4301 tunc
2897 4245 3132 4300 Ecclesia
3152 4285 3167 4309 ,
3198 4253 3252 4322 et
3272 4243 3560 4322 hmreditas
3582 4243 3785 4299 Christi

2185 4352 2291 4391 non
2319 4325 2609 4406 interrupta
2652 4322 2914 4406 perierat,
2956 4334 3049 4411 sed
3080 4349 3175 4403 per
3210 4318 3397 4389 omnes
3429 4318 3615 4403 gentes
3641 4348 3785 4404 aug-

2185 4438 2365 4484 menta
2414 4426 2633 4503 capiens
2690 4425 3078 4497 permanebat;
3121 4425 3382 4500 tutissima
3427 4425 3563 4478 ratio
3603 4434 3686 4479 est
3727 4426 3781 4480 in

2185 4512 2370 4577 eadem
2410 4506 2793 4587 consuetudine
2840 4506 3185 4586 permanere,
3222 4532 3339 4585 qu:e
3382 4510 3505 4570 tunc
3535 4516 3776 4571 bonoset

2187 4614 2356 4669 malos
2382 4626 2484 4666 una
2510 4608 2880 4680 complexione
2908 4609 2924 4641 ι
2947 4608 3215 4679 portabat.
3243 4607 3300 4663 Si
3322 4617 3496 4663 autem
3526 4614 3650 4660 tunc
3674 4622 3784 4659 non

2187 4714 2302 4762 erat
2347 4704 2620 4771 Ecclesia,
2657 4703 2778 4773 quia
2812 4700 3052 4772 sacrilegi
3091 4700 3330 4755 hmretiei
3372 4683 3487 4753 sine
3512 4695 3783 4769 Baptismo

2187 4798 2579 4868 recipiebantur
2601 4838 2616 4863 ,
2662 4805 2717 4851 et
2754 4795 2854 4850 hoc
2883 4793 3178 4864 universali
3220 4790 3604 4847 consuetudine
3636 4799 3775 4844 tene-
3835 4857 3847 4865 δ

2188 4891 2378 4956 batur;
2403 4888 2544 4943 unde
2569 4889 2805 4942 Donatus
2830 4883 3109 4956 apparuit?
3131 4884 3198 4958 de
3219 4898 3319 4953 qua
3348 4892 3489 4937 terra
3510 4879 3782 4959 germina-

2188 4983 2305 5037 vit?
2334 4982 2401 5036 de
2434 4995 2541 5051 quo
2579 4978 2711 5033 mari
2748 4975 3005 5033 emersit?
3032 4974 3099 5030 de
3128 4988 3233 5045 quo
3259 4973 3398 5028 coelo
3422 4970 3649 5027 cecidit?
3673 4970 3783 5026 Nos

2188 5077 2395 5146 itaque,
2427 5084 2484 5128 ut
2507 5073 2683 5128 dicere
2712 5084 2977 5139 coeperam
3000 5108 3013 5133 ,
3044 5068 3095 5122 in
3122 5067 3237 5137 ejus
3260 5066 3515 5121 Ecclesiae
3536 5078 3782 5133 comma.

2188 5171 2347 5225 nione
2372 5166 2545 5222 securi
2574 5177 2758 5218 sumus
2780 5204 2795 5228 ,
2827 5177 2921 5232 per
2948 5159 3101 5230 cujus
3127 5159 3525 5239 universitatem
3557 5155 3609 5211 id
3640 5170 3784 5209 nunc

2188 5262 2393 5333 agitur,
2440 5258 2582 5329 quod
2626 5267 2680 5312 et
2720 5265 2845 5311 ante
2888 5254 3259 5325 Agrippinum,
3290 5261 3343 5306 et
3368 5252 3507 5306 inter
3531 5251 3783 5322 Agrippi-

2186 5370 2315 5409 num
2359 5364 2413 5406 et
2447 5348 2768 5422 Cyprianum
2812 5361 2906 5415 per
2946 5340 3060 5414 ejus
3098 5343 3492 5397 universitatem
3537 5340 3783 5421 similiter

2188 5444 2471 5517 agebatur;
2495 5449 2547 5496 et
2561 5438 2711 5509 cujus
2733 5437 3128 5492 universitatem
3152 5422 3665 5508 nequeﬂAgrippiuus
3683 5430 3783 5485 duo

2187 5536 2389 5599 seruit,
2420 5546 2590 5603 neque
2613 5528 2949 5602 Cyprianus,
2974 5539 3146 5597 neque
3174 5526 3246 5580 illi
3275 5525 3366 5595 qui
3386 5525 3465 5579 eis
3494 5532 3786 5579 consense-

2223 5728 2435 5839 ἀλωαὶ,
2472 5726 2521 5778 in
2564 5738 2661 5775 una
2705 5722 3046 5787 cmptea’ionc.
3100 5720 3274 5781 Abest,
3314 5713 3392 5781 in,
3438 5730 3465 5767 ι
3519 5716 3786 5765 manusdi-

2186 5804 2279 5849 pus
