4050 6206
414 345 519 415 Ηὸ

412 464 608 529 quanta
639 452 766 509 mihi
810 452 969 506 etiam
1015 448 1179 518 ipsius
1212 439 1693 536 Cypriani—littera:
1715 448 1995 536 suggesse-

417 526 517 604 rim
550 561 647 618 pro
678 546 776 600 hac
801 540 1085 603 sententia,
1116 550 1273 606 quam
1305 549 1442 588 nunc
1470 530 1707 586 Ecclesia
1737 526 1994 581 catholica

416 649 581 704 tenet,
616 646 672 691 ut
699 632 894 690 Christi
924 630 1224 700 Ihptismus
1252 642 1355 679 non
1382 640 1449 678 ex
1478 622 1670 677 merito
1696 630 1999 719 eorumvper

415 745 551 803 quos
579 728 753 790 datur,
783 723 875 779 sed
906 738 969 777 ex
997 720 1165 791 ipsius
1182 716 1262 778 de
1291 730 1396 787 quo
1437 714 1635 769 dictum
1664 719 1767 776 est,
1796 707 1897 803 llic
1917 714 1999 803 est

418 797 501 891 qui
526 821 744 888 baptisal
762 814 944 887 (Joan.
967 830 1004 875 ι,
1033 810 1148 883 '55),
1170 805 1536 879 agnoscendus
1553 813 1606 905 et
1625 797 2003 905 apprehendas

417 890 508 977 sit,
550 913 601 965 in
645 922 929 979 progressu
960 902 1222 960 sermonis
1261 902 1427 955 nostri
1458 913 1545 953 res
1585 896 1698 965 ipsa
1728 890 1997 948 indicabit.

418 1003 755 1058 Arbitremur
793 1000 971 1068 itaque
994 996 1103 1066 jam
1149 993 1292 1048 illam
1320 990 1619 1061 epistolam,
1808 984 1879 1085 ad

420 1095 667 1149 haianum
699 1092 767 1148 ab
794 1090 982 1145 eodem
1004 1087 1124 1141 data
1151 1093 1252 1149 est,
1280 1083 1553 1139 recitatum
1586 1078 1760 1141 nobis,
1788 1077 1925 1132 sicut
1952 1077 2003 1128 in

421 1184 648 1241 concilio
677 1183 750 1255 (τι)
784 1182 1000 1238 recitata
1028 1188 1127 1234 est.
1159 1178 1320 1247 Legat
1344 1189 1461 1231 eam
1492 1173 1685 1244 primo,
1708 1170 1798 1240 qui
1841 1170 2007 1223 lectu-

424 1292 515 1332 rus
538 1287 618 1331 est
641 1275 754 1330 lucc
784 1288 903 1343 qua:
931 1271 1166 1326 dicturus
1193 1282 1329 1331 sum,
1364 1280 1432 1320 ne
1456 1263 1579 1334 quid
1604 1262 1737 1318 forte
1754 1271 2009 1316 necessa~

423 1370 562 1424 rium
595 1383 680 1422 me
708 1364 1036 1421 subtraxisse
1077 1361 1384 1415 arbitretur.
1414 1356 1581 1412 Nimis
1617 1354 1760 1412 enim
1794 1355 2007 1423 longum

426 1471 532 1527 est,
560 1475 657 1515 nec
685 1458 751 1513 ad
797 1454 1202 1525 explicationem
1253 1458 1515 1519 susceptae
1550 1446 1637 1521 rei
1673 1444 1921 1516 pertinet,
1951 1449 2010 1496 ut

427 1551 605 1606 omnia
634 1548 794 1604 verba
821 1546 979 1616 hujus
1009 1542 1248 1613 epistola:
1297 1554 1438 1595 nunc
1464 1544 1951 1594 commemorentur
1978 1547 2009 1587 a

428 1643 600 1697 nobis.

496 1730 724 1788 CAPUT
752 1730 815 1784 Υ.
843 1760 913 1769 -
931 1730 985 1784 7.
1016 1727 1072 1783 Si
1113 1725 1231 1796 quis
1262 1733 1438 1781 autem
1465 1720 1676 1794 quierit,
1703 1718 1828 1790 quid
1873 1718 2011 1772 inte-

429 1827 530 1881 rim
558 1834 766 1879 teneam
796 1823 923 1877 dum
961 1822 1059 1877 ista
1090 1827 1358 1890 pertracto
1386 1835 1402 1871 :
1432 1814 1753 1886 respondeo,
1781 1813 2012 1884 primum

432 1917 559 1971 mihi
587 1915 837 1987 Cypriani
870 1914 1071 1967 litteras
1113 1910 1441 1981 suggessisse
1466 1907 1607 1978 quod
1656 1915 1887 2007 teneam,
1918 1903 2016 2007 do-

432 2022 532 2061 nec
560 2005 872 2076 perspiciam
895 2003 1050 2074 quale
1070 2002 1139 2055 sit
1167 2000 1309 2071 quod
1338 1999 1707 2069 cmpitpostea
1735 1996 2012 2066 disputari.

432 2099 522 2153 Ait
549 2098 745 2168 quippe
787 2096 901 2165 ipse
946 2094 1244 2165 Cyprianus
1276 2110 1290 2146 :
1323 2091 1429 2146 Sed
1476 2090 1598 2143 dicit
1637 2089 1840 2158 aliquis,
1880 2086 2016 2151 Quid

430 2207 551 2261 ergo
573 2191 655 2259 ﬁet
677 2190 740 2243 de
758 2188 820 2243 iis
841 2188 927 2257 qui
951 2188 1001 2241 in
1027 2186 1332 2256 prwteritum
1358 2183 1421 2236 de
1444 2182 1625 2237 lueresi
1660 2180 1909 2235 venientes
1947 2179 2015 2232 ad

434 2282 740 2346 Ecclesium,
763 2282 872 2334 sine
904 2278 1166 2351 Baptismo
1203 2276 1412 2330 admissi
1451 2284 1566 2329 sunt
1591 2272 1785 2347 (Epist.
1817 2272 1906 2333 75.
1948 2272 2017 2323 ad

430 2371 991 2443 Jubaianum)?Utrum
1018 2382 1202 2425 revera
1232 2368 1346 2423 sine
1371 2366 1644 2436 Baptismo
1672 2365 1757 2419 isti
1784 2362 2015 2427 fuerint;

433 2479 501 2518 an
552 2462 672 2518 ideo
700 2463 806 2517 sint
851 2460 1087 2523 admissi,
1120 2459 1241 2529 quia
1289 2457 1362 2511 illi
1405 2456 1494 2527 qui
1524 2454 1895 2521 admittebant,
1925 2469 2019 2508 eos

434 2555 634 2611 habere
680 2554 1006 2623 Baptismum
1046 2548 1441 2619 intelligebant,
1490 2562 1613 2602 mox
1660 2545 2023 2601 considerabi-

433 2662 571 2701 mus.
605 2645 981 2700 Vcrumtamen
1002 2657 1119 2712 qua:
1142 2641 1338 2695 soleret
1358 2654 1478 2694 esse
1509 2637 1762 2693 Ecclesia:
1790 2651 2015 2691 consue-

432 2737 582 2804 tudo,
609 2736 736 2791 satis
759 2736 897 2790 idem
918 2732 1214 2805 Cyprianus
1235 2730 1486 2797 ostendit,
1504 2730 1593 2800 qui
1613 2730 1705 2795 ait,
1728 2729 1780 2783 in
1801 2736 2019 2798 prseter-

431 2830 561 2884 itum
598 2828 669 2883 de
713 2826 901 2881 hwresi
940 2823 1007 2879 ad
1048 2821 1339 2878 Ecclesiam
1368 2820 1641 2876 venientes
1681 2820 1797 2874 sine
1828 2819 2019 2890 Baptis-

427 2935 549 2977 smo
569 2920 853 2975 admissos.

503 3012 558 3067 8.
602 3010 737 3065 Dicit
775 3009 935 3064 etiam
983 3008 1035 3062 in
1082 3008 1198 3077 ipso
1222 3005 1451 3061 concilio
1476 3005 1665 3061 Castus
1712 3002 2015 3058 Siccensis:

350 3086 355 3093 ’
433 3106 537 3173 Qui
587 3113 873 3173 contempta
919 3102 1125 3157 ueritate
1176 3101 1433 3171 pra-sumit
1476 3098 1881 3152 consuetudinem
1935 3113 2017 3149 se-

429 3197 515 3266 qui
541 3238 555 3260 ,
604 3205 692 3249 aut
737 3195 872 3249 circa
914 3196 1095 3265 fratres
1124 3191 1325 3245 invidus
1349 3200 1421 3244 est
1451 3201 1495 3243 et
1533 3186 1803 3259 malignus,
1843 3188 2019 3257 quibus

431 3289 610 3343 veritas
638 3285 923 3351 revelatur;
952 3292 1039 3337 aut
1068 3283 1201 3336 circa
1232 3280 1391 3334 Deum
1408 3281 1635 3349 ingratus
1656 3289 1748 3345 est,
1775 3282 1919 3349 cujus
1938 3281 2017 3332 in-

429 3380 707 3450 spiratione
736 3376 960 3432 Ecclesia
985 3376 1095 3442 eius
1120 3373 1403 3427 instruitur.
1436 3371 1621 3427 Utrum
1646 3371 1842 3425 veritus
1865 3386 2015 3426 reve-

432 3472 537 3526 lata
558 3471 649 3537 sit,
678 3484 799 3524 mox
820 3480 1121 3539 quccremus
1145 3483 1159 3520 τ
1190 3473 1365 3519 tamen
1386 3464 1543 3520 aliam
1570 3462 1594 3517 f
1594 3463 1735 3518 uisse
1759 3462 2011 3517 Ecclesia:

431 3562 892 3625 consuetudinem,
921 3560 1081 3615 etiam
1112 3560 1211 3614 iste
1229 3556 1506 3611 confessus
1531 3564 1632 3611 est.

503 3653 730 3709 CAPUT
768 3652 856 3705 Vl.
887 3680 960 3692 —-
992 3652 1044 3707 9.
1089 3649 1227 3705 Dicit
1263 3658 1319 3704 et
1362 3649 1586 3703 Libosus
1628 3647 1880 3717 Vagensis
1910 3666 1920 3701 :
1952 3646 2016 3701 In

432 3745 711 3818 Evangelia
741 3743 990 3798 Dominus
1010 3784 1023 3807 ,
1078 3760 1097 3794 ς
1132 3740 1243 3812 Ego
1271 3757 1411 3805 sum,
1441 3758 1460 3791 ι
1495 3740 1688 3810 inquit,
1737 3758 1755 3790 ι
1785 3739 1962 3792 veritas
1986 3755 2009 3791 ι

432 3839 613 3911 (Joan.
643 3854 749 3900 xw,
773 3835 827 3907 6)
854 3852 867 3889 :
897 3851 997 3889 non
1047 3832 1196 3897 dixit,
1246 3831 1357 3903 ligo
1396 3847 1509 3885 sum
1546 3831 1869 3884 consuetudo.
1902 3828 2016 3882 11η-

434 3948 529 3995 que
579 3929 784 3984 veritate
830 3925 1153 3995 manifestata
1174 3965 1188 3988 ,
1240 3922 1384 3976 cedat
1439 3922 1744 3976 consuetudo
1796 3921 2012 3975 veritati.

434 4024 593 4079 Plane
621 4023 739 4093 quis
783 4020 989 4075 dubitet
1017 4016 1227 4072 veritati
1270 4012 1619 4069 manifestata:
1657 4014 1854 4069 debere
1876 4028 2013 4068 con-

433 4114 770 4170 suetudinem
795 4111 1022 4167 cedere?
1053 4100 1159 4163 Sed
1186 4106 1253 4160 de
1280 4103 1613 4157 manifestata
1643 4104 1863 4159 veritate
1893 4120 2015 4159 mox

432 4205 726 4260 videbimus
751 4221 763 4257 :
794 4214 933 4256 nunc
959 4208 1137 4253 tamen
1161 4204 1214 4249 et
1251 4194 1352 4248 iste
1380 4192 1537 4246 aliam
1573 4193 2013 4249 consuetudinem

432 4297 596 4351 fuisse
622 4292 948 4348 manifestat.

504 4383 731 4440 CAPUT
758 4381 870 4437 VII.
890 4408 959 4419 -—-
982 4378 1068 4434 10.
1102 4376 1230 4432 ltem
1256 4375 1501 4430 Zosimus
1521 4390 1550 4428 a
1566 4373 1826 4428 Tharassa
1849 4374 2012 4428 dixit:

437 4475 757 4531 Revelatione
787 4477 925 4542 facta
950 4470 1191 4536 veritatis,
1225 4468 1369 4523 cedat
1398 4483 1538 4521 error
1560 4467 1755 4520 veritati
1783 4484 1801 4521 :
1827 4468 1946 4535 quia
1972 4478 2017 4521 et

438 4568 620 4622 Petrus
639 4566 726 4638 qui
753 4564 894 4635 prius
916 4560 1333 4625 circumcidebat,
1372 4558 1516 4613 cessit
1559 4557 1725 4612 Paulo
1760 4560 2016 4613 veritatem

435 4657 755 4730 pra-dicanti.
785 4654 964 4709 Noluit
991 4652 1203 4723 quidem
1230 4652 1331 4705 iste
1356 4649 1534 4705 dicere
1555 4649 2014 4716 consuetudinem,

433 4752 527 4806 sed
558 4764 795 4805 errorem
826 4765 839 4801 :
876 4754 1243 4801 verumtamen
1270 4758 1389 4799 cum
1413 4742 1562 4809 dicit,
1590 4742 1721 4809 Quia
1749 4752 1796 4796 et
1833 4742 2017 4797 Petrus

434 4844 519 4913 qui
549 4842 689 4912 prius
720 4838 1126 4903 circumcidebat,
1162 4836 1305 4890 cessit
1342 4834 1510 4888 Paulo
1535 4835 1790 4888 veritatem
1832 4835 2020 4904 prtedi-

434 4933 645 4999 dicanti,
682 4931 811 4986 satis
838 4929 1033 4984 iudicat
1061 4926 1203 4998 quod
1245 4926 1388 4981 aliud
1429 4927 1588 4982 etiam
1635 4925 1704 4980 de
1748 4926 2019 4997 Baptismo

437 5025 553 5081 fieri
573 5022 798 5080 solebat.
821 5020 989 5077 Simul
1011 5030 1065 5074 et
1088 5019 1338 5074 admonet
1358 5032 1477 5082 nos,
1502 5034 1607 5071 non
1634 5016 1796 5072 fuisse
1824 5018 2021 5086 impos~

436 5116 593 5173 sibile
624 5123 681 5171 ut
699 5114 769 5170 de
795 5112 1067 5181 Baptismo
1093 5108 1388 5181 Cyprianus
1415 5107 1611 5178 aliquid
1632 5108 1788 5163 aliter
1808 5118 2021 5179 saperet

436 5222 595 5278 quam
636 5205 835 5260 veritas
876 5200 1196 5272 postulabat,
1239 5215 1359 5270 quas
1406 5199 1474 5255 ab
1509 5199 1744 5255 Ecclesia
1787 5207 1843 5254 et
1895 5210 2020 5255 ante

436 5299 582 5355 illum
634 5305 688 5352 et
731 5303 852 5365 post
896 5292 1042 5347 illum
1093 5300 1298 5347 retenta
1346 5299 1460 5355 est;
1519 5291 1563 5344 si
1608 5291 1779 5360 potuit
1823 5291 2020 5361 aliquid

434 5393 593 5447 etiam
634 5389 825 5446 Petrus
866 5384 1022 5440 aliter
1059 5398 1249 5453 sapere
1288 5398 1447 5453 quam
1488 5384 1684 5438 veritas
1731 5382 2017 5448 habebat‘,

435 5497 594 5551 quam
641 5478 807 5536 Paulo
844 5473 1087 5546 apostolo
1126 5472 1346 5530 doctore
1382 5470 1669 5529 didicimus
1717 5471 1913 5547 (Gatat.
1960 5490 2015 5541 ιι,

443 5570 655 5640 ius).

496 5726 514 5756 ⁸
544 5723 628 5773 Αιίί
653 5724 822 5786 plures
838 5724 966 5781 libri,
991 5722 1120 5786 quod
1142 5720 1320 5773 veritas
1342 5733 1435 5771 non
1457 5718 1674 5772 habebat.

494 5789 567 5851 ta)
589 5785 964 5849 Cutiuginensi.

1157 5913 1375 5923 ...νον-φὼς

1154 329 1243 384 nr.
1284 320 1616 381 BAPTISMO
1654 317 1925 373 comm
1970 312 2411 381 noxirtsrss,
2456 316 2511 370 s.
2554 316 2922 374 AUGUSTINI

3590 327 3686 392 ιιι

2179 427 2403 484 CAPUT
2437 428 2564 484 Vlil.
2588 463 2659 472 —
2684 434 2702 485 l
2723 435 2767 487 Ι.
2794 432 2923 488 ltem
2957 434 3105 490 Felix
3140 451 3168 489 a
3199 437 3507 493 Buslaceni’
3530 440 3693 496 dixit;

2110 518 2135 571 Ι
2145 538 2174 573 ιι
2202 521 2446 575 Ita’reticis
2471 524 2579 577 sine
2609 523 2849 579 Ecclesite
2870 524 3139 592 Bnptismo.
3161 530 3517 596 admittendis,
3548 550 3695 588 nemo

2109 613 2518 666 consuetudinem
2548 616 2733 668 rationi
2771 627 2816 669 et
2855 618 3048 671 veritati
3092 633 3386 690 prwpouat;
3424 624 3542 693 quia
3566 641 3694 678 con-

2109 706 2423 760 suetudinem
2468 708 2596 761 ratio
2636 716 2683 761 et
2726 710 2905 763 veritas
2942 727 3136 781 scmprr
3174 714 3417 767 excludit.
3449 714 3503 770 Si
3535 716 3692 781 ratio,

2112 798 2155 851 si
2183 798 2397 864 veritas,
2431 801 2631 868 optime
2662 818 2673 851 :
2708 800 2801 855 sed
2830 801 2929 855 hoc
2965 817 3085 856 mox
3115 802 3430 859 videbimus.
3476 805 3697 862 Interim

2111 889 2268 944 aliam
2311 889 2474 947 fuisse
2506 894 2947 948 consuetudinem
2980 896 3139 950 etiam
3182 897 3360 952 verbis
3401 899 3557 969 hujus
3598 916 3701 971 ap-

2114 994 2283 1053 paret.
3611 1010 3614 1014 ~

2183 1073 2409 1131 CAPUT
2448 1076 2537 1131 IX.
2563 1108 2632 1118 —
2661 1077 2748 1133 12.
2790 1080 2919 1136 ltem
2948 1081 3248 1139 llonoratus
3271 1101 3300 1140 a
3325 1086 3497 1142 Tucca
3524 1088 3689 1148 dixit:

2115 1164 2240 1221 Cum
2254 1165 2499 1223 Christus
2528 1171 2711 1227 veritas
2734 1174 2818 1241 sit,
2842 1177 3004 1245 magis
3032 1179 3288 1232 veritatem
3306 1196 3459 1249 quam
3486 1199 3702 1239 consue-

2116 1260 2338 1314 tudinem
2364 1264 2504 1334 sequi
2531 1265 2781 1322 debemus.
2824 1268 2918 1324 llis
2944 1272 3191 1328 omnibus
3220 1279 3500 1333 sententiis
3524 1279 3703 1336 decla-

2116 1364 2265 1407 ratur
2312 1370 2415 1409 non
2459 1366 2609 1412 extra
2656 1359 2912 1416 Ecclesia:
2951 1368 3382 1424 communionem
3434 1386 3532 1427 nos
3581 1389 3705 1429 esse

2117 1447 2454 1515 constitutos,
2480 1448 2655 1505 donec
2675 1453 2890 1519 veritas,
2929 1468 3086 1525 quam
3111 1458 3293 1515 dicunt
3327 1462 3449 1518 huic
3476 1479 3704 1522 consue-

2119 1537 2287 1591 tudini
2315 1554 2435 1594 esse
2466 1545 2899 1614 prmpouendam,
2933 1549 3133 1618 liquido
3158 1552 3406 1608 eluserit.
3438 1556 3495 1611 Si
3524 1568 3701 1614 autem

2118 1628 2316 1685 veritas
2348 1630 2399 1685 id
2427 1636 2637 1702 aperuit
2659 1651 2779 1692 esse
2805 1639 3163 1709 retinendum,
3186 1646 3325 1715 quod
3362 1647 3445 1701 illa
3475 1663 3705 1705 consue-

2121 1720 2249 1777 tudo
2276 1726 2703 1794 prmscripscrat;
2746 1730 3084 1788 manifestum
3104 1736 3232 1800 erit,
3271 1752 3368 1791 nec
3407 1738 3550 1795 illam
3590 1739 3707 1796 fru—

2121 1823 2230 1868 stra
2261 1813 2425 1871 fuisse
2452 1817 2748 1875 institutam
2778 1832 2937 1893 atque
2963 1825 3291 1893 roboratam,
3324 1839 3377 1884 et
3400 1831 3706 1901 vigilantius

2121 1905 2282 1961 etiam
2302 1918 2431 1976 post
2453 1909 2579 1975 istas
2608 1910 2995 1981 disputationes
3027 1919 3156 1973 tanti
3199 1919 3529 1977 Sacrameuti
3564 1925 3708 1978 salu-

2122 1994 2409 2053 berrimam
2450 2001 2876 2060 observationem
2920 2008 2973 2062 in
3016 2009 3252 2066 Ecclesia
3299 2014 3559 2069 catholica
3599 2033 3706 2072 non

2124 2091 2360 2158 potuisse
2384 2094 2597 2162 mutari,
2623 2095 2717 2151 sed
2748 2099 3091 2155 conciliorum
3118 2103 3276 2157 etiam
3301 2105 3488 2175 majori
3514 2107 3708 2165 robore

2123 2185 2491 2241 confirmatam
2519 2189 2917 2260 religiosissime
2939 2195 3217 2251 custodiri.

2197 2276 2428 2334 CAPUT
2467 2279 2533 2334 Χ.
2555 2311 2628 2321 -—-
2654 2285 2739 2339 l5.
2779 2283 2975 2341 Scribit
3012 2303 3140 2358 ergo
3174 2289 3240 2345 ad
3263 2291 3577 2349 Jubaianum
3601 2295 3708 2367 Cy-

2118 2369 2366 2438 prianus,
2397 2371 2461 2424 de
2484 2373 2834 2429 Ita’reticorum
2857 2377 3137 2449 Baptismo,
3162 2385 3249 2453 qui
3282 2384 3531 2441 videntur
3550 2388 3597 2443 ei
3623 2390 3708 2458 fo-

2126 2462 2198 2513 ris
2233 2464 2402 2529 positi,
2432 2476 2479 2519 et
2510 2476 2650 2521 extra
2692 2468 2970 2525 Ecclesium
2999 2476 3281 2541 constituti,
3326 2479 3580 2536 vindicare
3614 2483 3709 2537 sibi

2120 2566 2251 2617 rem,
2283 2570 2374 2606 nec
2388 2555 2526 2625 juris
2552 2559 2650 2623 sui,
2680 2575 2770 2613 nec
2791 2565 3071 2631 potestatis,
3102 2567 3237 2636 quod
3260 2585 3374 2637 nos,
3408 2572 3594 2642 inquit,
3619 2591 3710 2628 nec

2119 2652 2293 2697 ratum
2340 2662 2606 2717 possumus
2652 2666 2746 2705 nec
2786 2654 3060 2725 legitimum
3114 2669 3327 2728 putare,
3374 2666 3577 2732 quando
3616 2667 3710 2719 hoc

2127 2737 2267 2805 apud
2291 2753 2377 2792 eos
2400 2756 2508 2794 esse
2527 2752 2716 2797 constet
2740 2743 2992 2800 illicitum.
3024 2747 3131 2804 Nec
3163 2766 3259 2806 nos
3284 2753 3561 2809 abnuimus
3584 2771 3707 2811 eum

2127 2826 2216 2894 qui
2264 2829 2400 2897 apud
2445 2828 2724 2887 hmretiros
2765 2834 2850 2889 vel
2895 2835 2946 2889 in
2999 2838 3180 2908 aliquo
3222 2842 3507 2899 schismate
3554 2854 3710 2901 extra

2118 2919 2558 2975 communionem
2606 2923 2855 2979 Ecclesia:
2898 2926 3215 2999 baptizatur,
3247 2947 3350 2987 non
3380 2935 3427 2988 ci
3456 2935 3711 3004 prodesse

2128 3009 2181 3063 l'n
2199 3021 2451 3079 quantum
2481 3011 2851 3070 hrereticorum
2878 3027 2935 3072 et
2960 3019 3415 3079 schismaticorum
3444 3029 3709 3097 perversi-

2130 3101 2221 3154 tati
2249 3104 2541 3169 consentit;
2575 3120 2674 3161 nec
2700 3106 2817 3161 illos
2845 3109 2935 3178 qui
2963 3109 3250 3180 baptizant,
3277 3119 3518 3185 quamvis
3538 3119 3708 3188 ipsum

2127 3198 2181 3243 et
2225 3204 2407 3245 verum
2450 3192 2578 3248 dent
2618 3195 2871 3265 Baptismi
2914 3212 3325 3270 sacramentum,
3360 3217 3503 3263 recte
3533 3218 3710 3266 tamen

2127 3280 2319 3347 facere,
2349 3292 2499 3338 extra
2518 3286 2808 3343 Ecclesium
2826 3291 3095 3361 colligere,
3126 3304 3180 3350 et
3205 3307 3390 3352 contra
3419 3299 3708 3356 Ecclesiam

2125 3373 2343 3427 sentire.
2378 3372 2482 3430 Sed
2512 3377 2656 3432 aliud
2683 3390 2766 3434 est
2802 3396 2905 3437 non
2946 3382 3144 3440 habere
3176 3386 3393 3457 aliquid,
3431 3391 3573 3446 aliud
3602 3408 3707 3447 nou

2116 3462 2241 3531 jure
2267 3463 2465 3521 habere
2494 3468 2578 3522 vel
2609 3469 2789 3526 illicite
2813 3488 3089 3542 usurpare.
3118 3475 3234 3530 Non
3266 3478 3442 3549 itaque
3463 3481 3582 3537 ideo
3604 3499 3711 3539 non

2125 3566 2249 3611 sinit
2273 3558 2610 3615 Sacramenta
2636 3563 2833 3618 Christi
2867 3576 2921 3620 et
2944 3568 3226 3637 Ecclesiae,
3257 3574 3379 3641 quia
3406 3577 3487 3629 eis
3528 3577 3712 3633 illicite

2125 3655 2363 3714 utuntur,
2395 3665 2500 3704 non
2533 3651 2765 3709 haeretici
2793 3657 2985 3723 solum,
3018 3660 3111 3713 sed
3137 3662 3298 3715 etiam
3324 3679 3510 3737 omnes
3536 3669 3709 3737 iniqui

2126 3750 2179 3792 et
2208 3740 2375 3809 impii.
2407 3741 2511 3796 Sed
2545 3752 2719 3799 tamen
2747 3746 2820 3801 illi
2850 3752 3145 3821 corrigendi
3176 3763 3265 3808 aut
3290 3756 3544 3825 puniendi
3579 3779 3591 3815 :
3621 3760 3711 3817 illa

2122 3846 2251 3886 vero
2272 3836 2609 3903 agnoscenda
2632 3848 2687 3893 et
2716 3842 3013 3897 veneranda
3040 3854 3183 3901 sunt.

2196 3926 2284 3978 Η.
2328 3926 2463 3982 Dicit
2487 3943 2616 3986 sane
2657 3930 2724 3986 de
2766 3932 2863 3987 hac
2909 3949 2968 3989 re
3000 3950 3108 3991 non
3146 3953 3333 4007 unum,
3364 3942 3459 3998 sed
3490 3944 3597 3999 duo
3625 3948 3707 4002 vel

2122 4018 2351 4087 amplius
2400 4020 2536 4075 facta
2584 4037 2703 4078 esse
2759 4027 3018 4095 concilia,
3070 4028 3165 4085 sed
3214 4042 3389 4089 tamen
3438 4036 3707 4096 Africana.

2122 4107 2259 4162 Nam"
2293 4119 2346 4164 et
2388 4112 2439 4166 iu
2488 4114 2716 4182 quodam
2759 4122 3092 4191 septuaginta
3136 4132 3191 4178 et
3230 4141 3390 4180 unum
3430 4130 3709 4200 episcopos

2123 4200 2286 4256 fuisse
2333 4215 2755 4275 commemorat,
2801 4223 3025 4279 quorum
3081 4217 3317 4270 omnium
3370 4221 3706 4288 auctoritati,

2122 4292 2386 4346 univcrsm
2412 4294 2667 4351 Ecclesiae
2695 4312 2816 4351 cum
2849 4299 3005 4370 longe
3035 4301 3273 4371 pluribus
3302 4308 3564 4378 episcopis
3596 4318 3709 4366 toto

2122 4382 2254 4437 orbe
2279 4383 2484 4438 diffusae
2512 4387 2882 4442 auctoritatem
2916 4406 3020 4445 non
3048 4392 3353 4451 dubitamus
3394 4414 3512 4453 cum
3545 4404 3711 4470 ipsius

2122 4470 2372 4543 Cypriani
2421 4489 2549 4544 pace
2587 4490 2924 4549 praeponere,
2965 4483 3118 4552 cujus
3150 4487 3409 4543 universae
3456 4491 3711 4548 Ecclesiae

2124 4564 2458 4620 inevulsibile
2489 4568 2783 4625 membrum
2813 4588 2871 4626 se
2900 4588 3020 4629 esse
3045 4577 3329 4644 gaudebat.

2197 4659 2283 4713 15.
2326 4658 2437 4714 Non
2464 4671 2545 4715 est
2570 4672 2748 4717 autem
2777 4682 2911 4737 aqua
2938 4669 3157 4737 profana
3181 4681 3228 4724 et
3256 4674 3485 4728 adultera
3505 4718 3518 4741 ,
3550 4691 3712 4746 super

2124 4764 2279 4818 quam
2337 4767 2531 4806 nomen
2578 4753 2671 4808 Dei
2720 4754 3015 4820 invocatur,
3062 4760 3269 4815 etiarnsi
3310 4779 3340 4817 a
3387 4765 3622 4834 profanis
3659 4777 3711 4823 et

2126 4841 2381 4898 adulteris
2438 4844 2713 4901 invocetur
2749 4864 2764 4901 :
2805 4849 2928 4918 quia
2981 4865 3080 4905 nec
3129 4851 3241 4921 ipsa
3288 4863 3571 4922 creatura,
3614 4875 3714 4914 nec

2127 4934 2299 5004 ipsum
2332 4926 2525 4992 nomen
2556 4938 2854 4995 adulterum
2886 4950 2987 4997 est.
3031 4942 3333 5014 Baptismus
3360 4963 3486 5004 vero
3514 4948 3713 5006 Chrisd

2127 5031 2302 5085 verbis
2328 5033 2649 5105 evangelicis
2677 5046 3038 5104 consecratus,
3066 5047 3123 5094 et
3160 5054 3256 5110 per
3281 5041 3554 5101 adulteros
3574 5052 3628 5099 et
3659 5045 3712 5099 in

2127 5122 2381 5181 adulteris
2401 5136 2614 5182 sanctus
2639 5138 2740 5195 est,
2764 5132 3011 5201 quamvis
3032 5131 3110 5187 illi
3136 5134 3243 5187 sint
3269 5135 3519 5204 impudici
3536 5146 3592 5193 et
3610 5138 3712 5192 im-

2128 5215 2310 5271 mundi
2344 5218 2504 5287 :qnia
2534 5219 2645 5289 ipsa
2680 5221 2796 5291 ejus
2823 5223 3074 5278 sanctitas
3100 5224 3267 5296 pollui
3298 5242 3402 5281 non
3437 5237 3631 5297 potest,
3667 5240 3721 5286 et

2128 5318 2462 5363 sacramento
2483 5323 2580 5363 suo
2601 5310 2777 5365 divina
2802 5313 2967 5367 virtus
2991 5316 3213 5382 assistit,
3242 5316 3357 5374 sive
3387 5319 3453 5372 ad
3484 5321 3712 5375 salutem

2128 5399 2263 5456 bene
2293 5402 2573 5469 utentium,
2609 5404 2724 5459 sive
2748 5404 2813 5459 ad
2840 5408 3127 5476 perniciem
3159 5410 3293 5465 male
3319 5413 3599 5467 utentium.
3627 5415 3705 5468 An

2127 5506 2255 5547 vero
2297 5488 2427 5547 solis
2466 5494 2559 5551 vel
2595 5494 2753 5549 etiam
2786 5497 3015 5553 lucerna:
3045 5499 3155 5565 lux,
3199 5516 3320 5555 cum
3361 5518 3457 5572 per
3493 5518 3715 5560 emnosa

2191 5658 2208 5723 ξ
2234 5654 2349 5703 Editi
2367 5687 2384 5714 ,
2403 5666 2436 5703 α
2458 5653 2750 5723 ζῖιιδιαοειιὶρ.
2777 5662 2831 5705 At
2853 5662 2985 5723 stes,
3006 5669 3038 5706 a
3066 5655 3315 5723 Πυθίαοεηὶ
3328 5694 3344 5719 ,
3384 5667 3445 5723 ut
3480 5661 3607 5723 apud
3627 5661 3721 5721 Cv-

2127 5718 2378 5783 prianum;
2404 5716 2482 5783 vel
2502 5753 2518 5775 ,
2538 5730 2570 5766 a
2610 5716 3016 5783 nuslacceui._sic
3051 5731 3170 5769 vero
3213 5716 3571 5783 antidoissimus
3604 5716 3726 5772 Cor-

2128 5778 2349 5831 beieusis
2372 5780 2546 5844 codex,
2572 5786 2623 5830 et
2646 5778 2974 5832 tdoriacensis.
