4050 6206
313 346 413 410 N5

303 469 629 538 diﬁunditur,
656 461 933 523 nihil‘inde
958 460 1196 519 sordium
1214 458 1499 526 contrahit,
1519 456 1887 528 et-baptismns

302 563 493 624 Christi
546 568 728 635 potest
775 557 1090 626 cujusquam
1141 551 1433 609 sceleribus
1486 546 1791 621 inquinari?
1833 544 1888 602 Si

302 659 441 715 enim
459 653 524 709 ad
545 653 691 723 ipsas
706 665 794 705 res
812 645 1054 702 visibiles
1078 644 1269 715 quibus
1287 642 1630 698 Sacramenta
1658 645 1891 694 tractan-

305 760 407 814 tur,
432 745 672 801 animum
698 737 1071 801 conferamus;
1114 735 1234 805 quis
1273 732 1602 788 nesciat-eas
1627 744 1748 785 esse
1772 741 1891 783 cor-

303 837 625 910 ruptibilesl'
659 834 717 892 Si
758 841 938 888 autem
981 828 1059 884 ad‘
1095 828 1149 883 id
1190 824 1343 897 quod
1376 840 1470 896 per
1511 823 1632 878 illas
1681 821 1889 892 agitur,

301 933 419 1005 quis
447 945 556 985 nan
582 925 760 981 videat
789 937 896 978 non
938 933 1097 992 posse
1123 915 1413 986 Corrumpi,
1444 912 1687 984 quamvis
1714 910 1889 965 homi-

306 1002 399 1079 nes
423 1036 523 1093 per
539 1015 894 1090 quosagitur,
922 1027 1019 1083 pro
1036 1010 1149 1065 suis
1169 1007 1404 1063 moribus
1426 1005 1509 1060 vel
1537 1002 1751 1074 praemia
1771 1012 1891 1072 per-

304 1116 522 1185 cipiant,
553 1110 637 1165 vel
669 1121 852 1178 poenas
881 1102 1065 1158 luam?
1165 1154 1181 1165 ,

373 1201 600 1263 CAPUT
628 1199 716 1257 XI.
743 1226 816 1239 —
838 1196 925 1253 ιϐ.
967 1192 1131 1250 Recte
1152 1202 1329 1247 autem
1356 1203 1463 1245 non
1486 1184 1890 1256 movitCypria-

305 1314 427 1355 num
450 1294 595 1368 quod
620 1291 837 1361 scripsit
863 1284 1153 1344 Jubaianus
1173 1327 1188 1351 ,
1235 1280 1634 1337 Novatianenses
1669 1275 1893 1346 rebapti-

305 1404 419 1443 κατε
445 1365 526 1440 eos
551 1383 638 1455 qui
659 1381 728 1436 ad
755 1396 810 1435 se
835 1394 898 1434 ea:
933 1373 1199 1432 Catholica
1232 1371 1476 1427 venirent.
1522 1368 1706 1438 Neque
1747 1365 1891 1421 enim

305 1477 559 1552 quidquid
590 1472 826 1530 btcrctici
853 1484 1101 1542 perverse
1138 1466 1336 1522 fuerint
1369 1462 1581 1527 imitati,
1609 1467 1892 1532 propterea

274 1574 289 1583 “
313 1546 616 1626 iaciendum
648 1580 679 1620 a
709 1560 998 1620 Catholicis
1025 1574 1131 1614 non
1160 1565 1263 1623 est,
1290 1554 1413 1626 quia
1439 1552 1515 1607 illi
1541 1550 1789 1606 similiter
1812 1546 1893 1602 fa-

311 1663 477 1718 ciunt.
499 1657 607 1715 Sed
629 1655 772 1712 aliud
798 1662 881 1710 est
909 1665 1005 1707 cur
1031 1647 1270 1705 htcretici
1299 1645 1639 1715 rebaptizare
1667 1655 1773 1696 non
1800 1639 1895 1695 de-

313 1754 489 1817 beant,
518 1747 660 1805 aliud
688 1760 788 1802 cur
809 1741 1108 1800 Catholica.
1153 1735 1405 1793 llmretici
1432 1734 1577 1790 enim
1614 1747 1714 1788 nee
1749 1731 1797 1787 si
1841 1730 1895 1786 in

311 1842 581 1899 Catholica
615 1834 914 1893 iaciendum
943 1839 1107 1899 esset,
1144 1829 1321 1884 facere
1354 1826 1644 1891 deberent;
1690 1823 1815 1894 quia
1842 1821 1896 1876 in

311 1933 599 1992 Catholicis
628 1930 731 1986 hoc
759 1943 865 1985 non
886 1941 1007 1983 esse
1035 1923 1239 1990 dicunt,
1267 1919 1408 1992 quod
1444 1918 1543 1988 ipsi
1572 1931 1693 1973 cum
1720 1915 1792 1971 ibi
1812 1928 1899 1970 es-

312 2037 427 2085 sent
476 2031 830 2096 acceperunt,
877 2030 1088 2077 etcum
1131 2013 1473 2071 discederent
1521 2010 1892 2066 abstulerunt:

312 2119 581 2178 Catholica
629 2130 758 2171 vero
800 2121 1084 2186 propterea
1133 2124 1240 2165 non
1280 2106 1439 2163 debet
1485 2106 1677 2161 iterare
1721 2102 1900 2173 Bapti-

314 2226 510 2275 smum,
538 2208 629 2280 qui
660 2205 799 2278 apud
837 2202 1117 2260 haereticos
1142 2200 1297 2257 datus
1324 2204 1425 2265 est,
1456 2211 1525 2253 ne
1559 2194 1797 2267 judicare
1822 2192 1899 2249 vi-

314 2302 500 2358 deatur
539 2299 777 2370 ipsorum
826 2309 946 2351 esse
993 2289 1137 2365 quod
1165 2288 1366 2346 Christi
1405 2295 1507 2355 est,
1551 2295 1642 2341 aut
1666 2300 1761 2342 eos
1790 2299 1898 2340 non

317 2393 533 2458 habere,
562 2388 707 2461 quod
739 2388 885 2443 intus
911 2400 1031 2441 cum
1061 2381 1388 2452 acceperint,
1433 2378 1681 2434 amittere
1716 2385 1901 2447 utique

318 2484 453 2539 foras
476 2479 730 2539 exeundo
754 2492 860 2534 non
887 2484 1130 2547 possunt.
1158 2472 1272 2529 Hoc
1303 2471 1445 2527 enim
1473 2470 1588 2541 ipse
1613 2471 1774 2525 etiam
1795 2468 1901 2540 Cy-

318 2576 529 2648 prianus
556 2586 678 2628 cum
706 2568 915 2627 ceteris
935 2566 1138 2631 statuit,
1169 2572 1229 2620 ut
1262 2564 1306 2620 si
1346 2562 1414 2617 ab
1437 2560 1733 2616 hacresihus
1772 2558 1899 2615 red-

318 2669 449 2723 irent
477 2664 545 2720 ad
572 2660 891 2725 Ecclesium,
930 2658 1250 2730 quicumque
1275 2652 1488 2709 fuerant
1528 2652 1581 2706 in
1620 2665 1685 2706 ea
1723 2648 1900 2720 bapti-

320 2759 438 2827 zati,
481 2772 591 2812 non
614 2755 724 2826 jam
754 2767 850 2824 per
885 2738 1236 2822 Baptismum,
1281 2745 1376 2802 sed
1404 2760 1498 2817 per
1536 2742 1902 2816 pmnitentiam

322 2844 888 2920 reciperenturmnde
912 2851 1124 2900 constat
1162 2854 1256 2897 eos
1299 2856 1408 2895 non
1452 2852 1612 2909 posse
1656 2834 1905 2890 amittere

322 2940 649 3002 recedentes,
677 2937 819 3010 quod
846 2952 949 2991 non
990 2934 1253 3005 recipiunt
1288 2936 1612 2988 remeantes.
1656 2926 1773 2983 Non
1809 2940 1903 2980 au-

324 3046 421 3091 tem
439 3013 581 3089 sicut
600 3030 823 3086 hmresis
848 3028 1082 3099 ipsorum
1101 3033 1201 3091 est,
1219 3023 1356 3079 sicut
1372 3018 1527 3078 error
1541 3020 1777 3096 ipsorum
1797 3025 1901 3087 est,

324 3128 450 3181 sicut
480 3122 818 3193 sacrilegium
853 3116 1201 3175 dissensionis
1225 3115 1460 3185 ipsorum
1488 3121 1587 3178 est,
1631 3110 1710 3166 sic
1742 3108 1905 3165 etiam

325 3217 620 3290 Baptismus
645 3215 733 3285 qui
765 3211 964 3268 Christi
1001 3216 1104 3273 est,
1131 3207 1235 3263 dici
1262 3205 1420 3261 debet
1448 3206 1707 3274 ipsorum.
1727 3200 1907 3272 Itaque

325 3325 438 3365 cum
462 3307 554 3362 illa
583 3304 720 3360 mala
741 3304 975 3375 ipsorum
995 3298 1209 3371 quando
1234 3296 1454 3353 redeunt
1477 3295 1831 3364 corriguntur,
1853 3291 1907 3346 iu

327 3415 388 3455 eo
399 3398 538 3470 quod
553 3397 786 3468 ipsorum
800 3409 904 3448 non
918 3402 1019 3459 est,
1033 3392 1122 3446 ille
1161 3385 1619 3459 estagnoseendus
1635 3383 1787 3455 cujus
1804 3393 1904 3439 est.

398 3487 618 3546 CAPUT
646 3485 762 3542 XII.
790 3513 865 3527 -—
891 3484 979 3540 i7.
1012 3481 1138 3537 ideo
1175 3489 1352 3537 autem
1376 3493 1482 3534 non
1511 3492 1569 3532 se
1595 3490 1787 3531 novam
1816 3482 1911 3529 aut

330 3581 655 3653 repentinam
680 3593 794 3633 rem
823 3575 1081 3631 statuisse
1107 3573 1294 3628 beatus
1323 3570 1622 3643 Cyprianus
1654 3565 1908 3634 ostendit,
1940 3591 1945 3595 η

331 3675 444 3747 quia
469 3672 572 3729 sub
594 3669 888 3743 Agrippino
915 3666 1031 3722 ﬁeri
1065 3665 1176 3736 jam
1207 3671 1462 3734 cmperat.
1498 3679 1517 3715 ι
1546 3661 1682 3715 Anni
1708 3667 1850 3721 sunt,
1885 3675 1906 3711 ι

332 3765 512 3836 inquit,
550 3780 572 3817 ι
599 3761 773 3830 multi,
809 3768 865 3816 et
900 3759 1056 3829 longa
1087 3766 1238 3819 tetas,
1267 3770 1333 3810 ex
1357 3766 1462 3824 quo
1484 3751 1584 3807 sub
1621 3749 1914 3821 Agrippino

333 3859 478 3915 boum
525 3854 801 3912 memorias
842 3853 959 3907 viro
1004 3849 1384 3906 convenientes
1431 3843 1666 3914 episcopi
1703 3842 1913 3913 plurimi

334 3948 427 4003 hoc
450 3954 775 4003 statuerunt.
808 3962 828 3996 ι
850 3940 1080 3999 Proinde
1103 3939 1170 3995 ab
1194 3940 1310 4009 ipso
1339 3935 1628 4008 Agrippino
1661 3947 1749 3989 res
1778 3946 1914 3988 nova

333 4040 461 4095 facta
496 4046 603 4094 est.
631 4033 912 4105 Quomodo
949 4040 1127 4087 autem
1151 4029 1313 4095 dicat,
1359 4046 1379 4082 ι
1408 4029 1581 4096 Atque
1624 4022 1818 4080 exinde
1861 4022 1915 4078 in

335 4130 646 4186 hodiernqu
669 4134 748 4183 tot
777 4124 940 4181 millia
958 4121 1330 4178 haereticorum
1352 4119 1405 4173 in
1421 4115 1706 4189 provinciis
1718 4113 1917 4169 nostris

332 4224 394 4278 ad
440 4221 734 4279 Eectesiam
786 4216 1051 4283 conversi,
1102 4228 1209 4269 non
1260 4210 1527 4282 aspernati
1559 4216 1701 4272 sunt,
1744 4222 1919 4277 neque

334 4312 584 4380 cunctati,
599 4312 709 4367 imo
724 4305 1185 4366 et‘rationabiliter
1204 4310 1256 4359 et
1278 4301 1508 4356 libenter
1527 4298 1754 4369 amplexi
1772 4308 1915 4365 sunt,

334 4414 388 4460 ut
406 4402 605 4461 lavacri
632 4400 805 4456 vitalis
830 4408 885 4453 et
923 4396 1170 4452 salutaris
1198 4391 1450 4464 Baptismi
1474 4389 1697 4462 gratiam
1725 4402 1918 4444 consc-

334 4506 646 4569 querentur,
683 4511 705 4547 ι
752 4507 859 4548 non
883 4488 1040 4545 video
1072 4505 1086 4543 :
1118 4486 1221 4543 nisi
1264 4485 1402 4541 forte
1442 4482 1543 4537 hoc
1571 4480 1732 4548 dicat,
1768 4498 1787 4532 ι
1820 4494 1918 4535 ex-

337 4589 454 4644 inde
475 4589 528 4642 in
574 4584 893 4640 hodiernum
932 4599 951 4634 »
992 4576 1186 4652 (Epist.
1204 4577 1294 4643 75,
1320 4575 1391 4629 ad
1416 4571 1770 4643 Jubaianum),
1798 4570 1923 4641 quia

336 4679 477 4737 nulla
505 4677 577 4734 de
601 4676 707 4731 illis
723 4690 789 4731 ex
802 4688 909 4747 quo
927 4672 978 4727 in
993 4668 1225 4726 Ecclesia
1240 4681 1334 4738 per
1349 4660 1920 4737 Agrippinieoncilium

336 4770 583 4842 iraptizati
612 4774 771 4834 sunt,
825 4762 1053 4835 quzestio
1090 4758 1314 4829 alicujus
1355 4750 1924 4811 exeommunieationis

338 4872 516 4919 exorta
541 4869 646 4916 est.
659 4857 924 4915 Caeterum
939 4854 983 4910 si
998 4845 1740 4925 pemtanebatabAgr-ippino
1757 4857 1926 4914 usque

336 4955 403 5009 ad
443 4952 775 5025 Cyprianum
823 4945 1157 5002 consuetudo
1203 4938 1506 5013 baptizandi
1553 4938 1628 4994 ab
1662 4935 1927 4992 haereticis

338 5047 635 5109 venientes,
683 5041 865 5113 utquid
914 5039 1048 5094 facta
1091 5045 1213 5092 sunt
1244 5050 1274 5089 a
1313 5032 1581 5105 Cypriane
1627 5029 1695 5086 de
1733 5029 1831 5084 hac
1868 5041 1929 5082 re

336 5139 564 5198 concilia
582 5139 609 5193 ‘l
629 5132 836 5206 ~thuid
861 5132 1036 5190 eidem
1052 5129 1309 5185 Jubaiano
1331 5124 1479 5191 dicit,
1498 5138 1604 5178 non
1626 5137 1684 5178 se
1705 5136 1815 5177 rem
1834 5135 1933 5174 no-

339 5249 461 5292 vam
487 5232 668 5288 facere
691 5224 1166 5297 ant-repentinam,
1198 5217 1292 5275 sed
1321 5216 1392 5273 ab
1415 5213 1706 5285 Agrippino
1730 5210 1929 5267 consti.

342 5335 511 5380 tutam
527 5321 719 5378 ‘2-Cur
737 5318 881 5375 enim
911 5313 1199 5372 Jubaianus
1224 5306 1293 5365 de
1314 5308 1589 5362 novitate
1607 5302 1909 5359 turbaretur

341 5427 547 5475 meum
577 5430 673 5486 per
699 5409 1071 5467 auctoritatem
1099 5400 1375 5473 Agrippini
1419 5396 1595 5452 sanari
1641 5401 1930 5465 oporteret,

340 5486 391 5566 si
435 5509 508 5563 ab
551 5484 845 5577 Agrippino
891 5513 1059 5569 usque
1092 5495 1159 5550 ad
1209 5491 1533 5564 Cyprianum
1584 5487 1688 5543 hoc
1724 5484 1937 5540 tenebat

343 5600 627 5657 Ecclesia?
667 5597 778 5652 Cur
817 5593 1047 5663 denique
1078 5595 1156 5643 tot
1198 5585 1315 5656 ejus
1352 5583 1572 5654 collega:
1619 5580 1670 5634 in
1715 5577 1941 5634 concilio

339 5697 599 5763 dixerunt
647 5691 911 5748 rationem
950 5695 1003 5742 et
1032 5683 1305 5741 veritatem
1334 5672 1707 5734 consuetudini
1733 5684 1940 5742 pra'po-

413 5833 439 5869 ι
457 5829 606 5891 utut.
624 5822 903 5881 institutam

1675 336 1879 396 “BER
1912 334 2231 398 TER'HUS.

3483 354 3583 411 HG

1999 457 2249 526 nentiam,
2272 474 2335 515 ae
2362 474 2466 516 non
2506 463 2680 532 potius
2708 460 2956 521 dixerunt
2983 481 3077 521 eos
3105 467 3193 537 qui
3240 465 3384 523 aliud
3412 467 3584 526 facere

1997 548 2214 618 vellent,
2237 560 2291 607 et
2319 563 2503 608 contra
2533 554 2807 612 veritatem
2837 564 2891 611 et
2928 566 3112 613 contra
3146 558 3583 615 consuetudinem

1994 640 2207 696 hwm?

2062 731 2290 788 CAPUT
2317 734 2455 790 Xlil.
2480 766 2548 776 —-
2578 737 2665 792 18.
2694 738 3109 796 Deremissione
3132 748 3312 798 autem
3338 750 3578 811 peccato-

1994 838 2133 889 rum,
2163 834 2338 880 utrunt
2370 844 2462 897 per
2486 829 2814 898 Baptismum
2839 831 2976 900 apud
3005 832 3284 887 haereticos
3308 833 3422 898 ﬁat,
3457 833 3582 905 quid

1995 919 2124 972 mihi
2162 919 2455 988 videretur,
2500 922 2552 977 in
2583 923 2689 977 alio
2714 922 2823 993 jam
2845 923 3114 979 volumine
3147 925 3337 996 scripsi
3365 923 3576 996 (Supra,

1994 1009 2082 1063 lib.
2118 1013 2168 1076 ι,
2190 1027 2305 1082 cap.
2338 1012 2395 1068 il
2431 1021 2479 1066 et
2502 1012 2663 1084 seqq.)
2694 1028 2709 1065 :
2745 1013 2840 1069 sed
2869 1014 3029 1069 etiam
3059 1014 3144 1069 hic
3173 1015 3404 1071 breviter
3430 1031 3573 1072 com-

1996 1117 2255 1158 memoro.
2285 1103 2340 1160 Si
2367 1104 2424 1159 lit
2447 1104 2555 1159 illic
2582 1103 2827 1160 remissio
2853 1105 3154 1161 debitorunt
3205 1122 3298 1176 per
3326 1106 3582 1178 Baptismi

1993 1196 2373 1263 sanctitatem;
2421 1212 2607 1252 rursus
2647 1196 2823 1252 debita
2853 1196 3079 1253 redeunt
3108 1214 3203 1268 per
3231 1197 3451 1253 ltzercsis
3495 1208 3585 1253 aut

1994 1287 2297 1343 schismatis
2318 1287 2728 1344 obstinationem
2751 1305 2764 1342 :
2788 1297 2841 1343 et
2866 1287 2984 1343 ideo
3011 1289 3368 1343 necessarium
3392 1287 3586 1344 habent

1995 1377 2298 1450 hujusmodi
2328 1378 2573 1435 homines
2614 1380 2795 1436 venire
2827 1381 2895 1437 ad
2939 1380 3253 1436 catholicam
3294 1395 3500 1451 pacem,
3531 1392 3584 1436 ut

1996 1469 2237 1526 lneretici
2280 1479 2334 1526 et
2365 1470 2690 1531 schismatiei
2716 1487 2835 1526 esse
2859 1472 2972 1542 jam
3006 1471 3272 1536 desinant,
3303 1481 3359 1527 et
3398 1487 3585 1527 eorum

1994 1576 2113 1631 qum
2153 1560 2206 1615 in
2242 1560 2365 1616 illos
2402 1560 2706 1625 redierant,
2752 1572 3089 1631 peccatorum
3126 1561 3492 1632 purgationem
3531 1562 3584 1616 in

1995 1653 2211 1708 unitatis
2242 1653 2449 1710 vinculo
2474 1653 2732 1708 eharitate
2752 1661 3007 1722 operante
3046 1659 3372 1708 mereantur.
3409 1651 3465 1707 Si
3489 1666 3591 1705 au-

1998 1755 2126 1812 tem,
2154 1745 2401 1816 quamvis
2428 1745 2567 1815 apud
2608 1744 2891 1801 haereticos
2929 1744 3014 1800 vel
3041 1743 3412 1799 schismaticos
3440 1743 3581 1799 idem

1994 1837 2066 1897 sit
2089 1836 2392 1906 Baptismus
2426 1835 2644 1904 Christi,
2675 1851 2782 1890 non
2812 1845 2987 1891 tamen
3014 1835 3086 1891 ibi
3115 1844 3366 1906 operatur
3394 1835 3585 1890 remis-

1995 1928 2202 1984 sionem
2230 1933 2569 1999 peecatorum
2608 1935 2829 1999 propter
2852 1926 3097 1983 eamdem
3122 1925 3401 1981 discordia:
3429 1924 3585 1981 [tedi-

1997 2028 2162 2077 tatem
2193 2030 2247 2077 et
2271 2019 2624 2076 dissensionis
2649 2019 3020 2091 iniquitatem:
3046 2027 3173 2076 tunc
3198 2019 3381 2088 incipit
3406 2018 3584 2073 valere

1998 2114 2138 2169 idem
2163 2113 2469 2185 Baptismus
2504 2111 2572 2168 ad
2601 2111 2915 2167 dimittenda
2952 2121 3193 2181 peccata,
3235 2124 3356 2165 cum
3387 2108 3455 2164 ad
3484 2109 3588 2164 Εε-

1997 2206 2402 2277 clesiaepaeem
2447 2205 2724 2271 venerint;
2768 2204 2916 2261 non1
2966 2213 3024 2258 ut
3072 2203 3183 2273 jam
3216 2218 3344 2258 vere
3371 2201 3589 2257 dimissa

1999 2315 2106 2356 non
2128 2300 2489 2366 retineantur;
2516 2313 2689 2369 neque
2704 2305 2765 2353 ut
2785 2297 2873 2354 ille
2897 2297 3198 2368 Baptismus
3219 2295 3366 2366 quasi
3382 2295 3591 2351 alienus

2000 2401 2091 2447 aut
2116 2390 2255 2447 alius
2290 2391 2640 2463 improbetur,
2679 2399 2737 2445 ut
2765 2390 2901 2445 alter
2936 2388 3176 2445 tradatur
3214 2387 3346 2445 :sed
3368 2397 3425 2444 ut
3447 2386 3588 2443 idem

2000 2485 2115 2555 ipse
2140 2483 2227 2555 qui
2250 2490 2467 2554 propter
2484 2480 2809 2539 discordiam
2837 2481 2966 2537 t‘oris
2987 2480 3311 2551 operabatur
3334 2486 3588 2545 mortem,

2001 2586 2221 2647 propter
2258 2590 2442 2647 pacem
2480 2575 2625 2632 intus
2652 2585 2903 2647 operetur
2935 2572 3182 2629 salutem.
3214 2570 3370 2626 'ldem
3399 2570 3593 2641 quippe

2002 2666 2135 2723 odor
2161 2676 2276 2723 erat
2303 2666 2370 2721 de
2396 2682 2504 2739 quo
2546 2666 2676 2721 dicit
2704 2663 3013 2736 Apostolus,
3042 2661 3229 2717 Christi
3282 2662 3440 2716 boum
3464 2660 3592 2715 odor

2003 2774 2177 2815 sumus
2201 2757 2254 2812 in
2282 2758 2418 2811 omni
2447 2757 2593 2812 loco'
2610 2774 2626 2825 ;
2652 2765 2708 2812 et
2729 2765 2905 2811 tamen
2931 2765 2977 2810 et
3001 2754 3053 2809 in
3079 2755 3140 2808 iis
3171 2754 3258 2824 qui
3279 2751 3406 2808 salvi
3430 2752 3589 2822 ﬁunt,

2006 2849 2202 2920 inquit,
2222 2857 2269 2902 et
2298 2847 2351 2903 in
2378 2846 2441 2901 iis
2469 2851 2557 2919 qui
2580 2856 2789 2919 pereunt
2816 2861 2835 2899 :
2864 2845 2980 2899 aliis
3020 2843 3221 2915 quidem
3248 2843 3374 2897 odor
3393 2843 3507 2896 vita
3535 2842 3590 2896 in

2004 2939 2178 3000 vitam,
2223 2937 2339 2992 aliis
2376 2947 2544 2993 autem
2584 2936 2710 2991 odor
2738 2935 2912 2990 mortis
2950 2936 3004 2989 in
3042 2943 3248 2989 mortem
3283 2932 3349 3005 (Il
3375 2930 3494 2988 Cor.
3530 2948 3592 2999 tt,

2007 3032 2096 3098 l5,
2128 3030 2240 3103 16).
2267 3029 2418 3097 Quod
2444 3029 2544 3085 etsi
2574 3028 2641 3084 de
2664 3028 2766 3084 alia
2805 3042 2864 3084 re
2890 3026 3043 3096 dixit,
3074 3026 3143 3082 ad
3168 3025 3271 3083 hoc
3292 3040 3392 3096 ego
3417 3026 3591 3096 posui,

2008 3135 2065 3179 ut
2090 3123 2414 3194 intelligatur
2436 3119 2647 3192 aliquod
2675 3118 2894 3188 bonum,
2922 3133 3027 3174 non
3054 3118 3227 3175 solum
3258 3119 3416 3172 vitam
3439 3129 3596 3186 posse

2007 3215 2216 3285 operari
2248 3215 2383 3271 bene
2404 3212 2692 3282 utentibus,
2720 3211 2814 3269 sed
2835 3211 2996 3267 etiam
3023 3218 3247 3266 mortem
3275 3207 3413 3264 male
3438 3215 3596 3263 uten-

2013 3308 2174 3363 tibus.

2081 3396 2306 3455 CAPUT
2343 3396 2483 3453 XlV.
2512 3427 2583 3439 ——
2615 3395 2705 3455 l9.
2734 3394 2850 3465 Nec
2878 3394 3102 3451 interest
3150 3407 3272 3448 cum
3322 3390 3390 3447 de
3415 3405 3598 3447 sacra-

2012 3490 2178 3546 menti
2219 3488 2518 3559 integritate
2566 3497 2617 3543 et
2648 3485 2928 3542 sanctitate
2960 3491 3236 3550 tractatur,
3270 3480 3391 3552 quid
3425 3482 3598 3535 credat

2012 3592 2059 3636 et
2087 3582 2225 3652 quali
2251 3581 2353 3651 [ide
2398 3580 2616 3635 imbutus
2660 3579 2725 3634 sit
2746 3579 2833 3633 ille
2857 3578 2944 3650 qui
2980 3576 3163 3647 accipit
3204 3583 3598 3631 sacramentum.

2013 3671 2241 3730 Interest
2282 3672 2497 3744 quidem
2542 3671 2827 3741 plurimum
2876 3669 2942 3723 ad
2974 3668 3160 3724 solutis
3212 3667 3376 3730 viam,
3405 3664 3499 3719 scd
3529 3664 3598 3717 ad

2012 3767 2333 3823 sacramenti
2357 3766 2705 3835 qutestionem
2732 3762 2863 3817 nihil
2889 3760 3129 3816 interest.
3167 3759 3308 3815 Fieri
3334 3757 3476 3813 enim
3501 3771 3601 3828 po-

2016 3868 2121 3913 test
2145 3865 2202 3912 ut
2228 3858 2387 3911 homo
2414 3854 2678 3923 integrum
2715 3852 2904 3907 habent
2931 3851 3357 3913 Saeramentum,
3395 3857 3451 3903 et
3476 3863 3601 3918 pcr-

2014 3964 2223 4006 versam
2246 3947 2403 4003 [idem
2433 3946 2609 4003 :sicut
2633 3943 2745 4000 (ieri
2772 3951 2946 4015 potest
2966 3951 3022 3996 nt
3048 3942 3250 4011 integra
3277 3948 3453 3995 teneat
3478 3953 3604 3994 ver-

2017 4042 2084 4101 ba
2112 4039 2457 4114 Symbolixet
2498 4046 2672 4092 tamen
2700 4051 2807 4093 non
2838 4043 2983 4090 recte
3009 4032 3212 4098 credat,
3243 4032 3355 4087 sive
3389 4030 3457 4087 de
3488 4031 3601 4102 ipsa

2018 4133 2298 4199 Trinitate,
2341 4129 2456 4186 sive
2500 4127 2568 4184 de
2619 4124 3022 4191 resurrectione,
3073 4124 3154 4178 vel
3192 4121 3393 4192 aliquid
3437 4120 3602 4176 aliud.

2019 4224 2202 4296 Neque
2223 4222 2365 4278 enim
2387 4234 2550 4290 parva
2577 4233 2662 4273 res
2684 4226 2785 4284 est,
2817 4217 2871 4277 in
2910 4216 3022 4286 ipsa
3052 4216 3192 4271 intus
3216 4212 3487 4270 Catholica
3527 4221 3604 4268 te-

2021 4335 2150 4381 nere
2187 4319 2448 4390 integrant
2479 4314 2659 4379 iidem,
2715 4314 2785 4369 ita
2835 4322 2890 4369 ut
2927 4313 3147 4368 omnino
3192 4310 3388 4367 nonde
3427 4310 3603 4381 aliqua

2020 4418 2286 4476 creatura,
2317 4407 2410 4465 sed
2447 4406 2515 4462 de
2555 4406 2670 4476 ipso
2698 4405 2805 4461 Deo
2834 4404 2964 4459 nihil
3005 4404 3196 4464 aliter'
3225 4401 3409 4459 credat
3446 4416 3602 4472 quam

2021 4504 2219 4561 veritas
2256 4500 2435 4562 habet.
2465 4496 2858 4569 Numquidnam
2885 4511 3012 4567 ergo
3031 4496 3078 4551 si
3110 4496 3163 4551 in
3188 4496 3302 4566 ipsa
3329 4492 3603 4550 Catholica

2023 4594 2336 4662 baptizatus,
2366 4599 2548 4661 postea
2580 4585 2827 4658 legendo,
2855 4586 3141 4652 audiendo,
3172 4594 3228 4642 et
3256 4584 3475 4655 paciliee
3498 4582 3609 4643 dis-

2023 4685 2272 4753 serendo,
2315 4683 2429 4753 ipso
2460 4680 2685 4735 Domino
2715 4678 2988 4733 revelante
3024 4677 3329 4747 cognoverit
3357 4675 3513 4733 aliter
3548 4689 3611 4729 se

2025 4787 2181 4834 antea
2207 4775 2499 4836 credidisse
2525 4789 2688 4844 quam
2699 4771 2905 4838 debuit,
2927 4771 3103 4828 denuo
3122 4771 3467 4842 baptizandus
3485 4768 3608 4826 est?

2026 4869 2156 4949 Quis
2179 4875 2354 4929 autent
2374 4865 2604 4927 carnalis
2627 4872 2682 4919 et
2699 4862 2948 4917 animalis
2972 4860 3154 4927 homo,
3183 4875 3288 4915 non
3321 4876 3415 4931 per
3440 4859 3612 4930 phan-

2031 4968 2255 5025 tas-mata
2272 4958 2292 4990 ⁸
2313 4958 2488 5023 cordis
2513 4956 2595 5013 sui
2615 4964 2889 5027 evagetur,
2920 4963 2975 5010 et
3002 4955 3289 5009 constituat
3312 4953 3415 5009 sibi
3444 4953 3611 5008 Deum

2031 5050 2202 5123 qualis
2230 5050 2279 5105 ei
2325 5064 2420 5119 pro
2449 5062 2548 5103 suo
2584 5061 2744 5102 sensu
2777 5044 2978 5101 carnali
3009 5044 3299 5115 placuerit,
3329 5052 3489 5114 atque
3534 5039 3609 5097 ita

2035 5142 2219 5201 credat
2250 5150 2451 5197 tantum
2481 5139 2641 5209 longe
2669 5136 2822 5193 aliter
2851 5152 3009 5208 quam
3052 5134 3194 5190 Deus
3223 5142 3326 5200 est,
3356 5141 3611 5204 quantum

2102 5367 2119 5400 ι
2146 5365 2228 5415 me
2249 5358 2481 5427 particula
2513 5370 2702 5427 negans
2721 5356 2955 5427 omittitur
2981 5355 3030 5403 in
3056 5353 3270 5427 editione
3296 5361 3397 5427 aut.
3421 5352 3569 5427 abest
3585 5363 3619 5427 _a

2038 5412 2434 5537 Εῧιῖἰξιῇὧιίειω
2455 5428 2563 5472 Mss.
2580 5412 2674 5483 ἷιιιι
2703 5427 2871 5482 postea
2906 5417 3031 5478 loco,
3047 5428 3200 5478 neque
3222 5421 3271 5464 tu
3293 5412 3393 5474 ille,
3418 5415 3617 5477 habent,

2039 5502 2134 5541 non
2174 5497 2223 5537 ut
2245 5497 2344 5535 rue.

2105 5537 2295 5605 mliti,
2311 5556 2476 5596 sanna
2501 5541 2665 5594 Deoia
2679 5539 2807 5605 armi
2829 5540 2948 5590 loco.
2972 5547 3091 5598 γει,
3120 5545 3234 5599 Deo,
3258 5537 3400 5587 alx'st
3424 5548 3455 5588 a
3494 5540 3603 5589 Mss.

2044 5619 2097 5665 et
2120 5604 2509 5674 prteteririsolet
2528 5606 2591 5655 ab
2615 5604 2892 5674 augustino.

2107 5662 2134 5705 δ
2152 5672 2286 5729 Editi,
2311 5667 2466 5719 aliud.
2491 5675 2595 5717 Mss.
2621 5662 2761 5729 vero,
2784 5662 2941 5713 aliter.
3170 5720 3180 5729 _
3306 5694 3315 5703 .

2108 5735 2130 5767 δ
2154 5736 2227 5783 sic
2250 5721 2350 5781 Αἰιι.
2374 5736 2450 5778 Er.
2472 5736 2524 5778 et
2546 5727 2696 5777 nostri
2721 5721 2822 5775 Mss.
2863 5732 2919 5773 Al.
2941 5730 3070 5780 tot,
3095 5721 3206 5781 (mis
3226 5728 3387 5773 autem
3409 5721 3504 5775 nisi
3521 5736 3627 5781 ctr-

2048 5796 2169 5850 natis
2202 5803 2245 5846 et
2285 5789 2507 5846 animalis
2531 5788 2668 5841 homo
2684 5825 2697 5850 ,
2744 5799 2830 5851 per
2856 5784 3202 5850 pituitasmata,
3225 5791 3322 5835 etc.
