4050 6206
398 358 499 429 ίέτ

400 426 431 523 si
456 467 679 522 veritate
708 464 912 518 vanitas
939 460 1156 515 din‘ert?
1189 454 1749 525 \‘erissimamqnippe
1771 461 1985 507 senten-

401 562 526 615 ti:.m
557 559 687 614 dixit
712 554 1013 625 Apostolus,
1051 552 1235 622 plenus
1265 546 1462 603 lumine
1488 546 1755 601 veritatis:
1779 545 1986 597 Anima-

402 640 485 711 iis,
516 648 702 719 inquit,
739 647 887 699 homo
918 660 1015 696 non
1059 640 1268 710 percipit
1313 654 1426 710 qua:
1472 647 1589 693 sunt
1629 635 1850 706 Spiritus
1895 633 1986 687 Dei

404 743 444 804 (ι
478 740 595 795 Cor.
624 755 681 802 ιι,
715 735 823 807 i-i).
856 736 921 788 Et
945 744 1119 787 tamen
1148 731 1213 785 de
1240 730 1439 807 hishoc
1461 728 1689 792 dicebat,
1720 741 1857 795 quos
1875 724 1985 793 jam

401 834 563 888 fuisse
616 830 927 899 baptizatos.
959 808 1069 893 ipse
1127 808 1450 885 manifestat.
1508 822 1598 875 liis
1641 818 1981 894 enittrdicit:

401 920 892 993 Nmnquid-Paulua
910 902 1197 986 cruciﬁxus
1215 926 1289 983 est
1320 921 1410 985 prio
1438 912 1610 968 vobis?
1629 922 1714 965 aut
1731 914 1791 963 in
1820 911 1985 983 nomi-

400 1033 460 1068 ne
493 990 647 1067 Pauli
668 990 1038 1083 baptiz‘atiestis
1062 1000 1237 1078 (ldz‘l,
1271 1006 1404 1083 1'5)?
1448 990 1721 1061 Habebunt
1750 998 1875 1069 ergo
1903 1000 1985 1053 isti

401 1105 656 1175 Baptismi
685 1080 1095 1162 sacramentmn,
1120 1107 1173 1152 et
1203 1107 1377 1152 tamen
1398 1080 1691 1151 carnaliter
1709 1090 1983 1161 sapiendn,

400 1198 526 1268 quid
558 1206 799 1269 poterant
841 1194 907 1249 de
946 1195 1054 1265 Deo
1079 1191 1297 1247 credere
1325 1190 1423 1243 nisi
1451 1187 1741 1243 secundum
1772 1200 1986 1239 sensum

400 1290 578 1345 carnis
605 1304 736 1349 sme,
766 1286 851 1339 ubi
888 1274 1123 1338 animatis
1149 1283 1298 1353 hoino
1341 1296 1440 1335 non
1480 1277 1688 1347 percipit
1733 1291 1845 1344 qua:
1870 1282 1990 1327 sunt

404 1381 631 1449 Spiritus
659 1378 792 1433 Dei?
817 1376 1035 1431 Talibus
1060 1373 1188 1428 dicit
1213 1392 1225 1426 :
1258 1371 1378 1426 Non
1398 1371 1537 1441 potui
1563 1367 1695 1427 vobis
1712 1368 1849 1437 loqui
1864 1384 1989 1437 qua-

404 1473 447 1524 si
474 1470 838 1541 spiritualibus,
866 1468 954 1523 sed
979 1466 1123 1536 quasi
1153 1462 1460 1518 carnalibus.
1498 1459 1656 1526 Quasi
1686 1458 1913 1529 parvulis,
1938 1457 1990 1509 in

403 1564 601 1618 Christo
622 1563 701 1615 lac
730 1561 866 1614 vobis
892 1569 1063 1628 potant
1092 1556 1227 1619 dedi,
1256 1571 1357 1607 non
1377 1569 1541 1607 escam
1566 1568 1583 1615 ,'
1613 1550 1836 1604 nondum
1858 1548 1989 1601 enim

404 1654 641 1723 poteratis
665 1668 684 1706 :
708 1652 796 1706 sed
826 1666 916 1705 nec
957 1648 1123 1701 adhuc
1148 1647 1347 1717 quidem
1375 1644 1581 1714 potestis
1604 1660 1621 1706 ,'
1668 1641 1833 1693 adhuc
1858 1639 1991 1691 enim

404 1747 521 1799 estis
548 1744 777 1798 carnales
800 1740 906 1813 (Id.
934 1757 1010 1803 tn,
1040 1740 1091 1804 Ι,
1114 1736 1193 1809 2).
1226 1735 1382 1795 Tales
1404 1733 1573 1813 etiam
1606 1728 1993 1786 circumferun-

407 1851 490 1893 tur
518 1838 863 1892 omni'ventn
889 1832 1145 1887 doctrina:
1175 1830 1241 1884 de
1270 1828 1511 1899 qualibus
1536 1824 1691 1891 dicit‘
1719 1840 1732 1877 :
1771 1821 1837 1879 Ut
1860 1820 1992 1875 ultra

410 1949 509 1985 non
557 1926 737 1984 sitnus‘
760 1926 977 1997 parvuli,
1027 1924 1209 1997 jactati
1246 1932 1292 1976 et
1338 1918 1619 1975 circumlati
1664 1916 1801 1973 omni
1850 1923 1992 1969 uento

410 2002 897 2091 doctrinwv(Ephes‘.
931 2032 1002 2083 iv,
1035 2016 1145 2087 14).
1178 2010 1442 2082 Numquid
1471 2026 1598 2080 ergo
1627 2009 1711 2064 isti
1736 2009 1781 2063 si
1812 2006 1992 2076 prole-

406 2112 577 2165 'eerint
594 2120 758 2179 uSqne
778 2108 841 2162 ad
864 2102 1191 2178 Spiritualem
1209 2102 1438 2159 hominis
1462 2092 1727 2179 interioris
1756 2107 1989 2163 aetatem,

412 2211 466 2255 et
508 2198 870 2269 intelligentia:
908 2180 1595 2263 Sinceritalecognoverint
1638 2200 1796 2259 quam
1840 2188 1995 2257 longe

412 2290 569 2345 aliter
599 2306 694 2359 per
737 2288 997 2344 fallaciam
1028 2302 1245 2341 suorum
1270 2310 1273 2313 λ
1302 2283 1724 2357 phantasmatum
1779 2279 1848 2334 de
1886 2279 1995 2334 Deo

410 2366 755 2459 irediderint,
786 2395 942 2449 quam
990 2369 1187 2432 veritas
1233 2373 1547 2445 postulabat,
1602 2373 1794 2443 iterum
1821 2368 1995 2438 bapti-

414 2456 566 2527 me;
595 2470 755 2525 Sltlll?
779 2470 865 2527 Sic
885 2472 1043 2525 etiam
1076 2468 1187 2522 ﬁeri
1218 2456 1472 2537 potesttut
1501 2466 1552 2519 in
1577 2465 1800 2533 alicujus
1820 2460 1996 2518 luere-

416 2564 500 2616 tici
526 2563 714 2617 librmn
758 2563 1055 2618 catholicus
1082 2559 1496 2616 catechumenus
1526 2542 1741 2623 incidat,
1770 2564 1824 2629 et
1852 2570 1881 2611 a
1906 2571 1998 2610 ve-

416 2656 571 2709 ritate
626 2654 870 2708 neseiens
912 2653 1218 2707 diseeruere
1266 2666 1526 2719 errorem,
1573 2648 1756 2704 credat
1800 2646 1998 2717 aliquid

412 2739 597 2803 itotttra
616 2746 930 2799 catholicam
954 2744 1109 2799 fidem
1130 2744 1251 2809 ;.eui
1278 2754 1451 2797 tamen
1474 2742 1641 2797 errori
1668 2740 1825 2797 verba
1850 2740 1997 2812 Sym-

413 2834 521 2891 hnli
554 2850 658 2891 non
692 2822 995 2907 repugnant
1024 2854 1035 2889 :
1064 2834 1162 2903 sub
1192 2835 1391 2893 eisdem
1418 2835 1613 2904 quippe
1637 2833 1812 2888 verbis
1841 2833 1997 2886 innu-

413 2925 698 2981 merabiles
745 2918 1133 2981 lueretirorum
1162 2939 1391 2993 errores.
1421 2924 1590 2978 exorti
1626 2932 1768 2978 sunt.
1797 2923 1999 2977 Putans

413 3030 541 3085 ergo
570 3016 671 3071 iste
719 3018 965 3071 catholici
1009 3006 1245 3085 alicujus
1274 3005 1447 3084 magni
1488 3022 1655 3082 atque
1698 3013 1839 3068 docti
1881 3028 2001 3068 esse

418 3108 564 3160 illum
587 3105 799 3169 librmn,
827 3108 868 3160 si
901 3108 1022 3160 talia
1050 3094 1275 3161 credens
1297 3106 1348 3159 in
1378 3104 1651 3159 Cathblica
1681 3103 1997 3173 baptizctur,

416 3186 469 3251 i-t
533 3198 826 3266 posteriore
886 3194 1153 3266 diligentia
1223 3205 1509 3266 cognoscat
1556 3194 2001 3269 quemadmOduin

419 3280 641 3341 ert-dere
666 3287 876 3351 debeat,
910 3295 1069 3361 atque
1109 3296 1319 3355 arrepta
1348 3286 1452 3341 ﬁde
1496 3284 1753 3341 catholica
1779 3285 1905 3339 illud
1934 3302 2001 3340 ex

419 3366 598 3431 itnitno
625 3388 869 3447 respuat;
900 3377 1156 3448 numquid
1183 3378 1226 3431 si
1256 3377 1358 3431 hoc
1394 3376 1671 3432 confessus
1702 3375 1881 3442 fuerit,
1909 3376 2006 3430 de-

414 3466 530 3523 huo
557 3470 901 3538 baptizandus
932 3471 1053 3523 est?
1084 3471 1185 3521 Ant
1210 3469 1253 3521 si
1283 3479 1567 3537 antequam
1598 3468 1767 3521 discat
1792 3475 1846 3522 et
1874 3482 2004 3521 con-

426 3564 654 3623 liteatur,
689 3559 789 3614 hoc
809 3560 1009 3614 sentire
1052 3558 1370 3623 inveniatur,
1404 3556 1607 3627 etquid
1652 3557 1883 3626 abjicere
1910 3556 2004 3610 dc-

420 3654 563 3716 beat,
595 3652 787 3722 qnidve
814 3651 1034 3706 credere
1060 3651 1332 3715 doceatur,
1366 3649 1807 3719 manifestumque
1838 3649 1929 3704 liat
1951 3650 2003 3704 in

419 3760 483 3796 ea
510 3742 738 3797 falsitate
770 3742 892 3796 ﬁdei
932 3742 1253 3812 baptizatum
1295 3741 1493 3806 fuisse;
1546 3740 1800 3810 numquid
1828 3739 2002 3804 denuo

423 3832 769 3904 baptizandus
794 3835 915 3888 cst‘t
940 3832 1071 3901 Quid
1106 3832 1213 3885 ita?
1240 3831 1373 3900 Quia
1415 3831 1783 3885 illasauctitas
1808 3830 2003 3885 Sacra-

425 3928 588 3981 tneuti
622 3924 798 3982 verbis
826 3926 1142 3996 evangelicis
1180 3932 1490 3979 consecrata
1534 3936 1694 3993 super
1722 3940 1843 3978 eum
1871 3922 2007 3991 inte:

422 4033 513 4087 gra
547 4004 812 4081 manebat,
833 4016 970 4073 sicut
997 4031 1113 4089 eztin
1149 4014 1390 4069 traditam
1422 4023 1734 4082 acceperat;
1764 4013 2006 4083 quamvis

421 4112 537 4174 ipse
560 4111 608 4163 in
628 4103 853 4164 carnalis
878 4092 1069 4163 mentis
1095 4108 1326 4175 vanitate
1351 4096 1690 4170 constitutus,
1712 4105 1861 4159 aliud
1885 4120 2006 4159 cum

416 4188 781 4271 baptizaretur
809 4202 1071 4265 crederet,
1104 4210 1261 4266 quam
1286 4195 1512 4250 credere
1536 4195 1824 4251 debuisset.
1853 4196 1995 4262 Qua-

412 4304 640 4363 pmpter
662 4291 999 4345 manifestum
1026 4298 1126 4354 est,
1160 4285 1271 4341 ﬁeri
1294 4302 1450 4357 posse
1472 4296 1527 4340 ut
1557 4286 1657 4341 (ide
1677 4302 1779 4341 non
1804 4288 2007 4357 integra

426 4384 688 4451 integrum
710 4382 761 4436 in
781 4390 1048 4451 quoquam
1076 4388 1286 4439 maneat
1310 4377 1564 4447 Baptismi
1581 4387 2005 4432 sacramentum:

428 4485 482 4527 et
508 4472 626 4527 ideo
657 4472 740 4525 illa
768 4488 885 4542 quae
908 4470 978 4526 de
999 4456 1329 4523 diversorum
1352 4468 1724 4522 lnereticorum
1754 4469 2009 4523 varietate

429 4564 696 4628 dicuntur,
725 4562 789 4617 ad
814 4561 967 4617 istam
999 4561 1343 4632 qumstioncm
1388 4573 1492 4614 non
1541 4560 1827 4629 pertinent.
1878 4560 2010 4614 lllud

430 4659 572 4711 enim
600 4658 650 4711 in
701 4670 1019 4727 unoquoque
1068 4653 1439 4724 corrigendum
1467 4664 1568 4716 est,
1604 4653 1742 4724 quod
1777 4655 1862 4710 ille
1918 4670 2013 4725 per

430 4767 589 4821 quem
629 4751 929 4821 corrigitur,
975 4764 1192 4818 pravum
1220 4762 1339 4803 esse
1366 4748 1731 4816 perspexerit.
1764 4747 1893 4802 Illud
1924 4764 2032 4815 sa-_

433 4843 663 4896 nandum
715 4840 977 4919 estquod
1023 4848 1243 4910 atgrotat
1276 4856 1288 4891 :
1322 4838 1449 4892 illud
1486 4837 1846 4917 dandunrest.
1871 4839 2013 4909 quod

436 4954 540 4991 non
566 4916 891 4999 babetur,et
918 4933 1148 4988 maxime
1175 4931 1405 4986 charitas
1432 4932 1595 4999 paris,
1629 4914 1751 5005 sine
1774 4947 1875 5001 qua
1897 4921 2016 4986 cas-‘

433 5039 545 5084 tera
576 5026 831 5099 prodesse
877 5042 979 5090 non
1010 5032 1248 5095 possunt.
1293 5022 1399 5079 Sed
1432 5032 1605 5077 tamen
1658 5040 1777 5077 cum
1803 5022 2015 5077 'adsunt

435 5137 541 5174 non
565 5118 712 5189 quasi
755 5115 931 5171 desint
956 5113 1212 5183 tradenda
1256 5122 1418 5177 sunt;
1446 5108 1540 5169 sed
1565 5122 1615 5166 ut
1646 5111 1930 5174 lructuose,
1963 5120 2016 5165 et

436 5228 542 5266 non
575 5209 873 5281 perniciose
899 5207 1213 5281 habeantur,
1247 5221 1341 5275 per
1372 5191 1543 5275 ipsum
1566 5205 1835 5283 vinculum
1870 5203 2016 5273 pacis

434 5318 487 5361 et
514 5304 857 5369 eminentiam
882 5301 1157 5369 eharitatis
1184 5298 1443 5369 agendum
1474 5310 1575 5353 est.
1786 5304 1797 5357 ᾗ
1960 5308 1963 5309 ⁷

506 5397 885 5457 εΑιιυτχν.
938 5426 1011 5447 --
1050 5395 1139 5448 90.
1190 5382 1545 5459 Quantdhrem
1598 5391 1641 5444 si
1703 5387 2018 5458 evangelieis

439 5492 634 5555 verbis,
668 5506 691 5543 ι
734 5487 795 5541 In
818 5485 1020 5541 nomine
1050 5484 1217 5536 Putris
1244 5493 1286 5536 ct
1320 5481 1442 5535 Filii
1468 5493 1512 5534 et
1544 5480 1767 5549 Spiritus
1801 5480 1960 5531 sancti
1996 5497 2013 5531 ι

443 5584 657 5648 iﬂattti.
680 5599 862 5649 sxvm,
897 5580 1007 5649 19),
1044 5577 1275 5631 Marcion
1311 5575 1627 5644 Buptismmn
1674 5570 2016 5635 consecrabat,

443 5660 701 5743 integrum
734 5687 843 5728 erat
874 5676 1274 5727 Sacramentmn
1302 5684 1313 5732 ;
1341 5666 1582 5737 quamvis
1606 5664 1719 5733 ejus
1748 5662 1879 5717 ﬁdes
1924 5662 2020 5717 sub

474 5790 517 5837 ἠε
551 5811 653 5854 Mss.
675 5838 689 5862 ,
714 5804 771 5853 de
796 5803 961 5865 quibus
987 5803 1121 5854 dicit.

604 5933 665 5946 ‘-~

1124 348 1212 408 DE
1252 342 1586 409 BAPTISMO
1624 338 1897 395 CONTRA
1939 333 2382 399 DONATISTAS,
2425 334 2482 391 S.
2514 333 2879 393 AUGUSTINI

3574 333 3677 391 ιω

2097 449 2295 504 eisdem
2328 449 2502 504 verbis
2528 450 2666 504 aliud
2708 449 2971 517 Opinantis
2994 463 3152 519 quam
3183 446 3450 503 catholica
3477 449 3678 506 veritas

2088 541 2271 606 docet,
2296 556 2397 596 non
2416 550 2559 600 esset
2586 542 2938 615 integra..st
2968 541 3221 596 fabulosis
3252 542 3566 598 falsitatibus
3593 544 3678 597 in-

2094 636 2309 704 quinata
2336 635 2438 709 (α).
2462 635 2591 690 Nam
2619 636 2937 690 solicisdcm
2968 636 3163 703 verbis,
3192 635 3242 689 id
3263 645 3366 700 est,
3396 634 3461 688 In
3482 639 3682 691 nomine

2099 724 2269 780 I‘utris
2298 736 2342 780 et
2375 726 2497 781 Filii
2520 736 2564 780 et
2593 726 2818 795 Spiritus
2854 728 3037 791 sancti,
3083 742 3189 781 non
3219 728 3392 782 solum
3421 727 3682 797 Marcion,

2094 827 2180 871 aut
2213 817 2541 899 valentinus,
2572 826 2663 871 aut
2685 819 2863 882 Arius,
2886 832 2978 872 aut
2996 817 3311 881 Eunomius,
3333 818 3425 873 sed
3452 819 3550 888 ipsi
3572 835 3683 874 car-

2095 910 2241 963 nales
2262 909 2461 985 parvuli
2489 908 2741 979 Ecclesia:
2758 909 2975 983 (quibus
2993 910 3203 965 dicebat
3228 910 3533 979 Apostolus,
3560 910 3684 966 Non

2095 1002 2249 1071 potui,
2265 1003 2401 1071 loqui
2429 1003 2565 1057 vobis
2593 1004 2740 1071 quasi
2768 1002 3135 1073 spiritualibus,
3164 1002 3256 1065 sed
3277 1003 3427 1070 quasi
3450 1003 3649 1065 carnali
3660 1033 3681 1043 -

2094 1094 2225 1161 bus),
2259 1090 2303 1148 si
2320 1104 2549 1162 possent
2576 1094 2768 1163 singuli
2798 1078 3442 1165 diligenterinterrogari,
3492 1104 3568 1148 tot
3594 1095 3677 1149 dt.

2094 1185 2374 1240 versitatcs
2386 1186 2694 1255 Opinionum
2720 1183 2982 1248 f0rtaSsis,
3007 1193 3136 1254 quot
3164 1184 3412 1251 homines
3429 1201 3684 1240 numera-

2094 1288 2277 1331 rentur
2304 1296 2317 1332 :
2348 1276 2597 1332 Animalis
2642 1279 2783 1333 enim
2840 1278 2989 1332 homo
3034 1293 3133 1330 non
3162 1278 3375 1347 percipit
3422 1294 3533 1345 qua:
3558 1287 3682 1332 sunt

2096 1366 2323 1437 Spiritus
2356 1367 2472 1423 Dei.
2500 1368 2763 1438 Numquid
2796 1378 2969 1423 tamen
2997 1367 3117 1423 ideo
3142 1384 3250 1443 non
3282 1368 3544 1439 integrum
3582 1368 3682 1423 Sa-

2094 1448 2421 1523 evi-ramentum
2448 1456 2755 1535 accipiunt?
2792 1468 2882 1517 aut
2927 1442 3183 1528 numquid
3222 1458 3340 1513 ideo
3366 1460 3411 1514 si
3440 1442 3653 1528 profero

2096 1552 2223 1614 rint,
2245 1561 2298 1607 et
2313 1552 2621 1621 opinionum
2632 1545 2929 1609 carmlium
2952 1551 3236 1611 vanitatem
3256 1550 3679 1612 emendaverint.

2096 1642 2272 1696 denuo
2327 1642 2469 1712 quod
2518 1650 2834 1711 acceperant
2880 1640 3223 1711 repetendum
3289 1643 3413 1694 est?
3478 1641 3687 1709 Accipit

2097 1731 2323 1802 quisque
2376 1732 2669 1787 secundum
2707 1732 2865 1786 [idem
2905 1746 3076 1796 suam,
3121 1730 3217 1785 sed
3260 1740 3511 1799 quantum
3543 1730 3688 1799 capit

2097 1824 2425 1894 gubernante
2448 1826 2534 1880 illa
2558 1826 2574 1857 ¹
2604 1824 2966 1880 misericordia
2997 1824 3111 1889 Dei,
3137 1822 3204 1877 de
3224 1837 3323 1892 qua
3358 1835 3686 1893 pnesttntens

2099 1915 2238 1970 idem
2268 1918 2539 1985 apostolus
2573 1915 2701 1970 dicit
2729 1933 2741 1969 :
2773 1915 2831 1969 Si
2870 1914 2992 1985 quid
3017 1914 3164 1967 aliter
3187 1913 3383 1984 sapitis,
3412 1914 3464 1966 id
3490 1930 3689 1983 quoque
3730 1932 3737 1937 λ

2098 2008 2233 2063 vobis
2263 2006 2403 2062 Deus
2428 2008 2663 2062 reuelabit
2690 2006 2949 2080 (Philipp.
2985 2022 3062 2071 ut,
3097 2006 3206 2075 15).
3255 2004 3452 2075 Laquei
3509 2015 3686 2061 tamen

2100 2097 2475 2154 hereticorum
2504 2107 2560 2154 et
2587 2098 3045 2155 schismaticorum
3078 2106 3356 2166 propterea
3385 2097 3689 2151 carnalibus

2101 2191 2322 2246 nimium
2354 2191 2634 2259 perniciosi
2677 2198 2820 2253 sunt,
2864 2189 2988 2259 quia
3030 2189 3144 2258 ipse
3188 2198 3470 2257 provectus
3499 2203 3688 2243 eorum

2102 2280 2494 2346 intercluditur,
2522 2282 2834 2359 conﬁrmata
2863 2280 3128 2349 sententia
3156 2279 3406 2334 vanitatis
3427 2279 3686 2334 adversus

2103 2373 2419 2429 catholicam
2450 2374 2752 2437 veritatem,
2783 2383 2838 2429 et
2866 2370 3179 2447 confirmata
3223 2371 3561 2426 animusitate
3579 2371 3690 2425 dis.

2103 2467 2370 2525 sensionis
2419 2465 2673 2522 adversus
2715 2450 3030 2520 catholicam
3081 2478 3293 2532 pacem.
3344 2462 3689 2518 Sacramenta

2104 2569 2281 2616 tamen
2318 2558 2366 2615 si
2410 2556 2597 2613 eadem
2636 2565 2780 2622 sunt,
2824 2556 3021 2625 ubique
3053 2555 3255 2625 integra
3295 2563 3442 2620 sunt,
3482 2553 3691 2608 etiamsi

2104 2665 2266 2721 prave
2315 2649 2682 2719 intelliguntur
2709 2656 2765 2703 et
2807 2646 3137 2723 discordiose
3180 2654 3516 2725 tractantur:
3555 2646 3693 2699 sicut

2103 2740 2363 2809 scriptura
2396 2738 2565 2817 ipsius
2611 2737 2887 2809 Evangelii
2926 2737 2971 2791 si
2996 2735 3339 2811 eadem'ipsa
3368 2745 3465 2800 est,
3497 2736 3693 2807 ubique

2104 2833 2311 2904 integra
2330 2836 2441 2899 est,
2469 2830 2677 2888 etiamsi
2704 2828 3079 2885 innumerabili
3100 2828 3350 2884 falsarum
3377 2828 3689 2898 opinionum

2104 2925 2359 2979 varietate
2372 2929 2660 2979 asseratur.
2677 2920 2810 2976 Nam
2839 2920 2982 2990 quod
2998 2920 3072 2975 ait
3086 2920 3364 2984 Jeremias,
3402 2919 3442 2975 U
3451 2919 3587 2989 tquid
3604 2920 3693 2995 qui

2105 3017 2401 3072 contristant
2427 3032 2505 3069 me
2543 3014 2857 3085 prcvalcnt?
2890 3008 3055 3085 Plaga
3081 3014 3382 3068 meassolida
3411 3022 3521 3078 est;
3551 2996 3690 3071 unde

2105 3106 2363 3165 sanabor?
2404 3104 2540 3159 Dum
2570 3106 2651 3173 fit,
2672 3109 2809 3175 facta
2853 3113 2925 3160 est
2952 3104 3092 3157 mihi
3134 3102 3267 3158 "sicut
3296 3092 3439 3174 [aqua
3478 3103 3695 3157 menda:

2106 3219 2208 3282 non
2245 3200 2429 3279 habens
2458 3200 2612 3269 ﬁdem
2651 3198 2860 3272 (Jerent.
2891 3198 3143 3282 xv,‘18);
3177 3200 3220 3252 si
3271 3197 3493 3268 ﬁgurate
3534 3206 3695 3266 atque

2106 3276 2389 3364 a'llegariixt
2438 3292 2705 3348 locutione
2752 3276 3043 3367 prophetia:
3100 3304 3358 3359 nusquam
3412 3296 3696 3358 poneretur

2107 3400 2269 3454 aqua,
2300 3384 2401 3439 nisi
2442 3399 2560 3455 qua:
2588 3383 2914 3453 Baptismum
2939 3378 3293 3459 signiﬁcaret,
3328 3378 3694 3458 laboraremus

2108 3493 2350 3549 quaarere
2395 3476 2520 3548 quid
2549 3475 2651 3530 sibi
2689 3474 2850 3530 velint
2892 3473 3010 3529 lucc
3050 3471 3210 3526 verba
3238 3470 3485 3536 laciniae
3518 3482 3699 3542 sttuite

2108 3580 2286 3625 autem
2334 3584 2455 3625 cum
2502 3568 2837 3637 apertissime
2890 3567 2945 3620 in
2994 3563 3315 3633 Apocalypsi
3359 3572 3697 3631 exponuntur

2109 3676 2259 3729 aqua:
2288 3674 2383 3729 pro
2433 3658 2645 3729 populis
2687 3656 2877 3726 positze
2921 3654 3103 3726 (Apoc.
3144 3669 3273 3717 xvn,
3300 3653 3410 3722 £5),
3444 3668 3540 3705 cur
3584 3668 3694 3705 non

2110 3751 2400 3821 intelligam
2430 3763 2621 3819 aquam
2661 3745 2974 3801 mendacem
3013 3755 3068 3800 et
3091 3744 3208 3799 sine
3247 3743 3384 3811 lida,
3441 3742 3695 3813 populum

2109 3842 2424 3907 mendacem
2452 3855 2515 3895 ac
2544 3838 2826 3910 perﬁdum,
2849 3838 3047 3892 nescio.

2158 3930 2575 4005 CAPUTXV’I.
2606 3959 2677 3971 -—-
2700 3929 2792 3984 21.
2824 3927 3048 3999 Spiritus
3090 3935 3263 3981 autem
3310 3939 3516 3981 sanctus
3552 3926 3697 3996 quod

2110 4024 2165 4079 in
2188 4008 2297 4077 sola
2326 4021 2584 4078 Catholica
2606 4063 2622 4087 ,
2672 4037 2761 4090 per
2799 4036 2977 4073 manus
3014 4018 3382 4087 intpositioncm
3426 4018 3538 4071 dari
3564 4018 3698 4073 dici-

2114 4124 2200 4170 tur
2222 4156 2236 4178 ,
2268 4114 2519 4167 nimirum
2550 4112 2653 4167 hoc
2682 4112 2903 4181 intelligi
2935 4111 3165 4180 majores
3193 4111 3359 4165 nostri
3388 4111 3695 4172 voluerunt,

2112 4204 2253 4276 quod
2280 4204 2563 4273 Apostolus
2592 4202 2668 4259 ait
2697 4243 2712 4269 ,
2746 4203 2999 4267 Quoniam
3026 4202 3245 4265 charitas
3283 4199 3375 4257 Dei
3402 4199 3587 4266 diffusa
3625 4209 3699 4254 est

2112 4298 2165 4351 in
2191 4294 2423 4350 cordibus
2449 4295 2634 4349 nostris
2656 4310 2745 4362 per
2770 4292 3021 4362 Spiritum
3048 4302 3273 4347 sanctum
3296 4332 3310 4357 ,
3338 4293 3423 4359 qui
3452 4292 3600 4353 datus
3623 4288 3699 4354 est

2115 4388 2256 4443 nobis
2298 4386 2484 4458 (Rom.
2512 4401 2565 4450 v,
2592 4383 2685 4455 5).
2735 4382 2851 4452 Ipsa
2903 4392 2987 4438 est
3032 4384 3173 4438 enim
3222 4383 3507 4450 Charitas,
3540 4376 3698 4452 quam

2116 4496 2219 4536 non
2271 4478 2466 4534 habent
2502 4478 2591 4548 qui
2636 4476 2704 4531 ab
2733 4475 2989 4537 Ecclesia:
3013 4476 3288 4553 catholica:
3327 4458 3702 4549 cqunmmiione
3727 4463 3747 4473 “

2115 4572 2322 4644 prmcisi
2364 4579 2490 4625 sunt
2518 4588 2532 4624 :
2560 4584 2624 4625 ac
2672 4576 2773 4639 per.
2823 4568 2925 4639 hoc
2948 4554 3391 4645 etiamsi-linguis
3430 4567 3701 4622 luminum

2117 4674 2172 4720 et
2200 4658 2523 4734 Angelorum
2552 4661 2836 4743 loquantur
2859 4701 2874 4725 ,
2902 4659 2947 4725 si
2974 4654 3144 4713 sciant
3169 4659 3343 4713 omnia
3369 4658 3709 4733 sacramenta

2118 4765 2171 4810 et
2206 4752 2745 4825 omnemseieutiam
2776 4758 2877 4818 ,lct
2904 4751 2947 4804 si
2976 4750 3203 4825 habeant
3228 4764 3439 4804 omnem
3472 4749 3725 4829 pmphcﬁ

2120 4848 2243 4902 tiam
2264 4878 2297 4914 ,ην
2326 4855 2381 4919 et
2414 4830 2626 4917 omnem
2666 4843 2824 4905 [idem
2850 4885 2865 4910 ,
2917 4842 2987 4896 ita
3016 4828 3321 4900 ut'montes
3352 4828 3721 4910 u‘attsierant,l

2040 4992 2041 4995 η
2119 4952 2172 4997 et
2193 4940 2516 4996 distribuant
2544 4938 2722 4993 omnia
2746 4951 2841 4992 sua
2874 4935 3190 5005 pauperibus
3214 4976 3229 4998 ,
3262 4944 3316 4990 et
3345 4934 3555 5005 tradant
3580 4932 3730 5010 cur};

2121 5047 2220 5101 pus
2243 5046 2396 5087 suum
2424 5038 2481 5084 ut
2507 5028 2765 5091 ardeant,
2797 5025 2927 5093 nihil
2968 5026 3045 5082 cis
3074 5026 3289 5094 prodest
3322 5026 3382 5096 (l
3412 5026 3528 5079 (ἔον.
3570 5042 3664 5081 IIII
3684 5063 3700 5095 ,

2122 5124 2271 5194 1ο3).
2300 5122 2416 5177 Non
2447 5129 2621 5176 autem
2651 5120 2847 5175 habent
2872 5119 2965 5181 Dei
3003 5118 3316 5176 charitatem
3337 5158 3353 5184 ,
3384 5118 3473 5188 qui
3516 5118 3703 5194 Eccle-

2120 5190 2350 5270 sia-tuon
2378 5213 2603 5282 diligunt
2631 5212 2885 5285 unitatem
2911 5228 2924 5264 :
2953 5225 3017 5295 ac
3046 5226 3141 5279 per
3172 5209 3274 5264 hoc
3318 5198 3475 5265 recte
3504 5190 3706 5297 intelli-

2121 5309 2261 5377 gitur
2303 5305 2407 5361 dici
2437 5321 2540 5361 non
2571 5303 2737 5372 accipi
2769 5304 2868 5357 nisi
2905 5304 2956 5357 in
3001 5302 3273 5358 Catholica
3322 5301 3550 5379 Spiritus
3578 5317 3707 5357 san-

2122 5406 2257 5449 ctus.
2290 5394 2470 5462 Neque
2497 5392 2639 5446 enim
2688 5389 3066 5459 temporalibus
3096 5398 3149 5443 et
3183 5390 3523 5444 sensibilibus
3548 5390 3711 5444 mira-

2124 5490 2261 5542 culis
2308 5484 2679 5539 attestantibus
2731 5498 2827 5553 per
2870 5498 3058 5535 manus
3100 5482 3501 5549 impositioncm
3550 5483 3709 5535 modo

2125 5579 2279 5633 datur
2307 5577 2532 5646 Spiritus
2562 5586 2776 5629 sanctus
2796 5616 2809 5635 ,
2840 5573 2975 5628 sicut
3009 5583 3160 5625 antea
3191 5574 3414 5627 dabatur
3450 5572 3515 5627 ad
3561 5588 3707 5627 cotu-

2192 5711 2207 5739 ¹
2236 5715 2365 5765 t.ov.,
2390 5705 2541 5755 illum.
2568 5708 2716 5754 nostri
2748 5713 2848 5752 Mss.
2874 5717 2983 5753 cum
3010 5714 3105 5749 Am.
3135 5711 3183 5751 et
3209 5709 3278 5750 rtr.
3299 5738 3312 5758 ,
3338 5702 3438 5751 illa.

2194 5792 2265 5855 (α)
2287 5790 2454 5840 confer
2478 5790 2729 5841 concilium
2754 5787 3033 5837 Arelatense
3062 5788 3105 5848 t,
3134 5800 3235 5836 ean.
3264 5786 3309 5836 8.
