4050 6206
309 359 415 438 ua

306 477 704 536 Incmlatimnem
733 475 880 531 rudis
921 473 1044 530 lidei
1085 483 1137 530 et
1163 469 1417 529 Ecclesia:
1446 469 1736 542 primordia
1764 467 1897 523 dila-

306 573 484 628 tanda.
531 555 662 640 Quis
689 570 831 625 enim
879 583 1021 622 nunc
1052 567 1153 621 hoc
1190 574 1464 636 exspectat
1492 605 1506 630 ,
1554 571 1613 618 ut
1643 563 1678 617 ii
1706 561 1896 632 quibus

304 679 494 720 manus
518 662 584 718 ad
613 660 980 733 accipiendum
1011 659 1266 728 Spiritum
1299 663 1538 711 sanctum
1565 653 1851 724 imponitur
1877 695 1892 720 ,

304 768 525 828 repente
571 757 828 826 incipiant
865 754 1056 824 linguis
1087 752 1226 822 loqui
1257 751 1280 805 ?
1325 749 1420 805 sed
1469 747 1806 803 invisibiliter
1843 754 1898 800 et

305 851 532 904 latenter
573 847 882 918 intelligitur
915 840 1135 915 propter
1163 845 1178 874 ¹
1209 841 1476 896 vinculum
1522 841 1664 910 pacis
1710 852 1896 893 eorum

303 940 556 996 cordibus
585 938 763 993 divina
800 936 1031 991 charitas
1058 933 1338 1004 inspirari,
1364 941 1423 986 ut
1454 932 1658 1001 possint
1678 930 1854 985 dicere
1878 970 1894 994 ,

306 1029 562 1098 Quoniam
613 1029 834 1082 charitas
882 1027 976 1080 Dei
1018 1025 1206 1091 cli/fusa
1249 1006 1321 1078 est
1365 1024 1418 1076 in
1451 1021 1685 1076 cordibus
1715 1021 1898 1074 nostris

304 1139 394 1192 per
436 1122 689 1192 Spiritum
739 1129 1010 1185 sanctum,
1057 1119 1145 1189 qui
1201 1117 1350 1170 datus
1402 1125 1472 1170 est
1514 1114 1675 1169 nobis.
1721 1113 1898 1167 Multa:

302 1222 479 1268 autem
510 1222 634 1268 sunt
679 1212 1014 1282 nperationes
1053 1210 1280 1280 Spiritus
1324 1207 1528 1273 sancti,
1571 1221 1702 1276 quas
1755 1204 1896 1259 idem

302 1305 579 1372 apostolus
605 1318 727 1358 eum
770 1303 1000 1374 quodam
1039 1301 1194 1367 loco,
1243 1308 1495 1370 quantum
1523 1296 1767 1364 sol'ticc‘re
1805 1310 1897 1369 ar-

302 1399 529 1453 bitratus
555 1406 674 1462 est,
721 1385 1194 1452 comnietnoeasset
1217 1433 1233 1460 ,
1276 1393 1348 1463 ita
1383 1383 1661 1446 conclusit
1711 1379 1736 1444 ς’
1769 1387 1895 1442 0m-

302 1490 390 1542 nia
408 1498 576 1542 autem
601 1488 709 1542 lucc
735 1497 974 1556 operatur
994 1501 1127 1538 unus
1171 1493 1321 1553 atque
1349 1483 1481 1558 idern
1521 1479 1745 1551 Spiritus
1771 1519 1786 1542 ,
1814 1478 1896 1531 di-

304 1580 478 1634 videns
504 1580 714 1650 propria
736 1577 1006 1646 unicuique
1027 1582 1178 1648 prout
1197 1575 1300 1629 vult
1322 1573 1368 1643 (Ι
1386 1571 1602 1637 Count,
1629 1570 1738 1639 ll).
1760 1568 1896 1624 Cum

306 1687 437 1742 ergo
463 1671 532 1726 sit
562 1669 705 1725 aliud
742 1669 1175 1733 Sacramentum,
1220 1664 1364 1736 quod
1393 1663 1594 1718 habere
1625 1660 1785 1717 etiam
1814 1659 1899 1716 Si-

310 1777 436 1816 mon
479 1759 661 1831 Magus
701 1760 874 1830 potuit
926 1755 1076 1830 (Act.
1107 1772 1220 1822 vni,
1256 1755 1362 1825 15)
1395 1751 1435 1819 ;‘
1462 1745 1609 1832 aliud
1657 1751 1902 1832 operatio

305 1852 533 1921 Spiritus
552 1830 584 1916 ,ί
609 1867 728 1922 qua:
771 1849 824 1904 in
865 1850 1018 1904 malis
1047 1846 1356 1903 hominibus
1391 1830 1549 1900 etiam
1583 1830 1699 1898 ﬁeri
1724 1833 1893 1922 solet,

306 1917 444 1998 sicut
468 1942 594 1998 Sail]
617 1917 795 1996 habuit
829 1939 1162 2011 prophetiam
1195 1936 1246 2009 (l
1274 1937 1400 2008 Reg.
1429 1953 1484 2002 ι,
1507 1935 1561 1999 6,
1591 1933 1694 2005 l0)
1715 1951 1729 2001 ;
1752 1917 1900 1988 aliud

307 2035 548 2104 Operatio
594 2032 834 2102 ejusdem
885 2030 1153 2101 Spiritus,
1185 2043 1349 2100 quam
1387 2028 1488 2082 nisi
1530 2027 1656 2081 boni
1699 2025 1899 2080 habere

309 2142 411 2181 non
437 2132 676 2195 possunt,
707 2123 844 2180 sicut
866 2131 947 2178 est
974 2122 1094 2176 linis
1117 2117 1370 2192 prwcepti
1398 2118 1628 2184 charitas
1645 2117 1712 2172 de
1736 2115 1900 2182 corde

197 2231 214 2249 ο
308 2231 460 2288 puro,
491 2227 544 2270 et
574 2214 898 2269 conscientia
926 2213 1062 2268 bona
1086 2252 1102 2279 ,
1134 2220 1190 2267 et
1234 2209 1339 2265 ﬁde
1379 2201 1505 2264 non'
1529 2208 1650 2264 licia
1681 2207 1736 2279 (l
1758 2206 1893 2262 Tim.

307 2324 345 2370 ι.
375 2308 448 2376 5)
477 2324 491 2357 :
523 2305 798 2376 quodlibet
845 2304 1076 2359 lta‘retici
1125 2310 1180 2357 et
1222 2299 1545 2356 schismatici
1595 2299 1892 2368 accipiant,

308 2399 538 2452 cluat-itas
601 2412 720 2467 qua:
765 2397 1006 2466 cooperit
1060 2389 1451 2448 multitudinem
1516 2398 1852 2462 peccatorum
1877 2431 1894 2459 ,

311 2490 579 2559 proprium
628 2488 831 2542 donum
880 2497 964 2542 est
1013 2477 1289 2541 catholica:
1337 2475 1552 2538 unitatis
1597 2487 1654 2539 et
1694 2482 1894 2553 pacis;

311 2594 408 2635 nec
435 2580 551 2648 ejus
577 2578 628 2632 in
657 2578 905 2633 omnibus
929 2618 944 2645 ,
972 2577 1094 2647 quia
1119 2590 1219 2630 nec
1259 2575 1375 2644 ejus
1395 2583 1520 2628 sunt
1545 2587 1756 2640 omnes,
1787 2573 1898 2629 sic-

310 2681 368 2725 ut
423 2685 522 2726 suo
580 2671 700 2725 loco
735 2665 1300 2724 videbimus.‘Pra:ter
1342 2665 1510 2735 ipsam
1556 2673 1732 2719 tamen
1777 2678 1899 2721 esse

313 2764 398 2818 illa
446 2762 684 2818 citat-itas
734 2778 839 2817 non
870 2769 1044 2832 potest
1067 2799 1082 2823 ,
1119 2759 1237 2816 sine
1265 2773 1385 2831 'qua
1429 2765 1622 2830 caetera
1659 2756 1822 2811 etiam
1851 2756 1898 2810 si

311 2855 523 2926 agnosci
555 2863 609 2908 et
646 2853 930 2924 approbari
961 2843 1501 2922 possunt,‘prodesse
1529 2856 1705 2912 tamen
1747 2855 1801 2903 et
1829 2846 1896 2901 li-

312 2925 496 3001 berare
525 2959 634 3000 non
664 2951 906 3014 possunt.
933 2935 1116 2997 Manus
1138 2946 1315 2996 autem
1339 2925 1604 3008 impositio
1627 2952 1734 2992 non
1759 2930 1904 3012 sicut,

313 3037 609 3104 Baptismus
630 3037 799 3105 repeti
824 3051 927 3090 non
958 3043 1151 3106 potest.
1181 3031 1318 3101 Quid
1343 3038 1426 3088 est
1451 3030 1594 3093 enim
1621 3028 1768 3087 aliud
1793 3016 1897 3084 nisi

310 3128 478 3182 oratio
506 3143 670 3196 super
695 3127 964 3182 hominem
1007 3124 1082 3198 (a)
1114 3125 1140 3180 ἲ
1469 3108 1497 3140 ί
1651 3117 1660 3136 ⁸

377 3217 604 3276 CAPUT
651 3217 812 3273 XVII.
841 3247 914 3258 -—
938 3216 1025 3271 22.
1072 3216 1211 3270 Nam
1258 3215 1394 3287 quod
1433 3214 1486 3268 in
1527 3224 1648 3286 typo
1689 3213 1898 3270 unitatis

311 3310 466 3366 Petro
494 3309 748 3365 Dominus
790 3310 926 3363 dedit
966 3293 1294 3380 potesiatctn,
1338 3294 1400 3360 ut“
1431 3307 1487 3362 id
1531 3306 1803 3361 solueretur
1841 3305 1897 3360 in

314 3407 456 3457 terris
484 3403 616 3472 quod
633 3403 722 3457 ille
738 3402 962 3457 solvisset
987 3443 1001 3470 ,
1031 3398 1366 3454 manifestum
1386 3406 1472 3454 est
1495 3398 1636 3469 quod
1667 3398 1754 3452 illa
1781 3398 1895 3453 uni-

315 3504 399 3548 tas
437 3495 591 3574 etiam
621 3510 724 3548 una
774 3493 1019 3548 columba
1061 3475 1292 3561 perfecta
1336 3492 1406 3545 sit
1439 3488 1598 3545 dicta.
1631 3487 1897 3566 Numquid

311 3599 439 3656 ergo
483 3585 548 3639 ad
593 3583 837 3640 eamdem
865 3583 1164 3638 columbam
1191 3582 1458 3652 pertinent
1497 3595 1685 3636 omnes
1709 3580 1852 3634 avari
1877 3621 1892 3648 ,

312 3678 374 3732 de
416 3676 611 3746 quibus
659 3677 710 3730 in
737 3675 922 3732 eadem
944 3674 1213 3730 Catholica
1238 3675 1470 3744 graviter
1495 3673 1635 3727 idem
1671 3670 1896 3743 Cypria-

312 3784 408 3821 nus
427 3767 724 3838 ingemuit?
749 3765 906 3830 Nam,
929 3763 1205 3834 ntepinor,
1227 3773 1468 3834 raptores
1494 3777 1597 3817 non
1612 3761 1893 3829 columbae,

310 3858 399 3913 sed
427 3858 714 3928 accipitres
750 3856 854 3911 dici
898 3865 1140 3927 possunt.
1187 3853 1464 3922 Quomodo
1502 3868 1628 3922 ergo
1656 3851 1896 3921 baptiza~

313 3949 473 4016 bant,
524 3949 615 4020 qui
659 3946 852 4002 fundos
880 3945 1150 4001 insidiosis
1194 3941 1811 4024 fraudibusrapiebant,
1843 3951 1897 3997 et

311 4043 481 4097 usuris
546 4040 1021 4111 tnultiplicantibus
1071 4037 1224 4094 fenus
1273 4036 1537 4108 angebant
1584 4035 1750 4110 (Lib.
1807 4051 1897 4090 seu

311 4132 474 4202 Epist.
515 4133 580 4188 de
599 4131 784 4201 Lapsis
808 4132 827 4203 )
852 4174 868 4200 ,
915 4133 959 4186 si
988 4131 1101 4186 sola
1129 4130 1214 4184 illa
1242 4128 1486 4184 columba
1510 4167 1528 4194 ,
1556 4127 1608 4182 id
1651 4136 1735 4184 cst
1755 4167 1772 4195 ,
1806 4126 1897 4182 illa

311 4229 482 4282 unitas
518 4242 639 4298 qua:
679 4225 780 4280 nisi
826 4225 879 4280 in
907 4224 1060 4279 bonis
1107 4222 1326 4291 intelligi
1366 4237 1470 4276 non
1511 4229 1721 4290 potest,
1764 4218 1894 4274 sim-

313 4320 427 4389 plex
463 4327 519 4374 et
545 4327 693 4373 casta
730 4325 782 4372 et
814 4316 1044 4388 perfecta
1077 4314 1306 4384 baptizat
1327 4314 1354 4368 ?
1373 4316 1456 4368 An
1485 4312 1622 4369 forte
1651 4327 1748 4382 per
1771 4327 1897 4391 ora-

312 4412 482 4467 tiones
524 4417 831 4465 Sanctorum
874 4407 1226 4478 spiritualium
1252 4405 1340 4476 qui
1381 4413 1504 4472 sunt
1542 4403 1595 4462 in
1625 4401 1895 4482 Ecclesia,

313 4513 561 4574 tanquam
594 4517 688 4572 per
731 4500 992 4557 columbae
1031 4497 1412 4554 creberrimum
1442 4489 1697 4565 gemitum
1722 4535 1738 4561 ,
1779 4489 1914 4548 “ina;

311 4611 472 4666 gnum
520 4594 724 4665 geritur
766 4599 1156 4647 sacramentum
1185 4629 1200 4655 ,
1243 4597 1298 4653 et
1341 4576 1901 4655 occulta‘dispensatio

313 4665 696 4741 misericordia:
730 4684 849 4750 Dei,
880 4691 934 4736 ut
959 4696 1144 4737 eorum
1171 4667 1332 4752 etiam
1361 4665 1576 4747 peccata
1605 4672 1921 4740 sol'tantur,‘

313 4781 399 4849 qui
430 4794 537 4834 non
571 4793 666 4850 per
687 4775 988 4831 columbam
1014 4816 1030 4840 ,
1057 4772 1151 4828 sed
1183 4787 1276 4841 per
1293 4765 1598 4839 aecipitrem
1632 4766 1904 4838 baptizan-

315 4881 438 4938 tur,
480 4872 523 4926 si
570 4869 639 4925 ad
683 4868 814 4948 illud
849 4867 1252 4924 Sacramc‘ntum
1296 4879 1414 4918 cum
1455 4859 1584 4932 pa‘ee
1626 4861 1936 4920 catholicte'

317 4957 532 5017 unitatis
558 4943 869 5017 acceduiit?
899 4951 1120 5026 ρειοάἐί
1149 4947 1220 5010 ita
1250 4963 1331 5009 est
1353 4995 1368 5020 ,
1414 4967 1507 5007 cur
1530 4951 1635 5007 non
1657 4950 1784 5021 ergo
1807 4943 1907 5018 per

315 5069 498 5127 eorum
530 5046 820 5106 orationes‘
850 5065 972 5104 cum
1016 5048 1240 5119 quisque
1279 5036 1347 5100 ab
1383 5037 1710 5099 haeresi-aut
1763 5041 1903 5096 schi-

317 5125 489 5220 ειίίιιίε
534 5142 600 5195 ad
631 5146 817 5210 partem
846 5139 1160 5198 catholicam
1186 5129 1368 5216 venit,
1398 5135 1514 5205 ejus
1544 5143 1757 5204 peccata
1792 5131 1903 5188 sol-

317 5246 510 5289 vuntur
531 5235 557 5289 ?
583 5223 1428 5307 Sacramentiaittein“integritas
1464 5228 1667 5297 ubique
1701 5241 1903 5295 cogno-

317 5325 504 5394 scitur,
530 5325 624 5381 scd
641 5323 718 5379 ad
745 5316 1087 5394 peccatorum
1115 5315 1258 5375 illam
1290 5316 1693 5374 irrcvocabilem
1717 5315 1908 5370 remis-

319 5406 525 5492 sionem
553 5428 706 5499 cntra
735 5402 996 5495 unitatem
1033 5413 1286 5469 Ecclesia:
1328 5426 1434 5466 non
1461 5410 1673 5465 valebit.
1714 5405 1822 5463 Nec
1851 5407 1905 5462 in

385 5576 400 5609 '
424 5575 496 5626 sic
517 5582 624 5623 lim.
645 5572 764 5622 ΓΑΕιί
789 5578 970 5629 autem,
993 5581 1098 5632 per.

381 5624 601 5700 (citatis
628 5635 708 5684 illa
751 5642 829 5682 est
852 5624 1020 5681 manus
1042 5630 1304 5700 impositio,
1328 5626 1409 5700 de.
1429 5639 1525 5698 qna
1557 5625 1722 5700 inira,__
1745 5624 1831 5700 lib.
1856 5626 1906 5685 5,

325 5689 530 5759 013.95.
547 5697 762 5758 legitur:
791 5703 985 5759 «Manus
1006 5689 1168 5759 autem
1205 5689 1506 5752 imwsitio’si
1533 5702 1627 5737 non
1649 5689 1906 5759 adhibere-

333 5777 352 5804 σ
376 5749 451 5808 iur
485 5749 548 5810 ab
586 5749 765 5808 liieresi
805 5757 1036 5816 venienti,
1065 5749 1290 5815 tanquam
1331 5761 1471 5802 extra
1495 5763 1689 5802 onmem
1719 5749 1906 5812 culpam

333 5841 354 5868 ι
378 5836 482 5872 csso
498 5821 818 5888 judicaretur.
843 5835 865 5863 1

1637 352 1836 435 unm
1873 349 2186 431 renittis,

3483 366 3586 422 150

2004 464 2195 524 πιπραςὶ
2234 479 2325 524 aut
2358 470 2644 528 schismate
2666 473 3013 530 constitutum
3056 486 3363 533 sanctorum
3391 479 3589 534 oratio-

2003 571 2100 612 nes
2125 599 2140 624 ,
2192 558 2243 614 id
2275 567 2386 626 est,
2423 562 2565 618 illius
2593 563 2761 620 unica:
2789 567 3050 622 columbae
3086 569 3316 638 gemitus
3344 578 3589 640 poterunt

2002 648 2251 718 adjuvare
2278 669 2293 716 ;
2335 654 2473 707 sicut
2498 655 2764 710 nec-intus
2789 659 3018 726 positum
3043 670 3266 728 possunt
3287 704 3302 728 ,
3332 662 3380 716 si
3402 662 3566 718 adscr

2001 757 2120 797 sum
2144 758 2202 798 se
2227 745 2338 815 ipse
2364 761 2461 815 per
2493 748 2652 803 vitam
2681 751 2965 819 pessimam
2993 760 3173 808 teneat
3197 754 3374 808 debita
3402 771 3588 824 pecca-

2002 843 2175 890 torum
2203 879 2217 902 ,
2273 854 2378 892 non
2433 841 2604 896 solum
2647 842 2691 896 si
2743 857 2843 912 per
2883 845 3236 914 accipitrem,
3287 847 3382 902 sed
3424 850 3586 903 etiam

2001 926 2047 980 si
2091 942 2185 996 per
2221 929 2388 998 ipsius
2427 932 2688 988 columine
2735 934 2878 1004 pium
2922 936 3276 992 ministerium
3327 939 3584 1009 baptiza-

2003 1028 2106 1074 tur.

2073 1113 2300 1172 CAPUT
2347 1116 2531 1173 XVIII.
2557 1120 2733 1174 —9.5.
2776 1120 2920 1176 Sicut
2946 1122 3080 1176 misit
3111 1139 3215 1189 me,
3249 1123 3456 1194 inquit.
3491 1125 3588 1179 Pa-

2002 1215 2076 1294 ter
2093 1247 2108 1272 ,
2154 1218 2200 1261 et
2228 1225 2319 1280 ego
2347 1212 2487 1266 mitto
2509 1229 2614 1267 vos.
2651 1212 2762 1288 Hoc
2786 1231 2899 1292 cum
2925 1215 3167 1282 dixisset,
3202 1216 3468 1287 inspirat-it
3496 1260 3510 1283 ,
3541 1228 3588 1274 et
3629 1233 3640 1243 '

2000 1293 2206 1385 illis
2245 1316 2265 1355 :
2294 1303 2514 1372 Accipite
2532 1299 2790 1376 Spiritum
2827 1293 3056 1362 sanctum
3090 1323 3109 1366 :
3146 1311 3193 1364 si
3219 1311 3366 1380 cujus
3393 1313 3590 1366 remise-

2001 1390 2112 1444 ritis
2141 1381 2342 1462 peccata
2360 1437 2375 1460 ,
2404 1397 2718 1476 remittemur
2745 1399 2823 1468 illi
2847 1416 2866 1465 ;
2892 1400 2938 1454 si
2961 1401 3108 1472 cujus
3133 1404 3418 1468 tenueritis,
3449 1413 3585 1458 tene-

2001 1479 2186 1536 buntur
2225 1479 2420 1554 (Joan.
2462 1503 2553 1555 xx,
2581 1476 2767 1557 22,25
2787 1489 2831 1560 ).
2859 1487 3008 1560 Ergo
3046 1495 3090 1546 si
3120 1508 3400 1563 personant
3434 1511 3589 1566 gert?

2000 1573 2124 1629 bant
2168 1576 2451 1646 Ecclesiae,
2483 1589 2536 1634 et
2560 1581 2637 1637 sic
2671 1582 2748 1637 eis
2788 1583 2889 1638 hoc
2934 1583 3134 1638 dictum
3171 1595 3252 1640 cst
3276 1629 3290 1655 ,
3337 1595 3582 1657 tanquam

2001 1664 2101 1735 ipsi
2127 1665 2382 1723 Ecclesia:
2417 1670 2724 1737 diceretur;
2771 1689 2872 1752 pas
2908 1673 3159 1730 Ecclesia:
3202 1675 3422 1732 dimittit
3460 1694 3586 1748 pecu

2000 1764 2146 1823 cata,
2188 1759 2334 1814 etab
2381 1760 2633 1816 Ecclesia:
2672 1777 2802 1833 pace
2842 1764 3091 1821 alienatio
3142 1777 3284 1822 tenet
3328 1778 3541 1839 peccata
3567 1812 3582 1836 ,

2001 1863 2108 1903 non
2146 1847 2443 1905 secundum
2481 1847 2757 1909 aibitrium
2802 1855 3108 1924 hominum,
3149 1858 3245 1914 sed
3291 1860 3583 1915 secundum

1999 1941 2279 2010 arbitrium
2312 1943 2402 2025 Dei
2453 1954 2508 1999 et
2549 1931 2818 2025 orationes
2861 1956 3168 2003 sanctorum
3207 1950 3581 2020 spiritualium,

2000 2034 2089 2104 qui
2116 2035 2293 2090 omnia
2319 2023 2563 2104 iudicant
2587 2023 2612 2104 ,’
2634 2027 2740 2110 ipsi,
2764 2049 2943 2110 autem
2968 2053 3000 2094 a
3029 2039 3244 2097 nemine
3282 2041 3587 2112 judicantnr

2002 2123 2192 2209 (lZCor.
2215 2140 2273 2192 n,
2307 2125 2418 2194 15).
2447 2126 2606 2181 Petra
2635 2122 2776 2182 enim
2809 2136 2983 2196 tenet,
3013 2139 3164 2199 petra
3193 2129 3411 2185 dimittit
3444 2149 3458 2185 :
3490 2146 3585 2187 oo-

2002 2217 2180 2272 lnmba
2214 2226 2358 2274 tenet
2391 2262 2404 2287 ,
2437 2220 2684 2274 columba
2708 2219 2930 2277 dimittit
2962 2239 2976 2274 :
3010 2222 3187 2278 unitas
3213 2230 3377 2290 tenet,
3409 2224 3585 2279 unitas

2001 2307 2240 2396 dimittit.
2270 2310 2377 2396 ξω(
2406 2299 2583 2394 autem
2611 2311 2769 2382 hujus
2803 2312 3022 2368 unitatis
3063 2313 3115 2367 in
3144 2299 3273 2369 solis
3298 2313 3452 2368 bonis
3474 2323 3582 2378 est,

2002 2401 2083 2455 vel
2108 2387 2216 2472 jam
2245 2383 2632 2478 spiritualibus,
2651 2404 2734 2460 vel
2762 2403 2829 2459 ad
2855 2403 3146 2474 spiritualia
3176 2404 3430 2460 concordi
3454 2405 3585 2460 obe-

2001 2483 2199 2549 dientia
2244 2479 2641 2565 proﬁcientibus
2672 2512 2686 2550 :
2715 2494 2767 2550 in
2798 2495 2953 2551 malis
2984 2504 3159 2551 autem
3186 2509 3291 2551 non
3324 2505 3405 2551 cst
3429 2538 3444 2565 ,
3471 2496 3586 2553 sive

2003 2582 2131 2637 toris
2158 2583 2562 2651 tumultuentur,
2594 2585 2707 2641 sive
2733 2585 2874 2640 intus
2903 2597 3024 2641 cum
3046 2586 3242 2657 gemitu
3270 2586 3582 2654 tolerentur,

2001 2681 2055 2727 et
2084 2672 2353 2742 haptizent
2377 2683 2429 2728 et
2453 2675 2805 2744 baptizentur.
2831 2674 2982 2731 Sicut
3018 2687 3194 2730 autem
3217 2677 3302 2730 isti
3329 2677 3417 2747 qui
3445 2677 3586 2731 intus

1999 2779 2121 2819 cum
2147 2767 2346 2835 gemitu
2377 2767 2701 2833 tolerantur,
2731 2767 2974 2837 quamvis
3013 2768 3081 2822 ad
3109 2768 3353 2824 eamdem
3382 2768 3587 2823 colum-

2000 2855 2084 2910 ba:
2113 2857 2367 2911 unitatem
2395 2897 2411 2923 ,
2457 2867 2512 2913 et
2551 2858 2619 2913 ad
2661 2858 2804 2912 illam
2832 2859 3122 2929 gloriosam
3149 2859 3444 2914 Ecclesiam
3474 2875 3581 2914 non

2001 2945 2287 3004 habentem
2317 2947 2578 3004 maculam
2603 2957 2695 3004 aut
2719 2964 2902 3020 rugam
2930 2957 3023 3004 aut
3048 2948 3250 3020 aliquid
3278 2948 3582 3020 hnjusmodi

2001 3038 2220 3112 (Ephes.
2243 3056 2294 3108 ν,
2322 3040 2426 3114 27)
2447 3083 2461 3108 ,
2491 3056 2596 3097 non
2623 3042 2926 3112 pertineant
2952 3040 3024 3116 (a)
3049 3059 3065 3108 ;
3113 3050 3292 3097 tamen
3333 3044 3379 3099 si
3414 3044 3585 3098 corri-

1998 3141 2222 3204 gantur,
2251 3141 2306 3188 et
2331 3147 2389 3188 se
2412 3133 2677 3205 pessimos
2721 3132 2788 3188 ad
2816 3133 3145 3204 Baptismum
3187 3133 3479 3190 accessisse
3509 3134 3584 3189 ia.

2001 3234 2216 3282 teantur
2238 3267 2252 3294 ,
2282 3241 2388 3280 non
2415 3224 2846 3295 rebaptizantur,
2875 3223 2970 3280 sed
3007 3224 3266 3294 incipiunt
3291 3223 3356 3279 ad
3383 3225 3584 3280 colum-

2000 3316 2122 3372 bam
2153 3317 2451 3387 pertinere,
2481 3332 2578 3387 per
2601 3316 2753 3388 cujus
2777 3315 3011 3389 gemitus
3040 3324 3256 3388 peccata
3281 3316 3582 3384 solvuntur,

1999 3420 2030 3461 a
2059 3407 2209 3476 cujus
2233 3423 2365 3478 pace
2390 3407 2636 3462 alienatis
2665 3408 2982 3464 tenebantur
3009 3407 3026 3440 ι
3060 3423 3073 3460 :
3110 3407 3188 3463 sic
3217 3415 3273 3463 et
3297 3407 3388 3478 qui
3424 3422 3582 3480 aper-

2001 3502 2106 3556 tius
2153 3499 2284 3556 loris
2325 3509 2484 3568 sunt,
2525 3501 2571 3555 si
2616 3499 2806 3557 eadem
2840 3499 3186 3556 Sacramenta
3215 3509 3580 3571 sumpserunt,

2000 3608 2127 3649 cum
2153 3593 2380 3648 correcti
2405 3591 2471 3647 ad
2502 3591 2756 3648 Ecclesia:
2785 3591 3007 3648 veniunt
3032 3589 3313 3658 unitatem,
3347 3605 3456 3646 non
3484 3589 3586 3646 ite-

2000 3696 2118 3742 rato
2149 3686 2454 3757 Baptismo,
2482 3683 2576 3740 sed
2603 3683 2790 3740 eadem
2821 3683 3099 3739 cbaritatis
3130 3683 3248 3753 lege
3275 3691 3331 3739 et
3366 3681 3584 3738 unitatis

1999 3779 2212 3834 vinculo
2250 3778 2562 3832 liberantur.
2593 3775 2725 3830 Nam
2754 3777 2800 3831 si
2830 3792 2931 3830 non
2964 3776 3065 3830 nisi
3103 3776 3156 3830 in
3187 3775 3417 3830 Ecclesia
3445 3789 3581 3844 prte-

2001 3868 2211 3938 positis,
2258 3878 2302 3922 et
2352 3866 2637 3936 evangelica
2689 3866 2797 3940 lege
2841 3881 2902 3918 ac
2955 3865 3214 3919 dominica
3265 3865 3584 3920 ordinatione

2001 3959 2232 4033 fundatis
2287 3960 2398 4014 licet
2447 3957 2700 4030 baptizare
2727 3943 2762 4024 ;Δ
2794 3956 3051 4027 numquid
3105 3955 3240 4012 tales
3290 3966 3443 4012 erant
3491 3959 3582 4028 qui

2001 4053 2196 4110 fundos
2225 4051 2494 4134 insidiosis
2524 4051 2798 4106 fraudibus
2824 4049 3136 4120 rapiebant,
3163 4058 3218 4105 et
3243 4051 3419 4104 usuris
3445 4049 3585 4104 ntul-

2001 4144 2362 4220 tiplicantibns
2389 4144 2540 4214 lenus
2566 4133 2871 4214 augebant?
2899 4141 3142 4210 Arbitror
3179 4143 3327 4197 enim
3359 4141 3481 4212 quia
3508 4141 3585 4197 illi

2002 4235 2268 4316 dominica
2294 4220 2629 4292 ordinatione
2648 4236 2671 4276 ³
2691 4223 2900 4314 fundati
2927 4221 3085 4300 sdnt,
3111 4233 3301 4302 quibus
3328 4246 3449 4288 cum
3473 4231 3587 4313 ior-

2003 4311 2145 4384 mam
2171 4311 2323 4397 daret
2346 4325 2634 4398 Apostolus
2650 4365 2666 4392 ,
2691 4312 2795 4389 ait,
2821 4323 2942 4379 Non
2972 4333 3343 4388 avarum,‘non
3369 4309 3589 4394 turpilu-

2003 4436 2145 4474 crum
2165 4417 2186 4450 ³
2209 4407 2333 4492 (Tit.
2359 4433 2394 4484 ι,
2420 4413 2496 4489 7).
2526 4415 2686 4470 Tales
2707 4423 2884 4470 tamen
2911 4414 3078 4484 ipsius
3101 4413 3352 4492 Cypriani
3378 4421 3588 4484 tempo-

2003 4509 2152 4584 ribus
2178 4508 2538 4580 baptizabant,
2570 4520 2706 4578 quos
2733 4505 3083 4577 coepiscopos
3107 4495 3237 4579 suos
3273 4498 3436 4566 fuisse
3460 4518 3583 4560 cum

2005 4593 2198 4674 magno
2225 4584 2733 4673 gemitu'conlitemr
2754 4640 2770 4666 ,
2801 4597 3020 4666 etcum
3060 4586 3253 4667 magna
3290 4595 3588 4674 tolerantia:

2006 4671 2252 4758 meicede
2283 4692 2625 4763 perpetitur.
2665 4675 2983 4752 “emissam
3016 4697 3200 4743 tamen
3244 4671 3588 4758 peccatorum

2007 4770 2114 4852 n‘on
2140 4784 2375 4851 dabant;
2422 4798 2541 4854 qua:
2580 4797 2677 4852 per
2713 4779 2984 4835 orationes
3024 4790 3332 4835 sanctorum
3353 4818 3371 4847 ,
3401 4777 3454 4834 id
3483 4787 3585 4842 est,

2008 4861 2102 4948 per
2125 4875 2390 4930 columba:
2415 4873 2642 4944 gemitus
2669 4872 2823 4926 datur
2846 4912 2861 4936 ,
2892 4863 3214 4942 quicumque
3254 4869 3515 4942 baptizet,
3544 4869 3591 4924 si

2008 4956 2073 5026 ad
2100 4969 2216 5039 ejus
2249 4981 2433 5038 pacem
2461 4965 2534 5020 illi
2579 4964 2848 5035 pertinent
2877 4962 3069 5033 quibus
3095 4961 3273 5016 datur.
3299 4960 3416 5016 Non
3444 4959 3586 5014 enim

2008 5059 2311 5130 raptoribus
2353 5067 2407 5114 et
2442 5047 2832 5112 feneratoribus
2857 5054 3060 5110 diceret
3088 5054 3375 5119 Dominus,
3418 5051 3480 5107 Si
3507 5053 3590 5119 cui

2009 5151 2297 5207 dimiseritis
2333 5137 2912 5223 peccata","dimittantur
2948 5145 3064 5210 illi;
3105 5144 3148 5198 si
3192 5144 3270 5198 cui
3309 5134 3601 5231 tenueritis,

2011 5227 2324 5298 tenebmttur.
2355 5221 2507 5303 Foris
2531 5235 2769 5314 'quidegtn
2799 5251 2887 5290 nec
2914 5235 3064 5306 ligari
3093 5232 3287 5322 aliquid
3314 5218 3472 5321 potest

2010 5336 2156 5402 solvi,
2191 5335 2277 5389 ubi
2294 5334 2404 5388 non
2430 5333 2496 5386 sit
2514 5329 2612 5399 qui
2630 5310 2737 5410 cui“
2760 5331 2918 5402 ligare
2943 5321 3097 5400 ρὸεεῐι
3124 5310 3430 5392 “fulva?
3457 5310 3604 5392 “ea,

2076 5500 2094 5532 ι
2118 5503 2248 5554 Lov.,
2273 5490 2469 5545 alienati
2489 5489 2765 5544 tenebantur
2793 5501 2812 5540 :
2835 5491 2995 5540 minus
3016 5491 3164 5554 bene.

2076 5563 2097 5593 ι
2119 5546 2360 5607 editiones
2396 5556 2504 5605 dure
2545 5563 2644 5603 Am.
2687 5561 2738 5604 et
2770 5559 2864 5614 Eia,
2909 5549 3150 5602 dominica
3179 5546 3390 5599 oratione
3418 5560 3435 5598 :
3460 5560 3597 5598 men-
3677 5609 3688 5618 .

2013 5622 2324 5743 doiei‘ulgata
2345 5658 2638 5743 iert,_turpts
2662 5675 2786 5743 lucri
2809 5674 3077 5743 cupidum;
3111 5673 3182 5743 sic
3218 5669 3364 5743 etiam
3401 5667 3598 5743 quidam

2017 5745 2147 5802 Edd;
2171 5733 2335 5792 αἴνεε.
2367 5750 2414 5790 et
2434 5733 2526 5789 alio
2552 5733 2784 5802 l'oeoipsc
2809 5733 3116 5800 Augustinus,
3136 5733 3477 5798 turpilucrurn.
3541 5740 3598 5784 II.

2082 5800 2154 5870 (a)
2175 5812 2210 5854 tt
2234 5811 2460 5876 ttctt'act.,
2479 5814 2584 5874 cap.
2616 5800 2707 5854 l8.‘
3145 5809 3166 5831 ~'
