4050 6206
401 311 495 367 i5!

399 426 620 479 solvitur
663 423 751 493 qui
788 438 906 478 cum
949 420 1193 475 columba
1223 419 1408 474 l'ecerit
1436 432 1618 489 pacem
1644 458 1659 483 ,
1688 425 1744 472 et
1780 416 1972 486 ligatur

398 517 485 585 qui
538 530 659 569 cum
703 512 945 568 columba
1000 525 1105 565 non
1168 510 1327 563 habet
1374 524 1593 579 pacem,
1640 509 1751 569 sive
1792 518 1976 577 aperte

397 607 526 660 loris
552 607 642 669 sit,
672 606 788 657 sive
810 603 951 656 intus
979 611 1099 656 esse
1124 600 1385 654 videnlur.

464 698 554 752 2b.
584 695 788 750 Dathan
816 712 960 760 vero,
989 693 1151 749 Chore
1176 703 1221 747 et
1241 692 1432 755 Abirou.
1450 734 1463 756 ,
1488 692 1574 762 qui
1600 692 1694 745 sibi
1722 691 1974 745 licentiam

393 788 721 859 sacriﬁcandi
764 803 1009 857 usurpare
1046 786 1212 839 conati
1240 796 1356 839 sunt
1399 794 1573 838 contra
1602 783 1844 849 unitatem
1877 798 1971 850 po-

394 884 503 953 pnti
527 882 646 950 Dei,
670 892 717 936 et
745 881 841 949 ﬁlii
867 881 1035 937 Aaron
1071 880 1157 950 qui
1183 878 1404 936 alienum
1438 878 1602 947 ignem
1630 876 1781 939 altari
1806 876 1971 944 impo-

393 984 623 1041 suerunt,
670 975 915 1029 novimus
957 972 1097 1043 quod
1143 972 1346 1041 impune
1389 986 1488 1022 non
1535 968 1740 1037 fecerant
1783 964 1970 1037 (Nam.

399 1082 527 1129 xvi;
569 1075 615 1119 et
641 1064 800 1120 Lerit.
828 1080 882 1127 ι.
917 1064 967 1129 1,
990 1064 1070 1131 2).
1103 1061 1209 1116 Nec
1240 1077 1334 1114 nos
1366 1060 1489 1127 talia
1516 1058 1718 1113 scelera
1743 1056 1972 1117 dicimus

395 1157 654 1227 impunita
683 1168 982 1219 remanere,
1013 1153 1113 1207 nisi
1155 1168 1211 1205 se
1244 1151 1379 1221 tales
1404 1148 1756 1219 correxerint,
1800 1146 1841 1199 si
1876 1160 1941 1214 pa

398 1250 581 1305 tientia
627 1247 718 1302 Dei
764 1245 829 1299 ad
879 1242 1243 1315 pmnitcntimi
1286 1240 1561 1310 adducens
1603 1236 1780 1308 (Rom.
1814 1251 1884 1302 ιι,
1916 1235 1971 1304 4)

397 1352 605 1410 tempus
631 1336 927 1407 corrigendi
961 1337 1198 1404 largitur.

467 1431 694 1488 CAPUT
738 1429 876 1484 XIX.
901 1457 969 1469 σ-
994 1428 1083 1482 25.
1114 1427 1195 1499 llli
1220 1440 1346 1479 sane
1366 1423 1457 1494 qui
1489 1429 1765 1492 propterea
1790 1418 1975 1473 dicunt

398 1541 499 1578 non
529 1539 634 1576 esse
669 1520 952 1575 iterandum
982 1517 1330 1588 Baptismum,
1377 1514 1494 1584 quia
1543 1527 1722 1564 manus
1752 1517 1973 1561 tantum-

397 1616 544 1669 modo
565 1614 796 1684 imposita
826 1620 898 1666 est
923 1612 991 1664 eis
1017 1626 1139 1680 quos
1172 1608 1442 1677 Philippus
1469 1604 1715 1657 diaconus
1741 1599 1970 1675 baptizaf

394 1715 531 1761 verat
561 1704 693 1777 (Act.
721 1719 833 1768 vui,
862 1702 1039 1771 5-17),
1069 1699 1199 1774 nihil
1228 1697 1293 1752 ad
1322 1711 1431 1751 rem
1459 1695 1733 1764 pertinens
1758 1689 1976 1757 dicunt;

396 1807 448 1852 et
469 1797 605 1851 absit
630 1803 685 1850 ut
719 1809 838 1849 cum
864 1808 1046 1847 verum
1070 1790 1357 1865 qua-rimus
1376 1828 1391 1854 ,
1420 1787 1610 1853 talibus
1644 1778 1977 1865 argumentis

398 1897 627 1941 utamur.
672 1885 1005 1954 Quapropter
1030 1882 1197 1949 magis
1222 1862 1467 1933 ha’rcticis
1502 1892 1601 1929 non
1624 1862 1844 1941 cedimus
1871 1870 1971 1953 (α),

396 1984 441 2037 si
466 1979 607 2051 quod
636 1979 831 2032 habent
857 1977 923 2031 de
944 1975 1143 2047 Christi
1168 1971 1428 2035 Ecclesia,
1456 1984 1561 2024 non
1588 1982 1709 2022 esse
1732 1966 1973 2020 dicamus

397 2075 655 2142 ipsorum.
687 2084 784 2123 nec
806 2075 1024 2138 propter
1044 2064 1246 2136 scelera
1273 2062 1603 2135 desertorum
1630 2054 1975 2135 Imperatoris

399 2162 568 2217 nostri
599 2162 745 2230 signa
774 2159 1004 2229 nolimus
1034 2170 1323 2228 agnoscere
1348 2171 1361 2206 :
1386 2152 1556 2223 magis
1582 2150 1704 2220 quia
1728 2146 1973 2215 Dominus

398 2252 536 2306 Dens
565 2261 730 2305 noster
756 2247 896 2303 Deus
935 2248 1105 2321 celans
1148 2254 1217 2299 est
1259 2242 1435 2319 (Deut.
1461 2256 1531 2306 tv,
1558 2241 1628 2293 Si
1641 2237 1682 2318 λ,
1718 2235 1978 2315 quidquid

395 2344 515 2413 ejus
543 2341 681 2412 apud
724 2341 957 2409 aliquem
986 2336 1358 2412 agnoscimus,
1394 2334 1538 2409 nullo
1569 2328 1727 2385 modo
1768 2329 1817 2383 ei
1848 2344 1975 2381 con-

396 2432 648 2487 cedamus
697 2441 753 2485 ut
804 2445 963 2501 suum
1009 2425 1281 2506 propritun
1327 2439 1447 2498 esse
1493 2422 1801 2476 arbitretur.
1857 2419 1975 2491 Ipse

395 2535 540 2580 certe
572 2524 711 2579 Deus
754 2523 934 2577 zelans
981 2518 1265 2589 fortiicanti
1294 2533 1327 2585 av
1355 2532 1413 2571 se
1455 2514 1665 2593 femina:
1712 2513 1764 2567 in
1807 2512 1973 2589 ﬁgura

400 2613 839 2686 prtevaricatricis
886 2596 1054 2683 plebis
1099 2608 1406 2684 exprobrat,
1447 2598 1513 2660 (et
1558 2604 1685 2657 dicit
1728 2600 1867 2672 quod
1910 2616 1975 2655 ea

395 2727 513 2778 qum
543 2708 708 2777 ipsius
738 2714 916 2762 essent
936 2747 950 2772 ,
988 2703 1149 2766 dabat
1188 2698 1514 2775 amatoribus
1540 2697 1650 2750 suis
1674 2738 1688 2761 ,
1721 2705 1773 2749 et
1802 2694 1869 2748 ab
1898 2694 1976 2769 eis

398 2812 583 2855 rursus
606 2797 917 2867 accipiebat,
950 2812 1067 2865 qua:
1092 2808 1198 2870 non
1225 2792 1459 2863 illorum,
1483 2787 1576 2843 sed
1609 2787 1774 2857 ipsius
1800 2793 1973 2839 erant.

397 2894 540 2949 inter
584 2891 880 2945 adulteram
938 2887 1190 2960 h-niiuam
1240 2895 1299 2956 et
1344 2882 1617 2937 adulteros
1666 2889 1973 2959 amatores,

395 2986 534 3040 dona
562 2998 655 3039 sua
701 2990 875 3037 tamen
907 2982 1046 3055 Deus
1089 2987 1338 3051 tanquam
1379 2975 1561 3051 zelaus
1605 2972 1769 3051 iratus
1812 2984 1977 3038 agnos

397 3079 538 3133 scit:
569 3085 625 3131 et
668 3090 764 3129 nos
806 3073 1176 3141 lia-relicorum
1217 3085 1336 3125 esse
1377 3067 1705 3145 Baptismum
1749 3064 1979 3141 dicimus

396 3168 574 3223 verbis
613 3163 932 3234 evangelicis
978 3167 1372 3235 consecratum,
1420 3156 1673 3231 commoti
1706 3154 1857 3214 factis
1885 3170 1977 3229 eoa

398 3276 515 3314 rum
541 3256 701 3313 etiam
729 3272 848 3326 qua:
876 3254 966 3323 Dei
995 3261 1120 3324 sunt
1143 3252 1220 3305 eis
1253 3250 1485 3321 tribucre
1512 3248 1755 3309 volumus
1779 3287 1795 3312 ,
1822 3245 1973 3315 quasi

398 3366 462 3406 ea
500 3348 867 3404 contaminare
896 3344 1161 3418 potuerint
1188 3384 1203 3411 ,
1241 3350 1333 3397 aut
1357 3351 1633 3413 proliterea
1662 3356 1756 3415 sua
1798 3338 1975 3418 facere

397 3457 515 3509 qua:
548 3440 639 3495 Ι)ιί
668 3446 821 3503 sunt,
848 3436 969 3506 quia
999 3416 1097 3506 ipsi
1129 3434 1219 3510 Dei
1250 3448 1367 3487 esse
1398 3432 1681 3511 noluerunt
1702 3429 1733 3497 ?’
1852 3416 1855 3423 ’

464 3530 555 3584 26.
587 3530 714 3597 Qua:
747 3536 828 3596 est
857 3526 943 3594 illa
971 3526 1159 3600 mulier
1183 3507 1459 3595 adultera,
1491 3507 1647 3592 quam
1686 3520 1821 3585 Osee
1849 3533 1975 3596 pro-1

400 3622 557 3691 pheta
586 3618 855 3687 designat,
886 3630 1005 3686 qua:
1031 3614 1163 3691 dixit
1191 3634 1202 3667 :
1234 3612 1324 3667 Ibo
1364 3622 1473 3691 post
1510 3621 1757 3665 amatores
1801 3625 1935 3679 meos
1957 3650 1972 3675 ,

399 3714 486 3774 qui
501 3710 624 3762 mihi
645 3708 766 3763 dunt
783 3723 941 3779 panes
959 3714 1151 3781 meoset
1167 3721 1350 3781 aquam
1374 3686 1564 3771 meant,
1590 3712 1744 3769 restes
1770 3716 1903 3752 meas
1930 3708 1976 3769 et

404 3802 696 3856 linteamina
724 3815 830 3851 mea
850 3782 871 3865 ,I
895 3808 941 3850 et
967 3798 1195 3875 universa
1236 3810 1350 3875 quia
1387 3794 1509 3846 mihi
1528 3791 1795 3871 condeceat
1814 3792 1831 3860 (
1853 3788 1978 3873 Osee

400 3910 457 3959 ιι,
480 3890 624 3964 ι-ιδ)
640 3892 659 3944 '3
676 3889 1046 3964 Licetquidem
1062 3887 1161 3942 boc
1180 3897 1232 3941 ct
1248 3887 1315 3941 de
1332 3882 1976 3964 praevaricatrichudteo-

401 4000 515 4039 rum
535 3962 691 4051 gente
706 3962 997 4053 intelligere
1022 3997 1035 4035 :
1056 3978 1146 4033 sed
1177 3988 1351 4052 tamen
1368 3962 1512 4050 quos
1545 3975 1679 4028 alios
1705 3974 1977 4047 imitantur

402 4073 879 4152 pscudoeln'istiani
906 4071 1182 4155 (lioeenim
1197 4077 1317 4141 sunt
1334 4064 1765 4144 omnesha'retici
1781 4074 1832 4117 et
1845 4061 1977 4119 schi-

400 4168 606 4224 smalici
624 4169 665 4238 ).
688 4168 785 4222 nisi
808 4157 1340 4240 pseudoﬂsraelitas?
1361 4156 1522 4233 Erant
1538 4157 1677 4212 enim
1696 4166 1748 4209 et
1765 4156 1874 4211 veri
1895 4155 1975 4234 Is;

400 4263 620 4325 raelitae,
640 4260 775 4313 sicut
796 4258 909 4329 ipse
940 4253 1192 4321 Dominus
1220 4249 1528 4331 N‘atliana‘cli
1561 4247 1798 4319 perhibet
1826 4246 1977 4321 testi-

402 4352 661 4415 monium,
689 4347 871 4401 dicens
894 4362 908 4397 :
936 4342 1063 4420 Ecce
1088 4357 1195 4405 vere
1217 4338 1451 4395 Israelita
1476 4340 1525 4407 in
1551 4355 1651 4417 quo
1689 4337 1833 4391 dolus
1879 4353 1978 4389 non

402 4454 471 4497 est
492 4413 667 4509 (Joan.
695 4455 730 4502 t,
752 4438 817 4493 47
842 4437 883 4507 ).
900 4434 999 4502 Qui
1013 4413 1135 4487 sunt
1151 4442 1325 4501 autem
1342 4430 1450 4493 veri
1474 4413 1779 4493 Christiani,
1796 4427 1896 4509 nisi
1912 4413 1978 4503 de

405 4506 598 4602 quibus
634 4529 772 4583 idem
798 4526 1051 4605 Dominus
1081 4522 1209 4576 dicit
1250 4538 1262 4574 :
1292 4520 1390 4585 Qui
1410 4520 1573 4592 diligit
1601 4536 1677 4573 me
1696 4560 1710 4583 ,
1740 4506 1979 4570 mandata

404 4641 517 4679 mea
545 4620 760 4676 custodit
789 4617 899 4695 (I
934 4632 1043 4686 stv,
1075 4614 1137 4668 2|
1161 4613 1216 4685 )?
1237 4610 1373 4682 Quid
1396 4621 1477 4666 est
1501 4620 1675 4668 autem
1710 4610 1980 4669 custodire

405 4714 654 4769 tnaudata
696 4714 843 4779 ejus,
891 4706 990 4778 nisi
1036 4706 1099 4779 in,
1136 4695 1418 4775 dilectione
1463 4694 1780 4779 persistcrc’
1830 4697 1980 4753 Unda.

404 4806 564 4860 etiam
589 4802 733 4868 dicit,
768 4799 1070 4875 Mandatum
1090 4778 1273 4869 nouum
1295 4782 1359 4848 do
1385 4773 1518 4847 vobis
1539 4833 1555 4859 ,
1590 4802 1640 4845 ut
1668 4808 1749 4845 vos
1774 4782 1983 4843 invicem

407 4895 631 4967 diligatis
653 4908 673 4947 :
692 4904 745 4947 et
785 4868 1011 4967 iterum,
1041 4868 1104 4940 In
1127 4868 1220 4939 hoc
1246 4887 1399 4963 scient
1431 4899 1602 4964 omnes
1623 4883 1738 4955 quia
1773 4882 1867 4961 mei
1903 4882 1981 4932 di-

408 4966 589 5057 scipuli
608 4984 744 5059 estis,
767 4984 819 5057 si.
840 4966 1150 5055 ivosinricem
1172 4976 1446 5061 dilexeritis
1475 4972 1583 5044 (Id.
1611 4966 1725 5034 χιιι,
1756 4972 1844 5034 5i,

406 5080 535 5149 Quis
555 5088 727 5133 autem
755 5074 989 5153 dubitet.
1018 5086 1122 5154 non
1145 5070 1222 5123 eis
1243 5068 1373 5145 solis
1398 5066 1596 5120 dictum
1627 5064 1713 5148 qui
1747 5073 1868 5117 tunc
1893 5078 1985 5144 per

411 5174 525 5242 ejus
566 5184 782 5241 carnem
812 5154 979 5239 verba
1016 5161 1291 5246 prresentis
1331 5157 1647 5242 audiebant,
1681 5154 1774 5209 sed
1819 5163 1872 5206 et
1909 5153 1987 5207 eis

408 5265 497 5335 qui
526 5278 664 5317 nunc
691 5275 781 5335 per
815 5255 1153 5337 Evangelium
1197 5250 1431 5306 sedentis
1458 5251 1507 5303 in
1531 5248 1669 5302 cmlo
1698 5245 1857 5300 verba
1892 5260 1985 5298 co-

409 5333 828 5428 gnoscunti'llle
870 5333 1010 5402 enim
1056 5338 1197 5397 venit
1247 5356 1352 5396 non
1394 5341 1563 5409 legem
1612 5337 1852 5400 Solvere,
1895 5333 1986 5387 sed

410 5424 631 5521 implere
659 5446 677 5514 (
702 5439 884 5496 Matth.
912 5454 964 5500 v,
1001 5437 1062 5521 l7
1086 5434 1127 5502 ).
1160 5432 1439 5488 Plenitudo
1468 5441 1651 5503 autem
1686 5426 1817 5496 legis
1857 5424 1986 5478 cha-

472 5574 543 5635 (a)
567 5576 681 5631 Quia
702 5571 957 5635 Cyprianus
972 5568 1021 5616 in
1045 5562 1245 5674 epistola
1268 5562 1619 5630 abtubaianum
1634 5563 1990 5626 consequenter

472 5636 575 5674 pum
599 5649 610 5674 ε
637 5654 658 5674 ι
684 5642 778 5674 Nam
804 5640 881 5674 est
904 5641 1054 5674 emo.
1097 5634 1227 5674 rater
1251 5626 1557 5674 cliarissuuc.
1583 5620 1709 5674 quod
1752 5618 1990 5665 luet-elicis

412 5618 779 5686 {immuni—Nini
798 5618 881 5681 est
904 5641 1054 5691 ergo,
1079 5618 1227 5675 frater
1251 5620 1709 5691 cltarissimc,_quod
1752 5618 1992 5691 itaet'ctcis

418 5680 739 5749 ivit—edendum
751 5680 1113 5747 existimantis,
1132 5688 1427 5749 utlsaptistna
1453 5682 1577 5745 quod
1603 5680 1695 5728 non
1722 5681 1809 5729 nisi
1837 5680 1915 5726 Uttt
1942 5686 1991 5727 et

420 5780 441 5808 ι
466 5753 795 5825 ξοιιιωωκ
821 5757 983 5804 datum
999 5754 1075 5814 sit,
1104 5749 1401 5817 ludendum
1418 5762 1436 5814 ι
1453 5754 1657 5795 olemus.

1106 307 1193 361 DE
1233 288 1564 360 BAPTlSMO
1601 301 1869 358 coxrns
1914 299 2351 371 DONATISTAS,
2383 303 2438 361 s.
2482 304 2847 363 AUGUSTINI

3562 315 3664 373 l53

2088 416 2215 479 ritas
2252 416 2429 490 (Rom.
2461 435 2582 489 xm,
2616 420 2727 491 10).
2756 420 2869 489 Qua
2896 421 3118 489 multum
3152 422 3315 493 viguit
3343 423 3661 498 Cyprianus,

2087 517 2143 569 ut
2170 508 2309 562 aliud
2340 510 2407 563 de
2442 509 2712 580 Baptismq
2740 512 3008 578 sentiens,
3042 528 3145 570 non
3187 522 3362 569 tamen
3393 515 3667 575 desereret

2086 601 2379 669 unitatem,
2429 611 2483 661 et
2510 602 2732 656 essetin
2774 603 2877 656 vite
2912 603 3174 657 dmniuica
3222 605 3513 661 radicalum
3551 622 3663 664 sar.

2085 701 2320 759 mentum
2351 690 2707 759 fructuosum,
2738 692 2879 762 quod
2906 694 3064 749 etiam
3087 693 3227 750 ferro
3256 697 3516 765 passionis
3540 715 3666 768 pur-

2083 790 2231 850 garet
2259 782 2491 836 cmlestis
2530 783 2798 853 agricola,
2842 795 2898 837 ut
2938 783 3194 852 majorem
3240 785 3467 842 fructum
3512 788 3667 845 daret

2087 873 2275 943 (Joan.
2302 891 2368 928 xv
2386 915 2401 941 ,
2428 874 2579 944 1-5).
2612 875 2778 944 llujus
2801 884 2978 942 autem
2999 876 3247 931 fraternae
3267 877 3539 936 charitatis
3565 881 3666 935 ini-

2081 964 2203 1018 miei
2224 1005 2238 1031 ,
2271 964 2383 1027 sive
2410 977 2593 1034 aperte
2620 966 2747 1033 loris
2771 967 2907 1037 sint,
2957 967 3069 1033 sive
3112 967 3252 1021 intus
3283 984 3402 1039 esse
3448 971 3665 1037 videan-

2084 1063 2197 1122 tur,
2258 1057 2735 1128 pseudochristiani
2785 1070 2909 1112 sunt
2962 1069 3016 1114 et
3060 1060 3375 1131 antichristi.
3432 1062 3665 1131 inventis

2080 1148 2221 1202 enim
2251 1150 2618 1221 occasionibus
2648 1150 2791 1217 foras
2820 1157 3050 1215 exeunt,
3081 1152 3217 1225 sicut
3243 1153 3498 1222 scriptum
3540 1132 3659 1209 est:

2085 1240 2384 1296 Occasiones
2420 1244 2596 1312 qitazrit
2625 1243 2711 1312 qui
2749 1242 2853 1305 vult
2892 1243 3145 1307 discedere
3173 1244 3235 1296 ab
3259 1246 3435 1298 amicis
3462 1244 3660 1318 (Prov.

2080 1348 2241 1397 xvttt,
2282 1334 2303 1387 l
2332 1332 2373 1404 ).
2404 1334 2509 1399 Sed
2538 1334 2745 1401 etiamsi
2776 1334 3086 1388 occasiones
3110 1333 3284 1389 desint
3309 1376 3324 1400 ,
3368 1351 3487 1390 cum
3519 1337 3662 1392 intus

2080 1424 2341 1491 videntur,
2365 1426 2433 1486 ab
2462 1426 2546 1481 illa
2573 1426 2820 1481 invisibili
2846 1426 3117 1481 cltarilatis
3142 1408 3398 1497 eompagc
3425 1427 3654 1498 separati

2079 1524 2222 1576 sunt.
2257 1515 2405 1585 Unde
2431 1516 2662 1572 Joannes
2685 1517 2815 1577 dicit
2839 1535 2851 1570 :
2883 1516 2965 1571 Ea:
2990 1517 3131 1571 nobis
3162 1518 3386 1572 exierunt
3406 1560 3421 1585 ,
3448 1519 3535 1573 sed
3561 1537 3660 1573 non

2080 1617 2220 1672 erant
2241 1624 2302 1662 ea:
2330 1610 2469 1663 nobis
2492 1624 2511 1662 :
2530 1626 2648 1661 nam
2670 1610 2713 1665 si
2738 1610 2948 1678 fuissent
2969 1626 3031 1663 ex
3051 1610 3211 1675 nobis,
3242 1612 3539 1665 mansissent
3566 1614 3664 1665 uti-

2079 1718 2175 1765 que
2198 1702 2452 1755 nobiscum
2476 1702 2494 1770 (
2519 1700 2539 1754 Ι
2568 1699 2723 1775 Joan.
2763 1718 2816 1765 ιι,
2854 1700 2973 1772 19).
3004 1700 3124 1775 Non
3151 1703 3225 1773 ait
3249 1702 3388 1772 quod
3416 1702 3663 1767 exeundo

2079 1792 2237 1858 alieni
2268 1790 2394 1845 facti
2436 1800 2589 1857 sunt;
2620 1791 2713 1845 sed
2741 1793 2879 1860 quod
2917 1774 3075 1859 alieni
3101 1803 3281 1855 emat,
3315 1804 3527 1869 pronior
3556 1794 3664 1862 hoc

2079 1901 2174 1945 eos
2213 1884 2391 1945 exisse
2419 1882 2727 1945 declaravit.
2762 1884 2895 1951 Dicit
2940 1893 2994 1938 ct
3036 1883 3306 1952 apostolus
3358 1885 3551 1945 Paulus
3597 1885 3665 1940 de

2079 1974 2391 2044 quibusdam
2416 2015 2429 2039 ,
2461 1976 2549 2045 qui
2578 1975 2719 2029 circa
2748 1975 3024 2029 veritatem
3050 1976 3429 2043 aberraverant
3455 2019 3471 2042 ,
3503 1985 3558 2031 et
3601 1978 3663 2031 li-

2079 2065 2201 2123 dem
2252 2065 2603 2134 quorumdam
2654 2065 3064 2132 subvertebant,
3115 2081 3342 2134 quorum
3388 2081 3575 2139 sermo
3606 2082 3665 2137 ut

2080 2171 2274 2211 cancer
2301 2156 2578 2224 serpebat,
2610 2171 2745 2225 quos
2788 2171 2907 2210 cum
2938 2156 3213 2224 evitandas
3261 2140 3380 2212 esse
3422 2156 3660 2225 diceret,

2081 2246 2134 2316 in
2165 2261 2265 2309 una
2298 2254 2473 2311 tamen
2504 2245 2663 2315 domo
2695 2262 2882 2316 magna
2914 2263 3007 2301 eos
3037 2247 3199 2302 fuisse
3240 2248 3501 2318 signiﬁcat
3521 2289 3536 2313 ,
3568 2250 3661 2304 sed

2082 2347 2331 2409 tanquam
2372 2353 2495 2400 vasa
2528 2338 2579 2401 in
2607 2339 3009 2401 contumeliam.
3042 2340 3214 2399 Credo
3240 2340 3381 2409 quod
3428 2340 3661 2395 nondum

2079 2430 2221 2498 [oras
2247 2430 2507 2485 exierant.
2537 2430 2643 2489 Aut
2666 2429 2717 2497 si.
2732 2428 2845 2499 jam
2871 2430 3109 2499 exierant
3130 2472 3145 2496 ,
3169 2430 3436 2500 quomodo
3462 2448 3556 2487 eos
3580 2432 3661 2486 di-

2079 2521 2153 2576 cit
2176 2520 2229 2573 in
2256 2516 2442 2574 eadem
2479 2534 2666 2589 magna
2697 2517 2857 2579 domo
2882 2534 3003 2587 eum
3043 2520 3183 2574 vasis
3224 2519 3659 2576 honorabilibus:

2080 2611 2183 2664 nisi
2221 2608 2360 2665 forte
2401 2618 2616 2679 prepter
2655 2610 2769 2679 ipsa
2813 2610 3186 2679 Sacramenta,
3233 2625 3352 2681 quae
3402 2612 3664 2682 separatis

2081 2702 2241 2757 etiam
2289 2700 2660 2757 hmreticorum
2706 2701 3089 2755 conventiculis
3118 2716 3224 2767 non
3262 2710 3459 2773 mutata
3498 2711 3659 2766 sunt,

2080 2791 2147 2845 ad
2178 2806 2334 2845 unam
2366 2806 2611 2860 magnam
2646 2788 2861 2844 domum
2888 2790 3016 2845 dicit
3054 2806 3241 2846 omnes
3260 2832 3275 2856 ,
3305 2791 3397 2846 sed
3435 2790 3662 2862 diversis

2082 2881 2284 2949 meritis
2312 2882 2609 2951 pertinere,
2655 2880 2788 2935 alios
2814 2881 2865 2935 in
2909 2881 3198 2949 honorem,
3227 2882 3357 2937 alios
3384 2882 3435 2935 in
3473 2892 3662 2938 contu-

2082 2975 2338 3043 meliam?
2368 2972 2457 3029 Sic
2483 2973 2625 3029 enim
2665 2973 2898 3043 loquitur
2918 2974 2983 3028 ad
3014 2975 3353 3030 Timotheum
3385 2976 3659 3032 scribens:

2083 3063 2340 3135 Profanas
2362 3073 2531 3118 autem
2552 3064 2810 3118 verborum
2834 3066 3078 3120 novitates
3107 3067 3271 3121 coita:
3297 3066 3508 3120 ntultum
3529 3068 3662 3122 enim

2082 3157 2344 3227 proﬁcient
2370 3156 2437 3209 ad
2460 3156 2804 3226 impietatem;
2831 3166 2878 3210 et
2918 3174 3080 3210 sermo
3117 3173 3290 3210 eorum
3329 3158 3456 3212 sicut
3485 3174 3663 3211 cancer

2079 3250 2233 3319 serpit
2258 3268 2278 3303 .°
2307 3263 2370 3302 ea:
2391 3248 2567 3317 quibus
2592 3257 2664 3302 est
2688 3246 2999 3314 llymenwus
3028 3260 3074 3302 et
3106 3248 3343 3304 Philetas
3376 3291 3392 3317 ,
3420 3251 3505 3319 qui
3530 3251 3663 3319 circa

2079 3340 2336 3394 ueritatem
2356 3340 2710 3394 abcrraverunt
2729 3381 2745 3406 ,
2773 3340 2993 3393 dicentes
3016 3342 3421 3393 resurrectionem
3440 3343 3552 3412 jam
3580 3342 3662 3410 {a-

2080 3441 2342 3503 clamasse
2366 3472 2379 3497 ,
2422 3439 2468 3484 et
2507 3430 2661 3499 [idem
2699 3432 3036 3501 quorumdam
3071 3430 3379 3484 subvertant.
3433 3431 3665 3495 Firmum

2080 3534 2243 3580 autent
2274 3524 2659 3595 fundamentum
2688 3521 2785 3575 Dei
2811 3532 2942 3585 stat,
2971 3522 3157 3574 habens
3184 3523 3501 3591 signaculum
3528 3524 3620 3575 hoc
3645 3539 3664 3577 .'

2084 3616 2237 3677 Nouit
2267 3616 2515 3681 Dominus
2538 3615 2628 3684 qui
2664 3624 2780 3668 sunt
2819 3615 2966 3683 ejus;
3006 3624 3052 3668 et
3088 3616 3285 3667 recedat
3309 3614 3370 3666 ab
3414 3615 3666 3684 injustitia

2082 3707 2243 3775 onmis
2270 3708 2355 3776 qui
2396 3705 2621 3759 nominat
2664 3721 2843 3759 nomen
2887 3705 3112 3781 Domini.
3157 3703 3224 3757 In
3269 3721 3452 3775 magna
3492 3714 3664 3757 autem

2081 3800 2230 3863 domo
2256 3840 2269 3864 ,
2293 3814 2393 3867 non
2418 3798 2580 3850 solum
2607 3814 2761 3851 aurea
2795 3812 2913 3849 vasa
2952 3805 3071 3867 sunt
3094 3797 3167 3850 vel
3192 3806 3429 3866 argentea
3454 3837 3469 3861 ,
3500 3800 3587 3850 sed
3617 3806 3665 3851 et

2082 3892 2250 3961 lignea
2270 3898 2316 3941 et
2345 3889 2524 3957 ﬁctilia
2545 3904 2565 3951 ,'
2595 3896 2639 3941 ct
2668 3888 2771 3941 alia
2797 3888 2998 3955 quidem
3020 3896 3135 3940 sunt
3177 3887 3228 3940 in
3252 3886 3493 3940 honorem
3517 3927 3532 3951 ,
3558 3886 3665 3941 alia

2082 3998 2196 4047 uero
2226 3982 2279 4047 in
2314 3970 2689 4032 contumeliam.
2736 3978 2798 4044 Si
2826 3979 2936 4047 quis
2960 3977 3452 4050 ergoemundauerit
3481 3987 3663 4031 semet-

2084 4072 2249 4139 ipsum
2277 4069 2337 4124 ab
2366 4068 2670 4137 istiusmodi,
2698 4070 2786 4122 erit
2816 4086 2901 4123 uas
2928 4070 2979 4121 in
3006 4068 3246 4135 honorem
3270 4068 3660 4139 sanctiﬁcatum,

2084 4162 2206 4229 utile
2233 4159 2470 4225 Domino,
2490 4159 2557 4212 ad
2578 4176 2724 4213 omne
2751 4176 2878 4233 onus
2899 4160 3081 4232 bonum
3103 4168 3335 4237 paratum
3356 4158 3429 4228 (ll
3452 4156 3581 4211 Tim.
3605 4173 3663 4224 tt,

2086 4252 2288 4323 lli-2U.
2310 4251 2444 4319 Quid
2464 4261 2547 4306 est
2571 4260 2746 4305 autem
2766 4248 3022 4325 mundare
3042 4250 3385 4319 semetipsum
3400 4266 3430 4303 a
3453 4249 3665 4315 talibus,

2086 4344 2185 4398 nisi
2210 4342 2349 4413 quod
2378 4342 2537 4412 paulo
2560 4352 2684 4395 ante
2713 4340 2865 4406 dixit,
2895 4338 3118 4417 Recedet
3144 4342 3205 4393 ab
3231 4340 3478 4411 injustitia
3502 4340 3668 4401 omnis

2083 4438 2168 4506 qui
2198 4436 2422 4489 nominat
2453 4449 2631 4486 nomen
2673 4430 2923 4495 Domini?
2970 4432 3038 4509 Et
3066 4449 3131 4485 ne
3159 4433 3433 4513 quisquam
3462 4441 3673 4501 putaret

2085 4522 2334 4597 tauquam
2378 4527 2427 4579 in
2461 4540 2563 4578 una
2588 4523 2749 4597 domo
2798 4540 2983 4601 magna
3026 4526 3201 4603 perire
3244 4540 3303 4599 se
3346 4540 3502 4601 posse
3545 4539 3667 4596 cum

2088 4621 2309 4684 talibus,
2364 4615 2766 4691 vigilantissiine
2797 4598 3083 4692 praedixit,
3108 4614 3261 4692 Nouit
3293 4598 3540 4691 Dominus
3582 4615 3668 4684 qui

2086 4724 2201 4767 sunt
2226 4714 2334 4783 ejus
2359 4726 2376 4764 :
2402 4725 2494 4781 eos
2522 4689 2767 4781 videlicet
2791 4709 2879 4784 qui
2904 4689 3288 4764 recedendoab
3308 4708 3584 4778 iniquitate
3610 4693 3670 4761 Se

2089 4805 2347 4873 mandant
2370 4818 2400 4856 a
2426 4800 2567 4871 vasis
2597 4800 2747 4871 lactis
2774 4801 2825 4853 in
2850 4784 3262 4878 contumeliam,
3298 4814 3364 4875 ne
3393 4815 3515 4853 cum
3540 4799 3671 4871 ipsis

2092 4908 2308 4970 pereant
2333 4913 2466 4966 quos
2496 4897 2547 4950 in
2578 4894 2734 4948 domo
2763 4908 2949 4967 magna
2986 4893 3211 4969 tolerare
3231 4902 3511 4962 coguntur.

2160 4989 2248 5046 27.
2276 4989 2396 5050 Mali
2422 5002 2549 5056 ergo
2574 4996 2627 5040 et
2653 4985 2952 5056 facinerosi,
2980 4986 3241 5051 carnales,
3260 4985 3536 5053 animales,
3559 4983 3675 5038 dia-

2094 5082 2247 5139 bulici
2265 5124 2279 5146 ,
2306 5096 2335 5135 a
2362 5078 2731 5155 scduet'oribus
2770 5078 2879 5131 suis
2907 5062 3005 5143 sibi
3032 5076 3143 5129 dari
3172 5076 3524 5147 arbitrantur,
3553 5089 3673 5145 quae

2095 5190 2199 5228 non
2248 5171 2349 5226 nisi
2393 5183 2615 5238 munera
2646 5168 2741 5222 Dei
2783 5178 2939 5234 sunt,
2985 5168 3098 5222 sive
3141 5168 3514 5233 Sacramenta,
3561 5166 3675 5222 sive

2093 5262 2393 5332 Spirituales
2421 5260 2624 5326 aliquas
2653 5260 2989 5331 operationcs
3010 5300 3022 5323 ,
3053 5259 3190 5333 circa
3224 5268 3538 5326 prmsentem
3583 5238 3675 5331 sa-

2098 5356 2278 5415 lutem.
2311 5350 2426 5405 Non
2456 5360 2631 5419 autem
2680 5348 2871 5403 habent
2896 5348 2982 5403 isti
3026 5349 3337 5402 charitatcm
3373 5350 3422 5401 in
3472 5348 3637 5401 Deum
3660 5389 3673 5411 ,

2097 5446 2187 5501 sed
2231 5448 2369 5498 circa
2409 5459 2501 5497 eos
2529 5442 2768 5511 occupati
2798 5450 2955 5506 sunt,
2988 5456 3209 5509 quorum
3235 5440 3482 5508 superbia
3513 5439 3677 5493 sedu—

2097 5548 2317 5601 cantur,
2364 5546 2418 5589 et
2473 5543 2847 5603 Comparantur
2897 5532 3173 5585 let'iiiCanti
3223 5530 3461 5595 mulieri,
3518 5544 3676 5599 quam

2099 5631 2359 5698 Propheta
2398 5637 2778 5681 commemorat
2820 5624 3109 5687 dicentem,
3144 5620 3234 5675 Ibo
3277 5634 3385 5691 post
3429 5634 3679 5675 antatorrs

2104 5742 2234 5778 mers
2276 5725 2357 5795 qui
2387 5723 2504 5773 mihi
2533 5724 2651 5773 dant
2683 5737 2833 5791 panes
2864 5737 2994 5773 meos
3032 5731 3075 5771 rt
3107 5736 3283 5788 cqamn
3312 5732 3494 5781 utram,
3528 5729 3680 5769 vrttes
