4050 6206
755 274 868 289 4""

270 334 371 391 155

263 464 402 504 meas
428 458 474 501 et
495 447 794 510 linteamina
817 463 924 506 mea
949 457 996 502 et
1019 448 1182 502 oleum
1210 465 1393 513 meum,
1422 461 1467 502 et
1496 449 1725 514 uniuersa
1742 463 1856 516 qua:

261 540 388 592 mihi
414 540 708 592 condeeent.
737 538 825 594 Sic
853 540 994 594 enim
1027 539 1158 593 fiunt
1187 537 1420 594 ltazrescs
1450 549 1503 594 et
1528 536 1812 593 schismata
1835 579 1851 603 ,

261 645 383 686 cum
411 629 541 684 dicit
566 630 717 699 plebs
740 630 973 685 carnalis
1002 647 1118 701 qua:
1147 631 1200 684 in
1230 629 1490 684 charitate
1520 629 1612 684 Dei
1642 627 1856 683 fundata

258 742 364 779 non
387 734 505 790 est,
539 723 632 778 Ibo
659 735 771 794 post
799 735 1049 778 amatores
1075 741 1246 778 meos:
1277 739 1397 778 cum
1441 723 1632 794 quibus
1670 722 1852 791 utique

253 819 371 872 slve
444 831 543 885 per
608 814 730 870 fidei
794 815 1189 884 corruptionem
1225 855 1242 879 ,
1302 814 1414 868 sive
1499 829 1593 883 per
1653 812 1844 871 elatio-

254 925 380 964 nem
445 907 712 978 superbiae
787 908 1012 977 turpiter
1072 905 1385 975 fornicatur.
1467 904 1572 960 Sed
1632 914 1852 985 pr0pter

252 1015 349 1056 eos
425 1003 518 1072 qui
592 1000 731 1070 passi
791 999 1128 1054 difﬁcultates
1198 1008 1252 1059 et
1321 998 1591 1077 angustias
1653 1007 1706 1051 et
1760 997 1850 1049 iu-

254 1093 610 1146 Iet'CIIISiODCS
654 1091 828 1150 inanis
867 1089 1292 1161 ratiocinationis
1316 1090 1332 1120 ¹
1364 1104 1550 1144 eorum
1593 1103 1622 1142 a
1659 1088 1850 1158 quibus

251 1183 613 1246 seducuutur,
643 1188 1076 1257 compunguntur
1103 1179 1380 1235 timoribus
1397 1221 1413 1247 ,
1457 1187 1511 1234 et
1535 1178 1759 1234 redeunt
1783 1177 1850 1232 ad

231 1276 394 1354 ’viam
436 1275 615 1350 pacis,
641 1273 716 1328 ad
736 1273 1084 1344 qurerendum
1107 1274 1126 1304 '
1148 1273 1430 1328 sinceriter
1475 1271 1682 1335 Deum;
1731 1270 1850 1334 ideo

252 1365 499 1434 sequitur
545 1373 601 1418 ct
643 1363 773 1418 dicit
801 1381 815 1420 :
845 1362 1120 1434 Propterea
1169 1380 1282 1417 ecce
1327 1380 1420 1438 ego
1460 1363 1598 1431 sepia
1641 1361 1850 1416 sndibns

253 1458 385 1510 viain
411 1457 580 1526 illius,
608 1467 655 1510 et
696 1455 959 1526 tediﬁeabo
989 1457 1042 1510 in
1068 1457 1148 1510 via
1173 1457 1332 1531 ipsius
1357 1456 1530 1525 spinas
1549 1496 1566 1522 ,
1597 1464 1644 1508 et
1669 1455 1846 1507 trmni-

251 1558 348 1602 tem
387 1567 537 1618 suum
567 1566 665 1602 non
705 1550 918 1618 int'enict
943 1565 961 1602 :
989 1558 1036 1602 et
1063 1559 1384 1630 persequetur
1405 1560 1656 1613 amatores
1683 1565 1804 1603 suos
1829 1590 1843 1614 ,

249 1659 343 1695 nec
368 1642 488 1710 illos
512 1641 852 1713 apprehende!
873 1683 887 1706 ,
921 1652 966 1710 et
990 1642 1203 1711 requiret
1233 1659 1336 1708 eos,
1366 1659 1455 1694 nec
1483 1642 1696 1696 inveniet
1725 1659 1808 1696 eos
1824 1661 1846 1714 ς

249 1744 298 1788 et
323 1734 476 1797 dicet,
510 1733 601 1801 Ibo
621 1744 667 1788 et
692 1743 910 1788 reuertar
929 1733 997 1786 ad
1022 1734 1182 1788 virum
1211 1751 1374 1788 meum
1399 1735 1668 1804 pristinum
1685 1776 1699 1800 ,
1727 1734 1846 1808 quia

255 1826 374 1880 bene
396 1838 516 1894 tum;
535 1827 659 1879 milii
676 1826 776 1896 fuit
795 1842 946 1896 quant
976 1843 1130 1892 nunc.
1161 1827 1363 1882 Deinde
1395 1844 1460 1884 nc
1487 1829 1721 1897 ipsorqu
1750 1843 1846 1897 pu-

256 1926 433 1972 tentur
458 1918 548 1972 illa
574 1934 691 1988 quae
729 1917 1040 1973 scductores
1077 1917 1273 1974 habent
1301 1921 1503 1989 integra
1526 1928 1580 1975 et
1606 1918 1672 1974 de
1700 1919 1841 1974 veri-

255 2012 376 2066 tatis
400 2010 640 2066 doctrina
667 2010 930 2085 vcnicntia
948 2053 963 2079 ,
997 2027 1093 2082 per
1113 2027 1233 2090 qnzn
1261 2011 1522 2074 seducunt
1545 2011 1612 2076 ad
1636 2011 1840 2075 falsita-

255 2112 336 2157 tes
358 2103 665 2174 dogmatnm
692 2115 747 2168 et
789 2108 1183 2170 dissensionum
1213 2123 1464 2170 suarum;
1497 2123 1564 2175 ne
1602 2107 1688 2168 illa
1715 2122 1842 2178 ergo

253 2211 370 2264 qua:
419 2196 616 2256 habent
660 2200 861 2270 integra
890 2203 1124 2271 ipsorum
1168 2210 1450 2272 putentur,
1481 2200 1683 2262 addidit
1713 2215 1842 2255 con-

258 2285 400 2339 tinuo
429 2305 442 2341 :
477 2285 544 2340 Et
578 2289 686 2342 hcce
709 2306 810 2352 non
833 2291 1061 2360 cognovit
1090 2292 1227 2360 quod
1267 2307 1357 2362 ego
1384 2291 1432 2344 ei
1458 2290 1680 2344 dederim
1723 2294 1838 2362 fru-

256 2387 470 2432 mentum
500 2390 548 2434 et
588 2381 758 2436 vinum
787 2391 832 2438 et
871 2383 1073 2447 oleum,
1117 2392 1165 2436 et
1202 2383 1466 2453 pecuniam
1509 2383 1842 2452 multiplicavi

260 2469 366 2535 illi;
392 2472 508 2540 ipsa
545 2486 661 2527 vero
700 2475 818 2545 fecit
860 2491 978 2530 vasa
1012 2491 1165 2535 aurea
1192 2485 1235 2529 et
1261 2487 1498 2546 argentea
1525 2475 1657 2530 Baal
1681 2475 1841 2546 (Osee

257 2575 318 2624 ιι,
349 2561 498 2632 5-8).
546 2563 765 2627 Dixerat
802 2567 942 2621 enim
975 2567 1220 2636 superius
1244 2608 1259 2630 ,
1304 2565 1400 2620 Ibo
1429 2576 1542 2637 post
1585 2577 1838 2622 amatores

256 2670 382 2708 ineas
404 2696 420 2720 ,
451 2655 538 2724 qui
575 2656 702 2709 milii
724 2656 846 2710 dant
871 2673 1026 2726 panes
1053 2673 1208 2722 meos,
1233 2667 1363 2722 ctc.,
1415 2674 1518 2712 non
1551 2659 1732 2727 utique
1758 2658 1838 2713 in-

257 2745 494 2816 telligens
533 2747 649 2802 tunc
680 2749 769 2803 Dei
797 2764 918 2804 esse
939 2791 953 2812 .
985 2765 1092 2804 non
1131 2749 1439 2816 hominum,
1488 2765 1836 2820 quaecumque

253 2839 406 2892 etiam
451 2839 764 2896 scductores
802 2841 1007 2911 integra
1035 2850 1089 2897 et
1119 2842 1348 2912 legitima
1389 2850 1572 2897 tenent
1601 2859 1615 2896 :
1647 2856 1745 2897 nec
1772 2856 1836 2898 ca

251 2929 345 2982 sibi
375 2930 535 2984 etiam
580 2931 679 3000 ipsi
722 2942 1038 3003 arrogarent
1057 2974 1072 3000 ,
1102 2943 1155 2988 et
1183 2933 1334 3004 quasi
1363 2934 1572 3004 propria
1600 2934 1835 2996 vindica-

250 3028 400 3085 rent,
432 3019 533 3074 nisi
560 3037 590 3072 a
616 3021 860 3092 plebibus
887 3023 1122 3078 seductis
1148 3023 1376 3078 vicissim
1416 3022 1832 3094 seducerentur,

249 3129 365 3168 cum
389 3115 472 3169 eis
495 3115 734 3170 creditur
751 3155 767 3182 ,
795 3125 850 3171 et
875 3115 1008 3171 tales
1033 3116 1262 3174 honores
1287 3116 1628 3186 deferuntur,
1661 3128 1717 3172 ut
1739 3133 1836 3188 per

250 3220 340 3258 eos
370 3204 600 3261 habeant
646 3215 963 3275 potestatem
1004 3202 1127 3268 talia
1168 3206 1416 3273 dicendi,
1465 3217 1520 3264 et
1561 3209 1664 3264 sibi
1713 3211 1833 3264 talia

255 3297 587 3364 vindicandi;
638 3309 696 3352 ut
738 3314 890 3355 error
935 3315 1122 3354 eorum
1171 3301 1364 3355 veritas
1405 3289 1738 3371 appelletur,
1782 3310 1836 3364 et

251 3391 424 3445 scelus
450 3405 632 3457 eorum
651 3390 856 3459 iustitia
879 3399 1092 3460 putetur
1110 3433 1124 3454 ,
1157 3398 1375 3460 propter
1402 3391 1748 3460 Sacramenta
1781 3401 1836 3448 et

251 3481 554 3550 Scripturas
579 3497 710 3550 quas
739 3491 922 3548 tenent
945 3483 1010 3536 ad
1038 3483 1270 3553 speciem
1295 3524 1310 3547 ,
1354 3499 1459 3537 non
1490 3483 1556 3539 ad
1584 3483 1831 3547 Salutem.

253 3573 481 3644 Ideoque
508 3582 563 3627 et
590 3590 684 3644 per
711 3573 1045 3630 Ezechielem
1071 3574 1244 3628 eidem
1273 3572 1572 3632 fornicaria:
1601 3575 1830 3640 dicitur:

257 3665 316 3719 Et
342 3667 600 3734 protulisti
626 3666 691 3723 de
727 3667 858 3730 rasis
896 3667 1073 3738 glorire
1097 3676 1198 3721 tua:
1225 3669 1288 3721 de
1329 3685 1454 3734 auro
1496 3685 1604 3731 meo
1627 3711 1642 3736 ,
1685 3679 1732 3724 et
1774 3672 1838 3738 de

252 3767 454 3826 argento
483 3773 594 3811 meo
618 3800 634 3825 ,
663 3773 724 3812 ea:
747 3757 926 3828 quibus
956 3757 1074 3812 dedi
1113 3759 1202 3825 tibi
1225 3776 1242 3822 ,'
1268 3769 1314 3814 et
1342 3761 1505 3831 fecisti
1532 3761 1620 3814 tibi
1647 3761 1834 3831 imagi-

252 3863 332 3900 nes
357 3847 666 3913 masculinas
685 3889 700 3914 ,
723 3858 769 3902 et
793 3847 1044 3917 fornicata
1073 3865 1126 3922 es
1165 3849 1217 3902 in
1243 3849 1332 3902 eis.
1383 3847 1445 3901 Et
1475 3850 1714 3920 accepisti
1748 3865 1836 3912 ve-

251 3946 365 3990 stem
392 3954 558 3992 meam
593 3923 960 4002 versicoloriam
978 3981 993 4006 ,
1025 3950 1072 3993 et
1109 3940 1416 4010 cooperuisti
1450 3940 1588 3994 idola
1626 3949 1745 4006 tua;
1790 3950 1836 3996 et

251 4029 408 4098 oleum
435 4045 639 4092 meum,
690 4039 736 4082 et
765 4029 1020 4099 incensum
1064 4047 1227 4083 nteant
1267 4030 1476 4099 posuisti
1502 4039 1616 4084 ante
1653 4032 1836 4103 faciem

250 4118 496 4192 idolorum
517 4129 749 4186 tuorum,
779 4129 827 4192 et
847 4138 1006 4194 panes.
1027 4138 1161 4175 meos
1185 4138 1309 4194 quos
1333 4122 1449 4192 dedi
1475 4123 1562 4186 tibi
1574 4139 1593 4193 ,ς
1622 4133 1668 4176 et
1696 4125 1835 4192 simi-

250 4207 410 4282 lagine
425 4195 473 4263 et
499 4211 647 4263 melle
674 4220 720 4264 et
749 4211 857 4264 oleo
881 4211 1041 4276 cibari
1067 4221 1148 4274 te;
1177 4223 1222 4278 et
1253 4213 1466 4282 posuisti
1489 4213 1596 4274 [nec
1621 4224 1736 4268 ante
1753 4215 1835 4284 [a-

249 4299 363 4351 ciem
388 4300 643 4354 idolorum
669 4309 868 4354 tuorum
891 4303 939 4355 in
967 4302 1169 4356 odorem
1201 4301 1322 4356 bene
1353 4301 1587 4356 olentem.
1619 4302 1685 4356 Et
1713 4321 1832 4374 pero

249 4390 403 4455 fecisti
435 4391 544 4444 Ita'c
588 4389 815 4463 (Eucti.
861 4407 970 4456 xvi,
1017 4393 1224 4460 17-19.).
1261 4392 1342 4448 Ad
1389 4393 1645 4462 imagines
1688 4395 1830 4463 enim

250 4482 668 4551 pliautasmatmn
700 4499 947 4550 suorum,
978 4501 1098 4539 cum
1126 4485 1317 4554 quibus
1346 4484 1570 4539 volutari
1603 4487 1833 4540 carnalis

248 4577 418 4630 anima
459 4575 793 4641 delectatur,
839 4577 1098 4631 convertit
1137 4577 1315 4630 omnia
1362 4587 1692 4632 sacramenta
1719 4619 1732 4641 ,
1779 4587 1834 4633 ct

307 4684 449 4742 tam.
484 4688 538 4730 et
560 4688 659 4738 Er.,
695 4679 747 4731 in
769 4679 917 4732 variis
941 4679 1398 4732 ratiocinationibus.
1428 4681 1595 4731 Plures
1616 4688 1745 4742 Mss,
1781 4681 1831 4732 in

249 4741 373 4790 amris
396 4741 854 4793 ratiocinationibus.

305 4807 325 4836 ³
349 4810 395 4852 ιιι
426 4813 530 4855 ltss.
560 4840 576 4862 ,
614 4812 662 4854 et
706 4804 908 4855 redeunt
945 4804 1011 4854 ad
1069 4802 1194 4854 riam
1236 4801 1371 4867 pacis
1424 4810 1470 4854 et
1512 4803 1828 4866 qiacrendum

242 4865 296 4915 si:
314 4867 482 4928 σιτίζειν
503 4874 678 4917 Deum.

261 4981 3287 5011 ___________________________________________________________

1617 328 1821 386 ιιΒΕιι
1859 323 2082 394 ρυΑιιί
2097 324 2202 380 US.

3463 345 3557 406 153

1956 448 2114 503 verba
2142 449 2420 506 Librorum
2451 457 2772 510 sanotm'um.
2803 457 2908 513 Nec
2935 468 3111 518 tanton
3131 461 3256 532 quia
3276 461 3384 520 ιιιω
3406 464 3544 521 bna-

1955 541 2104 610 gines
2130 542 2274 597 falsze
2303 555 2459 613 sunt,
2493 556 2548 602 et
2574 548 2831 606 doctrina:
2857 551 3244 615 diemouiorum
3291 567 3416 612 sunt
3436 598 3453 622 ,
3484 558 3540 612 in

1954 633 2221 704 hypocrisi
2253 637 2772 709 mendaciloquorum
2801 641 2856 711 (l
2892 641 3027 706 Tim.
3052 659 3138 708 tv,
3171 646 3221 709 Ι,
3247 645 3322 718 9.)
3348 687 3364 713 ,
3413 663 3542 717 pro-

1953 735 2073 793 pter
2099 741 2160 781 ca
2191 737 2244 781 et
2271 728 2356 781 illa
2383 741 2711 786 sacramenta
2733 773 2748 798 ,
2781 742 2832 788 et
2861 734 3037 788 divina
3077 736 3284 804 eloquia
3327 741 3404 793 sic
3439 755 3538 794 ex-

1952 814 2258 871 honoranda
2288 830 2409 874 sunt
2427 862 2441 884 ,
2473 831 2528 876 ut
2557 837 2741 876 eorum
2767 824 2853 877 illa
2881 840 2998 878 esse
3025 825 3346 896 deputentur
3375 847 3387 882 :
3413 844 3534 883 cum

1951 906 2206 964 Dominus
2234 909 2403 975 dicat,
2436 910 2510 964 De
2529 930 2653 966 auro
2682 931 2786 967 meo
2813 926 2857 968 et
2887 917 2948 968 de
2972 928 3178 986 argento
3201 935 3309 972 meo
3336 930 3382 972 et
3404 931 3536 975 veste

1951 1017 2060 1066 mea
2085 1003 2420 1070 versicoloria,
2445 1016 2490 1058 et
2516 1007 2626 1059 oleo
2648 1025 2755 1062 meo
2780 1019 2825 1062 et
2852 1010 3054 1064 incenso
3080 1021 3125 1064 et
3152 1013 3362 1080 panibus
3389 1015 3532 1080 meis,

1948 1101 2002 1146 et
2023 1089 2236 1148 cm'tera.
2282 1097 2360 1149 An
2401 1096 2521 1166 quia
2550 1099 2621 1152 illi
2661 1110 2901 1154 errantes
2933 1118 3118 1157 eorum
3157 1118 3277 1159 esse
3309 1105 3403 1158 ista
3435 1121 3533 1174 pu-

1950 1196 2061 1248 tant
2099 1204 2127 1244 ει
2166 1191 2356 1259 quibus
2405 1191 2760 1259 seducutttur,
2795 1206 3070 1264 propterea
3121 1211 3228 1250 non
3277 1197 3536 1254 debemus

1947 1295 2235 1350 agnoscere
2262 1283 2413 1354 cujus
2448 1285 2584 1350 sint;
2623 1303 2743 1340 cum
2794 1287 2908 1357 ipse
2952 1287 3123 1352 dicat,
3176 1287 3243 1341 Et
3284 1289 3390 1343 [nec
3434 1307 3534 1344 non

1945 1375 2174 1442 cognovit
2221 1375 2357 1444 quod
2395 1391 2484 1447 ego
2513 1377 2559 1430 ei
2593 1377 2818 1430 dederim
2871 1378 3212 1446 frumentum,
3267 1381 3438 1433 vinum
3489 1390 3537 1434 et

1945 1463 2110 1521 oleum
2135 1507 2148 1530 ,
2189 1478 2234 1520 et
2279 1469 2540 1538 pecnniam
2587 1470 2916 1535 mttltiplicavi
2946 1471 3022 1524 illi
3043 1472 3068 1524 ?
3094 1470 3210 1524 Non
3234 1473 3374 1525 enim
3401 1471 3536 1528 dixit

1944 1569 2064 1610 eam
2088 1571 2190 1610 non
2221 1558 2463 1613 habuisse
2493 1559 2610 1622 ista,
2631 1561 2753 1628 quia
2776 1561 3054 1614 foruicaria
3078 1572 3192 1616 erat
3217 1581 3229 1616 :
3253 1562 3345 1616 sed
3368 1573 3420 1618 et
3440 1563 3534 1618 ha-

1943 1647 2122 1700 buisse
2163 1647 2384 1712 dicitur,
2430 1660 2484 1704 et
2533 1666 2637 1704 non
2676 1665 2768 1704 sua
2811 1667 2907 1704 nec
2937 1662 3232 1706 amatorum
3276 1669 3528 1722 suorum,

1941 1738 2036 1797 sed
2069 1739 2196 1804 Dei,
2240 1741 2393 1808 cujus
2421 1741 2573 1795 unius
2597 1743 2693 1805 ista
2723 1754 2865 1800 sunt.
2897 1745 3148 1810 Quamvis
3175 1761 3301 1815 ergo
3333 1746 3530 1802 habue-

1940 1829 2008 1884 rit
2067 1829 2468 1898 fornicationem
2500 1848 2672 1904 snam,
2707 1835 2793 1890 illa
2824 1845 2998 1889 tamen
3047 1837 3237 1906 quibus
3279 1839 3523 1894 eamdem

1941 1921 2342 1980 fornicotionem
2414 1927 2691 1995 ornabat,
2772 1929 2853 1988 vel
2948 1929 3162 1983 seducta
3227 1929 3308 1984 vel
3369 1931 3530 1984 sedu-

1937 2029 2098 2081 cens,
2161 2031 2266 2071 non
2315 2026 2468 2072 erant
2513 2019 2660 2088 ejus,
2713 2018 2806 2081 sed
2838 2018 2952 2072 Dci.
2993 2019 3048 2074 Si
3093 2019 3208 2074 lucc
3234 2019 3299 2074 de
3341 2019 3523 2075 Judaea

1940 2115 2099 2176 gente
2141 2108 2536 2180 figurahantur,
2570 2111 2657 2164 ubi
2702 2111 2902 2175 Scriba:
2931 2122 2986 2168 et
3013 2111 3272 2171 Pharisazi
3315 2114 3527 2182 rejicie-

1938 2197 2065 2254 bant
2088 2198 2392 2253 mandatum
2416 2201 2531 2267 Dei,
2548 2210 2603 2254 ut
2634 2199 2945 2259 traditiones
2966 2216 3088 2256 suas
3113 2203 3523 2270 constituerent,

1941 2296 1998 2342 ut
2019 2303 2138 2343 cum
2163 2288 2316 2358 plebe
2351 2289 2518 2345 Deum
2541 2290 2875 2360 relinquente
2895 2291 2973 2345 sic
2999 2291 3226 2362 quodam
3245 2293 3404 2347 modo
3418 2294 3525 2347 for-

1937 2379 2274 2448 nicarentur;
2307 2395 2406 2436 nec
2435 2391 2608 2436 tamen
2642 2383 2759 2437 talis
2788 2382 2933 2438 illius
2961 2383 3215 2452 temporis
3247 2383 3300 2438 in
3331 2386 3527 2454 populo

1934 2467 2214 2526 fornicatio
2247 2487 2405 2542 quam
2449 2473 2703 2538 Dominus
2729 2473 3000 2544 arguendo
3027 2475 3317 2545 prodebat,
3342 2476 3525 2532 effecit

1935 2570 1992 2615 ut
2019 2576 2203 2616 eorum
2231 2571 2411 2618 essent
2450 2573 2810 2629 sacramenta,
2839 2582 2959 2635 qua:
2990 2582 3097 2624 non
3122 2576 3274 2620 crant
3301 2581 3484 2620 eorum
3507 2609 3522 2630 ,

1934 2651 2030 2706 sed
2061 2652 2184 2718 Dei,
2216 2653 2308 2722 qui
2341 2653 2565 2725 loquens
2594 2655 2660 2710 ad
2690 2655 3029 2711 fornicariam
3058 2657 3187 2711 dicit
3231 2657 3318 2710 illa
3345 2659 3523 2711 omnia

1931 2757 2028 2797 sua
2043 2759 2194 2812 esse;
2223 2747 2359 2800 unde
2380 2747 2490 2817 ipse
2514 2748 2772 2803 Dominus
2792 2750 2948 2802 etiam
2969 2765 3101 2819 quos
3121 2751 3391 2804 mandavit
3407 2767 3434 2803 a
3456 2751 3523 2805 le-

1934 2849 2062 2904 pra,
2094 2834 2158 2890 ad
2203 2835 2389 2892 eadem
2415 2849 2744 2893 sacramenta
2770 2838 2942 2904 misit,
2971 2848 3028 2894 ut
3052 2840 3305 2894 offerrent
3331 2855 3426 2908 pro
3464 2857 3523 2896 se

1933 2926 2252 2990 sacrificium
2294 2928 2687 2996 sacerdotibus;
2731 2930 2852 2999 quia
2885 2929 3117 2991 nondum
3145 2929 3223 2986 eis
3252 2945 3520 2985 successe-

1933 3028 2013 3071 rat
2041 3019 2360 3074 sacriflcium
2382 3059 2397 3086 ,
2427 3019 2570 3090 quod
2602 3021 2717 3090 ipse
2747 3030 2866 3091 post
2893 3022 2942 3074 in
2975 3021 3212 3076 Ecclesia
3239 3021 3403 3076 voluit
3428 3037 3519 3077 ce-

1934 3111 2129 3166 lebrari
2176 3126 2272 3181 pro
2311 3112 2416 3167 illis
2459 3113 2741 3180 omnibus,
2770 3114 2892 3183 quia
2935 3114 3035 3168 illis
3079 3115 3329 3170 omnibus
3407 3114 3521 3184 ipse

1933 3201 2390 3270 praenuntiabatur
2428 3219 2440 3257 :
2471 3211 2668 3274 quanto
2697 3203 2862 3273 magis
2893 3220 2989 3258 nos
3015 3203 3356 3260 Sacramenta
3399 3205 3518 3259 novi

1932 3292 2287 3360 Testamen:i,
2332 3293 2469 3363 apud
2510 3295 2774 3364 quoslibet
2807 3295 3084 3350 inereticos
3110 3297 3193 3350 vel
3218 3295 3520 3351 schismati-

1931 3401 2025 3442 eos
2071 3387 2435 3465 invenientes,
2467 3403 2571 3441 non
2622 3387 2878 3442 debemus
2928 3389 3056 3458 ipsis
3105 3389 3371 3454 tribuere,
3423 3404 3521 3444 nec

1931 3480 2083 3550 quasi
2112 3495 2218 3534 non
2242 3480 2417 3551 agnita
2444 3480 2767 3550 reprobare;
2798 3481 2890 3535 sed
2918 3482 3159 3550 quamvis
3186 3482 3326 3552 apud
3357 3482 3523 3536 forni-

1931 3575 2130 3632 eariam
2177 3575 2452 3630 mulierem
2491 3574 2631 3629 dona
2678 3575 2777 3628 viri
2825 3575 3042 3645 legitimi
3090 3590 3416 3646 agnoscere,
3467 3583 3524 3630 et

1938 3665 2104 3720 Verbo
2133 3665 2371 3720 veritatis
2415 3664 2556 3718 illam
2603 3663 3004 3720 fornicationem
3047 3665 3362 3730 emendare,
3404 3679 3522 3734 qua:

1930 3754 2142 3826 propria
2169 3765 2252 3810 est
2281 3755 2564 3824 impudica:
2589 3755 2844 3819 mulieris,
2876 3770 2980 3808 non
3004 3755 3090 3810 illa
3111 3755 3251 3810 dona
3277 3755 3514 3824 culpare,

1931 3860 2049 3916 qua:
2075 3847 2287 3914 propria
2323 3853 2447 3897 sunt
2478 3844 2684 3898 Domini
2715 3844 3060 3899 miserantis?

2001 3937 2093 3994 28.
2134 3937 2332 3992 [larum
2359 3944 2413 3991 et
2439 3935 2619 3990 talium
2663 3951 2845 3990 rerum
2884 3935 3311 3992 consideratione
3338 3944 3519 4006 patres

1931 4031 2140 4096 nostri,
2172 4045 2276 4084 non
2308 4027 2480 4084 solum
2507 4037 2631 4084 ante
2655 4026 2978 4100 Cyprianum
3010 4027 3092 4081 vel
3124 4027 3472 4097 Agrippinum
3499 4067 3514 4091 ,

1931 4125 2029 4181 sed
2053 4124 2214 4179 etiam
2247 4132 2427 4192 postea
2451 4122 2854 4178 saluberrimam
2873 4119 3313 4175 consuetudinem
3341 4129 3524 4173 tenue-

1931 4225 2084 4282 runt,
2115 4223 2172 4268 ut
2217 4211 2472 4284 quidquid
2499 4211 2733 4267 divimnn
2762 4219 2922 4282 atque
2951 4211 3242 4281 legitimum
3265 4210 3316 4263 in
3345 4209 3519 4278 aliqua

1931 4305 2118 4362 hierosi
2145 4305 2226 4366 vel
2249 4305 2533 4360 schismate
2552 4304 2812 4374 integrum
2835 4304 3150 4374 reperirent,
3172 4300 3526 4370 approbarent

1930 4399 2104 4469 potius
2148 4413 2304 4466 quam
2339 4404 2632 4464 negarent:
2665 4394 2918 4465 quidquid
2949 4402 3127 4448 autem
3160 4393 3391 4446 alienum
3419 4433 3433 4455 ,
3466 4400 3521 4445 et

1929 4489 2127 4544 erroris
2156 4489 2296 4554 illius
2321 4487 2406 4543 vel
2427 4485 2774 4544 dissensionis
2801 4486 3076 4556 proprium
3099 4525 3113 4549 ,
3142 4483 3402 4537 veraciter
3425 4497 3514 4534 ar-

1928 4587 2153 4649 guerent
2178 4587 2231 4632 et
2257 4585 2521 4630 sanarent.
2556 4573 2658 4630 Sed
2691 4590 2752 4627 ca
2777 4590 2897 4642 quae
2925 4589 2990 4627 ex
3022 4573 3245 4641 cpistola
3277 4572 3362 4624 illa
3393 4585 3513 4640 quze

1927 4672 1992 4726 ad
2019 4671 2332 4727 Jubaianum
2360 4669 2559 4737 scripta
2579 4675 2690 4730 est,
2720 4664 3100 4721 Consideranda
3125 4669 3528 4727 remanserunt,

1929 4773 2148 4832 propter,
2187 4761 2344 4831 Inuus
2393 4759 2674 4813 voluminis
2724 4757 2980 4822 modum,
3039 4758 3105 4808 ab
3153 4755 3260 4810 alio
3293 4795 3308 4818 ,
3353 4768 3532 4822 quau-

1925 4866 2032 4910 tum
2063 4856 2269 4925 opinor,
2293 4852 2512 4908 exordio
2542 4850 2874 4920 suscipienda
2901 4858 3058 4918 atque
3081 4845 3350 4902 tractanda
3376 4853 3522 4899 sunt.

3295 4973 3514 4993 ...υ-ο

1221 5063 1691 5171 LIBER
1755 5057 2537 5188 QUARTUS.

886 5255 933 5312 tu
957 5263 1052 5314 quo
1076 5255 1248 5315 tractat
1267 5259 1378 5319 qua:
1400 5246 1769 5315 subsequentia
1788 5229 1839 5293 iu
1859 5254 2034 5295 eadem
2055 5243 2268 5306 Cypriani
2293 5240 2494 5305 eiaistola
2519 5240 2578 5289 ad
2601 5240 2900 5314 Jubaianum.

1667 5397 2079 5446 -οθθδοῡξεθέ

307 5514 536 5572 CAPUT
577 5510 863 5569 PRIMUM.
888 5540 956 5550 —
987 5511 1038 5564 1.
1081 5507 1315 5564 Ecclesia
1359 5508 1595 5576 paradiso
1622 5521 1834 5574 compa-

246 5618 354 5661 rata
391 5605 602 5678 (Cypr.,
629 5603 778 5673 epist.
821 5602 910 5666 75,
952 5600 1018 5652 ad
1047 5598 1404 5665 Jubaianum),
1455 5596 1652 5650 indicat
1683 5595 1837 5648 nobis

252 5715 400 5768 posse
430 5688 660 5771 quidcnf
689 5697 806 5764 ejus
848 5694 1173 5762 Baptismum
1219 5690 1460 5743 homines
1503 5691 1662 5742 etiam
1713 5686 1840 5739 foris

252 5795 507 5865 accipere,
540 5791 634 5848 scd
653 5790 879 5846 salutem
900 5784 1235 5842 beatitudinis
1259 5792 1408 5840 extra
1431 5799 1545 5838 eam
1569 5782 1837 5838 nemiuem

1942 5503 2023 5559 vel
2054 5501 2323 5571 percipere
2350 5499 2429 5552 vel
2462 5508 2664 5553 tenere.
2696 5497 2828 5552 Nam
2851 5507 2903 5552 et
2923 5496 3137 5550 llunnua
3168 5493 3233 5546 de
3266 5492 3406 5544 ferite
3436 5505 3528 5555 pa-

1944 5594 2126 5654 radisi.
2158 5595 2292 5647 sicut
2333 5589 2600 5658 Scriptura
2635 5597 2880 5654 testatur,
2923 5587 3081 5642 etiam
3127 5585 3267 5638 foras
3310 5581 3524 5652 largit'r

1947 5694 2316 5741 manaverunt.
2345 5682 2660 5737 Nomiuatim
2700 5682 2896 5753 quippe
2924 5684 3430 5740 commemorantur,
3476 5681 3527 5726 et

1949 5793 2040 5845 per
2070 5793 2197 5848 quas
2227 5787 2392 5830 terras
2414 5774 2598 5842 fluant,
2631 5784 2681 5829 et
2723 5777 2844 5843 quia
2870 5779 3018 5827 extra
3057 5765 3363 5840 paradisum
3391 5781 3524 5821 cou-
