4050 6206
493 386 594 444 155
1231 386 1317 464 Uis.
1361 386 1520 424 b’.\l'l
1542 386 1697 420 manu
1737 386 1866 415 uun
1883 386 2009 428 run

493 503 669 554 stituta
703 505 844 560 sunt,
875 491 1121 548 omnibus
1144 497 1324 543 notum
1355 494 1438 539 est
1461 473 1612 552 (Gen.
1644 495 1698 539 ιι,
1733 461 1887 544 8-H)
1927 489 1936 523 :
1972 476 2069 522 nec

494 588 677 644 tameu'
698 583 751 641 iii
768 580 1150 651 ‘Mesopotz‘uuia
1180 577 1260 632 vel
1278 576 1327 630 in
1348 571 1598 644 2Egypt0,
1617 583 1722 638 quo
1745 564 1830 618 illa
1854 560 2069 615 ilatuina

496 687 867 752 pervenerunt.
896 685 978 728 est
1007 671 1229 726 felicitas
1265 669 1384 722 vine
1412 681 1529 735 quae
1557 665 1607 716 in
1641 659 1886 730 paradiso
1915 670 2066 710 com-

498 779 838 834 memoratur.
875 767 946 819 lla
976 763 1030 817 lit
1061 773 1116 816 ut
1140 777 1258 816 cum)
1289 756 1515 829 paradisi
1543 768 1675 822 aqua
1707 749 1776 804 sit
1804 756 1956 803 extra
1981 760 2071 814 pa-

496 863 750 923 radisum,
802 856 1273 911 beatitudo'tameu
1319 867 1422 903 non
1453 848 1520 901 sit
1565 845 1662 899 nisi
1694 843 1828 896 intra
1860 835 2071 916 paradi-

497 971 634 1008 sum.
666 953 755 1010 Sic
791 945 917 1020 ergo
947 933 1243 1016 Baptismu's
1279 941 1534 997 Ecclesiae
1579 937 1896 1008 potest'esse
1925 940 2074 985 extra

500 1026 815 1107 Ecclesium,
841 1034 1051 1095 muniis
1081 1048 1262 1090 autem
1294 1034 1460 1088 beatae
1504 1031 1621 1084 vita:
1654 1043 1757 1082 non
1799 1025 1897 1079 nisi
1939 1023 2075 1076 intra

500 1137 800 1191 Ecclesiain’
841 1132 1105 1202 reperitur
1139 1148 1151 1183 :
1183 1131 1299 1198 ‘quze
1329 1140 1488 1194 super
1519 1135 1722 1192 petram
1764 1119 1922 1174 etiam
1955 1115 2075 1169 {uu-

500 1230 619 1284 data
637 1232 736 1289 cst,
755 1223 872 1296 qua:
890 1223 1083 1294 ligandi
1103 1233 1154 1278 et
1179 1217 1417 1274 Solvendi
1439 1217 1614 1271 claves
1640 1212 1844 1280 accepit
1864 1207 2074 1282 (Matth.

501 1337 611 1386 xvr,
641 1319 727 1382 18,
762 1312 872 1387 l9).
912 1314 1032 1369 lltcc
1059 1323 1130 1369 est
1161 1329 1261 1365 una
1287 1325 1400 1378 qua:
1426 1317 1554 1361 tenet
1578 1315 1624 1359 et
1647 1303 1862 1380 possidet
1882 1314 2078 1354 onmem

501 1413 581 1465 sui
607 1396 780 1481 ερσῖιεί
805 1394 848 1462 et
882 1406 1084 1460 Domini
1103 1410 1389 1473 potestatem
1409 1415 1432 1472 :4
1451 1411 1544 1467 per
1567 1389 1722 1474 quam
1745 1387 2077 1468 coniugalem

504 1465 816 1570 potestatein
847 1498 1001 1551 etiam
1033 1465 1334 1548 de'ancillis
1365 1465 1500 1542 lilios'
1531 1465 1718 1556 parere
1754 1465 1958 1552 potast:
1990 1465 2085 1547 qui

501 1593 544 1646 si
575 1607 676 1645 non
704 1587 1028 1658 superbiant,
1063 1584 1114 1638 in
1139 1590 1335 1637 sortem
1370 1569 1693 1658 ha-redita‘ti‘s
1720 1571 2078 1649 vocabuntur;

504 1683 548 1736 si
580 1691 754 1734 autem
787 1675 1292 1745 su‘perbiaut,extra
1319 1647 1690 1724 remanebunt.
1808 1665 1811 1673 ³

574 1766 896 1825 CAPUT“.
937 1747 1010 1805 -;-'
1042 1762 1097 1817 ΞΣ
1137 1761 1300 1831 Magis
1350 1774 1476 1829 ergo
1528 1758 1648 1827 quia
1695 1768 1791 1824 pro
1831 1750 2084 1806 Ecclesia:

506 1865 708 1916 honore
746 1868 902 1927 atque
931 1835 1128 1910 unitate
1161 1864 1475 1923 pugnamus,
1508 1864 1612 1901 non
1652 1839 1948 1899 tribuamus
1971 1833 2095 1894 lues"

505 1951 683 2019 reticis
728 1946 981 2019 quidquid
1008 1944 1146 2016 apud
1308 1940 1438 2010 eius
1469 1933 1839 2018 agnoscimus:
1869 1930 1964 1988 sed
1992 1944 2087 1986 eos

507 2053 790 2114 arguentes
819 2041 1126 2100 doceamus,
1159 2034 1298 2106 quod
1326 2049 1390 2088 ev
1417 2033 1618 2086 unitate
1649 2027 1847 2082 habent
1869 2039 1973 2078 non
2006 2038 2088 2077 va-

509 2133 982 2194 leread'salutem,
1012 2127 1116 2182 nisi
1161 2126 1227 2181 ad
1265 2122 1506 2180 eamdem
1539 2119 1779 2174 venerint
1805 2115 2086 2170 unitatem.

509 2229 652 2296 Aqua
676 2223 815 2279 enim
835 2206 1079 2276 Ecclesia:
1095 2211 1264 2288 ﬁdelis
1285 2225 1331 2269 et
1351 2211 1589 2276 salutaris
1605 2218 1650 2263 et
1665 2210 1934 2262 s'ancta'est
1957 2205 2091 2259 bene

511 2315 798 2374 utentibus.
827 2312 904 2367 Ea
936 2325 1061 2365 vero
1091 2308 1226 2363 bene
1252 2305 1326 2360 mi
1347 2293 1490 2358 citra
1517 2294 1804 2355 Ecclesiam
1822 2291 1980 2352 nemo
1998 2294 2101 2366 po-'

512 2417 634 2462 test.
669 2405 808 2459 Male
839 2395 1014 2459 autem
1057 2397 1325 2456 utentibus
1354 2405 1407 2451 et
1434 2393 1563 2450 foris
1592 2401 1644 2447 et
1675 2391 1838 2456 intus,
1871 2389 1938 2444 ad
1967 2403 2096 2458 sup-

512 2499 727 2569 plicium
758 2496 976 2566 geritur,
1006 2487 1109 2548 noli
1135 2489 1505 2560 ad‘prannium
1528 2485 1862 2554 suifragautr.
1887 2481 1956 2555 Et
1974 2479 2094 2561 ideo

516 2573 813 2658 Baplismus
839 2584 1092 2653 corrumpi
1113 2590 1157 2657 et
1181 2557 1456 2634 adulterari
1476 2588 1575 2630 non
1595 2583 1772 2646 potest,
1802 2578 1956 2628 ειςιέ
1977 2557 2103 2627 cor?

516 2657 683 2751 ruptis
713 2687 766 2733 ct
789 2677 1041 2732 adulteris
1068 2657 1356 2729 hahea'tur:
1385 2671 1512 2724 sicut
1533 2675 1584 2723 et
1617 2668 1729 2737 ipsa
1760 2663 1989 2720 Ecclesia
2012 2661 2096 2716 iri-

515 2757 819 2842 corruptalet
842 2779 978 2823 casta
999 2777 1044 2821 et
1073 2765 1256 2837 pudica
1276 2773 1381 2828 est;
1399 2771 1451 2818 et
1472 2761 1591 2817 ideo
1615 2775 1721 2815 non
1742 2758 1808 2813 ad
1826 2761 1945 2841 eam
1970 2746 2097 2826 peri-

516 2859 686 2922 tinent
710 2848 879 2926 avari,
913 2867 1174 2930 raptores,
1211 2856 1571 2912 feneratores:
1604 2867 1738 2924 quos
1756 2865 1860 2904 non
1890 2831 2098 2903 tantum

517 2949 667 3024 foris,
697 2954 789 3009 sed
817 2952 978 3026 etiam
1019 2951 1159 3006 intus
1188 2953 1306 3026 esse
1342 2939 1524 3019 multis
1551 2933 1842 3022 litterarum
1882 2927 2102 2993 suarum

519 3020 984 3118 loc-isiC'yprianus‘
1004 3045 1116 3113 ipse
1158 3020 1712 3095 testaturz'et'ta‘meu
1750 3034 1858 3089 ‘non
1898 3037 2103 3092 mutato

519 3129 681 3194 corde
711 3129 1043 3204 bitptizaritur
1070 3127 1122 3186 et
1148 3130 1435 3199 baptizant.
1851 3123 1871 3135 ”

591 3214 814 3289 5ῘΝτιιιι
840 3235 894 3290 et
919 3223 1022 3295 hoc
1045 3224 1097 3276 iu
1121 3218 1348 3292 quadam
1372 3214 1594 3288 epistola
1625 3229 1719 3270 sua
1749 3213 1876 3268 dicit
1900 3210 2096 3284 (Epist.

525 3322 613 3388 il,
641 3319 707 3372 ad
733 3314 970 3387 Clericos)
1000 3312 1065 3368 ad
1089 3311 1325 3368 Clericos
1353 3308 1418 3364 de
1450 3305 1716 3378 pre-cando
1739 3305 1867 3370 Deo,
1889 3304 2104 3358 transii-

527 3424 723 3483 gnraus
769 3409 822 3463 in
867 3421 925 3461 se
954 3405 1089 3460 sicut
1117 3412 1328 3457 sanctus
1357 3398 1534 3453 Daniel
1557 3404 1773 3467 peccata
1791 3393 1969 3465 populi
1999 3392 2100 3446 sui.

526 3503 656 3566 Nam
697 3501 832 3554 inter
859 3496 1020 3550 multa
1054 3495 1188 3548 mala
1219 3507 1337 3562 quae
1380 3496 1781 3551 commemorat,
1813 3486 1972 3541 etiam
2003 3483 2107 3538 hoc

526 3595 614 3654 ait,
648 3591 846 3646 Safcnlo
873 3587 1029 3640 verbis
1053 3585 1172 3637 satis
1207 3594 1251 3636 et
1275 3597 1372 3635 non
1396 3581 1542 3652 factis
1565 3578 1904 3632 renuntiantes
1922 3591 1941 3629 :
1969 3575 2110 3630 sicut

528 3683 594 3737 de
621 3679 930 3750 quibusdam
962 3675 1089 3730 dicit
1119 3673 1424 3742 Apostolus,
1462 3669 1776 3739 Conﬁtentur
1803 3668 1937 3720 enim
1965 3681 2110 3720 nasse

529 3787 580 3831 se
611 3773 789 3836 Deum,
823 3769 968 3841 factis
1009 3777 1175 3822 autem
1218 3773 1400 3835 negant
1453 3759 1575 3833 (Tit.
1621 3775 1660 3826 ι,
1703 3759 1816 3830 16).
1847 3757 1957 3813 Hos
1983 3771 2112 3826 ergo

531 3870 718 3923 beatus
737 3862 1032 3935 Cyprianus
1058 3860 1108 3913 in
1131 3860 1242 3928 ipsa
1271 3857 1410 3910 intus
1433 3853 1671 3909 Ecclesia
1693 3849 1894 3906 versari
1917 3853 2108 3920 arguit,

531 3957 619 4026 qui
651 3954 810 4010 corde
841 3953 892 4007 in
925 3952 1112 4006 melius
1143 3962 1246 4003 non
1276 3954 1480 4000 mutato
1506 3943 1858 4012 baptizantur,
1899 3929 2112 4010 quando

534 4049 711 4122 utique
739 4045 933 4102 smculo
957 4043 1154 4107 verbis,
1203 4053 1308 4093 non
1341 4036 1492 4090 factis
1521 4034 1849 4115 renuntiant,
1878 4045 1997 4084 cum
2028 4029 2114 4083 di-

534 4150 617 4199 cat
642 4138 914 4209 apostolus
944 4136 1154 4199 Pet'rus,
1191 4128 1338 4196 Quod
1380 4126 1426 4181 et
1464 4140 1547 4177 vos
1575 4123 1726 4176 simili
1749 4108 1914 4191 farina
1938 4119 2116 4173 salvos

538 4231 656 4304 facit
679 4207 980 4298 VBaptisma;
1011 4238 1111 4276 non
1141 4219 1308 4273 carnis
1335 4214 1578 4285 depositio
1607 4207 1851 4275 sordium,
1885 4209 2129 4263 sedcan

537 4301 756 4376 scientia:
777 4320 918 4371 bona:
944 4312 1264 4383 interrogatio
1287 4308 1330 4381 (l
1355 4308 1494 4361 Petr.
1526 4320 1603 4368 ut,
1621 4302 1712 4375 21)
1730 4321 1744 4367 ;
1763 4316 1919 4373 quam
1937 4301 2118 4370 utique

541 4428 645 4466 nou
677 4408 961 4473 habebant,
1007 4403 1075 4459 de
1122 4401 1312 4472 quibus
1343 4399 1556 4462 dicitur,
1585 4392 1787 4451 Saxula
1813 4392 1972 4446 verbis
2001 4392 2121 4445 solis

541 4514 584 4558 et
614 4521 714 4557 non
745 4500 890 4574 factis
920 4497 1296 4552 renuntiantes:
1318 4501 1371 4546 et
1397 4500 1571 4545 tamen
1602 4488 1653 4543 id
1689 4486 1798 4556 agit
1841 4485 2122 4553 increpa-ns

543 4605 596 4649 et
622 4571 847 4664 arguens
870 4605 981 4653 eos,
1013 4596 1068 4642 ut
1095 4582 1378 4656 aliquando
1405 4579 1676 4636 ambulent
1705 4576 1758 4631 in
1788 4574 1871 4630 via
1899 4571 2120 4641 Christi,

543 4693 597 4738 et
623 4684 736 4752 ejus
762 4680 915 4734 amici
943 4678 1127 4731 malint
1151 4689 1267 4729 esse
1294 4687 1449 4742 quam
1477 4668 1677 4724 saeculi.

615 4772 840 4831 CAPUT
878 4771 965 4827 ιιι.
984 4799 1055 4809 -
1075 4768 1171 4823 Cui
1197 4767 1239 4820 si
1265 4763 1740 4834 obtemperassent,
1765 4768 1818 4814 et
1842 4765 1988 4811 recte
2013 4753 2124 4823 jam

545 4865 744 4932 vivere,
779 4879 882 4919 non
913 4873 967 4916 ut
997 4853 1494 4932 pseudochristiaui,
1525 4851 1618 4907 sed
1641 4837 1824 4904 utveri
1851 4843 2127 4902 christiani

548 4961 853 5030 cepissent,
884 4952 1135 5025 mnnqnid
1165 4965 1256 5007 eos
1279 4948 1493 5029 juberet
1516 4944 1690 4999 denuo
1707 4937 1959 5009 baptizari
1974 4935 2128 5020 {Non

553 5054 752 5123 utique,
782 5048 876 5104 sed
909 5047 1009 5102 hoc
1035 5045 1113 5100 eis
1152 5026 1432 5116 praestaret
1458 5051 1582 5091 vera
1613 5030 1913 5096 conversio,
1945 5015 2129 5106 utse-

553 5150 878 5199 crumentum
907 5137 1046 5209 quod
1077 5150 1182 5191 non
1213 5131 1429 5188 mutatis
1457 5126 1667 5209 Valebat
1697 5115 1774 5178 (ad
1815 5116 2127 5192 perniciem,

554 5235 770 5291 mutatis
797 5206 971 5285 valere
993 5228 1258 5298 inciperet
1284 5223 1349 5277 ad
1381 5206 1626 5276 Salutem.

625 5327 678 5380 4.
717 5324 848 5392 Quia
880 5336 978 5377 nec
1015 5321 1099 5376 isti
1129 5316 1370 5372 Ecclesia:
1413 5313 1574 5368 devoti
1617 5317 1732 5363 sunt
1762 5302 2133 5377 (Cypr.,epist.

557 5421 647 5484 75,
672 5418 737 5471 ad
761 5413 1115 5480 Jubaianum),
1146 5426 1234 5480 qm
1257 5408 1504 5464 videntur
1525 5419 1643 5459 esse
1669 5402 1831 5464 intus,
1869 5407 1922 5452 et
1950 5405 2136 5452 contra

556 5510 826 5565 Christum
859 5508 1058 5572 vivunt,
1101 5504 1151 5557 id
1197 5511 1298 5567 est,
1331 5507 1517 5555 contra
1559 5492 1755 5550 Christi
1785 5490 2029 5546 man-data
2063 5486 2139 5543 fa-

558 5604 736 5656 ciunt:
767 5618 863 5657 nec
888 5601 1104 5655 omnino
1129 5596 1192 5649 ad
1223 5596 1363 5649 illam
1386 5590 1678 5647 Ecclesium
1709 5585 1976 5656 pertinere
1997 5582 2138 5652 judi-

562 5693 714 5745 candi
751 5703 892 5757 sunt,
924 5705 1080 5760 quam
1124 5689 1200 5741 sic
1243 5685 1354 5754 ipse
1397 5681 1616 5736 mundat
1664 5679 1872 5731 lavacro
1901 5689 2050 5744 aqua:
2091 5674 2142 5726 in

571 5785 750 5845 verbo,
787 5796 839 5837 ut
863 5784 1112 5838 exhibeat
1139 5781 1236 5834 sibi
1262 5776 1546 5846 gloriosam
1578 5769 1890 5834 Ecclesium,
1924 5782 2028 5822 non
2051 5765 2143 5820 ha-

1231 370 1317 464 nc
1360 363 1697 452 BADTISMO
1737 353 2010 444 caurus
2053 341 2496 440 ponarisras,
2537 306 2603 402 s.‘
2639 343 3016 435 aucusrtsr

3655 337 3678 394 i‘
3687 336 3752 393 56

2177 447 2390 517 beatam
2436 461 2694 516 maculam
2726 469 2816 515 aut
2847 475 3048 528 rugam,
3093 467 3184 512 aut
3213 454 3416 532 aliquid.
3455 453 3752 528 huiusmodi

2180 559 2396 633 (Ephes.
2427 576 2480 625 v,
2503 558 2593 623 26,
2618 559 2730 629 27).
2759 557 2910 622 Quod
2939 556 2980 610 si
3005 539 3056 608 in
3092 539 3191 608 ista
3221 533 3453 606 Ecclesia
3479 568 3584 604 non
3611 562 3754 613 sunt.

2179 653 2244 708 ad
2272 653 2423 723 cujus
2453 652 2689 708 membra
2721 667 2823 704 non
2848 648 3136 719 pertinent,
3165 662 3270 700 non
3294 654 3416 699 sunt
3446 643 3498 699 in
3525 645 3754 699 Ecclesm

2179 747 2244 801 de
2264 758 2367 816 qua
2392 745 2603 810 dicitur,
2637 743 2752 798 Una
2772 752 2843 796 est
2863 741 3092 795 columba
3118 755 3244 803 mea,
3272 755 3374 792 una
3402 746 3474 791 est
3495 736 3645 791 matri
3656 753 3759 791 sua!

2181 816 2355 910 (Cant.
2387 855 2457 902 vn,
2483 836 2574 908 8):
2610 838 2721 907 ipsa
2751 845 2832 891 est
2857 833 2997 889 enim
3027 833 3142 887 sine
3168 830 3369 885 macula
3394 841 3446 885 et
3471 845 3621 898 ruga.
3657 831 3756 884 Aut

2179 937 2384 984 asserat
2410 928 2498 998 qui
2540 937 2734 997 potest,
2768 926 2925 994 hujus
2951 922 3214 980 columba:
3242 921 3476 976 membra
3520 937 3639 977 esse
3667 923 3755 992 qui

2180 1021 2376 1076 saeculo
2399 1020 2598 1085 verbis,
2630 1035 2736 1083 non
2781 1017 2936 1073 factis
2966 1015 3287 1071 renuntiant.
3319 1014 3534 1068 interim
3561 1013 3754 1083 aliquid

2181 1113 2420 1194 videmus
2440 1114 2479 1178 ³,
2503 1110 2644 1166 unde
2673 1111 2870 1166 dictum
2901 1108 3152 1172 arbitror,
3184 1106 3283 1173 Qui
3310 1105 3443 1176 sapit
3467 1105 3620 1170 diem,
3652 1103 3760 1158 Do-

2183 1206 2316 1258 mino
2341 1205 2470 1274 sapit
2497 1202 2669 1276 (Rom.
2698 1218 2811 1267 xw,
2844 1199 2934 1272 6):
2966 1200 3109 1254 Deus
3138 1197 3280 1254 enim
3304 1196 3506 1266 judicat
3550 1211 3765 1250 omnem.

2183 1295 2344 1349 diem.
2371 1292 2673 1349 Secundum
2697 1302 2871 1345 autem
2903 1291 3018 1360 ejus
3050 1286 3462 1361 prmscientiam,
3502 1286 3588 1356 qui
3618 1285 3765 1340 novit’

2185 1401 2318 1456 quos
2347 1383 2803 1458 prmdestinaverit
2829 1390 2951 1437 ante
2981 1380 3162 1436 mundi
3182 1377 3614 1434 constitutionem
3638 1391 3758 1431 con-

2186 1474 2648 1546 formes'imaginis
2669 1475 2788 1529 Filii
2816 1475 2957 1538 sui",
2991 1471 3144 1526 multi
3172 1471 3332 1525 etiam
3361 1469 3450 1540 qui
3478 1477 3660 1538 aperte
3687 1467 3767 1522 ΐο-

2186 1567 2260 1623 ris
2289 1575 2432 1631 sunt,
2464 1577 2517 1622 et
2545 1565 2780 1622 hteretici
2819 1565 3174 1634 appellantur,
3203 1562 3385 1616 multis
3413 1568 3466 1616 et
3495 1561 3647 1615 boais
3673 1575 3764 1614 ea-

2189 1659 2401 1714 tholicis
2431 1658 2679 1728 meliores
2720 1666 2861 1711 sunt.
2909 1655 3046 1724 Quid
3086 1655 3227 1710 enim
3259 1654 3366 1709 sint
3407 1652 3585 1720 hodie,
3616 1651 3765 1706 vide-

2190 1739 2310 1814 mus?
2324 1739 2344 1813 ;”
2361 1749 2484 1820 quid
2507 1735 2633 1807 cras
2646 1747 2805 1806 futuri
2827 1747 2953 1812 sint,
2977 1747 3302 1816 ignoramus.
3321 1744 3386 1798 Et
3402 1743 3509 1798 Deo
3527 1742 3765 1814 quidem,

2189 1839 2329 1909 apud
2359 1821 2974 1908 quem’su‘nt'pra'sentia
3006 1835 3125 1908 qum
3164 1842 3387 1891 ventura
3425 1843 3569 1901 sunt,
3607 1834 3768 1890 etiam

2191 1928 2331 2000 quod
2363 1927 2522 1983 futuri
2549 1941 2674 1982 sunt
2708 1928 2818 1998 jam
2863 1936 3020 1981 sunt:
3053 1941 3148 1980 nos
3175 1936 3351 1980 autem
3398 1924 3690 1980 secundum
3719 1923 3766 1978 id

2192 2019 2331 2090 quod
2365 2019 2415 2073 in
2448 2019 2696 2088 prtesenti
2737 2027 2842 2073 est‘
2867 2017 3094 2088 quisque
3136 2015 3432 2080 hominum,
3487 2015 3772 2086 qumrimus

2195 2119 2371 2164 utrum
2400 2110 2453 2164 in
2484 2110 2588 2164 illis
2619 2109 2870 2164 Ecclesia:
2908 2108 3182 2174 membris,
3225 2123 3344 2178 qua:
3383 2123 3486 2162 una
3531 2105 3775 2162 columba

2194 2203 2331 2260 dicta
2359 2211 2460 2268 est,
2492 2212 2546 2258 et
2571 2218 2769 2274 sponsa
2808 2202 3006 2258 Christi
3035 2202 3151 2257 sine
3184 2200 3387 2256 macula
3415 2209 3468 2257 et
3494 2215 3641 2270 ruga,
3673 2200 3772 2256 ho-

2195 2295 2282 2352 die
2308 2283 2596 2366 deputand'i
2625 2296 2730 2350 sint
2757 2293 2854 2369 (a),
2884 2293 2949 2350 de
2976 2295 3167 2365 quibus
3210 2293 3340 2349 dicit
3383 2291 3679 2365 Cyprianus
3717 2293 3769 2347 in

2197 2377 2420 2457 epistola
2465 2401 2624 2457 quam
2652 2386 3087 2450 commemoravi,
3119 2386 3256 2456 quod
3279 2386 3408 2438 viam
3439 2385 3640 2439 Domini
3677 2403 3777 2440 non

2198 2488 2438 2546 tenerent,
2464 2496 2554 2533 nec
2577 2480 2697 2535 data
2720 2479 2815 2533 sibi
2837 2478 2907 2532 ad
2934 2474 3144 2533 salutem
3172 2479 3392 2532 cwlestia
3421 2479 3657 2532 mandata
3677 2496 3780 2533 scr-

2198 2583 2389 2638 varent,
2420 2572 2554 2654 quod
2579 2589 2679 2626 non
2702 2571 2924 2642 facerent
2948 2569 3154 2653 Domini
3181 2571 3481 2624 uoluntatem
3502 2587 3521 2625 :
3545 2572 3782 2642 patrimo-

2201 2667 2284 2719 nio
2327 2675 2373 2719 et
2402 2661 2542 2718 lucro
2567 2666 2840 2734 studentes,
2880 2648 3163 2735 superbiam
3187 2673 3444 2727 sectantes,
3475 2663 3784 2718 arnmtationi

2201 2759 2248 2812 et
2273 2756 2570 2824 dissensioni
2597 2763 2846 2823 vacantes,
2874 2754 3209 2823 simplicitatis
3237 2763 3284 2807 et
3306 2753 3426 2823 fidei
3454 2752 3782 2824 negligentes,

2202 2848 2387 2904 stmulo
2417 2847 2574 2902 verbis
2598 2844 2719 2902 solis
2745 2855 2792 2901 et
2818 2861 2916 2899 non
2948 2845 3095 2914 factis
3120 2845 3478 2908 renuntiantes,
3508 2845 3784 2914 numquis-

2202 2947 2299 3013 que
2326 2941 2420 2995 sibi
2445 2941 2713 3011 placentes,
2736 2947 2784 2993 et
2803 2940 3030 2993 omnibus
3048 2938 3364 3010 displicente:
3387 2914 3575 3009 (Epist.
3604 2937 3688 3001 ll,
3720 2935 3788 2988 ad

2205 3031 2470 3121 Clericos).
2494 3031 2647 3099 Quod
2668 3030 2714 3085 si
2739 3045 2832 3087 eos
2855 3030 2908 3084 in
2936 3031 3046 3086 suis
3073 3029 3327 3085 membris
3355 3044 3454 3084 nec
3479 3028 3566 3082 illa
3587 3027 3788 3082 colum--

2204 3126 2270 3181 ba
2297 3126 2600 3196 cognoscit;
2653 3131 2707 3179 et
2755 3123 2970 3188 talibus,
3022 3122 3069 3178 si
3113 3123 3166 3178 in
3210 3122 3397 3177 eadem
3438 3121 3787 3190 perversitate

2205 3216 2617 3288 permanserint,
2660 3216 2898 3271 dicturus
2937 3223 3020 3270 est
3061 3214 3334 3278 Dominus,
3374 3211 3492 3266 Non
3521 3211 3634 3265 novi
3668 3217 3790 3274 eos;

2205 3309 2418 3365 recedite
2435 3327 2465 3362 a
2483 3324 2579 3376 me,
2602 3309 2689 3379 qui
2704 3307 2980 3378 aperamini
2997 3306 3305 3376 iniquitatem
3325 3303 3402 3377 (Μ
3412 3304 3538 3358 atth.
3559 3319 3648 3369 vn,
3671 3301 3786 3372 23):

2209 3402 2455 3457 videntur
2480 3416 2600 3456 esse
2623 3401 2677 3454 in
2705 3399 2963 3463 Ecclesia,
2993 3396 3086 3452 sed
3109 3413 3212 3451 non
3242 3405 3394 3461 sunt;
3425 3396 3529 3449 imo
3546 3403 3599 3449 et
3619 3404 3793 3447 contra

2211 3493 2491 3548 Ecclesium
2535 3493 2748 3563 faciunt.
2793 3483 3055 3556 Quomodo
3105 3504 3221 3557 ergo
3249 3486 3508 3558 Baptismo
3556 3485 3796 3540 Ecclesia:

2212 3585 2467 3656 baptizare
2492 3591 2699 3651 possunt
2727 3578 2920 3650 (Epist.
2949 3577 3038 3642 73,
3063 3577 3130 3630 ad
3148 3576 3502 3644 Jubaianum),
3530 3575 3672 3644 quod
3699 3589 3798 3630 nec

2212 3675 2343 3746 ipsis
2372 3672 2590 3745 prodest
2614 3684 2712 3724 nec
2741 3667 3141 3737 accipientibus,
3170 3666 3271 3719 nisi
3318 3665 3637 3718 intrinsecus
3664 3681 3797 3720 vera

2213 3766 2568 3844 conversione
2597 3771 2886 3828 mutentur,
2913 3770 2971 3816 ut
2999 3761 3171 3830 ipsum
3199 3758 3622 3822 Sacramentum,
3653 3758 3800 3826 quod

2215 3842 2301 3916 eis
2317 3842 2699 3928 accipientibus
2723 3869 2827 3908 non
2859 3852 3128 3924 proderat,
3158 3847 3369 3920 quando
3397 3848 3595 3903 seculo
3620 3848 3808 3905 verbis.

2216 3970 2320 4008 non
2351 3952 2499 4006 factis
2528 3946 2920 4010 renuntiabant,
2945 3944 3196 4015 prodesse
3221 3942 3456 4011 incipiat,
3493 3957 3611 3995 cum
3634 3949 3688 3995 et
3717 3941 3802 3995 fa-

2216 4039 2318 4100 ctis
2345 4041 2607 4111 cuiperint
2627 4039 2968 4096 renuntiare?
2995 4036 3063 4092 ita
3087 4045 3140 4092 et
3169 4035 3240 4090 illi
3267 4050 3490 4105 quorum
3513 4042 3594 4088 est
3617 4039 3803 4104 aperta

2137 4193 2144 4200 _
2219 4133 2514 4206 separatio;
2546 4133 2667 4202 quia
2709 4117 3065 4186 inimembris
3108 4127 3250 4182 illius
3279 4125 3558 4188 columba),
3603 4123 3804 4180 nec'hi

2220 4239 2321 4292 nec
2348 4224 2421 4280 illi
2452 4215 2577 4278 sunt
2603 4221 2781 4290 hodie,
2833 4219 2928 4275 sed
2969 4219 3130 4289 aliqui
3160 4231 3345 4272 eorum
3379 4216 3600 4272 fortasse
3640 4214 3805 4270 futuri

2223 4324 2365 4370 sunt.

2293 4405 2522 4488 CAPUT:
2557 4403 2642 4459 iV.
2671 4432 2741 4444 -—
2769 4403 2821 4456 5.
2854 4400 2968 4472 Non
2991 4400 3165 4471 itaque
3187 4394 3807 4474 ItazreticorumBaptisma

2225 4487 2558 4568 arceptamus,
2576 4492 2788 4564 quando
2806 4487 2923 4562 post
2939 4507 3030 4546 eos
3053 4506 3157 4545 non
3180 4489 3510 4560 baptizamus
3528 4508 3542 4542 :
3557 4489 3648 4544 sed
3667 4488 3806 4559 quod

2226 4592 2422 4650 Christi
2456 4603 2576 4644 esse
2604 4578 2998 4658 cognoSciuihs,
3029 4579 3188 4638 etiam
3221 4585 3271 4637 in
3303 4567 3456 4637 malis
3481 4581 3807 4644 hominibus,

2228 4684 2338 4741 sive
2368 4681 2549 4752 a’perte
2578 4678 2727 4742 foris,
2766 4676 2880 4732 sive
2909 4675 3048 4730 intus
3076 4673 3283 4730 occulte
3312 4673 3592 4742 separatis,
3625 4672 3728 4726 illis
3758 4673 3810 4728 in

2229 4793 2292 4832 ea
2314 4776 2450 4831 rein
2483 4789 2586 4844 qua
2630 4761 2913 4825 deviabarit
2937 4766 3215 4829 correctis,
3261 4765 3438 4820 debita
3464 4765 3812 4819 veneratione

2231 4870 2570 4939 suscipimus.
2597 4864 2747 4941 Sicut
2767 4872 2942 4917 autem
2968 4860 3139 4930 urgeri
3170 4857 3356 4913 videor
3380 4872 3500 4912 cum
3523 4856 3651 4910 mihi
3677 4855 3810 4909 dici-

2235 4977 2338 5030 tur,
2371 4961 2508 5040 Ergo
2536 4959 2793 5018 haereticus
2823 4955 3024 5008 dimittit
3050 4952 3290 5023 peccata?
3326 4951 3403 5005 sic
3427 4959 3482 5004 et
3523 4964 3623 5019 ego
3647 4961 3816 5019 urgeo

2234 5076 2357 5118 cum
2384 5048 2523 5120 dico,
2550 5054 2693 5122 Ergo
2718 5052 2806 5122 qui
2832 5047 3068 5106 cmlestia
3087 5043 3334 5101 mandata
3353 5058 3457 5098 non
3477 5052 3672 5108 servat,
3693 5056 3818 5095 ava-

2237 5130 2577 5218 rus,‘raptor,
2615 5145 2904 5206 ienerator,
2937 5138 3168 5204 invidus,
3199 5135 3377 5190 verbis
3405 5151 3508 5189 non
3539 5133 3688 5188 factis
3712 5148 3816 5188 sa:-

2238 5243 2358 5298 culo
2386 5237 2719 5298 renuntians,
2746 5232 2966 5288 dimittit
2998 5228 3248 5300 peccata?
3282 5227 3339 5282 Si
3375 5243 3468 5296 per
3491 5226 3598 5280 vim
3627 5225 3820 5280 Sacra-

2239 5333 2405 5390 meuti
2433 5330 2545 5395 Dei,
2570 5328 2706 5384 sicut
2733 5325 2840 5387 ille,
2866 5324 2936 5378 ita
2962 5333 3013 5377 et
3038 5321 3126 5375 ille
3146 5338 3158 5374 :
3182 5319 3225 5373 si
3252 5335 3348 5388 per
3372 5317 3617 5372 meritum
3641 5328 3820 5378 suum,

2243 5441 2344 5482 nec
2371 5422 2479 5489 illc,
2511 5434 2612 5475 nec
2639 5417 2748 5473 ille.
2774 5413 2904 5470 illud
2930 5412 3070 5470 enim
3092 5411 3492 5466 Saeramcntum
3517 5418 3571 5462 et
3595 5406 3646 5461 in
3668 5402 3824 5460 malis

2310 5586 2326 5614 ι
2357 5588 2454 5629 Am.
2479 5585 2554 5627 Er.
2584 5583 2636 5625 et
2656 5577 2791 5631 Mss,
2812 5570 2876 5622 ad
2901 5569 3032 5634 quod
3059 5565 3291 5634 ιείςιενηιιιε.

2312 5647 2331 5676 ⁸
2355 5621 2902 5700 iiditifconfoi'mes'fieri
2916 5621 3161 5696 imitantis.
3192 5622 3492 5689 Abest,ﬁeri,
3518 5636 3545 5676 a

2248 5709 2344 5772 ptis
2367 5713 2418 5772 et
2439 5685 2682 5764 a'gra‘co.
2839 5685 2896 5772 ,⁸⁷
3021 5685 3042 5696 ⁸
3343 5685 3373 5689 η
3479 5685 3487 5687 τ
3732 5694 3737 5700 ,,
3772 5685 3818 5701 .,

2313 5771 2385 5831 (α)
2403 5773 2433 5815 ιι
2457 5759 2680 5824 uomet,
2705 5773 2808 5824 cap.
2836 5759 2908 5808 18.
