4050 6206
505 363 606 420 159

503 490 726 549 uterque
754 478 1051 532 inveniatur
1080 474 1320 530 alienus?
1349 475 1428 528 An
1457 474 1575 545 quia
1609 475 1695 529 ille
1723 474 1851 528 foris
1871 485 2091 544 apertus

509 572 739 640 litigatur
783 580 893 633 cst,
928 584 994 622 ne
1024 567 1444 630 intromittatur;
1475 567 1574 620 iste
1618 581 1743 620 vero
1773 566 1912 619 intus
1937 565 2089 619 calli-

502 661 603 715 dus
628 669 949 723 assentator,
985 675 1052 713 ne
1078 660 1215 712 foras
1245 658 1598 728 projiciatur?

570 749 795 804 C.\PUT
840 749 921 803 \'l.
951 778 1022 787 —
1046 748 1095 803 8.
1128 748 1278 817 Quod
1310 758 1485 801 autem
1530 750 1632 811 ait,
1671 746 1777 800 Nec
1825 748 2089 817 quisquam

501 846 667 904 dicat,
699 842 851 907 Quod
897 843 1179 911 accepimus
1224 841 1285 893 ab
1334 840 1611 908 Apostolis,
1655 840 1747 892 hoc
1793 840 2088 906 sequimur:

501 934 705 1000 quando
734 934 960 1003 Apostoli
1002 933 1202 987 nonnisi
1231 949 1381 985 unam
1425 931 1699 984 Ecclesium
1727 931 2042 983 tradiderunt
2070 974 2084 995 ,

500 1036 545 1078 et
568 1024 828 1095 Baptisma
858 1042 1049 1089 unum,
1080 1025 1214 1092 quod
1242 1023 1441 1076 nonnisi
1467 1024 1515 1075 in
1542 1023 1718 1076 eadem
1760 1021 1986 1075 Ecclesia
2014 1023 2078 1075 sit

498 1124 866 1175 constitutum:
902 1137 1003 1175 non
1046 1136 1130 1174 me
1176 1129 1377 1174 tantum
1418 1129 1628 1181 movet,
1663 1126 1718 1171 ut
1755 1118 2084 1187 Baptisntunt

499 1213 695 1268 Christi
732 1215 891 1269 etiam
932 1213 1069 1283 apud
1102 1213 1380 1267 haereticos
1417 1211 1693 1265 inventum
1724 1210 1946 1264 audeam
1993 1224 2084 1270 re-

422 1348 425 1349 ν
500 1307 727 1375 probare
767 1305 925 1377 (sicut
959 1306 1117 1359 etiam
1156 1304 1328 1373 ipsum
1374 1301 1755 1370 Evangelium,
1784 1315 1904 1354 cum
1941 1298 2083 1368 apud

498 1413 592 1451 eos
624 1397 840 1451 invenio
865 1439 880 1463 ,
912 1412 1131 1450 necesse
1168 1403 1249 1448 est
1272 1402 1326 1447 ut
1363 1394 1652 1461 approbem
1679 1434 1693 1457 ,
1716 1391 1957 1462 quamvis
1985 1406 2080 1444 eo-

498 1504 615 1541 rum
653 1489 888 1542 detester
935 1486 1237 1555 errorem),
1287 1494 1541 1554 quantum
1589 1484 1881 1548 admonet,
1914 1482 2082 1535 fuisse

495 1579 753 1647 quosdam
784 1581 941 1633 etiam
970 1580 1137 1633 sancti
1169 1578 1417 1650 Cypriani
1449 1577 1799 1647 temporibus,
1829 1576 1917 1646 qui
1949 1590 2082 1628 con-

468 1664 829 1725 suetudinem
866 1672 1008 1725 illam
1049 1683 1232 1725 contra
1261 1686 1419 1740 quam
1456 1668 1651 1723 ﬁebant
1679 1668 1924 1721 Africana
1952 1682 2082 1720 con-

491 1761 636 1822 cilia,
665 1762 733 1815 de
759 1778 860 1829 qua
890 1770 941 1815 et
965 1762 1076 1830 ipse
1103 1761 1259 1829 paulo
1285 1770 1406 1814 ante
1428 1760 1561 1813 dixit
1582 1800 1597 1825 ,
1629 1758 1844 1813 Frustra
1873 1758 2080 1829 quidam

491 1857 580 1919 qut
606 1854 800 1905 ratione
830 1854 1129 1917 vincuntur,
1160 1852 1568 1905 consuetudinem
1609 1851 1755 1903 nobis
1794 1858 2076 1919 apponunt,

492 1941 731 1997 dicerent
756 1944 823 1996 ab
851 1943 1117 2013 Apostolis
1140 1943 1408 1998 traditam.
1432 1942 1538 1997 Nec
1561 1942 1772 1996 invenio
1800 1958 1898 1996 cur
1924 1942 2077 1995 istam

495 2035 935 2089 consuetudinem
957 2076 972 2100 ,
1001 2051 1120 2104 qum
1152 2043 1269 2105 post
1300 2032 1621 2104 Cyprianum
1655 2034 1812 2089 etiam
1839 2034 2080 2104 plenario

494 2126 655 2179 totius
702 2127 848 2180 orbis
888 2126 1117 2181 concilio
1162 2126 1475 2181 conlirntata
1505 2134 1605 2190 est,
1658 2135 1763 2179 tam
1804 2125 2078 2180 robustam

488 2226 544 2271 et
570 2226 725 2272 antea
753 2216 891 2273 idem
930 2219 1227 2289 Cyprianus
1254 2219 1552 2285 invenerit,
1586 2227 1642 2271 ut
1671 2232 1791 2272 cum
1827 2218 1944 2287 ejus
1967 2234 2073 2271 mu-

489 2307 663 2361 tanda:
689 2309 1058 2364 auctoritatem
1085 2324 1242 2380 quam
1279 2318 1595 2379 sequeretur
1623 2310 1703 2363 vir
1732 2318 1873 2363 tanta
1901 2311 2078 2363 scicn-

490 2398 561 2451 tia
590 2398 839 2466 prarditus
871 2409 1162 2470 qumrerct,
1191 2400 1401 2455 nonnisi
1434 2400 1485 2454 in
1519 2399 1694 2454 Africa
1733 2400 1845 2454 sola
1875 2400 2074 2456 factum

488 2490 671 2558 paucis
713 2500 835 2545 ante
861 2506 918 2545 se
958 2492 1112 2545 annis
1150 2491 1427 2561 Agrippini
1466 2492 1751 2547 concilium
1786 2492 2072 2563 reperiret.

490 2579 641 2644 Quod
667 2595 789 2634 cum
814 2580 914 2635 sibi
936 2581 1190 2635 adversus
1214 2583 1373 2636 totius
1414 2583 1559 2636 orbis
1586 2598 1789 2637 morem
1829 2598 1932 2637 non
1965 2582 2077 2637 sul-

493 2672 651 2724 ticerc
673 2681 936 2737 cerneret,
972 2672 1065 2725 has
1094 2677 1329 2726 rationes
1357 2673 1601 2742 arripuit,
1628 2688 1761 2743 quas
1788 2672 1947 2727 modo
1975 2688 2075 2728 nos

486 2762 801 2830 antiquitate
852 2762 1018 2831 ipsius
1060 2764 1490 2831 consuetudinis,
1536 2774 1590 2819 et
1632 2765 1852 2834 plenarii
1889 2773 2073 2835 postea

485 2851 697 2906 concilii
724 2854 1036 2908 auctoritate
1064 2853 1283 2919 firmati,
1315 2854 1620 2925 diligentius
1643 2855 2072 2925 considerantes,

486 2945 802 3001 verisitnlles
846 2946 1023 3015 potius
1046 2962 1207 3018 quam
1235 2963 1393 3002 veras
1430 2963 1551 3003 esse
1581 2949 1878 3005 invenimus
1908 2967 1920 3002 :
1952 2964 2072 3019 qua:

487 3039 560 3092 illi
596 3055 737 3093 verm
765 3040 890 3095 visa:
921 3050 1046 3094 sunt
1089 3040 1144 3095 in
1170 3041 1552 3096 obscurissima
1597 3043 1893 3111 qumstione
1925 3042 2077 3097 labo-

486 3131 645 3195 rami,
678 3138 733 3184 et
757 3130 824 3185 de
854 3132 1169 3187 remissione
1198 3142 1536 3204 peccatomm
1564 3132 1861 3202 ﬂuctuanti,
1894 3143 2071 3191 utrum

488 3220 538 3273 in
568 3220 839 3289 Baptismo
864 3221 1059 3276 Christi
1088 3224 1255 3293 possit
1292 3239 1397 3277 non
1426 3224 1541 3279 ﬁeri
1562 3267 1576 3291 ,
1603 3233 1659 3280 et
1684 3234 1860 3280 utrum
1905 3227 2073 3297 possit

486 3312 625 3381 apud
650 3313 928 3369 limreticos
965 3313 1077 3369 iicri
1106 3332 1117 3368 :
1145 3315 1234 3369 ubi
1265 3316 1309 3369 si
1348 3315 1523 3371 minus
1548 3316 1597 3372 ei
1631 3316 1827 3388 aliquid
1868 3318 2073 3373 revela-

489 3413 600 3456 tum
628 3412 709 3457 est
734 3445 747 3468 ,
780 3414 839 3459 ut
874 3404 1181 3475 magnitudo
1217 3405 1494 3461 charitatis
1532 3406 1647 3477 ejus
1682 3424 1785 3478 qua
1812 3409 2071 3465 unitatem

487 3509 593 3546 non
634 3494 872 3549 deseruit
912 3496 1256 3565 probaretur,
1294 3512 1399 3551 non
1439 3498 1558 3553 ideo
1592 3499 1870 3569 quisquam
1906 3502 2069 3558 tantis

486 3585 603 3653 ejus
625 3586 972 3641 lirnunueutis
1008 3586 1322 3657 meritisque
1352 3588 1603 3643 virtutum
1634 3597 1686 3644 et
1716 3598 1875 3645 tanta:
1901 3592 2071 3662 copiae

483 3678 770 3745 gratiarum
794 3677 951 3734 debet
974 3692 1032 3734 se
1051 3679 1250 3735 audere
1276 3696 1611 3751 praeponere,
1641 3682 1763 3751 quia
1789 3685 2069 3739 universa-

484 3768 549 3822 lis
592 3769 806 3823 concilii
846 3769 1152 3824 admonitus
1194 3771 1473 3836 iirmitate,
1512 3772 1655 3827 videt
1683 3772 1880 3844 aliquid
1926 3775 2069 3844 quod

482 3859 575 3913 ille
604 3875 707 3912 non
750 3860 910 3923 vidit,
943 3862 1070 3931 quia
1108 3861 1405 3931 plenarium
1447 3862 1515 3917 de
1559 3863 1658 3919 hac
1685 3879 1744 3919 re
1784 3866 2067 3921 concilium

484 3952 718 4005 nonduin
771 3952 994 4008 habebat
1026 3954 1283 4023 Ecclesia.
1330 3956 1479 4010 Sicut
1512 3971 1612 4011 nec
1658 3957 1799 4012 Petri
1840 3958 2065 4028 apostoli

485 4045 688 4099 inet-itis
734 4046 1013 4117 quisquam
1069 4056 1173 4101 tam
1218 4047 1437 4100 insanus
1466 4056 1551 4101 est
1588 4056 1645 4101 ut
1687 4064 1745 4103 se
1772 4059 2065 4118 praeponat,

483 4139 603 4207 quia
658 4139 802 4192 Pauli
843 4140 1067 4208 apostoli
1111 4138 1329 4192 edoctus
1364 4137 1614 4202 Litteris,
1667 4146 1722 4194 et
1767 4140 1931 4209 ipsius
1956 4141 2066 4210 jam

486 4231 741 4285 Ecclesia:
781 4231 1165 4286 Consuetudine
1206 4230 1483 4286 roboratus
1506 4272 1522 4298 ,
1554 4248 1660 4286 non
1688 4234 1830 4302 cogit
1869 4234 2066 4291 Gentes

478 4324 766 4392 judaizarc,
821 4323 962 4394 quod
1016 4324 1203 4379 Petrus
1252 4325 1534 4396 aliquando
1585 4336 1830 4398 coegerat
1870 4326 2063 4403 (Calai.

482 4414 677 4484 ιι,14).

554 4507 609 4561 9.
629 4505 741 4560 Non
754 4521 881 4576 ergo
895 4505 1170 4560 invenimus
1184 4506 1244 4560 ab
1272 4507 1311 4560 Α
1319 4508 1524 4577 postolis
1536 4508 1771 4579 aliquem,
1787 4525 1901 4561 cum
1926 4510 2067 4579 apud

480 4599 738 4654 Inercticos
767 4599 1047 4670 baptizatus
1073 4609 1214 4661 esset,
1246 4600 1296 4654 in
1324 4600 1495 4654 eodem
1514 4600 1773 4671 Baptismo
1789 4600 2066 4656 admissum

477 4707 587 4744 esse
612 4700 658 4743 et
698 4691 1111 4745 communicasse.
1158 4689 1261 4746 Sed
1310 4707 1483 4762 neque
1513 4691 1615 4744 hoc
1645 4690 1967 4758 invenimus,
1996 4691 2064 4745 ab

483 4780 746 4836 hmreticis
781 4782 1010 4851 aliquem
1055 4782 1359 4837 venientem
1383 4826 1397 4849 ,
1430 4784 1520 4853 qui
1562 4783 1701 4854 apud
1731 4783 1852 4838 illos
1906 4783 2066 4838 fuerit

479 4872 798 4941 baptizatus,
824 4873 890 4925 ab
927 4873 1193 4941 Apostolis
1240 4873 1415 4927 denuo
1456 4873 1799 4942 baptizatum.
1845 4872 1948 4928 Sed
1973 4873 2062 4927 illa

477 4962 826 5027 consuetudo,
856 4978 1011 5031 quam
1035 4965 1191 5018 etiam
1225 4972 1349 5019 tunc
1378 4964 1623 5019 hoorines
1644 4979 1853 5019 sursum
1876 4979 2063 5019 versus

481 5056 827 5123 respicientes
853 5069 957 5109 non
985 5055 1232 5110 videbant
1260 5072 1288 5108 a
1316 5057 1702 5127 posterioribus
1743 5057 2060 5124 institutam,

481 5155 627 5201 recte
669 5146 737 5200 ab
785 5147 1055 5216 Apostolis
1095 5147 1283 5202 tradita
1328 5148 1582 5203 creditur.
1611 5148 1680 5202 Et
1725 5149 1850 5202 talia
1896 5149 2063 5202 multa

480 5246 623 5304 sunt,
654 5253 771 5307 qua:
818 5238 1033 5308 longum
1073 5247 1156 5293 est
1203 5247 1469 5308 repetere.
1518 5239 1855 5308 Quapropter
1883 5241 2061 5294 sinon

483 5330 613 5385 nihil
659 5329 940 5395 dicebant,
975 5330 1165 5397 quibus
1203 5332 1251 5384 id
1280 5330 1421 5400 quod
1449 5332 1496 5385 ei
1524 5331 1696 5384 visum
1738 5344 1817 5384 est
1838 5374 1852 5396 ,
1882 5332 2064 5386 volens

480 5422 805 5491 persuadere
832 5421 1132 5492 Cyprianus
1153 5464 1165 5483 ,
1196 5422 1288 5487 ait,
1315 5421 1395 5475 Nc
1423 5423 1683 5492 quisquam
1711 5422 1843 5474 dicat
1867 5463 1880 5486 ,
1914 5421 2064 5486 Quod

482 5516 765 5584 accepimus
804 5513 866 5567 ab
908 5513 1161 5585 Apostolis
1180 5555 1195 5579 ,
1225 5513 1316 5567 hoc
1339 5514 1592 5584 sequimur
1623 5528 1641 5565 :
1669 5521 1867 5581 quanto
1900 5511 2062 5565 robu-

482 5605 613 5659 stius
636 5622 775 5661 nunc
799 5606 1023 5661 dicimus
1044 5646 1057 5669 ,
1090 5603 1241 5673 Quod
1271 5604 1522 5658 Ecclesim
1558 5600 1888 5656 consuetudo
1916 5616 2062 5655 seut-

483 5712 579 5768 pcr
607 5701 792 5766 tenuit,
816 5700 963 5770 quod
998 5696 1111 5754 hzec
1145 5698 1433 5767 dSput-rtio
1476 5696 1783 5750 dissuadere
1827 5710 1931 5749 non
1966 5708 2062 5762 po-

484 5800 616 5855 tutt,
648 5802 699 5844 et
728 5793 866 5859 quod
890 5794 1181 5861 plenarium
1234 5790 1513 5843 concilium
1560 5788 1924 5853 conﬁrmavit,
1962 5786 2061 5840 hoc

1182 400 1189 403 ‹
1275 360 1363 414 DE
1406 357 1738 414 BAPTISMO
1775 355 2047 413 CONTRA
2095 354 2533 425 DOthTlSTAS.
2575 361 2627 417 S.
2672 361 3041 421 AUGUSTINI

3687 368 3793 429 160

2204 477 2512 545 sequimur?
2558 477 2669 533 lluc
2711 480 2952 544 accedit,
2998 483 3139 553 quod
3198 483 3333 539 bene
3386 488 3675 555 perspectis
3725 504 3787 544 ex

2205 579 2425 639 utroque
2469 572 2633 626 latere
2673 574 3046 642 disputationis
3084 576 3380 631 rationibus
3406 587 3458 632 et
3487 577 3785 648 Scriptura-

2202 678 2317 716 ru'n
2348 664 2684 730 testimoniis,
2718 674 2892 734 potest
2928 671 3087 721 etiam
3114 667 3247 734 dici,
3275 667 3426 735 Quod
3467 671 3662 726 veritas
3691 671 3757 726 de

2200 755 2440 819 claravit,
2474 757 2573 811 hoc
2601 757 2896 827 sequimur.

2269 846 2494 902 CAPUT
2519 846 2627 901 Vll.
2656 879 2725 887 —
2756 850 2842 903 il).
2870 849 2998 903 Nam
3030 866 3213 906 revera
3246 852 3371 907 illud
3402 855 3541 923 quod
3570 858 3783 926 quidam

2197 937 2443 1007 Cypriani
2472 938 2916 1010 disputationibus
2945 946 3303 1012 opponebam,
3328 947 3469 1016 quod
3500 950 3777 1018 Apostolus

2194 1026 2287 1094 ait,
2330 1027 2682 1084 Verumtamen
2712 1033 2848 1085 omni
2876 1033 3024 1087 modo
3044 1077 3059 1101 ,
3087 1036 3189 1088 sive
3213 1053 3301 1105 per
3320 1038 3653 1103 occasionem,
3685 1043 3777 1094 sive
3818 1080 3829 1089 .

2195 1138 2284 1190 per
2329 1122 2581 1176 veritatem
2633 1121 2861 1178 Christus
2912 1127 3235 1180 annuntietur
3279 1127 3538 1199 (Philipp.
3577 1146 3614 1195 t,
3663 1132 3771 1202 13),

2193 1224 2338 1269 recte
2366 1214 2667 1286 Cyprianus
2690 1216 2915 1282 refellit,
2944 1219 3234 1274 ostendens
3263 1220 3328 1274 ad
3360 1237 3573 1276 causam
3604 1224 3773 1279 inere-

2193 1305 2417 1360 ticorum
2443 1322 2547 1359 non
2576 1307 2877 1376 pertinere;
2907 1309 3156 1377 quoniam
3188 1309 3254 1365 de
3283 1311 3363 1366 his
3391 1311 3600 1367 dicebat
3630 1316 3771 1383 Apo-

2192 1396 2386 1459 stolus,
2423 1396 2512 1465 qui
2538 1413 2657 1451 cum
2686 1398 2945 1453 malevola
2978 1400 3169 1453 invidia
3193 1442 3207 1467 ,
3235 1415 3328 1456 sua
3360 1414 3660 1471 quaerentes
3689 1404 3771 1461 ius

2191 1486 2357 1542 terius
2382 1490 2733 1543 versabantur
2761 1507 2775 1546 :
2804 1488 3074 1545 Christum
3103 1491 3315 1561 quidem
3344 1496 3727 1552 annuntiabant
3752 1538 3767 1563 ,

2190 1580 2327 1634 sicut
2352 1594 2409 1633 se
2441 1580 2598 1634 habet
2622 1582 2818 1635 veritas
2847 1598 2949 1652 qua
2976 1581 3191 1637 Christo
3214 1584 3482 1640 credimus
3503 1628 3517 1652 ,
3542 1588 3634 1642 sed
3662 1604 3770 1643 non

2189 1685 2256 1725 eo
2294 1671 2474 1725 animo
2521 1687 2628 1741 quo
2661 1688 2691 1727 a
2740 1673 2896 1727 bonis
2942 1676 3284 1745 evangelistis
3331 1677 3468 1731 illius
3509 1679 3771 1736 columba!

2188 1761 2313 1815 filiis
2337 1762 2766 1818 annuntiabatnr.
2802 1763 2979 1834 Neque
3003 1766 3134 1819 enim
3167 1765 3230 1820 de
3259 1767 3521 1832 ha'retieis,
3555 1770 3726 1838 inquit
3754 1811 3768 1833 ,

2186 1861 2275 1904 aut
2301 1852 2363 1905 de
2390 1868 2561 1905 eorum
2586 1852 2844 1922 Baptismo
2866 1855 3157 1925 loquebatur
3173 1858 3224 1910 in
3254 1855 3483 1927 Epistola
3507 1875 3597 1912 sua
3630 1860 3771 1914 Pau-

2187 1941 2266 1996 lus
2289 1984 2304 2007 ,
2337 1952 2393 1996 ut
2431 1944 2624 2014 aliquid
2664 1944 2798 2015 quod
2846 1946 2914 1998 ad
2951 1946 3081 2000 hanc
3126 1964 3229 2000 rem
3274 1948 3517 2017 pertineat
3550 1952 3773 2020 posuisse

2185 2031 2497 2088 ostendatur.
2554 2033 2875 2103 Loquebatur
2927 2037 2990 2090 de
3036 2037 3275 2106 fratribus
3328 2038 3429 2092 sive
3484 2040 3770 2095 inordinate

2185 2132 2235 2177 et
2257 2135 2433 2178 contra
2462 2126 2848 2180 ecclesiasticam
2872 2128 3193 2199 disciplinam
3227 2129 3600 2185 ambulantibus
3624 2175 3637 2195 ,
3668 2135 3770 2187 sive

2183 2215 2518 2287 evangelicum
2583 2219 2835 2271 veritatem
2905 2219 2970 2272 de
3033 2218 3130 2273 Dei
3195 2220 3372 2274 timore
3434 2223 3766 2277 servantibus.

2184 2304 2251 2358 Et
2289 2307 2531 2375 quosdam
2565 2324 2629 2361 ea:
2666 2308 2737 2362 eis
2779 2310 2946 2379 posuit
2986 2309 3185 2363 verbum
3229 2309 3324 2364 Dei
3355 2320 3638 2366 constanter
3690 2325 3769 2367 at-

2181 2411 2280 2463 que
2322 2396 2570 2467 intrepide
2618 2398 2809 2453 locutos
2840 2441 2856 2466 ,
2900 2399 3142 2469 quosdam
3193 2416 3311 2455 vero
3367 2402 3423 2455 in
3478 2404 3666 2457 invidia
3718 2412 3771 2459 et

2182 2486 2493 2542 dissensione
2573 2498 2839 2553 versatos;
2899 2490 3143 2557 quosdam
3216 2507 3439 2546 servasse
3507 2495 3641 2547 circa
3712 2512 3770 2549 se

2182 2576 2468 2632 benevolum
2528 2580 2822 2634 charitatem
2861 2622 2876 2648 ,
2940 2583 3067 2636 alios
3121 2599 3236 2637 vero
3304 2584 3536 2640 habuisse
3603 2588 3768 2641 male—

2180 2668 2350 2722 volam
2375 2670 2733 2725 dissensionem
2756 2688 2774 2725 :
2798 2673 2888 2726 sed
2923 2681 3088 2726 tamen
3112 2675 3281 2727 omnia
3306 2692 3362 2729 se
3387 2678 3632 2746 patienter
3649 2696 3770 2731 sus-

2182 2758 2369 2825 tinere,
2414 2759 2690 2815 dummodo
2726 2764 2828 2815 sive
2862 2762 2914 2815 in
2942 2764 3175 2829 veritate,
3208 2765 3311 2819 sive
3335 2783 3425 2833 per
3450 2769 3769 2823 occasionem

2180 2868 2359 2906 nomen
2378 2852 2582 2917 Christi,
2605 2854 2737 2923 quod
2764 2854 2957 2909 Paulus
2982 2856 3307 2925 praedicabat,
3334 2857 3402 2910 ad
3426 2859 3769 2927 plurimorum

2180 2943 2411 2996 notitiam
2433 2946 2730 3014 perveniret,
2755 2954 2800 2998 et
2826 2962 2953 2999 nova
2977 2947 3146 3001 adhuc
3170 2964 3230 3001 ac
3250 2948 3389 3003 rudis
3412 2952 3653 3003 sermonis
3678 2968 3768 3005 se-

2180 3033 2388 3086 minatio
2443 3033 2752 3104 loquentium
2802 3037 3160 3105 praedicatione
3203 3039 3547 3094 crebresceret.
3596 3040 3768 3097 Porro

2178 3124 2321 3177 aliud
2345 3134 2417 3178 est
2442 3141 2525 3179 eos
2546 3127 2631 3195 qui
2656 3114 2789 3180 intus
2813 3128 2867 3180 in
2892 3127 3121 3183 Ecclesia
3149 3140 3285 3195 sunt,
3308 3131 3361 3184 in
3391 3133 3589 3186 nomine
3610 3132 3767 3187 Chri-

2176 3219 2242 3271 sti
2268 3219 2406 3288 loqni
2436 3235 2455 3272 :
2482 3220 2628 3273 aliud
2655 3236 2740 3274 eos
2767 3222 2852 3286 qui
2880 3223 3006 3293 foris
3030 3233 3184 3288 sunt,
3217 3233 3261 3277 et
3286 3236 3461 3278 contra
3485 3224 3770 3281 Ecclesium

2179 3309 2394 3380 faciunt,
2421 3310 2474 3363 in
2506 3312 2708 3364 nomine
2728 3311 2915 3366 Christi
2934 3312 3194 3382 baptizare
3219 3313 3415 3384 (Epist.
3444 3316 3512 3371 75
3531 3358 3544 3381 ,
3572 3318 3641 3369 ad
3662 3316 3771 3371 Ju-

2178 3400 2459 3471 baianum).
2490 3401 2615 3456 Hmc
2649 3402 2807 3457 verba
2842 3404 3096 3474 Cypriani
3131 3404 3424 3461 admonere
3452 3421 3549 3461 nos
3578 3408 3774 3463 viden~

2178 3500 2283 3556 tur,
2314 3501 2370 3545 ut
2392 3491 2780 3562 distinguamus
2810 3494 2948 3549 inter
2976 3510 3069 3549 eos
3097 3496 3186 3564 qui
3212 3497 3335 3550 mali
3367 3497 3495 3553 furis
3529 3509 3681 3564 sunt,
3709 3510 3774 3556 et

2174 3596 2269 3635 eos
2294 3582 2384 3650 qui
2411 3582 2554 3636 intus
2584 3584 2708 3636 mali
2733 3592 2875 3636 sunt.
2907 3584 2975 3637 Et
3010 3585 3126 3639 illos
3151 3585 3218 3640 de
3247 3588 3438 3655 quibus
3463 3589 3592 3644 dicit
3618 3592 3775 3659 Apo-

2173 3672 2342 3726 stolus
2364 3712 2382 3738 ,
2411 3672 2552 3742 quod
2578 3672 2924 3743 Evangelium
2955 3690 3058 3728 non
3088 3685 3232 3732 caste
3276 3687 3330 3733 et
3374 3694 3468 3748 per
3506 3682 3773 3740 invidiam

2175 3764 2553 3819 annuntiarent
2575 3806 2591 3831 ,
2623 3765 2765 3819 intus
2792 3765 2954 3821 fuisse
2972 3765 3101 3821 dicit
3124 3810 3138 3835 ,
3166 3776 3222 3823 et
3255 3785 3437 3824 verum
3465 3770 3616 3825 dicit.
3648 3774 3776 3832 lloc

2180 3865 2359 3912 tamen
2389 3866 2517 3927 puto
2546 3872 2632 3912 me
2653 3872 2756 3911 non
2785 3866 2984 3912 temere
3010 3858 3224 3914 dicere:
3256 3859 3311 3916 Si
3337 3860 3477 3915 foris
3490 3878 3645 3919 nemo
3668 3880 3774 3935 po-

2175 3961 2277 4006 test
2301 3950 2500 4021 aliquid
2529 3950 2725 4005 habere
2752 3949 2892 4020 quod
2923 3951 3116 4006 Christi
3142 3961 3243 4017 est,
3282 3968 3384 4008 nec
3428 3955 3567 4009 intus
3606 3956 3772 4025 quis-

2175 4057 2337 4111 quam
2380 4049 2555 4110 potest
2584 4041 2784 4111 aliquid
2809 4042 3008 4097 habere
3032 4042 3171 4112 quod
3192 4043 3385 4099 diaboli
3408 4054 3511 4099 est.
3538 4046 3593 4100 Si
3615 4049 3768 4102 enim

2174 4136 2362 4190 hortus
2401 4136 2489 4190 ille
2531 4135 2745 4190 clausus
2779 4138 2949 4206 potuit
2976 4137 3176 4193 habere
3200 4140 3379 4208 Spinas
3401 4141 3629 4208 diaboli,
3662 4160 3771 4200 cur

2172 4242 2279 4281 non
2307 4235 2362 4282 ct
2391 4234 2538 4282 extra
2568 4226 2779 4282 hortum
2810 4230 2977 4296 potuit
3018 4244 3235 4285 manare
3274 4230 3393 4285 fons
3434 4232 3672 4288 Christi?
3701 4237 3765 4292 Si

2171 4329 2348 4374 autem
2382 4335 2486 4373 non
2512 4320 2721 4389 potuit,
2755 4320 2893 4373 unde
2925 4320 2975 4373 in
3011 4320 3092 4375 his
3119 4322 3209 4391 qui
3245 4323 3385 4377 intus
3417 4335 3568 4379 erant
3596 4327 3765 4381 etiam

2172 4411 2337 4480 ipsius
2376 4409 2603 4479 apostoli
2629 4410 2774 4463 Pauli
2806 4411 3134 4479 temporibus
3163 4422 3366 4467 tantum
3400 4417 3593 4469 malum
3621 4417 3765 4473 invi;

2171 4501 2305 4564 dim,
2340 4510 2393 4553 et
2418 4499 2691 4553 malevolre
2715 4499 3110 4556 dissensionis?
3140 4502 3264 4557 llaec
3289 4505 3430 4559 enim
3457 4506 3618 4561 verba
3650 4509 3761 4578 Cy-

2170 4589 2343 4658 priani
2375 4597 2517 4642 sunt.
2554 4588 2636 4642 Att
2678 4588 2814 4643 l‘ortc
2857 4590 3051 4644 invidia
3098 4600 3153 4646 et
3194 4594 3448 4649 malevola
3492 4596 3762 4652 dissensio

2174 4695 2393 4750 parvum
2420 4679 2616 4733 malum
2647 4681 2769 4735 est?
2795 4681 3074 4747 Quomodo
3094 4698 3225 4753 ergo
3264 4684 3350 4738 isti
3381 4688 3606 4740 erantin
3636 4690 3760 4742 uni-

2175 4783 2281 4829 tate
2305 4816 2319 4841 ,
2349 4774 2436 4845 qui
2469 4789 2574 4828 non
2597 4783 2748 4828 erant
2777 4774 2828 4828 in
2860 4775 3030 4842 pace?
3072 4775 3180 4827 Vox
3209 4777 3350 4831 enim
3383 4794 3487 4831 non
3520 4794 3636 4833 mea
3666 4792 3762 4835 aut

2171 4868 2400 4936 alicujus
2421 4867 2670 4930 hominis,
2691 4866 2782 4920 sed
2807 4866 2971 4935 ipsius
2995 4866 3230 4932 Domini;
3256 4883 3469 4938 necper
3492 4869 3759 4937 homines,

2171 4959 2264 5013 sed
2288 4975 2381 5028 per
2398 4958 2631 5028 Angelos
2653 4957 2831 5011 sonuit
2853 4966 2977 5010 nato
2997 4957 3212 5011 Christo
3237 4976 3250 5012 :
3278 4959 3452 5013 Gloria
3474 4962 3525 5013 in
3547 4964 3764 5018 excelsis

2177 5050 2280 5106 Deo
2304 5093 2317 5115 ,
2347 5060 2391 5105 ct
2430 5052 2481 5103 in
2509 5060 2643 5103 terra
2668 5066 2772 5119 pax
2799 5050 3084 5104 hominibus
3115 5052 3258 5104 bona:
3284 5053 3557 5107 voluntatis
3585 5053 3604 5125 (
3627 5053 3759 5108 Luc.

2171 5160 2205 5199 tt
2227 5184 2241 5208 ,
2274 5145 2340 5199 14
2360 5144 2401 5214 ).
2429 5142 2582 5210 Quod
2610 5143 2789 5212 utique
2821 5151 2943 5195 nato
2968 5143 3020 5196 in
3048 5145 3206 5198 terris
3231 5146 3443 5200 Christo
3468 5162 3768 5203 nonssona-

2171 5244 2255 5290 ret
2281 5250 2375 5288 ore
2417 5234 2657 5303 angelico
2684 5275 2698 5297 ,
2729 5233 2829 5288 nisi
2866 5232 3009 5287 Deus
3052 5234 3151 5288 hoc
3181 5235 3341 5291 vellet
3369 5235 3625 5307 intelligi,
3664 5252 3767 5293 eos

2171 5338 2293 5381 esse
2335 5325 2387 5378 in
2430 5324 2633 5378 unitate
2676 5327 2921 5393 corporis
2967 5322 3203 5391 Christi,
3248 5326 3337 5395 qtti
3371 5337 3494 5381 sunt
3530 5328 3583 5381 in
3628 5344 3771 5398 pace

2172 5416 2369 5471 Chrisu
2392 5434 2403 5469 :
2429 5430 2522 5469 eos
2546 5425 2722 5469 autem
2746 5430 2867 5470 esse
2889 5416 2938 5469 in
2962 5430 3091 5484 pace
3108 5416 3327 5483 Christi,
3350 5420 3437 5488 qui
3461 5428 3586 5474 sunt
3606 5420 3769 5477 bona:

2172 5506 2477 5561 voluntatis.
2512 5506 2678 5559 Porro
2703 5506 2837 5559 sicut
2863 5508 2914 5560 in
2939 5508 3306 5562 benevolentia
3330 5511 3466 5565 bona
3487 5511 3767 5583 voluntas,

2171 5601 2247 5653 sic
2275 5598 2325 5651 in
2355 5596 2728 5652 malevolentia
2761 5598 2897 5650 mala
2929 5598 3174 5653 voluntas
3200 5608 3302 5655 est.

2241 5690 2467 5745 CAPUT
2510 5688 2640 5743 Vill.
2681 5720 2752 5729 ——
2794 5690 2877 5744 li.
2911 5691 3027 5745 Jam
3061 5708 3187 5747 vero
3230 5709 3339 5762 ipsa
3376 5695 3567 5751 invnlia
3591 5739 3604 5762 ,
3636 5712 3769 5769 qua:

2175 5799 2277 5839 non
2306 5793 2477 5853 potest
2502 5797 2621 5839 esse
2664 5782 2763 5836 nisi
2793 5783 3084 5851 malevola,
3118 5794 3374 5857 quantum
3415 5792 3609 5846 malum
3640 5794 3757 5847 est"
