4050 6206
257 320 351 378 ιρι
1604 310 1808 369 LIBER
1844 309 2189 378 QUARTUS.

254 432 369 489 Non
395 447 696 508 quaeramus
718 430 852 488 alios
875 438 1038 486 testes
1061 446 1072 482 :
1099 426 1294 485 sul’ﬁcit
1318 427 1471 483 nobis
1495 425 1608 497 ipse
1631 426 1849 496 Cypria-

255 542 377 594 nus,
419 542 515 597 per
541 540 701 597 quem
734 535 841 580 tam
871 523 1033 577 multa
1070 522 1140 578 de
1174 522 1380 587 zeloet
1403 521 1569 576 livore
1596 520 1853 577 Dominus

256 619 597 674 veracissima
627 617 892 683 intonuit,
928 624 983 671 et
1025 615 1257 670 salubria
1293 612 1562 684 praecepit.
1590 613 1853 682 Legamus

256 726 386 782 ergo
411 712 690 784 epistolam
710 709 959 783 Cypriani
984 708 1054 765 de
1075 707 1193 763 zelo
1219 717 1274 762 et
1294 707 1481 773 livore,
1503 715 1558 762 et
1578 703 1854 760 videamus

253 815 512 878 quantum
553 802 754 858 malum
796 802 867 857 sit
904 799 1142 855 invidere
1180 797 1526 863 melioribus,
1551 795 1704 866 cujus
1731 792 1854 850 mali

256 898 518 969 originem
543 896 611 950 ah
637 895 755 967 ipso
778 892 990 948 diabolo
1015 890 1286 946 exstitisse
1307 887 1724 944 memorabiliter
1750 885 1852 940 do-

256 998 341 1043 cct
369 1006 384 1042 :
414 985 632 1048 Zelat'e.
665 984 870 1055 inquit,
917 981 1051 1052 quod
1089 980 1270 1036 bonum
1313 980 1517 1046 uideas,
1547 987 1594 1032 et
1638 978 1857 1032 invidere

246 1075 549 1133 melioribus
568 1118 583 1141 ,
611 1078 716 1132 leue
735 1057 876 1147 apud
898 1073 1143 1145 quosdam
1162 1115 1179 1139 ,
1207 1082 1255 1129 et
1285 1072 1538 1127 modicum
1561 1069 1750 1126 crimen
1777 1069 1854 1124 ui-

259 1172 422 1236 detur,
448 1170 632 1238 fratres
655 1167 988 1223 dilectissimi.
1016 1164 1220 1220 Deinde
1246 1164 1403 1234 paulo
1433 1172 1571 1234 post,
1598 1177 1719 1218 cum
1741 1161 1858 1231 ejus

261 1261 381 1314 mali
405 1267 569 1330 caput
597 1267 758 1329 atque
781 1256 1041 1327 originem
1071 1264 1335 1325 qna'rcret
1370 1271 1384 1307 :
1431 1252 1567 1307 Iliae
1602 1252 1854 1318 diabolus,

152 1392 158 1397 .
261 1351 448 1422 inquit,
474 1352 604 1405 inter
629 1351 775 1405 initia
801 1350 972 1404 statim
998 1347 1194 1415 mundi,
1222 1355 1268 1401 et
1293 1346 1439 1416 periit
1464 1347 1656 1418 primus
1678 1354 1725 1399 et
1745 1361 1859 1416 pcr-

259 1444 408 1497 duh’t.
439 1443 511 1497 Et
536 1443 695 1513 paulo
722 1449 879 1512 post:
908 1439 1073 1505 Quale
1094 1438 1284 1492 malum
1312 1444 1413 1503 est,
1443 1436 1647 1507 inquit,
1675 1442 1858 1507 fratres

262 1533 574 1589 dilectissimi
594 1575 609 1598 ,
636 1549 739 1604 quo
779 1532 993 1603 angelus
1030 1529 1247 1593 cecidit,
1287 1544 1387 1600 quo
1422 1527 1771 1582 circumveniri
1809 1535 1858 1580 et

259 1627 475 1682 subverti
498 1626 602 1680 alta
626 1626 719 1678 illa
746 1633 793 1679 et
821 1621 1071 1694 pratelara
1109 1619 1391 1676 sublimitas
1416 1618 1611 1689 potuit,
1640 1633 1741 1689 quo
1764 1616 1855 1671 de-

261 1730 436 1794 ceptus
461 1728 535 1773 est
559 1719 668 1791 ipse
701 1717 791 1789 qui
817 1714 1051 1787 decepit?
1074 1712 1278 1769 Exinde
1310 1711 1499 1766 invidia
1523 1720 1781 1781 grassatur
1804 1709 1857 1763 in

263 1813 430 1876 terris,
457 1811 581 1866 dum
600 1812 757 1865 liuore
781 1809 1033 1879 periturus
1056 1806 1296 1878 magistro
1316 1802 1610 1876 perditionis
1633 1801 1861 1871 obsequi-

264 1911 375 1969 tur,
404 1901 529 1954 dum
568 1899 829 1954 diabolum
864 1897 950 1967 qui
992 1894 1125 1951 κιαι
1167 1894 1395 1949 imitatur
1415 1933 1433 1959 ,
1462 1892 1589 1945 sicut
1616 1891 1858 1961 scriptum

264 2000 366 2057 est,
399 2009 419 2043 ι
451 1988 655 2044 Invidia
682 1987 873 2044 diaboli
899 2004 1035 2042 mors
1059 1986 1264 2041 intravit
1300 1985 1353 2038 in
1379 1983 1548 2038 orbem
1577 1991 1859 2048 terrarum;

264 2083 528 2136 imitantur
550 2097 671 2151 ergo
696 2079 844 2134 illum
877 2077 967 2149 qui
1004 2086 1121 2133 sunt
1157 2092 1223 2131 ea:
1258 2084 1404 2147 parte
1424 2074 1534 2147 ejus
1561 2092 1581 2126 ι
1617 2072 1771 2145 (Sap.
1799 2073 1857 2138 ιι,

265 2175 356 2240 ει,
380 2174 497 2245 25).
528 2173 653 2229 llaec
682 2172 842 2228 verba
865 2169 1118 2243 Cypriani
1148 2169 1201 2224 iu
1228 2168 1454 2240 epistola
1484 2168 1692 2237 populis
1712 2174 1858 2233 nuta,

268 2282 422 2338 quam
450 2280 600 2331 vera,
630 2278 790 2335 quam
819 2263 973 2319 fortia
996 2262 1106 2318 sint
1127 2259 1579 2330 recognoscimus.
1607 2257 1745 2313 Vere
1768 2258 1863 2312 de-

269 2359 375 2413 cuit
397 2357 724 2429 Cyprianum
758 2353 830 2410 de
865 2352 983 2409 zelo
1021 2361 1074 2408 ct
1106 2351 1274 2407 livore
1300 2359 1356 2406 et
1379 2364 1603 2420 arguere
1630 2349 1863 2421 graviter

270 2458 323 2502 et
345 2461 586 2510 monere,
614 2460 645 2500 a
669 2459 775 2515 quo
798 2452 910 2500 tam
936 2439 1217 2498 mortifero
1240 2441 1384 2496 malo
1402 2454 1497 2496 cor
1513 2439 1631 2510 ejus
1652 2441 1863 2509 penitus

272 2537 503 2594 alienum
554 2544 703 2593 tanta
751 2533 1054 2591 cbaritatis'
1079 2530 1402 2588 abundantia
1456 2531 1859 2600 comprobavit:

272 2647 368 2701 qua
396 2629 804 2702 vigilantissime
842 2626 1137 2692 custodita,
1176 2640 1298 2683 cum
1338 2624 1558 2694 collegis
1597 2623 1711 2680 suis
1754 2640 1863 2678 non

272 2722 532 2779 malevolo
558 2721 629 2778 de
655 2720 930 2792 Baptismu
964 2718 1174 2776 diversa
1203 2714 1556 2774 sentientibus
1576 2754 1593 2781 ,
1624 2729 1725 2770 nec
1750 2713 1862 2784 ipse

273 2813 527 2870 malevola
555 2811 934 2878 contentione,
964 2808 1061 2865 sed
1098 2807 1331 2864 humana
1372 2806 1665 2862 tentatione
1706 2804 1863 2860 aliter

271 2904 501 2975 sapiens,
532 2901 676 2974 quod
702 2901 780 2956 illi
799 2902 816 2934 ι
841 2900 987 2959 Deus
1003 2899 1059 2959 iu
1078 2897 1335 2954 charitate
1357 2895 1718 2968 perseveranti
1739 2911 1859 2951 cum

269 2996 423 3052 vellet
460 3003 648 3066 postea
676 2992 939 3049 revelaret
965 2989 1227 3062 (Philipp.
1259 3004 1348 3053 tu,
1377 2986 1499 3058 15),
1538 2987 1593 3042 in
1618 3001 1861 3042 comma.

267 3087 443 3143 nionis
486 3087 696 3142 unitate
739 3082 1067 3155 permansit,
1109 3088 1294 3151 aperte
1338 3079 1563 3135 dicens:
1595 3077 1863 3133 Neminem

269 3178 572 3241 iudicantes,
596 3190 752 3245 neque
777 3189 809 3226 a
822 3173 946 3245 jure
966 3169 1334 3226 communionis
1359 3169 1598 3241 aliquem,
1624 3168 1669 3222 si
1693 3168 1860 3222 dicer.

268 3287 375 3325 sum
396 3268 631 3331 senserit,
658 3274 962 3321 maerentes.
987 3262 1170 3334 Neque
1190 3262 1324 3316 enim
1348 3261 1612 3331 quisquam
1635 3268 1863 3313 nostrum

270 3364 560 3434 episcopum
584 3376 639 3415 se
660 3361 1012 3429 episcoporum
1038 3353 1330 3417 constituit,
1358 3360 1447 3406 aut
1478 3351 1738 3423 tyrannica
1761 3360 1859 3405 ter-

268 3471 380 3510 rore
426 3454 498 3507 ad
544 3451 849 3524 obsequendi
892 3449 1239 3505 necessitates»
1281 3444 1499 3516 collegas
1545 3460 1664 3499 suos
1704 3444 1864 3514 adigit

272 3544 358 3617 (In
377 3544 600 3600 concilio
622 3538 1051 3612 Carthaginensi).
1082 3538 1151 3594 Et
1177 3538 1231 3593 in
1256 3536 1363 3593 line
1393 3535 1547 3605 hujus
1585 3535 1858 3606 cpistobc:

274 3634 392 3691 Haec
417 3636 511 3690 tibi
537 3634 751 3689 breuiter
772 3635 815 3700 ',
844 3631 1016 3703 inquit
1033 3669 1050 3692 ,
1078 3645 1172 3701 pro
1199 3638 1372 3684 nostra
1408 3626 1749 3682 mediocritate
1784 3642 1864 3680 re-

272 3727 593 3796 scripsimus,
620 3729 784 3797 frater
809 3721 1135 3787 churissime,
1164 3718 1350 3773 nemini
1376 3716 1747 3788 prascribentes
1774 3725 1862 3770 aut

274 3817 681 3888 prejudicantes,
706 3814 973 3885 quominus
998 3811 1338 3880 unusquisque
1359 3808 1705 3878 episcoporum
1728 3807 1865 3876 quod

273 3918 408 3977 putat
432 3907 620 3977 faciat,
642 3905 829 3961 habens
847 3902 1046 3958 arbitrii
1063 3902 1142 3956 sui
1163 3899 1374 3955 liberam
1393 3904 1705 3969 potestatem.
1728 3895 1861 3962 Nos,

271 4008 509 4070 quantum
537 3998 593 4052 in
615 3996 760 4052 nobis
783 4006 857 4051 est
874 4036 892 4063 ,
921 4003 1128 4067 propter
1151 3992 1413 4048 luereticos
1450 4006 1566 4044 cum
1589 3989 1795 4061 collegis
1816 3999 1864 4045 et

271 4088 583 4160 coepiscopis
620 4088 807 4142 nostris
843 4103 945 4140 non
973 4072 1351 4146 contendimus,
1384 4096 1499 4135 cum
1525 4080 1704 4150 quibus
1730 4080 1864 4134 dioi—

272 4196 385 4234 nam
407 4178 736 4234 concordiam
764 4185 809 4231 et
834 4175 1138 4230 dominicam
1162 4188 1339 4244 pacem
1361 4179 1621 4236 tenemus;
1648 4170 1866 4225 maxime

271 4287 381 4324 cum
406 4280 457 4325 et
482 4268 758 4339 Apostolus
784 4267 953 4330 dicat,
987 4285 1004 4316 ι
1036 4264 1096 4321 Si
1124 4264 1247 4334 quis,
1264 4270 1432 4317 autent
1458 4261 1709 4339 putauerit
1744 4277 1866 4315 con-

273 4361 513 4416 tentiosus
551 4376 696 4426 esse,
727 4375 818 4412 nos
857 4356 1007 4411 talem
1037 4333 1448 4411 consuetudinem
1474 4370 1577 4409 non
1597 4333 1862 4419 habemus,

272 4469 427 4525 neque
459 4451 687 4506 Ecclesia
718 4450 811 4504 Dei
841 4470 860 4504 ι
896 4448 937 4523 (1
963 4448 1081 4504 Cor.
1108 4463 1163 4502 ιι
1185 4489 1201 4512 ,
1228 4446 1338 4519 16).
1381 4445 1625 4500 Servatur
1662 4460 1694 4499 a
1723 4444 1866 4500 nobis

275 4545 519 4611 patienter
543 4551 590 4597 et
616 4542 796 4597 leniter
827 4541 1049 4595 charitas
1082 4538 1276 4601 animi,
1302 4536 1500 4606 collegii
1524 4536 1688 4593 honor
1706 4577 1722 4603 ,
1751 4536 1864 4589 uiu-

274 4637 440 4689 (κεκτη
485 4634 641 4704 ﬁdei,
685 4632 955 4689 concordia
1001 4629 1291 4685 sacerdotii.
1339 4628 1555 4698 Pr0pter
1595 4628 1689 4682 hoc
1715 4628 1865 4681 etiam

272 4725 495 4780 libellum
523 4741 657 4779 nunc
677 4724 699 4756 ⁸
723 4723 787 4777 de
815 4721 957 4778 Bono
988 4721 1256 4776 Patientia:
1274 4760 1289 4787 ,
1317 4729 1559 4788 quantum
1589 4718 1746 4773 valuit
1774 4736 1865 4773 no-

271 4827 380 4870 stra
406 4816 747 4880 mediocritas,
780 4813 1092 4884 permittente
1120 4820 1167 4866 et
1193 4799 1471 4880 inspirante
1492 4806 1713 4863 Domina
1741 4825 1865 4863 con-

273 4907 597 4977 scripsimus,
623 4922 769 4977 quem
794 4905 864 4959 ad
887 4914 934 4959 te
971 4920 1062 4974 pro
1092 4912 1265 4957 mutua
1289 4900 1556 4957 dilectione
1578 4901 1865 4955 transmisi-

273 5015 387 5052 mus
413 4997 607 5071 (Epist.
634 4998 735 5064 73,
763 4996 832 5050 ad
851 4993 1210 5067 Jubaianum).

341 5088 573 5147 CAPUT
612 5089 704 5147 1x.
731 5118 806 5131 -
833 5090 921 5144 19..
952 5088 1061 5145 Hac
1091 5088 1182 5142 ille
1207 5084 1480 5142 charitatis
1509 5083 1757 5155 patientia
1789 5092 1868 5137 to-

273 5182 466 5238 leravit
490 5199 597 5237 non
618 5182 792 5238 solum
820 5183 873 5236 in
893 5180 1116 5237 obseura
1136 5177 1429 5251 qnmstione
1450 5177 1619 5231 bonos
1638 5175 1869 5245 collegas

272 5291 384 5332 non
412 5274 673 5345 malevolo
698 5272 843 5330 aliud
879 5270 1200 5336 sentientes,
1232 5270 1370 5325 sicut
1396 5278 1447 5324 et
1474 5267 1586 5339 ipse
1613 5266 1869 5323 toleratus

331 5455 455 5505 *stc
498 5460 606 5503 uss.
653 5455 712 5501 At
751 5448 856 5498 Am.
897 5452 951 5499 et
990 5451 1101 5507 En,
1145 5442 1271 5509 quod
1314 5448 1367 5493 ut
1410 5439 1501 5493 illi.
1547 5446 1691 5502 t.ov.,
1737 5444 1789 5489 ut
1812 5437 1867 5489 id

267 5515 363 5650 ’1‘“;
382 5590 481 5627 am.
505 5582 581 5625 Β.
608 5585 662 5626 ct
684 5571 829 5650 Msa,
849 5566 1088 5622 brevibus.
1124 5566 1230 5617 Sola
1268 5565 1374 5617 tere
1401 5565 1552 5615 editio
1588 5570 1723 5623 um,
1756 5559 1867 5613 bre-

269 5647 520 5761 “irim
554 5704 670 5747 tm.
716 5694 970 5755 omittitur,
998 5703 1144 5743 nttnc.
1174 5689 1388 5741 ttabetur
1424 5686 1551 5751 apud
1589 5694 1684 5736 Arn.
1723 5691 1773 5735 et
1818 5682 1868 5733 tu

269 5762 636 5824 lamminis.

3444 312 3557 372 182.
3585 328 3593 332 ·

1958 431 2063 488 est,
2085 423 2255 479 donec
2278 439 2526 495 processu
2550 428 2802 497 temporis
2823 427 3170 485 saluberrima
3192 430 3544 489 consuetudo.

1959 516 2175 586 quando
2202 518 2340 572 Deus
2364 518 2548 583 voluit,
2575 519 2734 574 etiam
2761 519 3025 576 declarata
3055 521 3280 576 veritate
3308 521 3546 591 plcuariu

1958 607 2183 663 concilio
2209 608 2542 675 ﬁrmaretur;
2575 610 2668 665 sed
2696 612 2856 666 etiam
2884 612 3052 666 malos
3078 612 3388 667 manifestos
3414 613 3547 667 sibi-

1959 712 2065 769 que
2092 698 2399 754 notissimos
2417 739 2433 766 ,
2460 702 2551 770 qui
2582 718 2686 755 non
2713 702 3035 759 obscuritate
3060 704 3368 773 quastiunis
3392 705 3549 761 aliter

1956 787 2270 858 sapiebant,
2312 789 2407 844 sed
2456 790 2675 860 perditae
2718 792 2840 848 vita:
2884 794 3118 849 muribus
3159 805 3344 851 contra
3384 790 3545 868 quam

1961 879 2348 949 praedicabant,
2379 880 2671 947 faciebant,
2702 885 2841 940 sicut
2865 885 3082 942 dicitde
3109 888 3211 943 illis
3237 889 3544 958 Apostolus,

1930 972 2062 1039 .Qui
2088 973 2335 1044 praedicas
2362 990 2463 1028 non
2489 975 2784 1045 furandum,
2818 980 3008 1049 furaris
3031 978 3205 1049 (Rom.
3233 996 3291 1045 ιι,
3318 979 3434 1039 2D.
3470 980 3548 1036 De

1962 1064 2153 1120 talibus
2178 1065 2320 1120 enim
2344 1075 2402 1121 et
2427 1067 2527 1122 iste
2554 1068 2637 1124 sui
2673 1071 2927 1139 temporis
2953 1071 3219 1143 episcopis
3245 1075 3355 1130 suis
3379 1075 3546 1131 culle-

1958 1155 2042 1226 gis
2062 1198 2075 1221 ,
2102 1167 2157 1213 et
2180 1173 2362 1215 secum
2392 1161 2445 1215 in
2471 1162 2849 1218 communione
2874 1165 3212 1221 manentibus
3246 1167 3298 1221 in
3323 1168 3547 1237 epistola

1938 1261 2056 1303 sua
2081 1248 2208 1305 dicit
2234 1268 2247 1304 :
2278 1250 2629 1309 Esurientibus
2655 1256 2708 1309 in
2738 1253 2961 1310 Ecclesia
2989 1257 3229 1325 fratribus
3258 1260 3437 1315 habere
3460 1278 3547 1315 ar-

1960 1349 2162 1409 gentum
2188 1341 2396 1412 largiter
2418 1344 2561 1409 uelle,
2584 1345 2770 1413 fundos
2792 1345 3049 1402 insidiosis
3069 1349 3333 1417 fraudibus
3353 1368 3547 1421 rapere,
3609 1344 3613 1351 ’

1963 1433 2129 1488 usuris
2154 1435 2601 1505 multiplicantibus
2627 1442 2774 1509 fenus
2800 1454 2985 1510 augere
3017 1440 3206 1507 (Serm.
3237 1441 3300 1494 de
3326 1441 3548 1514 Lapsis).

1963 1524 2061 1582 llic
2083 1528 2226 1582 enim
2249 1529 2389 1583 nulla
2415 1539 2499 1585 cst
2522 1531 2831 1601 qtucstiouis
2850 1532 3181 1598 obscuritas;
3206 1544 3388 1602 aperte
3407 1533 3552 1589 Seri-

1965 1627 2115 1688 ptura
2155 1621 2381 1688 clamat,
2416 1621 2595 1693 Neque
2629 1625 2771 1677 avari
2799 1638 2955 1695 neque
2982 1642 3191 1696 rapaces
3219 1643 3427 1697 regnum
3459 1627 3553 1682 Dei

1962 1711 2284 1779 possidebunt
2329 1712 2525 1785 (l'Cor.
2554 1730 2603 1769 vt
2624 1756 2639 1780 ,
2673 1714 2796 1787 l0);
2842 1727 2929 1781 et,
2964 1716 3065 1784 Qui
3106 1719 3370 1787 pecuniam
3406 1735 3553 1773 suam

1963 1805 2102 1860 dedit
2133 1808 2187 1859 in
2213 1808 2460 1860 usuram’
2488 1806 2659 1879 (Psal.
2693 1822 2811 1871 xw,
2841 1809 2928 1877 5);
2957 1817 3012 1862 et
3030 1848 3045 1872 ,
3076 1807 3255 1863 Omnis
3278 1810 3555 1879 fornicator

1964 1904 2009 1947 et
2034 1895 2324 1950 immundus
2351 1905 2396 1950 et
2422 1880 2626 1962 avarus,
2657 1898 2793 1968 quod
2820 1907 2892 1952 est
2917 1897 3172 1953 idolorum
3195 1900 3425 1967 servitus,
3451 1916 3555 1955 non

1966 1988 2111 2041 habet
2132 1988 2472 2044 ha'reditatem
2498 1990 2551 2043 in
2576 2006 2728 2061 regno
2748 1987 2937 2045 Christi
2958 2002 3004 2045 et
3028 1989 3126 2046 Dei
3153 1989 3368 2064 (Ephes.
3394 2007 3447 2059 v,
3475 1992 3552 2065 5).
3632 1970 3638 1975 i

1964 2078 2123 2133 Tales
2148 2094 2276 2148 ergo
2303 2094 2495 2136 avaros
2525 2080 2643 2147 ille,
2676 2090 2731 2135 ut
2760 2096 2865 2135 non
2894 2080 3065 2135 solum
3094 2095 3190 2135 sua
3219 2081 3411 2152 cupide
3436 2084 3555 2138 the-

1964 2169 2311 2236 saurizareut,
2335 2170 2429 2225 sed
2454 2180 2506 2225 et
2528 2171 2699 2226 aliena
2721 2171 3088 2228 fraudulenter
3107 2173 3395 2242 eriperent,
3425 2172 3557 2230 tales

1965 2259 2275 2315 idtilofatras
2299 2263 2434 2316 sicut
2457 2269 2512 2317 et
2540 2262 2655 2332 ipse
2673 2261 2918 2334 intelligit
2943 2272 3102 2336 atque
3130 2265 3422 2332 convincit,
3451 2282 3557 2323 non

1963 2351 2149 2421 utique
2177 2360 2423 2421 argueret
2448 2352 2550 2409 nisi
2576 2362 2776 2410 nosset.
2803 2353 2987 2425 Neque
3012 2356 3154 2410 enim
3182 2356 3437 2412 adversus
3462 2372 3558 2412 co-

1963 2443 2247 2514 episcopos
2274 2457 2400 2499 suos
2429 2443 2618 2499 falsum
2648 2445 3005 2501 testimonium
3036 2438 3257 2503 diceret.
3285 2448 3353 2503 Et
3382 2458 3558 2505 tamen

1964 2547 2059 2589 eos
2105 2543 2323 2604 propter
2362 2533 2631 2590 Christum
2674 2535 2765 2606 qui
2804 2550 2903 2606 pro
2932 2536 3155 2592 inﬁrmis
3180 2546 3422 2594 mortuus
3453 2548 3557 2606 est,

1967 2640 2034 2679 ne
2057 2634 2183 2680 ante
2208 2633 2416 2694 tempus
2440 2626 2723 2682 eradicatis
2760 2627 2978 2682 zizaniis
3015 2628 3173 2684 simul
3203 2630 3562 2687 eradicaretur

1964 2723 2021 2769 et
2044 2714 2276 2770 triticum
2303 2715 2518 2786 (Matth.
2542 2729 2658 2783 xui,
2679 2716 2793 2787 29).
2822 2725 3056 2787 paterna:
3081 2728 3136 2773 et
3159 2728 3411 2775 maternae
3434 2721 3561 2776 cha—

1964 2806 2139 2861 ritatis
2180 2805 2475 2862 visceribus
2522 2807 2769 2861 toleravit
2807 2825 2822 2861 :
2859 2808 3096 2863 imitatus
3125 2810 3305 2877 utique
3335 2810 3558 2867 Paulum

1963 2897 2300 2967 apostolum.
2331 2897 2420 2968 qui
2467 2896 2759 2952 malevolos
2797 2905 2851 2951 et
2892 2897 3101 2953 invidos
3149 2899 3286 2966 sibi,
3328 2900 3515 2955 eadem
3538 2904 3559 2934 '

1963 2989 2107 3044 circa
2132 2990 2422 3045 Ecclesium
2443 2987 2705 3065 charitate
2725 2988 2978 3043 sustinuit
3003 2988 3262 3062 (Philipp.
3284 3006 3324 3058 I,
3350 2993 3558 3063 lS-ls).

2038 3081 2127 3135 15.
2166 3078 2272 3136 Sed
2300 3087 2478 3134 tamen
2506 3078 2628 3149 quia
2670 3078 2861 3132 invidia
2902 3079 3092 3133 diaboli
3121 3097 3256 3136 mors
3283 3082 3483 3137 intrauit
3509 3084 3562 3138 in

1965 3170 2135 3225 orbem
2153 3179 2401 3223 terrarum
2420 3210 2435 3233 ,
2463 3177 2519 3225 et
2541 3169 2804 3223 imitantur
2823 3169 2969 3223 illum
2995 3170 3082 3239 qui
3107 3180 3225 3226 sunt
3248 3188 3313 3227 ea:
3337 3183 3480 3244 parte
3497 3175 3563 3228 il-

1967 3262 2069 3316 lius
2100 3262 2254 3334 (Sap.
2280 3277 2339 3328 tt,
2366 3261 2459 3327 ει.
2486 3261 2580 3332 25)
2603 3304 2618 3327 ,
2649 3275 2756 3317 non
2783 3277 2880 3332 per
2901 3262 3027 3317 illud
3049 3263 3190 3334 quod
3216 3280 3247 3320 a
3271 3265 3379 3321 Deo
3398 3265 3562 3322 creati

1965 3361 2113 3419 sunt,
2139 3352 2361 3423 sed‘per
2385 3352 2511 3407 illud
2537 3352 2678 3423 quod
2706 3369 2736 3407 a
2767 3368 2829 3409 se
2856 3355 2984 3425 ipsis
3010 3356 3249 3426 perversi
3275 3367 3433 3422 sunt;
3458 3359 3564 3414 sic-

1966 3455 2024 3502 ut
2048 3455 2437 3502 commemorat
2462 3446 2578 3518 ipse
2601 3445 2935 3520 Cyprianus;
2968 3449 3091 3518 quia
3119 3458 3172 3505 et
3194 3449 3436 3506 diabolus
3461 3467 3561 3507 au-

1968 3550 2181 3611 teqnam
2222 3549 2369 3597 esset
2405 3540 2651 3596 diabolus
2675 3582 2691 3606 ,
2722 3542 2942 3612 angelus
2980 3541 3078 3597 fuit
3119 3552 3173 3597 ct
3215 3541 3386 3599 bonus
3426 3544 3559 3600 fuit:

1966 3628 2107 3686 unde
2135 3640 2263 3685 sunt
2291 3630 2344 3685 in
2376 3632 2579 3687 unitate
2605 3631 2842 3697 Christi,
2874 3633 2964 3703 qui
3002 3642 3127 3688 sunt
3165 3648 3228 3688 ex
3271 3644 3417 3704 parte
3444 3636 3563 3689 dia-

1969 3720 2112 3775 boli?
2141 3721 2327 3776 Procul
2356 3721 2518 3776 dubio
2540 3721 2588 3788 ⁸,
2616 3721 2753 3775 sicut
2776 3722 2890 3790 ipse
2917 3723 3168 3776 Dominus
3190 3723 3283 3785 ait,
3316 3722 3565 3780 Inimicus

1966 3813 2115 3866 homo
2142 3812 2237 3865 hoc
2261 3811 2398 3882 fecit.
2426 3810 2516 3880 qui
2540 3811 2954 3881 superseminavit
2981 3812 3180 3865 zisania
3209 3812 3424 3883 (Matth.
3449 3830 3561 3877 sui,

1964 3901 2037 3957 28
2055 3939 2071 3970 ,
2098 3900 2214 3971 25).
2249 3901 2402 3956 Sicut
2424 3914 2554 3971 ergo
2591 3910 2646 3956 ct
2672 3900 2811 3954 intus
2835 3900 2975 3969 quod
3003 3900 3195 3956 diaboli
3226 3911 3308 3956 cst
3333 3918 3556 3974 arguen-

1966 3993 2092 4049 dum
2114 4001 2219 4059 est,
2244 3992 2323 4048 sic
2345 4000 2401 4048 et
2423 3991 2552 4047 foris
2575 3991 2717 4062 quod
2733 3990 2929 4047 Chrisni
2945 4001 3026 4047 est
3042 3992 3434 4062 agnoscendum
3457 4005 3561 4051 est.

1967 4086 2051 4140 An
2077 4094 2224 4139 extra
2257 4083 2510 4137 unitatem
2540 4082 2791 4138 Ecclesia:
2828 4098 2934 4138 non
2973 4082 3135 4137 habet
3174 4098 3267 4138 sua
3298 4083 3560 4151 Christus,

1966 4186 2022 4232 et
2050 4176 2104 4230 in
2136 4176 2335 4230 unitate
2365 4174 2618 4230 Ecclesia:
2662 4174 2820 4230 habet
2857 4190 2952 4229 sua
2998 4174 3281 4230 diabolus?
3315 4175 3425 4233 lloc
3456 4177 3564 4233 lor-

1968 4275 2110 4324 tasse
2137 4268 2204 4323 de
2234 4267 2538 4323 hominibus
2565 4266 2669 4321 diei
2701 4275 2908 4336 potest,
2938 4273 2996 4320 ut
3033 4266 3111 4321 sic
3142 4274 3290 4322 extra
3319 4282 3564 4323 commn-

1969 4364 2183 4418 nioncm
2210 4360 2467 4416 Ecclesia:
2511 4374 2617 4413 non
2665 4358 2856 4415 habeat
2894 4359 3033 4414 Dens
3060 4359 3290 4430 aliquem
3321 4376 3563 4426 suorum,

1969 4453 2105 4509 sicut
2125 4452 2264 4508 inter
2282 4451 2511 4521 Angelos
2531 4458 2745 4505 sanctos
2766 4465 2870 4505 non
2892 4448 3049 4506 habet
3072 4450 3316 4508 diabolus
3335 4452 3565 4524 aliquem

1969 4558 2210 4599 suorum.
2239 4543 2491 4598 Ecclesia:
2517 4556 2647 4597 vero
2681 4540 2808 4598 huic
2845 4542 3177 4612 quzeadbuc
3205 4543 3379 4599 carnis
3417 4559 3566 4599 mor-

1970 4636 2225 4692 talitatem
2270 4642 2482 4706 portat,
2527 4633 2779 4705 quamdiu
2831 4634 3198 4704 peregrinatur
3236 4650 3272 4689 a
3317 4635 3565 4703 Domino,

1970 4730 2174 4786 licuerit
2204 4728 2417 4785 diabolo
2444 4729 2670 4782 miscere
2696 4724 2917 4790 zizania,
2951 4727 3053 4783 hoc
3081 4736 3163 4783 est
3192 4728 3361 4785 malos
3387 4729 3565 4784 homi-

1971 4835 2099 4885 nes;
2129 4829 2184 4875 et
2210 4819 2499 4889 permissus
2526 4819 2595 4871 sit
2628 4826 2844 4887 propter
2868 4817 3033 4887 ipsius
3055 4819 3306 4875 Ecclesim
3333 4821 3566 4892 pcregri-

1969 4911 2274 4975 nationem,
2307 4917 2366 4964 ut
2394 4907 2608 4979 requies
2637 4908 2779 4963 illius
2818 4908 3001 4978 patrire
3036 4923 3140 4979 qua
3177 4909 3347 4964 sancti
3390 4909 3564 4980 angeli

1973 5000 2321 5073 perfruuntur
2345 4998 2743 5055 desideraretur
2768 4997 3044 5076 ardentius
3074 5016 3087 5052 :
3116 4997 3183 5053 de
3207 4999 3570 5055 Sacramentis

1971 5101 2149 5148 autem
2178 5090 2281 5147 hoc
2306 5090 2409 5146 dici
2441 5104 2545 5145 non
2576 5097 2773 5160 potest.
2799 5088 2948 5144 Sicut
2973 5088 3118 5144 enim
3141 5104 3202 5144 ea
3228 5097 3453 5159 possunt
3476 5091 3568 5144 ha-

1972 5184 2101 5241 bere
2125 5191 2285 5254 atque
2311 5188 2561 5245 tractare,
2586 5195 2691 5236 non
2712 5179 2777 5234 ad
2799 5181 3043 5245 salutem,
3069 5179 3163 5237 sed
3188 5180 3254 5235 ad
3280 5182 3566 5251 perniciem

1973 5288 2147 5342 suam,
2175 5275 2229 5331 in
2257 5289 2357 5344 qua
2384 5272 2490 5345 igni
2517 5271 2780 5328 destinata
2804 5281 2924 5327 sunt
2951 5270 3199 5328 interiora
3226 5272 3425 5326 zizania
3450 5288 3465 5325 :
3489 5272 3568 5326 sic

2041 5436 2058 5467 ι
2084 5438 2159 5484 Er.
2183 5431 2332 5497 Lugd.
2351 5440 2491 5482 ven.:
2518 5429 2610 5493 oui
2628 5427 2881 5497 pecuniam
2911 5442 3053 5497 suam
3082 5440 3177 5480 non
3205 5426 3342 5497 dedit
3362 5428 3431 5497 ad
3453 5440 3565 5478 usu-

1974 5508 2101 5546 ram.
2124 5501 2233 5545 Lov.
2249 5488 2313 5545 ‘ét
2334 5506 2505 5544 eorum
2672 5490 2759 5553 oui
2779 5489 3033 5556 pectatiam
3066 5504 3206 5543 suam
3227 5492 3312 5541 dat
3362 5488 3413 5540 in
3453 5503 3565 5541 usu-

1976 5562 2283 5681 milesii:
2298 5615 2351 5667 in
2368 5614 2575 5681 inrides,
2593 5611 2680 5666 sub
2695 5613 2884 5681 eadem.
3066 5680 3069 5681 ν
3101 5674 3114 5681 _
3240 5670 3251 5681 ,

2041 5671 2264 5743 ξΒριείοἰ
2296 5678 2492 5743 quidam
2527 5671 2652 5743 uss"
2676 5674 2803 5726 unde
2836 5680 3074 5743 non.th
3094 5674 3144 5725 in
3170 5671 3348 5725 unitate
3373 5671 3564 5733 Naristi,

1980 5739 2062 5806 qui
2081 5735 2270 5792 static:
2282 5735 2420 5805 parte
2439 5736 2616 5791 diaboli
2637 5735 2654 5788 ὲ
2679 5735 2847 5804 procul
2870 5735 3031 5787 dubio.
