4050 6206
481 363 588 420 MS

479 485 533 530 et
557 471 818 539 exteriora
849 462 1043 537 mania
1074 457 1289 531 quaeab
1328 454 1663 510 interioribus
1693 448 2065 507 recedentibus

481 535 831 633 acceperunt;
854 555 973 628 quia
995 535 1426 607 ircecdehtiavn'o‘n
1448 546 1759 600 amiserunt.
1778 540 1929 609 Quod
1951 540 2067 593 sine

480 632 644 712 dubio
673 646 1036 714 manifestatur
1062 658 1182 698 cum
1224 640 1565 694 redeuntilms
1605 650 1709 689 non
1750 632 2065 695 restituitur,

482 744 695 816 quando
723 741 856 793 forte
881 717 1046 813 aliqui
1065 748 1129 787 ett
1157 731 1236 786 eis
1262 729 1389 799 ipsis
1413 728 1501 797 qui
1531 731 1864 780 recesserant
1892 734 2068 775 rever-

485 811 683 890 ttmtur.
708 830 815 885 Nec
839 811 1117 896 quisquam
1145 821 1356 883 dixerit,
1384 817 1520 885 Quid
1548 816 1688 871 enim
1712 811 1957 867 frumenti
1981 813 2072 864 Ita-

486 928 611 981 licnt
636 920 871 976 zizania?
900 900 1122 973 Si-enim
1151 913 1253 973 bne
1280 912 1350 978 ita
1376 920 1485 972 est,
1518 918 1570 987 et
1601 908 1740 961 intus
1768 913 1823 960 et
1852 904 1979 979 foris
2004 901 2071 984 ad

486 1019 585 1070 hoc
614 1016 869 1069 duntaxat
900 1025 991 1079 par
1017 1006 1251 1061 conditio
1272 991 1374 1057 est.
1403 1000 1583 1068 Neque
1607 998 1748 1051 enim
1777 996 1828 1048 in
1856 990 2074 1047 zizaniis

485 1104 841 1162 exterioribus
877 1117 984 1156 non
1023 1096 1360 1152 inveniuntur
1397 1096 1560 1160 grana
1604 1085 1887 1153 frumenti,
1926 1092 1980 1137 et
2021 1084 2073 1136 in

488 1198 828 1256 interioribus
874 1192 1229 1253 inveniuntur.
1269 1186 1342 1239 De
1371 1183 1723 1237 Sacramenta
1743 1178 2073 1255 autemcum

486 1290 763 1362 qtlzt‘l‘llur,
794 1302 897 1338 non
924 1294 1100 1337 utrum
1126 1280 1353 1333 habeant
1376 1272 1571 1344 aliquid
1598 1270 1846 1325 frumenti
1875 1264 2073 1323 titania

487 1360 762 1453 quatritur,
791 1378 882 1433 sed
912 1387 1086 1429 utrum
1114 1365 1707 1441 ltabcantxaliquidtcmli
1735 1381 1747 1416 :
1772 1372 1823 1417 et
1844 1360 2077 1415 exterio-

488 1476 635 1530 ribus
672 1473 815 1527 cuim
846 1480 900 1525 et
929 1467 1267 1522 interioribus
1316 1461 1530 1535 zizaniis
1576 1473 1697 1512 cum
1743 1456 1857 1524 ipso
1903 1452 2076 1506 tritico

489 1574 571 1619 est
600 1563 770 1632 pluvia
796 1558 1095 1615 communis
1116 1598 1129 1619 ,
1163 1571 1281 1623 quae
1306 1550 1538 1607 caelestis
1564 1558 1618 1602 et
1639 1546 1807 1600 dulcis
1832 1551 1915 1597 est
1942 1544 2074 1610 ipsa,

490 1655 650 1707 etiam
677 1651 721 1705 si
750 1667 812 1703 ex
839 1664 902 1703 ea
930 1648 1128 1700 zizania
1154 1644 1405 1698 steriliter
1428 1646 1677 1694 crescunt.
1699 1653 1712 1689 :
1736 1636 1816 1689 sic
1839 1642 1892 1686 et
1911 1647 2076 1685 evan-

490 1744 715 1813 gelicum
744 1739 936 1794 Christi
966 1730 1734 1797 Sat-ramentum_;divinum,et
1771 1735 1933 1791 suave
1973 1728 2071 1783 est,

492 1848 663 1901 neque
704 1840 918 1899 propter
958 1842 1140 1879 eorum
1188 1823 1523 1877 sterilitatem
1560 1834 1701 1889 quos
1743 1822 1901 1871 etiam
1952 1812 2079 1867 foris

493 1915 1240 1991 compluit,improbattdum.
1394 1960 1399 1969 ,
1466 1948 1493 1986 ιτ
1554 1956 1559 1963 .

564 2011 788 2066 CAPUT
829 2009 895 2063 x.
920 2037 988 2047 -—
1018 2007 1100 2061 li.
1137 2003 1335 2058 Dixerit
1362 2000 1571 2068 aliquis,
1602 1995 1850 2051 interiora
1880 1992 2077 2047 zizania

494 2104 699 2158 facilius
728 2103 779 2154 in
808 2100 1129 2153 frumentum
1155 2092 1412 2148 converti.
1443 2088 1689 2143 Concedo
1716 2087 1784 2139 ita
1806 2098 1923 2138 esse
1947 2099 1960 2135 :
1985 2080 2078 2135 sed

492 2197 616 2267 quid
641 2194 742 2248 huc
767 2192 995 2261 pertinet
1017 2190 1083 2243 ad
1107 2188 1430 2256 Baptismqu
1454 2179 1790 2237 iterandum?
1817 2176 2077 2245 Numquid

493 2289 541 2341 si
570 2288 705 2341 forte
733 2285 922 2353 aliquis
957 2283 1024 2336 ab
1066 2279 1326 2333 luerent-is
1363 2288 1688 2338 conversus,
1718 2268 2081 2353 conversionis

495 2395 606 2435 sua:
637 2388 874 2445 tempore
899 2389 961 2428 ac
990 2372 1242 2427 facilitate
1270 2364 1583 2439 prtevetterit
1604 2380 1733 2443 eum
1762 2347 1848 2432 qui
1880 2359 2081 2414 tardius

497 2475 643 2525 intus
670 2484 698 2521 a
729 2465 930 2521 malitia
961 2464 1243 2532 corrigitur
1268 2470 1323 2514 et
1352 2466 1583 2515 mutatur
1604 2497 1618 2523 ,
1660 2457 1707 2527 ei
1736 2472 1841 2509 non
1870 2462 1955 2507 est
1981 2453 2080 2507 ite-

498 2562 719 2619 randum
748 2560 1048 2628 Baptisma;
1075 2566 1129 2610 et
1156 2556 1228 2610 illi
1256 2554 1342 2623 qui
1370 2560 1667 2622 prtcventns
1698 2558 1773 2604 est
1806 2547 1873 2601 ab
1898 2562 1973 2601 eo‘
1991 2545 2081 2614 qui

496 2671 563 2708 ex
591 2651 854 2706 ltmreticis
881 2649 1044 2708 venit.
1073 2646 1196 2716 quia
1228 2644 1427 2698 tardius
1456 2651 1727 2697 correctus
1749 2646 1848 2700 est,
1881 2638 2081 2715 iteran-

497 2746 623 2797 dum
654 2743 771 2796 est?
812 2740 951 2794 Nihil
995 2752 1123 2807 ergo
1160 2736 1224 2789 ad
1268 2750 1379 2790 rem
1426 2734 1683 2802 pertinet,
1717 2730 1913 2799 dcqtta
1945 2741 2083 2797 nunc

496 2833 720 2905 qttmstio
748 2842 826 2886 cst
850 2873 864 2896 ,
892 2830 1010 2897 quis
1034 2828 1204 2882 serius
1228 2841 1285 2879 se
1312 2826 1577 2879 tardiusve
1600 2820 1874 2876 convertat
1902 2833 1931 2883 τι
1963 2834 2084 2886 pro—

498 2928 611 2995 pria
644 2924 989 2995 perversitate
1030 2919 1096 2974 ad
1134 2916 1503 2973 rectitttdinem
1531 2913 1652 2968 ﬁdei
1674 2954 1688 2979 ,
1716 2911 1797 2964 vel
1826 2908 1937 2978 spei
1957 2909 2084 2988 ,εγᾳ

499 2984 791 3070 ehariiatis.
837 3012 947 3066 Etsi
987 3010 1129 3064 enim
1172 3007 1449 3061 interiores
1479 3004 1601 3057 ntali
1635 3001 1837 3055 facilius
1864 2984 2085 3068 possunt

502 3107 622 3158 boni
655 3103 802 3167 fieri;
833 3100 1116 3168 aliquando
1143 3108 1317 3150 tamen
1345 3104 1399 3150 et
1424 3094 1493 3148 de
1519 3107 1738 3147 numero
1762 3074 2082 3151 extéri'orum

502 3195 716 3265 quidam
747 3191 1003 3262 quosdam
1052 3188 1330 3242 interiores
1357 3185 1705 3240 conversione
1734 3184 2082 3251 praeveniunt,

501 3295 556 3339 et
585 3284 690 3338 iilis
730 3284 781 3336 in
826 3281 1103 3335 sterilitate
1149 3277 1483 3333 manentibus
1509 3274 1698 3329 unitati
1732 3273 2081 3337 reconciliati,

502 3375 730 3430 fructunt
756 3374 979 3427 ali'ernut
1009 3385 1130 3425 eum
1161 3367 1436 3422 tolerantia
1459 3407 1474 3429 ,
1512 3366 1629 3420 sive
1659 3365 1934 3423 tricenmn.
1966 3364 2085 3419 sive

502 3480 853 3534 sexagenum,
887 3462 998 3516 sive
1026 3470 1307 3515 centenum
1338 3456 1549 3529 (Matth.
1579 3471 1672 3509 xm
1692 3495 1708 3519 ,
1750 3454 1840 3517 9.3,
1880 3464 1924 3506 ct
1954 3453 2081 3507 Luc.

514 3570 597 3612 vttt
620 3600 634 3622 ,
668 3558 779 3625 15).
809 3558 915 3610 Aut
941 3555 984 3607 si
1015 3554 1213 3607 zizania
1252 3567 1312 3607 ea
1353 3550 1464 3604 sola
1508 3547 1732 3604 dicenda
1773 3554 1931 3610 sunt,
1966 3562 2084 3615 qua:

507 3664 674 3718 usque
711 3650 760 3702 in
795 3650 951 3702 linem
979 3648 1028 3700 itt
1062 3630 1290 3713 maligno
1320 3654 1501 3717 errore
1532 3640 1853 3718 perduratttt;
1879 3648 1932 3693 et
1957 3639 2085 3694 foris

507 3741 666 3792 multa
697 3738 957 3793 frumenta
983 3746 1123 3800 sunt,
1157 3744 1211 3789 et
1240 3735 1380 3811 intus
1404 3734 1564 3787 multa
1593 3716 1813 3785 zizattia.
1964 3786 1986 3811 iv

576 3833 663 3885 15.
705 3831 773 3883 At
814 3830 953 3884 enim
999 3828 1207 3898 pejores
1244 3808 1368 3880 sunt
1406 3825 1698 3880 exteriores
1733 3837 1893 3892 quam
1942 3797 2083 3880 inte-

503 3923 673 3977 riores
702 3920 862 3973 mali?
894 3919 1073 3988 Magna
1097 3916 1308 3986 quidem
1336 3914 1559 3985 quzrstio
1600 3923 1703 3979 cst,
1734 3923 1907 3981 utrum
1936 3912 2085 3980 pejor

503 4011 662 4067 fuerit
698 4010 942 4065 Nieolaus
970 4008 1202 4062 exterior
1226 4006 1335 4074 jam
1366 4002 1559 4074 (Apoc.
1591 4018 1647 4065 tt,
1678 4004 1708 4054 6
1732 4004 1747 4069 )
1770 4015 1974 4069 ,,quam
1999 3999 2083 4052 Si-

506 4120 628 4158 mon
655 4103 826 4156 adltuc
853 4100 1070 4154 interior
1101 4098 1247 4167 (Act.
1280 4110 1387 4157 vttt,
1419 4092 1609 4159 9-9.4),
1640 4091 1762 4159 quia
1790 4090 1877 4144 ille
1909 4089 1939 4141 h
1960 4104 2082 4143 ere-

506 4198 640 4250 tieus
662 4235 678 4260 ,
707 4194 804 4247 iste
831 4205 1032 4260 magus.
1062 4185 1211 4253 Quod
1240 4185 1282 4239 si
1317 4184 1428 4253 ipsa
1468 4180 1656 4235 divisio
1681 4221 1696 4246 ,
1728 4182 1845 4249 qttia
1877 4178 2085 4233 violata:

504 4283 777 4339 cltaritatis
809 4279 1162 4335 certissimum
1202 4274 1450 4330 indicium
1477 4281 1558 4327 est
1580 4313 1595 4335 ,
1624 4272 1836 4341 gravius
1864 4270 2086 4323 habetur

507 4376 701 4429 malum
726 4415 741 4439 ,
767 4371 999 4427 concedo
1030 4370 1097 4422 ita
1127 4382 1266 4422 esse.
1294 4367 1397 4421 Sed
1427 4364 1573 4419 multi
1604 4362 1796 4417 amissa
1827 4361 2086 4437 cltaritate

508 4475 783 4538 propterea
810 4479 911 4517 nou
940 4469 1138 4516 exeunt
1164 4460 1324 4522 foras,
1355 4457 1474 4528 quia
1504 4454 1845 4511 smcularibus
1875 4442 2083 4508 emolu-

510 4558 698 4613 mentis
732 4564 1013 4619 tenentur,
1047 4560 1100 4607 et
1143 4567 1234 4605 sua
1274 4558 1604 4620 quaerentes,
1647 4562 1751 4600 non
1796 4560 1913 4616 qua:
1956 4543 2084 4598 Jesu

505 4649 700 4703 Christi
732 4646 1002 4716 (Philipp.
1035 4634 1095 4705 ll:
1122 4644 1182 4695 2|
1213 4642 1230 4712 )
1257 4684 1271 4708 ,
1308 4657 1411 4693 nou
1437 4656 1466 4693 a
1492 4638 1686 4693 Christi
1718 4640 1918 4689 unitate
1942 4677 1956 4701 ,
1987 4635 2081 4689 sed

506 4757 533 4792 a
563 4741 672 4793 suis
696 4736 988 4792 commodis
1015 4736 1198 4789 nolunt
1226 4733 1492 4788 recedere.
1524 4730 1898 4793 Undedictutn
1923 4738 1999 4781 est
2030 4729 2082 4783 itt

505 4829 659 4884 laude
688 4828 994 4893 charitatis,
1050 4825 1169 4879 Non
1212 4824 1389 4894 quazrit
1436 4838 1549 4892 qtttB
1589 4838 1681 4896 sua
1722 4832 1836 4875 sunt
1869 4818 2080 4890 (ΙΙίζδιν.

508 4938 620 4985 xm,
654 4920 741 4991 5).

582 5011 669 5066 16.
708 5009 856 5065 Nunc
876 5024 1000 5079 ergo
1021 5007 1290 5079 qua-ritur,
1305 5002 1568 5073 quomodo
1585 5009 1827 5071 p-tteran'.
1843 4998 2085 5053 homines

507 5119 573 5156 ex
602 5111 748 5172 parte
775 5100 989 5163 diaboli,
1021 5097 1283 5167 pertinere
1312 5094 1375 5149 ad
1408 5093 1723 5157 Ecclesium,
1754 5107 1857 5143 non
1889 5089 2086 5142 haben-

508 5205 612 5247 tem
633 5191 889 5245 maculam
915 5184 1003 5244 θυι
1026 5203 1225 5257 rUgam,
1251 5195 1339 5257 ant
1360 5184 1555 5255 aliquid
1582 5181 1839 5250 ejusmodi
1866 5178 2083 5245 (Ep/tes.

513 5302 562 5350 v,
590 5286 692 5354 9.7)
722 5281 813 5355 (η),
846 5283 912 5337 de
938 5299 1037 5351 qua
1066 5283 1223 5336 etiam
1250 5280 1449 5353 dictum
1478 5284 1579 5339 est,
1611 5273 1726 5328 Una
1756 5284 1827 5326 est
1858 5270 2085 5324 columba

508 5373 617 5451 mea
646 5362 826 5451 (Cant.
856 5374 1045 5443 νι,,8).
1069 5371 1217 5438 Quod
1249 5371 1290 5423 si
1324 5384 1427 5423 non
1459 5373 1712 5436 possunt,
1748 5361 2082 5415 tttanifestum

508 5451 587 5520 est
614 5482 731 5533 eam
759 5444 896 5519 inter
923 5448 1124 5529 alienos
1153 5477 1383 5532 gemere,
1413 5468 1466 5512 et
1489 5457 1804 5511 intrinsecus
1835 5449 2085 5505 insidian-

508 5565 621 5620 tes,
662 5540 715 5610 ct
756 5556 1084 5629 extrinsecus
1126 5553 1468 5623 oblatrantes.
1516 5547 1671 5623 Tales
1712 5553 1887 5615 tamen
1926 5541 2083 5617 etiam

514 5647 654 5701 intus
679 5657 732 5701 et
756 5622 1017 5719 accipiunt
1055 5622 1377 5716 Baptismum
1402 5687 1416 5711 ,
1447 5652 1500 5698 et
1530 5622 1725 5695 habent
1749 5679 1763 5705 ,
1791 5644 1843 5690 et
1873 5631 2085 5697 tradunt

566 5776 641 5837 (ιι)
666 5783 699 5825 ιι
719 5784 944 5839 Retract,
962 5794 1065 5843 cap.
1086 5779 1159 5828 l8.

1227 345 1315 401 DE
1359 339 1697 398 mmsno
1734 336 2006 395 δοκι-ιιι
2050 316 2498 401 posuistis,
2538 332 2597 390 s.
2640 329 3007 391 AUGUSTINI

3657 332 3757 386 1M

2173 456 2413 503 sanctum
2446 463 2542 517 per
2570 462 2627 501 se
2654 448 2847 516 ipsum,
2875 460 2973 499 nec
3000 444 3105 499 ulla
3134 459 3197 498 ex
3225 451 3374 514 parte
3403 444 3611 499 illorum
3640 460 3757 498 tna-
3846 423 3851 426 I

2174 539 2412 608 lignitate
2438 538 2698 601 violatur,
2734 538 2785 591 in
2813 551 2912 604 qua
2953 536 3005 590 in
3052 536 3209 589 finem
3239 550 3407 603 usque
3448 534 3755 607 perdurant.

2173 629 2430 712 Quocirca
2466 641 2573 683 nos
2605 629 2744 684 idem
2791 629 2975 682 beatus
3014 627 3313 697 Cyprianus
3357 626 3547 695 docet,
3581 643 3676 697 per
3701 643 3761 683 se

2172 718 2347 789 ipsum
2369 718 2812 801 considerandum
2840 734 2958 774 esse
2980 719 3304 787 Baptismum
3330 720 3505 774 verbis
3530 735 3759 790 evange-

2177 814 2290 867 licis
2314 854 2327 877 ,
2359 814 2495 867 sicut
2535 813 2747 881 accepit
2782 804 3017 866 Ecclesia
3041 852 3055 878 ,
3082 812 3451 866 consecratum
3471 854 3486 877 ,
3518 828 3622 866 non
3661 813 3761 866 atl-

2174 904 2353 975 juncta
2377 918 2547 973 neque
2562 904 2827 974 permixta
2854 904 2957 961 ulla
2984 904 3333 972 perversitate
3354 913 3513 973 atque
3538 904 3755 968 malitia,

2178 997 2288 1049 sive
2331 989 2696 1063 accipientium
2740 994 2852 1048 sive
2894 993 3211 1069 tradentium
3264 1011 3277 1046 :
3327 990 3757 1064 quandoquidem

2180 1094 2458 1153 utrumque
2486 1099 2580 1137 nos
2608 1082 2719 1152 ipse
2748 1083 3031 1147 admonet,
3061 1092 3113 1135 et
3142 1082 3280 1137 intus
3310 1076 3472 1137 fuisse
3500 1084 3757 1152 quosdam

2178 1189 2284 1229 ιιοιι
2316 1184 2589 1247 servantes
2625 1174 2935 1228 benevolum
2977 1173 3288 1228 eharitatem
3314 1214 3328 1237 ,
3361 1176 3453 1229 sed
3488 1177 3538 1228 in
3568 1177 3759 1232 invidia

2179 1276 2234 1323 et
2266 1257 2521 1321 malevola
2558 1266 2894 1320 diSsensionc
2932 1275 3173 1320 versatos
3198 1309 3210 1329 ,
3250 1266 3317 1320 dc
3346 1268 3536 1335 quibus
3569 1268 3760 1324 Paulus

2180 1361 2449 1429 apostolus
2480 1360 2686 1414 locutus
2713 1368 2828 1421 est;
2861 1368 2914 1412 et
2939 1373 3004 1413 ex
3041 1366 3208 1427 partee
3234 1358 3446 1413 diaboli
3473 1352 3590 1414 che
3623 1361 3756 1413 invi-

2180 1450 2298 1514 dos,
2330 1451 2467 1503 sicut
2496 1451 2546 1502 itt
2577 1450 2794 1519 epistola
2824 1465 2981 1518 quam
3009 1449 3077 1508 de
3107 1449 3311 1526 zelo‘et
3336 1450 3500 1505 livore
3526 1453 3756 1521 scripsit,

2181 1542 2511 1611 apertissima
2540 1556 2668 1595 voce
2698 1550 2940 1595 testatur.
2967 1540 3322 1608 Quamobrem
3347 1583 3359 1603 .
3387 1559 3506 1596 cum
3535 1547 3757 1599 manife-

2182 1643 2321 1687 Stttm
2349 1632 2418 1686 sit
2443 1633 2739 1701 tieri'posse
2765 1633 2892 1685 utin
2922 1633 3001 1686 eis
3028 1633 3114 1701 qui
3140 1642 3264 1685 sunt
3285 1649 3347 1685 ex
3373 1644 3519 1703 parte
3541 1635 3756 1694 diaboli.

2181 1733 2423 1776 sanctum
2457 1733 2631 1777 tamen
2657 1724 2727 1778 sit
2753 1722 3150 1777 Saeramctnnm
3179 1724 3374 1778 Christi
3401 1766 3415 1789 ,
3446 1741 3548 1779 non
3577 1726 3639 1779 ad
3669 1744 3758 1781 sa—

2183 1814 2346 1867 lutem
2369 1854 2383 1877 ,
2411 1813 2505 1867 sed
2546 1815 2609 1867 ad
2650 1814 2905 1883 judicium
2943 1829 3125 1867 eorum
3153 1855 3166 1877 ,
3209 1829 3311 1868 non
3362 1806 3530 1870 solum
3562 1819 3604 1871 si
3642 1828 3761 1886 past

2181 1915 2454 1979 acceptum
2484 1904 2806 1978 Baptisth
2839 1913 3226 1971 pervertantur,
3258 1905 3349 1958 sed
3377 1907 3533 1959 etiam
3562 1908 3604 1960 si
3628 1909 3762 1963 tales

2182 1993 2464 2062 accipiunt,
2491 1996 2627 2048 sicut
2654 1986 2794 2048 idem
2824 1993 3117 2065 Cyprianus
3142 1996 3389 2059 ostendit,
3420 1999 3615 2050 surculo
3637 2015 3759 2051 ver-

2185 2084 2266 2139 bis
2288 2086 2414 2139 solis
2442 2095 2496 2140 et
2527 2100 2629 2137 non
2654 2085 2805 2138 factis
2829 2072 3191 2139 renuntiantes
3217 2078 3408 2153 (Epist.
3444 2087 3464 2140 -Ι
3486 2088 3529 2147 l,
3559 2089 3627 2140 ad
3652 2091 3764 2142 Cic-

2183 2173 2383 2245 ricos);
2419 2192 2516 2230 nec
2544 2176 2661 2230 ideo
2690 2176 2735 2229 si
2763 2176 2985 2230 correcti
3018 2184 3197 2244 postea
3227 2174 3438 2242 fuerint,
3470 2178 3592 2232 illud
3620 2180 3761 2245 quod

2183 2256 2417 2337 perversi
2462 2274 2813 2335 acceperant,
2854 2265 3149 2325 iterandum
3189 2263 3271 2319 est
3300 2282 3314 2319 :
3343 2275 3594 2335 quantum
3621 2269 3764 2323 arbi-

2182 2366 2296 2410 tror
2320 2398 2334 2421 ,
2362 2357 2471 2427 jam
2506 2357 2674 2411 claret
2700 2368 2755 2409 et
2794 2356 2991 2425 liquet,
3025 2353 3077 2409 in
3117 2356 3211 2409 ista
3240 2356 3536 2426 qumdoue
3561 2359 3628 2413 de
3657 2359 3763 2414 Ba-

2185 2450 2378 2518 ptismo
2412 2464 2516 2529 non
2545 2463 2664 2503 esse
2688 2448 3028 2523 cogitandum
3059 2449 3175 2517 quis
3202 2447 3295 2502 det
3315 2489 3329 2511 ,
3361 2450 3453 2504 sed
3482 2450 3603 2519 qu’d
3631 2450 3719 2505 det
3746 2468 3762 2514 ;

2185 2548 2271 2593 aut
2292 2538 2658 2619 qulsraceipiat
2684 2539 2826 2607 ,.sed
2852 2535 2981 2609 quid
3008 2540 3260 2608 accipiat;
3290 2547 3380 2593 aut
3408 2542 3527 2609 quis
3548 2541 3763 2607 habeat,

2184 2631 2278 2686 sed
2309 2631 2435 2699 quid
2476 2630 2686 2685 habent.
2715 2631 2769 2685 Si
2810 2628 2952 2685 enini
2983 2630 3224 2685 homines
3248 2646 3312 2685 ex
3347 2640 3496 2700 parte
3523 2632 3716 2688 diaboli
3744 2675 3763 2698 ,

2186 2735 2237 2799 et
2264 2724 2383 2807 ideo
2409 2737 2735 2793 nequaquam
2758 2722 2827 2776 ad
2858 2723 3154 2778 columbam
3182 2722 3391 2778 unicam
3414 2724 3763 2791 pertinentes.

2187 2812 2409 2886 possunt
2437 2826 2609 2870 tamen
2651 2814 2891 2884 accipere
2926 2824 2985 2869 et
3031 2815 3227 2870 habere
3269 2824 3322 2869 et
3352 2816 3477 2869 dare
3502 2815 3765 2883 Baptisnti

2182 2907 2519 2961 sanctitatem
2539 2948 2554 2971 ,
2588 2908 2737 2961 nullo
2764 2906 2923 2961 modo
2965 2922 3059 2961 sua
3105 2907 3449 2975 perversitate
3475 2906 3723 2960 violatam
3748 2948 3764 2970 ,

2188 3000 2321 3053 sicut
2346 3013 2413 3052 ex
2445 2999 2609 3067 ipsius
2637 2996 2884 3068 Cypriani
2918 2997 3113 3051 litteris
3154 2998 3537 3062 admonemur;
3580 2998 3769 3067 utquid

2186 3092 2466 3146 tribuimus
2511 3090 2775 3144 haereticis
2818 3089 3037 3144 aliena?
3083 3090 3266 3158 utquid
3313 3090 3535 3144 dicimus
3579 3105 3770 3144 eorum

2185 3196 2307 3236 esse
2334 3181 2473 3250 quod
2502 3181 2697 3235 Christi
2724 3189 2838 3245 est;
2881 3196 2943 3233 ac
2975 3196 3078 3233 non
3106 3183 3281 3250 potius
3306 3181 3359 3233 in
3392 3182 3471 3235 eis
3512 3190 3567 3235 et
3596 3182 3775 3250 Impe-

2186 3277 2379 3326 ratoris
2402 3274 2570 3326 nostri
2592 3274 2742 3343 signa
2771 3273 3161 3341 mgnuscitnus,
3187 3281 3243 3326 et
3267 3272 3600 3327 desertorum
3628 3271 3771 3325 facta

2187 3364 2568 3419 emeudamns?
2592 3365 2923 3433 Quapropter
2944 3364 3084 3417 aliud
3111 3358 3449 3433 estquidem,
3480 3364 3616 3418 sicut
3639 3364 3777 3418 dicit

2188 3456 2720 3539 nnetus‘Cypriattus
2744 3497 2758 3518 ,
2788 3458 2869 3508 cos
2909 3455 2993 3523 qui
3022 3456 3156 3508 intus
3186 3456 3237 3507 in
3279 3455 3507 3508 Ecclesia
3537 3466 3651 3509 sunt
3670 3497 3683 3517 ,
3712 3456 3779 3510 in

2189 3550 2386 3602 nomine
2407 3548 2595 3603 Christi
2623 3549 2791 3617 loqui;
2817 3546 2961 3598 aliud
2989 3562 3071 3599 cos
3097 3547 3183 3611 qui
3212 3546 3336 3615 [oris
3361 3555 3494 3610 suit,
3526 3557 3572 3598 et
3592 3556 3781 3600 contra

2192 3628 2469 3706 Ecclesium
2493 3641 2684 3710 faciunt
2702 3681 2723 3711 η
2747 3640 2798 3691 in
2820 3638 3022 3691 notitiae
3060 3638 3249 3691 Christi
3273 3636 3529 3701 baptizare
3559 3636 3579 3709 (
3601 3638 3778 3707 Episl.

2189 3734 2275 3792 75.
2300 3732 2365 3784 ad
2385 3726 2747 3799 Jubaiamtm}.
2772 3728 2874 3782 Sed
2899 3736 2951 3781 et
2972 3728 3119 3781 multi
3141 3728 3230 3796 qui
3257 3728 3395 3779 intus
3415 3736 3557 3792 sunt,
3577 3736 3778 3783 contra

2191 3824 2478 3879 licclesiam
2526 3821 2722 3875 facitutt
2764 3820 2899 3874 male
2936 3818 3198 3883 vivendo,
3230 3826 3285 3890 et
3325 3817 3378 3870 in
3418 3831 3566 3870 suam
3605 3818 3780 3872 vitam

2189 3920 2428 3972 inlirmas
2471 3914 2677 3967 animas
2722 3910 3079 3975 traducendo;
3128 3905 3181 3963 et
3223 3892 3461 3962 nonnulli
3512 3909 3597 3978 qui
3640 3908 3780 3963 foris

2192 4017 2333 4065 sunt.
2369 4006 2645 4084 inChristi
2687 4004 2903 4069 nomine
2938 3984 3257 4071 loquuntur,
3291 4015 3389 4055 nec
3416 4001 3621 4069 cperari
3651 4016 3782 4069 qua:

2188 4098 2382 4161 Christi
2403 4083 2547 4159 sunt,
2570 4094 2663 4148 sed
2689 4083 2818 4147 foris
2841 4106 2961 4148 esse
2987 4085 3587 4162 prdlti’benturfquando
3602 4106 3693 4144 eos
3710 4101 3781 4145 ut

2189 4196 2445 4249 sanentur
2466 4186 2545 4240 vel
2568 4184 2885 4253 corripimus
2904 4224 2918 4249 ,
2944 4182 3026 4236 vel
3049 4182 3319 4253 arguimns
3338 4220 3351 4246 ,
3371 4181 3455 4235 vel
3472 4176 3774 4234 hortamur.

2189 4279 2318 4332 Nam
2336 4286 2390 4331 et
2406 4277 2495 4331 ille
2512 4272 2636 4330 foris
2653 4283 2786 4340 erat,
2808 4274 3029 4343 quicum
3050 4272 3320 4351 discipulis
3335 4286 3437 4325 non
3451 4270 3775 4340 sequebatur

2188 4368 2454 4422 Christum
2479 4408 2493 4433 ,
2527 4376 2579 4419 et
2607 4368 2658 4418 in
2687 4364 2901 4437 nomine
2927 4361 3125 4416 Christi
3150 4360 3451 4430 expellebat
3477 4358 3769 4426 diBmOlliil,

2188 4459 2325 4528 quod
2350 4458 2601 4510 Dominus
2626 4470 2691 4507 ne
2713 4449 3085 4528 prohiberetur
3108 4450 3379 4504 admonuit
3398 4451 3413 4518 (
3428 4445 3555 4512 Luc.
3585 4465 3657 4512 ιχ,
3676 4450 3772 4514 49,

2188 4548 2291 4619 50)
2327 4565 2339 4600 :
2371 4546 2611 4615 quamvis
2641 4545 2821 4612 utique
2860 4543 2911 4597 in
2951 4556 3057 4611 quo
3103 4542 3311 4594 saucius
3354 4549 3468 4594 erat
3504 4552 3777 4595 curandus

2188 4647 2330 4692 esset
2350 4637 2452 4689 illis
2483 4634 2654 4688 verbis
2689 4632 2915 4694 Domini,
2946 4630 3041 4695 ubi
3068 4631 3161 4697 ait,
3196 4630 3298 4695 Qui
3326 4639 3525 4706 nonest
3553 4634 3771 4696 mecum,

2187 4729 2452 4801 adversum
2478 4744 2558 4779 me
2583 4736 2691 4789 est;
2733 4734 2777 4777 et
2824 4725 2910 4794 qui
2954 4739 3145 4776 mecum
3190 4724 3289 4774 non
3319 4722 3530 4791 colligit,
3576 4730 3775 4791 spargit

2190 4810 2400 4891 (Matth.
2431 4834 2523 4889 xtl.
2552 4818 2676 4888 50).
2706 4816 2773 4870 Et
2803 4816 2927 4869 foris
2956 4829 3081 4882 ergo
3113 4813 3239 4866 fiunt
3270 4812 3443 4885 aliqua
3474 4812 3525 4864 in
3554 4812 3775 4885 nomine

2189 4909 2400 4974 Christi,
2433 4922 2549 4961 non.
2568 4900 2752 4959 contra
2774 4903 3106 4967 ‘Ecelesiam;
3132 4911 3185 4956 et
3214 4901 3356 4955 intus
3378 4882 3441 4955 ea
3475 4882 3623 4971 parte
3648 4901 3739 4953 dia
3758 4930 3772 4941 -

2190 5002 2293 5056 buli
2322 5010 2503 5054 contra
2535 4999 2849 5052 Ecclesium.

2261 5112 2483 5168 CAPUT
2523 5112 2614 5166 Xl.
2640 5128 2709 5151 —'—
2738 5108 2820 5165 l7.
2860 5108 3032 5176 Quid,
3068 5107 3202 5177 quod
3237 5108 3395 5161 etiam
3425 5107 3617 5161 mirum
3648 5116 3725 5160 est
3753 5149 3770 5172 ,

2191 5206 2328 5274 quod
2357 5205 2595 5258 accidere
2626 5217 2782 5271 posse
2826 5202 3028 5254 invenit
3070 5201 3157 5269 qui
3190 5199 3469 5268 diligenter
3500 5181 3726 5257 advcriit
3753 5240 3773 5266 ,

2190 5296 2445 5366 quosdam
2474 5294 2618 5350 salva
2659 5293 2915 5365 charitatc
2943 5292 3134 5348 docere
3165 5291 3362 5360 aliquid
3394 5276 3599 5366 inutile,
3633 5292 3773 5346 Sicut

2192 5362 2381 5443 petrus
2404 5386 2599 5441 Gentes
2625 5362 2844 5453 cogebat
2864 5383 3133 5460 jttdaiz‘are
3163 5380 3367 5452 (Calai.
3399 5397 3453 5443 ιι,
3489 5362 3551 5449 id
3570 5382 3609 5452 ),
3634 5383 3771 5436 sicut

2193 5479 2304 5547 ipse
2328 5475 2626 5546 Cyprianus
2660 5474 2936 5527 Inereticos
2964 5472 3137 5526 denuo
3169 5472 3418 5539 baptizari
3444 5487 3456 5525 :
3485 5472 3625 5529 tinde
3652 5473 3775 5526 tali-

2193 5572 2291 5625 bus
2318 5569 2470 5623 bonis
2493 5567 2747 5621 membris
2778 5568 2828 5620 in
2856 5565 3115 5621 eharitate
3141 5565 3406 5627 radicatis,
3433 5573 3487 5618 et
3513 5565 3563 5617 iu
3592 5566 3773 5634 aliquo

2194 5680 2296 5739 non
2320 5670 2464 5717 recte
2485 5660 2899 5728 ingredientibus
2920 5658 3043 5713 dicit
3066 5657 3353 5726 Apostolus
3371 5671 3386 5709 :
3402 5657 3460 5710 Si
3484 5658 3605 5728 quid
3624 5659 3774 5729 aliter

2196 5736 2389 5824 sopitis,
2414 5753 2465 5805 id
2486 5767 2677 5821 quoque
2696 5751 2827 5804 vobis
2852 5749 2985 5803 Deus
3013 5748 3242 5803 revrlalrit
3267 5746 3521 5818 (Philipp.
3545 5762 3621 5814 ιιι,
3647 5736 3771 5809 18ὶὲ
